4016 5916
460 384 576 435 ⁴00

460 516 581 561 tum
622 505 935 580 ignorantia
977 504 1183 557 exstitit
1220 512 1339 556 tum
1381 511 1632 556 veterum
1671 500 2011 572 scriptorum

464 597 785 651 auctoritaS.
812 594 1032 648 Etenim
1052 589 1327 646 Strabone
1354 588 1468 663 (11,
1491 606 1551 661 p.
1585 607 1689 657 703
1712 605 1766 644 ν.
1795 587 1864 644 fr.
1898 586 2007 659 30)

455 683 668 758 judice,
698 679 940 737 Indicon
967 688 1222 734 auctores
1246 675 1491 731 universi
1529 685 1660 729 sunt
1682 668 2017 751 ψευδολόγοι,

462 768 576 828 καθ’
596 764 885 845 ὑπερὸολὴν
906 763 958 821 δὲ
975 758 1261 842 Δηΐμαχος·
1290 760 1356 819 τὰ
1380 760 1433 818 δὲ
1453 758 1666 840 δεύτερα
1685 758 1824 836 λέγει
1837 761 2017 833 Μεγα-

463 853 660 925 σθένης.
679 854 951 927 Idemque
967 854 1157 927 paullo
1168 863 1295 926 post
1311 870 1324 905 τ
1342 845 1697 928 Διαφερόντως
1719 846 1761 904 δ’
1779 851 2017 903 ἀπιστεῖν

351 1000 364 1010 ,
465 942 601 1012 ἄξιον
622 938 884 1020 Δηῖμᾶχῳ
906 963 962 997 τε
986 937 1075 997 καὶ
1095 934 1439 1014 Μεγασθένει.
1455 942 1863 1013 Argumentum
1879 953 2018 991 vero

462 1035 745 1091 sententiae
772 1034 936 1106 ponit
961 1032 1072 1086 hoc
1100 1051 1113 1085 ε
1140 1018 1301 1088 Οὗτοι
1320 1024 1420 1107 γάρ
1446 1027 1592 1097 εἰσιν,
1621 1028 1820 1099 inquit,
1835 1026 1881 1081 ol
1906 1021 2021 1086 τοὺς

463 1120 798 1184 ἐνωτοκοίτας
822 1118 909 1177 καὶ
932 1115 1047 1183 τοὺς
1072 1115 1326 1192 ἀστόμους
1346 1113 1435 1171 καὶ
1456 1113 1663 1192 ἄρρινας
1680 1115 2019 1190 ἱστοροῦντες.

465 1199 681 1283 Quibus
707 1210 812 1264 alia
841 1207 1089 1280 ejusdem
1112 1207 1330 1282 generis
1358 1204 1601 1275 subjicit.
1643 1204 1839 1275 Neque
1863 1202 2025 1255 aliter

460 1300 629 1355 sensit
667 1298 1058 1352 Eratosthenes
1093 1293 1217 1372 (ap.
1271 1291 1538 1347 Strabon.
1588 1292 1628 1346 l.
1667 1290 1707 1346 l.
1726 1287 1769 1363 ).
1815 1288 2024 1343 Plinius

466 1405 695 1459 quoque
720 1383 824 1460 (vl
842 1425 859 1454 ,
890 1402 986 1453 21,
1023 1383 1054 1437 3
1072 1402 1088 1452 ;
1109 1402 1166 1437 v.
1189 1380 1381 1455 supra)
1414 1379 1516 1433 ubi
1536 1376 1947 1451 megasthenem
1969 1385 2025 1429 et

468 1475 803 1548 Dionysium
844 1471 1098 1526 nominat
1138 1480 1421 1536 auctores,
1468 1468 1564 1539 qui
1604 1467 1746 1519 vires
1772 1464 2024 1539 gentium

470 1563 791 1618 Indicarum
813 1558 1188 1634 prodiderint,
1214 1555 1371 1611 addit
1398 1571 1412 1613 ε
1434 1555 1561 1610 Non
1581 1566 1766 1608 tamen
1795 1562 1877 1607 est
1896 1551 2023 1605 dili·

460 1659 672 1728 gencioe
693 1653 852 1717 locuS,
883 1650 1024 1704 adeo
1042 1648 1256 1701 diversa
1274 1658 1332 1700 et
1342 1645 1698 1700 incredibilia
1716 1643 2022 1697 traduntur.

474 1745 543 1794 At
581 1739 782 1810 judicii
836 1738 981 1791 hanc
1030 1735 1379 1789 severitatem
1421 1748 1764 1807 magnopere
1815 1740 2024 1802 tempe·

470 1836 708 1896 rassent,
752 1827 795 1880 si
843 1825 1086 1878 licuisset
1146 1823 1275 1895 ipsis
1338 1821 1594 1875 historias
1661 1818 2029 1893 Megasthenis

472 1933 799 1988 comparare
820 1932 949 1968 cum
966 1913 1051 1981 iis,
1076 1929 1197 1983 quae
1218 1911 1276 1963 in
1296 1910 1550 1982 ipsorum
1570 1907 1846 1962 Indorum
1873 1906 2029 1960 libris

470 2004 694 2058 vetustis
722 2001 792 2056 de
814 1998 1011 2055 iisdem
1038 1997 1206 2053 rebus
1226 2007 1546 2051 narrantur.
1572 1994 1715 2050 Inde
1738 1994 1888 2049 enim
1910 1993 2029 2064 jam

468 2100 623 2164 patet
665 2089 736 2145 de
772 2088 1030 2164 gentibus
1074 2086 1191 2141 istis
1234 2094 1331 2139 aut
1365 2101 1495 2138 vere
1538 2082 1802 2138 fabulosis
1825 2092 1922 2136 aut
1954 2083 2029 2135 ita

468 2190 623 2233 certe
662 2177 936 2233 Indorum
978 2174 1113 2230 odio
1154 2172 1247 2227 vel
1289 2170 1539 2226 ludibrio
1582 2170 1919 2244 deturpatis,
1966 2179 2032 2222 ut

466 2286 503 2320 a
533 2265 796 2321 fabulosis
824 2282 944 2318 non
967 2261 1197 2317 differre
1233 2259 1398 2314 nobis
1424 2257 1724 2312 videantur
1759 2254 1821 2332 (¹¹)
1845 2295 1861 2325 ,
1888 2256 2030 2310 nihil

537 2458 600 2517 (*)
620 2451 1015 2503 Schwanbeckius
1034 2465 1083 2514 p.
1107 2456 1164 2498 ot
1190 2468 1204 2498 ε
1231 2467 1256 2492 «ι
1279 2445 1763 2499 commemorandum
1784 2448 1874 2508 est,
1897 2445 2034 2495 Arios

474 2526 621 2576 ludos
655 2525 716 2573 ab
748 2520 1080 2584 antiquiaeimo
1109 2522 1327 2580 tempore
1360 2531 1388 2566 a
1416 2516 1636 2580 gentibus
1668 2514 1898 2577 indigenis
1928 2516 2032 2565 bar·

472 2596 697 2657 barisque
727 2593 1061 2642 circumsessos
1092 2600 1223 2646 esse,
1247 2599 1276 2635 a
1307 2585 1482 2648 quibus
1513 2598 1662 2645 quum
1698 2597 1896 2647 corpore
1925 2587 2033 2633 tum

473 2668 634 2716 animo
675 2665 821 2725 atque
861 2658 1020 2708 indole
1058 2656 1405 2719 discrepabant.
1470 2659 1628 2714 Quam
1667 2654 2034 2716 discrepantiam

472 2735 745 2785 acutissime
765 2731 833 2779 illi
866 2733 915 2778 ct
933 2729 1250 2791 perceperunt
1277 2727 1326 2775 et
1357 2727 1706 2788 expresserunt.
1769 2727 1890 2774 Nam
1908 2725 2035 2774 sicut

472 2804 717 2867 republica
739 2799 968 2851 Indorum
999 2800 1048 2847 et
1078 2810 1163 2859 per
1196 2796 1321 2858 ipsos
1346 2796 1460 2846 deos
1480 2796 1669 2845 barbari
1702 2794 2031 2858 repudiantur,

472 2877 538 2926 ita
557 2872 800 2922 communi
830 2868 1056 2918 indorum
1079 2865 1355 2928 cogitationi
1378 2870 1566 2916 naturae
1598 2870 1646 2915 et
1680 2866 1854 2916 indolis
1871 2866 2033 2916 humi·

474 2945 604 2995 lioris
630 2956 730 2993 esse
749 2943 797 2990 et
814 2937 1022 2989 bestialis
1045 2937 1205 3000 potius
1231 2949 1379 2999 quam
1401 2936 1625 2987 humanm
1659 2936 1900 2989 videntur.
1925 2938 2036 2989 Ani-

476 3026 668 3063 morum
693 3010 941 3060 diversitas
957 3008 1197 3058 difficilius
1218 3007 1516 3069 perspicitur,
1541 3007 1624 3056 sed
1651 3020 1905 3070 corporum
1934 3008 2033 3057 dis-

466 3081 832 3133 similitudinem
857 3080 1031 3127 acriter
1051 3075 1153 3125 lndi
1171 3076 1648 3136 animadverterunt,
1677 3077 1726 3126 in
1760 3079 1917 3140 majus
1948 3093 2032 3141 pe·

473 3156 648 3214 jusque
666 3150 967 3209 extulerunt,
988 3151 1037 3196 et
1062 3147 1372 3196 simulacrum
1401 3147 1592 3196 illarum
1621 3148 1835 3210 gentium
1860 3152 2037 3211 praeter

473 3222 674 3271 modum
709 3219 922 3269 deforme
956 3217 1242 3279 cogitatione
1275 3217 1365 3267 sibi
1401 3217 1659 3268 finxerunt.
1724 3221 1832 3275 Quo
1869 3219 2034 3269 funda·

478 3294 640 3340 mento
658 3329 671 3352 ,
693 3290 823 3353 quod
851 3290 977 3339 fama
992 3287 1293 3347 firmaverat,
1322 3288 1458 3350 potiti
1482 3291 1636 3351 poetae
1660 3288 1811 3351 ipsam
1834 3288 2038 3351 superla-

479 3363 661 3411 tionem
695 3361 872 3410 iterum
909 3360 1149 3409 auxerunt
1180 3357 1449 3420 fabulisque
1483 3359 1856 3407 exornaverunt.
1920 3357 2037 3407 Aliae

474 3435 639 3494 gentes
661 3444 827 3494 eaeque
851 3430 1024 3480 lndicae
1037 3466 1051 3491 ,
1071 3441 1223 3492 quum
1246 3428 1332 3477 aut
1351 3428 1666 3490 permixtione
1688 3428 1898 3477 tribuum
1916 3430 2037 3478 orta*-

473 3505 649 3563 esscnt,
666 3506 750 3552 aut
764 3500 950 3551 Indicos
968 3512 1126 3549 mores
1138 3502 1187 3548 et
1203 3498 1443 3561 proecipue
1461 3497 1670 3547 tribuum
1689 3498 2037 3548 institutionem

477 3588 571 3621 non
610 3573 724 3622 satis
743 3575 1076 3633 sequerentur,
1108 3582 1364 3618 commune
1392 3568 1616 3617 ludorum
1644 3568 1808 3618 odium
1839 3569 1905 3619 ita
1931 3582 2037 3619 sus-

477 3639 735 3697 ceperunt,
764 3637 817 3683 ut
845 3633 1011 3682 eodem
1047 3633 1153 3682 loco
1188 3644 1300 3680 cum
1333 3630 1550 3679 barbaris
1574 3631 1876 3691 haberentur,
1908 3634 1956 3680 et
1977 3632 2039 3680 ad

468 3705 677 3755 similem
700 3704 1050 3753 deformitatem
1071 3702 1468 3751 describerentur.
1494 3703 1562 3749 lta
1585 3700 1634 3748 in
1652 3699 1797 3763 epicis
1813 3701 2037 3750 carmini·

479 3777 570 3825 bus
590 3773 772 3824 Indiam
802 3776 950 3823 totam
986 3772 1346 3823 Brahmanicam
1373 3785 1402 3819 a
1433 3772 1653 3833 gentibus
1676 3772 2036 3821 circumsessam

480 3846 694 3895 videmus
714 3857 811 3894 non
842 3844 966 3893 veris
991 3843 1075 3893 sed
1102 3855 1159 3892 eo
1176 3840 1322 3891 modo
1342 3841 1489 3900 fictis,
1512 3842 1567 3890 ut
1596 3840 1836 3891 interdum
1862 3841 2038 3891 fabulae

478 3930 618 3965 causa
639 3915 836 3978 perspici
854 3918 953 3976 jam
974 3926 1068 3962 non
1088 3912 1250 3975 possit.

541 4007 564 4029 κ
592 3989 787 4036 Formas
809 3985 963 4034 multo
982 3986 1130 4046 magis
1148 3985 1291 4032 miras
1317 3982 1552 4042 invenieS,
1598 3982 1636 4033 si
1655 3981 1768 4031 deos
1791 3982 2036 4044 ludorum,

479 4058 775 4119 deorumque
816 4056 1073 4104 comitatus
1115 4053 1379 4115 respexeris
1419 4072 1431 4102 ι
1473 4053 1594 4102 inter
1635 4066 1757 4114 quos
1801 4054 2041 4116 praecipue

482 4129 696 4178 (ἀυένω
724 4130 771 4176 et
803 4124 1072 4183 Cdrticeiae
1092 4124 1348 4173 comitatus
1364 4123 1450 4172 tali
1472 4122 1617 4172 modo
1639 4124 1923 4173 describitur
1942 4124 2037 4185 (cf.

480 4198 666 4248 nabab.
692 4200 784 4256 lx,
812 4201 932 4245 2558
965 4208 1064 4257 seq.
1085 4196 1130 4255 ),
1155 4197 1209 4242 ut
1228 4193 1342 4242 nibil
1375 4193 1499 4254 fere,
1522 4193 1652 4255 quod
1688 4194 1898 4242 bumana
1917 4194 2037 4242 ima·

476 4270 716 4331 ginatione
736 4267 846 4329 fingi
868 4265 1041 4328 possit,
1067 4266 1296 4313 omissum
1319 4263 1556 4314 videatur.
1591 4269 1725 4321 Quos
1742 4266 1906 4313 tamen
1934 4264 2040 4313 indi

477 4354 506 4387 a
526 4337 708 4401 populis
732 4336 959 4387 fabulosis
971 4334 1072 4396 jam
1090 4335 1206 4383 satis
1220 4333 1496 4395 disjungunt
1520 4353 1531 4382 ε
1554 4334 1730 4396 quippe
1748 4348 1868 4395 quos
1887 4348 2042 4397 neque

478 4410 526 4457 in
564 4408 679 4458 orbe
718 4410 953 4459 terrarum
992 4405 1156 4454 indico
1192 4404 1405 4453 habitare
1424 4440 1438 4463 ,
1479 4417 1634 4465 neque
1674 4404 1884 4453 limnana
1928 4418 2040 4454 cum

478 4484 616 4541 gente
634 4490 942 4528 consuescere
961 4475 1176 4525 credunt.
1242 4477 1376 4532 Quos
1392 4474 1535 4537 igitur
1553 4474 1709 4524 Graeci
1725 4488 1835 4523 cum
1855 4476 2042 4538 populis

479 4550 628 4600 indiae
651 4563 746 4598 non
773 4548 992 4611 poterant
1023 4544 1327 4595 confundere.
1355 4563 1379 4588 ν

545 4640 568 4662 «ι
590 4618 826 4669 confundi
849 4620 1010 4666 autem
1035 4616 1219 4667 facilius
1239 4617 1458 4678 poterant
1472 4615 1632 4678 populi
1652 4628 1763 4664 cum
1786 4616 2040 4665 animanti-

478 4689 568 4738 bus
592 4688 696 4738 aliis
712 4726 726 4750 ,
747 4689 905 4738 locum
926 4686 1060 4750 quasi
1089 4685 1299 4735 medium
1328 4685 1449 4734 inter
1467 4685 1710 4734 daemones
1727 4687 1873 4747 atque
1892 4685 2041 4735 homi-

482 4771 564 4807 nes
595 4758 893 4818 tenentibuS,
922 4770 1130 4820 quorum
1153 4769 1393 4806 summam
1427 4755 1615 4818 copiam
1645 4754 1745 4804 ludi
1765 4755 1854 4804 sibi
1888 4756 2038 4805 tinxe-

482 4831 618 4878 runt.
678 4828 899 4879 Rdxasts
958 4828 1085 4878 enim
1103 4862 1119 4890 ,
1160 4826 1388 4878 Plcdk'is
1429 4826 1631 4889 aliisque
1681 4824 1847 4875 eadem
1895 4829 2042 4889 atque

482 4898 667 4959 populis
694 4896 919 4946 fabulosis
940 4897 1130 4958 propria
1152 4910 1254 4947 esse
1270 4896 1514 4957 dicuntur,
1540 4900 1587 4946 et
1598 4897 1690 4945 boc
1709 4895 1866 4945 solum
1890 4896 2039 4944 inter·

482 4970 553 5016 est
576 4968 698 5016 inter
721 4970 981 5027 utrosque,
1012 4970 1065 5014 ut
1093 4966 1258 5017 eadem
1276 5003 1291 5028 ,
1318 4980 1430 5030 quae
1455 4967 1641 5029 singula
1669 4965 1868 5015 attribui
1885 4966 2042 5015 solent

484 5037 696 5098 populiS,
718 5037 768 5084 in
800 5038 1008 5085 Raxasas
1037 5038 1086 5086 et
1120 5035 1331 5098 Picak'as
1362 5037 1515 5086 multa
1546 5038 1622 5086 vel
1661 5038 1834 5084 cuncta
1858 5036 2042 5086 soleant

485 5106 703 5153 conferri.
767 5109 818 5154 ln
846 5105 1119 5154 universum
1144 5107 1244 5154 tam
1264 5106 1367 5155 leve
1385 5109 1457 5155 est
1483 5106 1608 5155 inter
1627 5110 1856 5167 utrosque
1877 5105 2040 5155 discri-

481 5188 593 5224 men
608 5212 622 5236 ,
645 5178 697 5224 ut
718 5176 832 5225 certi
852 5177 970 5226 fines
988 5176 1275 5238 terminique
1292 5177 1414 5227 inter
1436 5177 1541 5226 illos
1562 5176 1644 5225 vix
1666 5177 1846 5238 possint
1860 5176 2034 5226 consti·

1725 369 1779 426 Μ
1786 367 1878 426 EG
1887 366 2083 425 ASTH
2093 365 2184 424 EN
2192 363 2298 425 ES.

2105 498 2513 572 Megasthenem
2539 494 2858 564 tradidisse,
2889 513 3012 567 quae
3036 512 3064 549 a
3085 493 3530 549 Brachmanibus
3544 495 3700 548 non'

2107 586 2386 659 acceperit
2423 585 2515 640 vel
2560 586 2816 657 accipere
2861 599 2979 637 non
3033 584 3304 655 potuerit.
3351 580 3566 637 Vidisse
3595 599 3672 666 ⁴se

2106 692 2356 735 monstra
2396 680 2491 735 illa
2532 679 2591 733 in
2618 677 2941 752 fragmentis
2968 678 3174 731 nostris
3212 694 3490 749 nusquam
3526 676 3676 733 dixit

2107 780 2325 836 auctor,
2358 785 2461 822 nec
2499 767 2732 821 omnino
2754 764 2973 838 uspiam
3012 763 3214 820 dixisse
3253 762 3538 837 putandus
3563 777 3670 821 ωε.

2107 858 2248 911 Nam
2273 856 2457 909 virum
2483 853 2804 908 modestum
2835 860 2892 907 et
2919 853 3230 925 simplicem
3255 870 3562 926 agnoscere
3579 853 3677 908 vi-

2111 942 2327 997 demur.
2349 943 2512 998 Certe
2540 941 2835 996 formicam
2860 956 3062 993 aurum
3091 937 3474 1008 effodientem,
3503 958 3676 1013 quam

2112 1031 2244 1086 item
2286 1030 2485 1085 fabulis
2516 1028 2718 1084 Strabo
2748 1038 2958 1084 temere
2998 1036 3251 1082 accenset
3281 1023 3368 1100 (v.
3422 1025 3494 1081 fr.
3531 1026 3674 1102 39),

2109 1109 2585 1192 videre-poteram
2618 1129 2675 1173 at
2701 1137 2819 1172 non
2848 1115 3022 1184 vidit,
3062 1113 3235 1188 idque
3263 1115 3505 1189 ingenue
3529 1116 3679 1172 sate-

2115 1218 2232 1275 tur‚
2266 1206 2457 1262 dicens
2481 1224 2536 1260 se
2566 1200 2725 1273 ἀκοὴν
2770 1200 3104 1283 etan-semem.
3138 1203 3266 1273 Quo
3309 1203 3479 1277 igitur
3506 1216 3680 1277 pacto

2115 1295 2234 1348 talis
2273 1294 2360 1347 vir
2413 1291 2618 1347 dixerit
2667 1309 2724 1346 se
2768 1288 2999 1359 vidisse,
3042 1308 3166 1362 qnae
3215 1308 3383 1344 nemo
3424 1310 3682 1364 unquam

2112 1381 2304 1440 videre
2330 1379 2552 1454 potuit?
2577 1382 2774 1452 Itaque
2802 1378 3080 1434 mendacii
3104 1378 3338 1433 crimine
3367 1379 3681 1453 Megasthe-

2113 1489 2210 1526 nes
2236 1468 2607 1525 absolvendus
2629 1479 2728 1523 cst.
2753 1468 2849 1522 Sin
2872 1468 3048 1539 ipsam
3067 1464 3455 1520 credulitatem
3477 1465 3681 1523 Graeco

2112 1557 2331 1612 homini
2364 1558 2503 1612 vitio
2528 1563 2749 1610 vertere
2777 1555 2946 1621 ausis»,
2976 1552 3143 1607 etiam
3169 1552 3313 1607 hanc
3351 1553 3607 1626 culpam,
3635 1555 3685 1609 si

2116 1662 2226 1717 qua
2258 1656 2337 1700 est
2353 1686 2368 1713 ,
2388 1643 2698 1698 attenuabit
2719 1651 2775 1697 et
2795 1641 3275 1695 Brachmanorum
3291 1681 3306 1708 ,
3334 1658 3580 1716 quorum
3608 1659 3684 1699 ex

2118 1749 2217 1786 ore
2243 1733 2444 1787 Noster
2466 1729 2780 1803 pendebat,
2812 1728 3144 1795 auctoritaS,
3186 1738 3241 1781 et
3265 1728 3572 1802 imaginum
3602 1730 3685 1784 si·

2115 1820 2643 1892 mulacrorumque‚
2676 1836 2798 1891 quae
2833 1814 2982 1870 forte
3026 1825 3405 1889 spectaverat,
3438 1816 3591 1872 fraus
3625 1827 3687 1876 et

2118 1905 2366 1976 fallacia,
2419 1916 2475 1961 et
2518 1922 2640 1978 quae
2692 1904 2882 1957 animo
2928 1900 3277 1956 inhaerebant
3328 1904 3690 1961 narrationes

2118 1994 2358 2068 Scylacis
2377 2035 2393 2062 ‚
2417 1991 2680 2061 Hecataei,
2707 1988 3022 2066 Herodoti,
3044 1990 3312 2045 comitum
3335 1990 3644 2047 Alexandri
3664 2013 3684 2063 3

2119 2157 2189 2207 tui
2221 2177 2233 2207 ε
2269 2159 2466 2207 Raxasoe
2505 2156 2661 2217 enim,
2686 2156 2774 2204 etsi
2818 2154 3111 2205 formidolosi
3135 2154 3486 2218 describuntur,
3521 2159 3688 2208 tamen

2121 2226 2318 2276 humani
2336 2240 2438 2276 esse
2459 2226 2737 2286 creduntur,
2760 2229 2808 2275 et
2831 2239 2984 2289 quum
3008 2225 3056 2274 in
3074 2228 3202 2275 terra
3227 2225 3443 2276 habitare
3465 2263 3477 2287 ,
3503 2229 3611 2277 tum
3636 2229 3688 2278 in

2121 2297 2289 2360 pugnis
2307 2296 2534 2347 ludorum
2557 2295 2786 2345 dimicare
2800 2333 2815 2357 ,
2834 2297 2902 2345 ita
2924 2299 2980 2345 ut
2997 2295 3145 2345 Indus
3160 2296 3386 2358 quilibet,
3410 2297 3528 2359 quid
3558 2298 3689 2349 inter

2120 2369 2342 2416 naturam
2362 2369 2560 2416 Raxasae
2590 2370 2738 2429 atque
2767 2366 2975 2415 bominis
3007 2365 3220 2426 intersit,
3240 2379 3366 2429 tegre
3397 2368 3544 2430 possit
3562 2366 3687 2418 deti·

2121 2436 2238 2487 nire.
2303 2436 2399 2486 Vix
2431 2437 2529 2486 ulla
2564 2435 2805 2486 invenitur
2837 2449 2913 2485 res
2952 2436 3146 2486 naxasis
3182 2436 3398 2499 propria,
3439 2450 3550 2499 quae
3586 2450 3688 2489 nou

2122 2508 2299 2570 populo
2325 2519 2521 2569 quoque
2552 2506 2697 2555 alicui
2727 2506 3031 2556 attribuatur.
3099 2507 3266 2568 ltaque
3295 2506 3482 2556 etiamsi
3505 2508 3564 2557 de
3593 2508 3693 2560 iuis

2123 2576 2250 2626 tama
2293 2575 2520 2640 quaedam
2551 2576 2613 2626 ad
2647 2581 2841 2627 Grecos
2877 2577 3172 2639 pervenisset
3204 2576 3221 2636 (
3237 2590 3347 2640 quae
3377 2577 3572 2640 quidem
3611 2591 3691 2629 res

2123 2647 2265 2696 certis
2281 2660 2378 2696 non
2397 2649 2555 2709 potest
2571 2646 2763 2709 probari
2783 2645 3131 2708 argumentis),
3156 2645 3262 2695 ideo
3279 2649 3440 2695 tamen
3463 2647 3512 2696 in
3544 2647 3689 2697 mori·

2124 2717 2214 2770 bus
2240 2716 2525 2780 populorum
2549 2716 2710 2768 ludica
2738 2717 2923 2767 ratione
2940 2715 3262 2766 describendis
3278 2715 3361 2766 vix
3382 2717 3686 2769 erravioeent.

2188 2806 2211 2830 «ι
2234 2787 2461 2837 Gentium
2501 2788 2692 2837 illarum
2718 2787 2895 2837 famam
2931 2786 2981 2836 in
3013 2785 3311 2836 occidentem
3339 2787 3465 2837 etad
3491 2790 3691 2840 Graecos

2125 2858 2278 2920 primo
2304 2858 2584 2907 translatam
2617 2871 2745 2920 esse,
2770 2871 2866 2907 non
2899 2860 2971 2907 est
3003 2856 3134 2920 quod
3170 2857 3418 2908 miremur.
3484 2857 3686 2909 Fabulae

2124 2927 2252 2979 enim
2276 2941 2388 2978 cum
2406 2927 2576 2979 ardore
2609 2927 2819 2992 quodam
2852 2929 3041 2992 poetico
3078 2927 3203 2979 fictae
3240 2929 3466 2979 eximiam
3503 2929 3690 2981 habent

2125 2998 2502 3049 increbrescendi
2532 3000 2806 3049 facultatem
2822 3034 2835 3060 ‚
2867 3002 2916 3047 et
2933 3000 3071 3047 tanto
3097 2997 3330 3060 majorem
3347 3036 3362 3061 ,
3393 3004 3574 3062 quanto
3597 3014 3690 3049 au-

2124 3069 2293 3119 dacius
2310 3072 2423 3119 sunt
2441 3069 2583 3119 fictae.
2651 3073 2736 3119 Eae
2753 3082 2947 3132 quoque
2966 3068 3142 3117 fabulae
3156 3105 3169 3128 ‚
3190 3068 3366 3132 quibus
3385 3070 3488 3118 ludi
3509 3070 3689 3120 bestias

2126 3140 2453 3202 colloquentes
2471 3139 2847 3203 descripserunt,
2872 3140 2936 3188 ita
2969 3153 3054 3201 per
3083 3142 3246 3189 totum
3280 3140 3375 3190 fere
3396 3140 3557 3190 orbem
3583 3144 3691 3190 ter·

2127 3223 2287 3259 rarum
2324 3213 2679 3272 manaverunt,
2725 3212 2781 3259 ut
2819 3208 3061 3272 quomodo
3097 3210 3192 3259 hoc
3237 3210 3412 3259 factum
3451 3210 3540 3271 sit,
3584 3225 3686 3263 non

2125 3281 2404 3331 sentiamus.
2471 3281 2586 3331 Aliae
2619 3281 2825 3341 fabulae,
2867 3283 3127 3342 antequam
3160 3280 3316 3343 ipsum
3346 3280 3488 3330 ludite
3509 3294 3690 3333 nomen

2126 3354 2296 3400 notum
2320 3353 2423 3414 est,
2452 3354 2513 3400 ad
2538 3356 2732 3402 Groecos
2763 3352 3007 3400 translatae
3039 3354 3154 3401 sunt
3191 3370 3203 3401 ε
3236 3352 3360 3401 inter
3381 3351 3511 3414 quod
3541 3366 3690 3415 genus

2126 3422 2271 3470 etiam
2292 3422 2486 3471 Bomeri
2517 3420 2739 3484 quoedam
2771 3421 2947 3471 fabuloe
2979 3421 3288 3471 numerandae
3310 3420 3554 3483 videntur,
3577 3435 3691 3484 qua

2127 3492 2319 3554 quidem
2341 3506 2415 3543 res
2434 3495 2545 3542 ante
2570 3491 2728 3541 Vedas
2746 3493 2916 3541 melius
2935 3492 3145 3553 cognitas
3168 3492 3476 3553 probabiliter
3496 3496 3690 3542 tantum

2128 3562 2327 3625 conjici,
2346 3576 2502 3624 neque
2520 3562 2662 3612 certis
2679 3562 2970 3624 argumentis
2987 3561 3300 3612 demonstrari
3321 3565 3493 3624 potest.
3515 3565 3574 3612 Et
3592 3577 3692 3625 quo

2128 3632 2318 3694 longius
2362 3632 2498 3696 epica
2548 3636 2828 3683 Gra-corum
2870 3632 3083 3681 carmina
3123 3646 3151 3680 a
3196 3632 3344 3695 prima
3388 3632 3695 3694 simplicitate

2126 3701 2335 3762 abeunt,
2374 3715 2433 3751 eo
2457 3702 2606 3764 magis
2638 3702 2822 3752 fabulas
2844 3702 2956 3752 istas
2980 3702 3184 3765 irrepere
3210 3700 3637 3751 animadvertimus
3675 3721 3689 3753 ε

2129 3774 2337 3822 multum
2360 3772 2461 3834 iam
2487 3774 2648 3823 valent
2685 3772 2814 3835 apud
2845 3772 3005 3835 epicos
3025 3771 3292 3835 posterioris
3321 3771 3476 3820 aetatis
3499 3773 3688 3832 poetas.

2129 3843 2278 3892 Valde
2296 3847 2477 3893 erraret
2505 3842 2670 3907 quiex
2695 3843 2830 3893 ludia
2853 3845 3046 3905 putaret
3071 3855 3149 3893 eas
3171 3841 3324 3890 solum
3358 3840 3542 3889 fabulas
3575 3853 3690 3890 ma-

2129 3914 2338 3973 navisse,
2365 3912 2539 3976 quibus
2562 3915 2857 3962 memoratur
2881 3913 3014 3961 ludia
3037 3931 3050 3963 ε
3070 3923 3177 3960 nam
3196 3909 3353 3959 fabula
3373 3908 3688 3973 procedente,

2128 3984 2272 4032 etiam
2301 3983 2434 4033 locus
2448 4021 2461 4044 ,
2482 3996 2626 4045 quem
2649 3982 2811 4032 fabula
2831 3984 3039 4045 tractat,
3062 3981 3178 4031 solet
3193 3978 3458 4041 procedere.
3529 3981 3693 4043 Cujus

2129 4053 2196 4102 rei
2237 4054 2331 4102 hoc
2366 4052 2429 4103 sit
2460 4054 2738 4115 exemplum
2783 4072 2795 4101 x
2839 4053 2944 4102 Indi
2977 4049 3314 4115 septentriones
3353 4062 3521 4099 versus
3557 4052 3696 4105 ultra

2132 4123 2412 4184 HimalaJam
2433 4123 2652 4173 habitare
2668 4123 2990 4186 opinabantur
3031 4125 3356 4174 Uttaracuros
3375 4118 3558 4184 [tidem
3576 4127 3697 4173 sunt

2130 4207 2242 4242 cuin
2266 4197 2522 4244 Attacorts
2549 4196 2785 4245 Amometi
2840 4208 2984 4257 supra
3009 4208 3059 4257 p.
3087 4192 3225 4257 3961,
3247 4193 3331 4255 qui
3352 4192 3434 4241 diu
3456 4192 3696 4256 beateque

2128 4263 2372 4326 viverent,
2411 4265 2590 4314 morbis
2624 4265 2846 4327 curisque
2885 4266 3143 4326 vacarent,
3186 4262 3319 4311 omni
3354 4262 3601 4325 voluptate
3643 4264 3696 4314 in

2129 4334 2447 4384 amoenissiiua
2482 4335 2670 4396 regione
2706 4334 3022 4384 abundarent.
3088 4336 3208 4392 Quoe
3233 4334 3392 4383 fabula
3424 4337 3612 4386 mature
3643 4337 3693 4385 in

2129 4404 2425 4455 occidentem
2456 4404 2682 4467 processit
2711 4404 2951 4466 simulque
2983 4404 3212 4466 processit
3239 4404 3374 4453 locus
3402 4403 3580 4453 fabulae
3596 4442 3611 4467 ‚
3643 4410 3697 4455 et

2129 4477 2194 4526 ita
2225 4478 2297 4526 est
2323 4476 2528 4534 factum,
2558 4476 2614 4523 ut
2634 4474 2696 4524 ab
2730 4473 2918 4524 Besiodi
2951 4476 3169 4537 tempore
3193 4474 3349 4524 Graeci
3380 4476 3694 4536 opinarentur

2129 4546 2472 4609 septentriones
2497 4558 2663 4594 versus
2682 4543 2898 4593 habitare
2919 4544 3250 4606 Hyperboreos
3267 4581 3281 4605 ‚
3306 4558 3512 4607 quorum
3537 4545 3692 4608 ipsum

2130 4628 2306 4665 nomen
2342 4614 2405 4663 ad
2436 4612 2794 4664 similitudinem
2830 4614 3035 4662 nominis
3085 4612 3238 4663 Indici
3277 4627 3559 4677 expressum
3601 4616 3691 4664 est.

2131 4689 2229 4737 Cur
2262 4684 2366 4735 lndi
2400 4684 2638 4747 regionem
2673 4683 2802 4734 beati
2842 4684 3005 4747 populi
3036 4684 3383 4747 septentriones
3413 4698 3581 4734 versus
3609 4698 3692 4748 po⁴

2129 4756 2339 4818 suerint,
2378 4768 2523 4805 causa
2562 4758 2634 4804 est
2667 4756 2828 4817 aperta
2840 4770 2856 4817 3
2892 4767 2981 4803 cur
3019 4753 3207 4815 Grati,
3235 4768 3297 4805 ne
3323 4754 3561 4805 levissima
3590 4757 3695 4819 qui·

2128 4824 2240 4875 dem
2265 4824 2534 4886 invenitur;
2555 4825 2652 4874 imo
2675 4824 2754 4873 bic
2783 4824 3200 4887 Hyperboreorum
3225 4825 3348 4874 situs
3366 4824 3452 4872 toti
3473 4822 3542 4872 illi
3566 4821 3695 4870 ima·

2129 4895 2250 4958 gini,
2280 4908 2427 4958 quam
2457 4895 2519 4944 de
2543 4894 2661 4945 orbe
2688 4898 2924 4944 terrarum
2957 4895 3114 4944 Graeci
3139 4894 3231 4943 sibi
3252 4894 3569 4954 effinxerunt,
3596 4906 3696 4942 non

2130 4965 2274 5015 modo
2316 4979 2413 5015 non
2436 4966 2688 5026 convenit,
2724 4964 2809 5015 sed
2840 4965 2984 5014 etiam
3022 4967 3270 5027 repugnat.
3337 4965 3455 5014 Aliae
3482 4963 3696 5023 fabulae,

2129 5049 2281 5098 quum
2307 5035 2541 5098 quasdam
2577 5038 2854 5085 Graecorum
2890 5034 3136 5097 opiniones
3161 5036 3478 5096 attingerent,
3523 5034 3572 5083 in
3599 5035 3698 5083 alia

2131 5107 2236 5156 loca
2267 5107 2509 5156 translatae
2545 5109 2672 5155 sunt.
2706 5125 2729 5149 ι»
2757 5108 2826 5154 De
2856 5105 3052 5166 singulis
3081 5103 3272 5166 populis
3305 5104 3535 5153 fabulosis
3581 5104 3699 5155 vide

2130 5180 2231 5227 not.
2257 5175 2318 5226 ad
2339 5177 2393 5226 fr.
2423 5180 2498 5226 34.
2522 5177 2595 5226 Cf.
2627 5180 2727 5225 not.
2750 5176 2806 5225 fr.
2833 5180 2911 5225 39.
