4016 5916
565 361 682 413 eto
1431 342 1932 404 MANETHONIS
1974 341 2448 401 SEBENNY'I'AE
2493 341 2986 401 FRAGMENTA.

1296 489 1392 556 84.

642 623 730 680 Id.
764 621 904 676 ibid.
924 640 985 694 p.
1008 619 1145 692 380,
1168 620 1217 674 D
1245 636 1259 671 ε
1279 616 1501 674 Πολλῶν
1519 612 1572 671 δὲ
1594 611 1847 689 λεγόντων
1872 613 1942 679 εἰς
1956 616 2121 670 ταῦτα

559 710 757 789 τὰζῷα
783 705 875 776 τὴν
922 704 1077 784 [τοῦ]
1104 705 1353 783 Τυφῶνος
1386 703 1540 759 αὐτοῦ
1593 701 1869 780 διάρασθαι
1913 698 2118 782 ψυχὴν,

562 788 875 847 αἰνίττεσθαι
904 784 1093 851 δόξειεν
1124 781 1187 839 ἂν
1208 786 1235 840 ὁ
1258 786 1448 859 μῦθος,
1484 778 1563 838 ὅτι
1591 788 1739 839 πᾶσα
1764 779 1913 861 φύσις
1937 779 2119 857 ἄλογος

559 876 651 937 καὶ
676 872 931 956 θηριώδης
957 875 1050 942 τῆς
1075 869 1233 949 [τοῦ]
1262 874 1423 929 κακοῦ
1457 868 1696 945 δαίμονος
1712 869 1888 946 γέγονε
1922 868 2122 946 μοίρας,

558 963 795 1022 κάκεῖνον
844 959 1288 1035 ἐκμειλισσόμενοι
1337 954 1427 1015 καὶ
1480 962 1893 1037 παρηγοροῦντες
1941 959 2123 1036 περιέ-

558 1073 712 1110 πουσι
741 1054 909 1108 ταῦτα
937 1045 1027 1106 καὶ
1057 1041 1452 1125 θεραπεύουσιν·
1492 1042 1555 1102 ἂν
1584 1041 1639 1100 δὲ
1683 1041 1843 1109 πολὺς
1886 1042 2122 1121 ἐμπίπτῃ

559 1138 650 1198 καὶ
667 1136 897 1217 χαλεπὸς
921 1133 1146 1213 αὖχμὸς,
1177 1131 1383 1208 ἐπάγων
1415 1128 1845 1211 ύπερὸαλλόντως
1882 1128 1916 1200 ἢ
1948 1129 2122 1196 νόσους

558 1226 812 1306 ὀλεθρίους
853 1222 888 1295 ἢ
921 1220 1186 1301 συμφορὰς
1217 1217 1378 1285 ἄλλας
1406 1215 1734 1297 παραλόγους
1760 1215 1853 1275 καὶ
1898 1214 2121 1274 ἀλλοκό-

557 1338 698 1386 τους,
742 1310 851 1370 ἔνια
899 1313 1003 1368 τῶν
1056 1304 1367 1384 τιμωμένων
1417 1306 1465 1362 οῖ
1509 1305 1659 1384 ἱερεῖς
1690 1302 1977 1382 ἀπάγοντες
2021 1301 2122 1360 ὑπὸ

559 1401 774 1467 σκότους
797 1396 930 1476 μετὰ
962 1399 1160 1467 σιωπῆς
1200 1393 1291 1452 καὶ
1320 1392 1575 1470 ἡσυχίας,
1602 1392 1873 1449 ἀπειλοῦσι
1905 1390 1996 1448 καὶ
2042 1391 2122 1448 δε·

561 1489 815 1549 δίττονται
858 1488 1149 1564 τοπρῶτον,
1204 1479 1266 1539 ἂν
1304 1479 1347 1538 δ’
1396 1478 1642 1559 ἐπιμένῃ,
1683 1483 1977 1558 καθιεροῦσι
2033 1476 2122 1535 καὶ

560 1576 900 1659 σφάττουσιν,
948 1575 1017 1638 ὡς
1059 1569 1122 1641 δή
1148 1591 1262 1629 τινα
1292 1566 1562 1645 κολασμὸν
1589 1566 1712 1626 ὄντα
1758 1571 1849 1624 τοῦ
1879 1565 2123 1641 δαίμονος

559 1671 759 1734 τοῦτον,
798 1660 834 1734 ἢ
863 1659 1130 1740 καθαρμὸν
1161 1657 1330 1721 ἄλλως
1372 1653 1539 1733 μέγαν
1585 1654 1670 1712 ἐπὶ
1721 1654 2003 1732 μεγίστοις·
2032 1652 2123 1711 καὶ

560 1751 665 1831 γὰρ
694 1753 746 1808 ἔν
783 1747 1060 1819 Εἰληθυίας
1105 1743 1257 1803 πόλει
1285 1746 1479 1812 ζῶντας
1510 1740 1807 1820 ἀνθρώπους
1855 1740 2120 1818 κατεπίμ-

562 1862 792 1919 πρασαν,
819 1838 888 1901 ὡς
919 1832 1164 1897 Μανεθὼς
1186 1830 1428 1910 ἱστόρηκε
1449 1876 1466 1908 ,
1493 1827 1792 1910 Τυφωνίους
1819 1829 2122 1900 καλοῦντες,

561 1926 651 1985 καὶ
688 1924 784 1994 τὴν
830 1922 1022 2002 τέφραν
1058 1920 1228 1976 αύτῶν
1277 1919 1569 1994 λικμῶντες
1609 1914 1856 1996 ἠφάνιζον
1894 1913 1985 1971 καὶ
2027 1914 2119 1973 διέ·

563 2033 790 2089 σπειρον.
820 2006 979 2068 Ἀλλὰ
1001 2011 1152 2064 τοῦτο
1178 2003 1271 2081 μὲν
1302 2004 1487 2084 ἐδρᾶτο
1510 2006 1739 2083 φανερῶς
1770 2000 1861 2060 καὶ
1880 2004 1996 2059 καθ’
2030 2000 2117 2059 ἕνα

564 2098 743 2177 καιρὸν
769 2101 821 2156 ἐν
865 2103 978 2161 ταῖς
1003 2092 1215 2151 κυνάσιν
1240 2089 1487 2171 ἡμέραις·
1512 2092 1567 2148 αἱ
1603 2089 1658 2148 δὲ
1682 2093 1783 2148 τῶν
1812 2088 2121 2167 τιμωμένων

564 2186 708 2266 ζῴων
765 2180 1112 2264 καθιερεύσεις
1163 2179 1447 2261 ἀπόρρητοι
1496 2176 1589 2235 καὶ
1639 2175 1841 2258 χρόνοις
1885 2176 2124 2244 ἀτάκτοις

562 2271 691 2353 πρὸς
716 2269 782 2329 τὰ
813 2268 1178 2346 συμπίπτοντα
1213 2267 1482 2347 γινόμεναι
1498 2310 1514 2340 ,
1539 2264 1655 2332 τοὺς
1683 2262 1906 2331 πολλοὺς
1930 2264 2125 2323 λανθά-

562 2383 738 2435 νουσι,
769 2359 908 2429 πλὴν
946 2356 1069 2416 ὅταν
1094 2354 1262 2436 ταφὰς
1290 2354 1485 2433 ἔχωσι,
1513 2352 1603 2412 καὶ
1646 2355 1750 2411 τῶν
1781 2350 1954 2410 ἄλλων
1988 2355 2123 2410 ἀνα-

564 2447 847 2512 δεικνύντες
881 2442 990 2502 ἔνια
1035 2443 1245 2502 πάντων
1271 2440 1542 2522 παρόντων
1578 2438 1993 2518 συνεμόάλωσιν,
2029 2437 2128 2497 οἷό-

565 2557 709 2610 μενοι
735 2538 821 2591 τοῦ
846 2535 1094 2612 Τυφῶνος
1110 2532 1404 2589 ἀντιλυπεῖν
1419 2526 1510 2587 καὶ
1533 2526 1762 2588 κολούειν
1776 2525 1836 2586 τὸ
1858 2526 2121 2605 ἡδόμενον.

797 2665 978 2724 ΠΕΡΙ
1025 2664 1330 2723 ΚΑΤΑΣΚ
1340 2662 1539 2722 ΕΥΗΣ
1582 2659 1892 2720 ΚΥΦΙΩΝ.

1294 2775 1391 2842 84.

640 2896 724 2948 De
739 2893 861 2970 κῦφι
878 2890 1232 2946 confectione
1254 2890 1530 2964 scripsisse
1546 2889 1935 2944 Manethonem
1961 2888 2124 2941 Men-

560 2983 772 3035 desium
812 2979 1158 3037 sacerdotem
1203 2979 1347 3033 testis
1394 2988 1474 3032 est
1511 2977 1709 3032 Suidas
1751 2996 1805 3034 V.
1850 2972 2118 3040 Μάνεθως.

563 3071 769 3126 Verum
821 3067 987 3119 istum
1024 3062 1374 3118 Mendesium
1420 3082 1451 3118 a
1488 3065 1694 3118 Nostro
1740 3080 1855 3116 non
1890 3080 1995 3118 esse
2035 3061 2124 3116 di-

558 3170 781 3209 versum
808 3162 954 3206 recle
992 3151 1196 3225 procul
1239 3150 1416 3205 dubio
1444 3160 1692 3205 statuunt
1734 3149 2023 3204 Fabricius
2070 3158 2123 3203 et

624 3410 778 3455 Porro
796 3419 949 3468 quum
970 3405 1107 3454 multi
1131 3404 1291 3454 dicant
1314 3403 1463 3467 ipsam
1482 3402 1725 3466 Typhonis
1755 3404 1964 3452 aninnam
1978 3402 2027 3450 in
2042 3402 2127 3451 has

564 3481 740 3533 bestias
760 3484 1005 3533 avolasse:
1033 3482 1209 3531 fabulae
1227 3481 1480 3531 involucro
1516 3480 1611 3543 tegi
1633 3481 1728 3529 boc
1751 3482 1910 3543 potest
1944 3479 2094 3529 videri
2109 3516 2123 3541 ‚

562 3574 755 3612 omnem
776 3561 968 3613 brutam
987 3563 1035 3612 et
1053 3560 1327 3611 belluinam·
1350 3560 1574 3611 naturam
1604 3560 1734 3609 malo
1762 3560 1900 3622 genio
1917 3558 2028 3621 iure
2048 3558 2127 3609 de·

566 3639 666 3689 beri
680 3676 694 3702 ,
715 3653 924 3702 eumque
935 3640 1178 3702 placantes
1194 3641 1244 3689 et
1261 3637 1587 3689 demulcentes
1602 3651 1683 3688 eos
1700 3637 1791 3687 ista
1808 3637 1965 3687 colere
1982 3639 2129 3700 atque

566 3719 801 3768 venerari.
841 3720 1012 3781 Magno
1052 3721 1215 3768 autem
1251 3719 1374 3768 aestu
1409 3717 1649 3768 incidente
1685 3729 1760 3767 ac·
1776 3717 2006 3780 molesto,
2044 3717 2127 3779 qui

565 3805 694 3855 ultra
711 3805 907 3855 modum
930 3806 1139 3856 adducat
1158 3806 1235 3855 vel
1256 3806 1527 3868 pestilentes
1541 3805 1762 3866 morbos,
1785 3804 1863 3855 vel
1885 3805 2000 3854 alias
2018 3803 2127 3853 inu-

563 3884 730 3935 sitatas
752 3885 1072 3946 calamitates,
1089 3885 1359 3936 sacerdotes
1375 3885 1595 3948 quaedam
1615 3898 1784 3934 eornm
1810 3897 1922 3947 quae
1953 3884 2125 3934 colun-

564 3964 647 4012 tur
676 3964 957 4016 animalium
980 3964 1274 4015 abducentes
1299 3964 1446 4014 tacite
1474 3964 1525 4014 in
1547 3964 1792 4024 tenebras,
1809 3965 1993 4014 terrent
2026 3962 2126 4025 pri·

564 4052 701 4090 mum
719 4054 776 4091 ea
794 4042 935 4092 minis
955 4061 968 4092 ς
985 4043 1059 4092 sin
1072 4042 1256 4092 malum
1272 4042 1417 4091 duret
1428 4078 1442 4103 ,
1457 4041 1708 4091 immolant
1722 4043 1866 4103 atque
1882 4042 2094 4089 mactant
2111 4058 2124 4090 ε

563 4119 814 4181 tamquam
839 4119 1125 4183 supplicium
1149 4118 1344 4182 aliquod
1370 4117 1492 4181 genii
1526 4118 1619 4168 hoc
1654 4121 1695 4167 sl
1726 4119 1875 4179 esset,
1906 4117 2128 4168 natalias

565 4194 774 4258 expiatio
791 4196 952 4258 magni
986 4196 1101 4245 mali
1122 4208 1311 4259 magna.
1336 4198 1457 4246 Nam
1480 4197 1532 4244 et
1555 4195 1607 4243 in
1631 4194 1833 4256 Ilithyiae
1851 4194 1971 4244 urbe
1989 4193 2127 4243 vivos

566 4275 935 4325 combussemnt
967 4274 1213 4336 homines,
1254 4277 1310 4324 ut
1350 4273 1579 4324 Manetbo
1625 4274 1816 4335 scribit,
1852 4273 2127 4337 Typhonios

564 4350 885 4414 appellantes,
905 4352 955 4401 et
973 4351 1179 4402 cinerem
1198 4362 1365 4400 eorum
1385 4349 1661 4400 ventilando
1675 4349 1963 4412 dissiparunt
1980 4353 2126 4412 atque

565 4427 895 4478 aboleverunt.
918 4432 1102 4480 Verum
1124 4429 1219 4478 boc
1240 4428 1397 4492 palam
1425 4428 1608 4478 factum
1630 4430 1728 4490 est,
1762 4432 1811 4477 et
1841 4432 1975 4479 certo
1997 4432 2126 4478 tem·

564 4516 708 4566 pore,
731 4504 900 4556 diebus
916 4506 1266 4556 canicularibus
1288 4525 1299 4554 ε
1321 4507 1699 4555 consecrationes
1720 4506 1997 4555 animalium
2015 4518 2125 4569 quae

565 4581 790 4630 coluntur
816 4583 1049 4645 occultas,
1075 4595 1233 4645 neque
1257 4581 1393 4631 statis
1411 4581 1533 4631 fiunt
1558 4583 1877 4645 temporibus,
1904 4585 1954 4634 et
1982 4585 2125 4646 vulgo

566 4659 679 4707 sunt
712 4658 886 4722 ignotae
923 4679 935 4711 ε
972 4662 1062 4712 nisi
1098 4661 1228 4726 quod
1269 4662 1565 4724 sepulturam
1603 4662 1765 4725 Apidis
1797 4663 2091 4713 celebrantes
2107 4700 2120 4726 ,

2215 473 2563 547 Bernhardy.
2613 510 2680 518 -0
2727 475 2771 528 E
2793 474 3119 529 Manethone
3152 474 3508 548 potissimum
3537 475 3820 532 hauserit

2216 561 2542 617 Plutarchus
2568 564 2652 617 De
2683 564 2747 616 Is.
2773 573 2825 617 et
2852 562 2996 617 Osir.
3030 580 3078 617 c.
3113 560 3218 638 89,
3247 581 3309 635 p.
3346 561 3461 618 383
3480 604 3497 632 ,
3521 566 3577 618 D
3611 583 3626 617 ε

2291 647 2369 706 Τὸ
2395 646 2449 704 δὲ
2470 651 2635 726 Κῦφι,
2660 647 2832 725 μῖγμα
2857 646 2950 722 μὲν
2984 645 3258 705 ἑκκαίδεκα
3278 651 3442 723 γενῶν
3471 651 3818 726 συντιθεμέ-

2214 757 2311 792 νων
2343 733 2480 808 tori,
2501 734 2706 812 μέλιτος
2734 734 2824 794 καὶ
2846 735 2982 793 οἴνου
3010 733 3099 793 καὶ
3120 735 3368 816 σταφίδος
3404 735 3502 793 καὶ
3525 737 3778 817 κυπέρου
3795 783 3816 810 ,

2215 822 2422 901 ῥητίνης
2444 845 2499 880 τε
2525 822 2615 882 καὶ
2645 824 2877 902 σμύρνης
2901 821 2991 881 καὶ
3022 823 3331 882 ἀσπαλάθου
3368 823 3464 883 καὶ
3494 823 3813 901 σεσέλεως,

2213 907 2288 967 ἔτι
2312 908 2365 968 δὲ
2388 910 2565 990 σχίνου
2588 935 2644 970 τε
2663 911 2753 970 καὶ
2781 911 3047 991 ἀσφάλτου
3077 910 3167 969 καὶ
3197 910 3352 992 θρύου
3388 912 3485 971 καὶ
3512 915 3814 985 λαπάθου,

2211 996 2337 1077 πρὸς
2377 999 2428 1057 δὲ
2452 998 2677 1072 τούτοις,
2715 996 3025 1079 ἀρκευθίδων
3053 999 3244 1078 ἀμφοῖν
3282 991 3383 1076 (ὧν
3410 1000 3515 1070 τὴν
3552 1000 3658 1078 μὲν
3689 1003 3815 1078 μεί·

2212 1088 2328 1153 ζονα
2346 1130 2362 1161 ,
2392 1084 2484 1158 τὴν
2519 1086 2572 1144 δὲ
2602 1085 2849 1145 ἐλάττονα
2882 1088 3132 1164 καλοῦσι)
3169 1084 3261 1144 καὶ
3295 1087 3682 1167 καρδαμώμου
3711 1091 3810 1148 καὶ

2211 1172 2482 1251 καλάμου,
2513 1176 2625 1234 κτλ.
2650 1176 2740 1235 Cf.
2766 1176 2915 1231 idem
2937 1194 2985 1231 c.
3014 1175 3117 1246 523
3140 1177 3333 1251 Steph.
3362 1178 3536 1235 Thes.
3571 1198 3631 1234 v.
3661 1179 3814 1258 Κῦιρι

2210 1272 2261 1319 et
2282 1263 2580 1321 Kircherus
2598 1264 2655 1319 in
2673 1264 2877 1338 OEdip.
2905 1274 3040 1322 tom.
3059 1266 3138 1333 11,
3168 1282 3230 1339 p.
3261 1266 3318 1319 11
3383 1284 3447 1338 p.
3469 1264 3622 1339 539.

2527 1429 2662 1507 [TA
2705 1430 2910 1489 ΠΡΟΣ
2960 1426 3410 1489 ἮΡοΔοΤοΝ.
3437 1431 3463 1507 ]

2935 1583 3030 1645 85.

2291 1746 2472 1818 Etym.
2497 1744 2574 1802 M.
2606 1761 2664 1800 V.
2697 1738 3046 1816 Λεοντοκόμος
3079 1740 3192 1800 :Tb
3220 1738 3354 1799 λέων
3383 1741 3544 1822 παρὰ
3579 1744 3803 1819 τὸλάω,

2210 1827 2269 1886 τὸ
2286 1832 2487 1908 θεωρῶ·
2515 1826 2941 1907 ὀξυδερκέστατον
2968 1825 3067 1906 γὰρ
3097 1826 3156 1885 τὸ
3179 1827 3377 1906 θηρίον,
3403 1827 3480 1896 ὥς
3511 1854 3648 1911 φησι
3675 1836 3798 1892 Μαι

2213 1916 2368 1975 νέθων
2410 1919 2464 1976 ἐν
2507 1919 2581 1995 τῷ
2607 1913 2749 1994 Πρὸς
2789 1914 3096 1993 Ἡρόδοτον·
3126 1914 3206 1973 ὅτι
3259 1915 3517 1976 οὔδέποτε
3554 1919 3798 1977 καθεύδει

2213 2003 2411 2080 δλέων,
2433 2008 2584 2062 τοῦτο
2625 2003 2678 2061 δὲ
2716 2002 2989 2061 ἀπίθανον.
3034 2006 3286 2063 Eustath.
3315 2005 3390 2061 ad
3419 2007 3494 2064 11.
3537 2011 3608 2077 Δ,
3636 2008 3750 2073 480
3779 2030 3791 2063 :

2216 2090 2397 2170 (Τινὲς
2421 2088 2683 2169 λέγουσιν)
2713 2088 2791 2149 ὅτι
2835 2091 2895 2148 ἑκ
2922 2095 3013 2148 τοῦ
3043 2089 3205 2163 λάω,
3234 2090 3295 2148 τὸ
3329 2090 3547 2169 βλέπω,
3595 2095 3796 2168 γίνεται

2212 2177 2388 2260 ὥσπερ
2407 2183 2435 2237 ὅ
2456 2178 2645 2251 λέων,
2673 2175 2807 2236 οὕτω
2834 2177 2923 2236 καὶ
2948 2182 2976 2237 ὁ
2996 2178 3119 2250 λὶς,
3139 2176 3278 2236 κατὰ
3301 2178 3390 2236 τὸν
3410 2182 3796 2258 γραμματικὸν

2212 2260 2402 2348 ςὨρον,
2445 2269 2515 2333 ὥς
2553 2265 2850 2345 ὀξυδερκὴς,
2890 2266 2979 2324 καὶ
3023 2264 3129 2338 ὅτι,
3166 2267 3396 2353 ὥςοφησι
3441 2268 3708 2327 Μανέθων
3739 2275 3796 2328 ἐν

2212 2355 2317 2422 τοῖς
2347 2354 2486 2434 Πρὸς
2516 2351 2819 2432 Ἡρόδοτον,
2848 2353 2907 2410 οὗ
2930 2350 3164 2411 καθεύδει
3188 2357 3216 2411 δ
3245 2353 3401 2415 λέων.
3489 2385 3500 2393 ·

2293 2444 2643 2500 Herodotum
2651 2452 2850 2517 utpote
2865 2440 3000 2501 falsa
3009 2442 3080 2499 de
3090 2444 3254 2500 rebus
3269 2445 3549 2520 AEgyptiis
3563 2448 3790 2504 traden-

2215 2543 2324 2587 tem
2349 2533 2546 2605 saepius
2573 2551 2604 2586 a
2631 2530 2968 2586 Manethone
2991 2531 3388 2604 reprehensum
3415 2552 3532 2590 esse
3553 2547 3790 2592 testatur

2215 2620 2489 2692 Josephus
2533 2617 2618 2693 (v.
2666 2616 3031 2693 introduct.).
3070 2618 3254 2691 quue
3284 2623 3496 2693 passim
3539 2624 3604 2677 in
3631 2626 3783 2679 Man.

2215 2710 2433 2782 scriptis
2461 2707 2666 2762 factum
2697 2723 2827 2762 esse.
2853 2706 3002 2762 Num
3036 2717 3298 2780 praeterea
3316 2711 3617 2782 peculiare
3645 2731 3788 2785 opus

2214 2795 2282 2850 de
2318 2793 2591 2851 Herodoti
2633 2794 2915 2849 erroribus
2952 2811 2984 2849 a
3022 2796 3356 2852 Manethone
3395 2802 3786 2873 conscriptum

2212 2885 2281 2938 sit
2303 2884 2386 2939 vel
2409 2883 2511 2938 sub
2538 2884 2767 2937 nomine
2791 2882 2903 2954 ejus
2933 2880 3145 2937 editum
3173 2889 3241 2938 sit
3274 2885 3408 2938 sciri
3435 2888 3658 2961 nequit.
3706 2890 3785 2943 De

2215 2973 2463 3028 leonibus
2499 2971 2750 3027 fabulosa
2788 2969 3042 3044 quaedam
3079 2971 3403 3028 Herodotus
3442 2974 3623 3031 tradit
3662 2976 3786 3048 111,

2223 3059 2359 3129 108,
2381 3069 2448 3114 ut
2476 3058 2543 3115 de
2567 3060 2678 3114 hoc
2701 3059 2830 3114 loco
2852 3058 3111 3114 Manetho
3135 3059 3445 3134 disputasse
3468 3066 3651 3137 possit
3677 3067 3788 3120 exi·

2211 3149 2439 3204 stimari.

2218 3317 2364 3377 atque
2407 3314 2489 3362 illa
2532 3312 2871 3374 producentes,
2909 3312 3130 3375 quaedam
3183 3313 3416 3364 omnibus
3469 3316 3792 3377 praesentibm

2218 3406 2313 3441 una
2339 3394 2386 3441 in
2425 3393 2695 3454 sepulcrum
2723 3390 3014 3452 conjiciunt,
3054 3390 3386 3441 existimantes
3421 3392 3520 3442 hoe
3559 3398 3707 3457 pacto
3741 3409 3792 3444 se

2215 3469 2431 3532 Typhoni
2447 3470 2738 3531 voluptatem
2760 3467 3034 3530 percipienti
3049 3467 3255 3517 vicissim
3265 3468 3550 3520 molestiam
3563 3471 3792 3533 objici-m
3983 3480 3984 3541 γ

2214 3546 2526 3609 laetitiamque
2548 3545 2651 3607 ejus
2669 3545 2934 3607 infringere.

2353 3642 2458 3700 DE
2500 3640 2948 3701 CYPffloRUM
2992 3640 3655 3703 PRAEPARATIONE.

2276 3838 2433 3901 Kyplni
2458 3850 2627 3900 porro,
2654 3838 2864 3887 mixtura
2888 3839 2961 3887 est
2977 3835 3182 3886 sedecim
3202 3851 3366 3888 rerum
3385 3839 3438 3888 in
3463 3854 3634 3891 unum
3665 3856 3799 3893 com·

2213 3915 2473 3979 positarum
2495 3930 2507 3963 ε
2527 3914 2709 3977 mellis,
2733 3913 2859 3975 vini,
2887 3927 2997 3963 uvae
3015 3927 3192 3977 passae,
3211 3916 3402 3978 cyperi,
3425 3918 3642 3981 rusiam,
3665 3934 3796 3983 myr-

2215 3994 2344 4055 rhae,
2387 3990 2645 4055 aspalathi,
2682 3990 2868 4052 seselis,
2910 3989 3044 4052 iunci
3089 3990 3306 4053 odorati,
3351 3992 3657 4060 bituminis,
3702 4000 3802 4049 roffi

2213 4069 2403 4131 ficulni,
2421 4068 2646 4131 rumicis,
2668 4067 2872 4130 juniperi
2891 4067 3142 4130 utriusque
3170 4068 3311 4131 (duas
3346 4070 3483 4120 enim
3512 4074 3800 4137 nominant,

2213 4150 2443 4210 majorem
2471 4159 2527 4196 ac
2544 4145 2830 4207 minorem),
2853 4143 3173 4207 cardamomi,
3198 4148 3248 4196 et
3271 4146 3466 4197 calami.

2566 4248 2864 4310 CONTRA
2909 4248 3412 4311 HERODOTUM.

2277 4434 2372 4481 Leo
2398 4429 2572 4479 dicitur
2590 4442 2619 4478 a
2636 4442 2754 4480 voce
2779 4430 2888 4485 lav,
2915 4429 2943 4478 i.
2966 4441 3010 4478 e.
3032 4429 3198 4492 videm
3226 4442 3341 4480 nam
3378 4431 3545 4483 visum
3576 4438 3800 4488 acuti&-

2212 4521 2345 4557 mum
2365 4506 2509 4556 habet
2538 4505 2714 4556 animal
2747 4505 2907 4568 istud,
2942 4509 2997 4557 ut
3031 4506 3255 4558 Manetho
3294 4508 3413 4558 dicit
3449 4509 3586 4562 libro
3624 4520 3796 4566 contra

2212 4588 2504 4637 Herodotum
2544 4585 2734 4648 scripto.
2766 4585 2906 4642 Quod
2942 4588 3104 4637 autem
3129 4586 3248 4637 dicit
3274 4600 3542 4651 nunquam
3575 4592 3796 4644 dormire

2210 4665 2393 4715 leonem
2408 4703 2422 4726 ,
2447 4664 2493 4715 id
2511 4678 2607 4714 non
2621 4671 2689 4715 oet
2708 4663 2965 4728 probabile.
