4016 5916
495 405 604 457 108

486 528 659 594 τέλους
677 531 768 598 τῆς
790 522 1111 601 καλουμένης
1128 524 1369 593 ἱππάδος·
1390 525 1449 584 τὸ
1468 524 1522 584 δὲ
1542 523 1787 606 τέταρτον
1805 524 2034 600 θητικὸν,

487 608 560 682 οἷς
587 616 829 691 οὐδεμιᾶς
857 616 1025 695 ἀρχῆς
1053 616 1238 691 μετῆν.
1262 620 1283 687 ]

1233 726 1289 784 8.

564 852 797 908 Photius
821 851 953 907 Lex.
985 867 1000 905 z
1029 849 1078 909 N
1095 869 1291 927 αυρκρ
1307 870 1340 904 α
1358 844 1462 925 ρία
1483 864 1496 878 ·
1526 843 1585 903 τὸ
1607 842 1852 927 πρότερον
1877 839 2039 907 οὕτως

487 937 722 1009 ἐκάλουν,
776 934 1065 1015 ναυκραρία
1128 933 1232 993 καὶ·
1262 932 1573 1012 ναύκραρος·
1613 929 1902 1011 ναυκραρία
1942 926 2038 1006 μὲν

487 1023 664 1083 ὁποῖόν
708 1046 759 1081 τι
792 1028 826 1094 ἡ
864 1020 1130 1102 συμμορία
1187 1020 1277 1079 καὶ
1327 1023 1356 1078 ὁ
1400 1021 1596 1097 δῆμος,
1639 1017 1922 1098 ναύκραρος
1968 1014 2024 1074 δὲ

487 1110 668 1171 ὁποῖόν
701 1133 752 1169 τι
779 1113 807 1169 ὀ
838 1109 1133 1188 δήμαρχος,
1180 1106 1416 1174 Σόλωνος
1442 1105 1603 1173 οὕτως
1643 1106 2028 1183 ὀνομάσαντος,

492 1203 562 1266 ὣς
605 1197 696 1258 καὶ
724 1196 1079 1279 Ἀριστοτέλης
1113 1193 1278 1276 φησὶ,
1321 1194 1412 1254 καὶ
1440 1196 1494 1252 ἐν
1538 1194 1642 1259 τοῖς
1671 1193 1843 1270 νόμοις
1883 1189 1936 1249 δὲ
1974 1190 2036 1247 ἄν

490 1310 567 1353 τις
619 1283 934 1364 ναυκραρίας
1006 1281 1318 1364 ἄμφισὸητῇ
1382 1279 1473 1339 καὶ
1533 1279 1650 1347 τοὺς
1714 1277 2036 1358 ναυκράρους

488 1371 605 1440 τοὺς
631 1371 768 1431 κατὰ
809 1369 1155 1452 ναυκραρίαν·
1200 1367 1411 1447 ὕστερον
1453 1365 1508 1425 δὲ
1555 1366 1661 1426 ἀπὸ
1703 1368 2039 1430 Κλεισθένους

486 1459 648 1536 δῆμοί
684 1461 817 1535 εἶσι,
855 1458 944 1517 καὶ
992 1456 1254 1536 δήμαρχοι
1288 1455 1604 1527 ἐκλήθησαν.
1648 1453 1751 1515 Ἐκ
1788 1457 1880 1525 τῆς
1906 1451 2039 1530 Ἀρι·

489 1547 756 1614 στοτέλους
769 1545 1056 1619 πολιτείας,
1075 1545 1129 1605 ὃν
1155 1543 1343 1624 τρόπον
1369 1541 1569 1613 διέταξε
1586 1541 1682 1614 τὴν
1700 1541 1850 1601 πόλιν
1874 1545 1902 1601 ὀ
1927 1541 2033 1600 Σό·

486 1639 594 1695 λων
614 1680 630 1709 ,
684 1633 843 1716 φυλαὶ
889 1634 943 1693 δὲ
988 1625 1122 1706 ἦσαν
1169 1632 1419 1711 τέσσαρες
1440 1677 1456 1705 ,
1496 1630 1731 1711 καθάπερ
1770 1628 2037 1710 πρότερον,

489 1722 578 1780 καὶ
607 1720 973 1801 φυλοὸασιλεῗς
1014 1720 1288 1800 τέσσαρες·
1326 1723 1386 1778 ἐκ
1412 1718 1465 1778 δὲ
1490 1722 1582 1790 τῆς
1605 1719 1769 1800 φυλῆς
1812 1716 2038 1788 ἑκάστης

487 1802 622 1882 ἦσαν
651 1807 995 1885 νενεμημέναι
1022 1806 1250 1889 τριττύες
1280 1803 1374 1884 μὲν
1408 1807 1573 1888 τρεῖς,
1622 1803 1936 1887 ναυκραρίαι
1977 1803 2031 1861 δὲ

492 1895 691 1955 δώδεκα
712 1895 828 1954 καθ’
851 1896 1097 1967 ἑκάστην.
1122 1893 1190 1956 Ὁ
1211 1893 1504 1972 Κλείδημος
1532 1895 1583 1950 ἐν
1611 1896 1679 1973 τῇ
1708 1891 1858 1973 τρίτῃ
1882 1890 2037 1973 φησὶν

487 1982 568 2043 ὅτι
586 1983 920 2050 Κλεισθένους
944 1982 1068 2042 δέκα
1083 1981 1245 2066 φυλὰς
1262 1981 1571 2055 ποιήσαντος
1596 1979 1709 2039 ἀντὶ
1730 1984 1833 2038 τῶν
1855 1979 2039 2039 τεσσά·

489 2094 613 2152 ρων,
643 2069 834 2143 συνέὸη
866 2069 954 2128 καὶ
978 2073 1028 2136 ἐς
1055 2068 1376 2142 πεντήκοντα
1407 2068 1539 2149 μέρη
1561 2071 1928 2148 διαταχθῆναι,
1946 2069 2036 2125 αὖ·

490 2158 602 2224 τάς.
634 2161 817 2219 Ταῦτα
847 2156 901 2215 δὲ
937 2158 1299 2236 (διαταγῆναι.
1335 2156 1518 2223 αὖτοὺς
1546 2154 1599 2213 δὲ
1627 2159 1756 2215 cod.
1779 2160 1795 2232 )
1819 2155 2035 2214 ἐκάλουν

485 2245 829 2326 ναυκραρίας,
849 2242 1027 2324 ὥσπερ
1047 2249 1135 2303 νῦν
1157 2247 1227 2312 εἷς
1253 2242 1320 2302 τὰ
1349 2243 1533 2303 ἑκατὸν
1564 2241 1696 2323 μέρη
1721 2242 2035 2323 διαιρεθέντα

485 2335 705 2392 καλοῦσι
737 2331 1051 2415 συμμορίας.

566 2424 749 2479 Locus
759 2439 1008 2478 mancus·
1039 2421 1219 2478 Verba
1245 2417 1333 2477 καὶ
1352 2419 1404 2475 έν
1428 2426 1530 2484 τοῖς
1549 2418 1781 2490 νόμοις...
1807 2439 2032 2499 ναυκρα·

483 2506 601 2586 ρίαν
631 2527 852 2565 sensum
886 2527 1006 2563 non
1055 2506 1326 2562 fundunt.
1357 2506 1586 2562 Siebelis
1619 2506 1694 2562 ad
1728 2505 2028 2564 Clitodem.

488 2615 548 2669 p.
579 2595 648 2668 37
675 2597 1081 2669 interpretatur
1108 2594 1185 2649 sic
1212 2613 1225 2647 τ
1248 2593 1462 2649 «Solon
1482 2593 1700 2649 dixerat
1725 2589 2037 2671 ναυκραρίας

490 2694 547 2737 et
571 2677 909 2757 ναυκράρους,
934 2697 1257 2754 quanquam
1286 2678 1532 2734 dubitari
1558 2680 1733 2753 possit
1749 2697 1821 2734 an
1845 2679 2034 2734 hocin

485 2769 706 2844 legibus
732 2767 946 2824 fecerit.
984 2791 1006 2816 ι
1042 2766 1112 2821 Id
1131 2784 1266 2821 vero
1294 2766 1385 2821 vel
1411 2767 1691 2821 sententiae
1719 2785 1883 2822 causa
1901 2765 2033 2821 ferri

492 2855 710 2926 nequit.
749 2854 1002 2910 Fortasse
1030 2853 1136 2908 suit
1166 2871 1182 2909 ε
1217 2849 1325 2908 Καὶ
1365 2851 1417 2908 ἐν
1443 2850 1548 2917 τοῖς
1575 2848 1747 2926 νόμοις
1767 2849 2029 2909 λέλεκται·

492 2967 518 2991 ι
541 2939 631 2997 ἐάν
660 2962 736 3004 τις
755 2935 1072 3018 ναυκραρίας
1084 2938 1200 2998 κτλ.
1217 2938 1243 2966 *
1259 2937 1306 2997 ’ἦ
1333 2964 1358 2990 u
1377 2938 1518 2996 adeo
1545 2949 1608 2995 ut
1633 2941 1748 3014 ipsa
1774 2941 1909 3017 legis
1931 2961 2036 2998 cu-

482 3028 705 3102 jusdam
754 3027 1006 3083 Soloneae
1043 3027 1218 3084 verba
1265 3028 1525 3083 citentur.
1576 3028 1645 3082 In
1678 3029 2038 3102 sequentibus

492 3133 700 3170 nomen
729 3114 1042 3170 Aristotelis
1082 3124 1291 3170 temere
1316 3115 1616 3189 repetitum
1661 3132 1774 3169 esse
1812 3134 2031 3171 censeo.

484 3203 818 3277 scripserim
863 3202 941 3258 ita
972 3220 986 3257 ε
1020 3200 1079 3259 ἐκ
1109 3202 1198 3270 τῆς
1236 3199 1497 3265 πολιτείας
1539 3198 1594 3257 ὃν
1622 3198 1809 3280 τρόπον
1841 3199 2037 3268 διέταξε

488 3287 582 3357 τὴν
606 3287 754 3346 πόλιν
775 3290 803 3345 ὁ
831 3286 1034 3363 Σόλων,
1060 3285 1218 3367 φυλαὶ
1238 3283 1333 3363 μὲν
1354 3277 1490 3358 ἦσαν
1512 3287 1787 3365 τέσσαρες,
1811 3289 2038 3363 vulgata

481 3375 910 3451 'interpretanda
928 3376 1076 3431 foret
1101 3392 1116 3433 ε
1146 3377 1237 3431 Ex
1262 3378 1364 3431 Ar.
1390 3394 1507 3450 rep.
1524 3375 1755 3442 Athen„
1786 3395 1892 3450 quo
1920 3378 2038 3432 loco

481 3468 757 3519 rationem
797 3468 1024 3537 ea-pone't
1040 3482 1152 3538 qua
1167 3463 1336 3520 Solon
1352 3481 1526 3537 remp.
1545 3464 1896 3518 adornaverit
1916 3462 2036 3539 (qs-

471 3548 608 3620 [σω
624 3549 785 3626 hoec)
818 3570 833 3606 ι
862 3561 970 3606 etc.

566 3637 651 3695 Cf.
684 3637 884 3693 Pollux
909 3638 1071 3706 vm,
1122 3636 1230 3692 108
1262 3655 1278 3692 :
1309 3625 1471 3694 Οὗτοι
1507 3634 1612 3713 (sc.
1643 3633 1947 3714 δήμαρχοι)
1987 3638 2035 3693 οἱ

477 3719 625 3780 ’κατὰ
650 3721 841 3798 δήμους
869 3720 1141 3802 ἄρχοντες·
1171 3723 1451 3781 ἐκαλοῦντο
1468 3722 1595 3788 τέως
1616 3721 1920 3803 ναύκραροι,
1948 3719 2033 3780 ὅτε

476 3807 576 3866 καὶ
600 3810 646 3866 οἱ
674 3808 831 3884 δῆμοι
862 3807 1187 3887 ναυκραρίαι.
1218 3809 1526 3890 Ναυκραρία
1556 3809 1604 3866 δ’
1625 3799 1688 3880 ἦν
1712 3807 1840 3876 τέως
1866 3808 2033 3888 φυλῆς

488 3894 884 3953 δυοκαιδέκατον
913 3894 1086 3973 μέρος.
1157 3894 1264 3954 Καὶ
1290 3896 1521 3954 δυώδεκα
1548 3894 1855 3976 ναυκραρίαι
1881 3888 2033 3969 ἦσαν,

473 3979 730 4062 τέσσαρες
748 3979 884 4039 κατὰ
909 3979 1113 4061 τριττὺν
1133 3980 1379 4053 ἑκάστην.
1463 3984 1513 4042 Τ
1518 3980 1575 4048 ὰς
1598 3984 1646 4038 δ’
1677 3979 1915 4062 εἰσφορὰς
1941 3980 2034 4049 τὰς

546 4233 696 4282 Antea
723 4233 878 4295 (ante
908 4231 1182 4282 Clisthenis
1208 4233 1469 4296 tempora)
1498 4232 1722 4283 dicebant
1748 4234 2034 4283 :naucraria

475 4313 532 4359 et
567 4324 828 4362 nauci-arus
864 4311 883 4373 (
892 4324 989 4374 pro
1025 4328 1043 4362 .·
1079 4310 1258 4361 demus
1281 4314 1333 4362 et
1369 4309 1732 4375 demarchus).
1774 4312 2033 4362 Naucraria

484 4388 612 4437 enim
649 4390 724 4438 est
752 4388 880 4438 idem
907 4388 1006 4439 fere
1034 4386 1162 4451 quod
1185 4387 1444 4451 symmoria
1471 4389 1520 4437 et
1542 4385 1739 4449 demus,
1767 4401 2034 4438 naucrarus

475 4463 612 4514 idem
651 4464 749 4514 rere
784 4463 913 4528 quod
952 4463 1266 4527 demarchus,
1309 4465 1484 4515 Solone
1522 4464 1592 4514 sic
1625 4463 1926 4527 nominante,
1959 4464 2032 4515 uti

483 4539 763 4591 Aristoteles
784 4540 901 4591 dicit
914 4558 931 4605 ς
960 4541 1010 4591 ln
1035 4541 1223 4604 iegibus
1246 4553 1440 4605 quoque
1453 4540 1726 4590 nauci-arias
1745 4543 1795 4590 et
1823 4554 2029 4591 naucra-

487 4630 566 4667 ros
596 4614 895 4679 singularum
910 4617 1271 4668 naucrariarum
1295 4619 1586 4668 memoratos
1605 4617 1834 4668 invenias.
1862 4621 2031 4669 Postea

481 4708 599 4745 vero
619 4693 731 4745 inde
755 4706 787 4744 a
818 4695 1061 4747 Clisthene
1079 4694 1346 4746 naucratim
1375 4699 1610 4747 vocantur
1637 4695 1795 4759 demi,
1828 4699 1878 4747 et
1912 4710 2028 4747 nau·

486 4770 602 4820 clari
624 4769 887 4821 demarchi.
923 4773 997 4820 Ex
1024 4770 1209 4823 ratione
1238 4784 1338 4834 qua
1355 4772 1498 4823 Solon
1520 4772 1866 4837 rempublicam
1890 4773 2028 4824 ador-

483 4848 707 4908 naverat,
735 4845 892 4896 tribus
909 4849 1050 4898 erant
1066 4850 1316 4911 quattuor,
1335 4848 1478 4899 sicuti
1502 4851 1670 4906 antea:
1699 4849 1919 4912 itemque
1938 4849 2026 4900 tri-

479 4924 635 4972 buum
653 4935 786 4986 reges
803 4922 918 4974 item
934 4926 1165 4987 quattuor
1175 4940 1192 4988 ς
1211 4925 1508 4990 singularum
1521 4940 1637 5005 vero
1651 4926 1863 4977 tribuum
1876 4930 2030 4978 ternae

481 5002 618 5051 erant
643 5001 837 5065 trittyes
855 5004 905 5051 et
926 5002 1190 5051 nauci-arim
1215 5001 1470 5055 duodenoe.
1490 5006 1690 5068 Postea,
1718 5005 1804 5055 ubi
1824 5006 2027 5056 Clisthe-

1584 394 2083 455 ARlSTOTELIS
2129 395 2226 454 FR
2239 394 2629 456 AGMENTA.

2128 522 2266 583 κατὰ
2312 524 2505 601 δήμους
2544 522 2945 604 διεχειροτόνουν
2987 516 3156 598 οὗτοι,
3195 525 3286 585 καὶ
3321 526 3387 585 τᾶι
3417 526 3471 596 ἐξ
3507 530 3678 588 αὐτῶν

2130 609 2471 687 ἀναλώματα.
2556 609 2869 691 Ναυκραρία
2907 610 2962 670 δὲ
3004 610 3199 684 ἑκάστη
3232 610 3320 672 δύο
3346 614 3537 681 ἱππέας
3572 639 3677 674 πα-

2130 702 2289 777 ρεῖχε,
2315 698 2403 757 καὶ
2426 702 2551 755 ναῦν
2572 696 2714 774 μίαν,
2739 696 2826 777 ἀφ’
2851 688 2912 768 ἧς
2937 696 3058 765 ἴσως
3075 699 3394 776 ὠνόμασται.
3418 704 3679 760 Ceterum

2128 788 2199 844 de
2224 787 2534 844 demarchis
2561 786 2635 846 cs.
2663 786 2808 842 infra
2835 785 2907 847 fr.
2941 786 3033 846 18.

2878 944 2936 1000 9.

2207 1071 2623 1145 Harpocration
2659 1089 2714 1128 v.
2744 1066 2942 1135 Ἱππάς
2976 1089 2992 1129 z
3024 1068 3219 1137 Ἰσαῖος
3248 1072 3301 1129 ἐν
3337 1075 3412 1153 τῷ
3439 1073 3558 1152 περὶ
3588 1080 3676 1134 τοῦ

2132 1153 2521 1235 Ἀπολλοδώρου
2564 1153 2759 1235 κλήρου
2777 1178 2791 1193 ·
2835 1181 2861 1209 α
2915 1154 3278 1237 Ἀπεγράψατο
3323 1157 3419 1234 μὲν
3464 1160 3675 1239 τίμημα

2127 1239 2310 1321 μικρὸν
2326 1244 2396 1309 ὣς
2420 1239 2626 1299 ἱππάδα
2640 1241 2819 1300 τελῶν.
2840 1266 2865 1294 ιι
2888 1240 3247 1321 Ἀριστοτέλης
3269 1245 3314 1302 δ’
3330 1248 3383 1303 ἐν
3398 1243 3675 1317 Ἀθηναίων

2128 1326 2366 1409 πολιτείᾳ
2403 1325 2560 1409 φησὶν
2600 1325 2680 1384 ὅτι
2718 1326 2900 1386 Σόλων
2936 1329 3009 1395 εἷς
3038 1326 3083 1385 δ’
3118 1330 3273 1387 διεῖλε
3311 1329 3436 1401 τέλη
3469 1331 3529 1390 τὸ
3568 1342 3676 1392 πᾶν

2125 1418 2317 1487 πλῆθος
2355 1418 2457 1473 τῶν
2486 1411 2787 1491 Ἀθηναίων,
2828 1416 3418 1494 πεντακοσιομεδίμνους
3455 1421 3546 1478 καὶ
3586 1423 3681 1479 ἱπ-

2129 1501 2259 1568 πέας
2288 1501 2378 1560 καὶ
2406 1500 2638 1581 ζευγίτας
2665 1501 2755 1561 καὶ
2782 1505 2958 1574 θῆτας.
2994 1502 3141 1582 [τῶν
3170 1495 3258 1563 οὖν
3285 1505 3488 1565 ἱππέων
3511 1511 3565 1567 αἱ
3586 1513 3680 1567 ἱπ-

2127 1589 2302 1655 πάδες.
2325 1595 2345 1661 ]

2205 1681 2490 1735 Postrema
2505 1697 2652 1735 unus
2675 1676 2849 1736 habet
2873 1678 3005 1736 cod.
3029 1683 3081 1736 D
3105 1720 3120 1735 .
3150 1691 3208 1737 et
3242 1683 3475 1739 Photius
3507 1703 3554 1740 s.
3594 1704 3674 1755 v.,

2126 1766 2226 1821 ubi
2252 1767 2417 1822 simul
2439 1768 2670 1822 alteram
2699 1767 2835 1841 legis
2860 1767 3095 1841 glossam
3137 1786 3169 1824 e
3204 1780 3397 1826 nostra
3422 1772 3566 1829 male
3586 1773 3676 1828 in·

2132 1854 2348 1909 tellecta
2395 1865 2608 1924 ortam,
2653 1853 2964 1909 secundum
3005 1872 3175 1927 quam
3212 1856 3391 1913 Solon
3418 1861 3677 1933 quinque

2130 1942 2323 1997 classes
2348 1941 2599 2012 fecisset,
2636 1959 2877 2015 quarum
2913 1953 3195 2015 postrema
3220 1941 3384 2010 ἱππὰς
3417 1946 3673 2004 ἐκαλεῖτο.

2125 2030 2210 2083 De
2222 2047 2363 2084 voce
2383 2025 2567 2099 ἱππάς,
2584 2047 2775 2084 census
2794 2034 3076 2103 equestris,
3093 2029 3165 2091 cf.
3183 2032 3348 2088 lsaeus
3362 2051 3425 2107 p.
3449 2033 3547 2106 67,
3564 2034 3637 2091 23
3655 2057 3673 2107 3

2128 2117 2407 2173 Plutarch.
2441 2117 2636 2174 Solon.
2663 2136 2715 2174 c.
2756 2116 2844 2177 18.

2863 2284 2952 2321 10.

2208 2407 2622 2483 Harpocration
2640 2428 2699 2468 V.
2722 2409 2896 2480 Θῆτες
2924 2409 3014 2468 καὶ
3030 2408 3237 2481 θητικόν
3269 2432 3284 2471 :
3316 2414 3407 2479 Εἰς
3432 2412 3666 2495 τέσσαρα

2128 2493 2445 2575 διῃρημένης
2473 2494 2601 2575 παρ’
2627 2495 2908 2567 Ἀθηναίοις
2931 2500 3021 2568 τῆς
3046 2497 3308 2565 πολιτείας
3331 2502 3378 2558 οἱ
3406 2501 3677 2581 ἀπορώτα-

2126 2606 2204 2641 τοι
2240 2579 2476 2658 ἐλέγοντο
2501 2586 2650 2655 θῆτες
2675 2581 2766 2642 καὶ
2794 2582 3007 2655 θητικὸν
3038 2585 3219 2643 τελεῖν.
3261 2577 3423 2646 Οὗτοι
3450 2585 3505 2647 δὲ
3530 2591 3676 2648 οὐδε·

2127 2679 2251 2746 μιᾶς
2297 2672 2536 2748 μετεῖχον
2578 2672 2774 2750 ἀρχῆς,
2803 2674 2875 2738 ὡς
2916 2671 3008 2731 καὶ
3046 2671 3401 2752 Ἀριστοτέλης
3438 2676 3589 2747 δηλοῖ
3621 2678 3677 2736 ἐν

2126 2756 2406 2828 Ἀθηναίων
2441 2757 2699 2835 πολιτεία·
2742 2756 2822 2816 ὅτι
2851 2758 2904 2816 δὲ
2934 2761 3025 2818 οὐκ
3065 2758 3453 2840 ἐστρατεύοντο,
3497 2762 3674 2843 εἴρηκε

2125 2844 2215 2904 καὶ
2241 2844 2607 2925 Ἀριστοφάνης
2627 2847 2680 2904 ἐν
2707 2847 3068 2906 Δαιταλεῦσιν.
3097 2850 3180 2907 Cf.
3203 2851 3433 2907 Photius
3454 2862 3509 2906 et
3534 2854 3671 2908 Sui-

2127 2935 2225 2992 das
2265 2955 2311 2992 s.
2362 2955 2420 2992 v.
2456 2938 2687 2993 Aristot.
2720 2937 2842 2993 Pol.
2895 2939 2950 2993 II
2973 2979 2989 3007 ,
3028 2956 3130 3008 10,
3174 2937 3229 2994 3.
3260 2939 3459 2996 Pollux
3497 2941 3669 3011 v111,

2134 3042 2242 3099 129
2269 3044 2354 3098 sq.
2386 3043 2401 3079 :
2432 3020 2729 3099 Τιμήματα
2758 3022 2804 3080 δ’
2832 3014 2895 3094 ἦν
2929 3022 3153 3104 τέτταρα
3172 3046 3187 3062 ·
3214 3027 3673 3102 πεντακοσιομεδί·

2129 3105 2529 3182 μνων,ἱππέων,
2548 3111 2810 3186 ζευγιτῶν,
2835 3114 3075 3181 θητικῶν.
3098 3113 3167 3170 Oi
3191 3108 3282 3188 μὲν
3301 3111 3673 3191 [πεντακοσιο-

2127 3195 2363 3271 μέδιμνοι
2390 3195 2412 3273 ]
2445 3198 2505 3254 ἐκ
2537 3200 2627 3253 τοῦ
2655 3200 3008 3256 πεντακοσίων
3044 3197 3306 3274 μεδίμνων
3345 3198 3509 3280 μέτρα
3538 3200 3674 3281 ὑγρὰ

2125 3282 2215 3340 καὶ
2238 3279 2367 3361 ξηρὰ
2389 3290 2553 3340 ποιεῖν
2577 3281 2867 3353 κληθέντες·
2894 3284 3169 3356 ἀνήλισκον
3192 3285 3235 3344 δ’
3255 3288 3325 3352 εἷς
3345 3285 3403 3344 τὸ
3426 3285 3673 3364 δημόσιον

2124 3369 2408 3428 τάλαντον·
2435 3372 2482 3427 οἱ
2511 3368 2567 3427 δὲ
2606 3367 2702 3441 τὴν
2737 3370 2945 3429 ἱππάδα
2976 3372 3238 3440 τελοῦντες
3267 3374 3327 3431 ἔκ
3351 3371 3445 3449 μὲν
3472 3379 3562 3433 τοῦ
3585 3373 3675 3433 δύο

2126 3463 2310 3518 νασθαι
2342 3457 2542 3539 τρέφειν
2570 3455 2760 3525 ἵππους
2788 3462 3073 3531 κεκλῆσθαι
3098 3462 3359 3519 δοκοῦσιν·
3387 3460 3593 3520 ἐποίουν
3616 3463 3673 3520 δὲ

2128 3545 2292 3625 μέτρα
2339 3543 2652 3624 τριακόσια,
2704 3547 2984 3617 ἀνήλισκον
3024 3546 3078 3605 δὲ
3106 3547 3485 3624 ἡμιτάλαντον·
3534 3552 3582 3608 οἱ
3618 3549 3674 3607 δὲ

2124 3633 2184 3693 τὸ
2211 3633 2459 3711 ζευγίσιον
2488 3636 2750 3701 τελοῦντες
2773 3632 2878 3693 ἀπὸ
2918 3634 3190 3694 διακοσίων
3216 3633 3418 3714 μέτρων
3452 3634 3674 3695 κατελέ-

2127 3744 2305 3799 γοντο,
2340 3719 2620 3791 ἀνήλισκον
2649 3719 2702 3779 δὲ
2732 3730 2862 3798 μνᾶς
2890 3719 3041 3780 δέκα·
3069 3724 3117 3780 οἱ
3157 3722 3213 3781 δὲ
3240 3723 3299 3781 τὸ
3326 3724 3551 3796 θητικόν,
3585 3725 3675 3783 06-

2126 3806 2307 3884 δεμίαν
2337 3805 2505 3887 ἀρχὴν
2529 3798 2708 3888 ἦρχον,
2733 3806 2848 3867 οὐδὲ
2878 3809 3154 3880 ἀνήλισκον
3188 3809 3355 3870 οὐδέν.
3386 3814 3670 3870 Plutarch.

2125 3899 2317 3954 Solon.
2365 3917 2412 3953 c.
2464 3896 2564 3966 183
2606 3898 2834 3955 Boeckh.
2880 3898 3268 3956 Staaoelzaush.
3314 3902 3372 3955 11
3390 3942 3407 3972 ,
3454 3920 3517 3975 p.
3560 3899 3669 3973 303

2126 3982 2427 4040 Hermann.
2461 3985 2493 4059 §
2529 3983 2666 4054 1083
2687 3981 3044 4041 Schoemann.
3078 4004 3136 4060 p.
3165 3994 3294 4058 174·

2122 4145 2287 4196 dlvisae
2311 4148 2424 4197 sunt
2452 4149 2635 4210 partes,
2673 4160 2794 4209 quas
2817 4148 3093 4198 naucrarias
3119 4150 3453 4211 appellabant,
3480 4154 3535 4201 ut
3558 4165 3671 4215 par-

2123 4226 2194 4275 tes
2213 4227 2436 4288 centum,
2471 4223 2521 4274 in
2546 4236 2667 4287 quas
2683 4236 2815 4274 nunc
2842 4224 3144 4287 dividuntur,
3166 4226 3454 4288 symmorias
3479 4233 3670 4279 vocant.

2866 4331 3035 4382 9.-

2181 4427 2326 4477 Solen
2351 4439 2542 4477 omnem
2567 4425 2925 4478 Atheniensium
2958 4428 3187 4491 populum
3211 4429 3261 4477 in
3280 4429 3513 4492 quattuor
3542 4429 3665 4480 elas·

2118 4515 2193 4553 ses
2229 4517 2259 4553 e
2296 4515 2442 4554 censu
2476 4502 2735 4566 descriptas
2770 4502 2959 4567 divisit,
2996 4504 3047 4554 in
3088 4505 3667 4568 pentacosiomedimnos,

2117 4581 2339 4644 Equites,
2359 4583 2574 4644 zeugitas
2589 4583 2639 4633 et
2654 4582 2842 4634 'rhetea

2849 4681 2934 4733 10.

2182 4777 2444 4839 Republica
2469 4777 2598 4842 apud
2621 4761 2934 4830 Athenienses
2947 4816 2963 4844 ,
2982 4779 3032 4830 in
3050 4782 3282 4843 quattuor
3301 4781 3472 4831 classes
3488 4781 3638 4838 divisa
3650 4820 3666 4845 ,

2116 4854 2379 4905 tenuissimi
2415 4856 2544 4915 θῆτες
2580 4855 2924 4918 (mercenarii,
2954 4855 3180 4919 opifices)
3226 4861 3277 4908 et
3317 4860 3501 4917 θητικὸν
3525 4860 3671 4909 τελεῖν

2114 4931 2549 4992 (mercenariorum
2571 4932 2647 4982 vel
2666 4932 2892 4995 opificum
2912 4931 3052 4983 classi
3076 4934 3352 4996 accenseri)
3371 4935 3668 4987 dicebantur.

2119 5008 2199 5057 llis
2220 5008 2499 5070 magistratu
2540 5008 2671 5072 fungi
2700 5021 2797 5058 non
2826 5008 3000 5059 licebat
3015 5045 3030 5071 ,
3071 5011 3126 5059 ut
3158 5010 3436 5062 Aristotelea
3462 5011 3674 5062 declarat

477 5092 565 5127 nes
594 5079 743 5139 (teste
773 5071 988 5129 C'l'idemo
1023 5078 1145 5128 libro
1182 5079 1361 5143 tertio)
1389 5080 1557 5131 decem
1595 5082 1749 5132 tribus
1789 5082 2027 5145 prioribus
2115 5085 2163 5134 in
2189 5088 2304 5147 Rep.
2331 5084 2513 5146 Athen3
2532 5098 2622 5135 nec
2644 5084 2944 5149 militabant,
2968 5086 3024 5136 ut
3043 5086 3383 5151 Aristophanes
3401 5102 3598 5153 quoque
3622 5091 3671 5140 iu

482 5156 584 5207 istis
614 5159 843 5219 quattuor
864 5155 1211 5221 substituisset,
1247 5159 1389 5209 simul
1420 5160 1566 5211 etiam
1600 5161 1649 5209 in
1679 5161 2025 5224 quinquaginta
2067 5183 2076 5198 ·
2117 5162 2464 5214 Daetalensibus
2485 5164 2570 5213 ait.
