4016 5916
1708 410 2203 471 FRAGMENTA.

313 545 403 599 τοῦ
432 541 538 607 υἱὸς
564 541 778 620 Χέὸρων
804 543 894 611 ἔτη
920 539 1271 619 τρισκαίδεκα.
1322 542 1450 597 Μεθ’
1487 538 1542 597 ὃν
1587 538 1641 597 Ἀ
1660 540 1778 614 μέν
1795 564 1872 597 ω-

320 650 425 705 φις
478 629 640 687 εἴκοσι
677 628 766 687 καὶ
808 632 974 705 μῆνας
996 626 1147 687 ἑπτά.
1194 629 1301 685 Τοῦ
1331 625 1385 683 δὲ
1414 625 1608 705 ἀδελφὴ
1636 625 1874 702 Ἄμεσσὶς

316 718 618 792 (Aurenses
646 718 805 792 Eus.)
842 713 1000 773 εἴκοσι
1030 714 1082 772 ἓν
1126 712 1217 771 καὶ
1246 716 1414 787 μῆνας
1461 712 1625 773 ἐννέα.
1674 717 1785 784 Τῆς
1819 714 1872 773 δὲ

313 804 597 885 Μήφρης
626 803 825 863 δώδεκα
853 804 942 863 καὶ
973 803 1140 879 μῆνᾶς
1171 801 1338 861 ἐννέα.
1369 804 1477 862 Τοῦ
1507 800 1561 860 δὲ
1604 805 1754 882 Μηφ
1774 826 1873 882 ρα-

314 893 595 968 μούθωσι
611 917 634 958 ς
661 893 1270 974 (Mephrathmuthost's
1296 891 1398 966 Ε.)
1426 888 1589 948 εἴκοσι
1608 889 1761 948 πέντε
1785 890 1873 950 καὶ

204 1023 211 1032 ,
315 983 483 1056 μῆνας
510 978 635 1038 δέκα
668 980 891 1055 (novem
921 982 985 1037 E.
1008 977 1047 1057 ).
1079 981 1189 1038 Τοῦ
1231 976 1287 1035 δὲ
1328 978 1593 1052 Ops-302<
1636 978 1873 1053 (Thmo-

316 1069 489 1124 thosis
512 1065 612 1144 E.)
645 1065 791 1124 ἐννέα
820 1064 911 1124 καὶ
949 1069 1116 1144 μῆνας
1134 1063 1291 1124 δκτιῖι.
1375 1067 1426 1124 Τ
1427 1069 1485 1122 οῦ
1512 1066 1561 1121 δ’
1586 1064 1652 1123 Ἀ
1671 1062 1783 1140 μέν
1798 1088 1875 1122 ω-

314 1176 352 1234 φ
369 1177 418 1220 ις
467 1154 485 1229 (
505 1153 833 1233 Ἀμενώφθης
875 1173 931 1213 v.
988 1157 1028 1213 l.
1052 1154 1070 1228 )
1112 1152 1391 1231 τριάκοντα
1419 1151 1512 1209 καὶ
1542 1155 1711 1228 μῆνας
1751 1151 1875 1210 δέκα

312 1243 420 1302 Τοῦ
444 1239 498 1298 δέ
526 1231 605 1299 Ὦ
622 1238 1013 1318 ροςτριάκοντα
1040 1238 1094 1307 ἓξ
1120 1237 1215 1297 καὶ
1242 1242 1410 1314 μῆνας
1431 1237 1585 1296 πέντε
1622 1240 1780 1315 (ann.
1803 1241 1875 1297 38

313 1341 371 1384 et
395 1347 467 1385 m.
501 1347 557 1398 7.
600 1332 730 1386 EuS.
751 1324 787 1402 J.
871 1326 984 1383 Τοῦ
1009 1323 1063 1382 δὲ
1094 1326 1325 1404 θυγάτηρ
1375 1322 1749 1404 Ἀκεγχρὴς
1776 1327 1872 1403 (v.

312 1416 352 1473 Ι.
396 1410 706 1491 Ἀγκαχηρὶς
736 1414 854 1485 Ek,
886 1409 1198 1490 Ἀχεγχερὴς
1238 1416 1383 1488 Big„
1420 1409 1667 1490 Ἅγχερὴς
1702 1414 1874 1470 Hafn.

312 1501 658 1558 Chencheres
678 1501 839 1576 Eus.)
870 1498 1072 1557 δώδεκα
1095 1497 1185 1556 καὶ
1214 1502 1355 1574 μῆνα
1378 1497 1485 1557 ἕνα.
1518 1502 1629 1569 Τῆς
1649 1499 1704 1557 δὲ
1729 1498 1878 1558 Ῥά-

310 1592 508 1653 θωτις
546 1588 805 1664 (Athesis
842 1585 934 1664 E.)
966 1585 1181 1665 ἀδελφὸς
1222 1584 1390 1645 ἐννέα.
1422 1589 1531 1646 Τοῦ
1562 1585 1618 1643 δὲ
1664 1586 1874 1661 Ἀκεγ·

308 1672 511 1754 χήρης
548 1675 932 1754 (Chencheres
952 1677 1081 1730 Eus,
1120 1676 1176 1728 h.
1204 1675 1244 1729 1.
1290 1686 1342 1730 et
1365 1693 1496 1730 mox
1520 1675 1755 1750 iterum)
1777 1674 1876 1731 δώ·

310 1764 437 1820 δεκα
460 1760 551 1820 καὶ
571 1767 739 1839 μ’ἧνας
756 1760 933 1820 πέντε.
954 1763 1064 1820 Τοῦ
1082 1761 1124 1817 δ’
1152 1759 1210 1818 Ἀ
1225 1783 1258 1817 κ
1272 1760 1428 1838 εγχή
1448 1782 1558 1838 ρης
1581 1760 1751 1840 ἔτερος
1775 1761 1879 1818 δώ-

313 1851 438 1908 δεκα
464 1849 554 1908 καὶ
584 1853 750 1926 μῆνας
775 1849 928 1926 τρεῖς.
991 1850 1102 1906 Τοῦ
1141 1846 1196 1905 δὲ
1231 1846 1295 1905 'A
1314 1857 1505 1927 ρμαϊς
1531 1847 1762 1925 τέσσαρα
1787 1846 1877 1906 καὶ

314 1940 455 2013 μ’ἥνα
474 1936 584 1996 ἵνα.
612 1939 723 1996 Τοῦ
748 1935 803 1994 δὲ
826 1934 843 1956 ‘
861 1940 907 1996 P
923 1958 955 1992 α
969 1934 1181 2011 μέσση
1195 1959 1217 2000 ς
1240 1933 1294 1992 ἓν
1316 1934 1403 1992 καὶ
1433 1939 1600 2012 μῆνας
1622 1933 1879 2014 τέσσαρας

315 2025 425 2100 (hic
440 2044 539 2081 rex
550 2024 758 2081 excidit
775 2043 863 2099 ap.
893 2023 1050 2098 Eus.)
1070 2023 1192 2081 .Τοῦ
1211 2021 1265 2079 δὲ
1286 2022 1344 2080 Ἀ
1362 2045 1389 2100 ρ
1403 2045 1443 2091 μ
1456 2020 1481 2079 έ
1491 2045 1564 2080 σσ
1577 2046 1611 2093 η
1623 2047 1646 2088 ς
1665 2026 1722 2082 Μ
1738 2045 1799 2079 ια
1815 2047 1880 2099 μ-

316 2116 445 2188 μοῦ
479 2111 728 2182 ἐξήκοντα
752 2109 805 2178 ἐξ
835 2111 926 2168 καὶ
949 2114 1117 2185 μῆνας
1141 2109 1249 2169 δύο.
1299 2113 1407 2169 Τοῦ
1430 2108 1485 2168 δὲ
1516 2109 1579 2167 Ἀ
1600 2112 1880 2191 μένωφις

314 2198 438 2256 δέκα
462 2199 551 2256 καὶ
578 2197 723 2255 ἐννέα
746 2197 834 2255 καὶ
860 2201 1025 2272 μ’ἧνας
1053 2195 1124 2264 ἔξ.
1149 2197 1256 2255 Τοῦ
1285 2195 1339 2255 δὲ
1364 2199 1412 2256 Σ
1429 2196 1548 2254 ε’θω
1564 2219 1659 2262 σις
1690 2198 1765 2274 [6]
1790 2198 1879 2255 καὶ

314 2284 649 2362 Ῥαμέσσης,
680 2283 899 2354 ἱππικὴν
933 2284 1023 2342 καὶ
1049 2282 1294 2354 ναυτικὴν
1338 2283 1472 2362 ἔχων
1492 2284 1730 2360 δύναμιν.
1764 2275 1880 2343 OB·-

313 2395 398 2439 τος
424 2371 510 2432 τὸν
543 2371 636 2450 μὲν
678 2370 900 2451 ἀδελφὸν
939 2369 1011 2431 'A
1034 2379 1231 2450 ρμαῖν
1281 2371 1558 2450 ἐπίτροπον
1596 2375 1688 2442 τῆς
1716 2369 1879 2448 Atyo-

313 2482 446 2520 πτου
465 2459 753 2531 κατέστησε
769 2503 787 2533 ,
812 2459 900 2517 καὶ
918 2467 1095 2516 πᾶσαν
1124 2457 1221 2535 μὲν
1248 2461 1389 2537 αὐτῷ
1416 2458 1509 2530 τὴν
1541 2458 1703 2529 ἄλλην
1729 2463 1876 2536 βασι·

314 2545 468 2620 λικὴν
511 2546 811 2627 περιέθηκεν
852 2545 1102 2618 ἐξουσίαν,
1135 2547 1288 2621 μόνον
1335 2545 1396 2616 δὴ
1436 2545 1722 2604 ἐνετείλατο
1760 2544 1881 2603 διά-

316 2637 461 2712 δημα
499 2635 574 2711 μὴ
613 2642 805 2716 φορεῖν,
839 2634 972 2710 μηδὲ
1012 2633 1105 2704 τὴν
1144 2633 1389 2711 βασιλίδα
1438 2632 1637 2711 μητέρα
1683 2654 1738 2690 τε
1779 2635 1879 2689 τῶν

312 2722 509 2786 τέκνων
534 2726 748 2796 ἀδικεῖν,
778 2722 1066 2803 ἀπέχεσθαι
1086 2720 1141 2779 δὲ
1167 2721 1376 2780 καὶτῶν
1397 2720 1568 2779 ἄλλων
1593 2721 1875 2799 βασιλικῶν

314 2811 677 2872 παλλακίδων.
763 2811 929 2877 Αὐτὸς
952 2809 1007 2868 δὲ
1035 2809 1121 2869 ἐπὶ
1152 2808 1365 2889 Κύπρον
1394 2810 1484 2869 καὶ
1518 2806 1772 2879 Φοινίκην
1791 2806 1880 2865 καὶ

314 2897 477 2958 πάλιν
526 2896 824 2981 Ἀσσυρίους
858 2920 915 2957 τε
943 2896 1034 2956 καὶ
1075 2896 1290 2968 Μήδους
1322 2895 1671 2978 στρατεύσας,
1702 2894 1880 2952 ἅπαν-

318 3009 442 3059 τας,
468 2986 583 3055 τοὺς
616 2986 711 3063 μὲν
756 2985 933 3065 δόρατι
955 3030 971 3057 ,
997 2984 1116 3053 τοὺς
1143 2983 1196 3042 δὲ
1223 2984 1494 3063 ἀμαχητὶ,
1527 2983 1671 3064 φόὸῳ
1700 2980 1755 3040 δὲ
1784 2986 1879 3054 τῆς

318 3076 515 3147 πολλῆς
532 3074 829 3150 δυνάμεως,
849 3073 1170 3153 ὑποχειρίους
1197 3071 1377 3133 ἔλαὸε.
1462 3071 1571 3132 Καὶ
1600 3069 1735 3147 μέγα
1755 3093 1881 3150 φρο-

316 3239 485 3300 annos]
500 3240 747 3288 tredecim.
792 3244 899 3290 Post
936 3256 1083 3302 quem
1125 3242 1414 3304 Amenophis
1449 3241 1587 3289 annis
1626 3240 1796 3301 viginti
1835 3242 1884 3289 et

314 3314 561 3365 mensibus
594 3325 685 3365 vn.
749 3317 906 3377 liuius
930 3320 1095 3367 autem
1121 3332 1256 3367 soror
1286 3318 1494 3369 Amessis
1534 3317 1676 3367 annis
1711 3331 1798 3367 xxi
1834 3321 1886 3368 et

324 3390 565 3439 mensibus
582 3402 651 3439 rx.
717 3392 832 3439 Post
852 3391 976 3439 hanc
1000 3390 1219 3452 mephres
1236 3392 1372 3440 annis
1388 3406 1455 3440 xn
1479 3394 1527 3441 et
1548 3393 1790 3440 mensibus
1808 3405 1880 3440 ix.

332 3469 445 3517 Post
465 3467 595 3515 hune
614 3466 1050 3529 Mepbramuthosis
1067 3465 1204 3515 annis
1218 3480 1315 3514 xxv
1335 3470 1385 3516 et
1403 3467 1645 3516 mensibus
1659 3481 1706 3515 x.
1772 3469 1885 3516 Post

326 3558 438 3594 eum
458 3545 677 3595 Thmosis
706 3544 846 3594 annis
882 3557 931 3592 ιιι
964 3547 1012 3594 et
1045 3543 1285 3593 mensibus
1310 3558 1414 3594 vni.
1476 3547 1588 3595 Post
1613 3558 1723 3593 eum
1739 3550 1883 3594 Amc-

326 3622 498 3685 nophis
527 3621 666 3671 annis
697 3634 795 3669 xxx
837 3622 885 3669 et
916 3620 1161 3669 mensibus
1195 3634 1241 3668 x.
1276 3624 1388 3670 Post
1427 3634 1537 3669 eum
1576 3624 1706 3669 Orus
1750 3622 1887 3671 annis

328 3712 485 3748 nun
528 3701 579 3748 et
617 3697 863 3747 mensibus
898 3711 948 3747 v,
992 3700 1149 3758 liujus
1175 3698 1335 3746 autem
1372 3697 1469 3745 tilia
1509 3697 1776 3747 Acenchres
1804 3710 1884 3746 an·

326 3777 402 3825 nis
427 3790 499 3825 111
524 3780 573 3825 et
593 3788 757 3825 mense
779 3790 813 3824 ι.
846 3777 957 3824 Post
981 3787 1088 3824 eam
1114 3775 1261 3823 frater
1284 3774 1506 3824 Rathotis
1525 3774 1663 3823 annis
1681 3788 1747 3823 ix.
1774 3778 1888 3825 Post

328 3854 458 3903 hunc
478 3854 776 3904 Acencheres
797 3853 935 3902 annis
958 3866 1028 3902 ιιι
1052 3854 1100 3900 et
1120 3851 1363 3901 mensibus
1374 3864 1427 3901 ν.
1451 3854 1565 3901 Post
1585 3851 1714 3899 hunc
1738 3858 1886 3902 Acen·

329 3931 498 3980 cineres
519 3932 643 3980 alter
678 3931 815 3979 annis
838 3943 906 3979 xu
941 3931 991 3979 et
1026 3929 1273 3979 mensibus
1298 3942 1368 3977 ιιι.
1404 3930 1519 3978 Post
1549 3929 1679 3977 hunc
1705 3930 1889 3979 Armais

327 4011 462 4059 annis
476 4023 526 4058 iv
545 4013 594 4061 et
610 4023 772 4060 mense
792 4024 827 4059 ι.
850 4012 962 4060 Post
983 4009 1113 4057 hunc
1133 4012 1376 4058 Ramesses
1390 4021 1518 4057 anno
1538 4022 1553 4056 ι
1580 4010 1628 4057 et
1648 4008 1888 4057 mensibus

329 4100 397 4137 ιν.
422 4090 536 4137 Post
557 4088 687 4137 hunc
703 4094 945 4137 Armesses
966 4086 1181 4136 Miammi
1200 4086 1338 4135 aunis
1357 4099 1470 4135 uvi
1492 4089 1541 4133 et
1563 4085 1805 4134 mensibus
1831 4099 1884 4134 ιι.

331 4166 445 4214 Post
467 4164 595 4213 hunc
620 4163 908 4225 Amenophis
926 4163 1065 4213 annis
1085 4176 1162 4211 xix
1183 4166 1233 4211 et
1263 4161 1506 4211 mensibus
1526 4174 1596 4209 vi.
1622 4164 1734 4210 Post
1760 4162 1888 4211 hunc

331 4241 1017 4306 Sethosismuiletllamesses,
1033 4242 1116 4303 qul
1133 4242 1361 4303 plurimas
1385 4241 1545 4303 copias
1567 4239 1733 4289 habuit
1748 4253 1890 4302 eque·

329 4320 452 4367 stres
473 4320 522 4368 et
539 4319 748 4368 navales.
771 4320 860 4368 llic
883 4321 1080 4368 fratrem
1095 4318 1289 4380 quidem
1308 4319 1501 4367 Armain
1526 4319 1885 4380 procuratorem

336 4395 523 4457 AEgypti
549 4392 799 4444 constituit
817 4430 832 4455 ,
855 4397 903 4444 et
926 4395 1160 4456 reliquam
1180 4395 1221 4443 ei
1240 4408 1435 4443 omnem
1460 4394 1664 4455 regalem
1686 4394 1887 4444 contulit

330 4474 645 4534 potestatem,
680 4472 1018 4522 tantummodo
1054 4476 1215 4521 autem
1248 4472 1291 4521 ei
1324 4472 1533 4533 iniunxit
1567 4486 1629 4521 ne
1655 4486 1881 4521 coronam

334 4550 567 4612 gestaret,
588 4562 746 4611 neque
763 4550 974 4611 reginam
994 4552 1294 4612 matremque
1312 4550 1572 4600 liberorum
1592 4550 1763 4611 injuria
1783 4549 1885 4598 affl·

333 4630 465 4677 ceret
481 4664 496 4686 ‚
516 4627 805 4691 insuperque
826 4630 885 4677 ut
906 4626 1165 4678 abstineret
1186 4629 1248 4678 ab
1266 4630 1437 4679 ceteris
1454 4629 1688 4691 regalibus
1704 4642 1884 4678 concu-

336 4705 478 4756 binis.
508 4707 616 4767 lpse
649 4717 767 4753 vero
799 4706 851 4754 in
880 4707 1095 4767 cyprum
1130 4707 1180 4755 et
1213 4706 1503 4767 Phoenicen,
1544 4718 1805 4768 rursusque
1836 4707 1887 4756 in

335 4782 549 4844 Assyrios
581 4784 634 4830 et
662 4782 827 4831 Medos
854 4781 1159 4844 expeditione
1185 4784 1437 4845 suscepta.
1471 4783 1746 4844 universos,
1770 4783 1889 4833 alios

334 4859 531 4922 quidem
557 4859 683 4908 terro
696 4895 711 4920 ,
738 4859 859 4909 alios
891 4872 1008 4909 vero
1024 4860 1127 4909 sine
1146 4873 1303 4922 pugna
1322 4872 1508 4921 magnae
1525 4873 1625 4909 suae
1644 4861 1889 4922 potestatis

336 4939 519 4985 terrore
548 4936 637 4985 sibi
670 4935 945 4999 subiugavit
984 4955 997 4985 ι
1031 4938 1176 4999 atque
1210 4949 1436 4999 prospero
1463 4949 1625 4985 rerum
1660 4949 1887 4986 successu

334 5012 479 5062 valde
496 5013 649 5062 elatus
661 5049 674 5073 ,
699 5014 944 5076 aliquanto
962 5012 1194 5063 audacius
1212 5013 1617 5076 progrediebatur,
1636 5014 1889 5064 orientales

338 5090 483 5139 urbes
509 5093 559 5139 et
591 5090 862 5153 provincias
893 5089 1233 5140 subvertendo.
1273 5089 1413 5150 Quod
1440 5091 1631 5153 tempus
1655 5104 1806 5155 quum
1838 5092 1887 5140 in

3407 425 3515 476 573

1964 541 2124 611 νήσας
2177 543 2262 599 ἐπὶ
2313 545 2424 607 ταῖς
2476 542 2806 620 εὐπραγίαις,
2848 541 2924 600 ἔτι
2961 542 3049 601 καὶ
3104 545 3521 625 θαρσαλεώτερον

1965 629 2260 708 ἐπορεύετο,
2279 629 2371 695 τὰς
2394 628 2520 709 πρὸς
2549 627 2800 694 ἀνατολὰς
2819 629 2993 696 πόλεις
3020 653 3075 689 τε
3103 632 3193 689 καὶ
3216 630 3392 710 χώρας
3421 656 3522 690 κα-

1965 714 2396 794 ταστρεφόμενος.
2485 713 2687 793 Χρόνου
2709 737 2764 772 τε
2784 718 2964 774 ἱκανοῦ
2984 717 3249 794 γεγονότος
3264 762 3278 789 ,
3301 713 3525 796 Ἄρμαῖς

1964 806 1993 860 6
2021 801 2379 881 καταλειφθεὶς
2406 804 2458 859 ἐν
2489 801 2740 881 Αἰγύπτῳ
2763 803 2934 860 πάντα
2949 803 3243 876 τοῦμπαλιν
3272 795 3347 872 οἶς
3367 806 3523 863 ἀδελ-
3624 827 3635 836 ·

1965 891 2056 970 φὸς
2090 889 2313 968 παρῄνει
2351 890 2425 967 μὴ
2471 898 2637 948 ποιεῖν
2666 892 2825 957 ἀδεῶς
2853 889 3135 970 ἔπραττεν·
3179 894 3268 949 καὶ
3301 892 3403 970 γὰρ
3425 891 3519 963 τὴν

1968 976 2212 1055 βασιλίδα
2261 975 2441 1054 βιαίως
2481 975 2633 1054 ἔσχε,
2687 976 2778 1034 καὶ
2820 978 2934 1044 ταῖς
2978 977 3160 1044 ἄλλαις
3209 978 3525 1036 παλλακίσιν

1967 1065 2189 1144 ἀφειδῶς
2208 1063 2421 1122 διετέλει
2447 1062 2714 1143 χρώμενος
2735 1087 2748 1102 ·
2773 1063 3078 1141 πειθόμενος
3104 1066 3157 1124 δὲ
3183 1065 3285 1124 ὑπὸ
3313 1069 3415 1124 τῶν
3442 1067 3529 1147 φί-

1965 1152 2071 1207 λων
2100 1148 2332 1227 διάδημα
2362 1150 2560 1230 ἐφόρει,
2588 1149 2680 1208 καὶ
2704 1152 2892 1229 ἀντῇρε
2937 1154 3012 1228 τῷ
3053 1153 3279 1232 ἀδελφῷ.
3366 1152 3436 1212 ‘O
3472 1153 3527 1212 δὲ

1965 1236 2276 1314 τεταγμένος
2311 1238 2397 1296 ἐπὶ
2438 1240 2543 1295 τῶν
2578 1240 2729 1317 ἱερῶν
2774 1242 2867 1310 τῆς
2894 1237 3168 1316 Αἰγύπτου
3206 1241 3411 1320 γράψας
3440 1245 3527 1318 βι-

1969 1322 2113 1381 6λίον
2149 1323 2352 1404 ἔπεμψε
2389 1327 2464 1403 τῷ
2491 1324 2752 1396 Σεθώσει,
2800 1326 2970 1396 δηλῶν
3017 1328 3159 1406 αὗτῷ
3194 1327 3400 1404 πάντα,
3438 1327 3529 1386 καὶ

1967 1410 2047 1468 ὅτι
2083 1414 2298 1492 ἅντῇρεν
2324 1414 2354 1468 6
2381 1411 2597 1491 ἀδελφὸς
2637 1413 2796 1470 αὐτοῦ
2844 1409 3085 1491 Ἀρμαῖς.
3180 1416 3527 1494 Παραχρῆμα

1967 1490 2056 1555 οὖν
2083 1497 2399 1577 ὑπέστρεψεν
2428 1501 2501 1563 εἰς
2535 1498 2850 1571 Πηλούσιον,
2878 1499 2969 1557 καὶ
2997 1498 3252 1578 ἐκράτησε
3277 1507 3368 1572 τῆς
3397 1501 3529 1567 ἰδίας

1971 1584 2256 1662 βασιλείας.
2342 1588 2414 1645 Ἥ
2440 1585 2493 1644 δὲ
2521 1584 2672 1664 χώρα
2694 1586 2886 1658 ἐκλήθη
2908 1587 3013 1646 ἀπὸ
3035 1592 3122 1646 τοῦ
3152 1589 3310 1646 αὐτοῦ
3338 1587 3527 1664 ὀνόμα-

1967 1693 2051 1738 τος
2071 1671 2351 1749 Αἴγυπτος.
2437 1672 2596 1750 Λέγει
2628 1671 2728 1750 γὰρ
2757 1673 2836 1731 ὅτι
2859 1677 2886 1732 6
2916 1673 3010 1752 μὲν
3044 1672 3270 1740 Σέθωσις
3293 1676 3529 1733 ἐκαλεῖτο

1970 1759 2263 1838 Αἴγυπτος,
2292 1757 2512 1840 Ἀρμαῖς
2537 1759 2588 1818 δὲ
2617 1765 2644 1818 6
2669 1762 2887 1842 ἀδελφὸς
2917 1764 3073 1820 αὑτοῦ
3100 1762 3321 1828 Δαναός.
3343 1789 3368 1814 ¹·

2053 1845 2147 1911 ις’.
2189 1849 2371 1905 Ταῦτα
2395 1846 2490 1924 μὲν
2519 1852 2545 1905 6
2575 1847 2852 1908 Μανεθών.
2920 1850 3091 1919 Δῆλον
3116 1848 3177 1908 δέ
3189 1852 3325 1907 ἐστιν
3353 1852 3526 1908 ἐκτῶν

1970 1931 2256 2011 εἰρημένων
2279 1935 2408 1992 ἐτῶν
2434 1938 2523 1991 τοῦ
2547 1934 2735 2012 χρόνου
2779 1933 3201 2011 συλλογισθέντος
3229 1933 3308 2002 ὅτι
3344 1938 3390 1992 οῖ
3424 1958 3529 1993 κα·-

1968 2018 2209 2095 λούμενοι
2236 2020 2500 2097 ποιμένες,
2541 2021 2786 2098 ἡμέτεροι
2816 2019 2868 2078 δὲ
2898 2019 3173 2100 πρόγονοι,
3204 2021 3378 2102 τρισὶ
3419 2022 3530 2080 καὶ

1971 2105 2366 2176 ἐνενήκοντα
2407 2107 2522 2164 καὶ
2575 2106 2961 2186 τριακοσίοις
2997 2106 3217 2186 πρόσθεν
3255 2107 3419 2166 ἔτεσιν
3469 2110 3530 2166 ἐκ

1969 2197 2062 2263 τῆς
2086 2193 2351 2270 Αἰγύπτου
2388 2193 2775 2270 ἀπαλλαγέντες
2815 2193 2908 2264 τὴν
2951 2194 3131 2273 χώραν
3158 2193 3354 2264 ταύτην
3390 2194 3530 2273 ἐπῴ-

1970 2303 2137 2352 κησαν
2163 2279 2198 2350 ἢ
2223 2279 2431 2340 Δαναὸν
2455 2283 2524 2346 εἷς
2543 2277 2726 2359 Ἀργος
2760 2279 3051 2360 ἀφικέσθαι.
3137 2280 3323 2342 Καίτοι
3350 2286 3529 2339 τοῦτον

1970 2368 2313 2448 ἀρχαιότατον
2358 2368 2572 2447 Ἀργεῖοι
2597 2369 2880 2444 νομίζουσι.
2959 2365 3066 2426 Δύο
3099 2365 3265 2426 τοίνυν
3297 2371 3324 2424 6
3350 2370 3530 2426 Μανε-

1971 2457 2073 2514 θὼν
2111 2460 2239 2532 ἡμῖν
2266 2455 2332 2514 τὰ
2358 2455 2579 2533 μέγιστα
2614 2453 3016 2535 μεμαρτύρηκεν
3040 2456 3099 2512 ἐκ
3134 2458 3236 2513 τῶν
3265 2455 3387 2533 παρ’
3416 2457 3528 2516 Αἷ-

1970 2544 2202 2622 γυπτίοις
2230 2543 2552 2624 γραμμάτων
2574 2564 2588 2578 ·
2615 2546 2819 2623 πρῶτον
2857 2542 2950 2617 μὲν
2970 2541 3065 2611 τὴν
3086 2541 3329 2620 ἑτέρωθεν
3359 2541 3527 2621 ἄφιξιν

1973 2635 2044 2699 εἰς
2077 2630 2366 2709 Αἴγυπτον,
2392 2630 2572 2690 ἔπειτα
2599 2628 2654 2687 δὲ
2681 2630 2777 2700 τὴν
2807 2632 2997 2688 ἐκεῖθεν
3017 2627 3346 2707 ἀπαλλαγὴν,
3371 2628 3529 2696 οὕτως

1975 2721 2201 2799 ἀρχαίαν
2226 2720 2330 2785 τοῖς
2355 2717 2585 2797 χρόνοις,
2621 2721 2689 2785 ὡς
2739 2718 2889 2796 ἐγγύς
2933 2741 3034 2777 που
3063 2720 3330 2799 προτερεῖν
3368 2718 3529 2789 αὐτὴν

1971 2812 2077 2866 τῶν
2107 2806 2348 2865 Ἰλιακῶν
2387 2805 2525 2864 ἔτεσι
2560 2804 2765 2883 χιλίοις.
2847 2803 3018 2884 ’Υπὲρ
3041 2799 3112 2864 ὧν
3136 2807 3180 2864 δ’
3225 2809 3252 2864 6
3276 2803 3528 2875 Μανεθὼν

1972 2897 2066 2953 οὐκ
2096 2895 2154 2952 ἐκ
2173 2896 2275 2951 τῶν
2297 2895 2424 2973 παρ’
2449 2892 2752 2970 Αἰγυπτίοις
2780 2892 3128 2974 γραμμάτων,
3148 2891 3264 2951 ἀλλ’
3291 2897 3362 2960 ὡς
3380 2893 3532 2960 αὐτὸς

1971 2981 2329 3058 ὡμολόγησεν,
2351 2984 2409 3038 ἐκ
2430 2983 2534 3037 τῶν
2557 2979 2855 3047 ἀδεσπότοις
2888 2980 3342 3058 μυθολογουμένων
3369 3002 3533 3058 προσ-

1971 3068 2196 3127 τέθεικεν
2255 3065 2464 3147 ὕστερον
2509 3068 2596 3147 (v.
2641 3070 2710 3126 fr.
2755 3069 2866 3145 52)
2903 3066 3147 3145 ἐξελέγξω
3180 3067 3318 3126 κατὰ
3346 3067 3532 3147 μέρος,

1966 3240 2103 3297 ctus,
2120 3237 2282 3285 omnia
2299 3239 2467 3286 contra
2484 3248 2632 3298 quam
2658 3236 2805 3285 frater
2825 3239 3083 3285 monuerat
3109 3248 3172 3285 ne
3195 3237 3396 3290 faceret,
3427 3236 3529 3285 sine

1975 3317 2150 3364 timore
2170 3315 2371 3364 faciebat
2396 3334 2409 3363 ι
2434 3327 2547 3363 nam
2577 3317 2628 3364 et
2658 3313 2834 3377 regium
2863 3314 2964 3364 vim
2983 3315 3241 3375 inferebat,
3265 3314 3532 3377 ceterisque

1974 3392 2254 3445 concubinis
2270 3391 2329 3440 ad
2358 3391 2549 3441 libitum
2568 3391 2757 3441 misceri
2775 3405 2872 3441 non
2894 3392 3109 3441 cessabat
3140 3412 3151 3439 :
3184 3404 3531 3454 persuasusque

1977 3470 2041 3519 ab
2059 3469 2223 3519 aulicis
2239 3482 2415 3518 corona
2434 3469 2681 3528 utebatur,
2700 3471 2749 3519 et
2764 3471 2932 3519 contra
2951 3469 3147 3518 fratrem
3169 3468 3456 3530 insurgebat.
3487 3472 3533 3519 ls

1976 3560 2093 3595 vero
2111 3546 2196 3608 qui
2214 3546 2502 3594 constitutus
2520 3547 2622 3594 erat
2639 3559 2780 3607 super
2796 3559 2932 3594 sacra
2957 3545 3233 3607 AEgyptiaffl
3247 3582 3262 3605 ,
3287 3545 3532 3595 codicillos

1979 3624 2167 3673 Sethosi
2186 3623 2342 3682 misit,
2359 3634 2472 3669 eum
2489 3622 2551 3671 de
2567 3623 2790 3672 omnibus
2812 3623 3065 3672 certiorem
3086 3622 3285 3683 faciens,
3304 3622 3531 3685 quodque

1978 3703 2124 3749 frater
2142 3699 2290 3761 ipsius
2307 3699 2495 3748 Armais
2513 3703 2680 3747 contra
2704 3713 2815 3748 eum
2838 3699 3018 3749 bellum
3038 3702 3269 3751 moveret.
3299 3700 3432 3748 lllico
3451 3699 3532 3762 lgi-

1974 3782 2058 3828 tur
2090 3777 2330 3828 Pelusium
2367 3790 2584 3827 reversus
2619 3780 2720 3839 est,
2758 3780 2809 3827 et
2844 3776 3086 3841 proprium
3119 3778 3278 3827 tenuit
3308 3792 3524 3840 regnum.

1975 3855 2226 3906 Provincia
2248 3866 2362 3903 vero
2381 3866 2440 3903 ex
2459 3854 2564 3916 ejus
2579 3854 2775 3904 nomine
2790 3855 3026 3917 appellata
3043 3857 3117 3905 est
3134 3858 3385 3918 AEgyptus.
3403 3855 3531 3905 Dicit

1974 3933 2106 3983 enim
2138 3930 2269 3995 quod
2301 3931 2513 3981 Setbosis
2533 3931 2731 3994 quidem
2765 3933 2999 3994 AEgyptus
3023 3932 3307 3993 vocabatur,
3344 3932 3529 3982 Armais

1974 4012 2134 4059 autem
2159 4010 2303 4057 frater
2321 4010 2433 4068 ejus
2451 4011 2658 4058 Danaus.
2690 4029 2712 4050 ι·

2043 4094 2113 4137 16.
2130 4088 2287 4149 Atque
2305 4087 2410 4135 hoec
2423 4086 2615 4149 quidem
2635 4087 2874 4137 manetho.
2889 4091 3012 4150 Ergo
3024 4088 3062 4137 si
3081 4088 3274 4150 tempus
3285 4087 3345 4136 sd
3365 4087 3528 4135 initam

1976 4178 2210 4214 annorum
2248 4164 2448 4214 istorum
2480 4164 2715 4214 rationem
2743 4165 3011 4227 exigemus,
3040 4164 3277 4214 constabit
3303 4163 3528 4223 omnino,

1975 4255 2100 4302 quos
2129 4242 2348 4290 Pastores
2367 4239 2454 4303 ipsi
2485 4241 2751 4303 vocabant,
2785 4240 2988 4303 majores
3024 4244 3237 4301 nostros,
3260 4240 3396 4289 annis
3419 4244 3530 4289 ante

1977 4318 2130 4367 tribus
2146 4320 2194 4367 et
2212 4318 2467 4380 nonaginta
2486 4330 2630 4380 supra
2648 4321 2913 4377 trecentos,
2932 4318 3014 4367 ubi
3032 4330 3094 4367 ex
3115 4319 3320 4380 AEgypto
3336 4318 3530 4379 migras-

1975 4399 2082 4454 sent
2096 4433 2111 4457 ,
2132 4396 2371 4458 regionem
2390 4396 2521 4445 illam
2539 4396 2763 4446 insedisse
2776 4432 2790 4458 ,
2812 4410 2958 4459 quam
2987 4400 3182 4447 Danaus
3201 4402 3349 4459 Argos
3368 4395 3527 4445 venis·

1973 4475 2077 4533 set,
2095 4473 2179 4535 qui
2203 4475 2362 4522 tamen
2381 4473 2444 4521 ab
2477 4472 2659 4535 Argivis
2676 4485 2763 4535 pro
2784 4473 3114 4535 antiquissimo
3131 4473 3417 4523 celebratur.
3453 4474 3528 4520 lta

1973 4549 2075 4598 duo
2112 4550 2252 4599 nobis
2287 4562 2439 4613 eaque
2472 4562 2588 4599 sane
2632 4550 2874 4613 praecipua
2914 4551 3006 4599 hoc
3039 4550 3364 4612 manethonis,
3398 4549 3530 4610 quod

1974 4627 2302 4689 AEgyptiarum
2323 4626 2569 4676 literarum
2596 4627 2738 4677 tidem
2761 4627 2998 4689 sequitur,
3017 4627 3290 4678 testimonio
3312 4626 3530 4675 confecta

1975 4706 2089 4753 sum
2126 4723 2139 4752 :
2175 4704 2409 4762 alterum,
2437 4717 2520 4753 eos
2545 4704 2595 4753 in
2617 4707 2875 4767 AEgyptum
2904 4704 3099 4754 aliunde
3129 4704 3367 4768 profectos
3393 4716 3527 4765 esse3

1975 4783 2210 4840 alterum,
2235 4780 2442 4830 indidem
2469 4781 2594 4842 ipsos
2615 4781 2710 4831 alio
2741 4781 3102 4844 commigrasse,
3124 4781 3256 4843 quod
3272 4782 3416 4830 etiam
3440 4794 3529 4842 po·

1975 4859 2150 4907 stoeius
2185 4857 2307 4906 adeo
2337 4860 2609 4919 vetustum,
2650 4860 2703 4907 ut
2737 4858 2944 4918 Troiana
2973 4861 3190 4920 tempora
3215 4858 3352 4906 annis
3380 4870 3529 4920 prope

1978 4937 2111 4987 mille
2140 4936 2457 4986 antecederet.
2493 4940 2588 4987 lsta
2612 4951 2726 4986 vero
2755 4950 2868 4999 quae
2905 4938 3133 4987 manetho
3161 4950 3258 4987 non
3286 4950 3346 4985 ex
3381 4935 3529 4985 literis

1976 5016 2290 5078 AEgyptiacis,
2314 5016 2426 5078 sed,
2449 5017 2692 5078 sicutipse
2711 5016 2948 5078 professus
2964 5019 3065 5077 est,
3081 5017 3144 5066 ab
3159 5017 3349 5066 incertis
3366 5018 3527 5064 sudo-

1977 5092 2112 5143 ribus
2142 5096 2433 5152 memorata,
2469 5093 2674 5154 adjecit,
2702 5095 2866 5155 ponsa
2900 5093 3220 5155 particulatim
3252 5092 3525 5149 excutiam,

336 5167 532 5229 longum
560 5168 935 5230 protraheretur,
957 5167 1168 5229 Armais,
1188 5167 1272 5230 qui
1301 5167 1347 5216 in
1373 5170 1575 5231 AEgypto
1594 5168 1747 5217 tuerat
1780 5169 1888 5217 reli-
1974 5184 2032 5219 en
2055 5169 2299 5222 mendacis
2318 5184 2418 5220 esse
2441 5171 2693 5221 ostendeus
2712 5171 2813 5219 sine
2844 5170 3250 5221 verisimilitudine
3273 5169 3491 5219 maneta.
