4016 5916
1687 404 2131 468 MESSENtUs.

314 540 494 597 chum
518 558 657 595 vero
683 540 743 593 in
788 532 1227 613 Καταμετρήσεσι
1251 537 1419 590 etiam
1444 535 1515 591 de
1543 537 1748 609 plantis
1783 554 1873 590 ea·

326 642 567 699 rumque
592 626 805 680 viribus
825 633 883 678 et
903 621 975 678 de
1002 622 1257 695 reliquis,
1300 640 1424 695 quae
1452 623 1688 694 quisque
1712 640 1877 676 mons

328 712 719 769 memorabilia
737 710 999 780 haberet,
1029 710 1344 782 exposuisse
1371 719 1637 765 statuunt.
1667 711 1873 766 Verum

324 803 445 856 haec
467 810 597 855 sunt
624 797 1042 871 desperantium
1068 796 1300 852 consilia
1317 807 1564 853 extrema
1581 838 1597 863 ‚
1628 815 1751 869 quae
1780 815 1875 852 co·

329 887 521 942 dicum
539 883 761 939 indiciis
783 882 1249 952 condemnantur,
1276 895 1443 956 atque
1467 902 1535 939 eo
1563 882 1875 953 diluuntur,

322 973 491 1047 quod
508 972 645 1028 Pelii
658 970 958 1044 descriptio
975 969 1170 1042 juncta
1195 980 1312 1026 erat
1340 970 1701 1044 descriptioni
1724 969 1881 1025 urbis

332 1057 719 1117 Demetriadis.

413 1148 593 1222 igitur
618 1163 740 1218 quae
761 1145 1051 1217 hucusque
1074 1143 1476 1218 disputavimus
1493 1187 1509 1214 ,
1536 1145 1593 1199 in
1627 1163 1747 1199 eam
1782 1162 1884 1198 nos

336 1235 551 1289 ducunt
569 1232 897 1288 sententiam
915 1270 932 1301 ,
962 1240 1026 1286 ut
1052 1232 1422 1306 geographica
1441 1232 1560 1287 haec
1578 1232 1884 1306 fragmenta

338 1323 410 1378 ab
432 1336 603 1395 opere
631 1314 748 1383 Βίος
767 1314 1023 1381 Ἑλλάδος
1050 1319 1318 1393 inscripto
1341 1319 1521 1375 aliena
1554 1336 1695 1386 esse,
1721 1326 1775 1372 et
1811 1318 1882 1371 si-

334 1411 453 1465 cuti
474 1408 720 1480 reliqua,
744 1423 868 1476 quae
893 1403 1115 1460 codices
1142 1406 1452 1473 continent,
1476 1422 1542 1460 ex
1562 1422 1733 1478 opere
1751 1420 1884 1457 vere

327 1494 744 1570 geographico,
772 1488 902 1568 Περὶ
927 1492 1021 1559 τῆς
1043 1487 1299 1556 Ἑλλάδος
1326 1488 1526 1548 πόλεων
1548 1503 1603 1548 et
1634 1489 1887 1546 similiter

339 1586 605 1658 inscripto
630 1623 647 1652 ‚
675 1581 852 1655 petita
881 1598 1215 1635 censeamus.
1243 1581 1398 1653 Opus
1421 1580 1531 1634 hoc
1561 1578 1889 1654 geographi·

330 1690 466 1726 cum
477 1690 507 1725 a
519 1669 840 1725 Dicaearcho
850 1666 1167 1741 profectum
1177 1684 1310 1735 esse,
1325 1668 1421 1721 etsi
1432 1684 1520 1722 res
1530 1666 1888 1721 incertissima

332 1768 447 1827 est,
478 1768 665 1814 tamen
689 1764 993 1829 propterea
1010 1754 1249 1809 maxime
1270 1754 1537 1826 suspicari
1556 1753 1706 1823 licet,
1734 1751 1890 1824 quod

334 1863 466 1918 quae
503 1844 575 1900 de
616 1841 807 1897 indole
853 1850 909 1896 et
933 1840 1187 1895 moribus
1229 1840 1455 1895 urbium
1496 1842 1557 1895 in
1584 1840 1785 1914 fragm.
1816 1838 1889 1894 58

337 1931 515 1986 multa
563 1937 942 2003 exponuntur,
991 1928 1241 2001 apprime
1284 1926 1483 1982 cadere
1530 1926 1793 1981 videntur
1834 1927 1893 1979 in

336 2037 472 2073 eum
494 2026 782 2073 auctorem
796 2057 812 2085 ,
840 2032 1006 2087 quem
1027 2016 1193 2069 etiam
1217 2015 1277 2068 in
1296 2015 1526 2087 reliquis
1544 2014 1655 2069 suis
1675 2014 1895 2087 scriptis

338 2105 417 2163 ad
477 2106 595 2160 baec
655 2103 895 2158 maxime
947 2101 1245 2157 attendisse
1312 2113 1745 2157 consentaneum
1802 2103 1890 2156 sit.

338 2193 694 2263 Quamquam
736 2188 781 2244 si
807 2186 1114 2243 Dicaearchi
1139 2205 1281 2260 opus
1308 2198 1389 2242 est
1412 2229 1428 2257 ,
1457 2206 1485 2241 a
1510 2205 1639 2243 sene
1667 2187 1895 2243 demum

344 2277 637 2350 decrepito
662 2274 1038 2348 conscriptum
1056 2291 1169 2329 esse
1198 2273 1386 2329 debet.

427 2366 526 2421 Sin
553 2382 621 2419 ex
649 2363 757 2419 alio
786 2373 1014 2417 auctore
1041 2362 1213 2435 petita
1253 2360 1561 2436 fragmenta
1589 2369 1745 2430 sunt,
1780 2360 1895 2415 duo

348 2452 591 2509 maxime
630 2449 943 2505 offeruntur
984 2450 1318 2522 scriptores,
1361 2465 1608 2519 quorum
1646 2447 1901 2503 alterutri

349 2535 685 2594 vindicanda
714 2554 827 2592 esse
852 2537 1165 2610 putaveris,
1197 2534 1431 2590 Phileas
1455 2532 1812 2590 Atheniensis
1846 2546 1903 2590 et

352 2625 675 2682 Heraclides
689 2628 921 2681 criticus.
935 2654 1015 2666 —-
1029 2625 1113 2679 De
1127 2622 1316 2678 Philea
1332 2622 1655 2677 Atheniensi
1668 2632 1901 2696 propter

351 2733 415 2769 ca
437 2712 684 2786 cogitare
710 2710 840 2766 licet
858 2751 874 2780 ,
906 2728 1028 2783 quae
1055 2709 1316 2785 leguntur
1332 2710 1389 2763 in
1414 2709 1667 2783 Dionysii
1693 2707 1899 2786 Ἀναγρ.

348 2822 405 2856 v.
441 2800 510 2857 33
544 2818 557 2857 :

472 2912 531 2962 Ἦ
555 2910 719 2968 Ἑλλὰς
734 2910 828 2961 ἀπὸ
846 2915 929 2970 τῆς
945 2908 1221 2973 Ἀμὸρακίας
1250 2907 1369 2956 εἶναι
1389 2908 1518 2956 δοκεῖ

474 2983 679 3044 μάλιστα
698 2981 917 3044 συνεχής·
941 2981 995 3029 τὸ
1026 2981 1166 3042 πέρας
1187 2979 1327 3036 αὐτῆς
1350 2977 1389 3026 δ’
1406 2977 1589 3039 ἔρχεται

473 3053 547 3100 ἐπὶ
567 3051 646 3099 τὸν
664 3052 876 3113 ποταμὸν
895 3051 1109 3108 Πηνειόν,
1136 3052 1199 3105 ὡς
1213 3052 1259 3097 Φ
1273 3050 1397 3097 ιλὲα
1412 3065 1432 3104 ς
1446 3047 1625 3110 γράφει,

470 3120 579 3183 ὄρος
593 3128 644 3168 ‘tt
668 3120 928 3183 Μαγνήτων
943 3119 1148 3181 Ὁμόλην
1170 3117 1471 3178 καλούμενον.

479 3191 609 3246 Τινὲς
623 3190 671 3238 δὲ
688 3190 770 3247 τὴν
792 3190 1073 3254 Μαγνησίαν
1098 3195 1178 3247 τῆς
1200 3187 1415 3241 Ἑλλάδος

478 3259 690 3320 λέγουσιν
707 3259 843 3319 εἶναι,
868 3259 948 3308 τὸν
966 3259 1017 3308 δὲ
1040 3259 1212 3307 Φιλέω
1235 3256 1419 3319 ἀγνοεῖν

487 3327 865 3391 ἀποχωρίσαντα,
896 3333 1035 3378 τοῦτο
1048 3328 1088 3378 δ’
1101 3328 1218 3376 εἶναι
1233 3325 1464 3388 συμφανὲς

483 3400 574 3452 τοῖς
597 3397 858 3460 φιλομαθεῖν
874 3397 1074 3461 μάλιστα
1091 3397 1502 3461 φιλοτιμουμένοιςκ

356 3505 559 3558 Noster
586 3521 721 3559 vero
750 3505 825 3559 ita
869 3504 967 3578 (fr.
998 3503 1074 3560 60
1103 3504 1227 3558 init.
1251 3512 1307 3558 et
1332 3499 1479 3576 fine)
1517 3520 1530 3555 t
1561 3495 1676 3567 Τὴν
1707 3495 1799 3572 μὲν
1824 3487 1910 3554 οὗν

360 3585 597 3646 Ἐλλάδα
622 3587 781 3668 μέχρι
815 3593 906 3648 τοῦ
935 3587 1232 3665 Μαγνήτων
1258 3586 1482 3667 άφορίζω
1502 3583 1790 3663 [Ὀμολίου
1823 3584 1912 3642 καὶ

360 3678 463 3732 τῶν
486 3676 787 3738 Θετταλῶν.
811 3680 943 3735 Haec
963 3680 1297 3734 omittuntur
1315 3676 1475 3730 initio
1498 3672 1732 3750 fragm.]
1753 3671 1915 3744 στάμ-

360 3785 465 3820 που
489 3763 610 3839 (vel
640 3761 882 3841 στομίου;
907 3766 984 3821 sic
1015 3763 1187 3820 codd.
1217 3774 1503 3837 corrupte.
1528 3762 1759 3836 Τεμπῶν
1786 3762 1912 3835 plu·

362 3856 492 3910 rimi
533 3858 741 3932 corrigi
763 3857 1019 3932 volunt).
1065 3853 1224 3931 Τάχα
1263 3854 1316 3911 δὲ
1364 3850 1584 3934 φήσουσί
1610 3874 1740 3919 τινες
1777 3856 1916 3928 ἡμᾶς

365 3943 565 4017 ἀγνοεῖν
588 3940 681 4013 τὴν
720 3942 1022 4004 Θεσσαλίαν
1050 3946 1141 4012 τῆς
1171 3940 1423 4008 Ἑλλάδος
1445 3944 1884 4021 καταριθμοῦντας
1901 3987 1916 4013 ,

367 4027 567 4107 ἄπειροι
586 4033 679 4100 τῆς
700 4032 803 4086 τῶν
828 4028 1149 4107 πραγμάτιον
1171 4029 1311 4094 ὄντες
1331 4026 1591 4099 ἀληθείας.

445 4119 703 4192 Utroque
723 4120 852 4174 loco
872 4119 1083 4176 Graecia
1104 4120 1387 4192 pertinere
1410 4117 1619 4173 dicitur
1642 4135 1818 4190 usque
1844 4117 1918 4173 ad

375 4205 650 4260 llomolen
676 4207 791 4261 sive
818 4206 1149 4262 Homolium
1192 4204 1209 4281 (
1231 4201 1440 4280 λέγεται
1460 4201 1561 4283 γὰρ
1587 4199 1916 4283 ἀμφοτέρως,

368 4291 569 4346 Strabo
610 4311 671 4365 p.
723 4292 835 4357 [⁴43
858 4288 893 4364 ).
922 4295 1128 4349 Noster
1175 4312 1312 4348 vero
1363 4293 1691 4348 sententiam
1731 4308 1915 4359 suam,

368 4395 479 4450 qua
507 4373 839 4435 Thessaliam
868 4382 926 4435 in
949 4382 1161 4437 Graecia
1182 4380 1583 4451 comprehendi
1611 4380 1751 4447 vult,
1775 4380 1918 4434 mul-

375 4465 440 4519 tis
461 4466 645 4522 verbis
690 4467 938 4541 probare
973 4468 1189 4534 studet,
1226 4467 1368 4523 adeo
1398 4476 1460 4521 ut
1489 4476 1771 4537 tamquam
1804 4467 1920 4538 pri·

372 4570 495 4608 mus
542 4552 658 4626 ejus
706 4566 905 4611 auctor
941 4556 1099 4610 citari
1138 4574 1168 4611 a
1214 4547 1515 4610 serioribus
1555 4545 1922 4625 scriptoribus

371 4641 641 4710 potuerit.
695 4641 958 4696 Ceterum
985 4642 1201 4697 Phileas
1231 4659 1265 4696 a
1294 4640 1499 4696 Graecia
1527 4638 1775 4694 excludit
1796 4635 1921 4706 Ma-

372 4727 615 4798 gnesiam
631 4769 645 4796 ,
668 4730 781 4784 sive
803 4739 1041 4784 tractum
1060 4728 1217 4782 illum
1237 4727 1511 4783 litoralem
1527 4768 1543 4796 ,
1576 4728 1673 4799 qui
1694 4743 1727 4782 a
1753 4727 1922 4781 Penei

376 4814 526 4870 ostiis
564 4813 637 4870 ad
691 4816 909 4870 Pelium
936 4825 1183 4870 montem
1226 4826 1281 4870 et
1322 4816 1506 4870 sinum
1545 4814 1918 4887 Pagaseticum

375 4903 640 4957 excurrit.
663 4905 747 4958 De
766 4903 853 4958 his
879 4904 939 4957 in
958 4903 1269 4976 fragmento
1298 4913 1490 4957 nostro
1519 4901 1667 4955 nihil·
1684 4901 1922 4975 legitur3

364 4984 748 5045 demonstrari
775 5007 910 5046 vero
943 4990 1141 5062 nequit
1171 4989 1590 5058 Dicaearchum,
1622 5005 1790 5061 quem
1830 4986 1923 5043 di-

366 5091 503 5129 cere
543 5075 741 5147 liceat,
781 5078 1117 5153 Magnesiam
1160 5077 1382 5134 Graeciae
1421 5077 1743 5150 ascripsisse.
1782 5076 1923 5131 Nam

376 5160 536 5233 quod
550 5163 968 5221 Demetriadem
980 5163 1181 5221 urbem
1208 5166 1268 5221 in
1286 5182 1458 5239 opere
1478 5182 1581 5220 suo
1602 5162 1922 5236 descripsit,

3394 415 3501 468 ²⁸1

1965 537 2106 592 nihil
2149 537 2388 611 probat,
2433 537 2702 608 quoniam
2738 536 2854 591 haec
2889 536 2949 590 in
2979 533 3185 591 finibus
3225 536 3522 611 Magnesiae

1963 626 2098 695 sita,
2150 625 2311 680 sicuti
2358 624 2575 692 lolcus‚
2626 623 2802 678 modo
2852 625 3146 697 Magnesiae
3191 624 3366 680 modo
3411 623 3522 680 Pe-

1965 710 2248 786 lasgiotidi
2268 711 2555 768 tribuitur.
2583 708 2694 784 (Cf.
2714 708 2937 765 Miiller.
2956 712 3022 764 Z.
3051 711 3222 764 Karte
3235 712 3290 766 d.
3315 714 3517 767 noerdl.

1972 801 2065 855 (ir.
2109 817 2171 873 p.
2207 817 2238 868 7
2265 795 2304 874 ).
2337 799 2544 855 Contra
2570 816 2706 852 vero
2725 838 2742 866 ‚
2780 797 2824 851 si
2861 798 3196 870 Magnesiam
3229 799 3286 850 in
3316 799 3526 854 Graecia

1969 885 2481 959 comprehendisset
2519 895 2741 958 auctor,
2769 883 2897 955 jure
2934 902 3176 956 quaeras,
3199 903 3299 939 cur
3323 884 3527 942 dixerit

1969 984 2161 1047 patere
2201 992 2324 1028 eam
2362 991 2394 1029 a
2435 975 2824 1047 Peloponneso
2866 972 3098 1027 boream
3125 989 3314 1027 versus
3353 992 3530 1046 usque

1971 1061 2043 1117 ad
2075 1062 2361 1117 Homolen
2389 1073 2640 1118 montem
2669 1062 2686 1135 (
2709 1061 2806 1133 qui
2839 1060 2899 1114 in
2930 1058 3135 1114 finibus
3160 1059 3450 1116 Thessaliae
3478 1072 3532 1117 et

1971 1150 2263 1223 Magnesiae
2305 1149 2379 1205 ad
2414 1150 2657 1204 Peneum
2699 1144 2932 1203 fluvium
2971 1148 3106 1201 situs
3145 1144 3279 1221 est).
3330 1150 3532 1204 Nonne

1970 1237 2295 1310 simpliciter
2317 1235 2570 1292 dicturus
2596 1236 2782 1291 fuisset
2808 1254 2822 1290 ε
2848 1251 3025 1306 usque
3050 1232 3123 1289 ad
3150 1231 3400 1289 Peneum
3429 1234 3534 1290 flu·

1972 1324 2127 1378 vium
2166 1333 2221 1378 et
2256 1325 2532 1379 montium
2572 1333 2838 1391 tractum,
2881 1339 3022 1394 quos
3058 1321 3393 1378 Cambunios
3431 1342 3535 1377 vo-

1975 1411 2197 1466 camus?
2236 1414 2367 1467 Haec
2412 1412 2584 1485 igitur
2614 1411 2848 1465 suadent
2887 1410 3078 1482 potius
3111 1409 3376 1464 Nostrum
3417 1428 3534 1465 non

1976 1496 2285 1552 dissensisse
2328 1515 2360 1553 a
2387 1498 2595 1554 Philea.
2633 1495 2734 1555 Sin
2763 1514 2901 1551 vero
2937 1512 3252 1568 expressam
3288 1494 3405 1567 ejus
3452 1497 3536 1550 rei

1976 1585 2320 1640 mentionem
2353 1583 2667 1655 desideras,
2709 1601 2967 1639 accusare
2996 1600 3216 1656 possem
3239 1593 3533 1656 excerpto-

1977 1692 2130 1741 rem,
2176 1675 2271 1745 qui
2324 1675 2488 1746 plura
2529 1673 2796 1727 omiserit.
2847 1673 3041 1744 Neque
3085 1680 3268 1725 tamen
3314 1681 3395 1727 est
3435 1690 3538 1726 cur

1978 1759 2053 1815 ad
2083 1760 2190 1814 tale
2227 1760 2367 1832 quid
2412 1759 2816 1833 confugiamus.
2852 1757 3342 1830 Quemadmodum
3388 1758 3538 1814 enim

1979 1856 2175 1900 nostro
2209 1846 2337 1900 loco
2366 1845 3034 1920 declaratur„quousque
3075 1863 3108 1899 a
3146 1843 3383 1898 meridie
3425 1842 3538 1896 bo·

1980 1950 2134 1987 ream
2165 1949 2359 1987 versus
2384 1933 2596 1988 Graecia
2634 1941 2852 2006 pateat,
2883 1934 2959 1987 sic
2995 1934 3055 1986 in
3085 1928 3541 1987 antecedentibus

1982 2031 2180 2075 auctor
2216 2021 2532 2094 exposuisse
2562 2020 2849 2095 putandus
2885 2032 2994 2088 est,
3035 2037 3328 2092 quousque
3353 2025 3544 2092 pateat
3610 2048 3620 2059 ·

1982 2109 2055 2164 ab
2097 2126 2297 2163 occasu
2333 2110 2608 2163 orientem
2646 2126 2855 2165 versus,
2889 2110 3074 2180 Atque
3100 2106 3204 2162 hac
3231 2108 3289 2161 in
3316 2105 3543 2180 exposi-

1984 2195 2139 2250 tione
2161 2195 2429 2250 Homoles
2455 2214 2498 2253 s,
2523 2196 2770 2251 Homolii
2795 2197 3139 2250 mentionem
3165 2193 3376 2249 faciunt
3401 2195 3543 2250 Dio·

1984 2283 2172 2354 nysius
2191 2292 2246 2337 et
2267 2282 2462 2355 Scylax
2485 2283 2585 2355 qui
2608 2282 2847 2338 eundem
2870 2282 3116 2337 Phileam
3134 2280 3423 2354 exscripsit
3447 2277 3539 2357 (‘).

1984 2370 2198 2424 Dicunt
2232 2370 2380 2423 enim
2410 2368 2676 2425 Graeciam
2720 2370 2999 2442 pertinere
3028 2368 3099 2423 ab
3131 2368 3425 2424 Ambran'a
3452 2386 3544 2423 us·

1989 2474 2099 2529 que
2130 2456 2202 2510 ad
2231 2457 2552 2511 Homoliam
2570 2497 2586 2525 ,
2612 2459 2671 2511 in
2697 2458 2990 2531 Magnesiae
3019 2454 3255 2524 finibus,
3278 2455 3545 2511 docentes

1988 2547 2179 2618 itaque
2204 2562 2324 2599 eam
2352 2556 2571 2617 partem
2612 2563 2736 2618 quae
2772 2545 2841 2600 ab
2870 2545 3140 2600 Homolio
3167 2553 3246 2598 est
3273 2561 3448 2617 usque
3471 2544 3546 2599 ad

1987 2649 2171 2698 mare,
2193 2631 2437 2686 excludi.
2459 2634 2586 2687 Hoc
2614 2633 2784 2706 igitur
2807 2632 2935 2687 loco
2959 2633 3122 2686 etiam
3141 2632 3343 2685 Noster
3371 2630 3442 2686 de
3461 2631 3547 2687 bis

1989 2719 2247 2793 pluribus
2280 2721 2592 2788 monuerit,
2635 2718 2881 2792 ideoque
2917 2729 3112 2773 nostro
3156 2718 3285 2771 loco
3323 2719 3547 2772 Homo-

1993 2808 2131 2861 lium
2153 2817 2436 2879 tamquam
2455 2808 2756 2862 terminum
2776 2847 2791 2874 ,
2818 2805 2889 2861 de
2918 2825 3032 2878 quo
3050 2805 3166 2875 jam
3192 2805 3545 2877 exposuerit,

1992 2895 2172 2950 verbo
2202 2912 2642 2950 commemorare
2676 2894 2938 2950 habuerit
2977 2895 3120 2950 satis.
3163 2894 3285 2947 Jam
3326 2909 3463 2947 vero
3504 2893 3549 2946 si

1994 2985 2331 3059 Magnesiam
2361 2983 2596 3038 exclusit
2611 3025 2626 3052 ,
2648 2984 2901 3056 sequitur
2919 2981 3299 3052 conjecturam
3327 2997 3547 3049 eorum,

1996 3074 2092 3145 qui
2116 3089 2225 3145 pro
2256 3072 2356 3128 τῶν
2379 3070 2669 3129 Θεσσαλῶν
2689 3067 2931 3144 στάμπου
2959 3070 3047 3123 vel
3068 3064 3280 3141 στομίου
3299 3066 3553 3121 scribunt

1996 3181 2046 3219 τ.
2080 3158 2152 3217 Θ.
2183 3159 2436 3232 Τεμπῶν,
2464 3157 2684 3214 admitti
2717 3177 2834 3213 non
2855 3175 3032 3230 posse.
3055 3156 3197 3212 Nam
3219 3154 3549 3209 Homolium

1996 3265 2107 3302 see.
2132 3245 2465 3302 Strabonem
2496 3255 2578 3299 est
2604 3242 2744 3299 κατὰ
2771 3239 2865 3311 τὴν
2889 3237 3057 3319 ἀρχὴν
3087 3242 3180 3309 τ’ἧς
3198 3243 3289 3295 τοῦ
3325 3239 3549 3307 Πηνειοῦ

1999 3328 2085 3387 διὰ
2124 3333 2228 3388 τῶν
2256 3331 2490 3406 Τεμπῶν
2519 3327 2816 3398 διεκὸολῆς;
2842 3331 3030 3401 itaque
3062 3330 3271 3401 Tempe
3311 3345 3429 3381 non
3465 3328 3552 3383 fo·

1999 3431 2125 3474 rent
2151 3419 2570 3487 Thessalorum,
2605 3416 2703 3473 sed
2731 3415 3067 3490 Magnetum.
3103 3416 3288 3486 Quare
3329 3414 3554 3471 latuerit

2000 3516 2095 3561 aut
2122 3507 2209 3561 τοῦ
2234 3505 2524 3564 Θεσσαλῶν
2544 3501 2820 3577 Ὀλύμπου
2837 3544 2852 3571 ,
2881 3503 2958 3557 ita
2980 3503 3190 3556 scilicet
3215 3511 3278 3554 ut
3306 3519 3433 3555 cum
3454 3520 3555 3555 an-

2001 3593 2340 3665 tiquioribus
2363 3591 2731 3666 scriptoribus
2753 3590 3024 3662 Olympus
3049 3586 3271 3642 dicatur
3292 3596 3439 3641 totus
3461 3587 3555 3641 ille

2001 3681 2282 3735 montium
2315 3690 2551 3748 tractus,
2584 3679 2680 3751 qui
2713 3676 3042 3732 Thessaliam
3077 3684 3132 3729 et
3165 3673 3555 3729 Macedoniam

2003 3768 2292 3842 dispescit3
2327 3777 2423 3823 aut
2453 3764 2807 3823 scribendum
2853 3783 2866 3818 :
2899 3763 3004 3819 τῶν
3036 3761 3323 3818 Θεσσαλῶν
3361 3755 3554 3819 Γόννον

2001 3855 2115 3909 sive
2147 3854 2188 3911 Γ
2189 3850 2373 3924 όννων,
2404 3872 2527 3927 quae
2569 3853 2855 3908 Thessaliae
2899 3849 3036 3905 urbs
3074 3849 3234 3904 sicuti
3274 3848 3553 3917 Homole,

2002 3961 2072 3997 eo
2099 3943 2218 4018 ipso
2239 3942 2367 3997 loco
2394 3942 2497 3997 sita
2512 3951 2592 3995 est
2605 3939 2704 3993 ubi
2727 3941 2936 4011 Tempe
2955 3936 3111 3990 vallis
3133 3936 3280 4009 capit
3309 3935 3552 3990 initium.

2084 4031 2233 4086 Nihil
2262 4031 2432 4104 igitur
2455 4027 2730 4102 impedire
2763 4025 2990 4080 videtur
3019 4024 3156 4096 quin
3198 4033 3385 4077 nostra
3428 4034 3557 4094 apte
3637 4098 3648 4107 .

2006 4136 2133 4172 cum
2153 4118 2238 4186 iis,
2261 4136 2382 4189 quae
2401 4134 2467 4171 ex
2490 4115 2681 4170 Philea
2705 4112 3024 4180 traduntur,
3043 4111 3304 4184 componi
3319 4111 3553 4182 possint.

2070 4273 2132 4330 (¹¹)
2163 4270 2340 4332 Scylax
2368 4269 2398 4333 S
2420 4274 2478 4319 33
2501 4288 2516 4320 ε
2541 4269 2776 4318 Ἐντεῦθεν
2800 4269 2903 4326 (sc.
2925 4267 3021 4315 ἀπὸ
3044 4264 3344 4327 Ἆμὸρακίας)
3368 4262 3551 4325 ἄρχεται

2006 4343 2036 4397 ἡ
2056 4341 2220 4396 Ἑλλὰς
2243 4340 2440 4401 συνεχὴς
2464 4338 2582 4387 εἶναι
2606 4339 2739 4401 μέχρι
2767 4338 2972 4393 Πηνειοῦ
2995 4349 3214 4394 ποταμο.)
3230 4334 3310 4380 καὶ
3333 4332 3556 4392 Ὀμολίοο

2006 4410 2186 4466 πόλεως
2223 4411 2470 4469 (montem
2504 4407 2836 4470 cognominem
2871 4407 3008 4468 ponit
3047 4403 3359 4465 Dionysius),
3392 4403 3423 4459 ἡ
3458 4401 3554 4449 ἐστι

2007 4481 2132 4542 παρὰ
2153 4480 2233 4528 τὸν
2260 4476 2485 4538 ποταμόν.
2509 4475 2691 4526 Deinde
2717 4475 2746 4538 §
2772 4482 2851 4532 66.
2867 4478 3120 4537 postquam
3144 4470 3395 4533 Magnesiae
3422 4482 3556 4518 oram

2008 4548 2404 4611 perlustraverat,
2420 4547 2571 4609 pergit
2590 4561 2603 4595 ε
2622 4545 2702 4595 Ἔν
2721 4545 2941 4608 μεσογείᾳ
2955 4545 3004 4592 δὲ
3022 4543 3263 4592 ίποικοῠσι
3283 4539 3525 4601 Περραιὸοὶ
3538 4573 3554 4598 ,

2005 4620 2239 4677 Ἕλληνες.
2256 4619 2404 4680 Μέχρι
2427 4616 2622 4666 ἐνταῦθά
2641 4618 2734 4677 (sc.
2753 4628 2903 4678 usque
2922 4613 2982 4662 ad
3000 4611 3283 4663 Perrbaebtae
3301 4612 3351 4659 et
3373 4611 3559 4670 Magne·

2008 4687 2093 4737 sia>
2116 4685 2346 4747 confinia)
2369 4686 2493 4734 ἐστιν
2516 4685 2612 4734 ἀπὸ
2636 4683 2912 4748 Ἀμόραιίας
2931 4681 3128 4743 συνεχὴς
3163 4681 3195 4738 ἡ
3216 4677 3398 4733 Ἑλλάς.
3423 4676 3558 4726 Ἐπι-

2011 4763 2146 4814 ειιῶς
2163 4757 2212 4806 δὲ
2237 4758 2317 4804 καὶ
2340 4756 2414 4804 ἐπὶ
2447 4755 2672 4805 Θάλατταν
2703 4760 2838 4804 πᾶσα
2860 4752 3043 4802 Ἑλλάδι
3071 4750 3231 4814 ὅμοιόν
3255 4750 3380 4798 ἐστιν
3407 4747 3559 4810 (lege-

2015 4829 2104 4877 rim
2123 4828 2202 4875 καὶ
2220 4829 2252 4886 ἡ
2270 4825 2580 4875 ἰπιθαλασσία
2595 4830 2731 4874 πᾶσα
2757 4826 2804 4873 ἐν
2823 4823 2946 4872 Ἑλλ.
2973 4819 3145 4885 ὁμοίως
3164 4819 3289 4869 ἐστίν
3303 4819 3340 4879 ).
3369 4820 3560 4867 Postre-

2012 4897 2102 4944 mis
2118 4895 2364 4950 Ἐπιεικῶς
2383 4895 2485 4944 κτλ.
2510 4893 2676 4943 eadem
2702 4893 2991 4950 indicantur,
3022 4904 3134 4954 quae
3161 4888 3417 4950 Dionysius
3446 4886 3562 4935 dicit

2011 4965 2121 5015 inde
2139 4977 2168 5014 a
2189 4964 2348 5014 verbis
2365 4965 2494 5020 Τινὲς
2512 4964 2561 5013 δὲ
2579 4965 2660 5013 καί
2681 4965 2765 5020 τὴν
2784 4963 3080 5023 Μαγνησίαν.
3099 4963 3223 5018 Quoe
3244 4957 3450 5008 Fuluius
3475 4956 3559 5017 iis,

2011 5048 2121 5099 quoe
2133 5034 2181 5084 in
2195 5033 2586 5084 antecedentibus
2600 5032 2661 5084 de
2677 5031 2838 5082 Phile·
2851 5031 3128 5092 traduntur,
3141 5028 3380 5079 contraria
3395 5028 3559 5090 putat,

2012 5104 2359 5157 versificatores
2377 5103 2673 5166 negligentiae
2686 5104 2889 5163 incusat,
2912 5103 3136 5164 virosque
3151 5101 3318 5150 doctos
3339 5100 3560 5154 miratur.

2015 5175 2097 5238 qui
2121 5174 2480 5239 repugnantiam
2505 5174 2644 5224 istam
2671 5187 2768 5224 non
2788 5172 3009 5223 viderint.
3030 5169 3320 5221 Dormitavit
3339 5165 3560 5219 Fuluius.
