4016 5916
1650 422 2146 484 FRAGMENTA.

3341 434 3457 488 515

241 571 449 627 regum
468 549 768 605 laterculos
792 549 848 603 in
877 542 1234 606 Πεντάὸιὸλον
1262 562 1414 600 suam
1435 586 1449 614 ,
1479 563 1620 619 opus
1655 561 1807 601 nunc
1910 546 2162 602 thoniani
2176 546 2362 619 operis
2381 545 2709 601 recensione
2737 544 3076 618 deprompta
3104 562 3218 602 esse
3237 545 3469 606 debent.

242 639 644 713 deperditum,
668 645 975 712 receperat.
1005 636 1148 690 Hinc
1179 633 1455 706 dynastias
1490 634 1814 688 mortalium

245 727 383 782 inde
413 745 445 783 a
472 727 635 782 Mene
656 742 787 798 rege
816 723 1103 796 Syncellus
1127 723 1184 775 in
1210 720 1486 776 Chronica
1522 738 1618 775 sua
1660 729 1815 775 tran-

240 816 504 888 scripsit3
531 813 702 886 idque
727 811 913 865 secisse
935 807 1218 883 putandus
1238 818 1316 862 est
1345 807 1542 862 eadem
1571 826 1698 862 cum
1721 807 1812 862 di-

242 903 510 976 ligentia,
537 920 708 975 quam
762 899 818 952 in
851 896 1072 952 Eusebii
1115 895 1395 951 laterculis
1436 895 1816 951 exscribendis

243 990 531 1046 adhibuit.
565 988 857 1043 Africanus
893 1003 1028 1041 vero
1075 1002 1211 1039 num
1243 985 1418 1058 ipsius
1465 981 1817 1038 Manethonis

245 1096 396 1151 opus
418 1087 544 1131 ante
566 1074 759 1129 oculos
776 1072 1057 1140 hahuerit,
1073 1090 1144 1126 an
1161 1089 1265 1145 per
1289 1070 1575 1126 traducem
1601 1089 1695 1124 sua
1722 1089 1812 1124 ac-

247 1164 494 1237 ceperit,
525 1179 642 1215 non
669 1159 949 1228 discern03
972 1177 1312 1232 quamquam
1336 1158 1446 1212 hoc
1471 1157 1649 1212 multo
1670 1177 1808 1230 pro·

245 1251 491 1305 habilius
516 1267 628 1302 esse
663 1245 907 1302 videtur.
934 1247 1014 1302 L't
1041 1256 1103 1300 ut
1131 1256 1244 1311 est,
1268 1263 1393 1317 quae
1417 1246 1634 1318 accepit
1660 1244 1810 1299 Afri·

241 1355 447 1407 canus,
479 1354 543 1391 ea
567 1333 811 1390 fideliter
845 1333 1182 1390 reddiderit.
1233 1333 1374 1386 Nam
1413 1332 1509 1386 ubi
1551 1333 1810 1406 Egyptian

239 1427 395 1480 Man.
430 1423 800 1498 chronologia
828 1441 956 1478 cum
986 1421 1220 1477 Judaica
1257 1420 1546 1475 conciliari
1583 1421 1808 1493 nequit,

242 1513 322 1568 ibi
350 1531 615 1568 numeros
636 1531 754 1568 non
783 1511 855 1567 ad
879 1529 1003 1565 suas
1019 1510 1190 1582 ipsius
1212 1508 1455 1562 rationes
1479 1505 1804 1580 detorquet,

240 1599 343 1655 sed
385 1599 692 1654 dissensum
740 1600 945 1654 fatetur
971 1599 1212 1672 ingenue
1257 1593 1361 1669 (V.
1395 1605 1513 1652 not.
1550 1594 1624 1650 ad
1671 1594 1806 1668 dyn.

240 1689 469 1758 xx'1113
495 1688 726 1744 Boeckh.
763 1706 821 1762 p.
861 1705 881 1741 1
902 1684 1000 1755 153
1024 1686 1265 1739 Bunsen.
1295 1685 1352 1750 1,
1382 1700 1441 1756 p.
1472 1681 1637 1756 245).
1671 1682 1812 1737 Asu-i-

242 1793 418 1830 canus
463 1786 649 1830 autem
679 1794 710 1830 a
738 1775 985 1848 Josepho
1022 1772 1262 1827 multum
1299 1770 1597 1843 discrepat.
1630 1771 1811 1843 Igitur

241 1860 350 1917 alia
373 1861 795 1918 Manethoniani
817 1859 1003 1934 operis
1015 1859 1340 1915 recensione
1360 1874 1488 1912 usus
1507 1867 1606 1913 est.
1631 1858 1810 1912 Porro

240 1949 286 2003 si
317 1961 470 2004 recte
511 1949 722 2006 habent
767 1949 941 2004 verba
985 1946 1228 2022 Syncelli
1261 1964 1318 2019 p.
1368 1943 1438 2010 54
1477 1943 1562 2019 (V.
1593 1943 1663 2002 fr.
1694 1943 1755 2018 8)
1795 1965 1807 2001 ι

240 2035 417 2111 Ὁμοῦ
444 2032 657 2112 πρώτης
696 2033 786 2092 καὶ
816 2031 1055 2113 δευτέρας
1100 2027 1403 2096 δυναστείας
1431 2028 1521 2102 ἔτη
1543 2030 1652 2111 φνε’
1674 2033 1808 2110 (sss)

241 2119 408 2179 κατὰ
437 2121 549 2194 τὴν
579 2121 892 2202 δευτέραν
927 2120 1182 2178 ἔκδοσιν
1213 2117 1649 2198 Ἀφρικανοῦ,
1688 2120 1811 2176 duae

249 2212 477 2267 fuissent
522 2212 796 2268 editiones
842 2230 962 2266 non
990 2211 1081 2277 τῆς
1133 2204 1496 2266 Πενταὸίὸλου
1514 2250 1529 2276 ,
1576 2207 1672 2263 sed
1721 2210 1811 2275 τῆς

245 2297 546 2376 ἀναγραφῆς
577 2318 778 2375 regum
813 2299 1243 2373 „Egyptiorum,
1275 2307 1330 2350 et
1355 2295 1582 2350 sortasse
1601 2312 1672 2350 ne
1700 2296 1802 2349 ho-

243 2405 370 2440 rum
406 2386 637 2461 quidem
664 2388 938 2443 omnium.

323 2476 452 2531 Post
473 2475 797 2534 Africanum
836 2476 1102 2529 Eusebius
1131 2475 1192 2527 in
1218 2471 1629 2528 chronicorum
1660 2470 1808 2525 libro

247 2564 433 2636 primo
459 2563 736 2637 dynastias
751 2564 1028 2619 recensuit
1052 2579 1244 2616 omnes
1263 2570 1384 2614 tum
1403 2558 1807 2614 immortalium

245 2667 442 2726 regum
493 2661 610 2706 tum
655 2650 1004 2709 mortalium.
1033 2647 1192 2706 Idem
1223 2647 1279 2702 in
1317 2646 1548 2706 Canone
1589 2645 1703 2700 sive
1751 2647 1808 2700 in

246 2738 663 2800 chronicorum
685 2739 832 2795 libro
861 2736 1109 2794 secundo
1130 2736 1319 2792 denuo
1341 2744 1631 2814 enumerat
1653 2751 1810 2807 reges

245 2829 508 2885 mortales
535 2828 666 2885 inde
695 2827 766 2884 ab
803 2827 1057 2901 dynastia
1079 2826 1244 2893 XVI,
1283 2822 1439 2894 cujus
1483 2839 1661 2878 annus
1687 2822 1804 2895 pri-

246 2936 366 2975 mus
383 2918 589 2974 mirum
616 2917 677 2973 in
697 2914 935 2971 modum
975 2911 1175 2970 incidit
1205 2912 1264 2967 in
1300 2929 1509 2967 annum
1556 2911 1805 2986 primum

245 3006 566 3063 Abrahami.
591 3006 708 3062 Nos
755 3003 1068 3060 Eusebiana
1099 3001 1218 3056 haec
1266 3000 1529 3055 novimus
1559 3017 1626 3054 ex
1669 2998 1804 3071 Syn-

245 3095 418 3165 ce110,
447 3113 517 3150 ex
547 3094 800 3149 versione
828 3090 1053 3147 Eusebii
1082 3089 1441 3155 Armeniaca,
1490 3106 1557 3143 ex
1599 3088 1806 3143 Hiero-

245 3200 435 3255 nymo.
463 3180 573 3253 Qui
602 3178 834 3254 quidem
872 3194 1093 3246 omnes,
1117 3177 1160 3230 si
1183 3175 1395 3230 leviora
1421 3172 1678 3247 quaedam
1708 3190 1803 3227 ex·

243 3268 487 3341 ceperiS,
517 3268 726 3341 optime
751 3266 897 3320 inter
920 3282 977 3320 se
1003 3262 1392 3331 consentiunt,
1424 3260 1567 3315 adeo
1609 3270 1671 3314 ut
1701 3259 1805 3313 du-

248 3354 404 3409 bium
430 3372 548 3409 non
587 3354 689 3424 sit,
733 3352 872 3426 quin
899 3350 1214 3407 Eusebiana
1253 3350 1382 3404 talia
1411 3357 1561 3403 certe
1600 3347 1804 3402 habea·

249 3461 370 3497 mus
399 3442 587 3515 qualia
614 3450 774 3495 erant
795 3440 982 3494 seculo
1010 3438 1232 3511 quintu.
1268 3438 1350 3492 Ne
1381 3438 1554 3510 ipsam
1580 3454 1806 3490 manum

249 3530 470 3586 Eusebii
500 3531 560 3584 in
588 3527 849 3584 omnibus
892 3525 1303 3601 agnoscendam
1348 3543 1460 3580 esse
1513 3542 1621 3599 pro
1646 3534 1800 3579 certo

248 3635 537 3685 asseveres,
564 3614 706 3670 illud
725 3614 951 3670 videtur
974 3614 1223 3681 obstare,
1250 3613 1406 3686 quod
1433 3612 1726 3686 complura
1751 3614 1803 3666 in

250 3706 311 3757 iis
329 3705 591 3778 leguntur
619 3710 810 3775 aperte
846 3711 1149 3775 corrupta,
1180 3700 1352 3756 veluti
1383 3701 1514 3756 anni
1547 3700 1625 3753 illi
1673 3719 1803 3754 cen-

251 3802 398 3860 tum,
428 3793 524 3865 qui
556 3790 879 3845 tribuuntur
917 3789 1180 3863 dynastiis
1220 3789 1357 3843 VIII
1385 3799 1441 3843 et
1469 3787 1571 3856 IX,
1602 3799 1659 3842 et
1686 3798 1805 3842 tur-

247 3880 387 3936 batae
420 3881 667 3935 rationes
713 3878 1092 3951 dynastiamm
1135 3878 1211 3933 1v
1237 3887 1295 3932 et
1336 3879 1397 3934 V.
1451 3878 1802 3948 Quamquam

249 3966 367 4024 ficri
397 3969 585 4042 potuit
619 3976 682 4021 ut
723 3965 992 4021 Eusebius
1012 3964 1130 4036 jam
1158 3964 1378 4019 turbata
1406 3964 1682 4036 repererit
1707 3982 1800 4017 ne·

251 4074 358 4128 que
378 4059 436 4110 in
450 4054 706 4110 ordinem
727 4071 791 4109 ea
809 4052 1067 4127 redigere
1085 4070 1270 4125 operae
1289 4052 1534 4124 pretium
1558 4049 1803 4119 duxerit,

253 4144 364 4216 ipse
379 4143 623 4215 denique
647 4143 968 4197 festinanter
987 4159 1293 4213 excerpens
1305 4139 1580 4194 nonnulla
1601 4155 1806 4210 pecca-

251 4232 410 4286 verit.
445 4229 625 4302 quue
654 4239 806 4285 tanto
827 4229 1041 4284 facilius
1060 4227 1280 4283 admitti
1308 4236 1511 4301 potest,
1538 4225 1806 4296 quoniam

253 4318 426 4373 turbae
477 4319 588 4373 istae
618 4335 809 4373 omnes
833 4318 1118 4390 pertinent
1151 4315 1224 4371 ad
1251 4314 1470 4389 priores
1499 4311 1802 4383 dynastiaS,

252 4424 386 4478 quas
437 4406 706 4461 Eusebius
745 4424 902 4461 suam
952 4404 1380 4477 chronologiam
1426 4400 1495 4455 ab
1544 4399 1806 4473 dynastiae

251 4494 382 4549 xvl
411 4494 636 4547 demum
661 4493 1009 4568 temporibus
1025 4490 1328 4547 exordiens
1358 4489 1542 4543 minus
1569 4487 1803 4544 curavit.

254 4612 322 4623 -
358 4582 535 4637 Missis
563 4582 711 4638 hisce
735 4580 1091 4653 corruptelis,
1131 4579 1175 4633 si
1201 4578 1472 4648 reliquam
1509 4574 1806 4629 laterculo-

255 4687 377 4723 rum
435 4668 710 4725 rationem
749 4668 1192 4734 consideramus,
1237 4679 1582 4738 magnopere
1637 4662 1806 4716 Euse-

251 4755 405 4810 bium
433 4756 503 4811 ab
533 4754 804 4811 Africano
844 4754 1134 4809 dissentire
1162 4761 1413 4824 apparet.
1455 4747 1629 4805 Novit
1673 4749 1806 4822 qui-

254 4841 380 4898 dem
435 4861 579 4916 opus
621 4842 903 4909 Africani,
959 4841 1018 4893 in
1045 4838 1331 4893 nonnullis
1369 4835 1596 4892 fortasse
1641 4837 1808 4891 etiam

253 4928 504 4984 adhibuit
533 4926 627 5005 (¹³),
654 4929 899 5002 plurima
918 4944 1055 4981 vero
1082 4943 1149 4980 ex
1175 4924 1392 4980 diversa
1417 4924 1588 4997 plane
1616 4922 1806 4978 Mane-

311 5047 371 5109 (Ἴ
392 5046 568 5096 nitrum
583 5049 714 5095 eei-te
737 5050 810 5095 est
831 5043 1094 5093 Eusebium
1108 5042 1168 5092 de
1181 5043 1382 5093 summis
1394 5054 1632 5092 annorum
1646 5076 1663 5102 ‚
1684 5055 1807 5103 quos

253 5116 405 5176 primo
442 5122 492 5164 et
517 5114 731 5165 secundo
777 5116 901 5164 libro
941 5114 1164 5164 manetho
1197 5112 1489 5163 recensuisse
1512 5110 1807 5174 perhibetur,

251 5198 362 5232 cum
400 5185 622 5234 Africano
645 5186 941 5245 consentire,
974 5196 1128 5245 quum
1175 5182 1235 5233 de
1271 5182 1468 5245 singulis
1489 5180 1719 5245 dynastiis
1738 5178 1804 5229 di·

261 5266 384 5303 versa
404 5256 543 5317 plane
563 5255 751 5304 babeat.

1905 631 2229 707 Syncellum
2269 651 2399 688 sane
2424 633 2469 686 si
2506 631 2734 704 audias,
2764 632 3034 686 Eusebius
3058 634 3281 689 nonnisi
3315 635 3469 690 Afri-

1907 740 2109 776 canum
2144 722 2219 777 ob
2249 722 2444 776 oculos
2466 719 2773 788 habuisset,
2819 720 2890 774 ab
2924 737 3105 792 eoque
3127 721 3329 778 tradita
3359 743 3469 796 pro

1908 808 2087 863 lubito
2132 819 2339 863 temere
2368 815 2654 863 mutasset.
2681 807 2816 877 Quae
2852 823 3026 879 prava
3058 807 3315 863 levissimi
3358 810 3465 864 ho·

1906 898 2066 951 minis
2095 898 2365 951 sententia
2410 905 2521 964 est,
2554 897 2632 949 uti
2658 894 2929 969 praeclare
2968 892 3136 950 docet
3172 896 3471 953 Boeclthius

1905 1003 1960 1055 p.
2016 983 2123 1038 116
2165 1002 2246 1057 sq.
2282 981 2453 1039 Haud
2486 982 2719 1056 quidem
2758 998 3068 1056 pernegare
3106 984 3249 1038 ausis
3300 985 3467 1039 Euse-

1905 1071 2062 1126 bium
2087 1089 2117 1127 e
2149 1090 2251 1126 suo
2288 1089 2442 1144 penu
2469 1081 2709 1125 mutasse
2736 1069 2950 1142 aliqua,
2978 1079 3043 1123 ut
3066 1068 3305 1125 Iudaica
3338 1088 3469 1126 cum

1905 1159 2180 1233 AEgyptiis
2222 1159 2551 1214 conciliaret
2587 1164 2961 1230 (quamquam
2986 1172 3061 1212 ne
3100 1157 3210 1212 hoc
3234 1157 3467 1231 quidem

1905 1257 2060 1302 certo
2092 1245 2461 1302 demonstrari
2490 1244 2704 1318 potest)
2738 1263 2752 1299 t
2793 1262 2993 1300 verum
3036 1245 3080 1300 si
3105 1263 3283 1300 unum
3309 1245 3465 1302 Afri·

1904 1353 2107 1389 canum
2147 1352 2258 1408 pro
2302 1333 2456 1388 sonte
2499 1332 2875 1400 adhibuisset,
2921 1332 3076 1387 hunc
3113 1344 3265 1389 certe
3292 1334 3353 1387 in
3404 1335 3469 1390 iis

1904 1419 2143 1476 reddere
2173 1420 2418 1475 debebat
2437 1462 2452 1488 ,
2477 1419 2685 1492 quibus
2713 1437 2841 1474 cum
2866 1419 3099 1473 Judaica
3122 1419 3355 1476 historia
3378 1424 3467 1476 ni-

1902 1508 1978 1562 hil
2005 1527 2303 1565 communc
2357 1520 2456 1563 est.
2506 1510 2615 1580 Qui
2648 1509 2821 1584 igitur
2860 1506 2924 1562 fit
2972 1519 3037 1563 ut
3086 1508 3159 1562 de
3202 1509 3467 1582 dynastiis

1903 1598 2143 1654 I—XIV
2174 1609 2284 1652 tam
2313 1596 2530 1651 diversa
2570 1595 2813 1670 prodat?
2837 1595 3010 1667 Quod
3049 1595 3258 1652 deinde
3295 1599 3464 1654 Euse-

1902 1684 1997 1739 bio
2027 1682 2321 1758 Syncellus
2364 1685 2702 1757 exprobrat,
2754 1685 2904 1739 aiens
2944 1703 3075 1739 eum
3101 1702 3173 1739 ex
3213 1684 3465 1758 dynastia

1901 1773 2004 1826 XV
2046 1772 2236 1828 fecisse
2267 1771 2577 1845 dynastiam
2602 1771 2800 1845 XVII,
2830 1783 2896 1826 ut
2937 1772 3170 1845 Josephi
3197 1781 3252 1826 et
3304 1776 3463 1846 Apo-

1902 1860 2028 1932 phis
2046 1862 2195 1937 regis
2225 1870 2480 1935 tempora
2512 1860 2778 1936 componi
2801 1872 3064 1933 possent:
3097 1862 3314 1916 crimen
3334 1861 3462 1930 hoc,

1901 1960 2167 2004 monente
2208 1948 2475 2003 Boeckhio
2513 1944 2611 2024 (p.
2673 1947 2842 2020 117),
2899 1967 2969 2002 eo
3012 1947 3268 2017 diluitur,
3304 1949 3464 2022 qnod

1903 2054 2031 2090 cum
2051 2036 2291 2090 Eusebio
2330 2037 2603 2090 consentit
2644 2035 2934 2091 scholiasta
2962 2036 3205 2091 Platonis
3234 2035 3314 2114 (p.
3348 2042 3460 2102 424

1902 2122 1993 2181 ed.
2036 2121 2339 2193 Bekker.),
2376 2140 2547 2197 quem
2577 2140 2676 2178 sua
2720 2139 2791 2178 ex
2835 2122 3075 2178 Eusebio
3112 2124 3312 2195 petisse
3342 2135 3462 2180 tum

1899 2229 2003 2284 per
2023 2228 2079 2266 se
2102 2230 2303 2286 parum
2337 2210 2633 2285 probabile
2661 2221 2769 2280 est,
2796 2220 2913 2265 tum
2940 2220 3272 2284 propterea,
3302 2213 3462 2285 quod

1899 2299 2190 2355 scholiasta
2221 2299 2292 2354 de
2311 2300 2456 2373 regis
2475 2297 2610 2371 dyn.
2633 2299 2798 2355 XVII
2824 2298 3119 2371 complura
3145 2298 3309 2354 affert
3335 2317 3460 2372 qua

1900 2387 2053 2460 apud
2078 2387 2379 2442 Eusebium
2400 2405 2519 2442 non
2543 2387 2826 2460 leguntur,
2858 2396 3057 2440 contra
3082 2403 3220 2440 vero
3250 2387 3462 2441 omittit

1900 2492 1964 2530 ea
1993 2492 2120 2548 quae
2153 2474 2225 2529 de
2259 2474 2508 2547 Josepho
2547 2473 2719 2529 habet
2764 2473 3054 2528 Eusebius.
3093 2474 3302 2530 Praeter
3340 2473 3460 2528 haee

1899 2561 2004 2616 alia
2034 2562 2209 2616 multa
2235 2560 2532 2616 Boeckhius
2552 2559 2715 2615 affert
2732 2600 2748 2628 ,
2789 2577 2915 2633 quae
2940 2559 3346 2632 Syncellianam
3386 2560 3461 2615 do

1899 2648 2179 2704 laterculis
2201 2649 2422 2703 Eusebii
2446 2649 2779 2703 sententiam
2805 2647 3063 2702 refellant
3088 2645 3171 2721 Γ).
3195 2647 3460 2704 Stamen-

1962 2797 2024 2858 (*)
2052 2795 2302 2846 Boeckhius
2324 2796 2357 2845 1.
2390 2795 2422 2844 l.
2450 2809 2497 2858 p.
2533 2799 2612 2844 117
2644 2815 2656 2844 :
2698 2813 2721 2837 a
2749 2797 2815 2843 lst
2844 2807 2895 2843 es
2934 2808 3046 2843 zum
3091 2794 3289 2858 Beispiel
3329 2796 3459 2846 wohl

1896 2865 2127 2924 denkbar,
2157 2866 2264 2914 dass
2287 2879 2340 2915 er
2364 2864 2457 2915 den
2478 2864 2730 2925 AEthiopen
2756 2869 3017 2922 Aminei-es,
3039 2863 3126 2911 mit
3156 2864 3386 2911 weit-hem
3408 2879 3460 2914 er

1899 2935 1995 2998 (sc.
2018 2936 2279 2999 Eusebius)
2299 2974 2313 2997 ,
2336 2934 2520 2986 sreilich
2540 2933 2847 2996 ungeschickt
2864 2946 3020 2996 genug
3033 2971 3047 2993 ,
3067 2933 3144 2982 die
3163 2932 3247 2983 der
3272 2934 3457 2985 AEthio·

1895 3008 2091 3071 pischen
2111 3005 2452 3069 nachsolgende
2467 3012 2528 3056 26
2543 3009 2585 3046 2⁸
2606 3005 2830 3067 Dynastie
2848 3004 3079 3066 beginnen
3106 3006 3196 3054 last
3210 3041 3224 3065 ,
3249 3004 3351 3054 rein
3372 3018 3460 3055 aus

1896 3077 1981 3128 der
2017 3079 2127 3128 Lust
2165 3078 2390 3140 gegril'sen
2414 3076 2569 3126 habe?
2588 3075 2772 3125 sollten
2809 3075 2887 3124 die
2913 3077 3137 3132 zusatze,
3159 3074 3253 3124 wie
3276 3075 3355 3125 bei
3372 3075 3461 3126 der

1896 3149 2137 3198 zwoellten
2154 3146 2377 3209 Dynastie
2388 3146 2472 3195 der
2489 3146 2608 3195 iiber
2622 3145 2699 3195 die
2716 3147 2880 3195 statur
2889 3143 2974 3193 des
2988 3143 3229 3205 Sesostris,
3241 3145 3364 3194 auch
3374 3158 3460 3195 aus

1897 3219 2148 3269 Africanus
2168 3220 2476 3267 entnommen
2491 3216 2609 3275 sein,
2635 3215 2849 3276 obgleich
2868 3215 2935 3264 sie
2960 3214 3007 3262 in
3036 3228 3252 3263 unser-em
3275 3215 3458 3264 Africa-

1897 3289 2110 3339 nischem
2125 3294 2341 3349 Auszuge
2371 3287 2525 3336 feblen
2540 3322 2553 3345 ‚
2584 3286 2683 3334 und
2706 3284 2806 3333 also
2826 3283 3004 3332 wieder
3023 3286 3119 3332 erst
3148 3284 3227 3332 die
3250 3287 3456 3333 Voraus·

1895 3361 2092 3421 setzung
2126 3372 2186 3408 zu
2216 3357 2376 3408 bilden
2418 3358 2574 3417 ware,
2619 3355 2706 3405 der
2744 3355 2942 3404 letztere
2980 3354 3047 3401 sei
3093 3356 3457 3404 verstitmmelt?

1899 3430 2037 3481 Diese.
2078 3431 2465 3489 Voraussetzung
2498 3426 2563 3476 ist
2603 3425 2839 3475 vielmehr
2868 3423 3102 3486 geradezu
3143 3424 3412 3486 unzulassig
3440 3444 3453 3473 ε

1902 3500 2092 3564 Syncell
2123 3499 2207 3549 bat
2234 3497 2330 3548 den
2349 3503 2541 3559 Auszug
2557 3495 2642 3546 des
2666 3494 2898 3545 Eusebius
2923 3506 3075 3556 genau
3097 3492 3196 3541 und
3217 3494 3457 3544 vollstam·

1896 3572 1976 3633 dig
1995 3568 2410 3633 wiedergegebem
2442 3567 2542 3617 also
2573 3579 2703 3615 muss
2738 3577 2849 3614 man
2877 3563 2977 3612 ihm
3005 3562 3082 3611 die
3104 3561 3458 3624 Gerechtigkeit

1897 3641 2211 3691 widerfahren
2251 3640 2431 3698 lusson,
2472 3651 2524 3686 er
2563 3636 2684 3686 habe
2707 3634 2920 3683 ‹lasselbe
2947 3633 2995 3681 in
3032 3635 3183 3692 Bezug
3214 3633 3304 3681 auf
3332 3634 3456 3682 Afri·

1895 3723 2045 3761 canus
2067 3710 2259 3773 gethan.
2284 3710 2460 3757 Ferner
2482 3706 2667 3756 stimmt
2693 3704 2771 3753 die
2790 3707 2865 3753 27.
2890 3707 2967 3753 29.
2991 3701 3091 3750 und
3129 3708 3206 3752 30.
3234 3703 3456 3764 Dynastie

1896 3782 1980 3831 der
2007 3778 2327 3831 Eusebischen
2344 3777 2604 3827 Redactlon
2628 3774 2712 3824 des
2732 3773 2954 3823 manetho
2974 3772 3108 3821 nicht
3131 3773 3218 3822 mit
3236 3772 3345 3822 dem
3364 3777 3457 3823 Eu-

1899 3852 2149 3901 sebischen
2176 3852 2341 3900 canon
2370 3847 2596 3908 uberein;
2622 3845 2813 3908 folglieh
2842 3845 2923 3892 liat
2954 3843 3188 3893 Eusebius
3218 3843 3345 3897 diese
3364 3847 3455 3906 Dy-

1895 3922 2139 3981 nasu‘een,
2164 3917 2449 3981 ungeachtet
2492 3915 2559 3966 sie
2588 3928 2684 3965 ron
2714 3915 2869 3964 denen
2893 3913 2978 3963 des
3002 3912 3253 3962 Africanus
3285 3913 3455 3963 abwei·

1896 3995 2037 4054 chen,
2062 3990 2195 4041 nieht
2218 3989 2341 4038 nach
2356 3987 2509 4037 seiuer
2530 3985 2878 4048 Zeitreclinung
2897 3982 3305 4045 umgewandelt...
3332 3984 3455 4034 Frei-

1897 4063 1990 4111 lich
2017 4061 2100 4111 hat
2126 4059 2358 4111 Eusebius
2375 4058 2448 4107 on
2469 4056 2707 4107 disselben
2734 4056 2909 4106 Worte
2927 4054 3020 4102 wie
3049 4052 3297 4102 Africanus
3307 4069 3322 4115 ς
3354 4053 3456 4103 dies

1895 4132 2071 4183 erklart
2084 4131 2186 4182 sich
2204 4130 2320 4180 aber
2335 4127 2639 4189 hinloenglich
2653 4125 2846 4187 damus,
2864 4124 2973 4173 dass
2994 4124 3096 4173 ihre
3113 4122 3317 4181 Quellen
3336 4124 3456 4172 hau-

1896 4205 1957 4265 fig
1972 4201 2397 4253 fibereinstimmen
2418 4199 2672 4257 mocbten,
2696 4194 2796 4246 und
2822 4195 2932 4245 dass
2972 4193 3231 4254 Eusebius,
3252 4193 3345 4243 wie
3372 4206 3455 4243 na·

1895 4273 2097 4333 tiirlich,
2134 4271 2259 4320 auch
2288 4269 2374 4318 das
2410 4266 2869 4329 chronographische
2907 4263 3057 4314 Werk
3080 4262 3165 4313 des
3202 4264 3455 4315 Africanus

1898 4357 1982 4392 vor
2016 4343 2116 4392 sicli
2140 4341 2275 4390 hatte
2308 4337 2405 4386 und
2443 4337 2685 4386 benutzte.
2722 4335 2985 4395 Allertlings
3020 4345 3152 4382 muss
3186 4332 3454 4395 zugegeben

1894 4412 2117 4474 werden,
2140 4409 2248 4460 dass
2270 4407 2503 4458 Eusebius
2528 4407 2594 4457 im
2620 4411 2811 4465 Canon,
2852 4405 3039 4466 Einiges
3077 4402 3203 4452 auch
3241 4403 3370 4452 wohl
3402 4403 3453 4453 in

1897 4483 2120 4533 Manetho
2137 4517 2153 4544 ,
2178 4478 2522 4542 eigenmachtig
2542 4477 2897 4540 zugesctinitten
2922 4475 3062 4534 habe,
3088 4486 3231 4523 wenn
3248 4486 3302 4523 er
3318 4473 3453 4523 nicht

1895 4554 1971 4603 sur
1991 4554 2121 4603 seine
2150 4562 2297 4614 ganze
2328 4548 2675 4609 zeitrechnung
2704 4546 2854 4597 sebon
2885 4544 3023 4594 einen
3044 4542 3305 4592 Jiidiscben
3336 4542 3453 4593 oder

1896 4622 2213 4674 christlicben
2237 4620 2515 4682 Vol-gangen·
2544 4617 2696 4676 hatte,
2721 4629 2822 4665 was
2839 4615 2957 4664 eben
2978 4612 3112 4663 nicht
3130 4611 3452 4663 wahrschein-

1894 4694 1990 4744 llch
2016 4694 2105 4753 ist3
2127 4692 2223 4742 und
2248 4688 2538 4741 namentlich
2561 4686 2668 4737 dass
2690 4686 2858 4735 esilim
2880 4684 3112 4746 gelungen
3137 4682 3196 4731 ist
3210 4718 3226 4744 ,
3244 4680 3336 4731 den
3352 4686 3451 4732 An·

1895 4765 2005 4827 fang
2027 4762 2113 4812 der
2133 4769 2203 4813 16.
2224 4759 2449 4824 Dynastie
2474 4756 2646 4820 gerade
2673 4757 2764 4804 auf
2787 4754 2873 4803 das
2898 4756 3023 4803 erste
3054 4751 3176 4803 Jahr
3192 4750 3278 4802 ‹1oe
3301 4751 3452 4801 Abra·

1895 4834 2007 4884 ham
2027 4846 2087 4881 zu
2105 4831 2303 4894 bringeri
2317 4866 2332 4891 ,
2360 4827 2456 4879 und
2475 4840 2529 4877 so
2554 4826 2878 4876 votlltommen
2907 4824 2979 4873 bis
2997 4836 3083 4873 ans
3110 4822 3241 4871 Ende
3260 4820 3348 4870 mit
3359 4819 3450 4870 sei·

1895 4919 1988 4956 nen
2007 4904 2255 4955 Ansoetzen
2276 4900 2613 4950 susan-eichen
2626 4936 2640 4960 ‚
2661 4898 2883 4947 beweiset
2900 4908 3046 4957 gegen
3064 4894 3161 4945 ibn.
3188 4893 3316 4944 Aber
3338 4893 3450 4943 sclu-

1901 4969 2017 5017 viele
2062 4965 2216 5015 seiner
2251 4963 2563 5013 scheinbaren
2599 4962 2913 5021 Neuerungen
2956 4959 3146 5006 konnen
3194 4955 3329 5004 nicht
3366 4956 3450 5003 aut

1895 5038 2024 5086 seiae
2043 5036 2303 5095 Reclmung
2319 5032 2541 5081 kommen
2556 5065 2569 5089 ,
2589 5028 2688 5079 und
2709 5028 2785 5078 ich
2804 5026 2966 5077 werde
2990 5027 3071 5075 itin
3090 5024 3382 5075 namentlich
3401 5023 3451 5072 in

1897 5110 2054 5168 Bezug
2079 5106 2166 5153 auf
2187 5105 2315 5153 seine
2344 5109 2415 5152 16.
2448 5099 2675 5164 Dynastie
2716 5097 3031 5159 rothlandi&
3054 5097 3150 5146 wie
3180 5094 3257 5144 ich
3291 5094 3448 5153 hoste,

1896 5174 2249 5236 rechtsertigen.
2281 5171 2412 5222 Nacti
2428 5169 2760 5228 Ueberlegung
2793 5168 2912 5217 alles
2942 5165 3264 5227 Angeruhrten
3293 5162 3454 5211 diii-sse

1897 5247 1998 5296 sich
2019 5258 2106 5295 aus
2147 5239 2740 5302 allenschwierigkeiten,
2770 5237 2868 5286 und
2901 5248 2988 5284 aus
3022 5236 3131 5284 dem
3168 5231 3453 5295 labyrinthi-

3100 5364 3161 5399 33.
