4016 5916
1653 396 2155 493 FRAGMENTA.

301 573 492 645 syria,
525 569 622 641 qui
661 568 719 621 in
755 566 961 640 Tigrim
1003 561 1218 629 influit,
1261 561 1334 616 cf.
1367 561 1637 635 Xenoph.
1669 561 1853 617 Anah.

302 662 386 727 11,
420 663 477 724 4,
509 654 602 711 25.
641 657 727 709 De
755 653 971 726 l’hysco
996 649 1341 706 Macedoniae
1371 648 1444 704 cs.
1476 660 1598 706 not.
1632 648 1705 704 ad
1739 651 1860 704 An-

299 747 503 821 tigenis
539 743 607 798 t‘r.
633 760 666 796 α
694 742 754 796 in
781 739 1059 814 Scriptor.
1089 740 1223 794 Rer.
1249 737 1411 792 Alex.
1442 755 1505 811 p.
1545 735 1673 807 ¹57·

379 954 544 1011 Idem
570 971 584 1007 ε
614 948 947 1028 Καρδοῦχοι,
976 946 1115 1012 ἔθνος
1141 943 1378 1016 Μηδίας,
1416 945 1484 1009 ὡς
1528 944 1771 1023 Ξενοφῶν
1808 946 1861 1002 ἐν

295 1037 627 1103 Ἀναὸάστως
647 1034 693 1111 γ’
724 1044 796 1107 (c.
816 1036 874 1106 5,
898 1033 986 1112 9)·
1007 1059 1032 1086 α
1054 1031 1142 1099 Ἐς
1162 1030 1496 1111 Καρδούχους
1514 1029 1647 1109 ἄγει.
1670 1058 1695 1082 ¹·
1716 1029 1862 1091 Τού-

292 1150 414 1192 τους
439 1125 496 1184 δὲ
519 1124 717 1205 ἔφασαν
744 1122 904 1180 οἰκεῖν
934 1119 1033 1179 ἀνὰ
1053 1118 1119 1178 τὰ
1146 1119 1244 1199 ὄρη
1272 1116 1363 1177 καὶ
1386 1115 1699 1196 πολεμικοὺς
1730 1107 1863 1176 εἶναι

293 1215 385 1273 καί
424 1209 686 1291 βασιλέως
719 1211 814 1268 οὒκ
841 1206 1069 1266 ἀκούειν.
1102 1206 1211 1267 Καὶ
1248 1205 1558 1287 Σοφαίνετος
1596 1207 1650 1264 ἕν
1689 1206 1862 1286 Κύρου

294 1298 562 1359 &unedoni
586 1296 713 1378 φησὶ
731 1295 856 1376 περὶ
881 1296 1072 1355 αὐτῶν.

369 1500 542 1558 Idem
573 1521 588 1556 ι
617 1497 850 1575 Τάοχοι,
884 1494 1023 1561 ἔθνος
1043 1493 1289 1574 ἐνδοτέρω
1327 1497 1416 1552 τοῦ
1438 1493 1660 1554 Πόντου.
1695 1492 1801 1554 Καὶ
1828 1498 1862 1565 ἡ

288 1586 443 1668 χώρα
466 1585 625 1646 οὕτω.
641 1586 867 1650 Τούτους
881 1581 1010 1650 τινὲς
1039 1583 1211 1648 Τάους
1229 1584 1504 1654 καλοῦσιν,
1523 1584 1591 1649 ὡς
1613 1581 1862 1662 Σοφαίνε-

288 1699 372 1741 τος
392 1678 452 1734 ἐν
483 1678 551 1754 τῇ
580 1672 857 1731 Ἀναὸάσει
886 1670 1033 1750 φησί.
1063 1674 1149 1729 Cs.
1180 1673 1511 1747 Xenophon
1539 1671 1722 1728 Anab.
1755 1675 1860 1741 IV,

296 1772 360 1830 4,
405 1763 514 1834 183
563 1764 630 1832 6,
661 1762 726 1832 53
758 1780 826 1832 7,
862 1780 925 1831 α,
953 1764 1033 1831 V,
1066 1760 1131 1830 5,
1173 1780 1261 1831 ¹7·

876 2047 1296 2103 CRATIPPL'S.

370 2152 678 2250 Cratippus
696 2193 909 2249 suppar
930 2174 1092 2228 fuisse
1112 2173 1320 2229 dicitur
1333 2173 1679 2247 Thucydidi,
1697 2193 1864 2249 opus-

296 2282 404 2337 que
433 2263 719 2337 scripsisse
748 2280 813 2317 ea
853 2262 1229 2333 complectens
1256 2279 1378 2333 quae
1427 2260 1781 2334 Thucydides
1809 2263 1866 2316 iu

295 2353 403 2406 suis
417 2349 845 2405 commentariis
859 2349 1137 2403 omiserat.
1161 2349 1203 2406 Κ
1215 2346 1471 2423 ράτιππος
1487 2349 1515 2404 δ
1530 2346 1866 2424 συνακμάσας

297 2437 442 2515 αὐτῷ
488 2435 582 2493 καὶ
631 2434 697 2493 τὰ
734 2432 1152 2514 παραλειφθέντα
1196 2435 1353 2493 αὐτοῦ
1399 2431 1726 2512 συναγαγών.
1773 2435 1864 2493 Sic

297 2526 603 2599 Dionysius
621 2526 750 2581 Hal.
770 2528 857 2581 De
879 2525 1054 2580 Thuc.
1087 2542 1138 2580 c.
1170 2524 1237 2578 16
1254 2564 1269 2592 ,
1293 2543 1354 2599 p.
1389 2523 1524 2595 847.
1556 2525 1641 2579 De
1665 2524 1866 2580 eodem

299 2614 575 2686 Cratippo
603 2612 764 2666 locus
785 2620 866 2665 est
892 2611 1170 2666 Plutarchi
1195 2611 1280 2665 De
1310 2611 1455 2684 glor.
1485 2611 1690 2666 Athen.
1725 2630 1776 2667 c.
1812 2632 1862 2681 1,

297 2716 356 2773 p.
381 2700 456 2764 35.
471 2699 526 2768 5,
549 2701 621 2768 E,
640 2698 742 2753 ubi
767 2698 884 2752 baec
909 2715 922 2751 ε
941 2693 1033 2753 Ἂν
1051 2693 1152 2775 γὰρ
1177 2695 1361 2772 ἀνέλῃς
1380 2693 1497 2761 τοὺς
1516 2694 1864 2775 πράττοντας,

299 2786 392 2863 ⁰³7.
419 2784 556 2853 ἕξεις
580 2781 696 2849 τοὺς
723 2782 1031 2863 γράφοντας.
1056 2778 1234 2841 'Aveia
1259 2781 1354 2853 τὴν
1375 2782 1687 2862 Περικλέους
1717 2786 1865 2842 πολι-

301 2873 446 2931 τείαν
462 2916 478 2945 ,
500 2871 592 2930 καὶ
619 2869 687 2929 τὰ
706 2869 956 2949 ναύμαχα
975 2868 1103 2950 πρὸς
1130 2867 1265 2950 Ῥίῳ
1290 2869 1598 2950 Φορμίωνος
1622 2870 1865 2951 τρόπαια,

304 2960 394 3020 καὶ
425 2961 523 3027 τὰς
547 2960 669 3039 περὶ
699 2957 916 3037 Κύθηρα
939 2958 1028 3016 καὶ
1053 2956 1277 3037 Μέγαρα
1300 2958 1390 3018 καὶ
1415 2957 1663 3040 Κόρινθον
1685 2962 1868 3041 ἄνδρα·

299 3049 490 3127 γαθίας
513 3048 730 3118 Νικίου,
758 3046 852 3104 καὶ
874 3043 969 3116 τὴν
998 3047 1354 3123 Δημοσθένους
1391 3047 1600 3119 Πύλον,
1627 3048 1717 3106 καὶ
1753 3048 1867 3115 τοὺς

304 3137 552 3201 Κλέωνος
595 3132 953 3214 τετρακοσίους
1009 3134 1404 3213 αἰχμαλώτους,
1447 3135 1536 3194 καὶ
1592 3135 1860 3210 Τολμίδαν

303 3219 710 3291 Πελοπόννησον
750 3220 1123 3299 περιπλέοντα,
1163 3222 1252 3279 καὶ
1291 3221 1603 3301 Μυρωνίδην
1642 3225 1863 3280 νικῶντα

307 3303 572 3372 Βοιωτοὺς
593 3309 646 3365 ἐν
668 3306 998 3387 Οἰνοφύτοις·
1020 3307 1110 3364 καὶ
1129 3307 1451 3379 Θουκυδίδης
1486 3330 1567 3366 σοι
1602 3308 1867 3388 διαγέγρα·

307 3408 468 3443 πται.
501 3382 674 3443 Ἀνελι
711 3384 780 3444 τὰ
804 3389 924 3463 περὶ
951 3384 1339 3457 Ἑλλήσποντον
1383 3386 1708 3446 Ἀλκιὸιάδου
1746 3411 1867 3446 νεα-

305 3474 568 3550 νιεύματα
589 3517 606 3549 ,
647 3473 738 3531 καὶ
775 3471 844 3531 τὸ
870 3471 996 3550 πρὸς
1033 3472 1237 3533 Aeaeo-0
1279 3474 1622 3555 Θρασύλλου,
1654 3475 1743 3533 καὶ
1770 3475 1864 3547 τὴν

307 3562 407 3620 ὑπὸ
442 3561 790 3641 Θηραμένους
816 3565 907 3633 τῆς
930 3562 1235 3642 ὀλιγαρχίας
1260 3563 1572 3632 κατάλυσιν,
1602 3565 1692 3622 καὶ
1719 3567 1866 3646 Θρα-

307 3649 564 3710 &Souka-a
586 3650 676 3709 mi
711 3649 945 3730 Ἀρχῖνον
975 3651 1036 3726 (Ἴ
1056 3693 1072 3722 ,
1099 3649 1191 3708 καὶ
1218 3648 1331 3716 τοὺς
1354 3651 1459 3708 ἀπὸ
1497 3650 1683 3724 Φύλης
1716 3652 1864 3712 {680-

309 3737 550 3814 μήκοντα
589 3737 728 3796 κατὰ
762 3742 855 3809 τῆς
894 3740 1241 3818 Σπαρτιατῶν
1268 3736 1548 3818 ἡγεμονίας
1580 3739 1866 3819 ἀνισταμέ-

1712 2114 1748 2130 ρι-

370 3906 435 3962 (Ἶ
475 3904 673 3966 Ἀρχῖνον
702 3916 794 3965 pro
828 3903 1021 3966 vulgato
1044 3904 1291 3967 Ἄρχιππον
1316 3905 1524 3966 reposuit
1562 3908 1763 3967 Kruger,
1792 3906 1876 3956 m.

309 3977 534 4034 stoi-mgr.
559 3976 701 4024 Dion.
723 3974 831 4025 Hal.
850 3988 898 4036 p.
929 3981 1012 4024 102
1026 4011 1041 4035 ,
1064 3973 1267 4023 laudans
1283 3977 1381 4024 vit.
1403 3976 1506 4024 dee.
1526 3978 1658 4025 Orat.
1682 3989 1728 4038 p.
1751 3981 1870 4039 835,

313 4044 374 4159 ξ,
397 4043 617 4161 AEd'eltnn.
635 4046 689 4093 C.
710 4042 921 4106 ctesiph.
944 4057 991 4106 p.
1011 4050 1098 4107 62,
1118 4048 1147 4092 8
1164 4043 1242 4094 ed.
1273 4045 1413 4093 Bekk.
1431 4081 1447 4106 ,
1468 4047 1657 4094 isocrat.
1682 4047 1737 4095 C.
1762 4047 1872 4097 Cal·

333 4125 415 4160 im.
502 4127 515 4160 ι
543 4151 554 4161 .

1074 4275 1104 4325 3

379 4365 651 4429 Carduchi,
681 4363 851 4416 Mediae
868 4365 1086 4427 populus.
1109 4365 1427 4429 Sopliaenetus
1443 4380 1635 4430 quoque
1654 4368 1714 4418 de
1731 4369 1788 4418 iis
1811 4369 1881 4419 lo·

320 4441 505 4503 quitur.

1075 4524 1128 4575 4.

383 4613 604 4664 Taochos
627 4613 845 4665 nonnulli
862 4616 984 4664 Taos
1000 4609 1270 4680 appellant,
1283 4619 1352 4667 uti
1371 4618 1686 4681 Sophoenetus
1702 4619 1750 4669 in
1771 4620 1884 4683 Cyri

325 4691 550 4742 Ambasi.

890 4939 983 5000 CR
993 4941 1266 5003 ATIPPU
1275 4943 1333 5003 S.

394 5071 444 5122 Si
462 5070 621 5121 desint
643 5070 731 5135 qui
748 5085 825 5122 res
843 5077 1033 5138 gerant,
1052 5077 1215 5126 nullus
1231 5077 1318 5127 erit
1333 5077 1543 5126 historia?
1558 5077 1777 5141 scriptor.
1797 5084 1887 5129 Au·

335 5148 406 5197 ser
419 5149 613 5200 Periclis
625 5148 1082 5202 administrationem
1098 5153 1387 5216 reipublicae,
1401 5157 1456 5218 et
1463 5154 1525 5204 de
1539 5156 1724 5204 navalis
1737 5155 1887 5218 przrlii

3427 439 3503 489 75

1947 579 2091 624 νους,
2121 554 2212 614 καὶ
2244 554 2459 615 Κόνωνα
2496 552 2671 613 πάλιν
2695 553 3046 630 ἔμόιὸάζοντα
3072 553 3164 622 τὶς
3196 552 3410 627 Ἀθήνας
3438 559 3514 625 εἰς

1949 643 2042 715 τὴν
2070 643 2330 702 θάλατταν
2349 658 2365 676 ·
2395 642 2487 700 καὶ
2519 641 2827 721 Κράτιππος
2857 642 3143 722 ἀνῄρηται.

2021 737 2202 810 Igitur
2228 753 2349 789 non
2376 735 2560 789 solum
2577 735 2942 807 praetermissa
2971 752 3002 788 a
3020 733 3350 806 Thucydide
3377 736 3511 791 Cra·

1951 821 2141 894 tippus
2165 820 2474 894 supplevit,
2498 818 2595 875 sed
2611 838 2755 892 opus
2783 819 2899 891 ejus
2927 821 3092 875 etiam
3116 821 3466 876 continuavit
3486 862 3501 889 ‚

1950 926 2136 980 neque
2176 907 2420 962 substitit
2454 908 2514 961 in
2544 903 2656 961 fine
2698 906 2833 961 belli
2878 907 3368 979 Peloponnesiaci,
3408 908 3515 964 sed

1951 995 2221 1051 ulteriora
2263 994 2430 1049 etiam
2464 1004 2788 1067 persecutus
2816 1003 2895 1046 est
2940 992 3012 1047 ad
3043 1010 3105 1047 ea
3135 1011 3312 1067 usque
3356 1004 3503 1048 tem·

1949 1101 2122 1154 pora,
2171 1081 2378 1155 quibus
2404 1080 2766 1136 Athenienses
2800 1090 3132 1153 potestatem
3176 1082 3512 1137 maritimam

1952 1170 2200 1225 Cononis
2235 1186 2409 1242 opera
2445 1178 2876 1241 recuperarunt,
2908 1179 2963 1224 et
3002 1180 3131 1242 post
3158 1180 3333 1224 tantas
3360 1170 3511 1224 cala-

1952 1257 2169 1312 mitates
2197 1256 2386 1311 denuo
2419 1273 2608 1310 rerum
2637 1256 2985 1327 aliquatenus
3006 1257 3174 1328 potiti
3196 1268 3346 1311 sunt.
3380 1256 3517 1327 Ejus

1953 1344 2331 1399 conversionis
2356 1353 2705 1397 momentum
2749 1342 2808 1396 in
2851 1343 3055 1415 proelio
3096 1345 3367 1416 positum,
3397 1362 3515 1416 quo

1953 1430 2025 1485 ad
2050 1431 2289 1487 Cnidum
2310 1431 2490 1486 classis
2514 1429 3069 1486 Lacedaemoniorum
3089 1431 3271 1486 deleta
3290 1442 3369 1485 est
3393 1432 3508 1503 (01.

1955 1518 2052 1589 96,
2093 1516 2157 1584 33
2189 1536 2239 1573 a.
2289 1517 2348 1573 C.
2380 1517 2540 1591 394).
2579 1518 2875 1590 Cratippus
2920 1518 3091 1591 igitur
3133 1519 3378 1572 historiis
3403 1520 3515 1572 suis

1954 1604 2385 1677 comprehendit
2433 1604 2575 1659 illud
2619 1604 3015 1677 septemdecim
3064 1623 3341 1660 annorum
3381 1624 3513 1678 spa-

1953 1692 2126 1760 tium,
2168 1690 2325 1764 quod
2376 1691 2783 1764 Theopompus
2832 1709 3062 1764 quoque
3108 1693 3167 1745 iu
3213 1692 3519 1747 Hellenicis

1955 1777 2304 1833 tractandum
2332 1778 2437 1833 sibi
2458 1780 2692 1852 sumpsit
2722 1776 2819 1855 (V.
2851 1779 3075 1853 Fragm.
3108 1780 3249 1833 Hist.
3279 1789 3418 1834 tom.
3454 1780 3510 1847 l,

1952 1884 2010 1938 p.
2047 1864 2339 1937 LXVIII).
2379 1861 2495 1933 Τὴν
2545 1861 2644 1921 ὑπὸ
2688 1861 3032 1942 Θηραμένους
3072 1867 3161 1934 τῆς
3203 1862 3511 1942 ὀλιγαρχίας

1957 1950 2247 2008 κατάλυσιν
2277 1952 2400 2025 (01.
2432 1970 2539 2025 92,
2569 1970 2637 2019 23
2668 1970 2720 2007 a.
2753 1954 2817 2006 C.
2850 1957 2916 2016 41
2936 1952 2991 2027 1)
3016 1955 3132 2026 ipse
3160 1953 3517 2026 Thucydides

1949 2038 2067 2110 jam
2099 2051 2435 2112 exposuerat
2463 2039 2559 2094 lib.
2588 2040 2758 2112 vm,
2800 2037 2875 2113 89
2898 2057 3022 2113 sqq.
3066 2040 3274 2095 Eadem
3296 2051 3509 2108 aestate,

1956 2145 2069 2199 qua
2102 2126 2413 2201 oligarchia
2435 2127 2669 2183 Athenis
2711 2128 2999 2198 antiquata
3039 2138 3145 2197 est,
3194 2139 3343 2202 gesta
3384 2139 3514 2183 sunt

1956 2233 2080 2286 quae
2129 2213 2202 2270 ad
2229 2213 2535 2287 Mytilenen
2581 2226 2638 2269 et
2672 2224 2871 2269 contra
2917 2216 3147 2270 Eresum
3189 2217 3301 2288 egit
3329 2216 3515 2270 Thra-

1955 2301 2146 2373 syllus.
2188 2303 2324 2373 Quae
2357 2319 2531 2374 quum
2574 2303 2770 2375 paucis
2814 2302 3168 2374 Thucydides
3210 2300 3515 2358 absolverit

1959 2387 2156 2463 (vm,
2213 2389 2385 2464 roo),
2417 2380 2646 2444 uberius
2682 2391 3000 2462 exposuisse
3028 2390 3254 2445 videtur
3296 2392 3517 2464 Cratip-

1955 2496 2092 2550 pus,
2130 2478 2361 2534 fortasse
2385 2496 2453 2534 ex
2482 2478 2667 2535 Lesbo
2710 2478 3017 2550 oriundus;
3049 2490 3199 2534 certe
3242 2482 3340 2552 qui
3368 2499 3519 2535 unus

1953 2576 2159 2637 praeter
2186 2567 2453 2621 Nostrum
2470 2564 2618 2620 'mihi
2648 2566 2897 2621 innotuit
2923 2567 3253 2639 Cratippus,
3284 2568 3510 2640 Mytile-

1957 2670 2107 2706 naeus
2145 2662 2226 2707 est
2258 2652 2625 2725 philosophus
2662 2654 2943 2728 Pompeio
2985 2656 3293 2710 carissimus
3337 2654 3509 2731 (Plu-

1959 2739 2138 2796 tarch.
2187 2741 2387 2812 Pomp.
2429 2738 2533 2809 75,
2569 2741 2727 2795 Brut.
2776 2760 2828 2799 c.
2870 2741 2965 2811 28,
3007 2742 3204 2797 Cicero
3245 2742 3317 2797 [ι’.
3368 2744 3508 2799 Tim.

1955 2843 2007 2882 c.
2050 2845 2102 2896 1,
2133 2827 2338 2882 AElian.
2365 2828 2434 2883 V.
2470 2829 2544 2882 H.
2576 2828 2713 2897 vll,
2744 2828 2864 2903 αι).
2899 2860 2977 2871 -
3004 2826 3090 2886 Τὰ
3125 2826 3244 2906 περὶ
3279 2826 3510 2898 Ἑλλήσ-

1959 2933 2146 2972 ποντον
2196 2909 2524 2971 Ἀλκιὸιάδου
2563 2910 2941 2991 νεανιεύματα,
2980 2934 3104 2989 qua:
3142 2918 3333 2991 primo
3382 2917 3516 2974 loco

1956 3014 2236 3058 memorat
2261 2999 2623 3070 Plutarchus,
2655 3003 2727 3059 ad
2756 3022 2820 3059 ea
2843 3022 2966 3077 quae
2993 3004 3350 3078 Thucydides
3376 3023 3510 3061 nar-

1956 3102 2044 3146 rat
2069 3092 2227 3161 vm,
2258 3089 2331 3156 45
2355 3109 2482 3164 sqq.
2514 3089 2712 3146 referri
2736 3093 2831 3146 vix
2846 3104 3098 3166 possunt.
3132 3093 3316 3165 Quare
3343 3092 3514 3148 chro-

1955 3179 2281 3251 nologicum
2320 3197 2508 3233 rerum
2556 3176 2817 3234 ordinem
2856 3182 2915 3234 in
2947 3179 3341 3236 enumerandis
3381 3181 3518 3235 locis

1956 3266 2203 3321 historiae
2250 3284 2368 3320 non
2398 3266 2753 3321 observatum
2780 3286 2893 3323 esse
2919 3269 3083 3323 statui
3107 3267 3304 3336 debet,
3344 3267 3517 3341 idque

1965 3352 2301 3409 confirmant
2324 3373 2448 3428 quae
2470 3353 2820 3426 Thucydidei
2845 3356 3033 3428 operis
3061 3356 3244 3429 capita
3268 3357 3327 3410 in
3349 3367 3517 3411 ante-

1956 3449 2283 3504 cedentibus
2309 3461 2686 3505 recensentur.
2717 3450 2846 3505 Alio
2870 3461 3055 3506 autem
3079 3451 3359 3508 Plutarchi
3382 3452 3509 3506 loco

1957 3535 2229 3591 docemur
2255 3537 2581 3610 Cratippum
2612 3538 2700 3592 vel
2751 3539 2946 3606 exiis,
2996 3556 3119 3609 quae
3165 3538 3312 3596 libro
3351 3548 3509 3594 sexto

1957 3618 2110 3694 (cap.
2142 3641 2213 3692 27
2257 3624 2413 3698 sqq.)
2458 3623 2816 3695 Thucydides
2848 3636 3201 3694 narraverat,
3242 3626 3515 3681 nonnulla

1956 3720 2295 3766 retractasse.

2719 3835 2768 3871 1.

2037 3934 2257 3988 Etenim
2277 3934 2600 3990 Plutarchus
2612 3936 2722 3992 Vit.
2746 3935 2903 3991 Orat.
2926 3936 2983 3990 11
2999 3976 3015 4006 ,
3042 3955 3091 4003 1,
3108 3955 3166 4009 p.
3186 3934 3293 4001 834
3327 3955 3340 3990 z
3370 3934 3520 3994 Μετὰ

1963 4015 2017 4074 δὲ
2044 4022 2212 4076 ταῦτα
2243 4019 2488 4086 αἰτιαθεὶς
2518 4019 2870 4098 (Ἀνδοκίδης)
2905 4019 3136 4092 άσεΕεῖν,
3160 4024 3228 4086 ὡς
3253 4019 3342 4078 καὶ
3373 4019 3525 4086 αὐτὸς

1915 4159 1922 4166 .
1963 4100 2078 4169 τοὺς
2107 4102 2314 4185 Ἑρμᾶς
2341 4105 2624 4187 περικόψας
2647 4106 2739 4166 καὶ
2763 4109 2834 4174 εἰς
2849 4105 2916 4166 τὰ
2938 4110 3029 4177 τῆς
3053 4106 3327 4188 Δήμητρος
3351 4108 3520 4185 ἆμαρ-

1967 4267 2115 4316 Nicioe
2135 4269 2260 4331 apud
2283 4271 2490 4332 Cythera
2521 4275 2569 4321 et
2604 4275 2793 4335 Megara
2813 4275 2861 4320 et
2890 4272 3173 4321 Corinthum
3198 4272 3382 4334 egregia
3403 4271 3523 4320 saci·

1967 4359 2112 4410 nora,
2132 4348 2305 4410 Pylum
2325 4351 2657 4401 Demosthenis
2669 4389 2684 4414 ‚
2705 4351 2897 4402 Cleonis
2910 4351 3123 4414 captivos
3137 4350 3522 4414 quadringentos,

1967 4426 2017 4473 et
2033 4425 2303 4476 Tolmidam
2317 4429 2400 4490 qui
2415 4428 2597 4479 circum
2612 4429 2991 4491 Peloponnesum
3010 4428 3218 4491 naviget,
3230 4426 3523 4490 Myronidem

1967 4501 2053 4564 qui
2077 4505 2267 4555 Boeotos
2288 4505 2448 4555 vincat
2471 4506 2599 4569 apud
2622 4507 2899 4570 OEnophyta
2925 4524 2938 4556 ε
2959 4504 3059 4568 iam
3087 4505 3314 4557 deleveris
3331 4506 3531 4568 Thucy-

1967 4578 2146 4630 didem.
2159 4581 2293 4631 Tolle
2304 4583 2556 4633 Alcibia‘lis
2563 4588 2767 4635 conatus
2775 4583 2982 4634 audaces
3003 4583 3133 4646 apud
3148 4584 3523 4647 Hellespontum,

1967 4658 2141 4722 'rm-as)
2150 4659 2201 4709 lli
2218 4659 2278 4709 ad
2301 4661 2505 4711 Lesbum
2519 4699 2533 4721 ‚
2552 4666 2601 4712 et
2617 4675 2833 4713 eversam
2851 4676 2881 4712 a
2894 4663 3189 4713 Theramene
3204 4676 3465 4725 paucorum
3480 4663 3529 4710 in

1970 4737 2213 4800 republica
2250 4741 2561 4801 potestatem,
2584 4741 2939 4803 Thrasybulum
2966 4743 3015 4790 et
3040 4742 3328 4802 sarchinium,
3356 4753 3414 4790 ac.
3451 4753 3529 4789 se·

1971 4813 2218 4876 ptuaginta
2233 4815 2349 4865 istos
2358 4816 2441 4878 qui
2457 4830 2485 4865 a
2504 4818 2648 4880 Pliyla
2663 4818 2864 4881 profecti
2878 4821 3046 4867 contra
3061 4819 3375 4881 principatum
3391 4820 3531 4879 Spar·

1973 4893 2196 4940 tanorum
2208 4892 2585 4958 insurrexerunt,
2600 4897 2650 4944 et
2661 4897 2909 4945 Cononem
2941 4897 3251 4946 Athenienses
3264 4907 3457 4944 rursum
3481 4895 3527 4942 in

1976 4980 2107 5017 mare
2135 4968 2452 5020 deducentem
2478 4990 2491 5021 ε
2524 4971 2771 5023 sustuleris
2801 4973 3098 5037 Cratippum.

2040 5160 2297 5209 Postmodo
2318 5162 2508 5213 violatae
2534 5087 2772 5226 religionis
2810 5165 3081 5228 postulatus
3104 5163 3231 5228 quod
3269 5164 3317 5212 et
3354 5163 3451 5225 ipse
3473 5161 3535 5210 de

337 5227 540 5276 victoria
576 5225 640 5276 ad
666 5226 844 5277 Rhium
875 5242 903 5278 a
933 5230 1218 5282 Phormione
1246 5236 1454 5283 eratum
1487 5235 1750 5296 loqueum,
1778 5236 1882 5282 tum
1977 5248 2145 5285 eorum
2166 5241 2288 5287 esset
2315 5252 2489 5301 oensu‚
2515 5241 2599 5304 qui
2619 5244 2803 5292 statuas
2824 5241 3043 5292 Mercurii
3065 5242 3361 5292 truncassent
3382 5242 3431 5289 et
3455 5252 3537 5287 ar·
