4016 5916
517 433 628 481 330

1801 409 1947 471 LEO
1987 405 2429 469 BYZANTIUS.

514 549 662 609 Λέων
686 550 871 607 omitti
900 553 1107 624 potuit.
1148 550 1408 621 Epitome
1429 545 1598 600 habet
1625 563 1639 598 ε
1669 541 1817 602 Λέων
1836 542 1882 598 δ’
1909 544 1938 598 6
1956 543 2066 599 -Βυ-
2155 535 2410 616 Ἀστίριον
2457 533 2561 594 ἀπὸ
2587 538 2675 594 τοῦ
2705 535 3122 615 συγκυρήματος.
3152 533 3411 618 ’Υστερον
3443 540 3490 599 δ’
3515 542 3724 615 ἐκλήθη

513 637 712 706 ζάντιος
738 635 911 714 παχὺς
949 634 1020 692 ὢν
1043 635 1102 692 τὸ
1126 637 1283 709 σῶμα
1298 632 1403 697 τοῖς
1424 630 1660 694 πολίταις
1686 628 1813 686 ποτὲ
1841 627 2063 686 στασιά-

513 731 655 793 ζουσι
681 725 809 805 πρὸς
838 721 1119 794 ἀλλήλους,
1154 744 1214 778 π.
1245 722 1285 777 ἐ.
1327 742 1413 799 qn,
1444 717 1615 794 ἔλεγεν
1658 718 1775 777 κτλ.
1806 719 2064 774 Ceterum

511 816 766 889 suspicor
785 817 944 868 istam
971 811 1407 884 Byzantium-um
1428 806 1806 872 dissidentiam
1825 804 1900 859 ad
1922 806 1980 859 ill
1988 804 2066 859 ud

512 904 795 976 pertinere
836 912 1060 971 tempus
1077 939 1093 966 ,
1137 915 1252 968 quo
1286 895 1708 950 Atheniensium
1749 890 2065 947 classis⁸sub

519 990 801 1044 Phocione
827 986 971 1041 duce
993 985 1321 1057 Byzantium
1351 983 1523 1037 venit.
1551 982 1674 1035 Jam
1703 990 1863 1034 antea
1888 978 2060 1032 Athe

513 1079 730 1146 nienses
753 1074 858 1128 sub
880 1072 1118 1127 Charete
1154 1071 1382 1125 classem
1407 1069 1673 1122 miserant
1699 1066 2062 1132 auxiliarem;

515 1174 569 1220 at
593 1181 713 1217 non
732 1169 1063 1234 receperant
1091 1175 1213 1212 eam
1244 1155 1493 1228 Byzantii
1535 1151 1856 1208 diffidentes
1896 1151 2067 1224 (Plu-

514 1249 689 1304 tarch.
737 1247 1011 1301 Phocion.
1065 1248 1132 1306 14
1160 1238 1201 1318 ).
1251 1242 1455 1297 Similis
1499 1238 1811 1295 diffidentia
1852 1238 2069 1293 animos

514 1334 872 1408 occupaverit
893 1331 1118 1398 civium,
1135 1346 1311 1401 quum
1328 1326 1534 1382 deinde
1556 1326 1809 1381 Phocion
1818 1323 2064 1391 advenit,

514 1440 683 1495 quem
711 1422 881 1475 altera
913 1436 1075 1491 parS,
1105 1427 1246 1488 puto
1265 1456 1281 1482 ,
1316 1415 1378 1467 in
1411 1412 1616 1468 urbem
1642 1410 2031 1485 recipiendum
2049 1450 2065 1479 ,

518 1510 691 1564 altera
718 1525 856 1562 vero
893 1516 1091 1559 contra
1116 1502 1348 1576 putabat
1369 1542 1385 1567 ‚
1425 1499 1606 1555 donec
1626 1499 1898 1554 sententia
1926 1500 2068 1553 Leo-

514 1597 600 1650 nis
619 1637 636 1666 ,
674 1596 771 1666 qui
800 1592 1141 1666 probitatem
1170 1588 1469 1644 Phocionis
1498 1595 1761 1652 noverat,
1800 1585 2061 1659 pervicit.

518 1680 536 1752 (
560 1678 732 1748 Λέων,
783 1674 912 1753 ἀνὴρ
940 1671 1240 1742 Βυζαντίων
1283 1673 1481 1749 πρῶτος
1509 1672 1670 1749 ἀρετῇ
1698 1668 1789 1726 καὶ
1831 1671 1908 1746 τῷ
1935 1669 2064 1726 Φω·

517 1763 663 1821 κίωνι
700 1761 920 1841 γεγονὼς
956 1764 1009 1819 ἐν
1045 1757 1339 1837 Ἀκαδημία
1383 1755 1632 1826 συνήθης,
1675 1754 1946 1822 ἀνεδέξατο
1972 1753 2066 1825 τὴν

515 1851 690 1909 πίστιν
728 1849 858 1927 ὑπὲρ
897 1850 1057 1907 αὐτοῦ
1088 1844 1216 1926 πρὸς
1253 1842 1347 1915 τὴν
1378 1844 1550 1902 πόλιν.
1581 1846 1858 1901 Plutarch.
1899 1846 1937 1898 l.
1987 1843 2063 1918 1.)

517 1943 647 1995 Haec
671 1941 845 2013 igitur
859 1938 1251 2010 Byzantiorum
1277 1933 1508 2003 seditio,
1535 1933 1691 2004 cujus
1709 1950 1870 1987 causa
1894 1932 2069 1986 Athe-

513 2028 729 2082 nienses
743 2026 985 2094 fuerunt,
1002 2023 1209 2079 deinde
1226 2024 1285 2076 in
1302 2021 1721 2076 Atheniensium
1736 2018 2071 2074 seditionem

514 2113 670 2187 apud
711 2113 849 2168 alios
887 2123 1144 2167 auctores
1186 2109 1382 2190 abiisse
1425 2106 1671 2162 videtur.
1720 2108 1847 2178 Quo
1884 2106 2066 2177 fact0,

517 2203 577 2255 in
620 2212 891 2274 promptu
937 2211 1057 2254 erat
1099 2198 1301 2254 Leonti
1347 2195 1682 2250 substituere
1732 2194 2064 2266 Pythonem.

516 2290 776 2343 Ceterum
841 2284 1152 2341 admodum
1198 2281 1510 2355 probabilis
1564 2291 1655 2356 est
1719 2279 2070 2353 Bernhardyi

515 2375 816 2440 sententia,
872 2392 941 2427 ex
994 2389 1103 2444 qua
1151 2373 1313 2426 Leon
1359 2367 1454 2422 ille
1508 2366 1660 2422 idem
1690 2377 1771 2421 est
1823 2366 1918 2438 qui
1957 2366 2067 2422 alio

518 2461 777 2515 Athenaei·
794 2460 925 2514 loco
965 2457 1243 2512 Leonidas
1277 2455 1611 2527 appellatur.
1641 2455 1724 2508 Eo
1762 2471 1900 2507 vero
1936 2454 2067 2509 loco

518 2556 806 2600 auctorem
854 2544 1152 2599 Athenaeus
1196 2540 1387 2596 laudat
1430 2541 1700 2594 Damonis
1744 2557 1888 2613 opus
1935 2537 2070 2618 Περὶ

524 2630 840 2705 Βυζαντίους
902 2629 1063 2703 quod
1116 2647 1293 2701 quum
1335 2628 1466 2681 alia's
1510 2645 1784 2699 nusquam
1840 2619 2070 2682 memo*-

516 2728 702 2772 ratum
724 2715 961 2782 videam,
990 2716 1177 2769 nescio
1194 2733 1265 2769 an
1283 2713 1548 2771 ΔΑΜΩΝ
1565 2723 1892 2786 corruptum
1913 2714 1983 2768 sit
2000 2732 2069 2771 ex

522 2803 746 2861 AmN.

1076 2890 1508 3014 Roln‘l'lAKA.

1264 3115 1322 3152 2.

602 3238 882 3296 Plutarch.
929 3240 1015 3293 De
1049 3234 1184 3291 fluv.
1225 3253 1294 3304 2,
1332 3253 1367 3291 2
1408 3250 1424 3293 t
1467 3230 1796 3313 Παράκειται
1837 3235 1885 3291 δ’
1928 3235 2071 3314 αὐτῷ

526 3328 540 3384 ι’
548 3326 617 3404 τῷ
641 3322 898 3400 Ἰσμηνῷ)
920 3319 1181 3400 Κιθαιρὼν
1199 3320 1331 3399 ὅρος,
1353 3319 1729 3396 ὀνομαζόμενον
1748 3318 1803 3378 δὲ
1822 3318 2071 3399 πρότερον

524 3409 810 3489 Ἀστέριον,
845 3407 913 3467 δι’
934 3409 1104 3466 αἰτίαν
1126 3407 1388 3479 τοιαύτην.
1419 3409 1650 3466 Βοιωτοῦ
1677 3412 1766 3466 τοῦ
1797 3410 2071 3468 Ποσειδῶ-

524 3520 605 3564 νος
643 3499 701 3555 ἐκ
730 3498 868 3555 δυοῖν
896 3498 1154 3573 γυναικῶν
1181 3498 1286 3553 τῶν
1325 3494 1600 3571 ἐπισήμων
1645 3493 1875 3562 θέλοντος
1902 3499 2073 3574 γῆμαι

524 3582 618 3652 τὴν
639 3581 1041 3662 ὠφελιμωτέραν
1055 3627 1072 3655 ,
1092 3581 1182 3640 καὶ
1207 3584 1258 3639 ἐν
1282 3584 1396 3647 ταῖς
1427 3580 1736 3661 ἀκρωρείαις
1758 3580 1919 3662 λόφου
1938 3583 2074 3649 τινὸς

525 3668 793 3744 ἀνωνύμου
835 3667 1014 3736 νυκτὸς
1049 3667 1404 3748 περιμένοντος
1456 3667 1782 3748 ἀμφοτέρας,
1830 3668 2075 3751 αἰφνίδιος

524 3756 576 3822 ἐξ
603 3757 819 3834 οὐρανοῦ
848 3757 1168 3835 κατενεχθεὶς
1196 3750 1361 3833 ἀστὴρ
1386 3754 1537 3812 ἔπεσε
1561 3762 1665 3821 τοῖς
1686 3756 2074 3835 Εὗρυθεμίστης

522 3839 685 3918 ὤμοις
701 3887 717 3915 ,
742 3843 833 3902 καὶ
859 3840 1058 3923 ἀφανὴς
1084 3841 1303 3920 ἐγένετο.
1331 3840 1555 3909 Βοιωτὸς
1578 3839 1633 3900 δὲ
1663 3840 1724 3899 τὸ
1751 3841 2075 3919 σημαινόμε-

2159 620 2421 701 Κιθαιρὼν
2462 622 2530 679 δι’
2577 621 2749 680 αἰτίαν
2793 622 3062 694 τοιαύτην.
3163 625 3425 706 Τισιφόνη
3463 627 3564 704 μία
3600 632 3713 687 τῶν

2157 707 2462 787 Ἐριννύων,
2506 710 2580 773 εἰς
2628 708 2906 785 ἐπιθυμίαν
2954 712 3254 787 ἐμπεσοῦσα
3298 714 3483 780 παιδὸς
3525 718 3720 795 εὐπρε-

2153 802 2281 862 ποῦς
2297 842 2314 869 ,
2345 798 2662 874 Κιθαιρῶνος
2688 795 2917 873 τοῦνομα
2932 843 2949 870 ,
2975 797 3065 856 καὶ
3096 797 3171 874 μὴ
3193 797 3448 879 στέγουσα
3473 800 3572 872 τὴν
3591 803 3719 861 ἐπί-

2157 896 2306 934 τοισιν
2328 878 2431 933 τῶν
2450 873 2677 954 ἐρώτων,
2703 873 2886 951 λόγους
2915 878 3057 955 αὐτῷ
3081 878 3202 955 περὶ
3227 877 3459 937 συνόδων
3478 880 3722 940 ἀπέστει-

2154 963 2240 1020 λεν
2254 984 2268 998 ·
2287 965 2314 1019 6
2334 960 2388 1020 δὲ
2411 962 2471 1020 τὸ
2487 960 2913 1032 καταπληκτικὸν
2929 967 3022 1033 τῆς
3049 963 3423 1043 προειρημένης
3441 966 3690 1047 φοόηθεὶς
3703 1014 3723 1043 ,

2159 1044 2268 1107 οὐδ’
2295 1048 2614 1129 ἀποκρίσεως
2635 1046 2798 1119 αὐτὴν
2823 1048 3044 1119 ἠξίωσεν
3062 1074 3076 1088 ·
3104 1054 3139 1122 ἡ
3174 1052 3219 1110 δ’
3256 1054 3596 1132 ἀπατυχοῦσα
3621 1060 3723 1126 τῆς

2154 1133 2499 1214 προαιρέσεως
2515 1180 2533 1211 ,
2563 1137 2623 1194 tx
2656 1138 2761 1194 τῶν
2804 1135 3096 1211 πλοκάμων
3136 1135 3226 1196 ἵνα
3268 1142 3372 1198 τῶν
3417 1141 3716 1219 δρακόντων

2156 1221 2489 1296 ἀπέσπασεν,
2515 1222 2607 1282 καὶ
2640 1223 2727 1282 ἐπὶ
2760 1222 2852 1283 τὸν
2880 1223 3206 1304 ὓπέρήφανον
3234 1224 3451 1285 leam·
3479 1231 3508 1285 6
3531 1228 3578 1286 δ’
3599 1229 3722 1309 ὄφις
3801 1247 3818 1260 ·

2154 1311 2260 1376 τοῖς
2302 1309 2515 1377 κόλποις
2570 1309 2909 1390 περισφίγξας
2959 1311 3114 1370 αὐτὸν
3175 1312 3400 1388 ἀνεῖλεν,
3449 1312 3718 1393 Ἀστερίου

2155 1395 2610 1473 ποιμαίνοντος,ἐν
2653 1402 2768 1464 ταῖς
2805 1398 3133 1478 ἀκρωρείαις.
3175 1397 3332 1460 Κατὰ
3370 1396 3428 1457 δὲ
3465 1400 3718 1480 πρόνοιαν

2156 1487 2284 1541 θεῶν
2297 1528 2313 1556 ,
2332 1483 2392 1542 τὸ
2410 1483 2525 1562 ὄρος
2548 1486 2641 1542 ἀπ’
2663 1488 2822 1544 αὐτοῦ
2842 1483 3222 1562 μετωνομάσθη
3261 1487 3523 1566 Κιθαιρὼν
3537 1532 3557 1565 ‚
3581 1490 3717 1549 καθὸ

2157 1572 2352 1649 ἱστορεῖ
2376 1570 2523 1632 Λέων
2547 1574 2575 1629 6
2602 1571 2881 1641 Βυζάντιος
2908 1575 2960 1632 ἐν
2984 1574 3089 1640 τοῖς
3117 1575 3469 1641 Βοιωτιακοῖς.

2234 1663 2518 1718 Boeotiaca
2540 1663 2658 1717 haec
2697 1665 2926 1719 Leontis
2958 1662 3247 1734 cujusdam
3273 1665 3565 1737 Byzantini
3587 1685 3712 1722 non

2157 1748 2443 1820 peculiare
2472 1767 2614 1821 opus
2640 1749 2739 1805 sed
2772 1760 2943 1822 caput
2965 1749 3176 1804 fuerint
3201 1753 3389 1824 operis
3414 1753 3499 1807 De
3523 1750 3715 1808 fluviis

2158 1835 2315 1908 quod
2340 1835 2542 1891 eodem
2556 1836 2732 1892 modo
2749 1856 2865 1910 quo
2886 1837 3278 1893 Plutarcheum
3291 1837 3459 1894 fuerit
3475 1838 3718 1896 adorna-

2159 1931 2298 1977 tum.
2337 1921 2519 1994 quue
2548 1921 2618 1977 de
2653 1924 2773 1978 aliis
2805 1920 3078 1979 similibus
3109 1924 3282 1979 titulis
3328 1943 3716 1998 saepenumero

2160 2010 2345 2064 valere
2364 2009 2503 2063 mihi
2527 2028 2852 2082 persuasum
2877 2021 2977 2066 est.
2999 2041 3082 2054 —
3112 2011 3278 2084 Apud
3311 2013 3555 2068 eundem
3583 2014 3718 2068 Plu-

2159 2096 2414 2151 tarchum
2442 2095 2460 2169 (
2484 2099 2571 2151 De
2602 2094 2738 2156 fluv.
2779 2117 2802 2152 1
2819 2116 2841 2152 1
2862 2138 2879 2166 ,
2915 2096 2987 2172 α)
3020 2100 3283 2172 leguntur
3311 2100 3428 2154 haec
3457 2119 3474 2154 ε
3509 2101 3714 2158 rm&-

2158 2202 2246 2237 ται
2264 2179 2309 2237 δ’
2325 2181 2378 2237 ἐν
2400 2182 2541 2260 αὐτῷ
2566 2183 2658 2261 (τῷ
2677 2182 2987 2260 Στρυμῶνι)
3011 2183 3145 2248 λίθος
3166 2182 3503 2251 Παυσίλυπος
3525 2184 3714 2244 καλού·

2160 2286 2343 2341 μενος·
2364 2264 2421 2323 ὃν
2446 2265 2535 2322 ἐὰν
2552 2264 2677 2345 εὕρῃ
2697 2289 2774 2333 τις
2790 2270 3006 2340 πενθῶν,
3028 2267 3254 2326 παύεται
3271 2273 3604 2348 παραχρῆμα
3622 2276 3719 2343 τῆς

2158 2351 2480 2430 κατεχούσης
2524 2353 2677 2411 αὐτὸν
2720 2362 3014 2434 συμφορᾶς,
3067 2353 3237 2422 καθὼς
3284 2357 3480 2436 ἱστορεῖ
3522 2358 3715 2418 Ἰάσων

2159 2442 2187 2496 6
2216 2437 2492 2507 Βυζάντιος
2511 2441 2563 2497 ἐν
2577 2443 2681 2506 τοῖς
2696 2444 2982 2520 Θρᾳκικοῗς
3000 2443 3019 2518 (
3034 2463 3144 2518 vgo
3163 2444 3463 2521 Τραγικοῖς,
3483 2448 3712 2508 emend.

2157 2529 2380 2583 Jonsius
2417 2530 2488 2586 H.
2524 2528 2666 2601 phil.
2714 2531 2831 2599 ΙΙΙ,
2873 2547 2939 2598 2,
2983 2530 3069 2605 α).
3110 2533 3276 2586 Iason
3321 2532 3553 2589 aliunde
3595 2554 3716 2590 nou

2158 2626 2341 2671 notus.
2368 2618 2517 2672 Num
2539 2616 2900 2672 scribendum
2924 2617 3123 2694 ἱστορεῖ
3147 2618 3394 2676 AEQN?

2621 2747 2801 2805 ΠΕΡΙ
2848 2748 3248 2807 ΠΟΤΑΜΩΝ.

2622 2879 2668 2933 Ε
2707 2879 2923 2937 LIBRO
2962 2881 3250 2938 TERTIO.

2913 2999 2968 3058 3.

2239 3109 2523 3168 Plutarch.
2554 3112 2639 3167 De
2666 3110 2808 3169 fluv.
2843 3118 2914 3177 24
2933 3154 2950 3187 ,
2983 3132 3040 3183 α,
3064 3113 3135 3170 de
3156 3116 3310 3189 Tigri
3334 3114 3392 3172 fl.
3423 3136 3437 3171 ε
3463 3116 3726 3174 Γεννᾶται

2164 3193 2209 3251 δ’
2236 3196 2289 3252 ἐν
2318 3195 2461 3273 αὐτῷ
2499 3195 2665 3268 λίθος,
2708 3196 2928 3259 Μυνδόιν
2958 3197 3300 3275 καλούμενος,
3336 3200 3474 3258 πάνυ
3503 3200 3718 3267 λευκός·

2163 3279 2219 3339 ὃν
2248 3280 2337 3338 ἐὰν
2365 3279 2567 3360 κατέχῃ
2594 3306 2699 3355 τις,
2723 3280 2866 3342 οὐδὲν
2891 3284 2991 3342 ὑπὸ
3019 3284 3208 3364 θηρίων
3236 3286 3516 3344 ἀδικεῖται·
3546 3285 3728 3353 καθὼς

2163 3369 2360 3448 ἱστορεῖ
2383 3367 2531 3429 Λέων
2566 3372 2594 3427 6
2622 3370 2899 3439 Βυζάντιος
2920 3371 2973 3429 ἐν
3001 3374 3050 3449 γ’
3086 3371 3219 3452 Περὶ
3237 3377 3508 3451 ποταμῶν.

2915 3613 2968 3670 [ι.

2665 3726 3211 3805 (neruum-2.)

2242 3846 2430 3905 Schol.
2459 3850 2650 3921 Apoll.
2679 3851 2790 3905 Rh.
2812 3851 2899 3920 11,
2935 3868 3047 3924 297
3082 3870 3098 3906 ε
3129 3845 3290 3909 Ἔστι
3315 3849 3416 3929 γὰρ
3443 3851 3536 3909 καὶ
3566 3843 3724 3917 Αἶνος

527 3952 608 3986 νον
635 3930 855 4006 νοήσας,
874 3928 969 3998 τὴν
990 3928 1085 4004 μὲν
1109 3928 1267 4007 κόρην
1289 3927 1484 4007 ἔγημε,
1510 3928 1571 3985 τὸ
1596 3927 1640 3985 δ’
1660 3928 1775 4007 ὄρος
1801 3928 2072 4002 ὠνόμασεν
2164 3928 2278 4007 ὄρος
2305 3936 2395 4000 τῆς
2426 3932 2786 4010 Κεφαλληνίας
2802 3978 2817 4004 ,
2837 3933 2966 3991 ὅπου
2991 3935 3239 4007 Αἷνησίου
3263 3936 3466 4013 (scrib.
3500 3940 3724 4009 Αἰνηΐου

1113 4096 1496 4157 BOEOTICA.

592 4319 785 4382 sdjaoet
808 4323 997 4369 Ismene
1016 4319 1262 4369 Cithaeron
1285 4330 1425 4367 mons
1440 4353 1457 4380 ,
1479 4318 1614 4380 prius
1631 4317 1844 4368 Asterius
1866 4317 1974 4368 ideo
1996 4331 2081 4368 vo·

531 4400 694 4463 catus,
723 4396 882 4459 quod,
909 4409 1060 4458 quum
1084 4398 1278 4446 Boeotns
1288 4394 1495 4457 Neptuni
1521 4395 1647 4444 lilius
1660 4408 1724 4443 ex
1739 4394 1928 4445 duabus
1952 4394 2081 4444 nobi·

531 4474 654 4523 libus
676 4473 959 4523 mulieribus
987 4485 1094 4522 eam
1111 4508 1127 4534 ,
1151 4485 1261 4535 quae
1292 4471 1383 4522 sibi
1411 4472 1573 4521 utilior
1604 4470 1878 4530 videbatur,
1902 4470 2082 4521 ducere

529 4553 700 4614 vellet,
727 4555 776 4602 et
810 4553 862 4601 in
893 4552 1145 4601 cacumine
1172 4552 1309 4601 collis
1336 4551 1586 4612 enjusdam
1622 4550 1907 4600 innominati
1938 4555 2081 4601 nocte

530 4633 783 4692 utramque
796 4631 1119 4691 exspectaret,
1140 4628 1397 4690 derepente
1414 4628 1550 4677 stella
1566 4627 1628 4677 de
1641 4628 1764 4677 ooelo
1777 4627 1936 4677 delata
1954 4629 2079 4677 ceci-

527 4707 599 4757 dit
621 4705 670 4754 in
697 4706 922 4755 humeros
944 4706 1323 4768 Eurythemistes
1341 4706 1390 4753 et
1407 4704 1602 4754 evanuit
1626 4704 1806 4753 statim.
1836 4704 1981 4762 Quod
2015 4707 2082 4754 si-

528 4796 674 4843 gnum
689 4785 914 4846 reputans
927 4797 1089 4832 secum
1106 4786 1299 4839 Boeotus
1311 4784 1434 4832 hanc
1448 4782 1657 4844 puellam
1670 4795 1870 4833 uxorem
1884 4781 2023 4831 duxit
2036 4785 2084 4832 et

532 4865 743 4915 montem
765 4862 999 4911 Asterium
1015 4863 1176 4912 abillo
1191 4876 1302 4911 casu
1322 4861 1663 4921 denominavit,
1679 4874 1823 4923 quem
1842 4864 2083 4924 postremo

530 4938 851 4987 Cithaeronem
870 4941 1107 4987 vocarunt
1127 4940 1190 4988 ob
1214 4940 1339 4988 lianc
1363 4952 1575 4987 causam.
1614 4941 1777 4995 Quum
1799 4937 2082 5001 Tisiphone,

536 5016 782 5069 Furiarum
818 5030 913 5066 una
930 5054 944 5078 ‚
969 5016 1253 5067 Cithaeronis
1285 5013 1589 5079 pulcherrimi
1628 5005 1762 5079 pineti
1791 5030 1955 5066 amore
1982 5030 2082 5065 cor·

535 5096 667 5154 repta
699 5098 847 5155 oeset,
884 5095 932 5143 et
960 5107 1073 5143 eum
1106 5093 1349 5142 occultare
1386 5094 1520 5143 nullo
1559 5093 1702 5142 modo
1739 5096 1922 5155 posset,
1956 5092 2082 5143 illius

536 5182 808 5229 congressur-
830 5182 943 5219 ausa
967 5172 1038 5219 cst
1070 5171 1245 5231 petere.
1284 5172 1343 5219 At
1383 5169 1627 5219 citha-ron
1660 5170 1816 5219 Furia:
1839 5170 2084 5219 horrorem
2127 5170 2134 5195 ¹

2164 4108 2366 4158 exosus,
2386 4110 2448 4147 ne
2464 4097 2685 4159 dignatus
2701 4101 2773 4148 est
2804 4100 2998 4163 quidem
3033 4102 3076 4149 ei
3107 4114 3387 4164 responsum
3416 4102 3535 4152 dare
3560 4123 3574 4152 ι
3594 4104 3728 4153 unde

2165 4185 2291 4221 vana
2319 4186 2403 4235 spe
2434 4173 2599 4224 delusa
2624 4189 2653 4224 e
2679 4176 2888 4225 crinibus
2912 4182 3185 4239 serpentum
3207 4192 3359 4228 unum
3381 4180 3584 4240 avulsit,
3603 4184 3658 4229 et
3674 4182 3726 4231 in

2168 4252 2430 4311 superbum
2462 4251 2689 4310 iuvenem
2718 4253 2916 4314 proiecit
2933 4288 2948 4313 ,
2982 4267 3125 4316 quem
3162 4268 3357 4316 serpens
3381 4256 3588 4305 nexibus
3617 4258 3720 4306 suis

2166 4327 2492 4389 constringens
2507 4327 2747 4378 interemit
2765 4329 2814 4378 in
2832 4330 3002 4379 Asterii
3016 4331 3194 4380 montis
3211 4332 3543 4382 cacuminibus
3559 4346 3727 4396 greges

2175 4406 2294 4453 tunc
2311 4404 2537 4467 temporis
2554 4408 2844 4467 pascentem.
2869 4407 2969 4458 Diis
2986 4411 3148 4457 autem
3174 4409 3240 4457 ita
3263 4409 3562 4470 volentibnS,
3585 4423 3728 4459 mons

2168 4480 2247 4530 ille
2264 4482 2327 4529 ab
2344 4494 2401 4530 eo
2420 4487 2620 4531 vocatus
2635 4484 2708 4531 est
2727 4483 2968 4532 Cithaeron
2981 4521 2997 4546 ‚
3013 4487 3068 4533 ut
3083 4486 3251 4534 auctor
3265 4487 3337 4534 est
3356 4488 3452 4533 Leo
3469 4488 3728 4549 Byzantius

2169 4558 2365 4608 inlibris
2381 4561 2561 4609 Rerum
2583 4560 2918 4610 Boeoticarum.

2700 4675 2800 4733 DE
2841 4674 3174 4735 FLUVllS.

2607 4794 2648 4852 E
2690 4795 2915 4854 LIBRO
2957 4794 3266 4853 TERTlO.

2915 4919 2967 4968 3.

2233 5014 2451 5067 Nascitur
2477 5014 2527 5062 in
2547 5011 2732 5075 Tigride
2764 5013 2904 5076 apis,
2926 5013 3134 5076 Myndan
3153 5013 3346 5063 nornine
3359 5048 3374 5074 ‚
3398 5012 3508 5061 albo
3527 5024 3729 5075 prorsus

2171 5092 2359 5150 colore,
2386 5091 2645 5153 qucui.qui
2667 5093 2824 5151 tenet,
2857 5091 2897 5139 is
2927 5106 2954 5138 ε
2991 5091 3152 5140 bestiis
3185 5089 3302 5138 nihil
3333 5088 3545 5150 laeditur,
3582 5088 3728 5138 sicuti

2171 5171 2335 5219 narrat
2357 5173 2485 5219 Leon
2508 5172 2759 5232 Byzantius
2783 5170 2904 5219 libro
2922 5170 3061 5219 tertio
3092 5173 3158 5218 Dc.-
3181 5166 3471 5216 fluminibus.
