4016 5916
506 409 619 458 516

505 530 644 584 dum
683 528 857 602 igitur
886 538 966 581 est
1000 526 1154 580 haud
1188 525 1392 593 dubie,
1436 525 1762 580 Eusebianis
1798 525 2073 598 excerptis

505 617 669 671 aliam
700 614 983 688 quandam
1020 612 1441 668 Manethoniani
1477 612 1665 685 operis
1692 611 2075 666 recensionem

504 703 740 758 subesse.
764 703 895 756 Haec
920 719 1080 770 ver0,
1110 700 1212 755 nisi
1244 699 1466 773 egregie
1496 699 1681 768 fallor,
1708 697 1903 753 eadem
1932 707 2075 765 erat,

507 809 576 846 ex
598 808 709 863 qua
736 788 990 844 laterculi
1031 785 1317 843 Panodori
1363 796 1420 841 et
1462 783 1676 841 Veteris
1720 786 1988 842 Chronici
2024 793 2080 838 et

505 879 681 953 ipsius
699 875 942 950 Syncelli
963 884 1395 949 promanarunt.

588 964 912 1034 Panodorus
937 975 992 1019 et
1025 965 1344 1030 Anniamoe,
1379 961 1640 1015 monachi
1674 960 2077 1034 AEgyptii,sae-

512 1054 626 1109 culi
666 1052 876 1126 quinti,
922 1051 984 1106 in
1029 1048 1507 1124 Chronographiis
1543 1049 1653 1102 suis
1686 1048 1798 1102 hoc
1837 1048 2079 1102 maxime

513 1137 850 1195 allaborasse
882 1137 1173 1211 videntur,
1204 1145 1268 1191 ut
1294 1134 1649 1190 Chaldaicam
1677 1144 1731 1188 et
1759 1134 2078 1208 AEgyptiam

514 1223 946 1300 chronologiam
975 1243 1104 1280 cum
1128 1222 1364 1280 ‚Iudaica
1387 1222 1774 1277 conciliarent.
1821 1222 1981 1277 Certe
2011 1238 2081 1275 ex

512 1311 775 1388 Syncello
831 1312 1091 1369 discimus
1147 1309 1438 1385 quomodo
1500 1308 1834 1364 Panodorus
1907 1326 2082 1364 annos

518 1400 813 1475 432,000,
857 1418 1003 1473 quos
1042 1397 1355 1456 Chaldaicis
1391 1396 1618 1471 regibus
1658 1395 2085 1452 antediluvianis

513 1491 751 1545 Berosus
769 1488 1023 1563 assignat,
1067 1487 1140 1543 ad
1167 1501 1343 1540 annos
1389 1482 1535 1539 1183
1583 1485 1654 1556 Ἰ,
1697 1483 2078 1553 revocaverit,

517 1576 616 1649 qui
642 1572 976 1629 numerandi
1001 1573 1112 1627 sint
1134 1571 1203 1626 ab
1227 1569 1427 1626 mundi
1452 1588 1600 1626 anno
1637 1589 1660 1625 1
1676 1589 1697 1625 1
1712 1567 1782 1641 57
1811 1589 1988 1644 usque
2012 1569 2085 1626 ad

516 1679 728 1718 annum
779 1668 962 1729 2241,
1011 1661 1122 1728 sive
1165 1677 1342 1732 usque
1374 1656 1444 1713 ad
1504 1675 1713 1712 annum
1753 1659 1850 1730 qui
1892 1675 1925 1713 e
1972 1659 2082 1714 Ju-

518 1749 771 1805 daeormn
796 1745 1309 1804 Alexandrinorum
1344 1754 1614 1819 computo
1643 1745 1904 1819 proxime
1928 1757 2086 1800 ante-

521 1836 673 1892 cedit
701 1836 995 1893 diluvium.
1045 1832 1109 1908 (*)
1149 1833 1240 1889 Ad
1284 1831 1509 1888 eosdem
1551 1850 1688 1888 vero
1726 1850 1902 1888 annos
1938 1832 2083 1888 1183

517 1923 853 1980 Panodorus
897 1922 1182 1977 revocavit
1229 1922 1396 1976 etiam
1447 1938 1624 1975 annos
1668 1939 1813 1993 quos
1844 1920 2084 1975 deorum

523 2021 581 2066 et
605 2010 983 2066 semideorum
1014 2008 1277 2081 dynastiis
1298 2006 1452 2080 apud
1473 2008 1874 2062 Manethonem
1899 2006 1994 2085 (fr.
2030 2007 2082 2084 2)

522 2099 785 2173 assignari
805 2097 1044 2153 dicebat.
1072 2094 1340 2151 Manetho
1367 2112 1538 2166 vero,
1561 2112 1730 2168 quem
1756 2095 2089 2154 Panodorus

521 2185 823 2255 intellexit,
849 2185 944 2240 ille
972 2194 1080 2252 est,
1108 2182 1205 2255 qui
1235 2182 1472 2237 Sotheos
1493 2182 1703 2237 librum
1738 2184 2085 2258 composuit,

522 2272 609 2327 uti
661 2290 731 2327 ex
784 2281 984 2327 tenore
1033 2269 1430 2345 disputationis
1494 2269 1857 2343 Syncellianae
1909 2279 2093 2343 patet:

523 2364 705 2436 Supra
729 2360 733 2364 ’
752 2360 871 2434 jam
920 2360 1119 2415 monui
1163 2358 1564 2415 Manethonem
1607 2357 1762 2413 hunc
1814 2358 1893 2413 ita
1961 2376 2083 2413 rem

525 2449 854 2519 adornasse,
883 2461 950 2504 ut
970 2449 1200 2522 triginta
1224 2447 1487 2520 dynastiae
1513 2464 1636 2501 non
1655 2456 1839 2513 ‚essent
1870 2455 2089 2501 morta-

526 2537 667 2592 lium
704 2534 787 2612 (ut
825 2534 979 2610 apud
1027 2534 1426 2589 Manethonem
1452 2531 1701 2589 Africani
1726 2543 1784 2588 et
1810 2533 2086 2606 Eusebii),

526 2623 626 2679 sed
649 2634 704 2679 et
727 2624 1048 2679 mortalium
1086 2631 1143 2676 et
1163 2620 1564 2676 immortalium
1582 2661 1598 2689 ‚
1628 2619 1791 2675 sicuti
1817 2622 1877 2674 in
1910 2620 2090 2675 Chro-

528 2711 659 2765 nico
678 2712 902 2765 Vetere.
919 2710 951 2763 J
955 2726 1042 2762 am
1064 2724 1133 2762 ex
1155 2707 1416 2780 Syncello
1439 2705 1715 2763 docemur
1726 2705 2091 2761 Panodorum

527 2797 846 2853 numerasse
889 2796 1126 2851 deorum
1165 2795 1443 2868 dynastias
1485 2812 1607 2865 sex,
1652 2793 1927 2850 semideos
1951 2812 2090 2850 vero

529 2886 588 2937 in
618 2883 755 2938 duas
796 2883 1074 2955 dynastias
1103 2880 1430 2937 distinxisse.
1457 2881 1662 2957 Igitur,
1691 2882 2092 2937 immortalium

531 2970 797 3042 dynastiae
825 2988 1004 3042 quum
1022 2980 1153 3025 octo
1177 2971 1286 3024 sint
1299 3010 1318 3044 ,
1339 2968 1674 3025 mortalibus
1695 2969 2095 3043 relinquuntur

532 3145 680 3195 schen
697 3144 910 3195 Gewirre
927 3144 1042 3194 alles
1059 3143 1244 3205 dassen,
1263 3156 1365 3193 was
1392 3143 1470 3193 die
1487 3143 1853 3195 verschiedeneu
1890 3145 2093 3197 seht-iit·

531 3216 694 3264 stellet
737 3214 826 3264 aus
883 3215 1109 3264 Manetho
1152 3214 1535 3277 zurilcksuhren,
1578 3215 1724 3265 kaum
1767 3217 1846 3265 ein
1888 3216 2094 3267 anderer

539 3290 747 3347 Ausvveg
781 3284 943 3334 finden
955 3285 1109 3334 laasen
1132 3286 1204 3334 als
1224 3285 1577 3347 anznnehmen,
1604 3284 1690 3334 das
1708 3286 2098 3337 Manethonioehe

533 3355 714 3416 Werlt,
734 3354 845 3405 dem
872 3355 951 3404 die
976 3358 1194 3417 Ausziige
1216 3355 1434 3405 entlehnt
1453 3353 1561 3406 sind
1576 3392 1592 3419 ‚
1621 3354 1746 3405 habe
1776 3356 1870 3406 den
1895 3357 2097 3407 Anser-ti·

533 3439 651 3487 gern
678 3424 765 3475 der
786 3425 1015 3474 letztereu
1039 3424 1090 3474 in
1130 3425 1263 3475 einer
1294 3426 1480 3475 Gestalt
1501 3425 1619 3475 oder
1653 3426 1704 3474 in
1722 3427 1967 3476 Gestalten
1993 3440 2097 3477 vor·

532 3496 750 3559 gelegen,
785 3496 1013 3557 vermiige
1048 3494 1195 3545 deren
1229 3494 1315 3545 das
1357 3494 1752 3546 verschiedenste
1785 3496 1959 3547 darana
1994 3501 2094 3547 ent-

531 3577 759 3615 nommen
798 3564 994 3615 werden
1027 3564 1224 3615 konnte.
1260 3568 1369 3627 Mag
1396 3579 1497 3615 nun
1529 3567 1654 3615 auch
1694 3567 1920 3617 Manetho
1943 3568 2097 3618 selber

535 3636 640 3684 hier
662 3634 762 3684 und
790 3634 851 3684 da
875 3634 1214 3685 verschiedene
1250 3636 1536 3699 Meinuugen
1558 3637 1813 3699 angeffihrt
1834 3637 2019 3701 haben,
2043 3651 2097 3689 so

539 3706 712 3766 genngt
742 3704 895 3754 dieses
911 3705 1081 3766 gewiss
1107 3704 1234 3755 doch
1267 3705 1431 3767 nicht,
1468 3719 1555 3755 um
1575 3705 1754 3757 darana
1791 3708 1858 3757 all
1888 3707 1966 3759 die
1989 3722 2096 3759 ver-

548 3775 834 3826 schiedenen
861 3775 1087 3838 Angaben
1131 3789 1191 3825 zu
1230 3777 1461 3828 erklaeren
1501 3795 1513 3826 ε
1552 3778 1788 3828 vielmehr
1831 3792 1965 3829 musa
1995 3780 2096 3830 sein

538 3846 688 3896 Werk
728 3845 933 3895 vielrach
974 3846 1270 3909 interpolirt,
1305 3848 1355 3909 ja
1375 3859 1428 3897 es
1459 3850 1649 3898 mussen
1676 3851 1883 3899 ausserst
1914 3849 2097 3900 abwei-

538 3914 724 3966 chende
740 3916 989 3978 Ausgaben
1006 3916 1123 3967 oder
1143 3918 1462 3968 Recensionen
1488 3916 1646 3968 davon
1661 3918 1882 3981 gemacht
1899 3918 2098 3970 worden

534 3986 664 4049 sein,
691 3985 770 4036 fiir
788 3986 974 4036 welche
1004 3999 1055 4037 es
1077 3986 1240 4037 weder
1266 4000 1329 4037 an
1359 3987 1717 4050 Veranlassung
1737 3988 1863 4038 noch
1886 4000 1952 4038 an
1973 3990 2099 4041 stoli

534 4057 694 4105 ielilen
711 4055 908 4107 konnte.
935 4074 959 4101 ι

599 4125 667 4190 (*)
689 4124 969 4177 Panodorus
997 4139 1150 4177 annos
1165 4126 1273 4178 illos
1298 4131 1416 4178 1183
1444 4131 1505 4188 ¹1,
1529 4128 1596 4178 ita
1612 4130 1892 4192 exputavit,
1918 4132 1977 4181 ut
2000 4132 2098 4181 sta·

544 4197 703 4246 lueret
722 4194 849 4257 apud
869 4197 1098 4246 Berosum
1117 4209 1296 4245 annum
1310 4195 1402 4245 diei
1423 4209 1634 4246 mensem
1653 4197 1840 4247 dierum
1866 4204 1926 4250 29
1949 4204 2092 4258 72.—

534 4266 592 4313 ln
623 4263 930 4327 Septuaginta
960 4265 1023 4315 ab
1055 4265 1238 4316 adamo
1261 4264 1323 4315 ad
1352 4264 1589 4314 diluvium
1623 4271 1940 4317 numerantur
1977 4274 2097 4319 2242

537 4334 649 4383 anni
663 4350 678 4396 ;
693 4345 837 4397 porro
855 4332 916 4384 ab
930 4333 1110 4384 diluvio
1130 4334 1191 4385 ad
1205 4334 1532 4384 Abrahamum
1552 4336 1767 4386 nonnulli
1785 4340 2102 4388 numerarunt

537 4416 690 4453 annos
702 4406 810 4453 944.
827 4407 936 4454 Jam
956 4416 1089 4466 vero,
1103 4406 1163 4454 ut
1179 4405 1362 4468 egregie
1378 4408 1542 4455 monet
1561 4404 1814 4458 Boeckhius
1831 4421 1879 4470 p.
1894 4414 1955 4459 86
1967 4421 2097 4470 sqq·‚

537 4474 653 4524 anni
670 4474 848 4523 solares
870 4477 993 4524 2242
1020 4475 1268 4524 continent
1289 4479 1464 4537 27,759
1484 4474 1619 4537 (sive
1641 4475 1773 4538 1⁹÷
1791 4482 1901 4527 1461
1926 4478 1944 4539 )
1966 4490 2103 4526 men·

538 4558 615 4595 ses
632 4544 820 4594 dierum
841 4550 902 4596 20
923 4546 1018 4607 ¹1²3
1049 4558 1194 4609 porro
1206 4545 1326 4595 anni
1349 4546 1527 4596 solarae
1549 4548 1643 4596 944
1667 4545 1916 4596 continent
1950 4552 2099 4598 11688

540 4616 674 4676 (sive
697 4614 940 4678 8-1-1461)
960 4627 1148 4668 menses
1168 4615 1356 4667 dierum
1380 4619 1527 4677 29¹1„
1544 4616 1681 4668 Unde
1700 4617 1943 4668 concludit
1959 4620 2101 4669 Boeo·

537 4684 680 4733 khius
694 4687 973 4747 computum
987 4685 1120 4736 hunc
1136 4699 1237 4737 esse
1248 4689 1279 4737 J
1281 4686 1526 4737 udaeorum
1541 4686 1969 4738 Alexandrinorum
1983 4727 1997 4751 ,
2016 4687 2101 4751 qui

540 4754 744 4805 Judaica
780 4754 1219 4807 accommodassent
1243 4755 1306 4806 ad
1332 4758 1662 4819 AEgyptiaoam
1693 4757 1933 4820 quandam
1956 4759 2099 4808 chro-

539 4825 781 4886 nologiam
795 4861 810 4886 ,
852 4838 912 4874 ex
947 4838 1042 4887 qua
1075 4829 1268 4890 tempus
1300 4825 1501 4876 deorum
1532 4832 1586 4877 19
1625 4828 1833 4891 periodis
1869 4828 2103 4880 sothiacis

543 4893 1056 4958 comprehenderetur3
1089 4894 1260 4947 deinde
1281 4896 1412 4946 aliud
1446 4897 1673 4961 temporis
1694 4898 1900 4961 spatium
1924 4899 2103 4961 (semi-

545 4964 747 5013 deorum
785 4965 862 5014 vel
903 4965 1140 5030 heroum)
1175 4969 1434 5029 poneretur
1452 4967 1532 5017 vel
1561 4970 1673 5017 octo
1704 4968 2004 5031 periodorum
2030 4969 2104 5029 (si

544 5034 656 5081 anni
676 5033 995 5084 semideorum
1011 5036 1128 5085 item
1149 5036 1342 5086 fuerunt
1359 5036 1612 5099 menstrui)
1629 5038 1706 5087 vel
1719 5039 1879 5101 potius
1895 5038 2102 5088 duorum

546 5103 849 5165 periodorum
883 5106 956 5165 (si
987 5104 1098 5154 anni
1121 5104 1439 5156 semideorum
1464 5106 1759 5168 putabantur
1788 5120 1889 5157 ωδε
1909 5108 2105 5168 quadri·

544 5176 762 5236 moetres,
782 5174 938 5238 ὧροι).

1643 391 2152 452 MANETHONIS
2200 393 2674 455 SEBENNYTAE

2164 525 2427 599 dynastiae
2459 527 2656 602 viginti
2704 527 2849 582 duae.
2898 529 2983 584 Ex
3012 527 3261 583 Africani
3296 529 3641 585 laterculis
3684 532 3835 588 Ma·

2164 614 2337 668 netho
2382 615 2581 688 viginti
2632 613 2848 669 duabus
2871 613 3135 687 dynastiis
3160 618 3471 689 postremis
3534 617 3613 691 (e
3654 617 3827 690 dyn.

2166 700 2530 778 IX—XXX)
2561 701 2869 757 secundum
2910 701 3653 759 Boeckhiumtribuuntur
3667 709 3833 764 anni

2168 786 2391 843 circiter
2428 787 2600 857 3700.
2633 787 2802 843 Haud
2836 789 2913 843 ita
2943 789 3183 843 multum
3217 786 3291 843 ab
3336 788 3460 846 hoc
3505 811 3835 847 numero

2166 874 2382 931 recedit
2430 875 2696 931 Manetho
2714 917 2731 945 ,
2780 893 2951 949 quem
2981 875 3315 933 Panodorus
3355 877 3711 937 adhibuit-
3773 882 3837 937 Is

2170 963 2319 1017 enim
2364 964 2549 1036 regnis
2610 964 2936 1018 mortalium
2979 965 3272 1039 assignavit
3324 983 3522 1022 annos
3596 966 3830 1027 3555.

2169 1050 2391 1106 Scilicet
2424 1051 2713 1124 Syncellus
2755 1061 3054 1127 postquam
3083 1053 3298 1108 Veteris
3339 1053 3667 1111 chronici
3708 1076 3829 1113 ra-

2172 1138 2381 1192 tionem
2410 1148 2769 1211 exposuerat,
2801 1138 2992 1212 pergit
3014 1138 3166 1193 hunc
3193 1139 3254 1192 in
3280 1137 3539 1195 modum
3580 1160 3605 1197 ε
3660 1143 3829 1199 Ma-

2172 1225 2330 1280 νεθῶν
2350 1223 2590 1301 περὶτῶν
2612 1223 2781 1282 αὐτῶν
2799 1222 2851 1281 λ’
2876 1224 3185 1281 δυναστειῶν
3203 1223 3449 1305 γράψας,
3472 1227 3540 1284 ἐκ
3560 1226 3826 1286 τούτων

2174 1308 2374 1381 δηλαδὴ
2402 1308 2581 1369 λαὸὼν
2608 1308 2701 1377 τὰς
2733 1308 2995 1391 ἀφορμὰς,
3020 1308 3156 1369 κατὰ
3184 1309 3318 1368 πολὺ
3348 1312 3643 1393 διαφωνεῖ
3672 1315 3822 1394 περὶ

2173 1395 2289 1463 τοὺς
2305 1395 2517 1476 χρόνους
2541 1394 2669 1477 πρὸς
2707 1402 2901 1471 ταῦτα,
2927 1396 3097 1463 καθώς
3119 1399 3230 1456 ἐστι
3247 1395 3339 1455 καὶ
3360 1400 3424 1455 ἐκ
3443 1403 3562 1457 τῶν
3586 1425 3820 1480 προει-

2175 1482 2410 1565 ρημένων
2430 1488 2557 1561 ἡμῖν
2582 1484 2823 1564 ἀνωτέρω
2841 1485 3024 1563 μαθεῖν
3053 1489 3143 1543 καὶ
3171 1488 3231 1543 ἐκ
3258 1489 3364 1544 τῶν
3399 1486 3529 1558 ἑξῆς
3558 1490 3812 1569 λεχθη-

2174 1569 2428 1648 σομένων.
2455 1574 2577 1632 Τῶν
2604 1571 2706 1651 γὰρ
2736 1574 2789 1630 ἐν
2815 1572 2920 1639 τοῖς
2949 1571 3088 1652 τρισὶ
3114 1571 3291 1650 τόμοις
3336 1574 3443 1653 ριγ’
3468 1581 3703 1653 γενεῶν
3748 1579 3811 1634 ἐν

2174 1658 2496 1727 δυναστείαις
2544 1657 2593 1718 λ’
2644 1647 3118 1740 ἀναγεγραμμένων
3170 1662 3310 1741 αὐτῷ
3366 1665 3396 1719 ὁ
3445 1663 3669 1742 χρόνος
3730 1663 3807 1721 τὰ

2175 1746 2346 1805 πάντα
2383 1746 2593 1819 συνῆξεν
2625 1745 2715 1820 ἔτη
2754 1744 2898 1829 γφνε’
2923 1746 3119 1828 (3555)
3159 1746 3430 1825 ἀρξάμενα
3470 1753 3560 1831 τῷ
3591 1752 3803 1834 arpa-<³

2179 1832 2373 1915 (1586)
2425 1834 2528 1893 ἔτει
2572 1841 2661 1894 τοῦ
2712 1836 2910 1912 κόσμου
2956 1833 3044 1892 καὶ
3090 1833 3323 1904 λήξαντα
3370 1839 3446 1902 εἷς
3495 1839 3565 1896 τὸ
3620 1840 3805 1919 ερμζ

2180 1923 2373 2002 (5ι47)
2403 1920 2543 1999 ἔτος,
2572 1922 2687 1995 ἤτοι
2708 1922 2811 2003 πρὸ
2837 1926 2930 1994 τῆς
2959 1919 3291 2001 Ἀλεξάνδρου
3318 1928 3412 1982 τοῦ
3448 1928 3801 1995 Μακεδόνος

2175 2009 2631 2092 κοσμοκρατορίαζ
2646 2009 2737 2083 ἔτη
2760 2034 2859 2069 που
2886 2009 2970 2070 ιε’.
2993 2014 3224 2069 Diversa
3251 2014 3312 2067 in
3332 2012 3491 2070 hisce
3531 2019 3795 2074 misceri

2185 2120 2303 2155 non
2331 2101 2570 2157 dubium
2603 2111 2703 2156 est.
2730 2102 2829 2157 Sin
2854 2101 3027 2157 verba
3049 2102 3285 2174 premis,
3311 2103 3553 2178 triginta
3579 2105 3793 2180 dyna-

2175 2190 2289 2243 stiae
2317 2207 2431 2245 esse
2459 2187 2669 2250 debent
2690 2187 2926 2244 deorum
2967 2188 3381 2270 hominumque
3399 2233 3417 2264 ‚
3444 2202 3510 2244 ut
3544 2192 3611 2247 in
3636 2196 3785 2250 Vet.

2178 2277 2480 2333 Chronico.
2532 2279 2675 2333 Tum
2722 2294 2863 2331 vero
2925 2277 3056 2330 anni
3115 2274 3267 2331 3555
3326 2278 3615 2350 explicari
3669 2299 3785 2335 ne-

2179 2372 2421 2436 queunt,
2459 2363 2567 2418 nisi
2610 2363 2720 2433 ita,
2766 2371 2831 2418 ut
2873 2372 3080 2418 statuas
3122 2382 3301 2420 annos
3342 2364 3784 2423 immortalium

2179 2469 2291 2507 esse
2315 2453 2446 2506 istos
2475 2470 2497 2506 1
2514 2448 2645 2521 183,
2673 2467 2815 2522 quos
2841 2448 3172 2507 Panodorus
3198 2469 3270 2508 ex
3294 2452 3779 2511 Manethonianis

2179 2540 2336 2594 annis
2394 2538 2614 2609 elicuit,
2674 2537 2921 2611 ideoque
2977 2538 3305 2593 mortalium
3359 2557 3549 2596 annos
3598 2543 3777 2598 fuisse

2182 2624 2365 2696 2372,
2396 2627 2497 2701 qui
2534 2626 2796 2700 proxime
2842 2624 3176 2681 accederent
3219 2625 3294 2681 ad
3337 2645 3521 2684 annos
3570 2626 3768 2697 2325,

2181 2732 2324 2787 quos
2352 2717 2516 2771 Vetus
2542 2713 2867 2771 Chronicon
2890 2714 3223 2770 mortalibus
3243 2714 3448 2770 tribuit
3468 2715 3772 2793 (suppletis

2180 2820 2259 2857 sc.
2298 2802 2402 2867 184
2446 2803 2633 2871 annis,
2673 2821 2816 2875 quos
2856 2800 3127 2858 excidisse
3163 2804 3422 2878 constat).
3454 2805 3549 2861 Sic
3588 2806 3772 2882 igitur

2184 2891 2363 2944 omnis
2385 2887 2755 2963 discrepantia
2778 2889 3132 2945 Manethonis
3154 2901 3211 2945 et
3241 2891 3461 2947 Veteris
3488 2892 3767 2949 Chronici

2181 2987 2493 3033 versaretur
2532 2980 2593 3032 in
2628 2981 2816 3053 regnis
2842 2978 3109 3049 deorum3
3151 2975 3208 3034 id
3238 2997 3377 3035 vero
3426 2978 3767 3055 Syncellum

2181 3062 2492 3140 significare
2515 3066 2785 3135 noluisse,
2816 3064 2914 3121 sed
2939 3084 3114 3121 annos
3140 3064 3291 3122 3555
3315 3067 3389 3122 ad
3416 3070 3575 3125 solos
3603 3090 3761 3127 mor·

2186 3154 2319 3209 tales
2360 3152 2603 3221 referre,
2685 3153 2821 3209 inde
2888 3154 3105 3229 colligis
3162 3152 3324 3228 quod
3357 3155 3534 3212 hosce
3577 3174 3759 3213 annos

2188 3237 2337 3295 3555
2369 3241 2663 3316 componit
2688 3258 2819 3297 cum
2843 3242 3003 3297 annis
3027 3238 3178 3298 2365
3195 3283 3213 3317 ,
3244 3260 3389 3315 quos
3412 3244 3537 3317 ipse
3560 3242 3700 3301 inde
3727 3262 3759 3299 a

2184 3330 2347 3384 Mene
2372 3345 2505 3404 rege
2533 3328 2838 3402 exputavit.
2867 3327 3167 3386 Boeckhius
3193 3329 3368 3404 igitur
3402 3332 3589 3405 ipsum
3616 3333 3761 3407 Syn·

2186 3416 2389 3472 cellum
2432 3417 2495 3470 in
2532 3434 2770 3473 numero
2811 3413 2963 3473 3555
3011 3435 3219 3473 errasse
3277 3421 3474 3475 statuit
3501 3431 3677 3494 atque
3699 3423 3759 3477 in

2187 3504 2341 3559 fonte
2370 3503 2486 3576 ejus
2510 3522 2621 3578 pro
2673 3502 2824 3560 3555
2865 3513 3089 3560 notatos
3130 3502 3295 3562 fuisse
3333 3519 3525 3563 censet
3578 3526 3763 3565 annos

2188 3581 2375 3652 5355,
2436 3594 2580 3656 quot
2629 3583 2746 3639 fere
2801 3593 3070 3657 exputare
3116 3584 3250 3639 licet
3312 3602 3345 3639 e
3408 3585 3760 3643 Manethone

2187 3669 2456 3725 Africani.
2511 3701 2593 3713 -—
2660 3671 2781 3746 Ego
2846 3680 3087 3744 propter
3142 3670 3571 3728 similitudinem
3630 3692 3761 3747 qua·

2185 3757 2372 3812 Veteri
2398 3756 2680 3814 Chronico
2717 3775 2847 3813 cum
2877 3756 3217 3814 Manethone
3251 3757 3541 3815 Panodori
3566 3761 3763 3817 inter-

2188 3844 2367 3915 cedit,
2395 3863 2677 3921 quamque
2722 3847 2838 3920 ips'e
2878 3846 3165 3920 Syncellus
3205 3845 3265 3922 (e
3302 3845 3607 3902 Panodoro
3630 3848 3763 3905 haec

2188 3934 2405 4004 omnia,
2444 3944 2619 4008 puto,
2657 3932 2938 4008 referens)
2977 3932 3166 3990 verbis
3205 3933 3266 3990 ἐκ
3304 3931 3492 3992 τούτων
3537 3931 3757 4004 δηλαδὴ

2186 4015 2366 4077 λαθὼν
2391 4016 2483 4085 τὰς
2525 4016 2761 4099 ἀφορμὰς
2796 4021 3010 4093 innuit,
3034 4039 3212 4078 annos
3253 4019 3400 4079 3555
3443 4040 3511 4077 eo
3543 4038 3669 4097 quo
3695 4024 3761 4080 in

2189 4107 2643 4165 antecedentibus
2670 4107 2787 4165 dixi
2814 4108 3383 4193 modolintelligenda
3414 4127 3530 4167 esse
3565 4122 3721 4185 puto
3738 4154 3756 4188 ,

2194 4196 2516 4269 Syncellum
2531 4214 2664 4252 vero
2682 4197 2739 4251 in
2754 4215 2822 4253 eo
2840 4214 3064 4267 errasse,
3080 4197 3239 4270 quod
3255 4197 3485 4273 triginta
3505 4197 3753 4255 deornm

2189 4283 2594 4357 hominumque
2657 4283 2933 4357 dynastias
2993 4280 3251 4339 confudit
3323 4302 3455 4340 cum
3523 4287 3757 4361 triginta

2191 4370 2453 4444 dynastiis
2480 4372 2831 4441 mortalium,
2859 4389 2983 4446 quae
3008 4389 3111 4446 per
3144 4381 3256 4427 tres
3283 4372 3758 4448 AEgyptiacorum

2190 4457 2365 4513 libros
2396 4460 2680 4532 antiquior
2715 4459 2810 4515 ille
2844 4459 3111 4515 Manetho
3148 4458 3401 4516 Africani
3430 4469 3489 4515 et
3530 4460 3755 4516 Eusebii

2189 4557 2458 4602 recenset.
2490 4548 2576 4603 De
2609 4547 2870 4603 Bunsenii
2912 4540 3183 4603 sententia
3212 4546 3408 4621 paullo
3446 4548 3599 4604 infra
3634 4567 3755 4603 mo-

2189 4640 2357 4697 nebo.
2410 4672 2489 4684 -
2533 4641 2791 4697 Ceterum
2839 4660 2973 4697 num
3024 4640 3292 4697 Manetho
3346 4641 3750 4711 Panodoreus‚

2192 4746 2359 4801 quem
2406 4729 2593 4784 dicere
2643 4728 2836 4797 liceat,
2877 4730 2954 4785 ita
3004 4728 3181 4804 egerit
3226 4739 3291 4782 ut
3339 4730 3565 4802 priores
3625 4742 3753 4785 octo

2189 4816 2512 4871 mortalium
2532 4815 2806 4890 dynastias
2837 4834 3068 4891 prorsus
3094 4814 3334 4885 deleret,
3378 4816 3513 4871 inde
3542 4835 3575 4871 a
3602 4835 3755 4871 nona

2190 4914 2378 4959 autem
2400 4905 2732 4977 antiquioris
2752 4904 3105 4961 Manethonis
3125 4903 3426 4959 laterculos
3451 4921 3643 4976 presse
3664 4922 3751 4958 se-

2192 5001 2478 5063 queretur,
2504 5009 2574 5047 an
2596 5009 2718 5047 suas
2746 4990 3012 5066 quasdam
3040 4988 3318 5063 dynastias
3343 4990 3755 5062 antiquissimas

2191 5076 2454 5153 fingeret,
2484 5096 2730 5153 quorum
2765 5088 2932 5153 caput
2950 5079 3140 5133 Menes
3161 5094 3263 5132 rex
3291 5086 3412 5131 erat
3430 5116 3447 5145 ,
3470 5077 3531 5130 in
3559 5075 3752 5131 medio

2192 5166 2474 5238 relinquo,
2538 5168 2663 5221 Hoc
2706 5177 2888 5222 tamen
2934 5162 3393 5220 verisimillimum
3437 5173 3554 5231 est,
3616 5166 3748 5236 qnia
