4016 5916
1627 382 2118 444 FRAGMENTA.

3357 391 3466 440 587

354 527 486 581 Post
511 523 865 599 Senephthah
892 538 1080 596 regem
1103 519 1159 573 in
1182 517 1556 573 monumentis
1574 515 1827 589 sequitur
1919 530 2045 568 curn
2082 510 2578 566 verisimilitudinis
2604 511 2787 584 specie
2816 509 3057 583 quadam
3086 519 3351 566 statueras
3374 529 3488 585 po,-

270 614 393 669 Seti
442 616 529 670 II.
582 611 747 668 Nulla
798 610 912 682 ejus
963 608 1174 663 mentio
1227 603 1377 678 apud
1429 603 1829 658 Manethonem
1916 609 2184 655 stremum
2225 615 2456 672 quoque
2495 616 2684 671 regem
2722 598 2987 653 Meriram
3029 598 3486 673 componendum

277 701 524 757 Africani
551 711 606 756 et
633 697 877 756 Eusebii.
919 693 1192 768 Josephus
1221 701 1406 748 tamen
1450 691 1510 745 in
1545 708 1609 745 ea
1631 707 1831 746 narra-
1921 705 2037 744 esse
2067 705 2195 742 cum
2225 685 2464 741 Thuori.
2499 687 2568 740 At
2591 684 2695 739 alia
2721 701 2884 759 agere
2921 685 3349 756 Manethonem,
3380 687 3487 743 alia

276 790 457 857 tione,
485 805 651 862 quam
684 780 1046 863 παρεγγράψαι
1062 779 1459 836 Manethonem
1477 777 1634 853 dicit,
1666 777 1834 852 ponit

274 876 619 949 Amenophis
639 872 818 929 filium
835 871 1030 927 Sethos
1046 910 1062 938 ‚
1089 867 1186 941 qui
1216 865 1288 922 de
1310 866 1396 922 avi
1414 866 1644 920 nomine
1665 866 1832 920 etiam

272 965 558 1019 Ramesses
574 959 879 1035 appellatus
900 957 989 1015 sit.
1016 957 1180 1010 Hunc
1196 953 1505 1009 Bunsenius
1520 951 1833 1026 probabili·

275 1061 360 1105 ter
377 1060 560 1106 censet
573 1065 686 1104 esse
697 1047 808 1102 Seti
820 1047 894 1101 11.
911 1042 1159 1099 Africani
1174 1059 1402 1115 quoque
1423 1051 1619 1096 auctor
1638 1038 1709 1095 de
1722 1039 1834 1093 hoc

271 1135 390 1194 Seti
416 1136 766 1195 II-Ramesse
787 1130 999 1206 aliquid
1025 1129 1292 1204 reperisse
1310 1129 1445 1183 mihi
1474 1126 1715 1185 videtur.
1745 1127 1834 1182 Sic

254 1227 420 1281 .enim
445 1224 793 1299 intelligitur,
820 1239 922 1277 cur
932 1220 1229 1274 Ramessen
1247 1217 1302 1271 11
1319 1234 1349 1272 e
1373 1215 1622 1290 dynastia
1644 1215 1837 1272 XVIII

272 1311 330 1366 in
354 1321 614 1385 quartum
648 1311 836 1365 locum
855 1306 1119 1382 dynastiae
1137 1304 1281 1360 XIX
1306 1302 1665 1361 transtulerit.

352 1397 696 1453 Penultimus
716 1414 816 1452 rex
844 1413 937 1469 ap.
974 1391 1303 1449 Africanum
1331 1402 1387 1447 et
1417 1389 1720 1446 Eusebium
1755 1398 1834 1445 est

276 1487 705 1541 Anemenemnes
756 1485 871 1540 sive
914 1482 1322 1538 AmmenemeS.
1390 1480 1557 1534 Hunc
1603 1496 1836 1552 quoque

272 1575 439 1629 series
458 1571 975 1628 Medinet-Abuana
996 1586 1116 1623 non
1137 1566 1325 1622 habet.
1365 1568 1578 1622 Iterum
1615 1584 1720 1621 nos
1742 1564 1834 1638 ju-

274 1671 367 1715 vat
410 1660 654 1734 Lepsius.
696 1660 753 1714 Is
781 1657 929 1711 enim
952 1657 1011 1710 in
1041 1654 1416 1710 monumentis
1447 1653 1591 1708 duos
1626 1653 1838 1708 invenit

276 1765 460 1822 reges,
506 1749 604 1821 qui
633 1744 831 1801 eodem
877 1761 993 1817 quo
1036 1741 1418 1816 Menephthah
1460 1748 1715 1814 tempore
1744 1757 1837 1795 re-

276 1845 550 1910 gnarunt,
587 1830 865 1908 Siphehal:
912 1841 968 1886 et
1020 1832 1394 1885 Amenemses.
1436 1829 1661 1883 Horum
1698 1828 1837 1883 alter

279 1934 469 1998 aperte
526 1934 606 1979 est
664 1924 1052 1977 Ammenemes
1104 1917 1478 1974 Manethonis.
1545 1917 1799 1972 Alterum
1816 1958 1832 1986 ‚

278 2028 449 2083 quem
495 2029 614 2065 non
650 2007 825 2064 habet
848 2006 1144 2076 Manetbo,
1184 2004 1401 2079 praebet
1450 2003 1837 2060 Eratosthenes

279 2107 565 2171 tamquam
593 2106 994 2151 antecessorem
1019 2093 1164 2167 regis
1180 2091 1411 2147 Tbuoro
1446 2090 1463 2166 (
1487 2090 1715 2146 naor-is
1738 2108 1829 2164 ap.

281 2183 524 2242 African.
555 2194 611 2240 et
633 2181 796 2256 Eus.)
821 2223 837 2250 ‚
868 2180 1011 2236 adeo
1039 2190 1102 2234 ut
1126 2179 1261 2234 hinc
1289 2197 1520 2252 quoque
1541 2179 1837 2253 probabile

281 2262 377 2319 fiat
397 2264 552 2338 quod
573 2264 645 2321 de
665 2275 949 2344 tempore„
978 2283 1155 2338 usque
1175 2265 1246 2319 ad
1276 2264 1434 2337 quod
1460 2265 1838 2322 Eratosthenis

282 2353 579 2409 laterculus
614 2355 924 2427 pertineat,
965 2355 1023 2407 in
1065 2339 1523 2409 antecedentibus
1553 2352 1660 2430 (ad
1698 2353 1831 2428 dyn.

283 2439 461 2516 XIII)
499 2443 805 2516 suspicatus
831 2459 973 2499 sum.
1009 2442 1133 2496 Jam
1162 2457 1335 2513 quum
1370 2441 1427 2494 in
1452 2442 1557 2496 hac
1590 2440 1836 2514 dynastia

283 2546 491 2584 nomen
504 2530 790 2584 Ramesses
803 2538 1017 2604 regnet,
1029 2529 1215 2583 nescio
1232 2546 1302 2582 an
1319 2529 1838 2602 ap.Eratosthenem

288 2618 345 2670 in
367 2615 554 2672 verbis
579 2616 608 2672 ὁ
630 2614 719 2672 καὶ
758 2612 994 2694 Ἑρμῆς,
1033 2633 1154 2688 quae
1188 2615 1368 2670 alieno
1392 2616 1522 2670 loco
1565 2617 1841 2672 inculcata

285 2704 592 2760 Bunsenius
633 2713 849 2773 censet,
903 2704 1071 2759 lateat
1110 2701 1305 2779 Σιφθᾶς
1340 2702 1368 2756 6
1407 2699 1495 2757 καὶ
1541 2698 1840 2777 Ῥαμεσσῆς

288 2788 403 2868 (vel
426 2789 715 2870 Ἀρμεσσῆς
730 2794 813 2848 uti
840 2809 933 2866 ap.
956 2793 989 2847 J
993 2789 1265 2864 osephum
1288 2808 1498 2845 nomen
1526 2789 1835 2867 scribitur).

286 2878 444 2935 Idem
459 2899 667 2937 nomen
691 2880 918 2937 fortasse
938 2881 1102 2935 etiam
1120 2878 1348 2935 Phuoro
1367 2879 1457 2933 vel
1471 2879 1702 2934 Thuoro
1720 2880 1839 2954 regi

287 2965 409 3026 fuit.
438 2970 600 3026 Certe
639 2970 851 3026 Plinius
905 2968 1187 3042 XXXVI,
1217 2965 1274 3037 5,
1317 2967 1389 3032 64
1426 2986 1440 3021 ε
1480 2967 1836 3039 thamesses,

285 3075 389 3130 quo
424 3071 696 3131 regnante
730 3062 903 3115 Ilium
940 3068 1160 3132 captum
1200 3067 1300 3113 est.
1339 3059 1690 3132 Quamquam
1728 3075 1841 3113 una

286 3161 356 3199 ex
381 3146 502 3201 oeris
523 3145 778 3217 Trojanis
799 3147 961 3203 etiam
988 3166 1117 3202 cum
1153 3148 1219 3202 iis
1239 3147 1466 3222 regibus
1492 3165 1634 3221 quos
1648 3148 1845 3203 Mane-

289 3231 386 3288 tbo
414 3235 701 3288 Ramesses
721 3233 885 3303 dicit,
912 3236 1178 3307 componi
1209 3236 1415 3307 potuit.

376 3320 710 3393 Sepulcrum
745 3322 892 3394 regis
922 3320 1204 3394 sephthale
1245 3321 1472 3393 ejusque
1508 3323 1701 3376 uxoris
1732 3323 1845 3375 Ta-

287 3422 444 3475 seser,
478 3406 561 3460 uti
591 3406 823 3478 Lepsius
850 3404 1048 3474 docet,
1074 3404 1381 3460 vindicavit
1403 3406 1508 3461 sibi
1534 3424 1635 3461 rex
1672 3408 1840 3477 alius,

290 3491 447 3563 cujus
464 3509 674 3548 nomen
697 3492 891 3566 legunt
918 3492 1135 3547 M-rr·a
1159 3493 1272 3546 sive
1297 3494 1547 3548 Illerl-ra
1571 3494 1840 3567 (Bunsen.

292 3597 351 3652 p.
385 3585 456 3652 94
480 3578 522 3654 ).
548 3580 714 3633 Hunc
738 3596 849 3633 esse
874 3578 1116 3633 eundem
1136 3597 1264 3633 cum
1285 3579 1578 3635 Sec-neem
1594 3581 1806 3636 Met-ira
1827 3622 1843 3650 ,

292 3668 389 3739 qui
439 3667 496 3719 in
524 3666 665 3721 serie
691 3683 885 3740 regum
913 3665 1433 3722 Medinet-Abuana
1468 3678 1596 3741 post
1620 3669 1755 3723 Meti
1791 3670 1847 3723 II

290 3755 547 3827 ponitur,
600 3752 762 3809 facile
808 3753 1110 3829 largiemur
1156 3753 1461 3811 Bunsenim
1511 3758 1586 3811 At
1632 3757 1846 3811 Mer-ira

292 3841 444 3897 hunc
468 3840 711 3897 eundem
737 3859 851 3898 osse
877 3860 1004 3897 cum
1032 3842 1262 3905 Thuoro
1290 3843 1375 3898 vel
1400 3843 1627 3899 Phuoro
1656 3845 1847 3900 Mane·

297 3928 484 3985 thonis
529 3931 587 3983 in
627 3928 865 3985 dubium
895 3931 1235 3986 vocaverim.
1273 3932 1415 3986 Nam
1443 3949 1652 3987 nomen
1685 3934 1849 4006 plane

294 4016 447 4072 aliud
462 4029 561 4088 est,
580 4017 723 4073 adeo
735 4029 798 4073 ut
814 4019 1119 4074 Bunsenius
1131 4029 1371 4075 statuere
1382 4030 1614 4094 cogatur
1628 4021 1850 4078 Phuoro

295 4122 416 4159 non
442 4124 650 4161 nomen
671 4123 782 4162 esse
803 4105 899 4163 sed
925 4124 1267 4182 cognomen,
1291 4124 1323 4162 a
1344 4109 1691 4180 praenomine
1720 4110 1850 4165 See-

232 4248 237 4251 *
296 4189 463 4245 neck!
498 4191 800 4249 diversum.
831 4195 1012 4266 Quam
1048 4195 1376 4249 sententiam
1413 4193 1643 4250 fortasse
1681 4195 1851 4251 admi·

295 4279 430 4335 seris
448 4321 465 4350 ,
499 4280 545 4335 si
582 4281 653 4336 de
690 4281 1145 4338 antecedentibus
1181 4281 1404 4356 regibus
1429 4282 1693 4337 Manetho
1723 4302 1851 4339 cum

297 4370 438 4425 serie
449 4386 645 4443 regum
656 4369 808 4425 Medi
814 4368 1167 4426 net-Abuana
1182 4370 1518 4424 consentiret
1532 4389 1548 4438 3
1570 4380 1685 4424 tum
1703 4372 1850 4425 enim

298 4551 482 4600 Sirius.
520 4550 727 4616 Theonis
760 4564 906 4601 aeram
947 4551 1041 4601 ἀπὸ
1082 4554 1350 4615 Menapila->5
1380 4551 1631 4601 Boeckhius
1668 4565 1728 4602 ex
1759 4552 1853 4603 alio

296 4623 555 4682 systemate
595 4621 928 4683 chronologico
962 4619 1156 4671 fluxisse
1186 4624 1341 4684 putat,
1379 4634 1529 4683 quum
1546 4634 1700 4671 annus
1736 4626 1850 4673 ¹322

299 4690 426 4753 apud
448 4690 567 4739 alios
588 4690 638 4740 in
651 4691 781 4741 aliud
796 4703 993 4753 reguum
1009 4689 1227 4742 incidisse
1240 4693 1609 4741 consentaneum
1630 4691 1708 4741 sit.
1730 4692 1777 4741 Si
1792 4705 1850 4741 ex

302 4761 491 4812 Eusebii
514 4762 756 4813 laterculis
777 4760 1119 4826 proficiscaris,
1145 4762 1281 4814 facile
1307 4776 1408 4813 rem
1427 4762 1492 4812 ita
1521 4762 1739 4812 adomari
1766 4778 1854 4814 nec

300 4833 402 4881 sine
420 4831 1099 4895 probabilitausspecieposse‚
1116 4836 1169 4882 ut
1186 4846 1338 4882 annus
1354 4838 1468 4883 1322
1487 4833 1625 4883 cadat
1640 4833 1688 4883 in
1708 4832 1851 4884 finem

303 4904 431 4963 regni
447 4902 750 4966 Amenophis.
778 4905 941 4965 Neque
957 4904 1119 4953 tamen
1142 4902 1385 4966 probabile
1412 4916 1514 4953 esse
1538 4906 1850 4968 amenophim

300 4973 471 5022 abiisse
496 4975 544 5021 in
572 4972 880 5035 Memphi-en
898 5009 914 5035 ,
951 4972 1085 5035 quod
1110 4985 1287 5022 nomen
1311 4974 1514 5023 tonnam
1550 4973 1721 5024 habeat
1739 4988 1854 5025 vere

306 5042 645 5106 AEgyptiacam.
688 5046 906 5093 Fortasse
934 5042 1221 5106 Menopbren
1250 5043 1392 5093 fuisse
1424 5046 1634 5093 tutorem
1660 5046 1851 5095 setlios-

308 5114 559 5164 Ramessis.
581 5119 737 5175 Quam
759 5113 1083 5176 conjecturam
1099 5114 1315 5177 pluribus
1342 5114 1631 5177 argumentis
1663 5115 1853 5165 firmare

304 5184 461 5236 studet
484 5199 530 5248 p.
560 5190 650 5236 ³08
673 5198 778 5248 sqq.

1920 783 2279 831 monumenta
2315 771 2567 846 praebere
2595 769 2769 825 modo
2801 770 3060 829 vidimus,
3105 773 3230 828 Huc
3271 773 3488 829 accedit

1923 860 2116 936 quod,
2158 879 2333 934 quum
2371 860 2578 915 Merira
2613 876 2822 913 nomen
2865 860 3062 933 saepius
3114 870 3376 916 occurrat
3429 862 3488 916 in

1927 949 2179 1023 dynastia
2219 948 2361 1018 XX,
2401 946 2867 1002 verisimillimum
2905 957 3019 1014 est,
3054 958 3310 1002 nostrum
3342 967 3489 1021 quo-

1925 1055 2036 1111 que
2060 1037 2358 1106 Meriram,
2391 1037 2635 1110 primum
2671 1033 2835 1106 hujus
2879 1034 3121 1090 nominis
3150 1053 3371 1110 regem,
3414 1036 3486 1091 ad

1926 1120 2062 1195 dyn.
2100 1123 2215 1178 XX
2249 1139 2363 1178 esse
2398 1119 2774 1176 referendum.
2806 1123 3005 1194 ltaque
3033 1121 3179 1177 male
3209 1120 3490 1179 distinctas

1926 1226 1957 1263 a
1987 1210 2326 1264 Manethone
2364 1208 2641 1281 dynastias
2673 1225 2785 1263 esse
2822 1227 2949 1263 cum
2986 1209 3265 1263 Bunsenio
3296 1207 3492 1265 dicen-

1930 1295 2067 1351 dum
2098 1296 2265 1354 foret.
2302 1297 2402 1353 Uti
2434 1313 2585 1350 nunc
2621 1313 2710 1351 res
2755 1295 2956 1363 habet,
2994 1294 3201 1350 horum
3239 1297 3490 1353 omnium

1926 1400 2146 1438 causam
2185 1382 2448 1438 idoneam
2485 1380 2876 1438 desideramus.
2919 1381 3101 1437 Multo
3135 1382 3493 1456 probabilior

1927 1479 2007 1524 est
2023 1471 2312 1525 Leemansi
2338 1467 2427 1549 (in
2448 1469 2609 1543 epist.
2635 1467 2709 1523 ad
2729 1468 3094 1524 Salvolinium
3114 1488 3173 1543 p.
3210 1465 3348 1546 100)
3374 1489 3491 1526 sen-

1928 1558 2097 1612 tentia
2115 1599 2130 1626 ‚
2165 1556 2476 1613 secundum
2504 1574 2674 1630 quam
2705 1555 2939 1612 Thuoris
2964 1558 3195 1612 nomine
3232 1557 3489 1633 designa-

1927 1653 2021 1700 tur
2049 1645 2280 1699 Taseser
2292 1645 2505 1720 regina.

2012 1732 2090 1790 Ex
2114 1733 2290 1788 allatis
2311 1733 2482 1807 igitur
2507 1739 2662 1805 patet
2687 1747 2756 1785 ex
2774 1748 2867 1787 sex
2896 1730 3120 1806 regibus
3137 1732 3491 1788 Manethonis

1927 1820 2070 1875 duos
2098 1831 2313 1875 tantum
2341 1837 2452 1874 esse
2473 1860 2489 1887 ,
2521 1836 2664 1890 quos
2686 1817 2912 1872 eosdem
2939 1827 3305 1874 monumenta
3331 1819 3490 1874 exhi-

1925 1909 2081 1978 bent,
2103 1908 2418 1966 Ramessem
2437 1909 2492 1962 ΙΙ
2512 1917 2567 1961 et
2591 1905 3036 1979 Amenephthah.
3061 1907 3282 1962 Horum
3301 1908 3490 1980 itaque

1927 2006 2179 2070 tempora
2229 2014 2259 2051 e
2292 1994 2631 2050 Manethone
2678 1992 2750 2047 ad
2789 2004 3286 2049 monumentorum
3325 1997 3492 2050 series

1930 2083 2226 2139 transferre
2245 2083 2396 2140 licet.

2003 2171 2248 2227 Ramessi
2266 2171 2321 2226 11
2341 2169 2615 2244 Josephus
2639 2168 2835 2224 tribuit
2863 2186 3039 2224 annos
3059 2167 3132 2224 66
3157 2187 3486 2243 mensesque

1929 2277 1994 2327 α,
2022 2257 2266 2318 eundem
2289 2267 2418 2331 post
2441 2257 2666 2331 pulsum
2694 2256 2942 2312 Armaim
2971 2254 3199 2310 fratrem
3228 2274 3482 2331 regnasse

1928 2344 2065 2399 dicit
2098 2345 2256 2401 annis
2288 2343 2361 2419 59
2389 2343 2620 2420 (eodem
2649 2343 2889 2400 redeunt
2914 2343 3044 2398 anni
3079 2342 3153 2400 60
3181 2343 3488 2422 Africani).

1933 2433 2202 2487 Praeterea
2226 2431 2458 2487 Armessi
2480 2430 2646 2486 datur
2666 2448 2843 2486 annus
2866 2449 2889 2485 1
2916 2439 2972 2485 et
2988 2448 3201 2486 menses
3224 2436 3280 2500 4,
3307 2442 3362 2487 et
3375 2435 3482 2488 Ar·

1927 2519 2069 2587 mai,
2093 2519 2212 2592 qui,
2239 2518 2464 2575 absente
2487 2519 2546 2573 in
2566 2516 3020 2603 expeditionibus
3041 2516 3231 2589 fratre,
3258 2538 3492 2594 regnum

1928 2603 2365 2675 administravit,
2391 2606 2738 2680 assignantur
2756 2606 2886 2660 anni
2912 2610 2943 2671 Ι.
2966 2645 2982 2675 ,
3005 2608 3206 2662 mensis
3234 2624 3254 2659 1
3270 2648 3283 2662 .
3313 2606 3493 2665 Hosce

1931 2710 2197 2748 numeros
2226 2695 2300 2748 ita
2327 2694 2636 2748 Bunsenius
2653 2692 2977 2767 conjungit:

2005 2798 2234 2854 Ramses
2259 2807 2454 2873 regnat
2483 2808 2610 2854 ante
2640 2796 3076 2872 expeditionem.
3126 2838 3138 2851 .

2012 2885 2232 2957 Armaifi
2246 2902 2482 2961 regnum
2507 2884 2872 2940 administrat.
2917 2925 2931 2939 .
2969 2927 2982 2942 .
3019 2924 3034 2940 .
3082 2925 3097 2941 .
3132 2925 3146 2939 .

2012 2975 2238 3029 Ramses
2259 2983 2457 3048 regnat
2482 2984 2613 3046 post
2634 2972 3071 3046 expeditionem.
3124 3015 3139 3030 .
3191 2971 3222 3027 5
3273 3018 3285 3029 .

1934 3191 2122 3249 Armai
2150 3211 2325 3247 unum
2358 3191 2579 3247 addidit
2603 3208 2839 3260 annum,
2873 3200 2934 3244 ut
2971 3208 3184 3245 summa
3216 3210 3496 3249 annorum

1931 3279 1964 3333 J
1968 3279 2268 3353 osephiana
2319 3278 2700 3353 colligeretur.
2754 3279 2929 3333 Annis
2981 3276 3054 3352 59
3105 3286 3191 3332 tot
3238 3278 3500 3351 adjunxit

1932 3382 2176 3436 menses,
2217 3375 2364 3439 quot
2407 3365 2604 3421 eadem
2642 3382 2855 3421 summa
2894 3360 3146 3438 flagitare
3180 3363 3492 3429 videretur.

1939 3482 2010 3491 —-
2041 3451 2312 3507 Eusebius
2340 3468 2451 3526 pro
2489 3453 2648 3508 annis
2684 3450 2759 3506 66
2796 3450 2987 3524 posuit
3012 3468 3189 3506 annos
3226 3450 3301 3508 68
3337 3453 3496 3524 inde,

1935 3546 1997 3591 ut
2023 3538 2304 3593 Bunsenio
2332 3537 2582 3608 videtur,
2629 3546 2815 3605 ortos,
2854 3533 3012 3609 quod
3049 3544 3259 3592 temere
3297 3539 3498 3611 aliquis

1936 3621 2229 3694 conjunxit
2259 3642 2433 3679 annos
2461 3623 2535 3680 66
2564 3642 2644 3679 m.
2690 3640 2723 3679 α
2747 3664 2762 3692 ,
2794 3632 2849 3678 et
2877 3639 2969 3679 an.
3007 3641 3031 3675 1
3064 3640 3142 3677 m.
3185 3630 3243 3687 4.
3277 3655 3352 3666 —-
3383 3622 3497 3681 Pro

1936 3709 2096 3765 annis
2136 3705 2211 3782 59
2255 3710 2288 3764 J
2292 3710 2484 3784 osephi
2531 3709 2684 3784 apud
2730 3707 3053 3765 Africanum
3092 3718 3148 3765 et
3194 3711 3496 3768 Eusebium

1935 3795 2106 3851 habes
2133 3814 2312 3853 annos
2349 3795 2416 3853 51
2458 3808 2513 3854 et
2544 3795 2640 3856 55.
2671 3798 2788 3851 Hos
2814 3805 3113 3869 corruptos
3142 3794 3401 3856 dixerim.
3427 3799 3499 3855 Id

1933 3885 1979 3939 si
2005 3884 2149 3939 nolis
2163 3924 2179 3953 ,
2209 3902 2337 3939 cum
2350 3886 2628 3941 Bunsenio
2650 3884 2913 3958 suspicari
2934 3882 3065 3938 licet
3084 3881 3499 3960 distinguendas

1937 3988 2050 4026 esse
2091 3970 2227 4026 duas
2279 3972 2547 4029 Ramessis
2605 3969 3021 4045 expeditiones,
3072 3970 3150 4026 ita
3195 3980 3261 4026 ut
3314 3973 3498 4047 prima

1938 4056 2105 4112 suerit
2134 4075 2412 4117 annorum
2441 4056 2475 4114 5
2493 4102 2508 4130 ,
2536 4059 2710 4115 altera
2730 4058 2817 4113 vel
2839 4075 3117 4113 annorum
3137 4064 3169 4124 l.
3193 4059 3282 4114 vel
3307 4077 3492 4116 anno-

1938 4163 2064 4199 rum
2084 4164 2146 4219 93
2169 4147 2378 4202 scilicet
2405 4146 2693 4203 Diodorus
2709 4148 2764 4216 1,
2795 4144 2867 4201 55
2888 4187 2903 4213 ,
2936 4164 3004 4200 10
3020 4186 3036 4215 ‚
3059 4145 3304 4202 Sesoosis
3326 4165 3496 4222 expe-

1941 4230 2251 4287 ditionibus
2273 4236 2509 4310 assignat
2536 4253 2711 4290 annos
2734 4251 2958 4288 novem.
2997 4234 3207 4307 igitur:

2138 4365 2421 4419 Ramesses
2452 4374 2580 4420 ante
2609 4362 2855 4437 expedit.
2907 4402 2921 4416 .
2965 4380 3057 4418 an.
3089 4380 3135 4416 ι.
3183 4369 3212 4428 4
3257 4382 3336 4424 m.

2345 4450 2750 4525 expeditiones.
2791 4492 2806 4507 .
2852 4491 2865 4504 .
2903 4490 2919 4507 .
3083 4469 3119 4524 9

2344 4550 2471 4614 post
2520 4538 2923 4612 expeditiones.
3050 4535 3141 4592 55.
3184 4536 3210 4561 ¹*
3251 4557 3329 4594 m.

3047 4642 3140 4702 66.
3185 4643 3213 4673 *
3255 4663 3333 4702 m.

1945 4736 2042 4780 aut
2074 4743 2087 4779 ε

2347 4811 2473 4857 ante
2492 4801 2923 4874 expeditionem.
3092 4820 3140 4860 1.
3189 4807 3244 4865 4.

2344 4890 2525 4962 prima
2558 4887 2861 4961 expeditio.
2904 4927 2919 4943 .
3087 4886 3142 4944 5.
3197 4906 3218 4942 1

2344 4977 2516 5031 altera
2543 4973 2849 5047 expeditio.
2900 5017 2915 5032 .
3082 4992 3136 5048 9.

2348 5074 2477 5137 post
2518 5061 2917 5136 expeditiones,
3044 5060 3108 5116 51

3046 5167 3143 5224 66.
3191 5165 3246 5222 5.
