4016 5916
1460 315 1563 374 DE
1603 314 1848 376 REBUS
1893 315 2252 377 PUBLIClS.

347 473 389 514 7.
436 450 642 510 Πωλεῖν
681 446 736 505 δὲ
764 452 859 525 γῆν
901 441 1343 529 Λακεδαιμονίοις.
1368 443 1581 523 αἰσχρὸν
1611 442 1821 522 νενόμι-

280 562 415 601 σται·
444 542 535 607 τῆς
560 536 602 592 δ’
633 533 856 614 ἀρχαίας
879 530 1060 612 μοίρας
1081 528 1197 589 οὐδὲ
1225 530 1438 599 ἔξεστιν.

351 648 394 688 8.
438 627 561 685 Τῶν
586 626 637 682 ἐν
664 619 1014 696 Λακεδαίμονι
1037 621 1293 695 γυναικῶν
1320 617 1512 694 κόσμος
1540 616 1820 699 ἀφῄρηται,

284 714 386 773 οὐδὲ
416 719 587 787 κομᾶν
616 708 833 781 ἔξεστιν,
859 706 973 765 οὐδὲ
999 714 1355 787 χρυσοφορεῖν.
1390 709 1438 766 T
1444 706 1651 784 ρέφουσι
1675 706 1727 763 δὲ
1756 704 1822 764 τὰ

280 802 452 873 τέκνα,
489 796 630 856 ὥστε
662 793 923 873 μηδέποτε
963 797 1210 873 πληροῦν,
1251 791 1337 850 ἵνα
1374 792 1639 860 ἐθίζωνται
1667 791 1825 850 δύνα-

281 893 388 947 σθαι
437 890 638 957 πεινῆν.
684 881 944 951 Ἐθίζουσι
985 880 1041 938 δὲ
1077 877 1259 946 αὐτοὺς
1299 879 1386 938 καὶ
1430 879 1690 955 κλέπτειν,
1735 879 1823 937 καὶ

280 973 358 1033 τὸν
382 972 573 1031 ἁλόντα
597 970 871 1038 κολάζουσι
890 968 1139 1044 πληγαῖς,
1157 966 1224 1024 ἵν’
1241 969 1299 1024 ἐκ
1321 966 1502 1025 τούτου
1528 967 1700 1025 πονεῖν
1733 965 1823 1022 καὶ

283 1060 549 1140 ἀγρυπνεῖν
583 1057 832 1116 δύνωνται
862 1058 915 1115 ἐν
948 1059 1051 1122 τοῖς
1080 1053 1344 1132 πολέμοις.
1369 1056 1646 1114 Μελετῶσι
1670 1051 1722 1111 δὲ
1748 1054 1824 1111 εὖ·

284 1148 362 1218 ebe
398 1151 458 1208 ἐκ
492 1147 690 1205 παίδων
719 1146 1082 1225 βραχυλογεῖν,
1123 1133 1233 1226 εἶτα
1295 1143 1532 1219 ἐμμελῶς
1560 1140 1648 1198 καὶ
1690 1139 1824 1198 σκώ-

283 1258 421 1295 πτειν
455 1234 544 1293 καὶ
585 1232 930 1294 σκώπτεσθαι.
1013 1232 1253 1297 Εὗτελεῖς
1282 1229 1335 1288 δὲ
1380 1227 1542 1309 ταφαὶ
1586 1227 1675 1286 καὶ
1704 1226 1819 1286 ἴσαι

284 1323 436 1383 πᾶσίν
459 1324 578 1382 εἶσι.
625 1320 814 1382 Ilii-vei
835 1321 881 1378 δ’
911 1321 962 1378 ἐν
997 1321 1167 1386 αὐτοῖς
1191 1319 1329 1377 σῖτον
1354 1316 1515 1385 οὐδείς
1536 1340 1548 1353 ·
1574 1315 1690 1375 οὐδὲ
1722 1315 1821 1396 γὰρ

285 1411 467 1492 ἄλευρα
491 1409 782 1487 κομίζουσι,
812 1412 1069 1467 σιτοῦνται
1095 1406 1138 1465 δ’
1163 1406 1377 1488 ἄλφιτα.

814 1530 916 1591 111.
960 1529 1290 1588 KPuTssN.

354 1651 466 1722 Τὴν
506 1648 774 1730 Κρητικὴν
804 1649 1066 1707 πολιτείαν
1090 1646 1291 1726 λέγεται
1334 1652 1530 1726 πρῶτος
1558 1651 1822 1718 καταστῆ-

288 1761 369 1798 σαι
408 1738 615 1809 Μίνως,
653 1735 935 1817 πρακτικός
971 1759 1026 1793 τε
1066 1735 1175 1812 ἅμα
1210 1735 1299 1794 καὶ
1343 1734 1616 1811 νομοθέτης
1655 1756 1824 1792 σπου-

266 1827 421 1892 ·δαίος
445 1823 737 1902 γενόμενος·
770 1827 988 1883 ἐποιεῖτο
1012 1821 1065 1881 δὲ
1086 1822 1150 1881 δι’
1170 1822 1377 1881 ἐννάτου
1410 1822 1548 1888 ἔτους
1575 1819 1672 1891 τὴν
1692 1822 1823 1878 ἐπα·

284 1914 521 1995 νόρθωσιν
563 1916 666 1971 τῶν
700 1911 893 1987 νόμων.
998 1910 1062 1989 (9)
1098 1909 1225 1970 Ὅτι
1265 1910 1319 1969 δὲ
1370 1908 1692 1989 ἀρχαιοτάτη
1723 1911 1824 1967 τῶν

286 2004 555 2060 πολιτειῶν
584 2004 617 2071 ἡ
665 1996 931 2075 Κρητικὴ,
962 1995 1200 2076 ἐμφαίνει
1236 1998 1325 2055 καὶ
1360 1995 1631 2076 “Ομηρος,
1656 1996 1823 2074 λέγων

284 2087 373 2156 τὰς
395 2088 574 2154 πόλεις
602 2088 768 2144 αὐτῶν
793 2077 857 2144 εὗ
884 2085 1337 2151 ναιεταώσας·
1371 2085 1462 2143 καὶ
1487 2083 1819 2164 Ἀρχίλοχος,

284 2175 333 2232 ἐν
355 2163 430 2240 οἷς
457 2173 803 2232 ἐπισκώπτων
832 2171 947 2230 τινά
977 2194 1154 2252 φησιν,

484 2288 623 2351 νόμος
645 2288 691 2337 δὲ
713 2287 940 2351 Κρητικὸς
959 2286 1241 2335 διδάσκεται.

286 2397 347 2473 (a)
376 2396 447 2456 Oi
476 2394 655 2460 παῖδες
677 2395 721 2451 οἱ
747 2394 798 2450 ἐν
826 2390 1008 2471 Κρήτῃ
1037 2391 1154 2468 μετ’
1184 2387 1425 2459 ἀλλήλων
1446 2389 1743 2446 διαιτῶνται
1772 2392 1824 2448 ἐν

282 2483 356 2541 ἑνὶ
378 2480 574 2563 ίματίῳ
605 2478 776 2560 θέρους
799 2480 887 2538 καὶ
906 2483 1176 2559 χειμῶνος.
1259 2476 1599 2558 Ἀθροίζονται
1619 2476 1672 2536 δὲ
1703 2476 1828 2556 ἀγέ-

280 2572 368 2629 λαι
395 2568 612 2643 τούτοιν,
639 2567 728 2626 καὶ
753 2570 829 2647 ἐφ’
864 2564 1082 2638 ἑκάστης
1111 2564 1288 2645 ἅρχων
1309 2563 1529 2640 γίνεται,
1552 2564 1607 2623 ὃν
1631 2567 1827 2624 καλοῦ-

283 2680 361 2714 σιν
390 2656 678 2734 ἅγελάτην·
700 2654 786 2712 καὶ
814 2652 1033 2734 ἀθροίζει
1062 2649 1269 2724 αὐτοὺς,
1295 2647 1421 2709 ὅπου
1446 2650 1608 2725 θέλει,
1630 2653 1719 2711 καὶ
1742 2650 1827 2711 ἐπὶ

283 2742 447 2822 θήραν
478 2741 670 2816 ἐξάγει.
760 2739 867 2799 Καὶ
905 2739 970 2797 τὰ
997 2738 1166 2798 πολλὰ
1193 2741 1480 2816 κοιμῶνται
1510 2741 1623 2816 μετ’
1659 2738 1827 2811 ἀλλή-

284 2831 405 2890 λων.
493 2831 559 2907 (ι)
592 2832 870 2889 Ποιοῦνται
894 2827 947 2886 δὲ
975 2827 1065 2886 καὶ
1085 2829 1261 2907 μάχας
1296 2825 1434 2886 κατὰ
1468 2826 1624 2904 νόμον
1647 2827 1749 2896 πύξ
1772 2851 1827 2887 τε

283 2916 372 2976 καὶ
420 2915 613 2990 ξύλοις,
660 2916 749 2976 καὶ
790 2913 913 2976 ὅταν
958 2915 1397 2992 συμ6άλλωνται,
1446 2914 1663 2974 αὐλοῧσί
1701 2937 1830 2982 τινες

288 3005 455 3071 αὐτοῖς
482 3003 572 3063 καὶ
595 3005 929 3082 κιθαρίζουσι.
980 3002 1083 3063 Καὶ
1111 3002 1238 3084 πρὸς
1274 3000 1511 3081 ἀνδρείαν
1535 3002 1623 3061 καὶ
1644 3025 1828 3083 καρτε·

285 3091 400 3170 ρίαν
436 3094 704 3161 ἐθίζονται.
744 3095 787 3152 Γ
791 3090 1043 3172 ράμματα
1071 3089 1127 3150 δὲ
1157 3090 1311 3169 μόνον
1339 3090 1706 3165 παιδεύονται,
1738 3089 1827 3151 καῖ

283 3184 449 3237 ταῦτα
471 3179 705 3260 μετρίως.

364 3285 408 3326 5.
449 3267 579 3333 Ταῖς
616 3266 670 3324 δὲ
706 3266 833 3346 πρὸς
866 3264 985 3334 τοὺς
1031 3265 1251 3348 ἄρρενας
1300 3269 1570 3346 ἐρωτικαῖς
1606 3265 1831 3342 ὁμιλίαις

284 3350 486 3412 ἐοίκασι
522 3356 717 3433 πρῶτοι
744 3358 1056 3434 κεχρῆσθαι,
1085 3353 1175 3412 καὶ
1203 3356 1296 3412 οὐκ
1322 3352 1536 3434 αἰσχρὸν
1566 3356 1691 3433 παρ’
1732 3357 1830 3410 αὐ-

281 3521 480 3569 storiam
506 3522 747 3583 conjungit
766 3535 877 3570 cum
891 3521 1142 3583 proverbio
1160 3521 1293 3570 Μετὰ
1318 3520 1517 3569 Λέσὸιον
1537 3520 1673 3583 ᾠδὸν,
1694 3519 1831 3580 cujus

283 3590 506 3639 meminit
526 3591 797 3641 Aristoteles
820 3592 878 3641 sr.
901 3594 979 3651 87,
1005 3590 1086 3639 ubi
1113 3590 1210 3640 vid.
1232 3593 1413 3639 notam·
1440 3592 1600 3647 Quare
1615 3592 1833 3639 nostrum

282 3672 478 3722 quoque
496 3661 655 3709 locum
674 3675 731 3708 ex
755 3660 923 3710 eodem
947 3661 1196 3709 Aristotele
1225 3658 1419 3708 fluxisse
1440 3659 1609 3708 statuit
1634 3660 1833 3709 Schnei-

282 3727 516 3780 dewtnus-
534 3757 592 3766 -
609 3735 653 3779 7.
677 3729 971 3794 νενόμισται]
993 3733 1075 3780 ΑΟ
1094 3743 1128 3780 α
1146 3730 1176 3779 b
1196 3730 1338 3791 edem
1356 3729 1618 3793 νενομίσθαι
1640 3732 1752 3779 cett.
1772 3756 1836 3766 —

282 3805 369 3859 τῆς
386 3802 428 3850 δ’
451 3801 588 3866 ἀρχ.]
613 3803 779 3863 partic.
805 3803 855 3851 δὲ
878 3802 1075 3852 inseruit
1108 3802 1457 3852 Schneidewin.
1488 3801 1684 3862 Cragius
1708 3802 1835 3850 hunc

284 3871 450 3921 locum
478 3872 543 3920 ita
560 3873 776 3922 exhibuit
806 3889 819 3922 ε
839 3872 1050 3935 αἰσχρόν.
1080 3872 1441 3935 νενομίσθαιτῆς
1462 3872 1657 3934 ἀρχαίας
1676 3872 1835 3934 μοίρας

280 3944 559 4004 νενεμῆσθαι
581 3943 677 3991 οὐδ’
702 3944 865 3998 ἔξεστι.
900 3945 1023 3992 Hinc
1046 3943 1266 3992 Koelerus
1293 3962 1303 3990 ι
1326 3943 1519 4004 αἰσχρὸν
1543 3942 1805 4002 νενόμισται
1822 3956 1833 3966 ·

281 4017 365 4071 τῆς
386 4012 579 4074 ἀρχαίας
595 4029 644 4074 μ.
662 4015 934 4074 νενεμῆσθαι
953 4013 1049 4062 οὐδ’
1067 4015 1211 4069 ἔξεστι
1227 4030 1242 4075 ;
1261 4016 1475 4073 Corayus
1498 4031 1510 4059 :
1527 4017 1608 4069 τῆς
1621 4013 1709 4074 γὰρ
1727 4011 1833 4074 ἀρχ.

286 4097 341 4142 μ.
378 4081 682 4143 ἀνανέμεσθαι
719 4082 848 4131 οὐδὲν
883 4082 1045 4138 ἔξεστι.
1089 4086 1203 4132 llaec
1235 4082 1414 4131 multos
1451 4080 1733 4130 fefellerunt.
1774 4083 1833 4128 V.

283 4155 475 4204 Mulier.
501 4160 618 4206 Dor.
646 4159 706 4213 ll,
734 4169 780 4217 p.
811 4161 913 4218 1953
936 4160 1196 4205 Hermann.
1229 4156 1424 4218 Antiqq.
1450 4158 1626 4206 Lacon.
1655 4167 1703 4217 p.
1734 4159 1835 4216 1793

281 4225 596 4275 Scboemann.
624 4226 744 4274 nist.
770 4225 870 4287 jur.
891 4226 1025 4288 publ.
1048 4239 1096 4288 p.
1130 4231 1232 4275 117.
1258 4256 1311 4268 -·
1341 4231 1388 4276 8.
1418 4224 1597 4288 κομᾶν]
1618 4225 1692 4274 Ct‘.
1718 4226 1837 4275 Mul·

282 4295 378 4344 ler.
404 4295 490 4344 1.1.
512 4298 574 4354 11,
594 4309 640 4357 p.
661 4301 752 4346 269
770 4308 843 4358 sq.
861 4321 925 4333 —
942 4295 1182 4360 κλέπτειν]
1202 4298 1275 4345 Cl‘.
1302 4295 1366 4344 id.
1389 4296 1453 4345 ib.
1475 4291 1634 4357 p.'310
1652 4308 1758 4356 sqq.
1779 4325 1837 4336 -

281 4365 367 4413 τὸν
386 4363 584 4428 ἁλόντα]
600 4365 891 4428 τριακοσίους
913 4368 987 4416 ἀλ.
1028 4368 1065 4416 Α
1090 4368 1109 4429 (
1133 4367 1165 4415 i.
1188 4380 1231 4415 e.
1264 4365 1302 4415 τ’
1320 4366 1540 4426 ἁλόντα).
1562 4393 1623 4406 -
1640 4365 1768 4420 εὐθὺς
1788 4366 1840 4413 ἐκ

284 4433 448 4499 ataid]
470 4437 623 4494 AB&
638 4435 692 4483 ἐκ
708 4452 760 4484 π.
783 4435 909 4492 εὐθὺς
927 4438 1041 4486 cett.
1056 4462 1119 4473 —
1136 4436 1347 4499 πέττειν]
1370 4436 1443 4487 Cf.
1467 4434 1731 4485 Diemarch.
1759 4449 1836 4494 ap.

285 4504 468 4555 Athen.
494 4499 577 4566 lv,
599 4519 646 4567 p.
679 4510 782 4567 141,
804 4513 868 4566 Ας
891 4506 1133 4556 Plutarch.
1160 4508 1311 4556 Alcib.
1335 4514 1422 4567 233
1450 4507 1636 4555 Miiller.
1658 4505 1690 4554 l.
1711 4505 1742 4554 Ι.
1766 4509 1838 4564 11,

286 4586 338 4636 p.
368 4578 479 4637 275,
496 4582 545 4625 2.
563 4589 626 4611 ·—
640 4575 842 4639 ἆλφιτα]
863 4579 972 4626 Post
988 4577 1091 4625 brec
1120 4577 1170 4625 in
1188 4576 1474 4627 editionibus
1491 4577 1713 4638 leguntur
1731 4589 1840 4638 qum

285 4644 421 4707 apud
443 4659 532 4694 nos
547 4647 738 4697 exstant
760 4648 816 4696 sr.
838 4654 865 4697 3
881 4647 910 4711 §
924 4652 949 4698 7
970 4649 1021 4697 et
1040 4647 1100 4696 tr.
1128 4653 1207 4700 26.
1229 4651 1307 4699 Sic
1330 4649 1456 4697 enim
1489 4647 1675 4696 codices
1704 4646 1840 4696 exhi-

286 4712 408 4764 bent
423 4751 437 4775 ,
453 4714 541 4764 nisi
554 4715 686 4777 quod
698 4716 749 4765 in
776 4715 887 4765 cod.
905 4730 962 4779 p.
992 4716 1135 4767 verba
1159 4718 1218 4766 sr.
1244 4721 1294 4780 3,
1317 4723 1342 4769 7
1367 4718 1385 4778 (
1405 4719 1512 4767 Ὅτι
1530 4718 1635 4773 τοὺς
1654 4718 1842 4771 εἵλωτας

285 4784 703 4835 κατεδουλώσαντο
725 4802 838 4835 ποτε
856 4786 1215 4848 Λακεδαιμόνιοι
1231 4822 1245 4846 ,
1262 4787 1482 4836 θετταλοὶ
1516 4786 1564 4835 δὲ
1581 4786 1688 4843 τοὺς
1703 4788 1841 4834 πενέ·

287 4867 406 4907 στας
426 4851 479 4880 **
504 4853 521 4914 )
543 4853 773 4915 leguntur
792 4856 937 4904 etiam
961 4859 1122 4904 nostro
1145 4855 1267 4904 loco.
1300 4854 1478 4905 Deinde
1496 4856 1544 4903 in
1570 4854 1678 4904 cod.
1708 4868 1743 4918 p
1766 4869 1843 4905 se-

287 4922 457 4983 quitus
495 4925 703 4986 spatium
739 4938 947 4974 vacuum
983 4925 1193 4987 pagium,
1230 4926 1279 4973 iu
1310 4925 1521 4986 margine
1548 4937 1661 4974 vero
1688 4927 1845 4975 exstat

286 4995 436 5053 nota,
460 5007 571 5056 quae
598 4994 802 5044 refertur
832 4996 892 5046 ad
927 4996 1100 5056 verba,
1120 5008 1231 5057 quae
1258 5008 1318 5044 ex
1346 4995 1712 5044 Tarentinorum
1742 5008 1841 5057 rep.

286 5061 517 5124 legmtur
530 5064 593 5114 rr.
619 5071 697 5115 26.
726 5065 983 5124 Quomodo
1002 5066 1185 5114 sactum
1212 5064 1274 5116 sit
1307 5066 1361 5114 ut
1392 5065 1593 5126 uterque
1619 5064 1752 5113 locus
1783 5064 1845 5114 ad

3341 328 3444 380 211

1973 449 2019 492 7.
2047 447 2244 494 Terram
2265 444 2412 493 ullam
2439 441 2648 492 vendere
2677 444 2802 505 apud
2825 445 3085 506 spartanos
3107 447 3303 496 omnino
3323 449 3468 511 turpe

1910 505 2140 565 babetur3
2167 506 2340 555 veteris
2355 507 2520 553 autem
2537 504 2679 555 sortis
2706 509 2887 555 terram
2911 506 3118 557 vendere
3136 521 3197 557 ne
3220 510 3332 559 licet
3358 511 3464 573 qui·

1909 567 2019 616 dem
2036 602 2051 629 ,
2073 568 2172 628 lege
2195 565 2242 614 id
2270 568 2477 615 vetante.

1972 634 2020 679 8.
2051 627 2254 679 Feminis
2281 627 2528 689 Spartanis
2557 630 2756 676 ornatus
2790 628 2946 678 omnis
2975 627 3288 692 interdictus,
3310 644 3468 694 neque

1910 715 2023 765 licet
2044 715 2102 764 iis
2119 728 2171 766 se
2190 727 2378 765 comere
2407 717 2455 765 et
2473 726 2645 763 aurum
2673 717 2875 777 gestare.
2901 718 3081 766 Pueros
3102 729 3216 767 suos
3246 718 3468 768 nutriunt

1909 802 2031 851 citra
2050 802 2360 865 repletionem
2377 839 2392 863 ,
2419 803 2475 851 ut
2497 804 2769 853 assuescant
2791 815 2942 865 quum
2967 816 3088 866 opus
3103 808 3176 855 est
3196 806 3370 855 samem
3390 810 3466 855 to·

1909 889 2079 939 lerare.
2106 889 2434 940 assuefaciunt
2452 901 2534 939 eos
2556 888 2670 939 item
2685 888 2746 938 ad
2761 889 3037 953 sui-andum,
3053 894 3101 941 et
3118 890 3467 954 deprehensum

1910 975 2067 1039 flagris
2088 960 2309 1038 canunt,
2333 979 2389 1026 ut
2410 976 2503 1026 hoe
2530 975 2984 1039 rudimentoedocu
3010 977 3198 1029 iabores
3214 981 3265 1029 et
3281 979 3470 1043 vigilias

1909 1063 2103 1114 bellicas
2119 1066 2352 1115 sustinere
2378 1065 2576 1128 possint.
2597 1067 2725 1123 Quin
2745 1064 2890 1115 etiam
2908 1065 3104 1117 student
3129 1066 3240 1117 inde
3262 1080 3290 1117 s
3307 1069 3469 1131 pueri·

1911 1151 1978 1201 tia
1999 1151 2209 1202 breviter
2232 1152 2407 1215 dicere,
2426 1154 2753 1214 praetereaque
2767 1156 2933 1216 argute
2952 1154 3164 1203 cavillari
3179 1157 3228 1207 et
3249 1156 3469 1219 excipere

1910 1237 2100 1287 cavilla.
2126 1238 2391 1300 Sepulturoe
2412 1238 2606 1288 minime
2621 1239 2679 1289 iis
2692 1242 2988 1302 sumptuosae
3006 1243 3055 1290 et
3069 1242 3293 1292 omnibus
3310 1256 3470 1306 aequa·

1912 1324 2234 1376 les.Tritieum
2262 1325 2385 1375 inter
2410 1339 2491 1375 eos
2515 1326 2710 1388 pinsitat
2735 1341 2904 1390 nemo;
2929 1342 3086 1392 neque
3114 1331 3242 1380 enim
3264 1332 3469 1381 farinam

1911 1412 2162 1462 conserunt
2187 1413 2205 1474 (
2227 1412 2287 1461 ad
2307 1412 2492 1475 syssitia
2511 1414 2556 1475 ),
2581 1413 2665 1463 sed
2688 1414 2867 1464 hordeo
2892 1418 3168 1467 vescuntur.

2361 1534 2460 1592 111.
2506 1531 3010 1597 CRETENSIUM.

1975 1655 2128 1704 Minos
2141 1655 2290 1704 fertur
2301 1655 2483 1717 primus
2498 1657 2841 1719 rempublicam
2854 1662 3128 1709 Cretensem
3145 1661 3464 1713 constituisse.

1914 1744 2028 1792 Erat
2053 1742 2091 1791 is
2118 1755 2215 1791 non
2238 1742 2395 1792 solum
2416 1744 2558 1793 rebus
2580 1745 2795 1807 gerendis
2811 1745 3035 1809 idoneus,
3055 1746 3138 1796 sed
3157 1747 3302 1797 etiam
3330 1748 3470 1813 legis-

1911 1839 2035 1888 lator
2054 1841 2100 1889 in
2124 1839 2289 1901 primis
2312 1853 2480 1903 aequus
2497 1841 2546 1890 et
2573 1840 2742 1890 bonus,
2769 1844 2906 1892 Nono
2940 1856 3139 1905 quoque
3174 1856 3302 1893 anno
3347 1844 3474 1908 leges

1912 1926 2148 1988 corrigere
2177 1927 2376 1977 solebat.
2453 1929 2516 1991 (2)
2541 1928 2840 1978 Cretensium
2868 1929 3210 1992 rempublicam
3235 1931 3469 1994 antiquis·

1910 2020 2082 2069 simam
2107 2033 2207 2070 esse
2239 2023 2440 2071 testatur
2469 2024 2517 2071 et
2549 2024 2787 2073 Homerus
2820 2024 2898 2082 (ll
2945 2027 3010 2086 Β,
3044 2027 3197 2089 647),
3231 2040 3381 2089 quum
3405 2028 3474 2077 ait

1912 2112 2055 2161 urbes
2081 2127 2247 2162 eorum
2270 2114 2393 2163 bene
2420 2113 2701 2177 habitatas,
2722 2116 2768 2165 et
2788 2116 3100 2169 Archilochus
3123 2119 3203 2167 ubi
3230 2121 3470 2182 quendam

1912 2200 2141 2249 cavillans
2163 2199 2228 2249 ait
2252 2221 2264 2250 ι

2071 2307 2157 2350 Lex
2180 2305 2400 2351 Cretensis
2416 2306 2619 2351 docetur.

1913 2404 1959 2450 3.
1985 2400 2121 2450 Pueri
2142 2404 2391 2452 Cretenses
2402 2402 2543 2452 simul
2558 2404 2754 2466 degunt,
2769 2404 2908 2453 unica
2923 2407 3054 2455 veste
3069 2409 3236 2458 &state
3246 2410 3295 2458 et
3313 2409 3473 2462 hieme

1914 2503 2144 2554 contenti.
2167 2505 2524 2567 congregantur
2542 2508 2703 2555 autem
2725 2519 2809 2569 per
2831 2509 3039 2570 turmas,
3059 2522 3116 2558 ac
3139 2510 3332 2561 cuilibet
3364 2513 3472 2562 tur·

1915 2611 2105 2648 marum
2123 2600 2296 2661 praeest
2317 2601 2649 2663 magistratus,
2669 2614 2813 2663 quem
2833 2603 3046 2665 agelalen
3069 2604 3250 2655 dicunt.
3278 2610 3324 2656 Is
3348 2607 3475 2670 cogit

1915 2708 1996 2744 eos
2014 2695 2064 2743 in
2084 2708 2234 2744 unum
2249 2694 2334 2744 ubi
2347 2696 2472 2759 vult,
2488 2698 2633 2759 atque
2650 2697 2709 2747 ad
2732 2698 3034 2749 venationem
3052 2700 3228 2750 educit.
3260 2703 3462 2766 Utpluri·

1916 2811 2046 2847 mum
2067 2812 2162 2849 una
2183 2812 2404 2849 somnum
2424 2800 2637 2863 capiunt.
2667 2802 2732 2864 (4)
2756 2804 2971 2865 Pugnant
2990 2804 3183 2867 (pueri)
3199 2804 3324 2855 inter
3345 2818 3398 2856 se
3412 2818 3474 2856 ex

1916 2894 2032 2958 legis
2049 2896 2270 2946 instituto
2287 2896 2459 2960 pugnis
2475 2897 2525 2947 et
2543 2897 2772 2962 fustibus,
2795 2911 3045 2963 quumque
3071 2901 3446 2965 congrediuntur
3459 2938 3473 2963 ,

1916 2994 2030 3043 sunt
2047 2993 2130 3057 qui
2150 2993 2263 3057 ipsis
2281 2994 2421 3044 tibias
2442 2994 2668 3045 accinunt
2691 2999 2741 3046 et
2758 2995 2990 3047 citharam
3014 2999 3223 3062 pulsant.
3251 2998 3324 3050 Ad
3347 3000 3480 3050 forti·

1917 3089 2130 3141 tudinem
2147 3104 2205 3141 ac
2227 3091 2529 3141 tolerantiam
2548 3091 2824 3143 assuefiunt.
2853 3093 3031 3144 Literas
3049 3095 3239 3145 tantum
3259 3095 3477 3158 discunt,

1918 3186 2071 3237 etuas
2093 3201 2284 3250 quoque
2307 3188 2491 3238 nonnisi
2516 3187 2834 3240 mediocriter.

1983 3281 2027 3324 5.
2060 3274 2294 3324 Videntur
2330 3277 2492 3325 autem
2512 3275 2652 3338 primi
2681 3277 2699 3339 (
2714 3278 2996 3337 Cretenses)
3023 3277 3096 3328 usi
3123 3278 3336 3328 venereis
3355 3291 3478 3327 con-

1920 3361 2154 3424 gressibus
2178 3376 2289 3411 cum
2313 3363 2563 3425 masculis,
2583 3377 2740 3426 neque
2765 3366 2906 3426 turpe
2929 3364 2976 3413 id
2999 3365 3130 3427 apud
3147 3379 3228 3415 eos
3250 3366 3474 3414 habetur.

1924 3520 2390 3569 Lacedaemoniorum
2431 3523 2594 3582 Remp.
2629 3523 2694 3582 (a
2731 3524 2933 3570 Perusco
2951 3558 2964 3580 ,
2999 3524 3050 3571 ut
3085 3522 3303 3581 videtur)
3329 3523 3476 3570 reser-

1922 3595 2072 3649 retur,
2097 3593 2243 3652 patet.
2266 3591 2458 3639 Scilicet
2476 3605 2628 3652 quum
2649 3591 2740 3641 loci
2773 3591 2821 3640 hi
2856 3592 2902 3639 iu
2928 3593 3021 3640 line
3042 3594 3198 3641 manci
3231 3592 3353 3653 sint,
3375 3606 3472 3640 non

1922 3662 2162 3723 perspexit
2183 3663 2369 3720 auctor,
2388 3661 2631 3722 quomodo
2653 3662 2773 3711 alter
2792 3660 2850 3709 ad
2869 3664 3119 3710 Cretenses
3132 3699 3147 3722 ,
3165 3663 3287 3712 alter
3301 3662 3363 3712 ad
3385 3666 3476 3712 Ta·

1924 3732 2132 3780 rentinos
2147 3732 2430 3793 pertinere13
2465 3744 2614 3793 quare
2639 3744 2722 3780 eos
2738 3731 2954 3780 traduxit
2972 3730 3032 3779 ad
3055 3735 3221 3794 Remp.
3255 3732 3467 3783 Lacedae·

1903 3801 2192 3850 ·moniorum
2209 3837 2224 3862 ‚
2247 3814 2455 3862 quorum
2476 3801 2525 3850 in
2545 3804 2749 3863 utroque
2773 3802 2877 3850 loco
2896 3800 3077 3849 mentio
3095 3801 3165 3850 tit.

1984 3873 2072 3930 111,
2098 3878 2114 3919 1
2136 3891 2147 3919 :
2166 3870 2447 3933 KPHTssN]
2473 3872 2667 3934 κρητική
2695 3869 2835 3932 absy.
2852 3870 2982 3919 -δι’
2997 3869 3183 3919 ἔννατον
3211 3869 3285 3935 §.J
3313 3870 3475 3919 ἐννέω·

1923 3958 1997 4005 ρος
2036 3941 2249 4004 βασιλευε
2269 3941 2338 3990 ait
2365 3943 2558 3990 Homer.
2599 3941 2692 3990 od.
2726 3958 2772 4001 τ,
2802 3945 2902 3991 179.
2925 3943 2986 3989 V.
3015 3940 3207 3990 muller.
3255 3945 3378 3990 Dor.
3411 3944 3477 4001 11,

1925 4018 2014 4071 96;
2053 4011 2220 4060 Rueck.
2262 4013 2433 4061 Creta.
2467 4014 2509 4072 1,
2538 4023 2586 4072 p.
2614 4016 2724 4060 215.
2745 4031 2809 4044 ·—
2829 4017 2872 4060 2.
2903 4009 3032 4074 τινὰ]
3051 4010 3176 4066 τινὰς
3206 4013 3292 4060 ΑΒ
3315 4010 3391 4060 bc.
3415 4037 3475 4046 —

1926 4083 2065 4144 νόμος
2088 4085 2144 4131 Κ.
2162 4081 2233 4144 δ.)
2255 4095 2352 4143 quo
2369 4095 2509 4131 sensu
2530 4082 2634 4131 haec
2651 4083 2790 4144 poeta
2809 4080 2981 4131 dixerit
3001 4093 3097 4129 non
3118 4080 3284 4142 liquet.
3308 4100 3332 4124 α
3356 4084 3477 4144 Ego,

1926 4150 2316 4201 Schneidewinus
2333 4152 2425 4211 ait,
2451 4153 2500 4201 in
2525 4154 2628 4214 lgn.
2657 4151 2847 4201 Liebelii
2867 4151 3151 4201 senteutiam
3166 4150 3371 4210 inclino,
3393 4153 3475 4213 qui

1927 4222 2139 4284 (Archil.
2162 4222 2221 4272 rr.
2244 4224 2356 4283 119)
2380 4220 2442 4271 ad
2468 4222 2711 4276 masculos
2725 4233 2913 4272 amores
2938 4220 3237 4271 Cretensium
3264 4222 3479 4273 allusisse

1927 4297 2118 4356 poetam
2148 4293 2351 4355 ideoque
2373 4292 2435 4341 de
2456 4292 2688 4342 industria
2703 4292 2921 4354 ambigue
2944 4292 3158 4341 locutum
3174 4292 3386 4355 conjicit,
3409 4293 3480 4343 ita

1928 4367 2045 4414 utet
2062 4364 2121 4413 de
2138 4363 2394 4413 severitate
2415 4363 2573 4424 legum
2595 4366 2643 4412 et
2666 4361 2725 4411 de
2739 4361 2987 4411 amoribus
3005 4363 3164 4425 posset
3182 4362 3396 4424 cogitari.
3422 4363 3476 4412 ld

1928 4436 2002 4484 vel
2035 4437 2226 4497 propter
2243 4433 2555 4482 ἐπισκώπτων
2589 4431 2836 4495 probabile
2869 4433 3074 4493 videtur,
3092 4446 3244 4495 quum
3275 4447 3477 4496 proeser·

1929 4505 2017 4554 tim
2037 4508 2196 4567 Κρῆτα
2213 4503 2381 4567 τρόπον
2402 4502 2655 4564 proverbio
2682 4502 3086 4565 frequentaretur,
3110 4503 3145 4551 i.
3180 4514 3223 4552 e.
3247 4504 3477 4558 παιδικοῖς

1928 4577 2143 4636 χρῆσθαι.
2171 4576 2234 4623 V.
2259 4573 2461 4634 llesych.
2479 4585 2515 4621 s.
2540 4585 2586 4619 v.
2607 4591 2630 4614 υ
2654 4571 2831 4622 Koeleri
2852 4574 2902 4622 et
2934 4571 3106 4634 corayi
3140 4570 3476 4634 opinioneslu-

1930 4644 2047 4693 bens
2068 4645 2256 4693 omitto.
2283 4668 2348 4679 -
2370 4647 2416 4690 3.
2448 4643 2495 4691 ἐν
2519 4641 2612 4705 ἑνὶ]
2646 4641 2983 4701 casaubonum
3008 4641 3055 4689 ἐν
3091 4642 3163 4701 Β,
3188 4642 3253 4690 ἐνὶ
3286 4640 3476 4703 reliqui.

1932 4717 2001 4763 De
2018 4713 2073 4762 iis
2090 4726 2199 4775 quoe
2218 4712 2246 4775 §
2268 4719 2295 4762 3
2319 4738 2374 4748 -
2400 4720 2427 4761 5
2446 4715 2719 4774 narrantur,
2747 4711 2917 4761 eodem
2938 4711 3037 4760 t'ere
3059 4709 3229 4772 modo,
3250 4709 3332 4759 sed
3357 4709 3475 4759 ube-

1931 4784 2048 4844 rius,
2078 4783 2271 4845 exponit
2295 4782 2547 4844 Ephorus(
2562 4783 2619 4831 l'r.
2645 4783 2737 4844 64)
2761 4796 2839 4845 ap.
2858 4781 3081 4831 strabon.
3107 4784 3143 4830 X
3165 4817 3179 4843 ,
3205 4793 3254 4843 p.
3281 4784 3373 4830 482
3389 4818 3402 4840 ,
3424 4785 3479 4831 ut

1932 4857 2104 4904 Noster
2131 4865 2194 4902 ex
2223 4853 2432 4914 Ephoro,
2454 4856 2540 4901 aut
2560 4855 2765 4914 uterque
2782 4866 2810 4903 e
2826 4852 3071 4902 communi
3092 4850 3305 4900 hauserit
3327 4851 3474 4901 l'onte.

1933 4923 2003 4973 ci.
2023 4922 2186 4973 Hoeck.
2206 4922 2241 4971 l.
2265 4922 2299 4971 l.
2319 4935 2366 4983 p.
2381 4927 2441 4972 98
2460 4935 2588 4983 sqq„
2619 4923 2805 4972 muller.
2832 4925 2949 4972 Dor.
2972 4921 3062 4970 298
3076 4934 3181 4983 sqq.
3207 4946 3270 4956 —
3296 4927 3341 4970 5.
3366 4921 3477 4969 ὅταν

1931 4995 1981 5043 δὲ
2004 4991 2112 5056 xp]
2160 4993 2398 5041 Lacunam
2438 4996 2551 5040 ante
2592 4992 2697 5041 liaec
2737 4990 2926 5041 notavit
2966 4988 3313 5040 Schneidewin.
3353 4992 3479 5047 Quae

1932 5062 2093 5112 omisit
2114 5064 2365 5124 excerptor
2381 5062 2601 5123 supplere
2618 5061 2729 5111 licet
2743 5075 2804 5111 ex
2822 5060 3012 5123 Ephoro
3030 5060 3063 5109 1.
3082 5058 3114 5108 l.
3147 5075 3159 5108 :
3179 5059 3319 5108 ἰδιον
3338 5059 3377 5107 δ’
3399 5059 3476 5107 αὐ·

3178 5151 3239 5192 u.
