4016 5916
634 415 1258 487 CORlNTHIORUM,
1317 411 1898 488 MEGARENsmM,

1940 409 2552 471 CHALCIDENSIUM
2612 408 3129 471 RESPUBLICAE.
3372 417 3473 472 ut

372 559 470 628 IV,
501 573 591 623 ια,
626 571 696 608 1o
724 569 740 609 ε
766 549 861 610 Ἐν
889 545 1152 627 Μεγάροις
1178 547 1238 605 ἐκ
1266 547 1369 603 τῶν
1392 538 1845 621 συγκατελθόντων
1936 541 2193 614 tiqq.Gr.
2215 540 2248 615 5
2271 539 2342 612 57
2368 551 2424 596 et
2447 540 2513 596 81
2529 581 2542 594 .
2568 573 2641 584 —-
2670 565 2693 590 «ι
2712 542 2973 597 Ceterum
2990 542 3160 615 ipsius
3176 542 3489 598 Aristotelis

292 641 386 702 καὶ
418 634 912 717 συμμαχεσαμένων
939 632 1068 711 πρὸς
1102 632 1189 691 τὸν
1219 633 1384 708 δῆμον
1415 632 1531 707 (sc.
1561 627 1653 691 τὰς
1682 626 1848 707 ἀρχὰς
1935 640 2115 684 mater
2141 647 2210 684 ex
2237 647 2437 684 eorum
2472 628 2579 683 fuit
2612 630 2815 702 stirpe,
2858 630 2958 703 qui
2995 648 3027 684 e
3068 629 3330 686 Chalcide
3362 628 3490 686 Sta-

294 734 602 789 καθιστᾶσιν
626 724 701 805 ).]
727 729 809 783 De
829 726 917 779 his
944 723 1206 779 omnibus
1231 740 1286 780 v.
1335 719 1556 776 Mtiller.
1594 721 1722 775 Dor.
1758 719 1837 787 11,

294 839 356 895 p.
393 818 500 875 166
529 835 652 890 sqq.

816 920 1334 1002 (ΧΑΔΚῙΔΕΩΝ.)

1009 1060 1139 1120 105.

385 1206 588 1266 Strabo
614 1206 694 1275 Χ,
723 1223 782 1279 p.
804 1207 939 1273 445,
970 1201 1041 1259 de
1063 1201 1274 1259 Euboea
1298 1218 1315 1258 t
1349 1198 1431 1260 Οὗ
1460 1195 1615 1275 μόνον
1643 1196 1699 1256 δὲ
1728 1195 1850 1257 Mei-

1936 718 2057 791 gira
2103 718 2385 772 coloniam
2420 716 2723 772 duxerunt.
2777 715 3010 791 Dionys.
3046 717 3171 773 Hal.
3198 718 3373 791 Epist.
3413 718 3486 774 ad

1939 808 2245 859 Aminaeum
2270 803 2305 878 S
2338 801 2394 860 5.
2426 828 2450 853 ι
2480 804 2793 859 Neumann.

2652 920 2782 956 1o·.

2020 1006 2298 1062 Plutarch.
2346 1007 2549 1062 Erotio.
2591 1025 2651 1080 p.
2698 942 2848 1076 7¹60,
2882 1006 2925 1061 Ρ
2959 1023 2974 1059 :
3024 992 3193 1062 ’Ἧκεν
3232 1001 3498 1083 ἐπίκουρος

1943 1089 2059 1171 (sc.
2093 1090 2404 1168 Κλεόμαχος
2426 1093 2454 1148 ὁ
2483 1090 2825 1171 Φαρσάλιος)
2854 1091 3179 1150 Χαλκιδεῦσι
3204 1088 3388 1168 [μετὰ]
3408 1096 3498 1149 τοῦ

1941 1180 2295 1251 Θεσσαλικοῦ,
2327 1176 2558 1254 πολέμου
2578 1177 2704 1258 πρὸς
2730 1176 3016 1258 Ἐρετριεῖς
3033 1175 3353 1253 ἀκμάζοντος
3368 1199 3382 1213 ·
3408 1176 3499 1235 καὶ

306 1319 418 1377 ’‘P“
459 1291 653 1363 ἐκλήθη
696 1296 729 1361 ἦ
773 1293 951 1360 νῆσος,
996 1289 1136 1346 ἀλλὰ
1192 1291 1282 1346 καὶ
1310 1285 1560 1353 ’Agma-(4,
1610 1284 1760 1356 Φησὶ
1809 1284 1854 1343 δ’
1941 1263 2000 1323 τὸ
2023 1263 2117 1341 μὲν
2151 1265 2303 1333 πεζὸν
2333 1265 2500 1323 ἐδόκει
2529 1272 2632 1332 τοῖς
2672 1265 3022 1326 Χαλκιδεῦσιν
3059 1265 3348 1343 ἐρρῶσθαι,
3383 1262 3502 1330 τοὺς

302 1378 660 1460 Ἀρῑῦῖῦτίλης
696 1374 749 1444 ἐξ
789 1374 950 1441 Ἄδας
988 1378 1081 1444 τῆς
1125 1376 1376 1441 Φωκικῆς
1410 1374 1630 1453 Θρᾷκας
1677 1376 1851 1451 ὁρμη-

1942 1354 1988 1411 δ’
2008 1350 2201 1417 ἱππέας
2229 1350 2365 1429 μέγα
2389 1350 2538 1431 ἔργον
2555 1345 2620 1425 ἦν
2637 1352 2875 1412 ὤσασθαι
2891 1356 2996 1411 τῶν
3018 1351 3309 1428 πολεμίων·
3339 1374 3497 1430 παρτ·

304 1469 481 1533 θέντας
529 1468 805 1535 ἐποικῆσαι
861 1462 956 1533 τὴν
1007 1465 1187 1538 νῆσον,
1242 1459 1334 1519 καὶ
1389 1458 1710 1536 ἐπονομάσαι
1761 1457 1853 1519 Ἄ·
1942 1436 2138 1497 κάλω-Ν
2180 1437 2243 1509 δὴ
2282 1438 2370 1496 τὸν
2413 1439 2724 1518 Κλέόμαχθν
2766 1439 2928 1517 ἄνδρα
2962 1438 3205 1517 λαμπρὸν
3246 1437 3368 1497 ὄντα
3407 1437 3503 1509 τὴν

305 1556 501 1621 eavea<
542 1551 659 1619 τοὺς
709 1550 923 1629 ἔχοντας
950 1547 1139 1620 αὐτήν·
1174 1549 1222 1606 οἱ
1265 1545 1320 1605 δὲ
1351 1546 1455 1606 ἀπὸ
1482 1545 1650 1627 ἥρωός
1687 1568 1850 1627 φασι,

1942 1525 2116 1606 ψυχὴν
2136 1529 2182 1584 οἱ
2211 1525 2506 1605 σύμμαχοι,
2529 1529 2732 1606 πρῶτον
2757 1526 3042 1602 ἐμόάλλειν
3065 1527 3137 1593 εἰς
3153 1525 3269 1592 τοὺς
3287 1524 3502 1591 ἱππέας·

304 1642 541 1721 καθάπερ
566 1639 658 1697 καὶ
691 1634 929 1696 Εὔὸοιαν
957 1633 1061 1692 ἀπὸ
1097 1632 1342 1713 ἡρωίνης.
1383 1636 1494 1691 Res
1526 1645 1681 1689 nota.
1713 1635 1854 1691 Loci
1943 1612 2047 1720 δςδὲ
2073 1612 2315 1718 ἧρέπηῦῑ
2335 1612 2570 1693 παρόντα
2593 1612 2680 1672 τὸν
2704 1613 2979 1721 ἐρώμενον,
3009 1616 3053 1671 εἰ
3079 1613 3260 1721 μέλλρι
3291 1617 3504 1672 θεᾶσθαι

304 1732 483 1790 nostri
505 1728 757 1784 meminit
777 1725 1001 1782 Muller.
1026 1726 1176 1779 Min.
1193 1741 1255 1796 p.
1277 1720 1407 1781 386.
1434 1722 1693 1778 Ceterum
1718 1740 1857 1776 num
1944 1723 2030 1758 *Ὃν
2066 1702 2241 1776 symm
2259 1722 2273 1737 '
2304 1699 2562 1781 φήσαντος
2589 1699 2644 1759 δὲ
2671 1724 2761 1759 του
2802 1700 3072 1759 νεανίσκου
3091 1746 3108 1775 ,
3138 1723 3231 1759 και
3258 1698 3504 1781 φιλοφρό-

308 1821 432 1877 haec
473 1819 533 1873 in
568 1813 1010 1872 Chalcidensium
1028 1853 1044 1880 ,
1086 1821 1183 1866 aut
1225 1811 1284 1864 in
1350 1809 1490 1866 alius
1537 1808 1695 1863 urbis
1739 1810 1854 1863 Eu-

1948 1810 2048 1854 νως
2072 1788 2229 1846 αὐτὸν
2262 1788 2638 1865 ἀσπασαμένου
2667 1788 2839 1848 καὶτὸ
2871 1788 3056 1867 κράνος
3083 1788 3368 1863 ἕπιθέντος,
3390 1791 3507 1855 ἔπιε

309 1908 508 1964 boeicae
538 1901 852 1976 Republica
881 1898 1088 1954 dixerit
1116 1897 1461 1967 Aristoteles,
1484 1905 1580 1952 aut
1608 1913 1856 1951 seorsum
1944 1873 2227 1955 Ὺαυρωθῑὶ(
2248 1878 2277 1932 ⁶
2302 1874 2614 1954 Κλεόμαχος
2631 1876 2722 1934 καὶ
2755 1875 2871 1943 τοὺς
2900 1875 3139 1956 ἅρῖστθυς
3164 1879 3271 1935 τῶν
3296 1878 3507 1937 Θεσσα-

307 1992 655 2068 singularum
673 1988 903 2042 urbium
925 1986 1175 2058 Rebusp.
1197 1984 1529 2057 praemiserit
1544 2026 1562 2057 ,
1583 1984 1644 2037 in
1662 1982 1852 2038 medio

307 2074 765 2151 relinquendum.

1030 2166 1155 2221 106.

1794 2269 1828 2284 Ν

391 2276 593 2334 Strabo
614 2274 693 2345 Χ,
721 2291 782 2347 p.
816 2279 925 2343 447
960 2291 974 2326 :
1005 2270 1072 2328 At
1094 2260 1182 2327 οῦν
1217 2266 1391 2333 πόλεις
1432 2257 1587 2325 αὗται
1619 2267 1738 2344 (se.
1762 2290 1855 2338 της

313 2359 567 2438 Εὗὸοίας)
577 2356 918 2437 διαφερόντως
945 2355 1243 2427 αὐξηθεῖσαι
1267 2352 1358 2412 καὶ
1375 2352 1613 2421 ἀποικίας
1626 2352 1861 2412 ἔστειλαν

314 2446 614 2523 ἀξιολόγους
640 2446 710 2510 εἰς
734 2440 1085 2503 Μακεδονίαν.
1170 2439 1412 2521 Ἐρέτρια
1442 2438 1535 2517 μὲν
1559 2440 1659 2520 γὰρ
1687 2439 1863 2521 συνῴ-

314 2557 428 2594 κισε
457 2532 549 2598 τὰς
583 2530 702 2611 περὶ
738 2528 1025 2600 Παλλήνην
1061 2526 1153 2586 καὶ
1192 2527 1278 2586 τὸν
1322 2525 1460 2586 Ἄθω
1491 2526 1699 2594 πόλεις·
1731 2531 1765 2599 ἡ
1808 2526 1862 2587 δὲ

315 2620 519 2688 Χαλκὶς
546 2619 638 2686 τὰς
665 2615 763 2676 ὑπὸ
790 2614 1057 2695 Ὀλύνθῳ,
1083 2614 1144 2681 ἃς
1174 2613 1446 2682 Φίλιππος
1470 2613 1823 2692 διελυμήνατο
1845 2660 1861 2685 ,

317 2708 408 2768 καὶ
435 2713 526 2778 τῆς
550 2704 779 2771 Ἰταλίας
795 2727 852 2763 τε
879 2702 970 2761 καὶ
998 2701 1241 2769 Σικελίας
1269 2699 1438 2760 πολλὰ
1463 2723 1547 2782 χω
1584 2703 1636 2759 ία
1661 2704 1867 2761 Χαλκι-

318 2796 449 2854 δέων
483 2792 641 2853 ἐστίν.
723 2789 1058 2861 Ἐστάλησαν
1083 2786 1138 2847 δὲ
1160 2792 1215 2846 αῖ
1239 2787 1472 2847 ἀποικίαι
1510 2813 1542 2847 α
1609 2813 1683 2862 αι,
1703 2789 1869 2849 καθά-

319 2906 418 2962 περ
450 2880 652 2961 εἴρηκεν
688 2875 1078 2960 Ἀριστοτέλης,
1130 2875 1287 2946 ἡνίκα
1333 2879 1368 2947 ἡ
1410 2878 1512 2934 τῶν
1542 2875 1867 2935 Ἱπποὸοτῶν

319 2969 618 3048 καλουμένη
649 2966 921 3047 ἐπεκράτει
941 2962 1204 3024 πολιτεία·
1232 2964 1557 3045 προέστησαν
1587 2963 1687 3044 γὰρ
1711 2964 1870 3036 αὐτῆς

323 3059 430 3118 ἀπὸ
454 3054 766 3133 τιμημάτων
788 3053 969 3132 ἀνδρες
993 3053 1431 3132 ἀριστοκρατικῶς
1454 3051 1718 3131 ἄρχοντες.

401 3140 709 3204 Ἱπποὸόται
723 3137 995 3200 ἐκαλέοντο
1012 3140 1059 3197 οἱ
1076 3135 1272 3217 παχέες
1292 3141 1395 3196 τῶν
1410 3136 1736 3210 Χαλκιδέων,
1758 3142 1867 3196 He·

323 3234 516 3291 rodot.
545 3233 622 3301 V,
670 3249 773 3302 773
812 3225 1020 3306 πλούτῳ
1054 3224 1145 3283 καὶ
1173 3222 1293 3304 δόξῃ
1331 3222 1687 3306 διαφέροντες,
1730 3228 1870 3282 Plu-

325 3319 728 3380 tarch.Pericl.
762 3336 814 3372 c.
864 3315 961 3371 23.
994 3314 1077 3372 Cf.
1119 3314 1191 3370 fr.
1230 3333 1356 3388 ¹09·
1397 3316 1705 3369 Hermann.
1747 3317 1871 3370 An-

388 3483 618 3548 [Megaris
646 3496 710 3532 ex
743 3481 801 3531 iis
832 3480 916 3542 qui
953 3491 1049 3527 una
1078 3478 1140 3527 ab
1172 3476 1319 3527 exilio
1354 3479 1654 3527 reverterunt
1680 3490 1874 3540 unaque

326 3562 553 3612 adversus
569 3559 801 3622 populum
818 3557 1125 3607 decertarunt
1144 3555 1471 3617 (magistratus
1490 3555 1833 3614 constituunt).
1853 3555 1873 3619 ]

753 3671 1451 3753 (CHALCIDENSIIJM.)

1045 3815 1166 3868 105.

395 3912 577 3964 Euboea
601 3909 756 3961 insula
779 3921 881 3959 non
896 3907 1043 3957 modo
1061 3906 1234 3958 Macris
1254 3905 1607 3970 appellabatur,
1625 3905 1709 3955 sed
1731 3905 1876 3954 etiam

333 3990 548 4043 Abantis.
575 3989 851 4040 Aristoteles
865 3985 984 4037 dicit
1000 3999 1062 4036 ex
1081 3983 1184 4036 Aba
1198 3985 1405 4035 Phocica
1421 3985 1660 4048 profectos
1673 3984 1883 4034 Thraces

334 4073 658 4134 frequentasse
691 4067 894 4118 insulam
910 4103 925 4128 ,
951 4064 1078 4115 unde
1115 4064 1287 4115 incolae
1311 4062 1414 4126 eius
1448 4062 1656 4113 Abantes
1689 4074 1880 4112 nuncu-

334 4149 433 4212 pati
454 4148 566 4197 stnt.

1047 4225 1170 4276 106.

339 4320 358 4331 ⁶
398 4321 488 4370 11oe
518 4317 660 4367 urbes
698 4315 930 4378 maiorem
967 4313 1017 4363 in
1051 4312 1250 4363 modum
1283 4313 1441 4362 auctae
1485 4310 1700 4361 colonias
1737 4312 1884 4363 etiam

339 4398 543 4460 insignes
559 4396 608 4445 in
626 4394 953 4445 Macedoniam
973 4391 1223 4445 miserunt.
1250 4393 1373 4441 Nam
1396 4390 1584 4440 Eretria
1600 4388 1744 4439 urbes
1760 4389 1887 4438 cirea

339 4475 582 4526 Pallenam
599 4474 648 4522 et
671 4470 797 4522 Atho
814 4469 1053 4530 condidit;
1087 4467 1273 4517 Chalcis
1294 4466 1506 4530 Olyntho
1530 4465 1739 4529 vicinas,
1766 4478 1889 4528 quas

339 4551 587 4613 Philippus
611 4548 807 4598 delevit.
835 4546 963 4604 Quin
999 4548 1048 4596 et
1087 4546 1135 4594 in
1175 4543 1314 4594 ltalia
1347 4545 1396 4593 et
1431 4543 1482 4593 in
1518 4543 1678 4594 Sicilia
1715 4542 1884 4592 multae

340 4630 453 4679 sunt
473 4625 854 4678 chalcidensium
869 4623 1069 4673 eolontae
1081 4660 1095 4684 ,
1114 4634 1236 4685 quas
1253 4619 1482 4670 deductas
1495 4632 1596 4670 csse
1615 4619 1889 4670 Aristoteles

341 4707 485 4767 dicit,
507 4719 605 4769 quo
639 4707 855 4765 tempore
894 4699 1202 4763 Hippobotae,
1238 4699 1322 4761 qui
1348 4697 1651 4758 dicebantur,
1691 4708 1888 4759 rempu-

339 4784 516 4834 blicam
539 4782 766 4833 tenebant
785 4799 800 4830 ι
832 4778 884 4828 hi
902 4779 1031 4828 enim
1057 4776 1282 4826 Chalcide
1316 4789 1464 4826 censu
1497 4775 1610 4825 lecti
1642 4774 1888 4824 aristocra-

341 4863 436 4913 tice
452 4857 559 4911 ea'm
575 4857 986 4910 administrabant.

407 5034 656 5094 Flagrante
676 5031 797 5081 inter
822 5028 1157 5080 Chalcidenses
1173 5027 1222 5078 et
1247 5026 1545 5077 Eretrienses
1570 5025 1727 5086 bess0,
1747 5025 1885 5074 Chal-

347 5110 616 5161 cidendbns
636 5106 817 5158 auxilio
844 5109 1038 5157 venerat
1071 5118 1184 5156 cum
1214 5104 1548 5156 Thessalorum
1580 5102 1727 5165 copiis
1753 5101 1890 5152 Cleo-

347 5190 562 5239 machus.
602 5185 898 5238 videbantur
936 5186 1097 5237 autem
1138 5183 1475 5236 Chalcidenses
1517 5181 1735 5246 peditatu
1778 5181 1893 5230 satis

1945 1963 2052 2021 λῶν
2071 1960 2377 2040 συναγαγὼν
2385 1963 2504 2043 περὶ
2527 1963 2700 2035 αὑτὸν,
2716 1962 2934 2035 ἐξήλασε
2956 1966 3212 2045 λαμπρῶς
3231 1964 3322 2022 καὶ
3340 1986 3504 2043 προσ·

1947 2048 2101 2108 έπεσε
2128 2050 2234 2116 τοῖς
2256 2049 2553 2126 πολεμίοις,
2597 2048 2733 2110 ὥστε
2759 2051 3072 2133 συνταράξαι
3090 2053 3181 2112 καὶ
3221 2052 3509 2134 τρέψασθαι

1947 2138 2007 2195 τὸ
2047 2136 2261 2196 ἱππικόν
2278 2160 2292 2173 ·
2326 2139 2386 2195 ἐκ
2414 2136 2469 2195 δὲ
2504 2136 2687 2197 τούτου
2714 2138 2804 2197 καὶ
2828 2144 2931 2199 τῶν
2964 2141 3189 2215 ὁπλιτῶν
3225 2140 3511 2221 φυγόντων,

1950 2223 2195 2296 ἐνίκησαν
2227 2223 2365 2282 κατὰ
2396 2223 2585 2304 κράτος
2613 2228 2662 2284 οἱ
2689 2227 2967 2293 Χαλκιδεῖς
2983 2250 2996 2264 ·
3019 2226 3108 2285 τὸν
3132 2225 3309 2303 μέντοι
3340 2226 3510 2287 Κλεό·

1951 2334 2125 2391 μαχον
2144 2313 2421 2371 ἀποθανεῖν
2450 2312 2699 2391 συνέτυγε
2714 2335 2728 2350 ·
2746 2311 2909 2394 τάφον
2937 2314 2984 2372 δ’
3013 2316 3170 2373 αὐτοῦ
3190 2315 3509 2374 δεικνύουσιν

1952 2399 2006 2455 ἐν
2035 2397 2200 2479 ἀγορᾷ
2229 2399 2509 2466 Χαλκιδεῖς
2525 2443 2541 2471 ,
2563 2399 2640 2479 ἐφ’
2658 2379 2717 2458 οὗ
2742 2399 2898 2479 μέχρι
2918 2405 3006 2459 νῦν
3028 2403 3056 2457 δ
3075 2401 3236 2479 μέγας
3258 2401 3514 2483 ἐφέστηκε

1950 2485 2077 2544 κίων
2097 2505 2111 2519 ·
2140 2484 2232 2543 καὶ
2262 2484 2324 2544 τὸ
2350 2486 2718 2566 παιδεραστεῖν
2748 2487 2999 2568 πρότερον
3044 2489 3097 2546 ἐν
3134 2488 3282 2568 ψόγῳ
3308 2488 3510 2567 τιθέμε·

1953 2594 2057 2643 νοι,
2112 2572 2231 2631 τότε
2280 2575 2479 2649 μᾶλλον
2517 2572 2706 2654 ἑτέρων
2742 2573 3027 2651 ἠγάπησαν
3100 2575 3191 2634 καὶ
3236 2576 3510 2653 ἐτίμησαν.

1953 2658 2312 2739 Ἀριστοτέλης
2347 2658 2403 2718 δὲ
2428 2659 2516 2718 τὸν
2551 2660 2645 2737 μὲν
2687 2660 3001 2741 Κλεόμαχον
3035 2659 3208 2729 ἄλλως
3239 2662 3513 2721 ἀποθανεῖν

1959 2769 2115 2827 φησι,
2131 2747 2467 2826 κρατήσαντα
2487 2751 2589 2807 τῶν
2615 2747 2921 2829 Ἐρετριέων
2939 2753 3005 2828 τῇ
3027 2748 3175 2828 μάχῃ
3188 2768 3203 2783 ·
3224 2749 3313 2809 τὸν
3334 2750 3390 2809 δὲ
3408 2749 3511 2809 ὑπὸ

1958 2838 2048 2893 τοῦ
2078 2831 2336 2913 ἐρωμένου
2360 2832 2639 2914 φιληθέντα
2657 2878 2673 2906 ,
2702 2837 2803 2892 τῶν
2828 2833 2933 2893 ἀπὸ
2954 2833 3172 2916 Θράκης
3200 2835 3508 2896 Χαλκιδέων

1957 2910 2227 2991 γενέσθαι,
2255 2910 2557 2994 πεμφθέντα
2590 2920 2697 2981 τοῖς
2725 2914 2778 2972 ἐν
2802 2912 3003 2996 Εῦὸοίᾳ
3028 2895 3375 2976 Χαλκιδεῦσιν
3397 2913 3515 2974 ἐπί-

1958 3023 2139 3078 κουρον
2155 3023 2169 3037 ·
2194 3001 2306 3059 ὅθεν
2331 3000 2544 3082 ᾅδεσθαι
2563 3000 2710 3081 παρὰ
2736 3009 2841 3068 τοῖς
2867 3003 3238 3076 Χαλκιδεῦσιν,

2021 3122 2089 3171 Ὦ
2108 3123 2267 3180 παῖδες
2282 3159 2297 3183 ,
2317 3123 2361 3172 οἳ
2379 3123 2587 3189 χαρίτων
2606 3139 2657 3172 τε
2689 3124 2771 3173 καὶ
2799 3124 3013 3188 πατέρων
3035 3124 3197 3188 λάχετ’
3228 3125 3421 3185 ἐσθλῶν,

2022 3193 2088 3254 μὴ
2106 3192 2299 3254 φθονεῖθ’
2329 3193 2452 3256 ὥρας
2473 3194 2723 3255 ἀγαθοῖσιν
2743 3193 2930 3256 ὁμιλίαν
2945 3207 2958 3218 ·

2022 3262 2106 3310 σὺν
2123 3261 2212 3324 γὰρ
2231 3261 2414 3326 ἀνδρείᾳ
2444 3265 2525 3311 καὶ
2550 3264 2577 3311 ὀ
2599 3263 2853 3325 λυσιμελὴς
2888 3263 3039 3326 Ἔρως

2024 3331 2099 3379 ἐπὶ
2128 3333 2400 3381 Χαλκιδέων
2419 3332 2571 3382 θάλλει
2600 3332 2807 3382 πόλεσιν.

1968 3478 2154 3541 valere,
2183 3479 2268 3528 sed
2293 3480 2480 3541 equites
2513 3480 2723 3530 hostium
2754 3480 2931 3543 pellere
2957 3481 3114 3541 magni
3149 3483 3253 3529 erat
3287 3480 3519 3543 arduique

1969 3568 2045 3603 res
2062 3555 2237 3606 laboris
2266 3574 2279 3604 ε
2306 3556 2470 3620 itaque
2487 3557 2828 3606 Cleomachum
2850 3557 2965 3606 socii
2984 3556 3318 3617 hortabantur,
3345 3570 3523 3620 magno

1969 3631 2125 3681 virum
2153 3633 2342 3695 animo,
2368 3635 2427 3682 ut
2452 3633 2636 3696 primus
2655 3634 2923 3697 equitatum
2952 3634 3173 3684 hostilem
3190 3634 3454 3686 luvaderet.
3476 3640 3520 3687 Is

1968 3721 2031 3756 ex
2065 3709 2244 3759 amasio
2267 3709 2349 3772 qui
2372 3723 2468 3759 una
2494 3708 2659 3760 aderat
2681 3712 2930 3773 quaesivit,
2954 3712 3256 3774 spectatome
3287 3725 3388 3762 esse
3414 3726 3520 3762 cer·

1967 3785 2164 3835 taminis
2183 3785 2327 3836 vellet
2357 3804 2371 3836 e
2403 3799 2652 3850 quumque
2685 3787 2968 3839 attitulasset
2995 3787 3213 3850 juvenis,
3249 3788 3522 3851 blandeque

1969 3863 2276 3913 exosculatus
2302 3863 2487 3927 galeam
2505 3863 2550 3913 ei
2571 3864 2898 3927 imposuisset,
2923 3864 3049 3914 elato
3078 3865 3178 3927 iam
3195 3866 3356 3915 animo
3375 3866 3519 3916 Cleo·

1968 3940 2194 4003 machus,
2215 3940 2547 3990 Thessalorum
2567 3941 2760 4003 optimis
2776 3941 2839 3990 ad
2860 3955 2912 3991 se
2940 3941 3180 4004 collectis,
3217 3943 3440 3992 alacriter
3470 3943 3522 3993 in

1971 4017 2158 4067 hostem
2193 4016 2357 4079 irruit,
2386 4017 2528 4067 itaut
2548 4017 2816 4081 equitatum
2850 4031 3016 4068 eorum
3036 4019 3346 4068 conturbaret
3376 4021 3523 4082 atque

1970 4093 2210 4156 disjiceret
2231 4113 2243 4144 ι
2273 4094 2477 4157 rugaque
2499 4094 2670 4145 exinde
2700 4096 2844 4145 etiam
2862 4095 3020 4158 gravis
3039 4099 3294 4146 annaturae
3312 4097 3522 4147 militum

1972 4174 2127 4232 lacta,
2159 4172 2208 4220 vi
2232 4171 2568 4222 Chalcidenses
2597 4172 2844 4222 victoriam
2867 4172 3205 4234 obtinuerunt,
3234 4173 3522 4224 Cleomacho

1969 4252 2134 4300 tamen
2155 4249 2206 4298 in
2226 4262 2387 4313 pugna
2416 4249 2684 4300 interfecto.
2714 4251 2829 4314 Ejus
2850 4250 3161 4313 sepulchrum
3183 4251 3232 4300 in
3258 4251 3364 4301 toro
3386 4264 3525 4302 mon-

1970 4328 2126 4378 strant
2138 4327 2498 4392 Chalcidenses,
2516 4327 2595 4378 cui
2610 4329 2871 4377 etiamnum
2889 4341 3059 4391 magna
3078 4328 3253 4378 insistit
3271 4329 3520 4393 columna,

1970 4419 2223 4469 quumque
2264 4408 2407 4456 antea
2446 4405 2711 4456 masculum
2755 4418 2969 4456 amorem
3006 4406 3381 4470 vituperassent,
3412 4409 3522 4458 tum

1971 4483 2077 4532 aliis
2117 4483 2267 4546 magis
2302 4483 2512 4546 amplexi
2555 4486 2670 4533 sunt
2703 4485 2850 4546 atque
2884 4483 3259 4534 honoraverunt.
3303 4485 3525 4548 Alioquin

1973 4559 2251 4610 Aristoteles
2287 4559 2630 4612 Cleomachum
2666 4558 2858 4623 quidem
2896 4573 2998 4610 esse
3045 4563 3292 4610 mortuum
3330 4562 3523 4624 scribit,

1973 4650 2127 4700 quum
2154 4650 2313 4700 pugna
2329 4636 2522 4687 vicisset
2544 4637 2873 4687 Eretrienses:
2901 4650 3013 4685 eum
3031 4650 3147 4687 vero
3162 4672 3176 4695 ,
3204 4637 3284 4687 cui
3306 4639 3525 4688 osculum

1974 4716 2182 4766 amasius
2204 4713 2415 4776 dederit,
2448 4714 2591 4764 misse
2612 4713 2673 4764 de
2700 4713 3092 4764 Chalcidensibus
3108 4727 3137 4764 e
3158 4715 3359 4765 Thracia
3373 4754 3389 4779 ,
3417 4717 3527 4766 mis·

1974 4808 2084 4844 sum
2097 4795 2276 4843 auxilio
2295 4792 2689 4844 Chalcidensibus
2705 4793 3069 4857 Euboeensibus3
3088 4795 3253 4858 ltaque
3270 4794 3379 4845 cani
3396 4795 3526 4859 apud

1977 4869 2312 4922 Chalcidenses
2333 4888 2347 4918 z

2083 4978 2125 5023 Ο
2143 4978 2287 5034 gratia
2305 4977 2591 5035 patribusque
2607 4975 2802 5023 tot-tibus
2818 4977 2981 5035 quibus
3005 4977 3167 5035 obtigit
3192 4979 3358 5032 nitere,

2084 5051 2281 5093 vestrum
2299 5048 2441 5093 nolite
2459 5048 2590 5093 honis
2606 5059 2771 5103 negare
2789 5046 2945 5094 floran
2961 5064 2974 5093 ι

2082 5128 2186 5160 nam
2200 5127 2303 5161 cum
2322 5116 2489 5162 virtute
2504 5116 2635 5160 simul
2655 5117 2915 5171 Cythereius

2085 5186 2280 5232 celebrat
2293 5198 2404 5244 puer
2421 5185 2554 5232 urbes
2570 5186 2840 5233 Chalcidicas
