4016 5916
394 370 503 423 39⁴
1431 386 1437 392 ι
1581 349 1932 409 ΗΕΕΑΤᾹΞΙ
1979 350 2387 411 ABDEmTAE

385 494 494 558 πῶς
522 488 708 569 ἔχομεν
731 487 856 565 πρὸς
884 485 997 552 τοὺς
1025 482 1238 562 νόμους,
1262 481 1339 541 ὅτι
1366 481 1536 540 πάντα
1565 481 1788 560 πάσχειν
1815 479 1947 560 ὑπὲρ
2047 478 2224 560 χώρας
2249 479 2529 559 νέμονται,
2560 478 2741 559 φησίν·
2771 483 2803 550 ἡ
2826 476 2926 559 γὰρ
2952 478 3179 538 Ἰουδαία
3203 477 3430 550 τοσαύτη
3455 479 3612 538 πλοί-

384 583 474 635 τοῦ
506 558 584 652 μη
609 574 911 654 παραὸἧναι
936 571 1141 638 τούτους
1168 571 1584 650 προαιρούμεθα,
1626 569 1786 627 καλὸν
1816 561 1947 626 εἶναι
2045 592 2127 635 τος
2167 567 2326 625 ἐστίν.
2364 595 2387 618 ²»
2432 565 2586 626 Ἀλλὰ
2614 565 2717 643 μὴν
2745 565 2823 622 ὅτι
2867 566 2957 623 καὶ
3003 564 3094 637 τὴν
3142 565 3291 624 πόλιν
3334 567 3498 638 αὐτὴν
3533 569 3612 626 τὰ

387 665 696 741 νομίζοντες.
718 690 739 710 «
770 664 1079 740 Τοιγαροῦν,
1105 659 1247 739 φησὶ,
1268 658 1357 715 καὶ
1375 659 1546 722 κακῶς
1573 656 1841 724 ἀκούοντες
1855 655 1953 714 ὑπὸ
2045 655 2382 735 Ἱεροσόλυμα
2404 653 2689 724 καλλίστην
2709 675 2763 710 τε
2787 652 2876 711 καὶ
2899 652 3147 730 μεγίστην
3168 655 3224 711 ἐκ
3245 656 3609 714 παλαιοτάτου

388 755 494 810 τῶν
535 747 905 827 ἀστυγειτόνων
949 746 1039 805 καὶ
1081 748 1182 803 τῶν
1212 743 1681 825 εἷσαφικνουμένων
1716 743 1946 817 πάντων,
2045 747 2404 819 κατοικοῦμεν,
2437 740 2667 820 καὶπερὶ
2702 739 2931 811 πλήθους
2964 741 3180 821 ἀνδρῶν,
3220 741 3309 798 καὶ
3350 742 3473 823 περὶ
3511 747 3612 815 τῆς

387 838 477 898 καὶ
492 833 993 919 προπηλακιζόμενοι
1009 832 1262 900 πολλάκις
1281 831 1378 890 ὑπὸ
1394 835 1494 890 τῶν
1516 834 1787 911 Περσικῶν
1810 835 1955 911 βασι·
2047 836 2135 887 τοῦ
2167 829 2265 888 νεὼ
2306 832 2658 901 κατασκευῆς,
2685 826 2847 895 οὕτως
2887 826 3038 895 αὐτὸς
3073 829 3357 906 διηγεῖται·
3389 858 3412 883 ι
3436 829 3607 891 Ἐστι

391 926 521 984 λέων
549 924 638 983 καὶ
654 924 958 1002 σατραπῶν,
984 923 1040 979 οὗ
1063 921 1305 978 δύνανται
1326 923 1734 995 μεταπεισθῆναι
1764 923 1826 998 τῇ
1849 920 1955 975 δια·
2046 917 2146 998 γὰρ
2192 921 2293 975 τῶν
2335 914 2597 976 Ἰουδαίων
2652 916 2719 973 τὰ
2758 913 2849 992 μὲν
2892 915 3061 974 πολλὰ
3098 915 3418 998 ὀχυρώματα
3459 919 3608 978 κατὰ

2046 1004 2139 1074 τὴν
2172 1003 2351 1083 χώραν
2388 1003 2477 1062 καὶ
2518 1006 2720 1078 κῶμαι·
2763 1001 2858 1079 μία
2896 1001 2949 1061 δὲ
2990 1002 3139 1071 πόλις
3198 1005 3364 1084 ὀχυρὰ
3408 1008 3606 1078 πεντή·

2046 1115 2201 1150 κοντα
2249 1092 2477 1168 μάλιστα
2516 1089 2738 1149 σταδίων
2779 1090 2872 1161 τὴν
2919 1090 3247 1171 περίμετρον,
3291 1094 3356 1164 ἣν
3401 1096 3608 1155 οἰκοῦσι
3644 1137 3650 1141 »

2048 1182 2141 1255 μὲν
2192 1177 2471 1259 ἀνθρώπων
2517 1177 2636 1257 περὶ
2673 1176 2871 1236 δώδεκα
2915 1179 3178 1258 μυριάδες.
3271 1183 3506 1240 Καλοῦσι
3555 1185 3608 1242 δ’

2047 1264 2207 1337 αὐτὴν
2238 1265 2598 1346 Ἱεροσόλυμα.
2635 1264 2897 1325 Ἐνταῦθα
2927 1264 2971 1323 δ’
3000 1265 3116 1324 ἐστὶ
3144 1267 3279 1325 κατὰ
3302 1268 3457 1345 μέσον
3490 1271 3606 1345 μα’-

2047 1357 2196 1412 λιστα
2222 1359 2312 1425 τῆς
2335 1354 2531 1419 πόλεως
2573 1353 2841 1432 περίὸολος
2865 1351 3080 1426 λίθινος,
3111 1358 3274 1429 μ’ἧκος
3306 1358 3374 1422 ὣς
3402 1356 3603 1415 πεντά-

2047 1444 2290 1519 πλεθρος,
2330 1432 2472 1521 εἶρος
2498 1442 2550 1499 δὲ
2580 1445 2768 1520 πηχῶν
2796 1442 3007 1515 ἑκατὸν,
3037 1441 3172 1522 ἔχων
3202 1445 3386 1511 διπλᾶς
3408 1445 3604 1512 πόλας.

2047 1527 2137 1608 Ἐν
2160 1519 2202 1606 ᾧ
2232 1526 2403 1605 βωμός
2428 1529 2534 1585 ἐστι
2557 1528 2890 1606 τετράγωνος,
2918 1531 3011 1587 οὐκ
3040 1532 3099 1588 ἐκ
3122 1535 3357 1608 τμητῶν,
3391 1534 3507 1590 ἀλλ’
3542 1536 3608 1592 ἐκ

2048 1613 2337 1671 συλλέκτων
2369 1615 2540 1692 ἀργῶν
2585 1614 2741 1672 λίθων
2787 1612 2922 1673 οὕτω
2970 1619 3324 1695 συγκείμενος·
3368 1621 3603 1699 πλευρὰν

2049 1699 2142 1776 μὲν
2182 1701 2404 1774 ἑκάστην
2448 1700 2610 1760 εἴκοσι
2648 1705 2853 1782 πηχῶν,
2894 1702 3020 1785 ὕψος
3066 1703 3120 1763 δὲ
3164 1706 3454 1785 δεκάπηχυ.
3492 1708 3606 1768 Καὶ

2048 1788 2171 1866 παρ’
2196 1789 2350 1846 αὐτὸν
2383 1788 2578 1866 οἴκημα
2613 1788 2776 1866 μέγα,
2813 1783 2873 1848 οὗ
2915 1790 3089 1869 βωμός
3124 1794 3343 1852 ἐστικαὶ
3370 1795 3604 1874 λυχνίον,

390 1014 524 1093 νοία,
558 1011 691 1069 ἀλλὰ
714 1007 1123 1089 γεγυμνωμένως
1146 1005 1263 1088 περὶ
1296 1005 1490 1065 τούτων
1524 1007 1612 1063 καὶ
1646 1005 1836 1072 αἰκίαις
1866 1005 1954 1063 καὶ

384 1102 621 1165 θανάτοις
645 1099 950 1162 δεινοτάτοις
981 1097 1210 1171 μάλιστα
1233 1093 1441 1152 πάντων
1467 1095 1736 1151 ἀπαντῶσι
1762 1091 1835 1167 μὴ
1860 1095 1954 1171 ἀρ-

386 1188 620 1260 νούμενοι
640 1184 705 1242 τὰ
732 1186 971 1264 πατρῷα.
999 1211 1022 1234 ν
1055 1180 1354 1262 Παρέχεται
1378 1180 1431 1239 δὲ
1460 1179 1551 1238 καὶ
1576 1179 1831 1258 τεκμήρια
1856 1183 1947 1249 τῆς

388 1271 903 1354 ἷσχυρογνωμοσύνης
926 1275 1018 1341 τῆς
1041 1268 1157 1349 περὶ
1186 1272 1287 1326 τῶν
1313 1266 1486 1342 νόμων
1510 1269 1601 1325 οὐκ
1617 1266 1785 1341 ὀλίγα.
1804 1266 1953 1337 Φησὶ

387 1360 511 1439 γὰρ,
529 1388 551 1410 «
574 1356 906 1435 Ἀλεξάνδρου
922 1355 1046 1413 ποτὲ
1063 1357 1114 1412 ἐν
1137 1353 1411 1413 Βαὸυλῶνι
1426 1352 1700 1431 γενομένου
1711 1352 1799 1410 καὶ
1810 1375 1953 1433 προε-

386 1445 607 1523 λομένου
632 1443 691 1504 τὸ
713 1450 801 1503 τοῦ
826 1444 999 1515 Βήλου
1018 1442 1290 1507 πεπτωκὸς
1321 1441 1456 1519 ἱερὸν
1488 1442 1841 1517 ἀνακαθᾶραι,
1864 1439 1953 1496 καὶ

396 1544 557 1592 πᾶσιν
591 1535 749 1591 αὐτοῦ
786 1535 889 1599 τοῖς
919 1530 1256 1609 στρατιώταις
1292 1529 1477 1603 ὁμοίως
1505 1526 1672 1607 φέρειν
1709 1527 1795 1585 τὸν
1827 1533 1953 1605 χοῦν

386 1619 788 1700 προστάξαντος,
806 1617 987 1694 μόνους
1006 1615 1123 1683 τοὺς
1141 1615 1417 1681 Ἰουδαίους
1432 1616 1490 1673 οὗ
1504 1615 1800 1694 προσσχεῖν,
1821 1613 1955 1671 ἀλλὰ

391 1709 481 1768 καὶ
507 1706 703 1774 πολλὰς
722 1710 1001 1783 ὑπομεῖναι
1024 1703 1229 1782 πληγὰς
1252 1702 1342 1760 καὶ
1366 1702 1555 1779 ζημίας
1583 1705 1831 1760 ἀποτῖσαι
1861 1725 1955 1775 με·

393 1796 589 1872 γάλας,
616 1792 709 1861 ἕως
738 1796 909 1859 αὐτοῖς
943 1791 1225 1870 συγγνόντα
1267 1789 1350 1847 τὸν
1399 1788 1619 1868 βασιλέα
1659 1789 1831 1846 δοῦναι
1861 1788 1954 1858 τὴν

392 1885 587 1941 ἄδειαν.
613 1884 674 1914 '‘¹'‘
692 1909 715 1933 α
733 1884 854 1942 Τῶν
871 1904 927 1958 γε
949 1881 1053 1957 μὴν
1068 1882 1136 1946 εἷς
1151 1877 1244 1949 τὴν
1260 1875 1460 1957 χώραν,
1476 1875 1620 1955 φησὶ,
1635 1875 1761 1955 πρὸς
1779 1875 1956 1943 αὐτοὺς
2049 1876 2312 1956 ἀμφότερα
2335 1886 2531 1956 χρυσᾶ,
2559 1877 2648 1935 δύο
2677 1877 2904 1935 τάλαντα
2935 1878 3029 1950 τὴν
3053 1880 3234 1950 ὁλκήν.
3320 1881 3447 1941 Ἐπὶ
3474 1883 3603 1941 τού-

385 1967 775 2048 οἷφικνουμένων
802 1968 892 2025 καὶ
922 1965 1047 2033 νεὼς
1072 1965 1161 2024 καὶ
1197 1964 1401 2043 βωμοὺς
1426 1962 1953 2035 κατασκευασάντων,
2047 1987 2148 2022 των
2177 1966 2284 2045 φῶς
2319 1966 2456 2022 ἐστιν
2487 1965 2875 2023 ἀναπόσὸεστον
2918 1966 3008 2023 καὶ
3047 1965 3139 2033 τὰς
3175 1966 3359 2036 νύκτας
3389 1970 3477 2027 καὶ
3508 1971 3606 2038 τὰς

392 2057 602 2116 ἅπαντα
628 2062 793 2115 ταῦτα
817 2055 1198 2129 κατέσκαπτον,
1232 2053 1320 2112 καὶ
1347 2056 1451 2111 τῶν
1482 2049 1586 2129 μὲν
1618 2050 1807 2128 ζημίαν
1845 2048 1954 2119 τοῖς
2050 2051 2268 2130 ἡμέρας.
2350 2049 2595 2129 Ἀγαλμα
2622 2051 2676 2110 δὲ
2699 2054 2792 2111 οὔκ
2819 2052 2955 2111 ἔστιν
2983 2054 3099 2111 οὐδὲ
3129 2054 3372 2129 ἀνάθημα
3400 2058 3458 2116 τὸ
3485 2082 3602 2115 πα-

388 2143 681 2221 σατράπαις
705 2143 936 2216 ἐξέτινον,
961 2143 1079 2222 περὶ
1103 2144 1251 2199 τινῶν
1278 2139 1330 2199 δὲ
1354 2140 1444 2199 καὶ
1469 2138 1779 2218 συγγνώμης
1804 2162 1957 2216 μετε-
2052 2139 2221 2219 ράπαν
2242 2163 2255 2176 ·
2301 2138 2417 2199 οὐδὲ
2467 2138 2698 2218 φύτευμα
2733 2142 2999 2207 παντελῶς
3035 2141 3200 2215 οὐδὲν,
3238 2134 3342 2201 οἷον
3373 2146 3604 2211 ἀλσῶδες

397 2230 687 2308 λάμὸανον.
729 2260 754 2284 ιι
782 2231 887 2292 Καὶ
929 2229 1353 2310 προσεπιτίθησιν
1383 2228 1461 2286 ὅτι
1498 2228 1695 2285 δίκαιον
1728 2228 1812 2285 ἐπὶ
1839 2225 1959 2284 τού·
2046 2226 2081 2300 ἤ
2111 2251 2159 2287 τι
2187 2232 2433 2287 τοιοῦτον.
2514 2227 2849 2308 Διατρίὸουσι
2874 2230 2918 2288 δ’
2940 2232 2990 2289 ἐν
3021 2231 3161 2311 αὐτῷ
3188 2229 3391 2297 καὶτὰς
3412 2232 3603 2302 νύκτας

390 2340 498 2384 τοις
517 2318 698 2386 αὐτούς
715 2322 821 2377 ἐστι
837 2316 1302 2396 θαυμάζειν.Λέγει
1322 2317 1375 2375 δὲ
1392 2316 1481 2375 καὶ
1498 2314 1614 2395 περὶ
1630 2320 1718 2374 τοῦ
1733 2315 1955 2373 πολυαν·
2046 2315 2137 2373 καὶ
2166 2311 2257 2382 τὰς
2291 2315 2489 2395 ἡμέρας
2527 2317 2706 2397 ἱερεῖς,
2747 2315 2952 2395 ἁγνείας
2977 2317 3118 2384 τινὰς
3146 2317 3443 2395 ἁγνεύοντες
3462 2364 3479 2396 ,
3509 2322 3603 2380 καὶ

393 2405 726 2484 θρωπότατον
764 2405 1028 2484 γεγονέναι
1058 2408 1205 2481 ἡμῶν
1249 2402 1308 2462 τὸ
1349 2403 1516 2469 ἔθνος·
1550 2432 1571 2456 κ
1621 2402 1831 2468 Πολλὰς
1863 2400 1956 2477 μὲν
2045 2404 2104 2460 τὸ
2144 2403 2395 2483 παράπαν
2423 2395 2641 2462 οἷνον“·οὗ
2685 2404 2913 2471 πίνοντες
2946 2407 2998 2462 ἐν
3041 2408 3113 2485 τῷ
3137 2408 3280 2486 ἱερῷ.
3317 2433 3343 2457 ι
3389 2407 3514 2466 Ἔτι
3541 2433 3602 2484 γε

392 2493 498 2571 γὰρ
526 2497 695 2569 ἡμῶν,
725 2492 1296 2573 φησὶν,·ἀνασπάστους
1324 2493 1394 2556 εἷς
1424 2490 1716 2549 Βαῧυλῶνα
1752 2491 1953 2569 Πέρσαι
2048 2488 2152 2567 μὴν
2180 2490 2260 2549 ὅτι
2289 2490 2378 2548 καὶ
2413 2490 2729 2570 Ἀλεξάνδρῳ
2768 2493 2843 2572 τῷ
2887 2492 3091 2570 βασιλεῖ
3130 2494 3601 2572 συνεστρατεύομεν

396 2580 642 2658 πρότερον
672 2583 840 2638 αὐτῶν
866 2578 1111 2651 ἐποίησαν
1144 2577 1427 2657 μυριάδας,
1459 2580 1552 2636 οὐκ
1578 2578 1750 2655 ὀλίγαι
1774 2575 1826 2635 δὲ
1856 2571 1946 2636 καὶ
2045 2578 2136 2635 καὶ
2166 2578 2297 2653 μετὰ
2324 2583 2489 2636 ταῦτα
2533 2586 2637 2645 τοῖς
2680 2580 2937 2658 διαδόχοις
2980 2582 3135 2637 αὐτοῦ
3171 2580 3599 2660 μεμαρτύρηκεν·

401 2667 534 2741 μετὰ
558 2668 644 2726 τὸν
670 2668 1000 2748 Ἀλεξάνδρου
1029 2665 1250 2724 θάνατον
1279 2669 1349 2733 εἷς
1375 2665 1637 2744 Αἴγυπτον
1661 2666 1750 2724 καὶ
1772 2664 1954 2726 Φοινί·
2044 2657 2116 2731 οἷς
2145 2667 2188 2722 δ’
2223 2665 2370 2731 αὐτὸς
2398 2672 2715 2744 παρατυχεῖν
2737 2666 2821 2723 ὑπ’
2853 2666 3032 2745 ἀνδρὸς
3057 2665 3304 2726 Ἰουδαίου
3331 2671 3464 2726 κατὰ
3504 2671 3600 2739 τὴν

399 2778 495 2825 κην
538 2754 882 2832 μετέστησαν,
925 2753 1011 2811 διὰ
1050 2753 1145 2824 τὴν
1188 2755 1240 2810 ἐν
1282 2752 1446 2833 Συρία
1493 2752 1695 2811 στάσιν.
1732 2781 1755 2804 ι·
1802 2753 1869 2811 Ὁ
1900 2752 1952 2810 δὲ
2048 2753 2321 2832 στρατείαν
2342 2752 2657 2828 γενομένοις,
2683 2759 2830 2812 τοῦτο
2851 2754 3243 2835 παραθήσομαι.
3267 2755 3419 2832 Λέγει
3441 2757 3598 2814 δὀὔ-

398 2841 552 2906 αὖτὸς
571 2834 711 2906 οὗτος
736 2840 865 2919 ἀνὴρ
894 2838 1063 2898 καὶτὸ
1088 2840 1302 2917 μέγεθος
1331 2844 1422 2910 τῆς
1443 2839 1647 2918 χώρας,
1675 2839 1739 2911 ἢν
1775 2863 1949 2898 κατοι·
2043 2864 2168 2905 τως·
2206 2866 2226 2892 ι
2259 2838 2425 2914 Ἑμοῦ
2455 2844 2575 2915 γοῦν
2605 2839 2690 2898 ἐπὶ
2717 2840 2810 2911 τὴν
2842 2841 3099 2923 Ἐρυθρὰν
3141 2842 3408 2901 θάλασσαν
3447 2845 3590 2922 paet-

400 2934 611 3001 κοῦμεν,
636 2927 726 2986 καὶ
752 2927 810 2986 τὸ
834 2924 1022 2995 κάλλος
1044 2926 1305 3007 ἱστόρηκε.
1339 2953 1361 2980 α
1385 2926 1699 3006 Τριακοσίας
1723 2925 1823 3007 γὰρ
1854 2952 1951 3002 μυ·
2044 2931 2212 2995 ζοντος
2257 2925 2617 2997 συνηκολούθει
2646 2951 2721 2995 τις
2765 2927 2897 3006 μετὰ
2926 2933 3024 2988 τῶν
3072 2929 3245 2990 ἄλλων
3292 2935 3393 2991 τῶν
3421 2956 3597 3011 παρα-

405 3014 583 3093 ριάδας
612 3010 842 3092 ἅρουρῶν
865 3014 1047 3092 σχεδὸν
1072 3019 1162 3085 τῆς
1186 3014 1396 3094 ἀρίστης
1423 3014 1511 3071 καὶ
1531 3016 1951 3093 παμφορωτάτης
2041 3014 2352 3092 πεμπόντων
2368 3020 2505 3092 ἡμᾶς
2521 3014 2722 3075 ἱππέων
2738 3016 3024 3091 Ἰουδαίων,
3041 3020 3202 3096 ὄνομα
3224 3022 3597 3097 Μοσόλλαμος,

399 3196 626 3259 quodque
643 3198 804 3247 omnia
822 3198 919 3259 pati
939 3198 1186 3258 malimus,
1207 3211 1351 3259 quam
1367 3201 1530 3247 contra
1546 3198 1842 3257 mesfacere,
1865 3200 1953 3247 lioc
1995 3226 2003 3271 «¹
2043 3204 2240 3251 centena
2269 3202 2416 3251 millia
2434 3215 2684 3252 arurarum
2704 3204 2920 3254 habitant
2942 3206 3109 3267 optimi
3134 3206 3230 3257 sere
3251 3210 3300 3256 et
3326 3207 3596 3256 feracissimi

400 3274 654 3335 pulchrum
692 3289 793 3324 esse
830 3289 1109 3336 persuasum
1146 3276 1386 3324 habentes.
1474 3295 1497 3317 α
1537 3279 1723 3338 Quare,
1766 3277 1951 3340 inquit,
1997 3308 2002 3369 Ι
2043 3285 2148 3334 soli.
2213 3282 2382 3333 Judoea
2411 3292 2620 3343 namque
2648 3281 2791 3342 liujus
2808 3285 2878 3331 est
2901 3280 3242 3344 amplitudinis.
3265 3302 3290 3327 n
3339 3288 3440 3333 lmo
3467 3285 3600 3346 quod

403 3354 680 3413 quanquam
696 3354 743 3400 et
760 3352 1023 3402 maledictis
1050 3352 1213 3415 impeti
1240 3352 1615 3403 solentavicinis
1629 3352 1953 3417 advenisque,
1997 3374 2002 3439 Ι
2043 3366 2091 3410 et
2135 3361 2332 3422 urbem,
2375 3359 2726 3421 uierosotyma,
2762 3359 3129 3421 pulcherrimam
3162 3363 3210 3410 et
3242 3360 3500 3410 maximam
3535 3377 3602 3411 ex

400 3430 447 3476 et
471 3427 694 3489 injuriose
713 3442 839 3490 saepe
858 3429 1045 3478 tractati
1064 3432 1176 3479 sunt
1193 3444 1221 3478 a
1244 3429 1438 3480 Persicis
1452 3430 1639 3493 regibus
1657 3433 1706 3481 et
1723 3432 1921 3494 satrapis
1938 3469 1952 3493 ‚
2045 3438 2210 3487 multis
2232 3441 2358 3486 retro
2381 3436 2554 3485 seculis
2578 3436 2827 3484 incolimus
2843 3474 2858 3497 ,
2886 3440 2933 3486 et
2951 3436 3010 3485 de
3033 3438 3246 3488 virorum
3260 3438 3598 3500 multitudine,

400 3518 493 3553 non
550 3510 747 3567 possunt
802 3519 830 3554 a
870 3507 1103 3556 sententia
1151 3505 1352 3568 deduci,
1392 3508 1472 3556 sed
1515 3522 1601 3571 pro
1646 3523 1701 3558 ea
1746 3511 1954 3561 maxime
2042 3517 2091 3565 et
2113 3516 2172 3565 de
2191 3514 2352 3577 templi
2368 3512 2859 3573 exstructione,i‹lem
2884 3514 2980 3575 ipse
2999 3515 3065 3563 sic
3085 3515 3449 3566 resertzaSunt
3468 3520 3599 3566 enim

400 3583 619 3631 omnium
650 3584 757 3633 l‘orti
777 3573 937 3632 animo
969 3598 1113 3633 omne
1142 3598 1292 3647 genus
1319 3587 1558 3636 cruciatus
1578 3588 1955 3652 saevissimasque
2041 3592 2321 3642 Judaeorum
2362 3591 2556 3639 castella
2596 3591 2747 3638 multa
2780 3593 2828 3639 et
2863 3592 2957 3640 vici
2993 3605 3078 3654 per
3123 3593 3358 3653 regionem
3390 3595 3537 3655 sparsi
3577 3613 3592 3643 z

402 3664 579 3710 mortes
615 3661 850 3720 subeunt,
884 3676 972 3711 nec
1012 3662 1185 3712 adduci
1216 3667 1413 3725 possunt
1451 3668 1505 3714 ut
1545 3668 1699 3727 patria
1736 3667 1953 3717 instituta
2044 3683 2141 3719 una
2158 3672 2321 3718 autem
2352 3668 2465 3717 urbs
2487 3667 2698 3729 munita;
2728 3668 2910 3717 ambitu
2941 3668 3089 3718 ferme
3114 3670 3456 3732 quinquaginta
3486 3675 3592 3719 sta·

400 3738 636 3787 abdicent.
673 3757 698 3781 ¹·
766 3739 892 3795 Quin
927 3742 975 3788 et
1007 3740 1179 3789 indicia
1212 3741 1426 3802 perhibet
1459 3756 1555 3791 non
1591 3744 1763 3805 exigua
1799 3744 1945 3794 animi
2041 3747 2259 3806 diorum,
2298 3758 2443 3808 quam
2479 3744 2696 3799 incolunt
2730 3745 2925 3807 quidem
2962 3746 3210 3794 hominum
3240 3746 3424 3794 circiter
3462 3759 3585 3796 cen·

400 3828 565 3863 eorum
590 3815 816 3877 propositi
840 3815 1019 3865 tenacis
1036 3819 1085 3865 et
1107 3816 1250 3866 validi
1271 3817 1396 3866 circa
1416 3818 1565 3881 legem
1586 3820 1951 3871 observandam.
2042 3826 2147 3873 tum
2187 3826 2235 3872 et
2266 3822 2431 3886 viginti
2463 3821 2631 3873 millia.
2697 3826 2842 3872 istam
2883 3836 2996 3872 vero
3036 3822 3347 3883 Hierosolyma
3385 3826 3584 3872 vocant.

403 3892 527 3940 Dicit
555 3892 710 3951 enim,
740 3904 891 3954 quum
928 3892 1185 3954 aliquando
1210 3894 1337 3957 apud
1366 3896 1656 3958 Babylonem
1684 3899 1806 3947 esset
1842 3898 1952 3948 Ale·
2046 3904 2146 3952 illic
2173 3903 2338 3951 autem
2370 3902 2420 3950 in
2450 3900 2717 3950 meditullio
2753 3902 2934 3951 scilicet
2977 3901 3108 3951 urbis
3140 3903 3316 3962 septum
3354 3902 3424 3948 est
3455 3901 3582 3963 lapi·

403 3969 599 4029 xander,
638 3970 686 4034 et
718 3968 862 4017 vellet
887 3969 926 4017 is
958 3970 1054 4018 Beli
1088 3971 1318 4032 templum
1344 3971 1474 4033 quod
1506 3974 1777 4023 conciderat
1812 3989 1953 4038 repo-
2042 3980 2216 4043 deum,
2267 3980 2482 4043 quinque
2523 3980 2621 4030 sere
2662 3980 2881 4043 jugerum
2928 3980 3253 4044 longitudinis,
3303 3979 3570 4030 latitudinis

401 4056 513 4093 nere
530 4081 543 4104 ‚
569 4048 619 4094 et
637 4043 861 4094 omnibus
887 4046 1117 4095 militibus
1142 4049 1438 4110 praecepisset
1469 4051 1668 4099 humum
1703 4064 1951 4114 aggerere,
2043 4058 2316 4107 cubitorum
2347 4060 2569 4117 centum,
2591 4061 2750 4120 portas
2779 4058 2958 4107 liabens
2987 4057 3206 4120 geminas.
3239 4054 3413 4106 ibidem
3437 4057 3596 4108 altare

400 4122 525 4169 solos
564 4121 760 4170 Judaeos
796 4135 891 4171 non
918 4122 1200 4184 opitulum,
1244 4125 1342 4175 imo
1375 4128 1424 4175 et
1450 4128 1648 4177 verbera
1673 4130 1720 4177 et
1748 4129 1953 4179 mulctas
2042 4136 2359 4198 quadratum,
2387 4150 2444 4185 ex
2473 4135 2801 4197 impolitorum
2829 4140 2876 4184 et
2896 4136 3087 4185 rudium
3111 4136 3317 4199 lapidum
3337 4150 3594 4201 coagmen·

400 4209 567 4257 graves
601 4198 875 4261 pertulisse,
918 4198 1071 4249 donec
1105 4213 1190 4248 rex
1236 4201 1304 4250 eis
1346 4201 1590 4265 ignoscens
1632 4205 1810 4255 laboris
1846 4206 1955 4255 talis
2043 4216 2222 4264 tatione
2263 4214 2550 4275 contlatum3
2588 4216 2725 4275 cujus
2771 4214 2918 4263 latera
2965 4215 3152 4276 singula
3192 4214 3353 4277 viginti
3394 4217 3595 4266 cubito·

398 4275 598 4334 gratiam
619 4276 740 4325 secit-
768 4276 793 4302 ⁴¹
812 4278 838 4302 *
862 4295 884 4319 “
916 4279 1177 4341 Qulqlmm
1199 4280 1246 4328 ln
1267 4282 1504 4342 regionem
1524 4321 1538 4344 ‚
1561 4284 1818 4347 iuquit,ad
1844 4299 1955 4334 suos
2043 4306 2149 4341 rum
2185 4297 2325 4352 sunt,
2361 4291 2563 4340 altitudo
2601 4305 2712 4340 vero
2748 4292 2931 4341 decem.
2997 4296 3057 4341 lit
3089 4293 3382 4357 praeterdioc
3415 4295 3592 4355 altare,

404 4355 574 4402 reversi
614 4355 834 4415 fuissent,
870 4358 919 4404 et
959 4358 1136 4420 templa
1164 4361 1211 4408 et
1252 4360 1420 4409 altaria
1456 4363 1828 4424 exstruxissent,
1862 4366 1950 4413 ista
2041 4369 2204 4431 ingens
2239 4368 2598 4417 tabernaculum
2627 4371 2726 4433 est,
2757 4382 2854 4431 quo
2882 4371 2928 4417 et
2960 4381 3042 4417 ara
3078 4372 3127 4418 et
3153 4369 3448 4431 lychnuclius
3476 4385 3596 4420 con·

400 4431 561 4478 omnia
596 4430 848 4481 diruerunt
881 4451 894 4481 :
934 4436 983 4482 et
1022 4447 1108 4497 pro
1140 4435 1245 4485 aliis
1269 4436 1465 4498 quidem
1491 4440 1724 4488 mulctam
1752 4442 1953 4503 satrapis
2041 4445 2271 4507 tinentur,
2313 4448 2574 4507 utrumque
2612 4458 2840 4507 aureum,
2874 4444 3060 4506 pondus
3089 4445 3381 4495 talentorum
3425 4447 3592 4498 duum.

400 4506 671 4569 exsolvere,
709 4521 796 4570 pro
837 4510 941 4559 aliis
974 4519 1088 4560 vero
1124 4511 1312 4561 veniam
1347 4516 1626 4577 consequuti
1662 4518 1790 4565 sunt.
1826 4535 1850 4559 υ
1895 4522 1955 4567 Et
2045 4523 2127 4572 His
2146 4524 2416 4585 impositum
2438 4527 2508 4571 est
2535 4524 2696 4573 lumen
2716 4524 3085 4583 inexstinctum,
3108 4524 3242 4586 quod
3270 4525 3371 4575 diez
3406 4531 3597 4576 noctes·

402 4586 627 4643 praeterea
663 4585 825 4647 adjicit
856 4586 986 4649 quod
1026 4589 1198 4638 merito
1229 4589 1291 4638 ob
1323 4590 1425 4640 limo
1461 4592 1824 4642 admirationem
1866 4595 1953 4645 ha-
2043 4614 2136 4661 que
2172 4601 2469 4649 continenter
2507 4600 2658 4650 ardet.
2724 4600 2920 4650 Nullum
2952 4599 3016 4649 ibi
3057 4600 3400 4664 simulacrum,
3441 4604 3592 4654 dona-

403 4661 530 4711 bent.
602 4665 756 4725 Atque
791 4664 980 4728 insuper
1020 4672 1253 4717 memorat
1297 4673 1483 4730 gentem
1529 4674 1741 4721 nostram
1778 4676 1954 4736 populo
2042 4680 2167 4727 rium
2187 4679 2382 4728 omnino
2408 4679 2624 4742 nullum,
2653 4680 2868 4742 adeoque
2900 4692 2988 4728 nec
3009 4678 3170 4740 planta
3197 4694 3289 4730 nec
3318 4681 3483 4744 lncuS,
3508 4697 3598 4733 nec

405 4740 612 4788 maxime
642 4740 910 4792 abundasse
947 4760 963 4793 .·
995 4763 1018 4788 a
1058 4748 1174 4794 Nam
1210 4748 1385 4797 multas
1420 4752 1725 4811 nostrorum,
1764 4751 1951 4814 inquit,
2040 4756 2172 4804 atiud
2189 4756 2447 4818 quicquam
2466 4756 2717 4818 ejusmodi.
2784 4757 3061 4806 Sacerdotes
3082 4755 3128 4804 in
3148 4761 3398 4819 eo,noctu
3419 4761 3596 4821 pariter

400 4815 638 4875 myriadas
672 4831 699 4865 e
727 4818 917 4868 sedibus
937 4821 1033 4869 suis
1063 4822 1269 4884 primum
1293 4823 1595 4874 abduxerunt
1624 4830 1779 4876 Persae
1809 4847 1821 4876 ε
1858 4841 1952 4878 non
2041 4834 2184 4894 atque
2198 4833 2400 4882 interdiu
2416 4832 2776 4893 assidui,certis
2796 4832 3077 4897 quibusdam
3102 4833 3458 4895 expiationibus
3478 4837 3598 4887 daut
3621 4845 3643 4861 ·

402 4904 567 4952 paucae
602 4895 763 4942 autem
795 4896 940 4945 etiam
970 4902 1075 4958 post
1109 4898 1295 4948 obitum
1326 4901 1580 4952 Alexandri
1623 4904 1670 4952 in
1695 4907 1952 4966 AEgsptum
2039 4923 2261 4971 operam,
2287 4924 2410 4973 quos
2450 4911 2500 4960 in
2528 4912 2705 4973 templo
2748 4912 2910 4960 uinum
2933 4911 3128 4959 omnino
3157 4913 3350 4972 gustare
3390 4915 3540 4963 nefas.
3568 4935 3594 4958 n

400 4972 450 5016 et
502 4970 756 5020 Plioenicen
806 4973 1101 5036 migrarunt,
1149 4981 1343 5040 propter
1385 4980 1665 5030 seditionem
1716 4982 1764 5030 in
1818 4984 1953 5044 Syria
2040 4984 2132 5032 Sed
2159 4991 2388 5048 praeterea
2424 4988 2557 5037 testis
2591 4992 2662 5037 est
2690 4988 2916 5037 militasse
2944 5001 3032 5037 nos
3063 5002 3173 5037 cum
3209 4990 3511 5051 Alexandro,
3549 4995 3598 5041 et

404 5044 595 5094 factam.
623 5065 646 5087 υ
715 5048 801 5096 Hic
830 5048 954 5098 idem
987 5052 1062 5100 vir
1084 5055 1131 5101 et
1169 5055 1541 5115 magnitudinem
1579 5058 1779 5119 regionis
1805 5071 1951 5119 quam
2040 5065 2203 5123 postea
2247 5064 2350 5126 ejus
2387 5080 2496 5115 cum
2542 5066 2906 5117 successoribus.
2969 5066 3230 5128 subjiciam
3268 5068 3380 5129 illa,
3421 5068 3600 5131 quibus

403 5122 653 5173 incolimus
675 5128 723 5175 et
745 5128 1145 5189 pulchritudinem
1170 5133 1391 5194 prodidit.
1416 5152 1439 5175 α
1470 5135 1537 5184 Ad
1561 5136 1716 5186 tricies
1732 5173 1746 5198 ‚
1768 5136 1949 5199 influit,
2041 5140 2138 5201 ipse
2161 5154 2210 5189 se
2235 5141 2499 5192 interfuisse
2517 5142 2659 5203 dicit,
2681 5142 2741 5191 ab
2762 5143 2952 5192 homine
2970 5141 3179 5205 quodam
3206 5143 3376 5193 Judmo
3395 5146 3527 5207 gesta
3546 5144 3598 5193 in
