4016 5916
616 429 725 480 502

616 552 680 623 (7)
712 551 823 608 Τοῦ
849 546 903 604 δὲ
933 545 1113 603 πλοίου
1131 543 1312 601 τούτου
1335 542 1731 609 κατακλιθέντος
1759 545 1810 601 ἐν
1834 547 1898 621 τῇ
1917 541 2163 622 Ἀρμενίᾳ

615 635 689 693 ἔτι
726 635 877 712 μέρος
912 656 960 690 τι
1006 634 1057 688 ἐν
1097 639 1202 697 τοῖς
1247 630 1549 709 Κορδυαίων
1597 629 1738 708 ὄρεσι
1768 633 1858 699 τῆς
1904 628 2172 708 Ἀρμενίας

615 722 890 798 διαμένειν,
918 717 1009 776 καί
1033 741 1174 784 τινας
1204 717 1418 775 ἀπὸτοῦ
1449 715 1631 775 πλοίου
1662 716 1888 792 κομίζειν
1919 715 2171 783 ἀποξύον-

619 833 712 874 τας
742 808 1022 888 ἄσφαλτον,
1046 809 1276 885 χρᾶσθαι
1305 803 1359 862 δὲ
1395 807 1526 883 αὐτῇ
1552 803 1675 883 πρὸς
1699 802 1815 869 τοὺς
1851 806 2172 880 ἀποτροπια-

617 894 794 973 σμούς.
837 893 1122 958 Ἐλθόντας
1146 884 1232 949 οὖν
1257 890 1462 956 τούτους
1500 892 1568 956 εἷς
1593 889 1886 950 Βαὸυλῶνα
1918 890 1984 947 τά
2030 913 2086 947 τε
2117 892 2175 947 ἐκ

620 983 901 1063 Σισπάρων
923 980 1215 1061 γράμματα
1244 978 1488 1056 ἀνορύξαι
1512 978 1603 1036 καὶ
1637 977 1812 1044 πόλεις
1847 977 2044 1043 πολλὰς
2064 975 2173 1035 xri·

619 1077 795 1141 ζοντας
821 1070 911 1127 καὶ
955 1066 1070 1148 ἱερὰ
1121 1065 1555 1146 ἀνιδρυσαμένους
1601 1065 1760 1123 πάλιν
1793 1063 2056 1122 emulcet
2084 1062 2178 1133 τὴν

620 1158 932 1219 Βαὸυλῶνα.

696 1244 909 1306 Τούτων
934 1242 996 1313 δὴ
1016 1240 1117 1299 ἀπὸ
1142 1239 1467 1320 Ἀλεξάνδρου
1484 1247 1569 1298 τοῦ
1593 1234 1961 1318 Πολυΐστοροε,
1980 1242 2049 1304 ὡς
2079 1237 2183 1296 ἀπὸ

622 1331 907 1412 Βηρώσσου
941 1335 1029 1387 τοῦ
1056 1328 1119 1387 τὰ
1149 1327 1426 1389 Χαλδαϊκὰ
1454 1330 1889 1408 ψευδηγοροῧντος
1910 1325 2184 1406 προκειμέ·

527 1485 536 1493 ,
620 1445 717 1478 νων
742 1423 855 1478 κτλ.

701 1504 1100 1585 Σιππάρων]
1150 1531 1172 1556 ιι
1221 1508 1660 1578 Sipparenorum
1698 1505 1924 1573 urbem,
1967 1504 2065 1558 ubi
2095 1502 2185 1558 dei

616 1597 767 1669 jussu
788 1596 995 1650 dicitur
1013 1593 1426 1648 abscondidisse
1447 1594 1745 1649 Xisuthrus
1763 1606 1892 1648 ante
1913 1593 2185 1647 diluvium

621 1684 798 1738 libros
824 1682 895 1736 de
934 1680 1119 1752 prima
1139 1697 1330 1733 rerum
1355 1682 1637 1754 origine...
1671 1680 1905 1734 eandem
1936 1698 2050 1734 esse
2079 1699 2185 1752 pu·

623 1772 856 1826 taverim
877 1787 1005 1822 cum
1029 1765 1373 1839 HipparenO,
1391 1768 1487 1821 ubi
1505 1769 1686 1822 Plinio
1712 1777 1846 1822 teste
1870 1766 1971 1840 (H.
1993 1769 2061 1824 N.
2090 1769 2184 1840 vl,

625 1856 728 1930 30)
750 1857 810 1910 in
823 1856 1011 1910 schola
1031 1852 1301 1908 doctrinae
1319 1872 1518 1909 arcana
1535 1855 1831 1910 tradebant
1844 1853 2085 1910 Chaldaei
2106 1854 2186 1908 di-

621 1945 867 2018 scipulis.
897 1944 966 1996 In
988 1960 1084 1996 sua
1109 1938 1253 1995 urbe
1271 1942 1554 1996 malebant
1577 1943 1822 1997 evenisse
1837 1983 1852 2010 ,
1878 1960 2000 2014 quae
2030 1953 2187 1996 erant

626 2042 938 2087 memoratu
985 2030 1174 2102 digna.
1224 2029 1383 2084 Idem
1429 2029 1660 2084 fortasse
1699 2029 2059 2084 statuendum
2117 2029 2186 2083 de

625 2119 1100 2190 Borsippenorum
1123 2115 1339 2188 oppido
1364 2115 1538 2190 (V.‘i'r.
1571 2115 1690 2190 16),
1708 2135 1823 2189 quo
1843 2135 1898 2171 se
1920 2116 2188 2189 recepisse

628 2206 835 2261 dicitur
876 2223 908 2259 a
947 2206 1158 2259 Beroso
1198 2202 1643 2275 Babyloniorum
1669 2223 1772 2259 rex
1817 2205 2047 2264 ultimus
2072 2205 2186 2258 Na-

627 2290 923 2346 bonnedus
941 2331 957 2359 ,
1011 2309 1186 2363 quum
1249 2290 1507 2364 Babylon
1563 2292 1697 2346 urbs
1755 2310 1788 2346 a
1830 2291 1976 2364 Cyro
2026 2293 2187 2345 Persa

595 2441 607 2450 1
629 2390 1075 2454 oppugnaretur.
1119 2379 1203 2446 Si,
1250 2397 1371 2451 quae
1399 2381 1809 2434 nonnullorum
1837 2390 1917 2432 est
1959 2380 2186 2451 opini0,

627 2468 814 2541 potius
835 2466 1204 2540 Xenophonti
1228 2464 1464 2540 (Cyrop.
1498 2468 1622 2536 VII,
1653 2466 1953 2542 5)credere
1978 2466 2183 2521 debea-

629 2574 777 2625 mus,
820 2555 1106 2627 Babylone
1135 2554 1195 2607 in
1226 2554 1368 2608 urbe
1395 2556 1512 2627 ipsa
1551 2555 1832 2609 obsessum
1861 2565 1915 2608 et
1955 2553 2184 2608 interse-

630 2653 784 2698 ctum
819 2660 931 2696 esse
957 2640 1368 2695 Nabonnedum
1388 2682 1401 2708 ,
1428 2659 1497 2695 eo
1529 2643 1646 2714 ipso
1675 2661 1794 2695 non
1825 2642 1946 2696 leve
1973 2639 2188 2696 accedit

629 2730 714 2783 rei
738 2738 940 2783 nostrae
971 2735 1340 2780 momentum.
1375 2729 1443 2781 ln
1486 2746 1642 2782 suam
1669 2728 1899 2792 urbem,
1936 2739 1992 2782 et
2033 2729 2185 2800 quasi

630 2814 704 2869 ad
731 2833 815 2883 se,
848 2813 1108 2866 omnibus
1135 2814 1371 2881 amissiS,
1395 2814 1706 2887 confugisse
1725 2857 1740 2882 ,
1785 2816 1974 2887 ibique
2002 2815 2186 2869 obses-

629 2919 750 2955 sum
767 2911 821 2954 et
837 2900 1081 2972 denique
1097 2910 1323 2973 captum
1339 2917 1450 2955 esse
1469 2903 1730 2958 ultimum
1744 2902 2186 2975 Babyloniorum

632 3006 846 3061 regem,
894 2986 1181 3042 Chaldaeus
1221 3000 1419 3043 auctor
1445 3008 1586 3044 vane
1616 2991 1978 3063 gloriabatur.
2024 3018 2046 3039 n
2077 2994 2183 3047 Rp.

632 3089 837 3129 cantu.
879 3092 936 3144 p.
980 3092 1074 3127 20.
1106 3074 1245 3147 —§
1283 3094 1312 3144 7
1345 3078 1434 3130 τοῦ
1463 3072 1516 3130 δὲ
1553 3072 1805 3131 πλοίου...
1856 3078 2186 3155 ἀποτροπια-

623 3156 826 3234 σμοὺς]
859 3178 890 3214 e
916 3162 1124 3216 Beroso
1152 3163 1285 3215 citat
1313 3164 1476 3217 etiam
1508 3164 1783 3236 Josephus
1804 3169 1935 3219 Ant.
1968 3168 2100 3226 Jud.
2133 3171 2185 3237 1,

636 3247 690 3313 3,
709 3246 765 3315 6,
793 3257 960 3319 atque
979 3266 1046 3303 ex
1066 3249 1312 3322 Josepho
1327 3251 1528 3308 Euseb.
1551 3251 1611 3309 Ρ.
1638 3253 1702 3305 Ε.
1731 3254 1833 3321 ΙΧ,
1855 3271 1878 3307 1
1895 3272 1947 3326 1,
1965 3273 2023 3326 p.
2052 3260 2184 3325 414,

629 3336 708 3404 B;
737 3337 981 3390 Zonaras
1017 3355 1077 3408 p.
1115 3355 1217 3409 193
1247 3339 1622 3411 Hieronymus
1658 3341 1741 3394 De
1777 3342 1886 3395 loc.
1924 3342 2182 3398 Hebraic.

632 3441 689 3475 v.
714 3426 946 3477 Arm-at.
976 3424 1055 3479 Cf.
1085 3425 1346 3479 Nicolaus
1372 3428 1531 3484 Dam.
1559 3426 1628 3484 fr.
1657 3446 1751 3496 77.

1386 3538 1438 3595 8.

709 3642 984 3716 Iosephus
1023 3646 1152 3700 Ant.
1183 3644 1314 3702 Jud.
1351 3646 1411 3713 1,
1445 3665 1503 3715 7,
1536 3664 1567 3700 2
1600 3662 1615 3702 :
1657 3644 1985 3722 Μνημονεύει
2021 3646 2073 3704 δὲ
2103 3652 2189 3706 τοῦ

633 3725 823 3804 πατρὸς
844 3730 991 3802 ἡμῶν
1013 3725 1276 3806 Ἀὃρᾶμου
1305 3730 1587 3809 Βηρωσσὸς
1609 3734 1701 3789 οὐκ
1719 3733 2003 3808 ὀνομάζων,
2027 3734 2189 3811 λέγων

634 3812 687 3869 δὲ
716 3811 902 3878 οὕτως·
952 3841 975 3865 κ
1025 3813 1181 3874 Μετὰ
1223 3814 1309 3873 τὸν
1353 3818 1727 3896 κατακλυσμὸν
1769 3820 1961 3897 δεκάτῃ
2008 3833 2187 3903 γενεᾷ,

631 3899 776 3979 παρὰ
804 3900 1084 3968 Χαλδαίοις
1115 3924 1193 3968 τις
1219 3893 1281 3975 ἦν
1312 3903 1505 3971 δίκαιος
1534 3907 1664 3985 ἀνὴρ
1705 3910 1793 3965 καὶ
1820 3907 1980 3985 μέγας
2006 3909 2094 3967 καὶ
2122 3910 2186 3967 τὰ

632 3987 843 4067 οὐράνια
868 3988 1130 4069 ἔμπειρος.
1161 4016 1184 4043 ιι

711 4173 895 4230 Moses
941 4174 1285 4233 ChorenenS.
1331 4180 1470 4236 Hist.
1525 4182 1683 4237 Arm.
1720 4183 1774 4251 1,
1803 4203 1854 4238 c.
1902 4198 1934 4237 ἑ»

1929 413 2192 473 BEROSI
2236 413 2595 474 CHALDAEt

2263 564 2398 600 vero
2441 543 2771 599 libitum-est
2808 541 3148 598 ‘narrationis
3194 563 3336 599 meae
3378 550 3621 601 initium
3668 551 3835 606 ordiri

2264 652 2296 688 e
2322 635 2530 686 dilecta
2571 652 2696 686 mea
2724 637 3019 705 ceterisque
3060 637 3347 687 veraciore
3383 634 3631 700 Sibylla
3672 638 3835 692 Bero-

2264 722 2453 788 sinna,
2488 740 2614 793 quoe
2637 720 2761 773 hoec
2782 721 2920 773 dicit
2940 738 2959 772 .·
2985 743 3009 768 α
3037 721 3181 773 Ante
3204 724 3388 774 turrim
3417 740 3499 775 ac
3510 727 3833 796 priusquam

2266 813 2481 882 generis
2505 808 2740 862 humani
2769 825 2947 861 sermo
2974 808 3268 879 multiplex
3290 804 3502 876 factus
3527 823 3619 864 est
3656 824 3715 864 et
3736 830 3831 864 va-

2269 901 2409 962 riuS,
2433 909 2569 969 post
2587 895 2839 948 Xisutlzri
2869 906 3051 948 autem
3084 899 3141 948 in
3166 898 3495 950 Armeniam
3521 904 3830 972 navigatio-

2269 1002 2393 1037 nem
2409 1024 2425 1052 ‚
2466 983 2805 1048 Zerovanus,
2854 983 3017 1035 Titan
3063 1001 3131 1035 ac
3155 983 3516 1055 Iapetostlees
3532 991 3825 1058 principa-

2272 1082 2382 1124 tum
2409 1082 2569 1124 terrie
2591 1082 2826 1125 tenuere.
2859 1067 2998 1142 (Qui
3014 1069 3156 1124 mihi
3176 1072 3448 1124 videntur
3466 1087 3594 1125 esse
3614 1072 3816 1140 Seruus,

2276 1158 2514 1214 Chamus
2535 1169 2594 1213 et
2620 1153 2948 1234 Japhetus.)
2987 1161 3092 1223 Hi,
3130 1170 3193 1211 ut
3225 1160 3427 1224 tradit,
3485 1178 3657 1232 quum
3696 1164 3826 1216 orbis

2275 1252 2435 1301 totius
2498 1251 2789 1319 Imperium
2816 1251 2961 1300 e’nter
2995 1264 3055 1300 se
3082 1251 3283 1319 partiti
3318 1259 3534 1312 essent,
3585 1251 3824 1321 superbia

2274 1328 2535 1387 accensus
2563 1340 2753 1388 ceteris
2774 1333 3037 1389 ambobus
3075 1335 3356 1389 dominari
3391 1337 3587 1390 voluit
3609 1339 3818 1391 Zemm-

2275 1439 2376 1474 nus
2387 1461 2401 1486 ,
2435 1439 2592 1492 quem
2616 1419 2706 1473 hic·
2732 1421 3071 1475 Zoroastrem
3096 1422 3335 1492 Magum
3351 1463 3369 1490 ‚
3412 1423 3820 1479 Bactrianorum

2273 1494 2459 1579 regem
2477 1548 2493 1576 ‚
2519 1505 2698 1574 secisse
2722 1509 2888 1574 dicit,
2909 1505 3134 1581 quisuit
3160 1510 3467 1564 stIedorum
3494 1515 3814 1584 principium

2276 1613 2345 1648 ac
2374 1595 2594 1649 deorum
2623 1608 2796 1668 pater
2806 1616 2828 1663 ,-
2859 1598 3087 1668 aliaque
3115 1599 3291 1650 multa
3317 1598 3395 1650 de
3428 1616 3501 1652 eo
3516 1595 3813 1667 fabulatur,

2276 1701 2403 1754 quae
2420 1699 2563 1736 nunc
2584 1695 2827 1756 repetere
2854 1688 3092 1738 instituto
3111 1697 3293 1738 nostro
3315 1687 3572 1740 alienum
3602 1699 3693 1742 est.
3712 1690 3812 1742 Ita-

2277 1789 2380 1843 que
2404 1771 2698 1838 Zerovano‚
2735 1783 2794 1825 ut
2811 1767 3008 1841 refert,
3038 1777 3158 1825 vim
3177 1767 3462 1840 afferenti
3499 1774 3658 1827 Titan
3676 1776 3811 1847 Iape-

2278 1858 2577 1931 tostleesque
2589 1862 2915 1925 restiterunt,
2940 1859 3186 1931 belloque
3201 1878 3323 1912 cum
3344 1879 3413 1915 eo
3428 1862 3804 1930 contenderunt,

2273 1956 2566 2019 propterea
2587 1947 2735 2019 quod
2747 1945 2900 2017 filios
2923 1964 3048 2001 suos
3067 1964 3224 2019 reges
3241 1948 3504 2001 omnibus
3521 1954 3806 2003 constituere

2279 2025 2578 2096 cogitabat.
2641 2025 2821 2096 Quam
2872 2030 3017 2082 inter
3050 2030 3515 2081 concertationem
3559 2031 3807 2100 occupavit

2286 2111 2449 2163 Titan
2495 2124 2714 2184 partem
2760 2114 3010 2185 aliquam
3052 2131 3126 2166 ex
3172 2111 3535 2168 hereditariis
3573 2115 3802 2168 Zemvam'

2267 2197 2493 2270 sinibus.
2532 2201 2664 2253 Tam
2693 2218 2813 2254 vero
2840 2205 3184 2273 interponens
3207 2218 3267 2254 se
3285 2220 3447 2256 soror
3462 2210 3639 2258 ‘eorum
3668 2202 3800 2255 Ascli·

2275 2290 2368 2338 cia
2403 2291 2518 2340 suis
2554 2288 2925 2342 delinimentis
2964 2290 3253 2341 tumultum
3297 2291 3539 2358 sedavit,
3593 2295 3796 2361 interque

2276 2391 2367 2426 eos
2406 2374 2781 2441 conveniebat,
2828 2386 2889 2428 ut
2913 2379 3195 2450 imperium
3224 2376 3551 2440 ¹Zerovanus
3586 2365 3794 2431 habene.

2275 2461 2647 2532 Jnrejurando
2663 2474 2843 2516 autem
2868 2468 3009 2517 inter
3026 2482 3086 2518 se
3096 2468 3473 2537 paciscuntur.
3496 2484 3604 2520 sese
3616 2482 3789 2520 omnem

2276 2549 2533 2623 deinceps
2554 2551 2824 2604 Zerovani
2848 2557 3071 2624 stirpem
3113 2553 3315 2606 virilem
3346 2550 3722 2623 interfecturos,
3744 2561 3791 2604 ut

2276 2653 2345 2689 ne
2357 2629 2552 2708 pmles
2569 2643 2688 2707 ejus
2707 2643 2841 2711 ipsis
2857 2644 3157 2711 imperaret
3167 2659 3189 2704 ,·
3216 2640 3295 2692 ad
3312 2659 3547 2713 eamque
3567 2659 3667 2694 rem
3680 2651 3785 2692 stm-

2276 2742 2410 2777 nuos
2427 2726 2688 2797 quosdam
2709 2743 2783 2780 ea:
2807 2727 3095 2780 Titanibus
3112 2732 3264 2780 viros
3282 2731 3569 2783 mulierum
3577 2726 3784 2801 partibus

2269 2812 2607 2883 praeficiunt.
2657 2814 2767 2884 Qui
2810 2832 2972 2886 quum
3009 2814 3090 2866 ad
3115 2817 3499 2884 jurisjurandi
3524 2819 3780 2890 pactionem

2276 2910 2563 2952 necassent
2584 2900 2744 2965 duos,
2782 2919 2935 2955 soror
2953 2919 3135 2954 eorum
3159 2901 3405 2956 Astlicia
3424 2922 3541 2956 cum
3563 2901 3780 2955 Zerooani

2276 2983 2537 3040 uxoribus
2576 2990 2862 3042 consilinm
2903 2991 3026 3055 init,
3081 2995 3176 3062 qui
3181 2990 3418 3045 busdam
3456 2993 3522 3045 cle
3556 2987 3781 3044 Titanibus

2270 3075 2670 3146 persuadendi,
2718 3087 2776 3129 ut
2812 3089 3015 3131 ceteros
3034 3095 3241 3151 pueros
3268 3088 3636 3134 conservarent
3653 3086 3778 3146 atque

2280 3166 2336 3214 in
2362 3163 2639 3218 Orientem
2659 3175 3003 3236 asportarent
3023 3166 3105 3218 ad
3123 3178 3364 3221 montem
3387 3167 3636 3241 quendam
3651 3178 3775 3236 quem

2281 3249 2514 3301 Deorum
2539 3249 2848 3319 Conjectum
2870 3253 3255 3324 appellarunt,
3281 3260 3381 3327 qai
3404 3273 3544 3308 nunc
3570 3254 3775 3322 (lympffl

2279 3345 2509 3389 vocatur.
2537 3358 2561 3382 υ

2362 3422 2493 3475 Haec
2534 3433 2808 3494 quatenus
2858 3442 2927 3478 ex
2966 3427 3173 3480 Beroso
3208 3424 3508 3498 fluxerint,
3552 3428 3603 3480 in
3626 3421 3772 3478 medio

2281 3508 2561 3581 relinquo.
2591 3510 2750 3565 ldem
2772 3511 2920 3566 valet
2942 3512 3013 3567 de
3037 3514 3103 3567 iis
3120 3556 3134 3582 ,
3158 3532 3282 3587 quae
3308 3534 3379 3571 ex
3410 3515 3602 3588 Sibylla
3626 3517 3773 3565 nostra

2278 3594 2452 3651 refert
2478 3596 2795 3652 Alexander
2822 3597 3158 3672 polyhistor.

3022 3732 3106 3771 10.

2357 3841 2593 3913 Syncell.
2621 3861 2681 3915 p.
2718 3849 2787 3907 44
2806 3883 2824 3910 ,
2861 3843 2903 3899 C
2938 3862 2950 3896 τ
3002 3841 3335 3924 Ἀλεξάνδρου
3374 3850 3454 3903 τοῦ
3480 3833 3773 3911 Πολυΐστορος

2279 3924 2397 4003 περὶ
2426 3928 2514 3995 τῆς
2545 3928 2881 4005 πυργοποιίας
2899 3951 2910 3962 ·
2940 3955 2962 3978 κ
2992 3928 3225 3987 Etenna
3258 3932 3316 3989 δέ
3346 3954 3500 4014 φησιν,
3526 3921 3769 4003 ὁμοφώνων

2279 4010 2436 4069 ὄντων
2460 4011 2666 4071 πάντων
2694 4016 2994 4093 ἀνθρώπων,
3010 4017 3150 4082 τινὰς
3174 4017 3373 4077 τούτων
3394 4016 3559 4096 πύργον
3573 4015 3770 4089 &napy-8·

2279 4096 2399 4174 γε’θη
2429 4101 2784 4177 οἷκοδομῆοαι,
2810 4102 2947 4170 ὅπως
2979 4107 3048 4171 εἷς
3078 4104 3163 4162 τὸν
3192 4107 3407 4186 οὐρανὸν
3431 4099 3651 4163 ἀντιθῶσι.
3681 4096 3769 4153 Τοῦ

1971 4185 2332 4239 ·Η“Ιι”“·
2442 4188 2594 4209 ““’”
2941 4191 2955 4211 ’
3183 4196 3198 4217 ’
3348 4195 3361 4213 ’
3519 4186 3606 4211 ’“
3750 4177 3760 4197 ⁸

1972 4228 1983 4238 .
2034 4217 2053 4239 A
2105 4206 2121 4238 1
2169 4207 2185 4239 ι
2280 4206 2331 4243 οε
2363 4191 2475 4245 θεου
2507 4212 2722 4264 ανεμους
2750 4192 3140 4270 ἐμφυσησαντος
3170 4199 3451 4275 ανατρεψαι
3484 4209 3671 4253 outone,
3696 4202 3765 4238 ²²¹

633 4289 3763 4329 ΜΝ

632 4352 840 4389 erasum.
864 4340 1090 4391 bitumen
1112 4342 1328 4405 quidam
1351 4345 1471 4395 inde
1507 4347 1773 4407 referunt,
1797 4352 2008 4400 remedii
2040 4366 2189 4401 amu-

2281 4355 2465 4405 decima
2497 4358 2625 4420 apud
2658 4359 2910 4410 Chaldaeos
2934 4362 3007 4431 vir
3036 4363 3231 4424 quidam
3264 4370 3368 4414 erat
3380 4364 3528 4427 justus
3543 4362 3587 4408 et
3606 4350 3764 4404 eximius

633 4414 827 4478 letique
851 4428 1014 4465 causa
1036 4415 1110 4466 ad
1143 4417 1384 4479 infausta
1420 4434 1634 4485 quasque
1658 4427 2074 4477 averruncanda.
2103 4428 2189 4478 Illi
2280 4436 2327 4483 et
2353 4448 2512 4485 rerum
2531 4438 2794 4487 coelestium
2828 4439 3025 4500 peritus.
3052 4460 3076 4484 ν

633 4495 807 4543 autem
846 4494 1154 4557 Babylonem
1182 4496 1433 4559 profecti,
1462 4500 1620 4549 libros
1644 4515 1709 4550 ex
1730 4502 1856 4552 urbe
1885 4506 2089 4567 Siparis
2117 4509 2188 4568 ef·

635 4570 822 4624 t‘ode‘sse
839 4610 852 4631 ‚
881 4573 1069 4635 oppida
1100 4575 1270 4625 multa
1298 4577 1585 4628 condidisse
1603 4580 1774 4641 ,fana
1807 4587 2029 4633 Deorum
2046 4588 2188 4635 stru-

633 4653 800 4706 xisse,
829 4650 1240 4717 Babylonemque
1259 4658 1544 4707 restituisse
1555 4657 1832 4719 feruntur.
1898 4660 2046 4725 [Quae
2064 4664 2186 4713 hac·

637 4728 783 4775 tenus
802 4725 943 4777 dicta
963 4732 1088 4779 sunt
1103 4746 1117 4789 ;
1133 4735 1495 4796 praetereaque
1521 4737 1686 4785 turris
1705 4737 1987 4800 oedefieium
2007 4754 2187 4791 memo·

636 4804 730 4850 rat
753 4803 1041 4864 Polylzistor
1077 4819 1224 4868 paene
1247 4808 1318 4861 ad
1349 4810 1562 4860 literam
1594 4825 1709 4862 cum
1733 4814 1884 4865 libris
1908 4819 2062 4866 Mosis
2098 4817 2189 4867 hoc

634 4881 785 4939 pacto
803 4884 1138 4931 consentiens.
1174 4882 1292 4934 Vide
1319 4887 1373 4934 tr.
1407 4885 1517 4948 10.]

1385 5019 1438 5067 8.

701 5132 853 5181 Patris
887 5137 1034 5185 nostri
1056 5137 1311 5189 Abrahami
1329 5142 1474 5191 etiam
1495 5146 1722 5207 Berosus,
1752 5160 2003 5210 suppresso
2025 5150 2188 5200 tamen

637 5208 852 5272 nomine,
873 5209 946 5261 his
963 5214 1122 5264 verbis
1147 5217 1395 5266 meminit:
1431 5238 1453 5260 ‹-
1478 5222 1589 5270 Post
1615 5221 1851 5273 diluvium
1886 5228 2187 5289 generatione

3016 4565 3099 4614 10.

2342 4693 2411 4738 Ex
2449 4690 2719 4741 Alexandro
2758 4694 3050 4755 polyhistore
3090 4696 3152 4745 de
3184 4698 3331 4746 turris
3377 4693 3564 4758 opificio.
3622 4678 3762 4740 sn>5¹¹⁸

2276 4763 2383 4813 brec
2399 4764 2516 4815 dicit
2543 4782 2555 4815 :
2580 4786 2603 4809 n
2622 4772 2784 4825 Quum
2804 4770 3011 4822 universi
3045 4773 3257 4823 homines
3274 4787 3372 4823 uno
3405 4766 3574 4831 eloquio
3604 4763 3759 4807 ufffffl‘

2278 4844 2374 4903 tur,
2408 4844 2580 4893 turrim
2613 4847 2970 4900 aedificaverunt
2986 4851 3376 4910 excelsissimam,
3397 4847 3518 4911 quasi
3549 4838 3600 4890 ad
3620 4836 3761 4885 emtum

2277 4933 2359 4982 1³01·
2376 4934 2481 4971 eam
2506 4928 2762 4975 ascensuri.
2798 4928 2874 4977 Dii
2900 4941 3010 4978 vero
3027 4930 3244 4991 procellis
3278 4926 3487 4979 immissis
3510 4934 3581 4970 eos
3596 4914 3757 4965 subver-

2276 5000 2464 5061 terunt,
2499 5003 2549 5051 et
2590 5016 2725 5052 suam
2762 5006 2936 5068 cuique
2983 5006 3191 5070 liugnam
3225 5006 3476 5062 dedet-unu
3509 5009 3607 5061 quae
3642 4996 3757 5071 0⁸⁰⁵}

2278 5074 2366 5124 suit
2385 5113 2399 5138 ,
2418 5080 2473 5126 ut
2488 5079 2603 5128 urbs
2620 5080 2700 5129 illa
2723 5080 2975 5144 Babylonis
2994 5084 3277 5133 vocabulum
3301 5078 3536 5143 acceperit.
3597 5068 3686 5119 post
3703 5062 3756 5146 df·

2275 5152 2458 5202 luvium
2478 5160 2637 5206 autem
2658 5159 2871 5208 'Pitanem
2897 5163 2945 5209 et
2962 5161 3296 5209 Prometheum
3321 5157 3550 5209 exstitisse.
3576 5169 3595 5190 υ
3629 5147 3677 5193 U
3698 5139 3756 5186 ¹¹¹⁸

2273 5229 2466 5293 quidem
2486 5234 2641 5285 verbis
2656 5235 2919 5286 Alexander
2936 5238 3078 5287 turris
3095 5238 3281 5300 opificio
3299 5230 3596 5286 testimonium
3612 5224 3751 5272 serem»
