4016 5916
524 448 596 499 5⁴

524 591 573 624 c.
601 570 717 624 Cat.
751 566 881 638 maj.
911 576 1020 619 eta
1045 564 1213 619 Critia
1239 582 1330 636 ap.
1353 561 1557 623 AElian.
1587 563 1672 629 X,
1703 580 1766 631 17
1785 603 1800 630 ,
1828 581 1951 635 quae
1974 581 2073 617 ne·

522 676 632 729 que
662 674 790 709 cum
819 651 1260 708 exheredatione
1289 649 1634 705 conveniunt
1661 668 1764 703 nec
1793 668 1922 703 cum
1965 649 2072 704 ab-

520 744 830 807 dicatione,
879 738 1156 811 siquidem
1202 747 1634 792 consentaneum
1670 746 1748 790 est
1788 736 2075 792 abdicatos

520 831 802 884 bonorum
852 845 969 879 non
1009 824 1171 878 fuisse
1210 825 1513 896 participes
1551 834 1936 896 paternorum.
1987 825 2070 882 cf.

519 918 680 970 Petit.
705 918 858 985 Legg
903 912 1030 966 Ath.
1059 912 1147 977 11,
1178 916 1239 979 4,
1271 928 1331 983 p.
1370 908 1497 979 157.
1533 935 1557 957 υ
1579 911 1838 967 Simenis.

1267 1057 1319 1094 2.

597 1171 755 1225 Idem
779 1169 917 1222 ibid.
951 1188 999 1222 e.
1023 1173 1092 1231 αἱ.
1111 1208 1127 1234 ,
1157 1163 1187 1219 5
1224 1187 1235 1219 :
1263 1167 1658 1222 Themistocles
1675 1166 1748 1221 ad
1770 1166 2071 1221 Admetum

518 1277 703 1331 regem
737 1256 1109 1312 Molossorum
1137 1254 1410 1327 confugit.
1435 1250 1583 1311 Ἐκεῖ
1603 1252 1649 1309 δ’
1680 1253 1823 1329 αὐτῷ
1848 1249 1944 1322 τὴν
1969 1275 2069 1329 γυ-

515 1352 668 1400 ναῖκα
690 1341 780 1400 καὶ
813 1339 931 1406 τοὺς
952 1337 1421 1417 παῖδαςέκκλέψας
1444 1340 1504 1396 ἐκ
1527 1342 1629 1396 τῶν
1660 1338 1882 1410 Ἀθηνῶν
1913 1337 2068 1399 ’Em-

515 1430 755 1509 κράτηςὸ
779 1426 1056 1507 Ἀχαρνεὺς
1096 1425 1426 1497 ἀπέστειλεν,
1470 1424 1525 1484 ὃν
1549 1426 1634 1483 ἐπὶ
1673 1424 1840 1505 τούτῳ
1883 1426 2069 1503 Κίμων

514 1515 724 1596 ὕστερον
817 1514 925 1579 ίνας
954 1512 1306 1584 ἐθανάτωσεν,
1330 1515 1400 1579 ὣς
1429 1516 1627 1592 ἱστορεῖ
1653 1511 2066 1593 Στησίμὸροτος.

519 1593 626 1661 Εἶτ’
652 1538 866 1660 οὐκκςδ1
855 1600 1025 1666 ’ὅπως
1045 1599 1410 1676 ἐπιλαθόμενος
1428 1598 1623 1658 τούτων
1643 1600 1677 1671 ἢ
1698 1599 1783 1658 τὸν
1807 1603 2070 1677 θεμιστο-

509 1691 639 1747 κλέα
658 1682 815 1747 ποιῶν
836 1686 1203 1761 ἐπιλαθόμενον
1221 1686 1445 1744 πλεῦσαί
1460 1710 1613 1767 φησιν
1631 1690 1701 1753 εἷς
1719 1688 1963 1747 Σικελίαν
1978 1688 2070 1749 καὶ

513 1779 640 1855 παρ’
678 1774 911 1854 Ἱέρωνος
944 1775 1103 1830 αἰτεῖν
1128 1779 1217 1831 τοῦ
1258 1773 1504 1853 τυράννου
1527 1774 1622 1845 τὴν
1660 1773 1914 1855 θυγατέρα
1943 1774 2069 1854 πρὸς

516 1863 720 1940 γάμον,
766 1859 1172 1940 υπισγνούμενον
1207 1863 1347 1941 αὐτῷ
1380 1884 1496 1927 τους
1522 1859 1790 1934 Ἕλληνας
1814 1863 2072 1934 ὑπηκόους

516 1949 771 2057 ποιήσειν,
789 1946 1255 2030 ἀποστρεψαμένου
1278 1948 1331 2005 δὲ
1355 1953 1444 2006 τοῦ
1461 1947 1696 2029 Ἱέρωνος
1710 1947 1870 2015 οὕτως
1885 1952 1956 2017 εἷς
1973 1948 2068 2022 τὴν

512 2035 686 2094 Ἀσίαν
711 2037 930 2116 ἀπᾶραι.
953 2037 1070 2093 Γ
1006 2057 1141 2092 αυτα
1166 2034 1210 2092 δ’
1238 2035 1331 2092 οὐκ
1347 2033 1480 2100 εἰκός
1500 2037 1636 2093 ἐστιν
1654 2034 1790 2093 οὕτω
1803 2035 2060 2114 γενέσθαι.

588 2126 808 2181 Pictum
836 2143 948 2180 esse
976 2126 1082 2179 iter
1113 2124 1362 2179 Siculum
1386 2134 1442 2179 et
1468 2124 1540 2179 ad
1568 2126 1771 2180 Persici
1803 2127 2066 2181 similitu-

511 2213 700 2269 dinem
723 2212 1059 2268 adornatum
1089 2212 1277 2286 arguit
1311 2212 1689 2284 probatorum
1727 2215 2067 2287 scriptorum

508 2301 788 2357 silentium
842 2311 898 2354 et
936 2298 1315 2373 Thucydideae
1362 2302 1702 2354 narrationis
1755 2299 2064 2359 diversitas»

510 2389 671 2461 (Quae
694 2387 910 2461 reliqua
930 2387 1259 2442 Plutarchus
1277 2385 1466 2460 (quem
1480 2386 1629 2461 vide)
1656 2388 1916 2460 opponit,
1939 2388 2067 2442 nul-

508 2474 618 2527 lam
641 2473 854 2527 habent
873 2472 1038 2546 vim.)
1083 2474 1345 2527 Attamen
1369 2489 1489 2525 non
1529 2473 1743 2527 invenit
1777 2490 1898 2527 rem
1930 2473 2064 2528 Ste-

505 2560 840 2625 simbrotuS,
881 2558 980 2613 sed
1019 2559 1430 2613 Timocreontis
1460 2558 1705 2627 Rhodii,
1737 2560 1842 2613 nisi
1869 2559 2068 2614 fefellit

507 2645 857 2717 conjectura,
903 2656 1223 2700 commento
1266 2662 1398 2699 usus
1445 2654 1543 2701 est.
1591 2646 1816 2699 Etenim
1865 2647 2063 2701 Timo-

508 2749 710 2800 creon,
746 2731 924 2786 Suida
961 2741 1126 2800 teste,
1159 2728 1353 2809 ἔγραψε
1389 2727 1670 2809 κωμῳδίαν
1700 2731 1750 2795 ἐς
1789 2731 2066 2808 Θεμιστο-

507 2814 637 2872 κλέα
678 2814 769 2872 καὶ
809 2815 1145 2892 Σιμωνίδην;
1170 2820 1371 2873 50110115
1405 2820 1831 2876 Themistoclem
1864 2832 2064 2895 utpote

508 2900 791 2978 μηδίζοντα
823 2915 879 2960 et
901 2908 1140 2978 pecunia
1168 2907 1456 2979 corrumpi
1475 2924 1532 2961 se
1555 2924 1776 2980 passum
1803 2927 1835 2963 a
1863 2911 2063 2967 Timo-

510 3001 740 3047 creonte
757 2992 1059 3066 perstringi
1084 2994 1255 3066 (Plut.
1279 2993 1474 3048 Them.
1505 2993 1629 3065 21);
1657 2994 1908 3051 similiter
1923 3016 2061 3071 pro-

504 3089 632 3150 pter
665 3088 1033 3151 tyrannorum
1064 3079 1312 3133 studium
1338 3080 1738 3153 sordidamque
1765 3085 2055 3140 avaritiam

509 3164 825 3219 traducitur
846 3164 1194 3233 Simonides,
1228 3167 1311 3220 uti
1341 3176 1583 3236 constat3
1611 3168 1709 3222 ista
1736 3186 1873 3223 vero
1908 3172 2056 3229 lucri

504 3249 779 3322 cupiditas
806 3252 1218 3322 quammaxime
1263 3254 1524 3325 apparuit
1551 3254 1612 3306 in
1635 3265 1808 3326 poeta
1842 3257 2058 3327 aulico,

508 3339 772 3393 Hieronis
801 3339 1139 3397 consiliario.
1172 3340 1352 3413 Igitur
1381 3358 1558 3413 quum
1585 3331 1902 3397 Simonides
1926 3358 2060 3417 post

501 3437 744 3480 mortem
768 3427 1048 3480 Pausaniae
1075 3438 1131 3481 et
1175 3426 1709 3482 condemnationem
1747 3429 2057 3483 Themisto-

503 3513 601 3566 clis
631 3513 915 3584 Syracusis
938 3512 1195 3587 degeret,
1225 3531 1446 3569 scenam
1477 3516 1534 3568 in
1558 3533 1670 3587 qua
1707 3515 2059 3570 adversarios

500 3618 628 3653 suos
649 3598 954 3673 μηδίζοντας
973 3611 1342 3673 componeret
1354 3603 1692 3656 Timocreon
1712 3602 1894 3656 aulam
1922 3602 2049 3656 Hie·

502 3679 656 3732 ronis
686 3680 904 3750 tyranni
952 3680 1232 3753 selegisse,
1285 3692 1453 3752 atque
1494 3698 1624 3735 011111
1656 3682 1715 3734 in
1755 3679 1921 3736 finem
1952 3681 2059 3734 iter

499 3764 648 3819 istud
668 3767 1007 3838 excogitasse
1035 3766 1277 3822 videtur.
1299 3799 1376 3809 -
1399 3769 1672 3823 Praeterea
1687 3770 1793 3822 iter
1810 3768 2059 3823 Siculum

1235 3934 1286 3982 2.

564 4026 746 4075 Eodem
773 4027 1082 4077 Themistocli
1112 4027 1355 4090 Epicrates
1377 4029 1692 4078 Achai-nensis
1709 4042 1910 4077 uxorem
1936 4030 1980 4076 01
2004 4027 2057 4076 li·

499 4104 638 4158 beros
671 4104 775 4164 ejus
803 4105 958 4166 misit,
986 4118 1110 4167 quos
1130 4105 1293 4154 furtim
1319 4105 1514 4155 Athenis
1533 4104 1835 4154 adduxerat:
1857 4105 2057 4166 ejusque

499 4181 612 4230 sacti
639 4193 783 4229 0011511
804 4184 912 4243 post
933 4195 963 4229 a
986 4181 1184 4231 Cimone
1202 4181 1251 4230 in
1271 4180 1508 4242 ¹iudicium
1539 4183 1829 4243 pertractum
1851 4181 1979 4229 hunc
2007 4184 2058 4230 et

499 4258 654 4305 morte
688 4258 944 4319 affectum,
964 4258 1307 4308 Stoeimhrotus
1340 4257 1525 4308 scribit.
1566 4257 1730 4319 Idem,
1767 4258 1927 4307 nescio
1956 4270 2056 4320 quo

497 4336 637 4394 pacto
650 4370 664 4394 ‚
684 4334 856 4383 horum
875 4334 1078 4398 oblitus,
1103 4338 1189 4384 aut
1206 4334 1413 4386 oblitum
1437 4335 1583 4385 ruisse
1601 4333 1966 4392 Themistoclem
1979 4335 2056 4394 ju·

495 4410 660 4460 dicans
673 4447 688 4471 ,
709 4412 1053 4471 postea-scribit
1066 4450 1083 4474 ,
1102 4426 1215 4462 01101
1235 4412 1345 4461 inde
1363 4412 1413 4462 in
1434 4412 1644 4462 Siciliam
1665 4412 1936 4473 navigasse,
1953 4411 2054 4474 pol·

499 4486 779 4548 licitumque
794 4489 984 4537 Hieroni
1004 4492 1208 4551 tyranno
1221 4528 1235 4551 ,
1260 4489 1300 4539 si
1323 4487 1471 4539 tiliam
1489 4501 1626 4538 suam
1640 4488 1946 4538 matrimonio
1961 4488 2052 4538 sibi

493 4562 740 4624 jungeret,
771 4563 894 4613 velle
916 4578 967 4613 se
993 4568 1186 4615 Graecos
1205 4567 1256 4614 10
1275 4567 1562 4628 potestatem
1588 4565 1690 4626 ejus
1709 4564 1943 4627 redigere,
1973 4579 2053 4614 re-

497 4640 789 4698 cusanteque
817 4639 1047 4702 Hierone,
1066 4642 1114 4691 in
1141 4643 1299 4691 Asiam
1323 4642 1508 4692 abiisse.
1537 4644 1651 4696 Haec
1669 4643 1734 4692 ita
1753 4646 1860 4691 aeta
1884 4643 2053 4704 ruisse,

497 4726 593 4762 non
613 4715 684 4762 051
703 4713 971 4764 verisimile.

561 4889 902 4938 Stesimbrotus
912 4892 1137 4955 Tliasius,
1156 4895 1242 4956 qui
1261 4895 1427 4945 iisdem
1447 4898 1544 4946 sere
1562 4897 1736 4959 quibus
1747 4899 1917 4948 cimon
1937 4901 2054 4947 tem·

498 4964 694 5028 poribus
714 4966 858 5025 vixit,
880 4980 1034 5029 neque
1051 4969 1100 5017 in
1132 4970 1316 5020 musica
1337 4984 1478 5036 eum,
1504 4986 1660 5035 neque
1683 4973 1783 5024 ulla
1811 4975 1904 5023 alia
1927 4973 2053 5023 libe-

1697 429 2204 491 STESIMBROTI
2246 430 2503 491 ‘russii

2161 561 2511 617 'memoratur
2537 562 2609 617 ab
2638 574 2867 618 auctore
2889 566 3127 637 Epistol.
3154 566 3425 623 Themist..
3471 567 3559 623 lx
3580 610 3597 641 ,
3642 571 3718 625 ita

2164 657 2354 702 tamen
2376 657 2441 701 ut
2478 648 2721 703 rationes
2759 648 3176 724 chronologicae
3204 653 3441 709 turbatae
3466 655 3599 709 sint.
3632 657 3720 710 De

2162 733 2249 787 his
2283 733 2455 789 fiisius
2493 734 2609 790 dixi
2655 736 2717 789 in
2770 736 3084 792 Comment.
3131 740 3220 794 De
3266 737 3507 813 AEschyli
3556 741 3714 816 Sept.

2165 839 2214 874 c.
2245 821 2423 876 Theb.
2451 819 2750 897 (Goetting.
2786 822 2980 897 1836),
3002 842 3059 897 p.
3092 842 3162 893 27
3188 843 3310 898 sqq.

2892 963 2942 1017 3.

2242 1106 2401 1160 Idem
2426 1104 2647 1159 Cimon.
2681 1121 2732 1157 0.
2767 1108 2825 1171 4,
2846 1103 2930 1157 6.
2963 1100 3358 1180 Στησίμὸρστος
3389 1103 3438 1160 δ’
3461 1107 3491 1161 ὁ
3516 1103 3722 1172 Θάσιος

2162 1190 2283 1272 περὶ
2308 1189 2396 1248 τὸν
2416 1188 2569 1247 αὐτὸν
2583 1192 2712 1265 ὁμοῦ
2740 1211 2791 1246 τι
2816 1189 3001 1269 χρόνον
3030 1192 3106 1267 τῷ
3130 1189 3341 1267 Κίμωνι
3368 1190 3587 1269 γεγονώς
3608 1216 3717 1273 φη-

2161 1300 2241 1336 σιν
2287 1277 2441 1336 αὐτὸν
2486 1275 2603 1333 οὔτε
2636 1275 2890 1351 μουσικὴν
2921 1273 3038 1334 οὔτε
3083 1275 3214 1335 ἄλλο
3252 1299 3302 1335 τι
3344 1277 3569 1355 μάθημα
3610 1283 3717 1337 τῶν

2161 1363 2459 1443 ἐλευθερίων
2495 1361 2585 1419 καὶ
2612 1369 2718 1428 τοῖς
2736 1359 2995 1434 Ἕλλησιν
3030 1363 3478 1443 ἐπιχωριαζόντων
3507 1366 3717 1425 ἕκδιδα·

2159 1456 2376 1531 χθηναι,
2400 1447 2682 1520 δεινότητός
2728 1472 2787 1507 τε
2830 1448 2922 1507 καὶ
2966 1451 3265 1556 στωμυλίας
3292 1450 3531 1524 Ἀττικῆς
3581 1453 3719 1522 ὅλως

2163 1538 2528 1617 ἀπηλλάγθαι,
2558 1536 2648 1594 καὶ
2670 1539 2746 1616 τῷ
2770 1535 2951 1617 τρόπῳ
2975 1537 3108 1595 πολυ
3135 1538 3196 1596 τὸ
3212 1542 3445 1615 γενναῖον
3479 1539 3569 1598 καὶ
3589 1543 3717 1614 ἀλη·

2161 1623 2244 1693 θὲς
2295 1623 2602 1705 ἐνυπάρχειν
2632 1622 2723 1681 καὶ
2771 1622 2972 1698 μᾶλλον
3013 1613 3146 1682 εἶναι
3192 1627 3610 1699 Πελοποννήσιον
3654 1629 3717 1687 τὸ

2160 1717 2347 1793 σχῆμα
2372 1715 2465 1783 τῆς
2477 1714 2648 1791 ψυχης
2666 1715 2756 1769 τοῦ
2779 1709 2978 1789 ἀνδρος,

2281 1866 2488 1925 Φαῦλον,
2509 1864 2743 1927 ἄκομψον,
2762 1864 2823 1913 τὰ
2845 1866 3027 1927 μέγιστ’
3048 1866 3244 1927 ἀγαθὸν,

2159 1993 2296 2051 κατὰ
2340 1993 2427 2051 τὸν
2466 1991 2791 2072 Εὐριπίδειον
2814 1991 3110 2073 Ηρακλέα·
3136 1999 3303 2054 ταῦτα
3326 1995 3427 2076 γὰρ
3464 1996 3577 2056 ἔστι
3606 2003 3716 2067 τοῖς

2142 2080 2259 2139 ’ὑπὸ
2283 2085 2373 2139 τοῦ
2401 2078 2803 2161 Στησιμὸρότου
2828 2069 3207 2160 γεγραμμένοις
3227 2085 3483 2145 ἐπειπεῖν.

2236 2171 2394 2226 Idem
2421 2170 2692 2225 Stesimbr
2695 2182 2820 2225 otus
2836 2171 3058 2227 subesse
3072 2172 3298 2229 videtur
3313 2175 3674 2246 sequentibus
3691 2197 3708 2233 ε

2156 2254 2323 2314 Etm
2295 2258 2340 2313 0⁹
2370 2252 2421 2314 οἳ
2446 2254 2541 2326 τὴν
2570 2256 2879 2326 Ἐλπινίκην
2898 2257 2956 2315 οὗ
2984 2255 3159 2337 κρύφα
3177 2260 3255 2338 τῷ
3284 2256 3519 2334 Κίμωνι,
3550 2283 3710 2341 φανε·

2163 2345 2261 2421 ρῶς
2281 2341 2335 2401 δὲ
2348 2341 2658 2419 γημαμένην
2682 2347 2987 2415 συνοικῆσαι
3002 2342 3262 2421 λέγουσιν,
3289 2343 3433 2412 ἀξίου
3456 2351 3548 2417 τῆς
3566 2350 3712 2426 εὖγε·

2152 2428 2291 2497 νείας
2311 2427 2532 2508 νυμφίου
2560 2427 2647 2487 διὰ
2674 2427 2768 2500 τὴν
2796 2429 2980 2488 πενίαν
3002 2432 3299 2511 ἀποροῦσαν
3313 2455 3327 2469 ·
3346 2432 3463 2492 ἐπεὶ
3484 2433 3538 2493 δὲ
3554 2437 3709 2494 Καλ-

2152 2515 2264 2584 λίας
2289 2520 2392 2575 τῶν
2417 2516 2647 2596 εὐπόρων
2674 2540 2751 2583 τις
2779 2516 3049 2588 Ἀθήνησιν
3079 2518 3312 2599 ἐρασθεὶς
3337 2525 3600 2600 προσῆλθε
3615 2521 3708 2594 τὴν

2153 2604 2281 2686 θπὲρ
2308 2610 2398 2664 τοῦ
2422 2604 2618 2684 πατρὸς
2642 2603 2928 2678 καταδίκην
2953 2605 3167 2666 ἐκτίνειν
3197 2604 3450 2684 ἕτοιμος
3417 2632 3492 2667 ων
3508 2609 3709 2690 προςτὸ

2152 2691 2418 2767 δημόσιον,
2435 2691 2598 2763 αὐτήν
2612 2714 2670 2749 τε
2689 2693 3069 2763 πεισθῆναικαὶ
3092 2692 3180 2752 τὸν
3209 2694 3436 2772 Κίμωνα
3458 2700 3536 2754 τῶ
3558 2699 3709 2758 Kal.

2152 2777 2239 2835 λία
2256 2777 2546 2837 συνοικίσαι
2562 2778 2658 2848 τὴν
2688 2778 3021 2851 Ἐλ.πινίκην

2151 2862 2267 2923 οὔτε
2297 2864 2593 2945 μουσικὴν]
2620 2869 2812 2944 Longe
2841 2871 3002 2927 aliter
3032 2872 3162 2929 Ion.
3193 2871 3259 2927 fr.
3285 2878 3341 2937 l..

2898 3025 2954 3085 l·-

2226 3157 2314 3213 Ib.
2339 3175 2386 3212 0.
2415 3166 2480 3221 xl,
2504 3175 2516 3211 :
2538 3151 2691 3212 Ἐπεὶ
2716 3150 2771 3211 δὲ
2798 3155 2900 3211 τῶν
2927 3154 3145 3233 Περσῶν
3159 3175 3290 3220 τινες
3313 3155 3407 3214 οὐκ
3433 3152 3709 3216 {sommo

2145 3237 2240 3311 τὴν
2260 3238 2589 3317 Χερσόνησον
2607 3240 2859 3317 ἐκλιπεῖν,
2882 3239 3017 3298 ἀλλὰ
3038 3239 3129 3298 καὶ
3147 3238 3261 3320 γοὺς
3278 3241 3494 3322 Θρᾷκας
3512 3241 3705 3304 ἄνωθεν

2147 3329 2497 3386 ἐπεκαλοῦντο
2519 3331 2955 3409 καταφρονοῦντες
2978 3332 3070 3385 τοῦ
3101 3327 3342 3405 Κίμωνος
3366 3333 3478 3403 μετ’
3510 3331 3702 3405 ὀλίγον

2149 3413 2456 3472 παντάπασι
2482 3412 2708 3493 τριήρων
2757 3412 3029 3484 Ἀθήνηθεν
3057 3415 3497 3486 ἐκπεπλευκότος,
3529 3416 3701 3493 ὁρμή-

2146 3523 2240 3567 σας
2261 3499 2344 3558 ἐπ’
2380 3498 2564 3566 αὖτοὺς
2598 3498 2887 3579 τέσσαρσι
2877 3498 2972 3558 μὲν
3007 3498 3189 3572 ναυσὶ,
3225 3500 3562 3580 τρισκαίδεκα
3608 3500 3701 3568 τὰς

2145 3588 2353 3650 ἐκείνων
2381 3588 2588 3662 ἕλαὸεν,
2617 3588 2864 3657 ἐξελάσας
2890 3587 2946 3647 δὲ
2973 3587 3090 3655 τους
3130 3586 3340 3668 Πέρσας
3382 3612 3478 3647 και
3504 3590 3701 3669 κρατή-

2146 3699 2241 3742 σας
2282 3680 2385 3735 τῶν
2420 3678 2669 3758 Θρακῶν,
2714 3685 2889 3735 πᾶσαν
2933 3674 3235 3750 ᾠκειώσατο
3282 3681 3350 3756 τῇ
3401 3675 3550 3734 πόλει
3596 3676 3695 3748 τὴν

2099 3757 2111 3813 l
2142 3762 2493 3843 Χερσόνησον.
2536 3763 2601 3843 (2)
2633 3763 2734 3824 ’Ex
2770 3762 2825 3821 δὲ
2850 3766 3033 3821 τούτου
3057 3762 3288 3829 Θασίους
3315 3741 3410 3839 μὲν
3446 3765 3703 3823 ἀποστάν-

2626 3879 2727 3887 —.
3326 3879 3455 3886 ἡμ,--ι-.
3501 3880 3653 3887 ——..

2096 3959 2105 3996 ,
2144 3939 2366 3989 generosa
2382 3930 2529 3989 atque
2549 3929 2738 3989 aperta,
2759 3926 3015 3988 animoque
3028 3925 3178 3988 magis
3196 3926 3536 3989 Peloponnesio
3552 3939 3701 3990 qnam

2146 4002 2332 4066 Attico,
2355 4007 2405 4055 et
2423 4001 2555 4068 quod
2569 4002 2629 4052 de
2651 4003 2856 4052 Hercule
2878 4002 3129 4065 Euripides
3149 4001 3295 4064 dicit,

2276 4099 2500 4144 1110011010
2511 4098 2771 4156 ,1001)111111,
2796 4097 2845 4140 in
2862 4096 3062 4142 maximis
3082 4097 3217 4142 rebus
3230 4096 3402 4142 1101111111
3420 4111 3434 4138 a

2144 4183 2237 4231 hoo
2252 4184 2381 4231 enim
2404 4183 2542 4232 nobis
2562 4166 2673 4231 lieet
2697 4181 2872 4231 addere
2896 4181 2953 4230 ns
2978 4195 3090 4245 qum
3125 4181 3467 4232 stesimsmtns
3494 4181 3697 4246 serm

2205 4263 2328 4310 sunt
2347 4261 2544 4324 quinon
2568 4261 2733 4310 furtim
2752 4261 3017 4323 Elpinicam
3042 4273 3156 4309 cnm
3179 4261 3405 4321 Cimone,
3428 4260 3511 4310 scd
3537 4262 3697 4324 palam

2143 4339 2401 4388 contractis
2420 4339 2600 4402 nuptiis
2611 4338 3004 4389 consuetudinem
3022 4338 3244 4388 habuisse
3257 4338 3419 4387 dicant
3432 4353 3617 4402 ,quum
3635 4341 3701 4390 ob

2142 4419 2471 4477 paupertatem
2494 4416 2682 4465 nullum
2704 4428 2792 4465 sua
2808 4415 3058 4464 nobilitate
3073 4414 3273 4477 dignum
3296 4415 3528 4466 inveniret
3552 4418 3700 4467 mari-

2143 4495 2285 4542 tum:
2299 4506 2451 4554 quum
2470 4495 2634 4542 autem
2656 4493 2854 4554 Callias,
2875 4505 2999 4542 unus
3016 4505 3076 4542 ex
3098 4492 3422 4555 locupmtibus
3439 4492 3699 4542 Athenien·

2140 4568 2297 4631 sibus,
2319 4583 2483 4620 amore
2504 4570 2607 4632 ejus
2627 4571 2797 4634 captus
2817 4572 3112 4632 accessisset,
3129 4572 3324 4631 paratus
3345 4569 3577 4619 mulctam
3595 4569 3699 4622 Mn

2140 4645 2257 4695 tiadi
2280 4646 2536 4709 u-roffltsm
2562 4647 2732 4698 mario
2750 4645 3191 4709 pumicopendere,
3210 4646 3426 4709 0111151101
3448 4645 3701 4699 amasim

2094 4783 2104 4806 ·
2142 4727 2192 4774 et
2208 4724 2460 4774 Cimonem
2476 4738 2583 4775 00111
2607 4725 2773 4775 cutim
2788 4727 2995 4787 nuptum
3012 4723 3217 4773 11011130.

2206 4899 2368 4950 Quum
2397 4900 2649 4947 Persarum
2679 4819 3200 4959 quidam⁴ohemoneso
3226 4897 3458 4946 decedere
3486 4896 3697 4956 00110111,

2141 4972 2223 5023 5011
2246 4972 2455 5022 Thraces
2469 4985 2615 5036 supra
2630 4974 2898 5022 accolentes
2916 4972 3007 5021 sihi
3024 4971 3340 5034 115οὴ001001,
3358 4975 3519 5035 spreto
3539 4973 3699 5022 Cimo·

499 5041 585 5089 rali
603 5040 876 5103 disciplina,
897 5056 1007 5105 qum
1025 5047 1130 5093 tum
1150 5046 1278 5108 apud
1297 5049 1493 5099 Graecos
1514 5050 1688 5112 passim
1712 5051 1760 5099 10
1784 5063 1874 5100 11511
1896 5053 2051 5112 erant,
2142 5048 2331 5110 11ορᾳυί
2354 5062 2467 5098 cum
2482 5049 2727 5113 perpaucis
2743 5047 3015 5099 triremibus
3032 5048 3231 5099 Athenis
3245 5048 3482 5111 solverat,
3502 5050 3698 5099 1001010

497 5119 769 5168 institutum
797 5123 939 5170 fuisse
963 5121 1498 5175 0111111101εο1001101110
1524 5127 1667 5176 etiam
1693 5130 1848 5178 Attica
1866 5129 2053 5191 lepore·
2094 5108 2101 5166 l
2140 5141 2223 5178 005
2240 5127 2449 5189 impetu,
2468 5131 2701 5189 quattuor
2720 5129 2823 5176 suis
2838 5126 3042 5176 navibus
3057 5125 3327 5176 tredecim
3314 5139 3524 5189 ipsorum
3549 5141 3698 5176 naves·

500 5210 593 5257 11110
623 5196 808 5248 «111-011111
843 5199 981 5261 plane
1007 5198 1146 5246 fuisse
1173 5201 1420 5249 01100111οι
1448 5203 1606 5252 indole
1631 5204 1773 5254 1111550
1794 5205 2052 5254 admodum
2142 5203 2572 5268 001111,0301·11511110
2592 5205 2741 5254 Persis
2757 5202 3050 5266 etsuperatis
3066 5202 3523 5266 Τ11100111115,1010111
3542 5205 3695 5254 ctu-r-
