4016 5916
495 428 608 478 468
1215 439 1221 444 ’
1799 413 2110 474 DURIDIS
2152 414 2369 473 SAMtt

495 570 563 605 ex
583 550 902 622 temporum
923 548 1125 603 ordine
1146 558 1491 622 postremum
1506 588 1522 616 ,
1551 548 1794 619 pertinet
1811 546 1883 601 ad
1907 565 2052 602 mor·

497 651 608 693 tem
635 636 981 712 Lysimachi,
1031 637 1127 708 qui
1168 637 1372 709 proelio
1410 645 1605 689 contra
1643 635 1936 690 Seleucum
1983 633 2053 688 ad

497 724 881 797 Corupedium
923 725 1215 778 commisso
1255 722 1459 778 cecidit
1496 722 1585 778 Ol.
1639 727 1778 790 124,
1815 728 1869 787 4.
1915 720 2049 779 281.

501 811 670 884 Quod
690 812 959 883 quoniam
996 812 1242 864 ulee'mum
1269 806 1396 879 suit
1426 820 1704 863 certamen
1731 810 2055 864 connm'lito—

500 919 630 954 uum
665 899 979 953 Alexandri
1009 896 1237 971 (Justin.
1278 898 1445 953 XVII
1467 937 1483 965 ,
1520 915 1543 951 1
1573 894 1629 970 ),
1667 894 1837 952 finem
1864 914 2057 951 narra-

501 988 666 1040 tionis
688 987 814 1041 satis
840 996 1030 1059 aptum
1057 985 1310 1059 praebere
1335 984 1525 1057 potuit
1544 1024 1560 1052 ,
1606 993 1773 1057 atque
1805 994 2059 1057 tempora

499 1074 785 1146 scriptoris
803 1072 1079 1145 impedire
1106 1072 1387 1139 videntur,
1418 1072 1719 1143 quominus
1740 1089 1867 1125 eum
1889 1071 2087 1150 longe⁸

499 1163 643 1216 ultra
659 1161 810 1214 hunc
835 1161 1133 1214 terminum
1154 1176 1508 1232 progressum
1533 1177 1645 1213 esse
1665 1160 2055 1216 existimemus,

500 1248 890 1302 Narrationem
935 1247 1106 1320 igitur
1155 1243 1456 1300 deduxerit
1493 1263 1666 1318 usque
1705 1244 1777 1300 ad
1821 1256 2061 1300 mortem

503 1332 752 1406 Seleuci,
799 1334 898 1405 qui
937 1333 1129 1405 paucis
1172 1343 1301 1405 post
1348 1331 1736 1405 Lysimachum
1779 1332 2062 1387 mensibus

504 1423 654 1478 diem
681 1422 838 1477 obiit.
863 1453 938 1464 —
961 1421 1211 1475 'situlum
1236 1421 1421 1493 operis
1442 1431 1666 1493 ponunt
1694 1419 1870 1475 modo
1892 1415 2063 1475 Ἱστο-

504 1505 608 1585 ρίαι
642 1509 738 1582 (fr.
769 1526 813 1563 1.
848 1527 904 1562 2.
944 1507 1035 1565 13.
1070 1526 1165 1578 27·
1195 1514 1290 1565 29.
1325 1505 1422 1564 30.
1450 1506 1539 1561 31.
1567 1506 1710 1581 32),
1739 1506 1915 1561 modo
1943 1506 2063 1561 Μα-

500 1591 734 1652 κεδονικά
765 1595 866 1670 (fr.
899 1593 953 1652 8.
986 1613 1075 1649 12.
1112 1593 1202 1649 16.
1233 1593 1305 1648 25
1336 1604 1390 1648 et
1407 1592 1501 1663 28,
1525 1593 1623 1648 ubi
1646 1604 1910 1666 corrupte
1948 1595 2066 1650 Λα-

503 1678 897 1756 κεδαιμονικά),
938 1680 1113 1736 1110ᾶο
1151 1677 1442 1750 Ἑλληνικά
1480 1680 1757 1757 (Diodor.
1787 1678 1827 1734 1.
1870 1681 1910 1736 l.
1949 1680 2066 1737 vid.

504 1781 624 1826 not.
647 1770 690 1847 ).
741 1772 886 1841 Quas
925 1770 1215 1824 titulorum
1244 1768 1451 1824 formas
1492 1767 1633 1823 nihil
1683 1770 1831 1824 inter
1868 1787 1926 1823 se
1960 1788 2069 1843 pu-

505 1877 675 1933 gnare
712 1876 881 1913 nemo
910 1875 1030 1911 non
1061 1858 1218 1912 videt
1254 1875 1506 1929 quaenam
1544 1868 1677 1911 tunc
1717 1856 1885 1912 suerit
1924 1858 2067 1911 ratio

506 1947 748 2000 historiae
794 1946 996 2002 Graecae
1029 1963 1218 2001 secum
1253 1954 1532 2018 reputans.
1568 1944 1783 2015 Quodsi
1817 1943 2071 1999 Eudocia

508 2047 565 2104 p.
602 2051 714 2105 229
753 2050 808 2091 V.
842 2016 1010 2108 Δῶρις
1031 2021 1234 2089 Duridi
1270 2042 1463 2087 nostro
1506 2027 1764 2107 Ἱστορίαν
1799 2026 2067 2108 Περσικὴν

512 2119 740 2191 tribuit,
769 2120 1008 2192 spectari
1037 2119 1261 2174 videtur
1298 2136 1366 2175 ea
1386 2119 1744 2174 historiarum
1771 2137 1933 2192 pars,
1971 2119 2071 2173 ubi

512 2206 582 2261 de
613 2205 924 2262 Alexandri
954 2206 1405 2280 expeditionibus
1431 2224 1617 2261 sermo
1655 2205 1777 2262 suit.
1805 2209 1891 2261 De
1919 2225 2069 2261 oeco·

513 2294 700 2348 nomia
736 2295 922 2367 operis
958 2294 1202 2348 certiora
1233 2293 1569 2366 plerumque
1611 2293 1718 2348 dici
1757 2298 2068 2366 nequeunt.

511 2383 644 2451 Quae
674 2382 933 2436 tenuiora
955 2380 1164 2435 indicia
1187 2382 1457 2436 scrutanti
1481 2397 1679 2435 eruere
1714 2398 1842 2435 eum
1885 2380 2069 2453 aliqua

513 2467 927 2541 probabilitatis
953 2469 1138 2541 specie
1167 2470 1324 2538 licet,
1351 2479 1480 2523 sunt
1501 2467 1617 2522 sere
1647 2468 1768 2534 haec
1797 2486 1811 2522 ε
1843 2467 2017 2522 Liber
2043 2469 2071 2521 1

505 2556 781 2629 pertinuit
814 2573 990 2629 usque
1023 2553 1095 2609 ad
1137 2571 1372 2629 regnum
1401 2555 1645 2629 Philippi
1673 2552 1795 2629 (01.
1835 2571 1942 2609 102
1963 2593 1979 2624 ,
2011 2552 2066 2609 3.

508 2674 585 2685 -
609 2653 711 2698 104
736 2684 751 2712 ,
820 2650 848 2708 4
873 2663 890 2712 ;
956 2641 1350 2715 370—361);
1409 2661 1540 2698 nam
1609 2642 1758 2697 libro
1823 2641 2070 2696 secundo

513 2730 526 2805 (
551 2730 621 2786 fr.
669 2731 734 2804 2)
773 2729 890 2802 jam
932 2730 1203 2803 agebatur
1250 2729 1321 2783 de
1361 2729 1513 2783 bello
1569 2729 1838 2784 Phocico.
1889 2728 2074 2783 Libris

515 2819 696 2872 11—v
717 2827 913 2872 auctor
927 2816 1174 2888 Philippi
1196 2817 1343 2889 regis
1361 2833 1449 2869 res
1467 2826 1644 2890 gestas
1666 2816 1923 2888 exposuit
1946 2815 2064 2890 (01.

520 2903 627 2960 105
651 2945 666 2971 ,
707 2918 964 2972 1—111,
1015 2919 1066 2956 1.
1113 2900 1500 2978 360—336);
1539 2919 1670 2957 nam
1697 2901 1844 2956 libro
1873 2902 2072 2975 quinto

513 2991 697 3046 adhuc
739 2989 811 3045 de
843 2990 1104 3062 Philippo
1145 2989 1358 3044 dictum
1399 3007 1511 3043 esse
1538 2989 1723 3062 arguit
1757 2988 1953 3064 fragm.
2000 2990 2069 3059 8,

517 3096 693 3151 quum
718 3095 784 3130 ex
806 3076 952 3130 libro
980 3078 1218 3148 septimo
1244 3076 1614 3151 fragmentum
1642 3074 1755 3150 (12)
1775 3074 1892 3147 jam
1915 3078 1984 3131 sit
2004 3077 2074 3132 de

515 3164 930 3237 expugnatione
958 3164 1108 3236 Tyri.
1133 3163 1314 3218 Libris
1342 3165 1552 3219 v1—X
1575 3162 1957 3219 tractabantur
1987 3183 2075 3219 res

515 3250 822 3308 Alexandri
845 3250 969 3324 (01.
1007 3270 1029 3305 1
1047 3269 1136 3319 11,
1165 3270 1304 3305 1-1
1325 3257 1412 3320 14,
1436 3270 1493 3307 2.
1525 3250 1834 3307 336-323
1853 3246 1895 3327 ).
1928 3253 2075 3306 Pen-

517 3341 614 3394 det
633 3339 905 3393 sententia
931 3356 1000 3392 ex
1024 3337 1093 3392 fr.
1125 3357 1191 3393 21
1217 3379 1232 3406 ,
1262 3338 1420 3411 quod
1447 3338 1520 3394 ad
1550 3358 1641 3394 an.
1676 3336 1788 3394 325
1820 3338 2072 3395 reseren-

519 3423 654 3478 dum
670 3443 781 3479 esse
799 3424 1043 3483 videtur.
1064 3425 1504 3481 LibriXI—-XV
1523 3435 1745 3480 amorte
1765 3426 2071 3482 Alexandri

517 3530 692 3585 1150110
708 3512 780 3567 ad
795 3513 881 3568 01.
911 3531 931 3566 1
950 3512 1041 3582 16,
1067 3531 1123 3566 2.
1158 3512 1190 3567 3
1205 3533 1225 3567 1
1239 3511 1294 3581 5,
1312 3515 1426 3568 sive
1445 3512 1515 3568 ad
1531 3523 1770 3568 mortem
1785 3514 2074 3587 Olympia-

519 3599 603 3655 dis
621 3610 788 3672 atque
806 3601 1268 3657 restaurationem
1287 3601 1626 3669 Thebarum,
1651 3602 1734 3655 uti
1755 3602 1984 3674 colligas
2004 3619 2072 3655 ex

517 3687 715 3759 fragm.
746 3687 842 3757 26,
864 3687 1022 3760 quod
1044 3688 1290 3760 pertinet
1305 3687 1377 3742 ad
1400 3706 1490 3745 an.
1511 3688 1646 3743 315.
1670 3688 1826 3745 Libri
1847 3689 1981 3745 XVI
1999 3720 2074 3730 —

517 3776 688 3846 xxlt
710 3775 1072 3830 continebant
1094 3793 1182 3830 res
1200 3786 1376 3849 gestas
1398 3776 1468 3831 ab
1498 3776 1587 3832 Ol.
1628 3795 1649 3830 1
1667 3775 1735 3831 16
1750 3817 1766 3844 ,
1801 3775 1946 3831 3-1
1963 3794 2033 3849 19
2056 3820 2070 3850 ,

519 3863 578 3919 4.
608 3864 722 3926 314
745 3894 821 3903 —
858 3861 964 3917 301
987 3905 1014 3937 ‚.
1033 3863 1147 3917 sive
1176 3881 1354 3935 usque
1377 3862 1449 3918 ad
1473 3882 1720 3937 pugnam
1748 3863 1820 3918 ad
1849 3865 2069 3937 Ipsum3

520 3968 648 4004 nam
676 3950 875 4025 fragm.
916 3949 989 4004 30
1019 3968 1090 4004 ex
1115 3950 1265 4004 libro
1292 3950 1464 4005 XXII
1491 3949 1850 4006 referendum
1883 3950 1956 4006 ad
1986 3952 2074 4008 01.

527 4055 671 4110 119,
706 4036 760 4092 3.
788 4036 958 4108 Quod
991 4055 1061 4093 ex
1096 4037 1245 4091 libro
1280 4037 1478 4092 XXIII
1517 4037 1751 4092 affertur
1795 4035 1899 4112 (fr.
1930 4037 2071 4113 32),

521 4125 792 4198 temporis
811 4122 1200 4179 definitionem
1221 4141 1341 4177 non
1363 4123 1624 4180 admittit.
1656 4126 1779 4179 Jam
1808 4142 1984 4197 quum
2003 4126 2077 4181 ad

522 4223 760 4268 mortem
805 4212 1118 4285 Lysimachi
1155 4212 1430 4285 supersint
1465 4210 1593 4266 anni
1636 4212 1833 4286 viginti
1865 4210 2077 4286 (300-

525 4299 631 4354 281
657 4297 675 4372 )
693 4339 709 4367 ,
746 4316 869 4372 quae
896 4309 976 4353 est
1008 4299 1069 4352 in
1101 4299 1386 4372 prioribus
1417 4299 1761 4355 narrationis.
1785 4299 2079 4373 prolixitas

522 4384 875 4457 probabilem
903 4384 1092 4439 reddit
1121 4384 1508 4457 conjecturam
1543 4386 1863 4441 Hullemani
1898 4397 2077 4441 totum

526 4488 668 4544 opus
694 4480 824 4525 octo
846 4479 900 4525 et
922 4470 1120 4544 viginti
1143 4470 1366 4526 circiter
1388 4471 1543 4526 libris
1568 4474 1894 4528 constitisse.

602 4556 771 4628 Quod
788 4559 1046 4611 orientali
1065 4559 1307 4632 Europae
1318 4559 1465 4632 parti
1480 4560 1766 4634 Philippus
1777 4571 1832 4615 et
1842 4561 2077 4616 Alexan·

527 4644 649 4714 der,
676 4643 827 4698 idem
856 4643 1297 4702 occidentalibus
1325 4647 1647 4721 regionibus
1670 4648 1777 4702 suit
1817 4649 2079 4723 Agatho-

527 4734 639 4787 cles
663 4730 722 4806 (1
740 4730 807 4787 15
824 4774 840 4801 ,
868 4735 1100 4789 lim-122
1122 4774 1137 4803 ,
1167 4740 1224 4799 4.
1250 4733 1560 4809 317-289
1579 4733 1619 4811 ).
1640 4736 1770 4807 Ejus
1789 4736 2077 4790 historiam

528 4820 740 4875 Samius
767 4829 1036 4892 tyrannus
1057 4822 1328 4893 peculiari
1354 4839 1527 4895 opere
1556 4823 1853 4892 enarravit,
1878 4825 1937 4877 in
1965 4842 2078 4896 quo

529 4906 918 4979 benigniorem
960 4924 1017 4961 se
1061 4908 1403 4981 Syracusano
1442 4910 1747 4983 praebuerit
1780 4928 1946 4982 quam
1986 4912 2032 4965 T
2033 4912 2081 4963 i-

532 5010 718 5062 maeus,
745 4993 844 5065 qui
866 4994 1055 5066 paullo
1072 5004 1198 5068 post
1217 4995 1489 5052 Duridem
1504 4990 1830 5070 Agathoclis
1845 5016 1933 5053 res
1949 5016 2081 5071 per-

534 5079 746 5133 censuit
762 5079 919 5136 libris
941 5083 1212 5155 quinque.
1241 5083 1502 5156 Ejusdem
1520 5084 1636 5139 fere
1658 5084 1900 5139 ambitus
1915 5086 2083 5140 suerit

2141 545 2820 623 ν111110101111111εΔοῧρ1ςέν
2845 546 2906 602 δε
2923 568 2955 602 κ
2975 544 3009 601 οἱ
3023 568 3094 623 τῃ
3114 549 3217 603 τῶν
3236 545 3355 624 περὶ
3375 545 3769 625 Ἀγαθοκλέα,

2147 633 2204 688 1(1
2228 634 2525 688 rectissime
2546 634 2910 690 Hullemanus
2941 634 3276 702 emendavit,
3302 654 3410 709 pro
3442 637 3499 692 ἐν
3523 634 3763 713 δεκάτῃ

2146 738 2424 793 reponens
2449 719 2499 775 ἐν
2530 716 2574 774 δ’
2600 719 2700 795 (cf.
2717 719 2788 777 fr.
2814 719 2944 796 38).
2969 708 3348 794 Ν11111111111515
3376 723 3527 778 locis
3548 724 3767 779 histo-

2146 807 2242 861 riae
2280 808 2570 862 materiam
2617 808 2785 862 Duris
2842 804 3165 881 collegerit,
3207 825 3281 862 an
3325 807 3576 864 sortasse
3609 811 3769 881 jam

2148 912 2277 950 usus
2298 896 2368 949 sit
2389 894 2570 950 Calliae
2593 905 2646 949 et
2674 894 2954 950 Antandri
2980 893 3052 950 de
3074 894 3383 969 Agathocle
3414 915 3765 953 commen-

2150 983 2328 1050 tariis,
2356 980 2653 1052 dijudicari
2673 984 2889 1053 nequit.
2915 982 3001 1036 Ex
3014 981 3337 1056 fragmentis
3350 983 3466 1038 hoc
3492 995 3762 1040 tantum

2152 1068 2385 1142 colligis,
2401 1068 2589 1124 multis
2608 1086 2750 1141 opus
2772 1067 2844 1122 de
2866 1077 3086 1136 natura,
3113 1068 3333 1142 fabulis,
3346 1070 3625 1128 mirandis
3645 1074 3761 1128 Si-

2154 1154 2321 1227 ciliae,
2354 1155 2555 1223 Italiae,
2606 1154 2792 1227 Libyae
2842 1153 3025 1228 (unde
3067 1156 3273 1227 Libyca
3299 1157 3511 1212 Duridi
3551 1156 3763 1213 affin-

2153 1251 2361 1313 guntur
2382 1239 2448 1297 sr.
2482 1240 2573 1313 35)
2603 1240 2924 1296 distinctum
2948 1241 3108 1297 fuisse
3133 1242 3602 1316 digressionibus,

2232 1328 2554 1400 Sequuntur
2570 1315 2730 1404 ῗΩροι
2758 1326 2994 1402 Σαμίων,
3021 1348 3265 1402 0110111111
3285 1331 3556 1386 laudatur
3579 1333 3761 1389 liber

2157 1413 2525 1470 duodecimus
2550 1416 2638 1469 vel
2680 1408 2866 1488 potius
2892 1433 2959 1471 ex
2992 1417 3308 1472 Hullemani
3349 1422 3745 1477 correctione

2158 1502 2300 1557 liber
2326 1502 2601 1557 secundus
2624 1499 2707 1578 (v.
2751 1501 2818 1557 fr.
2850 1501 3073 1579 50).1n
3113 1504 3223 1559 hoc
3265 1524 3503 1579 quoque
3542 1527 3750 1582 opere

2157 1608 2275 1643 11011
2311 1590 2590 1662 acquievit
2635 1591 2803 1646 Duris
2844 1594 3159 1665 argumenti
3202 1594 3505 1665 varietate,
3553 1613 3751 1668 quam

2158 1677 2273 1749 ipsa
2295 1676 2473 1731 insula
2490 1679 2640 1732 civili
2661 1678 2921 1749 historia,
2940 1677 3175 1732 deorum
3201 1679 3375 1747 cultu,
3403 1681 3613 1754 literis,
3637 1700 3742 1737 ar·

2161 1764 2305 1818 tibus
2328 1764 2623 1820 clarissima
2640 1763 2928 1839 praebebat
2948 1804 2965 1836 ,
3007 1765 3107 1819 sed
3128 1755 3288 1820 latius
3310 1785 3457 1840 saepe
3482 1767 3561 1822 ad
3591 1769 3744 1823 alie·

2161 1851 2320 1903 111012
2350 1851 2683 1924 exspatiatus
2707 1860 2804 1908 est.
2826 1852 3107 1923 Tempora
3130 1870 3320 1906 rerum
3351 1853 3745 1912 adornaverit

2167 1937 2475 1991 secundum
2504 1940 2819 2013 catalogum
2842 1937 3199 1993 sacerdotum
3226 1941 3257 1994 J
3262 1943 3489 1996 unonis.

2240 2026 2343 2096 Qui
2360 2037 2564 2098 praeter
2582 2027 2777 2081 allatos
2788 2024 2994 2081 Duridi
3010 2025 3143 2080 libri
3157 2027 3510 2099 tribuuntur,
3523 2049 3741 2086 eorum

2164 2124 2280 2167 tam
2305 2125 2497 2170 tenues
2524 2115 2773 2189 reliquiae
2796 2126 2956 2185 sunt,
2982 2127 3046 2170 ut
3068 2133 3236 2170 omne
3257 2115 3545 2187 judicium
3574 2141 3740 2194 prae-

2164 2200 2411 2257 cludant.
2437 2202 2606 2257 Tituli
2628 2202 2919 2258 manifesto
2942 2201 3199 2275 produnt
3221 2203 3516 2259 alumnum
3540 2207 3742 2262 Theo·

2163 2289 2391 2361 phrasti.
2422 2288 2599 2345 Modo
2627 2307 2698 2345 ne
2728 2288 3198 2362 Theophrasteam
3222 2291 3383 2344 istam
3412 2293 3475 2346 in
3505 2294 3743 2349 Duride

2165 2377 2433 2431 orationis
2453 2375 2809 2432 dulcedinem
2828 2378 3246 2451 exspectaveris,
3273 2378 3405 2432 Haec
3435 2381 3597 2434 enim
3614 2382 3740 2437 laus

2163 2464 2392 2536 propria
2419 2474 2499 2518 est
2519 2463 2908 2537 Theophrasti.
2948 2464 3173 2537 Reliqui
3209 2466 3573 2539 peripatetici
3616 2470 3739 2525 sere

2165 2567 2357 2605 omnes
2388 2549 2555 2605 rebus
2584 2552 2757 2626 magis
2779 2568 2948 2624 quam
2980 2551 3163 2606 verbis
3194 2552 3394 2607 intenti
3421 2571 3541 2609 esse
3584 2556 3738 2611 sole·

2163 2638 2332 2708 bant,
2365 2638 2777 2711 adversariique
2803 2638 3143 2711 scriptorum
3178 2638 3593 2713 λογοδαιδᾶλων,
3633 2647 3737 2716 qui

2165 2744 2234 2780 ex
2274 2727 2531 2781 Isocratis
2572 2725 2760 2780 schola
2808 2723 3327 2799 proficiscebantur.
3380 2733 3575 2803 Atque
3616 2734 3740 2804 ipse

2163 2816 2331 2869 Duris
2359 2815 2418 2869 in
2458 2814 2827 2869 Historiarum
2866 2816 3144 2888 prooemio
3176 2814 3274 2887 (fr.
3320 2815 3381 2892 1)
3427 2818 3739 2890 Ephorum

2162 2902 2530 2976 reprehendit
2555 2913 2611 2956 et
2634 2902 3092 2977 Theopompum,
3118 2904 3330 2977 quippe
3358 2906 3459 2977 qui
3482 2918 3737 2981 propter

2163 2990 2325 3044 nimis
2348 2991 2569 3045 anxiam
2592 2989 2664 3044 de
2693 2991 2996 3045 verborum
3021 2992 3429 3064 compositione
3452 2992 3738 3050 sedulita-

2166 3086 2278 3131 tem
2299 3075 2456 3132 αὖτοῦ
2480 3079 2572 3131 τοῦ
2591 3072 2804 3156 γράφειν
2827 3073 2980 3152 μόνον
3002 3076 3377 3152 ἐπιμεληθῆναι
3395 3079 3732 3137 videantur.

2165 3166 2310 3221 Hine
2330 3162 2580 3237 jejunam
2600 3166 2913 3221 orationem
2940 3176 2996 3220 et
3016 3165 3340 3241 languidam
3357 3165 3479 3223 fieri
3499 3166 3737 3240 judica-

2165 3254 2266 3325 vit,
2294 3271 2469 3326 quum
2486 3250 2706 3328 μίμησιν
2726 3253 2814 3310 καὶ
2829 3249 3015 3323 ἡδονὴν
3032 3254 3239 3310 habere
3255 3254 3480 3325 debeat,
3500 3276 3616 3331 qua
3637 3278 3732 3315 res

2164 3357 2280 3392 non
2306 3348 2419 3393 tam
2443 3350 2742 3395 narrantur
2759 3359 2927 3413 quam
2946 3342 3281 3415 pinguntur,
3313 3360 3427 3414 qua
3446 3343 3627 3399 verba
3654 3345 3734 3399 ad

2165 3414 2516 3483 communem
2538 3428 2707 3501 ipsius
2726 3430 2850 3482 vitae
2871 3430 3159 3484 veritatem
3179 3448 3346 3503 quam
3366 3433 3629 3504 proxime
3642 3451 3733 3486 ac-

2165 3514 2401 3583 cedunt,
2426 3526 2592 3587 atque
2618 3516 2694 3571 sic
2719 3534 2862 3589 quos
2893 3534 2981 3571 res
3004 3535 3239 3590 quaeque
3260 3518 3511 3591 postulat
3532 3537 3727 3574 sensus

2166 3603 2223 3655 in
2239 3603 2542 3677 legentium
2556 3604 2752 3658 animis
2766 3605 3096 3661 excitantur.
3112 3604 3269 3660 Istud
3284 3624 3422 3660 vero
3446 3603 3730 3680 μιμήσεως

2162 3689 2430 3758 studium,
2448 3691 2553 3744 nisi
2578 3709 2781 3746 severae
2804 3692 2936 3747 artis
2964 3694 3256 3766 praeceptis
3277 3694 3494 3767 regitur
3509 3704 3563 3748 et
3587 3704 3731 3750 tem-

2164 3787 2409 3849 peratur,
2423 3795 2538 3850 quo
2554 3777 2760 3832 ducere
2768 3781 3136 3847 consueverit,
3151 3798 3317 3834 nemo
3331 3782 3522 3837 nescit.
3534 3782 3729 3852 Quare

2166 3863 2405 3918 libenter
2430 3865 2634 3919 Photio
2680 3865 2984 3940 largiemur
3026 3865 3304 3922 Duridem
3350 3868 3410 3921 in
3448 3869 3513 3923 iis
3556 3869 3723 3941 111515,

2168 3968 2292 4023 quae
2314 3952 2373 4005 in
2391 3950 2621 4025 Ephoro
2646 3962 2703 4006 et
2724 3952 3091 4025 Theopompo
3108 3951 3523 4023 desideraverit,
3543 3955 3726 4008 multo

2166 4038 2250 4092 his
2294 4038 2619 4094 inferiorem
2647 4037 2808 4094 fuisse
2841 4036 2959 4114 (τῆς
2995 4039 3047 4094 ἐν
3086 4038 3255 4103 αὐτοῖς
3290 4038 3487 4105 τούτοις
3516 4041 3727 4097 οἷκονο·

2169 4123 2290 4199 μίας
2318 4122 2487 4181 πολλὰ
2511 4126 2613 4181 τῶν
2639 4122 2836 4204 ἀνδρῶν
2866 4123 3226 4204 λειπόμενος).
3253 4129 3555 4202 Dionysius
3577 4148 3729 4203 quo·

2168 4230 2277 4285 que
2302 4214 2424 4268 Hal.
2447 4214 2560 4287 (De
2579 4212 2735 4271 verb.
2768 4232 2955 4288 comp.
2987 4216 3209 4283 tom-V,
3230 4234 3294 4289 p.
3321 4214 3395 4269 28
3416 4212 3521 4289 R.)
3546 4218 3729 4272 Duri-

2169 4299 2296 4354 dem
2326 4300 2470 4356 inter
2498 4319 2593 4356 eos
2614 4313 2883 4372 recenset,
2915 4302 3097 4375 quiin
3115 4303 3423 4357 verborum
3448 4306 3728 4375 composi-

2167 4389 2366 4442 sitione
2411 4385 2575 4442 valde
2632 4390 2973 4464 negligentes
3019 4407 3077 4444 se
3120 4389 3468 4463 praebuerint
3483 4431 3500 4459 ,
3556 4399 3727 4463 atque

2168 4470 2408 4537 τοιαύτας
2454 4471 2724 4539 συντάξευς
2765 4471 3069 4549 κατέλιπον,
3118 4470 3230 4541 οἵας
3268 4474 3434 4542 οὐδεὶς
3479 4475 3727 4549 ὑπομένει

2170 4558 2327 4638 μέχρι
2345 4553 2615 4637 κορὼνίδος
2636 4561 2870 4622 διελθεῖν.
2888 4563 2971 4621 Cf.
2992 4564 3273 4619 Himerius
3288 4565 3540 4620 Declam.
3562 4565 3725 4631 XIV,

2173 4668 2243 4721 27
2266 4649 2357 4705 ed.
2384 4649 2667 4705 VVernsdf.
2692 4644 2925 4726 εἘγωγε
2946 4646 3197 4728 πρότερον
3211 4648 3299 4707 ἐπὶ
3317 4649 3423 4715 τοῖς
3438 4649 3723 4730 Ἡροδότου

2169 4734 2335 4809 λόγοις
2376 4733 2537 4805 ἡδέως
2576 4733 2918 4811 διατιθέμενος
2958 4736 3122 4792 παῖδα
3148 4734 3236 4794 τὸν
3280 4734 3559 4816 Ἡρόδοτον
3600 4737 3732 4815 πρὸς

2171 4820 2264 4892 τὴν
2294 4819 2473 4879 τούτου
2503 4821 2917 4899 (Hermogenis)
2959 4819 3110 4902 χάριν
3138 4820 3419 4902 ὑπείληφα.
3446 4822 3644 4903 Μικροὶ
3675 4824 3733 4882 δέ

2173 4932 2262 4984 μοι
2283 4907 2464 4968 λοιπὸν
2488 4907 2790 4969 ‘Eudami
2812 4932 2867 4967 τε
2898 4909 2987 4967 καὶ
3029 4908 3271 4989 Δούριδες
3289 4955 3306 4988 ,
3331 4910 3409 4968 ἔτι
3434 4910 3525 4969 καὶ
3567 4915 3603 4981 ἡ
3641 4916 3733 4969 τοῦ

2173 4994 2614 5077 Ἁλικαρνασσέως
2658 4994 2864 5066 ποίησις
2899 4995 2988 5054 καὶ
3016 4994 3153 5062 ὅσοις
3194 4995 3335 5074 λόγῳ
3380 4997 3587 5075 γράψαι
3636 4999 3733 5065 τὴν

2172 5081 2476 5157 οἰκουμένην
2516 5079 2715 5152 σπουδὴ
2752 5081 2950 5159 ἐγένετο
2991 5080 3117 5159 πρὸς
3142 5081 3362 5148 ,ἐκείνας
3389 5081 3485 5147 τὰς
3513 5083 3736 5158 ἴυγγας,

537 5182 679 5236 011115
705 5166 892 5222 Samii.
934 5169 1074 5259 Nam
1111 5170 1268 5242 quod
1297 5172 1355 5225 in
1377 5170 1536 5226 libris
1567 5170 1820 5226 Athenaei
1846 5171 1950 5252 (fr.
1987 5174 2079 5249 41)
2136 5180 2146 5189 “
2182 5160 2262 5236 αἶς
2288 5160 2436 5235 οὗτος
2475 5170 2764 5241 κατακηλεῖ
2795 5168 2909 5237 τοὺς
2953 5166 3231 5235 ἀκούοντας
3276 5170 3389 5228 Sed
3430 5171 3741 5228 indulserit
