4016 5916
1652 425 2136 489 FRAGMEMA.
3375 443 3491 492 405»
3559 479 3569 496 .

316 562 525 624 ναῖκας,
560 551 697 616 υἱοὺς
723 550 814 628 μὲν
844 549 1090 620 πολλοὺς,
1129 547 1384 627 θυγατέρα
1421 549 1472 605 δὲ
1515 547 1639 623 μίαν
1675 554 1855 625 γεννῆ-

317 664 429 697 σαι·
475 639 563 698 καὶ
611 639 806 697 τούτων
855 637 1106 708 ἐνηλίκων
1164 634 1485 712 γενομένων,
1529 644 1709 693 πᾶσαν
1762 635 1855 706 τὴν

315 726 541 798 Ἰνδικὴν
567 725 857 802 διελόμενον
885 727 955 790 εἷς
976 725 1091 789 ἴσας
1113 730 1217 787 τοῖς
1242 722 1436 787 τέκνοις
1461 723 1670 801 μερίδας
1693 722 1858 780 ἅπαν·

315 837 407 879 τας
435 812 550 879 τοὺς
576 811 713 878 υἱοὺς
739 809 1006 879 ἀποδεῖξαι
1046 809 1292 888 βασιλέας
1309 853 1326 883 ,
1359 807 1484 885 μίαν
1523 807 1577 866 δὲ
1606 806 1858 886 θυγατέρα

314 901 572 980 θρέψαντα
602 902 690 956 καὶ
718 895 908 969 ταύτην
944 896 1253 975 βασίλισσαν
1275 893 1562 962 ἀποδεῖξαι.
1610 897 1701 970 (2ο)
1726 892 1858 953 Κτί-

317 1010 445 1057 στην
471 1009 528 1044 τε
561 985 761 1044 πόλεων
794 987 887 1044 οὐκ
913 983 1098 1061 ὀλίγων
1122 979 1390 1060 γενέσθαι,
1424 982 1516 1038 καὶ
1544 980 1735 1037 τούτων
1763 978 1857 1050 τὴν

318 1073 729 1153 ἐπιφανεστάτην
775 1071 865 1129 καὶ
924 1071 1173 1149 μεγίστην
1220 1072 1634 1149 προσαγορεῦσαι
1694 1066 1860 1125 Παλί-

320 1161 507 1240 ὃοθρα·
546 1158 937 1218 κατασκευάσαι
975 1159 1021 1215 δ’
1050 1160 1101 1216 ἐν
1135 1158 1268 1234 αὐτῇ
1300 1154 1389 1213 καὶ
1420 1153 1657 1232 βασίλεια
1694 1155 1860 1211 πολυ-

314 1249 438 1317 τελῆ
462 1244 551 1304 καὶ
579 1247 771 1316 πλῆθος
806 1243 1089 1319 οἰκητόρων
1119 1246 1427 1320 καθιδρῦσαι
1447 1264 1458 1277 ·
1492 1240 1587 1310 τήν
1620 1263 1676 1299 τε
1710 1239 1860 1299 πόλιν

317 1332 579 1410 ὀχυρῶσαι
608 1330 815 1411 τάφροις
844 1329 1123 1408 ἀξιολόγοις
1145 1327 1418 1404 ποταμίοις
1444 1327 1596 1383 ὕδασι
1618 1327 1859 1405 πληρου-

318 1417 513 1493 μέναις.
604 1419 695 1495 (27)
718 1416 827 1477 Καὶ
850 1416 937 1474 τὸν
972 1416 1064 1491 μὲν
1093 1413 1360 1494 Ἡρακλέα
1379 1412 1475 1484 τὴν
1498 1411 1548 1480 ἐξ
1579 1412 1860 1492 ἀνθρώπων

320 1504 635 1578 μετάστασιν
666 1503 1013 1580 ποιησάμενον
1042 1501 1298 1561 ἀθανάτω
1323 1509 1497 1579 τυχεῖν
1533 1504 1710 1575 τιμῆς·
1739 1499 1854 1566 τοὺς

319 1593 361 1650 δ’
396 1591 681 1668 ἀπογόνους
723 1592 879 1649 αὐτοῦ
919 1590 1323 1669 βασιλεύσαντας
1349 1591 1433 1646 ἐπὶ
1460 1586 1658 1653 πολλὰς
1686 1586 1862 1664 γενεὰς

314 1678 403 1736 καὶ
427 1677 638 1757 πράξεις
666 1676 959 1754 ἀξιολόγους
986 1674 1505 1756 μεταχειρισαμένους
1534 1674 1666 1749 μήτε
1698 1696 1861 1750 στρα·

314 1765 457 1824 τείαν
486 1763 758 1843 ὑπερόριον
778 1764 1107 1835 «ποιήσασθαι
1126 1810 1140 1834 ,
1177 1763 1310 1835 μήτε
1347 1761 1590 1820 ἀποικίαν
1624 1763 1695 1827 εἷς
1727 1761 1859 1819 ἄλλο

316 1853 452 1918 ἔθνος
478 1852 802 1909 ἀποστεῖλαι.
835 1850 1091 1929 ε’Υστερον
1127 1848 1181 1907 δὲ
1198 1847 1409 1914 πολλοῖς
1436 1847 1571 1906 ἔτεσι
1596 1845 1688 1912 τὰς
1722 1846 1860 1904 πλεί-

316 1961 439 2003 στας
467 1936 560 2013 μὲν
586 1939 683 1995 τῶν
705 1935 907 1996 πόλεων
931 1937 1415 2015 δημοκρατηθῆναι,
1439 1935 1594 1990 τινῶν
1618 1930 1675 1989 δὲ
1704 1934 1859 1989 ἐθνῶν

314 2023 405 2089 τὰς
428 2022 691 2102 βασιλείας
712 2023 974 2098 διαμεῖναι
1011 2021 1166 2100 μέχρι
1196 2025 1284 2091 τῆς
1307 2017 1637 2098 Ἀλεξάνδρου
1677 2017 1858 2076 διαδά-

317 2133 462 2175 σεως.
513 2108 606 2188 (28)
638 2109 893 2186 Νομίμων
930 2109 973 2166 δ’
1006 2108 1169 2167 ὄντων
1191 2106 1336 2185 παρὰ
1370 2114 1476 2172 τοῖς
1504 2105 1682 2170 Ἰνδοῖς
1715 2105 1859 2163 ἐνίων

319 2195 710 2273 ἐξηλλαγμένων
734 2194 1165 2272 θαυμασιώτατον
1190 2194 1251 2252 ἄν
1284 2216 1359 2259 τις
1384 2193 1639 2269 ἡγήσαιτο
1676 2191 1734 2249 τὸ
1764 2214 1859 2249 κα-

286 2277 297 2292 ’
316 2280 582 2361 ταδειχθὶν
619 2280 719 2340 ὑπὸ
757 2284 859 2339 τῶν
890 2280 1125 2362 ἀρχαίων
1165 2282 1290 2357 παρ’
1329 2279 1499 2344 αὐτοῖς
1540 2276 1828 2357 φιλοσόφων
1847 2301 1859 2314 ·

316 2366 707 2445 νενομοθέτηται
742 2367 844 2448 γὰρ
869 2368 995 2446 παρ’
1027 2368 1197 2432 αὐτοῖς
1239 2367 1423 2424 δοῦλον-
1446 2361 1643 2441 μηδένα
1670 2362 1729 2421 τὸ
1757 2386 1858 2421 πα-

318 2457 489 2532 ράπαν
528 2444 684 2526 εἶναι,
732 2453 1024 2535 ἐλευθέρους
1061 2453 1109 2512 δ’
1141 2452 1463 2531 ὑπάρχοντας
1503 2448 1596 2520 τὴν
1646 2450 1861 2523 ἰσότητα

316 2551 471 2617 τιμᾶν
514 2543 565 2600 ἐν
606 2551 757 2600 πᾶσι.
806 2542 944 2608 Τοὺς
972 2540 1074 2621 γὰρ
1119 2539 1376 2618 μαθόντας
1418 2538 1539 2615 μήθ’
1594 2539 1862 2619 ὑπερέχειν

320 2628 443 2704 μήθ’
492 2627 797 2687 ὑποπίπτειν
847 2629 1020 2696 ἄλλοις
1075 2628 1347 2708 κράτιστον
1396 2626 1528 2695 ἴξειν
1582 2627 1692 2705 βίον
1735 2627 1862 2705 πρὸς

321 2714 528 2782 ἁπάσας
552 2714 644 2782 τὰς
672 2714 1033 2796 περιστάσεις·
1063 2715 1238 2785 εὔηθες
1267 2713 1368 2794 γὰρ
1396 2706 1528 2772 εἶναι
1556 2714 1740 2790 νόμους
1767 2712 1860 2787 μὲν

320 2802 400 2862 ἐπ’
426 2802 539 2875 ἴσης
562 2804 751 2862 τιθέναι
775 2811 934 2874 πᾶσι,
962 2802 1055 2868 τὰς
1091 2804 1139 2860 δ’
1163 2800 1393 2868 ἔξουσίας
1428 2800 1730 2876 ἀνωμάλους
1757 2799 1860 2858 καὲ

318 2891 670 2960 τασκευάζειν.

397 2980 517 3039 XL.
541 2999 612 3038 το.
641 2979 721 3039 Τὸ
737 2978 792 3036 δὲ
818 2987 920 3035 πᾶν
944 2980 1134 3048 πλῆθος
1149 2980 1250 3035 τῶν
1272 2977 1446 3035 Ἰνδῶν
1469 2978 1540 3042 εἷς
1563 2975 1695 3034 ἑπτὰ
1722 2975 1859 3052 μέρη

320 3144 466 3193 aniani
485 3148 685 3193 cunctos
715 3157 1019 3206 exsuperasse
1042 3144 1292 3203 mortalem
1315 3148 1585 3205 terramque
1609 3147 1656 3191 et
1679 3154 1813 3191 mane
1837 3153 1866 3189 a

322 3222 547 3270 monstris
566 3233 854 3281 repurgasse.
888 3220 986 3280 (25)
1006 3224 1265 3281 Quumque
1283 3233 1345 3269 ex
1375 3219 1638 3268 multarum
1659 3230 1867 3267 uxorum

320 3298 548 3360 conjugo
564 3298 687 3346 tilios
712 3297 905 3358 quidem
928 3298 1129 3357 multos,
1157 3296 1240 3345 sed
1270 3310 1415 3347 unam
1444 3297 1697 3346 dumtaxat
1720 3296 1865 3346 tiliam

320 3378 611 3438 procreasset
626 3391 640 3435 ς
663 3375 839 3424 adultis
851 3375 925 3424 hls
938 3375 1120 3426 indiam
1134 3376 1403 3425 universam
1418 3375 1467 3424 in
1484 3377 1642 3438 partes
1656 3373 1864 3437 {equales

322 3453 563 3514 divisisse,
592 3453 660 3502 ita
686 3455 741 3501 ut
766 3466 908 3502 suum
927 3454 1101 3516 mique
1130 3453 1305 3514 regioni
1329 3467 1391 3503 ex
1422 3453 1534 3503 tiliis
1558 3465 1714 3515 regem
1738 3451 1864 3501 desi-

323 3532 488 3591 gnaret
501 3565 515 3591 ,
536 3532 681 3590 alque
699 3528 845 3578 liliam
859 3542 1076 3592 quoque,
1096 3542 1241 3591 quam
1265 3532 1456 3579 unicam
1470 3530 1768 3587 nutriverat,
1796 3540 1865 3576 re·

322 3607 483 3667 ginam
510 3604 826 3655 constitueret
876 3607 976 3665 (26)
1007 3606 1180 3655 Multas
1212 3606 1274 3655 ab
1300 3619 1358 3656 eo
1379 3606 1522 3656 urbes
1549 3604 1797 3662 conditas,
1819 3604 1869 3653 et

323 3683 448 3732 inter
466 3682 577 3742 bas,
614 3694 727 3743 quoe
749 3682 954 3730 maxima
977 3682 1026 3731 et
1053 3681 1334 3744 clarisslma,
1369 3683 1643 3733 Palibothra
1676 3693 1864 3730 nuncu·

322 3762 481 3822 palor,
506 3760 555 3808 in
589 3771 713 3819 qua,
744 3759 867 3821 regia
885 3762 1067 3824 magnis
1095 3762 1366 3824 sumptibus
1387 3760 1607 3818 condita,
1639 3769 1866 3820 magnum

310 3837 500 3891 ‚civium
532 3848 788 3884 numerum
817 3837 1123 3901 collocasset,
1146 3851 1349 3900 eamque
1374 3836 1509 3886 tow
1531 3847 1661 3898 aqua
1682 3833 1866 3883 fluviali

323 3919 514 3980 repletis
532 3916 1014 3970 circutum-sivisset.
1040 3922 1137 3981 (27)
1159 3924 1320 3983 lpsum
1357 3918 1562 3981 denique
1591 3917 1866 3967 mortalium

323 3996 565 4045 consortio
594 3999 870 4058 exemptum
901 3997 1088 4049 divinos
1106 3999 1311 4048 honores
1351 3997 1678 4060 promeruisse.
1713 3995 1868 4057 Hujus

321 4075 463 4123 etiam
480 4078 698 4137 posteros
710 4111 725 4133 ,
744 4075 1021 4123 continuato
1051 4089 1137 4138 per
1156 4077 1333 4125 multas
1353 4078 1519 4125 oetates
1538 4072 1762 4135 imperio,
1790 4084 1867 4121 res

323 4152 529 4214 egregias
562 4151 755 4213 gessisse
775 4185 789 4210 ,
811 4151 943 4200 nulla
969 4155 1128 4201 tasnen
1160 4155 1296 4201 extra
1328 4151 1502 4201 limites
1519 4150 1648 4211 regni
1668 4149 1863 4211 expedi·

323 4229 455 4278 tione
481 4228 628 4281 facta,
651 4240 739 4275 nec
760 4217 957 4277 coloniis
985 4228 1044 4277 ad
1082 4228 1199 4276 alias
1219 4230 1382 4289 gentes
1407 4225 1640 4275 deductis.
1672 4228 1731 4275 Et
1757 4224 1865 4274 licet

322 4308 427 4368 post
447 4304 639 4364 longum
658 4304 884 4366 temporis
899 4304 1200 4353 intervallum
1212 4303 1427 4352 civitates
1436 4303 1675 4365 pleroeque
1686 4303 1866 4350 statum

322 4381 601 4444 popularem
651 4379 825 4429 fuerint
861 4381 1123 4442 amplexm,
1162 4392 1306 4440 regna
1339 4382 1499 4427 tamen
1540 4377 1769 4427 nonnulla
1805 4376 1865 4426 ad

322 4454 576 4508 Alexandri
604 4469 755 4516 nsque
772 4456 1033 4505 adventum
1052 4457 1378 4519 permansisse.
1401 4458 1499 4515 (28)
1523 4458 1685 4512 Quum
1703 4455 1863 4525 autem

317 4532 580 4597 peculiares
597 4534 647 4581 et
671 4545 701 4581 a
718 4532 890 4582 ceteris
906 4533 1083 4581 alienas
1102 4533 1205 4582 ludi
1224 4533 1348 4594 leges
1361 4531 1565 4581 habeant
1586 4564 1602 4591 ,
1645 4531 1785 4579 istam
1805 4528 1866 4577 ab

276 4665 295 4677 .
318 4611 527 4673 antiquis
544 4623 712 4659 eorum
737 4609 1029 4672 philosophis
1044 4611 1276 4659 sancitam
1290 4646 1305 4669 ,
1327 4622 1426 4672 pne
1441 4609 1611 4658 ceteris
1632 4607 1866 4656 admiran-

315 4688 429 4735 dam
463 4686 574 4749 quis
603 4688 807 4735 censeat.
847 4688 968 4748 Lege
999 4686 1126 4734 enim
1161 4689 1361 4735 cantum
1394 4688 1492 4747 est,
1519 4697 1582 4734 ne
1611 4684 1863 4746 quisquam

318 4763 515 4813 omnino
537 4774 706 4810 servus
723 4762 847 4810 inter
864 4761 989 4823 ipsos
1004 4761 1083 4822 sit;
1102 4762 1184 4811 sed
1203 4762 1391 4812 utlibet·
1408 4761 1734 4823 unumquisque
1750 4774 1861 4810 cum

316 4840 421 4890 aliis
441 4838 762 4899 aequalitatem
780 4838 924 4886 colat.
952 4839 1045 4893 Qui
1062 4839 1190 4888 enim
1208 4851 1299 4887 nec
1314 4838 1580 4900 superiores
1594 4873 1609 4897 ,
1628 4850 1719 4886 nec
1739 4836 1861 4887 infe-

317 4916 465 4965 riores
488 4914 594 4962 altis
614 4926 715 4962 esse
749 4912 1029 4973 didicerint,
1059 4914 1146 4964 hos
1182 4915 1332 4965 vitam
1368 4914 1428 4964 ad
1462 4927 1629 4964 omnes
1659 4915 1863 4965 fortunae

316 5004 457 5039 rasus
476 4990 659 5051 optime
676 4988 959 5038 instructam
978 4988 1154 5039 habere
1176 5011 1188 5041 ε
1208 5005 1318 5041 nam
1336 4992 1537 5041 stultum
1551 5003 1652 5041 esse
1667 5027 1683 5052 ,
1700 4992 1738 5041 si
1756 4992 1865 5053 quis

316 5066 445 5123 lagos
475 5063 663 5112 cunctis
681 5076 846 5125 wquas
866 5064 1158 5125 promulget,
1183 5069 1232 5115 et
1262 5066 1631 5129 inaequalitatem
1656 5067 1861 5116 tantilla·

320 5145 424 5187 turn
447 5140 636 5189 interim
655 5143 852 5189 statuat.

1947 549 2213 628 διῄρηται,
2235 538 2309 606 ὧν
2334 551 2440 608 ἐστι
2470 549 2529 608 τὸ
2557 549 2651 627 μὲν
2673 553 2873 628 πρῶτον
2897 549 3154 626 cumpa—
3169 551 3460 631 φιλοσόφων
3476 596 3494 620 ,

1946 637 2129 706 πλήθει
2168 636 2261 711 μὲν
2290 640 2391 695 τῶν
2434 635 2608 694 ἄλλων
2653 641 2822 716 μερῶν
2850 637 3181 715 λειπόμενον,
3212 644 3286 716 τῇ
3306 640 3350 696 δ’
3381 642 3492 697 ε’πι·

1946 722 2128 803 φανεία
2171 724 2381 781 πάντων
2417 728 2678 800 πρωτεῦον
2696 745 2710 759 ·
2742 722 3126 803 ἀλειτούργητοι
3156 723 3255 803 γὰρ
3281 724 3420 792 ὄντες
3447 731 3492 786 οἱ
3507 761 3520 780 ι

1946 808 2212 888 φιλόσοφοι
2257 807 2428 879 πάσης
2471 807 2751 888 ὑπουργίας
2790 809 2896 868 οὔθ’
2943 809 3130 889 ἑτέρων
3174 810 3493 890 κυριεύουσιν
3515 851 3520 860 -

1945 893 2051 952 οὔθ’
2074 896 2156 970 ὑφ’
2185 892 2370 973 ἑτέρων
2396 893 2745 963 δεσπόζονται.
2782 894 2871 973 (so)
2899 894 3415 973 Παραλαμὸάνονται
3438 899 3492 956 δὲ

1948 979 2048 1038 ὑπὸ
2076 979 2170 1055 μὲν
2204 984 2307 1039 τῶν
2336 981 2551 1038 ἰδιωτῶν
2580 979 2653 1045 είς
2678 1002 2734 1037 τε
2762 979 2852 1046 τὰς
2879 983 2931 1039 ἐν
2960 984 3036 1061 τῷ
3066 979 3162 1060 βίῳ
3200 982 3376 1050 θυσίας
3404 989 3494 1044 καὶ

1947 1069 2017 1133 εἷς
2043 1067 2132 1132 τὰς
2155 1070 2256 1125 τῶν
2283 1066 2722 1137 τετελευτηκότων
2750 1067 3068 1144 ἐπιμελείας,
3096 1072 3167 1135 ὡς
3192 1073 3320 1136 θεοῖς
3348 1093 3495 1149 γεγο-

1947 1154 2086 1219 νότες
2124 1153 2557 1233 προσφιλέστατοι
2580 1151 2668 1211 καὶ
2701 1154 2820 1232 περὶ
2843 1156 2946 1211 τῶν
2985 1156 3039 1212 ἐν
3065 1151 3226 1239 ᾍδου
3267 1156 3495 1233 μάλιστα

1948 1241 2204 1318 ἐμπείρως
2242 1242 2470 1320 ἔχοντες,
2521 1239 2713 1311 ταύτης
2770 1264 2827 1299 τε
2876 1244 2967 1311 τῆς
3021 1243 3301 1321 ὑπουργίας
3355 1246 3518 1325 δῶρά-

1945 1350 2003 1386 τε
2029 1328 2118 1385 καὶ
2145 1327 2298 1403 τιμὰς
2323 1328 2678 1405 λαμὸάνουσιν
2706 1327 2993 1405 ἀξιολόγους
3009 1352 3023 1367 ·
3042 1332 3115 1409 ciffi
3134 1329 3187 1388 δὲ
3212 1333 3365 1411 κοινῷ
3393 1337 3511 1391 τῶν,

1948 1414 2125 1474 Ἰνδῶν
2155 1415 2386 1493 μεγάλας
2407 1413 2725 1492 παρέχονται
2752 1413 2931 1493 χρείας
2957 1413 3493 1495 παραλαμόανόμενοι

1950 1499 2043 1576 μὲν
2072 1499 2205 1559 κατὰ
2233 1501 2296 1558 τὸ
2317 1500 2432 1559 νέον
2460 1501 2568 1567 ἔτος
2600 1500 2688 1559 ἐπὶ
2715 1500 3070 1577 τὴν·μεγάλην
3100 1501 3338 1576 σύνοδον,
3359 1526 3494 1584 πρυ-

1947 1586 2181 1664 λέγοντες
2204 1588 2257 1646 δὲ
2293 1596 2395 1654 τοῖς
2422 1588 2641 1657 πλήθεσι
2665 1589 2784 1666 περὶ
2821 1589 3041 1666 αὐχμῶν
3063 1589 3152 1647 καὶ
3175 1589 3463 1670 ἰπομὸρίας
3479 1635 3495 1660 ,

1947 1675 2034 1734 ἔτι·
2053 1674 2603 1752 δὲάνέμων-εὖπνοίας
2632 1676 2722 1732 καὶ
2758 1673 2920 1733 νόσων
2948 1675 3038 1733 καὶ
3065 1680 3165 1734 τῶν
3195 1677 3365 1735 ἄλλων
3394 1682 3495 1736 τῶν

1948 1761 2242 1838 δυναμένων
2259 1760 2375 1828 τοὺς
2395 1761 2674 1827 ἀκούοντας
2693 1763 2981 1842 ὠφελῆσαι.
3008 1766 3040 1837 (ι
3055 1781 3102 1832 h
3125 1762 3211 1823 Τὰ
3240 1764 3496 1841 μέλλοντα

1946 1847 2048 1927 γὰρ
2074 1847 2487 1927 προακούσαντες
2509 1846 2562 1906 οἵ
2584 1870 2639 1905 τε
2669 1847 2850 1906 πολλοὶ
2869 1848 2959 1906 καὶ
2988 1852 3015 1906 ὁ
3038 1851 3276 1928 βασιλεὺς
3293 1853 3499 1924 ,ἐκπλη-

1951 1936 2122 2010 ροῦσιν
2145 1932 2224 1990 ἀεὶ
2247 1933 2307 1990 τὸ
2330 1934 2516 2008 μέλλον
2540 1933 2792 1991 ἐκλείπειν
2814 1932 2905 1991 καὶ
2926 1939 3498 2013 προκατασκευάζουσιν

1950 2018 2035 2076 ἀεί
2069 2043 2122 2077 τι
2148 2023 2249 2077 τῶν
2275 2021 2550 2099 χρησίμων
2569 2044 2581 2057 ·
2611 2024 2639 2078 ὁ
2666 2019 2720 2077 δὲ
2749 2020 3024 2099 ἀποτυχὼν
3067 2024 3170 2079 τῶν
3207 2024 3500 2103 φιλοσόφων

1951 2107 2004 2162 ἐν
2043 2109 2155 2172 ταῖς
2190 2106 2537 2186 προρρήσεσιν
2570 2107 2735 2179 ἄλλην
2773 2106 2866 2183 μὲν
2914 2106 3157 2184 οὐδεμίαν
3186 2110 3497 2189 ἀναδέχεται

1949 2192 2204 2270 τιμωρίαν
2237 2190 2272 2263 ἢ
2305 2194 2669 2274 βλασφημίαν,
2698 2195 2896 2273 ἄφωνος
2930 2192 2982 2252 δὲ
3008 2195 3233 2253 διατελεῖ
3253 2196 3337 2254 τὸν
3375 2199 3498 2255 λοι-

1948 2280 2044 2338 πὸν
2077 2279 2207 2358 βίον.
2273 2308 2282 2312 ’

2029 2386 2103 2425 ³2.
2149 2366 2399 2444 Δεύτερον
2422 2367 2466 2425 δ’
2510 2367 2619 2425 ἐστὶ
2644 2365 2796 2446 μέρος
2819 2366 2878 2425 τὸ
2904 2370 3007 2425 τῶν
3033 2370 3272 2446 γεωργῶν
3290 2414 3304 2438 ,
3341 2369 3392 2427 οἳ
3420 2373 3495 2448 τῷ

1948 2453 2136 2525 πλήθει
2175 2457 2276 2513 τῶν
2307 2454 2480 2514 ἄλλων
2522 2453 2655 2512 πολὺ
2682 2453 2920 2533 προέχειν
2959 2456 3215 2513 δοκοῦσιν·
3263 2447 3400 2515 οὗτοι
3441 2457 3496 2514 δὲ

1950 2538 2192 2616 πολέμων
2216 2540 2306 2598 καὶ
2332 2545 2422 2612 τῆς
2450 2540 2611 2611 ἄλλης
2633 2540 2948 2619 λειτουργίας
2974 2541 3239 2620 ἀφειμένοι
3263 2542 3381 2622 περὶ
3405 2541 3495 2608 τὰς

1947 2629 2201 2705 γεωργίας
2230 2629 2597 2706 ἀσχολοῦνται·
2624 2628 2714 2685 καὶ
2740 2629 2904 2693 οὐδεὶς
2925 2625 2991 2685 ἂν
3011 2627 3255 2705 πολέμιος
3279 2651 3496 2707 περιτυ-

1947 2711 2058 2792 χὼν
2081 2716 2293 2793 γεωργῶ
2322 2712 2458 2771 κατὰ
2477 2711 2571 2783 τὴν
2593 2712 2771 2794 χώραν
2800 2713 3090 2785 ἀδικήσειεν
3108 2759 3124 2786 ,
3151 2716 3269 2772 ἀλλ’
3297 2719 3366 2781 ὡς
3384 2739 3494 2774 κοι-

1947 2799 2060 2866 νοὺς
2103 2799 2370 2881 εὐεργέτας
2417 2800 2691 2877 ἡγούμενοι
2735 2801 2908 2871 πάσης
2951 2800 3149 2867 ἀδικίας
3191 2801 3494 2881 ἀπέχονται.

1840 2913 1849 2918 ·
1948 2888 2142 2966 Διόπερ
2181 2886 2483 2968 ἀδιάφθορος
2521 2892 2556 2958 ἡ
2596 2887 2742 2966 χώρα
2788 2886 3101 2964 διαμένουσα
3145 2889 3236 2945 καὶ
3279 2891 3496 2970 καρποῖς

1952 2974 2199 3054 βρίθουσα
2227 2974 2424 3045 πολλὴν
2455 2976 2740 3033 ἀπόλαυσιν
2763 2974 3049 3053 παρέχεται
3069 2979 3172 3033 τῶν
3196 2975 3498 3048 ἐπιτηδείων

2010 3144 2106 3191 XL.
2144 3147 2220 3190 29.
2268 3141 2527 3191 Universos
2554 3141 2782 3191 ludorum
2813 3142 3015 3203 populus
3054 3142 3103 3190 in
3129 3144 3313 3205 septem
3343 3141 3500 3191 tribus

1946 3216 2227 3267 distributus
2247 3220 2336 3267 est.
2363 3218 2524 3266 Prima
2549 3230 2608 3266 ex
2634 3218 2928 3280 philosophis
2946 3220 3169 3280 constat,
3192 3220 3277 3280 qui
3300 3231 3500 3268 numero

1948 3293 2143 3357 quidem
2186 3293 2356 3343 ceteris
2381 3297 2494 3343 sunt
2525 3293 2800 3354 interiores,
2828 3294 3083 3344 nobilitate
3121 3297 3286 3345 autem
3319 3296 3498 3357 primas

1950 3372 2133 3419 tenent.
2161 3369 2235 3420 Ab
2261 3370 2392 3419 omni
2409 3370 2536 3419 enim
2555 3370 2818 3420 ministerio
2836 3370 3028 3433 publico
3057 3371 3321 3432 immunes,
3342 3385 3499 3434 neque

1945 3446 2252 3496 dominantur
2293 3446 2380 3508 ipsi
2397 3481 2413 3507 ,
2440 3458 2597 3508 neque
2630 3446 2833 3495 aliorum
2881 3445 3094 3495 dominio
3123 3446 3331 3507 subiecti
3362 3451 3493 3498 sunt.

1948 3522 2048 3583 (³0)
2081 3528 2119 3572 Α
2144 3522 2338 3584 privatis
2358 3521 2419 3570 ad
2438 3535 2538 3570 rem
2569 3520 2780 3571 divinam
2807 3523 2858 3571 et
2886 3520 3222 3571 defunctorum
3245 3523 3508 3585 exsequias

1945 3599 2249 3660 adhibentur,
2270 3602 2326 3648 ut
2347 3600 2432 3662 qui
2455 3599 2546 3649 diis
2559 3599 2732 3673 eaimie
2753 3599 2848 3648 sint
2876 3599 3000 3659 cari,
3020 3602 3068 3648 et
3085 3612 3251 3649 eorum
3268 3636 3283 3660 ,
3303 3613 3415 3662 qum
3431 3600 3497 3649 ad

1946 3678 2121 3727 inferos
2155 3678 2420 3740 pertinent,
2452 3677 2663 3727 maxime
2703 3676 2860 3739 periti.
2900 3680 2991 3727 Pro
3026 3690 3125 3741 quo
3165 3677 3326 3726 officio
3369 3678 3494 3730 dona

1946 3756 2245 3817 honoresque
2274 3755 2550 3817 magnificos
2572 3755 2823 3816 recipiunt.
2848 3756 2901 3804 ln
2927 3754 3094 3817 primis
3114 3758 3278 3805 autem
3305 3749 3502 3818 magnas

1947 3833 2221 3897 reipublicae
2242 3833 2473 3884 ludorum
2495 3834 2725 3884 utilitates
2746 3833 2981 3895 atterum,
3000 3834 3192 3896 quando
3205 3834 3498 3888 solemnibus

1946 3912 2058 3959 novi
2084 3912 2194 3960 anni
2213 3911 2419 3961 comitiis
2434 3910 2631 3960 adhibiti
2646 3910 2919 3977 ,siccitates
2949 3913 2997 3961 et
3030 3912 3214 3974 pluvias
3234 3916 3499 3975 ventosque

1946 4003 2005 4038 ac
2025 3988 2221 4038 morbos
2238 3989 2287 4037 et
2307 3988 2424 4049 alia,
2449 4001 2561 4050 quse
2573 3986 2849 4037 conducant
2865 3987 3190 4048 audientibus,
3209 3988 3494 4050 praedicunt.

1947 4068 2048 4129 (at)
2072 4070 2195 4118 Nam
2223 4067 2391 4116 futura
2407 4066 2561 4116 edocti
2581 4068 2630 4116 et
2650 4066 2855 4129 populus
2874 4069 2923 4115 et
2939 4080 3049 4128 rex,
3070 4065 3287 4116 detectus
3315 4065 3496 4127 ingrui-

1945 4146 2082 4193 turos
2105 4145 2308 4195 subinde
2324 4146 2547 4208 explent,
2574 4149 2623 4195 et
2640 4148 2871 4208 perpetuo
2889 4145 3071 4209 aliquid
3088 4146 3353 4197 utilitatum
3377 4158 3498 4208 pra>-

1944 4225 2132 4281 parant.
2198 4222 2244 4270 Si
2281 4222 2389 4283 quis
2415 4225 2580 4272 aulem
2616 4222 3005 4285 philosophorum
3036 4235 3066 4272 a
3101 4223 3302 4272 veritate
3337 4222 3498 4271 vatici·

1945 4297 2106 4347 nando
2126 4299 2316 4347 aberrat
2331 4333 2347 4358 ,
2365 4298 2498 4347 aliud
2516 4310 2671 4360 poenm
2691 4301 2777 4347 aut
2803 4298 3180 4361 infamioegenus
3195 4311 3292 4348 non
3307 4298 3496 4361 experi-

1947 4376 2046 4436 tur,
2075 4388 2224 4437 quam
2245 4375 2376 4436 quod
2403 4379 2566 4425 mutus
2581 4373 2806 4436 deinceps
2828 4375 2976 4423 vitam
2993 4375 3155 4436 exigit.

2011 4459 2087 4503 ³2.
2149 4454 2310 4504 Altera
2361 4454 2523 4503 classis
2561 4453 2876 4517 agricolarum
2914 4456 3013 4510 est,
3064 4455 3146 4515 qui
3185 4453 3498 4522 multitudine

1947 4535 2130 4581 ceteros
2164 4533 2300 4593 longe
2340 4533 2509 4595 praeire
2544 4532 2787 4582 videnlur.
2833 4532 2896 4582 Hi
2924 4544 2955 4580 a
2989 4532 3160 4581 militia
3196 4531 3494 4594 publicisque

1944 4608 2169 4670 operibus
2206 4609 2312 4658 aliis
2336 4608 2580 4671 exempti,
2607 4621 2752 4657 omne
2801 4607 3020 4659 studium
3059 4612 3110 4657 et
3151 4611 3340 4669 tuupm
3367 4609 3494 4669 agris

1948 4684 2163 4733 colendis
2193 4685 2460 4734 insumunt.
2489 4688 2655 4747 Neque
2683 4698 2897 4747 unquam
2929 4684 3078 4734 bostis
3108 4683 3364 4746 agricolam
3378 4718 3393 4743 ,
3415 4684 3496 4733 cui

1950 4760 1999 4809 in
2035 4762 2160 4823 agris
2184 4762 2308 4811 sorte
2333 4763 2575 4824 occurrit,
2612 4762 2791 4811 damno
2817 4762 2996 4823 allicit5
3019 4761 3100 4811 sed
3128 4762 3194 4811 ob
3228 4762 3497 4811 communis

1949 4836 2169 4886 beneficii
2211 4839 2532 4888 reverentiam
2558 4838 2622 4887 ab
2650 4838 2786 4888 omni
2813 4838 3005 4888 illorum
3036 4839 3211 4905 iniuria
3233 4838 3494 4889 abstinent.

1952 4913 2158 4976 ldeoque
2176 4916 2331 4977 terra,
2364 4915 2483 4966 dum
2510 4917 2626 4966 nihil
2645 4917 2965 4979 populationis
2994 4919 3243 4980 experitur
3260 4933 3494 4981 unquam,

1947 5002 2034 5039 sua
2048 4990 2289 5040 fructuum
2308 4992 2615 5042 exuberantia
2635 4994 2819 5055 largam
2834 4994 2992 5044 victus
3008 4996 3193 5056 copiam
3213 4996 3496 5045 mortalibus

1949 5067 2293 5117 subministrat.
2316 5069 2417 5130 (3³)
2449 5072 2502 5118 ln
2524 5070 2648 5132 agris
2668 5069 2816 5119 vitam
2833 5074 2981 5132 agunt
3001 5071 3164 5120 rustici
3187 5085 3297 5120 cum
3331 5075 3494 5121 rixeri-

1950 5146 2040 5195 bus
2070 5148 2117 5195 ct
2139 5145 2328 5207 liberis,
2366 5150 2414 5197 et
2438 5160 2466 5196 a
2503 5148 2799 5198 commerciis
2829 5148 3002 5197 urbicis
3035 5149 3231 5199 omnino
3259 5149 3496 5199 absistunt
