4016 5916
1532 410 2018 472 FRAGMENTA.
3267 428 3373 478 451

152 560 342 606 retur
379 547 461 624 (v.
505 546 675 604 Diod.
718 547 943 618 XVIII,
983 550 1046 609 [μ
1074 541 1120 618 ).
1165 544 1239 599 At
1273 560 1427 617 spem
1466 561 1743 599 successus
1831 544 1902 601 ad
1922 545 2114 620 ipsum
2140 566 2167 602 a
2189 548 2440 621 partibus
2462 549 2868 622 Hieronymum
2894 549 3161 623 Antigoni
3178 553 3388 607 stetisse

155 639 351 694 diluit
376 655 529 692 mors
567 635 865 709 Antipatri.
898 634 1020 705 Qua
1055 649 1161 705 per
1195 631 1380 686 Asiam
1424 630 1740 705 divulgata,

155 725 502 798 Antigonus
549 723 728 777 multo
794 717 1168 774 confidentius
1220 715 1461 773 διενοεῖτο
1512 716 1744 775 ἐπελθεῖν

157 805 280 880 τὴν
310 807 490 865 Ἀσίαν
515 805 608 864 καὶ
635 804 751 870 τοὺς
776 801 869 880 μὲν
897 799 1330 881 προϋπάρχοντας
1359 800 1629 881 σατράπας
1657 803 1744 860 ἐκ·

161 894 389 966 6οιλεῑν,
426 892 555 972 πρὸς
581 890 636 950 δὲ
656 894 756 948 τῶν
789 893 973 948 ἑαυτοῦ
1001 887 1161 970 φίλων
1185 885 1492 946 καθιστάναι
1512 885 1603 954 τὰς
1628 891 1745 967 ἦγε·

163 983 373 1060 μανίας
405 981 679 1056 (Diodor.
705 981 746 1038 l.
772 981 814 1038 l.
842 998 892 1034 c.
930 977 1002 1034 50
1020 1020 1034 1047 ,
1064 977 1153 1054 6).
1179 977 1365 1036 Ταῦτα
1390 975 1443 1033 δὲ
1470 974 1748 1048 διανοηθεὶς

163 1065 506 1148 Ἱερώνυμον
532 1067 600 1143 (⁴¹)
641 1063 734 1140 μὲν
761 1063 848 1121 τὸν
885 1061 976 1130 τὰς
1011 1059 1239 1143 ἱστορίας
1278 1059 1551 1142 γράψαντα
1591 1083 1747 1138 μετε-

162 1154 470 1237 πέμψατο,
501 1154 646 1234 φίλον
670 1150 791 1209 ὄντα
815 1148 904 1208 καὶ
933 1147 1153 1222 πολίτην
1177 1147 1442 1224 Εὐμένους
1469 1153 1558 1206 τοῦ
1604 1151 1748 1228 Καρ·

167 1245 370 1303 &mou
392 1245 480 1299 τοῦ
509 1236 927 1316 συμπεφευγότος
956 1240 1026 1303 εἷς
1053 1237 1111 1295 τὸ
1137 1236 1327 1317 χωρίον
1354 1233 1412 1293 τὸ
1434 1233 1749 1312 καλούμενον

167 1333 377 1408 Νῶρα.
416 1331 613 1388 Τοῦτον
655 1326 707 1384 δὲ
751 1325 1001 1404 μεγάλαις
1041 1325 1255 1404 δωρεαῖς
1297 1323 1752 1402 προκαλεσάμενος

163 1414 521 1487 ἕξαπίστειλε
541 1411 863 1494 πρεσὸευτὴν
891 1410 1017 1490 πρὸς
1044 1410 1130 1470 τὸν
1166 1408 1403 1487 Εὐμένη,
1432 1411 1752 1488 παρακαλῶν

165 1510 289 1579 τῆς
338 1504 433 1582 μὲν
483 1502 600 1581 περὶ
650 1501 1034 1560 Καππαδοκίαν
1083 1498 1260 1577 μάχης
1303 1495 1580 1576 γενομένης
1629 1497 1754 1577 πρὸς

168 1591 354 1653 αὐτὸν
394 1587 758 1659 ἐπιλαθέσθαι,
792 1588 1029 1665 γενέσθαι
1066 1585 1118 1644 δὲ
1155 1584 1299 1665 φίλον
1343 1585 1433 1643 καὶ
1474 1583 1753 1662 σύμμαχον

170 1681 343 1760 αὐτῷ
371 1679 488 1739 κτλ.
520 1675 695 1755 (idid.
727 1674 829 1744 50,
861 1682 890 1742 4
915 1670 954 1751 ).
986 1701 1007 1724 α
1034 1674 1251 1748 Quibus
1271 1673 1439 1743 locis,
1464 1674 1755 1728 Briickne-

169 1760 291 1828 fus
324 1770 436 1836 ait,
468 1783 810 1839 quamquam
833 1763 1050 1838 singula
1077 1781 1312 1836 quaeque
1336 1762 1509 1835 magis
1542 1763 1756 1835 perspi-

172 1876 302 1915 cue
327 1856 580 1928 exposita
597 1852 763 1922 velis,
788 1852 898 1907 hoc
923 1861 1106 1906 tamen
1130 1860 1323 1923 patere
1348 1867 1415 1903 ex
1439 1849 1501 1903 iis
1515 1848 1757 1917 videtur,

177 1943 538 2016 Hieronymi
568 1940 718 2014 apud
752 1940 1098 2013 Antigonum
1135 1956 1254 1992 non
1283 1937 1559 1991 minorem
1588 1934 1758 1990 fidem

173 2049 374 2106 quam
400 2027 553 2101 apud
583 2029 883 2082 Eumenem
920 2025 1103 2080 fuisse.
1140 2047 1164 2072 υ
1201 2023 1460 2079 Ceterum
1496 2023 1638 2078 male
1675 2041 1761 2077 res

173 2118 379 2175 cessit.
398 2117 534 2170 Mox
558 2113 822 2188 proelium
846 2113 1195 2167 commissum
1214 2151 1229 2179 ,
1253 2128 1370 2183 quo
1394 2112 1541 2184 capti
1565 2110 1758 2165 Eume·

177 2223 292 2263 nes
313 2213 376 2260 et
393 2201 698 2259 Cardianus
715 2202 772 2255 in
792 2217 985 2255 manus
1001 2209 1274 2254 venerunt
1296 2197 1582 2272 Antigoni.
1607 2197 1762 2252 Alter

175 2291 485 2367 supplicio
519 2287 774 2357 affectus,
807 2287 947 2343 alter
980 2287 1299 2341 humaniter
1339 2304 1369 2339 a
1411 2286 1625 2340 victore
1666 2303 1760 2339 ex-

180 2389 404 2453 ceptus
427 2388 524 2432 est.
554 2374 844 2431 Diodorus
877 2375 1070 2430 XVIII
1094 2414 1108 2441 ,
1148 2379 1219 2438 44
1237 2414 1252 2442 ,
1281 2392 1311 2443 7
1340 2391 1354 2427 ε
1390 2369 1615 2448 Ἀνήχθη
1642 2369 1684 2426 δ’
1710 2372 1761 2427 ἐν

177 2465 302 2530 τοῖς
342 2459 692 2541 τραυματίαις
719 2457 1052 2537 αἰχμάλιοπος
1078 2454 1170 2515 καὶ
1196 2461 1223 2516 ὁ
1264 2454 1354 2523 τὰς
1376 2457 1604 2535 ἱστορίας
1642 2479 1763 2524 συν-

181 2550 495 2627 ταξάμενος
526 2545 832 2627 Ἱερώνυμος
850 2549 877 2602 ὁ
905 2542 1223 2624 Καρδιανὸς,
1248 2542 1301 2610 ὃς
1330 2542 1416 2601 τὸν
1447 2542 1541 2620 μὲν
1572 2539 1763 2623 ἔμπρο·

183 2646 318 2699 σθεν
345 2635 535 2715 χρόνον
574 2634 659 2691 ὑπ’
697 2631 958 2708 Εὐμένους
995 2630 1282 2707 τιμώμενος
1321 2630 1597 2702 διετέλεσε,
1633 2629 1765 2707 μετὰ

188 2726 250 2786 δὲ
281 2725 383 2783 τὸν
408 2723 602 2782 ἐκείνου
629 2720 847 2778 θάνατον
872 2718 958 2776 ὑπ’
982 2717 1274 2795 Ἀντιγόνου
1309 2716 1560 2796 ἐτύγχανε
1585 2721 1764 2797 φιλαν·

190 2809 445 2895 θρωπίας
471 2809 561 2868 καὶ
591 2808 832 2872 πίστεως.
868 2833 892 2858 ι
932 2808 1067 2880 Quae
1091 2805 1230 2863 fides
1269 2819 1326 2863 et
1351 2809 1527 2882 gratia
1557 2817 1768 2880 quanta

188 2904 383 2961 fuerit
405 2898 612 2977 (verba
630 2897 939 2953 Briickneri
968 2893 1131 2972 sunt)
1151 2937 1166 2966 ‚
1193 2895 1408 2970 reliqua
1432 2896 1611 2949 omnis
1633 2897 1767 2951 Hic·

194 2992 437 3065 ronymi
465 2990 576 3042 vita
607 2987 792 3043 docet.
829 2985 918 3042 Ab
945 2985 1233 3059 Antigono
1273 2984 1422 3038 enim
1458 2984 1672 3039 transiit
1698 2983 1770 3038 ad

195 3076 564 3136 Demetrium
587 3084 643 3129 et
664 3074 734 3130 ab
754 3074 863 3128 hoc
888 3071 960 3128 ad
986 3073 1332 3146 Antigonum
1354 3070 1628 3127 Gonatam
1655 3074 1770 3126 De-

199 3166 398 3223 metrii
446 3161 645 3222 filium.
689 3160 993 3235 superstite
1041 3159 1225 3215 adhuc
1268 3159 1553 3234 Antigono
1598 3160 1772 3214 multa

201 3269 395 3327 eaque
418 3249 733 3325 gravissima
765 3249 817 3302 ei
847 3262 1081 3302 munera
1115 3245 1298 3302 delata
1335 3262 1447 3301 esse
1488 3244 1768 3303 videntur.

203 3342 342 3415 Quo
395 3337 642 3412 pertinet
689 3353 813 3409 quae
862 3333 1018 3410 apud
1063 3332 1382 3390 Diodorum
1432 3332 1767 3408 (xlx,100)

206 3433 696 3485 commemoratur
737 3423 890 3478 lacus
927 3421 1229 3495 asphaltitae
1285 3418 1536 3475 custodia
1555 3461 1570 3489 ‚
1621 3420 1775 3492 cujus

207 3513 496 3572 Demetrii
533 3512 594 3564 in
632 3508 923 3566 Nabataeos
961 3508 1246 3583 expeditio
1294 3509 1774 3583 opportunitatem

211 3602 449 3657 fecerat.
483 3598 721 3653 Gravior
746 3597 910 3651 etiam
930 3636 946 3665 ‚
973 3597 1129 3667 cujus
1154 3595 1304 3669 apud
1340 3596 1592 3652 Flavium
1619 3597 1774 3651 Jose·

213 3689 398 3762 phum
430 3680 522 3761 Γ)
546 3685 756 3739 mentio
781 3680 863 3752 fit,
889 3683 1057 3756 Syriae
1068 3684 1417 3756 praesectura,
1441 3702 1607 3755 quam
1632 3702 1772 3757 pro-

215 3775 464 3831 vinciam
492 3789 598 3846 per
623 3771 840 3843 aliquot
861 3787 1037 3826 annos
1071 3772 1129 3825 in
1162 3779 1434 3845 potestate
1463 3771 1623 3825 fuisse
1660 3772 1776 3826 An-

221 3862 403 3938 tigoni
434 3868 668 3915 constat.
697 3857 809 3914 Sed
845 3857 955 3912 hoc
992 3858 1201 3914 etiamsi
1228 3857 1449 3917 dubites
1472 3877 1606 3912 num
1646 3876 1775 3913 vere

223 3948 525 4005 tradiderit
567 3945 926 4002 Judaicarum
970 3947 1365 4018 antiquitatum
1403 3956 1618 4013 auctor,
1660 3964 1778 4000 non

223 4047 305 4093 est
331 4047 514 4091 tamen
559 4053 660 4089 cur
693 4034 939 4089 Luciano
965 4034 1079 4089 sive
1101 4035 1349 4107 quisquis
1368 4036 1505 4089 alius
1528 4037 1612 4089 De
1643 4035 1776 4088 lon-

227 4124 392 4198 gaevis
435 4124 596 4177 istum
627 4121 832 4176 librum
865 4118 1163 4190 conflavit,
1203 4120 1450 4189 diffidas,
1495 4123 1551 4175 in
1584 4122 1778 4194 praelio

294 4272 356 4335 (Ἴ
387 4276 464 4321 Sc.
486 4272 548 4323 ab
569 4273 813 4335 Antipatro
843 4273 1123 4325 redeuntem
1142 4311 1157 4337 ,
1178 4274 1246 4324 uti
1271 4273 1477 4323 videtur.
1507 4274 1584 4323 Cf.
1621 4276 1781 4336 Droy·

230 4355 334 4394 sen.
371 4343 566 4392 Hellen.
591 4347 632 4399 t.
653 4357 702 4406 p.
733 4348 833 4393 197.
1328 4396 1344 4415 ⁸

296 4412 387 4471 (**)
417 4429 439 4451 «
479 4415 528 4461 in
545 4412 715 4473 Apion.
748 4417 797 4472 l,
828 4427 870 4463 c.
906 4420 964 4465 23
989 4416 1079 4473 (ir.
1105 4418 1208 4477 14).
1231 4419 1391 4473 Quum
1412 4414 1471 4463 de
1498 4413 1784 4475 Hierommo

235 4482 382 4532 etiam
415 4481 662 4544 AEgyptio‚
695 4483 776 4544 qui
807 4483 866 4533 de
891 4485 1167 4534 Phoenicum
1188 4484 1428 4548 scripserit
1461 4484 1629 4544 rebus,
1653 4486 1783 4533 Jose·

236 4553 359 4616 plius
385 4550 585 4614 dixerit,
619 4550 819 4602 dubium
851 4554 996 4616 possit
1025 4555 1176 4606 videri
1207 4569 1323 4604 num
1349 4554 1425 4603 liic
1456 4553 1787 4614 intelligendus

237 4625 360 4671 aeset
375 4620 641 4670 Cardianus
655 4656 672 4683 ,
700 4622 790 4671 nisi
819 4626 868 4672 et
884 4627 1003 4675 aetas
1019 4626 1122 4689 ejus
1139 4639 1249 4688 qum
1282 4624 1486 4674 Hecataei
1517 4623 1657 4672 fuisse
1675 4621 1787 4672 dici·

239 4692 337 4749 tur,
378 4692 428 4739 et
461 4689 592 4753 quod
625 4704 952 4744 successorum
984 4696 1240 4746 Alexandri
1270 4695 1508 4756 scripsisse
1543 4692 1786 4742 historiam

241 4762 407 4822 (edm,
434 4759 565 4809 hunc
596 4760 750 4822 ipsum
768 4760 1018 4823 significari
1035 4764 1309 4813 affirmaret.
1339 4763 1472 4824 Apud
1502 4762 1788 4811 Antiochum

243 4832 402 4880 autem
422 4844 579 4894 regem
594 4868 607 4889 ,
623 4831 706 4893 qui
727 4833 923 4895 coffltari
949 4847 1047 4884 non
1079 4836 1237 4896 posset
1256 4834 1344 4883 nisi
1366 4845 1491 4882 unus
1521 4845 1582 4881 ex
1605 4831 1788 4882 Seleuci

243 4899 470 4950 libatoria
494 4901 725 4963 posteris,
751 4915 902 4963 quum
921 4903 1055 4953 nulla
1074 4916 1286 4965 unquam
1310 4901 1572 4952 Cardianus
1586 4902 1790 4964 scriptor

245 4970 388 5033 grath
419 4968 659 5031 floruerit,
696 4983 793 5021 uno
827 4972 1071 5032 omnium,
1106 4972 1188 5033 qui
1228 4969 1290 5021 de
1316 4984 1370 5019 ea
1407 4984 1458 5019 re
1485 4969 1789 5033 judicarunt,

250 5052 471 5089 consensu
497 5053 671 5089 nomen
697 5046 977 5104 corruptum
999 5054 1100 5091 esse
1123 5040 1450 5103 verioremque
1469 5039 1720 5089 lectionem
1743 5040 1791 5090 in

251 5108 628 5171 interpretatione
652 5111 828 5173 latina,
862 5124 973 5174 quae
1004 5112 1242 5172 Aneiqoni
1265 5112 1399 5172 reqis
1421 5109 1593 5170 habet,
1621 5110 1790 5172 depre-

251 5178 387 5227 hendi
414 5178 678 5240 judicatum
701 5181 789 5231 est.
813 5198 838 5225 n

1833 633 2075 689 tradenti
2101 633 2117 713 (
2134 637 2216 690 De
2244 636 2403 710 long.
2435 654 2482 691 c.
2532 655 2553 690 1
2573 655 2591 690 ι
2619 634 2662 710 ).
2698 636 2874 691 Simili
2911 633 3102 691 favore
3126 647 3188 691 ut
3221 639 3389 693 Anti-

1834 737 2015 795 gonus
2042 732 2098 777 et
2122 720 2269 778 iilius
2290 741 2421 778 eum
2450 733 2505 778 et
2533 739 2709 796 nepos
2739 722 2980 795 amplexi
3014 734 3159 781 sunt.
3188 726 3392 779 Deme·

1835 808 1971 864 trius
2013 809 2159 865 enim
2206 828 2305 866 rex
2351 809 2693 865 Macedonia
2740 808 2913 864 factus
2929 850 2946 878 ‚
3001 811 3226 865 Boeotiae
3266 829 3394 866 eum

1835 894 2011 952 modo
2052 897 2310 969 subjectae
2335 896 2585 971 praefecit
2620 894 2723 972 (‘);
2769 914 2895 951 cum
2949 898 3235 971 Antigono
3270 898 3392 954 Go-

1835 993 1963 1039 nata
1992 995 2177 1040 autem
2204 986 2265 1039 in
2304 984 2694 1058 Peloponneso
2732 982 2895 1039 fuisse
2930 983 3176 1053 videtur,
3217 1003 3392 1057 quum

1839 1059 2084 1145 Pyrrhus
2104 1075 2262 1148 Argis
2280 1084 2518 1128 mortem
2540 1083 2854 1145 oppeteret.
2882 1071 3063 1127 Verba
3081 1073 3230 1126 enim
3251 1071 3396 1150 ἀνδρὶ

1839 1156 1939 1234 γὰρ
1979 1158 2185 1234 βασιλεῖ
2225 1155 2441 1216 συνόντα
2485 1159 2687 1233 ἀνάγκη
2728 1164 2873 1214 πᾶσα
2914 1157 2964 1221 ἐς
2999 1157 3152 1236 χάριν
3182 1158 3396 1238 γράφειν

1839 1264 1930 1319 ap.
1953 1248 2186 1303 Pausan.
2212 1244 2317 1321 (fr.
2346 1245 2447 1320 ιο)
2488 1246 2561 1300 ad
2585 1246 2928 1320 Antigonum
2944 1244 3231 1302 reserenda
3249 1258 3396 1316 sunt,

1841 1349 1979 1400 non,
1996 1342 2061 1386 ut
2075 1333 2279 1388 Sevino
2307 1333 2550 1406 placuit,
2574 1331 2647 1386 ad
2667 1331 2962 1404 Pyrrhum,
2986 1351 3017 1388 a
3040 1330 3196 1403 cujus
3217 1335 3397 1407 parti-

1842 1417 1945 1472 bus
1959 1419 2334 1492 Hieronymus
2343 1436 2629 1491 nunquam
2645 1437 2759 1473 non
2770 1419 3128 1474 alienissimus
3140 1418 3301 1475 fuisse
3316 1422 3370 1475 vi
3380 1451 3398 1464 ·

1844 1504 2028 1563 detur.
2051 1507 2135 1562 Ex
2154 1506 2219 1561 iis
2240 1507 2386 1561 enim
2404 1523 2527 1578 quae
2545 1517 2855 1579 sequuntur
2872 1506 2914 1561 εἰ
2933 1503 3165 1568 δὲκαὶ...
3187 1505 3400 1586 γράφειν

1846 1589 1938 1663 (v.
1967 1592 2038 1648 fr.
2074 1587 2200 1667 ιο),
2230 1592 2369 1647 nihil
2394 1592 2583 1666 colligi
2604 1603 2816 1665 potest,
2841 1593 2942 1647 nisi
2969 1595 3398 1668 Hieronymum,

1847 1690 1905 1733 ut
1926 1681 2209 1755 Antigono
2234 1681 2351 1754 regi
2379 1680 2658 1753 placeret,
2680 1679 2751 1735 de
2772 1680 2971 1753 Pyrrhi
3000 1693 3184 1736 morte
3201 1681 3402 1737 dixisse

1847 1766 2193 1824 invidiosius„
2231 1791 2255 1818 υ
2284 1768 2562 1823 Hactenus
2590 1765 2662 1821 de
2695 1767 2808 1822 vita
2847 1768 3090 1823 auctoris
3120 1772 3317 1827 nostri.

1925 1855 2154 1927 Scripsit
2182 1855 2556 1927 Hieronymus
2581 1854 2867 1909 historiam
2895 1856 2998 1910 τῶν
3030 1853 3283 1932 διαδόχων
3304 1877 3404 1912 nec

1847 1959 1967 1995 non
1992 1941 2094 1995 τῶν
2118 1936 2389 2015 ἐπιγόνων,
2423 1958 2601 2014 usque
2621 1940 2694 1996 ad
2717 1952 2959 1997 mortem
2996 1943 3193 2015 Pyrrhi
3221 1941 3365 2016 (²72
3389 1941 3403 2020 )

1848 2029 1933 2082 vel
1983 2031 2150 2083 etiam
2186 2027 2378 2102 paullo
2413 2029 2643 2083 ulterius
2683 2029 3065 2083 narrationem
3100 2027 3403 2090 deducens.

1848 2109 1958 2182 Τὴν
1986 2115 2088 2169 τῶν
2113 2112 2369 2190 διαδόχων
2386 2111 2617 2190 ἱστορίαν
2640 2116 2834 2188 saepius
2856 2125 3218 2171 memoratam
3246 2116 3406 2170 vidi-

1850 2219 2008 2276 mus;
2056 2198 2150 2269 τὴν
2196 2199 2312 2276 περὶ
2359 2197 2609 2273 ἐπιγόνων
2666 2197 3030 2278 πραγματείαν
3079 2201 3249 2256 semel
3278 2202 3409 2256 citat

1849 2288 2147 2361 Dionysius
2176 2288 2663 2343 Halicarnassensis
2691 2288 2751 2342 in
2777 2291 2905 2343 Ant.
2936 2289 3106 2342 Rom.
3139 2288 3193 2357 1,
3227 2287 3261 2342 6
3298 2283 3404 2364 (sr.

1854 2372 1945 2449 8),
1969 2373 2041 2428 de
2071 2391 2133 2429 ea
2163 2375 2347 2447 operis
2364 2385 2521 2447 parte
2546 2375 2824 2449 cogitans,
2852 2392 2963 2447 qua
2984 2374 3183 2446 Pyrrhi
3215 2374 3271 2428 in
3294 2376 3411 2428 Ita-

1852 2460 1926 2515 lia
1945 2478 2033 2515 roe
2045 2471 2218 2534 gestas
2240 2461 2615 2533 Hieronymus
2628 2460 3071 2534 exposuit.—Ab
3087 2459 3289 2515 eodem
3307 2479 3380 2516 au
3393 2492 3411 2504 ·

1854 2558 2013 2603 ctore
2061 2549 2227 2603 etiam
2270 2546 2572 2603 Alexandri
2621 2547 2909 2602 historiam
2955 2557 3249 2602 tractatam
3302 2566 3415 2604 esse

1856 2634 2011 2690 fuere
2041 2635 2209 2704 olim,
2251 2635 2349 2707 qui
2388 2635 2773 2708 opinarentur.
2812 2635 3035 2690 Scilicet
3060 2652 3233 2708 quum
3264 2635 3415 2708 apud

1855 2723 2087 2779 Suidam
2134 2724 2353 2798 legatur
2392 2740 2406 2779 ε
2453 2717 2759 2799 Ἱερώνυμος
2799 2718 3086 2797 Καρδιανὸς
3131 2719 3184 2786 ὃς
3220 2719 3286 2778 τὰ
3335 2721 3415 2777 ἐπ’

1858 2805 2181 2887 Ἀλεξανδρία
2192 2805 2498 2884 ,πραχθέντα
2532 2805 2848 2886 συνέγραψε,
2871 2808 3059 2862 locum
3076 2820 3266 2883 aperte
3292 2829 3416 2865 cor-

1857 2906 2086 2972 ruptum
2114 2898 2189 2951 ita
2215 2898 2453 2965 Vossius„
2484 2896 2769 2951 Fabricius
2802 2892 2890 2968 (B.
2912 2895 3009 2952 Gr.
3038 2897 3127 2965 11,
3155 2915 3215 2970 p.
3243 2896 3418 2971 219),

1857 2989 2178 3041 Mannertus
2204 2982 2505 3059 (Ges-clud.
2533 2981 3018 3058 avaclffolg.Aleoe.
3048 3003 3109 3057 p.
3139 2983 3423 3059 357)cor-

1859 3072 2155 3148 rigendum
2179 3082 2478 3146 putarunt,
2506 3082 2571 3127 ut
2618 3071 2890 3127 scribatur
2918 3070 3002 3125 ὑπ’
3054 3068 3385 3143 Ἀλεξάνδρου
3405 3114 3421 3142 ,

1859 3160 1945 3215 vel
1997 3177 2066 3214 ex
2094 3159 2409 3234 Kiesslingii
2431 3159 2502 3231 (l.
2534 3159 2573 3214 l.
2607 3176 2665 3232 p.
2699 3154 2801 3235 27)
2845 3159 3113 3214 sententia
3153 3158 3234 3216 ἐπ’
3277 3156 3424 3217 Ἀλε-

1861 3242 2091 3323 ξάνδρου.
2115 3248 2250 3317 Quae
2274 3245 2591 3302 emendatio
2611 3263 2789 3319 quum
2818 3262 3002 3318 neque
3017 3263 3086 3301 ex
3102 3244 3425 3321 fragmentis

1861 3351 2046 3406 neque
2107 3333 2334 3389 aliunde
2400 3331 2783 3388 commendari
2845 3332 3046 3405 possit,
3096 3330 3426 3406 Leopardus

1865 3426 1881 3506 (
1903 3430 2030 3484 Em.
2051 3414 2173 3498 XI,
2205 3432 2271 3504 9)
2290 3439 2440 3484 recte
2470 3427 2612 3482 vidit
2636 3425 2999 3482 scribendum
3027 3443 3140 3481 esse
3169 3427 3248 3481 ἐπ’
3280 3422 3423 3483 ’Aiz-

1865 3512 2090 3594 ξάνδρῳ,
2133 3526 2261 3589 post
2315 3515 2701 3569 Alexandrum
2714 3553 2734 3579 ,
2796 3512 2857 3567 id
2906 3511 3064 3585 quod
3111 3511 3427 3585 probarunt

1863 3603 2256 3676 VVesselingius
2282 3600 2380 3676 (ad
2404 3600 2647 3656 Diodor.
2686 3600 2875 3655 xvm
2893 3641 2910 3668 ,
2942 3596 3042 3673 26)
3065 3638 3080 3665 ‚
3112 3596 3387 3653 Briicknei
3408 3640 3421 3653 .

1864 3690 1904 3747 l.
1931 3690 2038 3763 tp.
2063 3688 2177 3763 259
2196 3729 2211 3757 ‚
2228 3686 2577 3761 Bernhardy.
2597 3687 2668 3743 ad
2689 3684 2908 3746 Suid.l.
2930 3686 2995 3757 l.,
3020 3685 3205 3742 Geier.
3223 3686 3426 3758 Script.

1863 3795 1978 3832 rer.
2005 3777 2165 3839 Alex..
2196 3777 2455 3849 Prolegg.
2482 3794 2544 3849 p.
2572 3775 2706 3832 XX.
2753 3776 3105 3847 Quamquam
3138 3773 3257 3828 haec
3280 3774 3426 3828 tituli

1867 3865 2008 3920 ratio
2040 3865 2247 3919 insoliti
2265 3862 2535 3936 quiddam
2566 3860 2754 3918 habet.

1943 3953 2215 4025 Reliquiae
2231 3952 2415 4025 operis
2428 3949 2580 4005 haud
2598 3947 2769 4003 dubie
2784 3949 3100 4023 amplissimi
3114 3948 3428 4022 perexiguae

1867 4051 2023 4110 sunt,
2052 4058 2171 4094 non
2193 4048 2512 4113 propterea,
2542 4036 2699 4111 quod
2720 4055 2850 4092 raro
2876 4038 3113 4093 seriores
3127 4037 3429 4107 scriptores

1871 4148 1937 4184 eo
1953 4129 2036 4183 usi
2055 4135 2202 4195 sunt,
2217 4126 2315 4182 sed
2326 4125 2483 4199 quod
2506 4143 2712 4181 nomen
2723 4125 2966 4179 auctoris
2983 4126 3067 4179 sui
3081 4123 3420 4196 plerumque

1871 4217 2141 4273 celarunt.
2182 4216 2324 4271 Nam
2350 4212 2699 4279 Diodorum,
2740 4222 2806 4266 ut
2834 4211 2985 4267 hunc
3019 4209 3335 4279 nominem,
3370 4207 3427 4261 in

1871 4302 2163 4358 narrandis
2214 4302 2383 4358 rebus
2436 4301 2726 4367 Eumenis,
2776 4299 3045 4372 Antigoni
3069 4340 3086 4368 ,
3120 4296 3425 4361 Demetrii,

1877 4392 2281 4462 Hieronymum
2309 4388 2546 4444 maxime
2585 4386 2787 4442 ducem
2835 4394 3105 4440 sectatum
3132 4401 3246 4439 esse
3274 4392 3427 4437 extra

1874 4477 2241 4532 dubitationis
2276 4474 2451 4532 aleam
2478 4476 2721 4549 positum
2758 4491 2871 4529 esse
2896 4488 3115 4527 censeo.
3149 4469 3292 4526 Vide
3317 4467 3427 4523 dis·

1874 4575 2006 4638 puta
2014 4567 2223 4620 tionem
2240 4561 2568 4631 Briickneri,
2603 4578 2773 4634 quam
2788 4558 3106 4633 fragmentis
3118 4555 3430 4627 subjicien-

1876 4651 2005 4707 dam
2034 4652 2363 4707 curavimus.
2392 4681 2463 4692 -
2483 4651 2567 4704 Ex
2597 4647 2799 4704 eodem
2817 4645 3145 4701 Briicknero
3168 4644 3228 4702 h.
3262 4643 3302 4697 l.
3332 4662 3431 4716 ap·

1874 4758 2088 4814 ponere
2110 4740 2306 4806 liceat,
2333 4756 2456 4810 quae
2486 4735 2558 4792 de
2585 4735 2917 4791 auctoritate
2943 4733 3232 4806 scriptoris
3257 4732 3431 4785 nostri

1877 4827 1963 4882 vir
1976 4825 2326 4881 doctissimus
2368 4823 2639 4880 disseruit.
2687 4846 2709 4869 α
2765 4820 2854 4876 Ad
2896 4817 3067 4875 iidem
3096 4818 3429 4891 Hieronymi

1942 4969 2002 5030 ζ’)
2037 4967 2275 5018 Plutarch.
2298 4969 2504 5017 Demetr.
2530 4973 2590 5017 39
2608 4985 2621 5015 2
2639 4966 2696 5016 Ὀ
2712 4966 2762 5015 δὲ
2784 4962 3102 5027 (Δημήτριος)
3122 4966 3220 5017 ταῖς
3245 4961 3437 5010 πόλεσιν

1880 5040 2093 5103 ὶμὸαλὼν
2111 5039 2306 5101 φρουρὰν
2332 5040 2411 5087 καὶ
2432 5036 2713 5101 πραξάμενος
2736 5034 2885 5083 πολλὰ
2906 5033 3122 5096 χρήματα
3147 5031 3225 5080 καὶ
3248 5032 3434 5080 καταλι·

1877 5111 1980 5159 πὼν
1998 5109 2151 5165 αὐτοῖς
2166 5108 2439 5171 ἐπιμελητὴν
2457 5108 2537 5156 καὶ
2551 5105 2785 5168 ἁρμοστὴν
2802 5104 3073 5167 Ἱερώνυμον
3107 5101 3187 5151 τὸν
3204 5101 3433 5164 ἱστορικὸν

1881 5179 2031 5234 ἔδοξεν
2052 5177 2199 5238 ἠπίως
2219 5179 2469 5242 κεχρῆσθαι
2490 5177 2590 5226 κτλ.

3115 5300 3180 5336 29.
