4016 5916
555 449 665 500 310

549 566 834 648 λυχρονίων
859 566 949 624 καὶ
971 568 1277 648 ὑπεργήρων
1297 569 1558 629 τάττεται.
1592 570 1897 653 Ἱστορεῖται
1922 573 1976 633 δὲ
1991 620 2006 646 ,
2025 572 2105 633 ὅτι

548 653 777 722 Τιθωνὸς
822 653 938 713 κατ’
968 654 1127 733 εὐχὴν
1166 655 1226 713 τὸ
1249 660 1412 736 γῆρας
1443 657 1755 736 ἀποθέμενος
1791 659 1953 729 τέττιξ
1992 661 2100 738 ἐγέ-

547 765 681 814 νετο,
706 741 775 809 ὥς
798 764 925 821 φησι
954 742 1223 822 Κλέαρχος
1243 746 1294 802 ἐν
1323 748 1398 824 τῷ
1428 745 1563 827 Περὶ
1594 746 1736 826 βίων.

624 832 872 904 Subjicio
893 833 1109 906 reliqua
1133 848 1254 907 quae
1281 836 1655 908 probabiliter
1680 838 1754 894 ad
1784 836 1935 903 Βίους
1961 841 2103 895 rese·

546 919 722 975 renda
745 930 895 976 sunt.

1282 1033 1377 1070 αι.

626 1141 926 1197 Athenaeus
948 1142 995 1207 1,
1016 1159 1074 1213 p.
1102 1140 1157 1209 6,
1181 1142 1224 1195 B
1252 1160 1265 1195 ε
1296 1139 1568 1219 Κλέαρχος
1589 1141 1639 1200 δὲ
1665 1142 1953 1203 Μελάνθιόν
1978 1168 2102 1226 φησι

545 1226 682 1287 τοῦτ’
708 1224 978 1297 εὔξασθαι,
1002 1224 1185 1303 λέγων·
1209 1253 1233 1278 κ
1259 1229 1494 1287 Τιθωνοῦ
1511 1227 1806 1296 Μελάνθιος
1829 1230 1962 1287 ἔοικε
1981 1238 2101 1311 βου-

542 1311 826 1372 λεύσασθαι
856 1311 1076 1390 βέλτιον.
1109 1312 1176 1372 ‘O
1207 1312 1300 1389 μὲν
1334 1312 1434 1395 γὰρ
1467 1318 1749 1383 ἀθανασίας
1776 1319 2102 1395 ἐπιθυμήσας

544 1404 596 1460 ἐν
625 1400 845 1480 θαλάμῳ
868 1397 1153 1480 κρέμαται,
1177 1400 1383 1459 πάντων
1425 1401 1522 1460 ὑπὸ
1551 1403 1721 1483 γήρως
1761 1406 2098 1485 ἐστερημένος

543 1492 647 1546 τῶν
668 1487 854 1558 ἡδέων·
878 1487 1164 1554 Μελάνθιος
1190 1488 1241 1546 δὲ
1269 1491 1372 1546 τῶν
1398 1490 1733 1548 ἀπολαύσεων
1758 1492 1886 1571 ἐρῶν
1909 1492 2102 1563 ηὔξατο

545 1580 637 1647 τῆς
673 1573 1034 1654 μακραύχενος
1079 1573 1271 1654 ὄρνιθος
1299 1577 1386 1634 τὸν
1426 1578 1690 1655 τράχηλον
1728 1578 1886 1657 ἔχειν,
1915 1577 1980 1637 ἵν’
2022 1579 2101 1638 ὅτι

542 1666 781 1720 πλεῖστον
812 1662 915 1727 τοῖς
941 1659 1117 1732 ἡδέσιν
1154 1660 1472 1742 ἐνδιατρίόῃ.
1507 1690 1531 1714 n
1558 1661 1625 1723 ‘O
1651 1664 1801 1731 αὐτός
1828 1689 1955 1742 φησι
1990 1666 2099 1726 Πί-
2145 1701 2150 1708 ·

541 1752 723 1810 θυλλον
758 1748 846 1808 τὸν
887 1748 1066 1820 τένθην
1096 1748 1415 1826 καλούμενον
1446 1751 1503 1808 οὗ
1531 1752 1910 1830 περιγλωττίδα
1942 1753 2099 1830 μάγον

541 1836 782 1916 ὑμενίνην
809 1837 998 1918 φορεῖν,
1030 1836 1165 1894 ἀλλὰ
1196 1836 1286 1894 καὶ
1320 1839 1697 1917 προσελυτροῦν
1733 1836 1826 1911 τὴν
1863 1843 2100 1919 γλῶτταν

542 1924 669 2005 πρὸς
703 1923 792 1990 τὰς
823 1923 1135 1991 ἀπολαύσεις
1158 1943 1171 1957 ·
1204 1923 1291 1982 καὶ
1319 1925 1462 1990 τέλος
1485 1924 1630 2003 ἰχθὺν
1662 1925 1855 2006 τρίὸων
1894 1930 2100 1987 ἀπεκά-

547 2019 718 2094 θαιρεν
756 2010 934 2082 αὐτήν.
972 2010 1140 2078 Μόνος
1183 2011 1227 2069 δ’
1260 2002 1402 2078 οὗτος
1434 2015 1535 2070 τῶν
1577 2014 1975 2073 ἀπολαυστικῶν
2011 2016 2101 2074 καὶ

544 2098 901 2178 δακτυλήθρας
927 2098 1060 2177 ἔχων
1091 2099 1275 2156 ἐσθίειν
1297 2098 1504 2177 λέγεται
1535 2098 1592 2158 τὸ
1621 2099 1764 2177 ὄψον,
1791 2100 1856 2160 ἵν’
1882 2106 1951 2170 ὡς
1985 2108 2098 2183 θερ-

539 2185 763 2263 μότατον
784 2190 811 2244 ὁ
834 2187 1125 2266 τρισάθλιος
1145 2187 1369 2266 ἀναδιδῷ
1397 2190 1461 2265 τῇ
1486 2187 1713 2267 γλώττῃ.

1269 2320 1366 2358 22.

613 2414 774 2470 Idem
786 2415 921 2482 XII,
938 2432 999 2487 p.
1023 2411 1090 2479 54
1101 2433 1153 2484 0,
1174 2414 1220 2468 E
1244 2431 1256 2470 t
1277 2410 1545 2491 Κλέαρχος
1562 2410 1618 2469 δέ
1636 2434 1813 2492 φησιν,
1833 2416 1901 2478 ὡς
1922 2415 2099 2473 Πολυ-

1746 443 2124 507 CLEARCHI
2177 446 2523 506 SOLENSIS

2193 577 2483 638 ἀπόλαυσιν
2510 578 2600 638 καὶ
2634 576 2888 660 ἀκρασίαν
2918 581 3128 641 πάντων
3168 584 3459 664 βρωμάτων
3483 583 3771 658 ὥν“ὄντακ

2192 664 2442 738 ἐνέπλησε
2473 665 2567 739 τὴν
2601 666 2865 727 Ἑλλάδα·
2892 668 2959 727 τὰ
2990 667 3041 727 δὲ
3081 670 3299 746 Σαμίων
3329 670 3455 744 ἄνθη
3488 679 3768 752 γυναικῶν

2191 750 2282 810 καὶ
2295 753 2490 833 ἀνδρῶν
2515 752 2685 826 κάλλη
2709 754 2929 836 διάφορα
2943 802 2957 829 ,
2975 755 3052 815 ἔτι
3072 756 3125 816 δὲ
3145 761 3236 829 τῆς
3251 758 3532 834 συμπάσης
3550 759 3771 829 πόλεως

2192 841 2244 896 ἐν
2274 843 2472 920 ἑορταῖς
2492 864 2545 901 τε
2573 840 2662 900 καὶ
2687 842 2889 918 μέθαις.
2928 843 3032 903 Καὶ
3062 850 3226 903 ταῦτα
3247 844 3383 923 μὲνὸ
3408 848 3692 929 Κλέαρχος
3707 850 3765 910 *-

2193 930 2277 987 Cf.
2310 931 2384 989 sr.
2421 931 2476 988 6.
3245 980 3253 988 .

2918 1012 3013 1073 23.

2269 1114 2565 1172 Athenaeus
2590 1118 2762 1186 XIII,
2788 1136 2847 1192 p.
2881 1115 3028 1193 590,
3059 1121 3101 1176 C
3132 1139 3147 1174 ε
3179 1116 3449 1199 Κλέαρχος
3489 1118 3594 1200 γὰρ
3631 1120 3768 1201 περὶ

2191 1198 2593 1275 Ἐπαμινώνδου
2609 1201 2765 1283 φησὶν
2784 1202 2972 1269 οὕτως·
2994 1232 3017 1256 α
3042 1203 3444 1281 Ἐπαμινώνδας
3463 1210 3491 1265 ὁ
3510 1207 3769 1280 Θηὸαἶος

2193 1289 2497 1367 σεμνότερον
2546 1288 2640 1366 μὲν
2668 1288 2880 1364 τούτων,
2912 1293 3004 1350 οὐκ
3033 1293 3368 1372 εὐσχημόνως
3410 1296 3463 1354 δὲ
3495 1299 3620 1378 περὶ
3663 1299 3768 1367 τὰς

2190 1376 2396 1450 ὁμιλίας
2445 1377 2729 1457 ἐσφάλλετο
2773 1376 2870 1449 τὴν
2918 1377 3152 1456 γνώμην,
3201 1379 3250 1440 εἴ
3291 1405 3366 1448 τις
3407 1383 3627 1463 θεωροίη
3687 1383 3768 1444 τὰ

2190 1461 2485 1542 πραχθέντα
2517 1465 2658 1544 αὐτῷ
2686 1463 2805 1545 περὶ
2841 1463 2935 1536 τὴν
2970 1465 3219 1535 Λάκωνος
3246 1469 3487 1546 γυναῖκα.
3518 1497 3542 1520 ι·

2919 1583 3015 1644 24.

2267 1678 2425 1733 Idem
2439 1679 2580 1734 XIII
2593 1697 2678 1752 ,p.
2694 1679 2729 1734 6
2742 1699 2762 1733 1
2780 1699 2827 1750 1,
2847 1681 2890 1735 B
2910 1699 2925 1734 τ
2945 1678 3217 1737 Συνελόντι
3232 1678 3286 1738 δὲ
3305 1681 3486 1753 εἰπεῖν,
3504 1681 3645 1741 κατὰ
3665 1683 3762 1743 τὸν

2191 1761 2360 1823 Σολέα
2392 1763 2686 1844 Κλέαρχον,
2715 1766 2773 1823 οὐ
2796 1764 3097 1846 καρτερικὸν
3128 1765 3236 1844 βίον
3267 1769 3474 1826 ἀσκεῖτε
3492 1812 3508 1839 ,
3542 1772 3762 1830 κυνικὸν

2190 1849 2244 1907 δὲ
2278 1853 2353 1930 τῷ
2389 1849 2495 1909 ὄντι
2517 1853 2671 1922 ζῆτε·
2704 1851 2874 1909 καίτοι
2906 1857 2997 1910 τοῦ
3028 1849 3159 1919 ζώου
3195 1851 3378 1913 τούτου
3413 1857 3467 1912 ἐν
3503 1854 3763 1936 τέτταρσι

2189 1936 2280 2009 τὴν
2324 1937 2473 2015 φύσιν
2506 1937 2750 2018 περιττὴν
2795 1938 3031 2019 ἔχοντος,
3069 1911 3241 2020 &imp
3284 1945 3431 2019 ὑμεῖς
3480 1941 3550 2001 τὰ
3588 1945 3761 2025 χείρω

2190 2024 2525 2102 μερισάμενοι
2547 2034 2770 2106 τηρεῖτε.

2750 2149 2794 2206 Γ
2801 2149 2937 2208 ΕΡΓ
2940 2150 3171 2209 ΙΘῙΟΣ.

2913 2273 2985 2329 α5
2996 2316 3011 2331 .

2270 2408 2472 2465 Athen.
2499 2410 2598 2480 VI,
2626 2428 2686 2484 p.
2707 2407 2839 2480 255,
2869 2410 2943 2467 C:
2967 2406 3239 2487 Κλέαρχος
3261 2408 3304 2466 δ’
3332 2413 3359 2467 ὁ
3379 2411 3574 2478 Σολεὺς
3596 2414 3651 2470 ἓν
3675 2410 3756 2495 τῷ

537 2497 762 2578 κράτης,
801 2501 828 2555 ὁ
860 2501 952 2569 τῆς
984 2496 1149 2576 ἁδρᾶς
1184 2496 1369 2573 Σάμου
1406 2497 1673 2577 τύραννος,
1715 2496 1799 2556 διὰ
1839 2497 1935 2570 τὴν
1975 2500 2093 2580 περὶ
2183 2493 2585 2575 ἐπιγραφομένῳ
2627 2496 2905 2575 Γεργιθίῳ,
2940 2494 3030 2553 καὶ
3069 2497 3221 2554 πόθεν
3258 2501 3292 2568 ἡ
3332 2500 3469 2578 ἀρχὴ
3506 2505 3600 2559 τοῦ
3635 2503 3755 2561 ὀνό-

536 2586 622 2644 τὸν
650 2586 761 2665 βίον
793 2584 1079 2642 ἀκολασίαν
1118 2584 1388 2657 ἀπώλετο,
1410 2583 1650 2655 ζηλώσας
1676 2585 1740 2644 τὰ
1771 2589 1971 2670 Λυδῶν,
1993 2611 2095 2664 μα-

533 2673 693 2731 λακά.
738 2671 902 2734 Ὅθεν
933 2675 1007 2750 τῷ
1049 2669 1142 2748 μὲν
1174 2671 1417 2750 Σάρδεων
1458 2675 1651 2750 ἀγκῶνι
1691 2675 1871 2749 γλυκεῖ
1921 2697 2100 2754 προσ-

536 2757 900 2838 αγορευομένῳ
933 2757 1028 2828 τὴν
1061 2756 1205 2837 παρὰ
1250 2758 1355 2824 τοῖς
1394 2757 1613 2836 Σαμίοις
1643 2759 1839 2838 λαύραν
1882 2763 2096 2819 ἀντικα-

533 2843 843 2902 τεσκεύασεν
878 2847 930 2900 ἐν
961 2848 1026 2919 τῇ
1065 2843 1242 2916 πόλει,
1261 2845 1351 2903 καὶ
1382 2848 1484 2902 τῶν
1523 2847 1707 2905 Λυδῶν
1719 2838 1904 2905 ’ἄνθεσι
1925 2847 2096 2906 πάντα

534 2929 729 3003 ἔπλησε
779 2929 1020 3009 (ἄνθεσιν
1054 2930 1361 3002 ἀντεποίησε
1401 2935 1529 2990 Dal.
1562 2930 1577 3011 )
1616 2930 1681 2990 τὰ
1730 2931 2095 3011 διαγγελθέντα

537 3018 757 3094 Σαμίων
790 3016 965 3077 ἄνθεα.
989 3016 1204 3077 Τούτων
1238 3018 1291 3076 δὲ
1310 3023 1343 3089 ἡ
1376 3018 1470 3095 μὲν
1496 3018 1712 3094 Σαμίων
1741 3019 1910 3099 λαύρα
1942 3020 2096 3091 στενή

2190 2604 2351 2657 ματος
2372 2584 2473 2639 τῶν
2503 2581 2741 2640 κολάκων
2762 2585 2995 2664 παρῆλθε
3011 2628 3025 2656 ,
3058 2585 3339 2662 διηγεῖται,
3362 2588 3452 2645 καὶ
3476 2588 3632 2647 αὐτὸν
3663 2590 3756 2648 τὸν

2190 2669 2451 2750 Γεργίθιον
2499 2669 2890 2747 ὑποτιθέμενος,
2933 2674 3021 2752 ἀφ’
3061 2663 3118 2730 οὗ
3158 2672 3218 2731 τὸ
3260 2672 3458 2751 βιὸλίον
3499 2675 3611 2754 ἔχει
3651 2677 3754 2749 τὴν

2189 2755 2501 2838 ἐπιγραφὴν,
2544 2756 2631 2816 ἕνα
2673 2760 2916 2837 γεγονότα
2959 2763 3061 2817 τῶν
3107 2759 3437 2842 Ἀλεξάνδρου
3480 2764 3748 2827 κολάκων.

2188 2849 2456 2924 Διηγεῖται
2481 2843 2532 2902 δὲ
2554 2843 2743 2911 οὕτως·
2768 2873 2788 2897 ae
2812 2844 2927 2917 Τὴν
2948 2847 3223 2905 κολακείαν
3247 2849 3467 2908 ταπεινὰ
3489 2852 3656 2910 ποιεῖν
3681 2853 3750 2912 τὰ

2186 2933 2292 3005 ἤθη
2334 2935 2436 2992 τῶν
2484 2931 2740 3006 κολάκων,
2785 2938 3243 3016 καταφρονητικῶν
3284 2935 3444 2996 ὄντων
3482 2941 3584 2997 τῶν
3625 2940 3752 3022 περὶ

2188 3019 2392 3087 αὐτούς.
2428 3021 2656 3097 Σημεῖον
2681 3020 2735 3080 δὲ
2758 3021 2817 3080 τὸ
2838 3030 2943 3080 πᾶν
2965 3020 3237 3099 ὑπομένειν
3268 3024 3464 3091 εἰδότας
3504 3016 3589 3084 οἶα
3618 3030 3753 3086 τολ-

530 3131 607 3173 τις
632 3097 694 3178 ἦν
726 3108 982 3181 γυναικῶν
1029 3106 1376 3183 δημιουργῶν,
1406 3105 1679 3175 πλήθουσα
1706 3105 1798 3165 καὶ
1831 3110 1937 3165 τῶν
1970 3107 2099 3186 πρὸς
2189 3111 2347 3185 μῶσι.
2377 3106 2465 3168 Τὰ
2493 3108 2547 3166 δὲ
2576 3110 2676 3166 τῶν
2702 3108 3123 3187 κολακευομένων
3156 3110 3541 3190 ἐμφυσωμένων
3561 3117 3627 3189 τῇ
3654 3137 3752 3172 κο-

529 3276 709 3324 Fernnt
722 3272 852 3323 enim
871 3272 1132 3321 'tithonum
1147 3286 1205 3321 ex
1227 3275 1365 3334 voto,
1389 3273 1521 3323 senio
1539 3272 1781 3336 deposito,
1801 3274 1851 3324 in
1869 3273 2083 3324 cicadam
2175 3275 2464 3325 excellentes
2495 3275 2690 3337 formae,
2728 3278 2874 3338 atque
2909 3274 3053 3325 etiam
3087 3277 3238 3327 totius
3279 3278 3484 3328 civitatis
3508 3280 3555 3328 in
3588 3284 3748 3330 ternu·

530 3355 770 3403 mutatum
785 3389 798 3412 ,
823 3354 1018 3401 auctore
1036 3352 1267 3402 clearcho
1280 3389 1294 3414 ‚
1315 3352 1439 3401 libro
1460 3351 1522 3401 de
1541 3352 1681 3403 vitis.
1717 3395 1729 3407 .

589 3518 850 3569 Clearchus
877 3515 1187 3567 Melambium
1216 3516 1281 3564 ita
1303 3517 1552 3578 precatum
1584 3529 1686 3566 esse
1712 3517 1879 3568 scribit
1908 3535 1922 3567 ι
1947 3536 1973 3561 κ
2002 3516 2084 3567 ‘ri-

525 3595 703 3659 tbono,
726 3597 908 3659 inquit,
935 3594 1222 3645 Melanthius
1249 3593 1510 3644 consultior
1528 3596 1634 3644 tuit.
1668 3596 1750 3645 llle
1776 3597 1931 3656 enim,
1961 3609 2086 3657 quo·

525 3672 654 3722 niam
674 3673 995 3722 immortalem
1014 3685 1065 3722 se
1084 3672 1185 3720 fieri
1208 3672 1573 3734 concupiverat,
1596 3672 1646 3721 in
1673 3674 1809 3721 cunis
1831 3685 2087 3735 suspensus

525 3749 677 3799 haeret
689 3785 702 3809 ‚
723 3749 946 3798 omnibus
964 3749 1079 3798 vitae
1096 3748 1424 3810 voluptatibus
1447 3747 1510 3798 ob
1525 3752 1822 3799 senectutem
1838 3750 2082 3812 privatum

526 3825 815 3877 Melanthius
837 3838 955 3874 vcro
968 3862 981 3886 ‚
1003 3824 1264 3886 voluptatis
1282 3823 1517 3875 desiderio
1530 3829 1698 3887 captus
1710 3863 1725 3888 ,
1744 3829 1966 3889 precatus
1992 3831 2083 3888 est,

527 3904 584 3952 ut
617 3902 831 3952 volucris
866 3902 1007 3964 longo
1032 3901 1155 3950 collo
1194 3901 1375 3963 praediti
1409 3905 1573 3964 guttur
1604 3902 1695 3951 sibi
1731 3902 1944 3964 daretur,
1985 3917 2085 3965 quo

522 3979 705 4030 diutius
737 3979 824 4041 ipsi
858 3977 1052 4028 duraret
1091 3977 1353 4039 voluptatis
1383 3991 1564 4028 sensus.
1600 3998 1622 4021 ι»
1655 3978 1788 4029 idem
1822 3979 2086 4029 Clearchus

525 4058 706 4119 narrat,
728 4056 1104 4119 Pithyllum‚qui
1124 4054 1297 4104 Catillo
1317 4055 1680 4117 cognominatus
1702 4057 1791 4118 est,
1812 4069 1908 4105 non
1927 4057 2083 4106 solum

523 4132 832 4184 membraneo
848 4131 1059 4194 tegmine
1077 4130 1329 4181 involvisse
1352 4130 1561 4194 linguam
1575 4168 1589 4193 ,
1610 4145 1780 4181 verum
1799 4133 1943 4182 etiam
1963 4146 2071 4181 cru·

521 4213 642 4261 stam
666 4209 733 4259 illi
762 4222 848 4259 cen
871 4206 1069 4256 loricam
1093 4206 1334 4257 induxisse
1348 4244 1361 4269 ,
1384 4208 1590 4258 luxuriae
1607 4222 1747 4259 causa
1766 4247 1779 4272 ,
1799 4213 1850 4260 et
1874 4210 2082 4273 denique

522 4287 662 4350 oiseis
678 4286 867 4335 astricta
886 4285 1018 4334 illam
1038 4297 1325 4346 repurgasse.
1340 4303 1380 4351 ,α
1400 4285 1635 4347 Solusque
1652 4286 1736 4336 ille
1752 4300 1780 4337 e
1798 4287 2078 4337 catilianum

520 4376 723 4413 numero
753 4362 1027 4426 digitalibus
1062 4364 1203 4411 utens
1237 4362 1371 4412 cibos
1407 4362 1717 4425 comedebat,
1742 4366 1798 4413 ut
1829 4376 1912 4413 eos
1934 4378 2077 4427 quam

518 4439 889 4490 terrentissimoa
908 4438 1083 4502 linguae
1100 4438 1288 4488 tradere
1298 4439 1545 4488 hominum
1558 4440 1851 4489 miserrimus
1863 4445 2032 4502 posset.
2051 4460 2076 4486 a

577 4603 843 4653 Clearchus
863 4603 1062 4653 scribit:
1091 4624 1115 4648 α
1140 4604 1429 4666 Polycrates,
1443 4603 1662 4653 delicatae
1675 4602 1802 4653 Sami
1815 4606 2074 4670 tyrannus,

515 4680 581 4732 ob
604 4682 717 4731 vitoe
734 4682 978 4731 lasciviam
996 4682 1153 4745 periit,
1181 4696 1332 4745 quum
1343 4691 1487 4732 omne
1509 4695 1658 4745 genus
1676 4681 1896 4733 mollitiei
1912 4684 2066 4746 Lydo-

513 4772 622 4808 rum
647 4758 970 4809 aemularetur.
992 4764 1151 4819 Quare
1169 4761 1309 4812 dulei
1326 4763 1517 4812 Anconi
1533 4797 1549 4823 ,
1570 4760 1653 4824 qui
1674 4759 1902 4810 Sardibus
1925 4775 2070 4812 voca-

513 4836 678 4897 batur,
692 4833 824 4898 apud
842 4837 1027 4887 Samios
1042 4840 1270 4888 Laurum
1289 4838 1510 4901 opposuit
1529 4838 1577 4887 in
1596 4837 1716 4887 urbe
1729 4875 1743 4900 ,
1764 4839 1812 4886 et
1827 4837 2069 4902 Lydorum

513 4910 711 4961 {loribus
727 4911 973 4974 opposuit,
1010 4912 1217 4964 famosos
1242 4913 1350 4964 illos
1369 4914 1637 4964 Samiorum
1657 4913 1808 4964 flores
1834 4916 1943 4964 Erat
1975 4929 2066 4965 au-

508 4990 611 5038 tem
635 4987 906 5037 Samiorum
943 4993 1097 5040 Laura
1124 4992 1256 5041 vicus
1282 4990 1480 5054 quidam
1518 4991 1567 5040 in
1607 4990 1754 5051 urbe,
1784 4990 2067 5042 mulieribus

509 5064 714 5128 puhlicis
748 5065 981 5128 repletus,
1015 5069 1064 5117 et
1102 5067 1326 5119 omnibus
1356 5065 1418 5117 ad
1439 5067 1739 5131 voluptatem
1766 5069 1814 5117 et
1833 5067 2066 5131 intempe-

506 5144 712 5195 rantiam
732 5145 1014 5197 facientibus
1032 5146 1150 5198 cibis
1162 5185 1176 5210 ‚
1202 5147 1381 5211 quihus
1399 5134 1566 5197 mirera
1584 5147 1663 5198 ille
1688 5146 1905 5211 implevit
1926 5147 2063 5196 Grae·

506 5221 647 5275 ciam.
670 5225 792 5276 Sunt
808 5225 969 5275 autem
1001 5226 1270 5277 Samiorum
1290 5225 1455 5289 liores,
1480 5226 1736 5276 mulierum
1766 5228 1817 5277 et
1838 5227 2059 5276 virorum

2176 3352 2320 3402 lentia
2336 3356 2385 3403 et
2407 3353 2541 3403 sestis
2558 3350 2726 3404 diebus
2742 3358 2792 3403 et
2812 3352 3061 3404 hilaritas
3078 3357 3128 3404 ec
3144 3354 3357 3406 laeeicia.
3381 3376 3406 3399 υ
3425 3359 3486 3407 Et
3516 3358 3622 3408 haec
3639 3359 3748 3421 qui·

2176 3429 2286 3480 dem
2309 3431 2587 3481 Clearchus.
2904 3497 2971 3547 23

2237 3580 2499 3630 Clearchus
2536 3578 2597 3628 de
2634 3578 2959 3641 Epaminonda
2994 3579 3061 3629 ita
3083 3579 3248 3630 scribit
3288 3598 3301 3630 ε
3332 3600 3356 3623 α
3382 3582 3743 3644 Epaminondas

2174 3658 2431 3708 Thebanus
2459 3657 2535 3706 his
2565 3656 2761 3720 quidem
2785 3654 2975 3720 gravior
3010 3675 3022 3706 :
3048 3656 3132 3705 sed
3164 3660 3325 3707 tamen
3359 3671 3527 3720 parum
3562 3659 3743 3711 decora

2173 3735 2424 3785 rationein
2442 3734 2694 3795 colloquiis
2712 3746 2824 3782 cum
2843 3734 3123 3784 mulieribus
3145 3732 3205 3783 de
3226 3734 3372 3783 animi
3397 3735 3472 3784 sui
3497 3738 3742 3787 sententia

2171 3813 2384 3864 dimotus
2402 3816 2504 3874 est,
2527 3812 2694 3875 siquis
2715 3811 2835 3863 illud
2858 3811 3050 3875 quidem
3072 3812 3253 3874 cogitet
3275 3814 3407 3876 quod
3439 3825 3550 3862 cum
3585 3817 3738 3865 Laco-

2171 3891 2245 3940 nis
2261 3903 2413 3940 uxore
2429 3892 2615 3954 gestum
2633 3891 2719 3940 est.
2747 3908 2771 3934 n
2825 3953 2835 3967 ο
2901 3955 2966 4006 24

2233 4039 2298 4086 Ut
2324 4037 2485 4099 paucis
2504 4035 2816 4098 concludam,
2840 4035 2972 4100 quod
2994 4035 3061 4084 ait
3091 4035 3296 4095 Solensis
3324 4036 3616 4098 Clearchus,
3645 4051 3740 4089 voa

2171 4126 2265 4162 non
2291 4114 2590 4164 tolerantiam
2613 4115 3023 4176 constantiamque
3051 4113 3166 4162 vitae
3197 4113 3454 4175 exercetis,
3483 4112 3566 4163 scd
3593 4117 3737 4165 cani-

2167 4204 2280 4240 nam
2311 4204 2477 4240 revera
2511 4190 2658 4239 vitam
2682 4190 2819 4252 agitis
2848 4209 2861 4240 :
2887 4203 3206 4254 quamquam,
3242 4203 3393 4252 quum
3413 4191 3461 4239 in
3494 4194 3738 4254 quattuor

2168 4268 2311 4317 rebus
2341 4268 2544 4318 excellat
2579 4280 2753 4317 canum
2786 4272 2987 4329 natura,
3019 4280 3108 4317 vos
3125 4281 3184 4317 ex
3204 4268 3278 4318 his
3297 4266 3459 4331 pejora
3477 4269 3737 4332 seligentes

2167 4346 2439 4396 imitamini.

2703 4423 3188 4485 GERGITBlUS.

2896 4558 2985 4610 25.

2223 4679 2483 4730 Clearchus
2502 4677 2711 4729 Solensis
2738 4677 2789 4727 in
2808 4676 2930 4728 libro
2954 4689 3098 4739 quem
3122 4677 3422 4739 Gergithium
3445 4676 3725 4739 inscripsit,

2159 4757 2354 4821 exponit
2379 4757 2524 4807 etiam
2540 4755 2670 4806 unde
2687 4755 2821 4830 initio
2839 4767 3014 4804 nomen
3036 4755 3385 4805 assentatorum
3412 4765 3724 4816 progressum

2158 4835 2233 4885 sit.
2262 4839 2316 4885 ln
2334 4848 2392 4884 eo
2416 4833 2576 4884 libello
2601 4834 2757 4896 ipsum
2777 4830 2912 4883 illum
2933 4832 3231 4894 Gergithium
3248 4867 3264 4892 ‚
3284 4830 3424 4892 cuius
3442 4843 3620 4881 nomen
3651 4832 3723 4881 ti-

2157 4912 2287 4963 tulus
2308 4911 2524 4976 prmt'ert‚
2543 4910 2712 4961 statuit
2734 4924 2887 4961 unum
2905 4924 2967 4961 ex
2995 4907 3252 4960 Alexandri
3272 4908 3417 4959 luisse
3447 4911 3724 4959 assentato-

2158 4991 2306 5042 ribus.
2331 4990 2540 5053 Exponit
2559 5003 2674 5041 vero
2691 4989 2758 5041 ita
2778 5009 2791 5041 ε
2815 5009 2840 5034 α
2861 4988 3259 5048 assentationem,
3277 4987 3366 5049 ait,
3384 4985 3594 5036 humiles
3612 4988 3731 5038 red·

2155 5070 2269 5121 dere
2293 5070 2482 5120 animos
2503 5083 2768 5133 moresque
2789 5069 3167 5129 assen'lalorum3
3192 5065 3583 5130 qnandoquidem
3607 5066 3723 5119 illos

2153 5148 2253 5200 fere
2265 5151 2581 5199 contemnunt
2599 5149 2649 5199 hi
2664 5148 2952 5212 quibuscum
2971 5151 3234 5199 versantur.
3260 5148 3556 5208 Argumento
3579 5158 3719 5210 csse,

2153 5225 2284 5291 quod
2300 5227 2460 5276 omnia
2473 5226 2733 5291 patiantur,
2752 5226 2873 5278 bene
2889 5225 3021 5291 gnari
3036 5223 3152 5289 quid
3166 5224 3224 5274 sit
3243 5221 3374 5286 quod
3391 5222 3457 5272 illi
3475 5220 3714 5274 audeant.
