4016 5916
449 429 567 485 2⁴6

1624 417 2067 479 DICAEARCHI
2110 419 2398 480 MESSEN
2410 420 2461 479 11

449 549 814 617 daemonium,
834 547 1168 623 discipulum
1187 549 1491 604 Aristarchi
1507 590 1522 617 ,
1545 567 1742 604 verum
1772 548 2001 605 dubita-
2092 548 2179 606 δου
2197 594 2214 625 ,
2238 550 2307 616 ὡς
2326 546 2681 628 Ἀριστοτέλης
2702 548 2789 607 καὶ
2811 546 3157 629 Ἡρακλείδης
3183 548 3272 607 καὶ
3295 548 3644 631 Δικαίαρχος,

447 638 663 692 tionem
703 646 925 704 movet,
961 635 1120 710 quod
1154 647 1359 710 praeter
1391 635 1617 692 Suidam
1655 655 1822 692 nemo
1854 638 2000 693 ullus

446 725 612 797 hujus
658 724 962 779 Aristarchi
1011 724 1355 779 mentionem
1396 722 1558 791 facit3
1613 742 1716 778 nec
1759 723 1998 778 multum

449 809 645 867 absum
674 813 813 884 quin
842 811 1081 884 probem
1116 811 1488 885 suspicionem
1517 811 1558 865 F
1562 810 1709 865 uhrii
1732 809 1814 884 (p.
1839 810 1931 886 60)
1980 830 1995 865 ε

448 922 473 947 α
499 898 787 970 Ejusmodi
808 898 1259 972 grammaticum,
1282 897 1388 965 ait,
1414 897 1677 951 exstitisse
1695 897 1739 950 si
1760 897 1882 969 quis
1900 916 2001 952 ne·

449 995 606 1058 garet
616 996 670 1041 et
680 985 905 1041 Suidam
919 984 1075 1064 quod
1086 1003 1192 1057 pro
1201 983 1323 1038 tulit
1334 978 1740 1056 Λακεδαιμόνιος
1751 994 1806 1037 et
1818 982 2000 1060 ἀκροα-

448 1069 541 1139 τὴς
570 1069 911 1150 Ἀριστάρχου
957 1073 1189 1127 omnino
1224 1069 1443 1126 finxisse
1483 1080 1773 1141 statueret,
1816 1071 2001 1144 prima

452 1159 684 1231 quidem
711 1162 895 1233 specie
923 1160 1249 1215 temeritatis
1283 1158 1495 1213 crimen
1526 1157 1755 1214 subiret.
1798 1161 1873 1213 At
1910 1156 2003 1212 de-

451 1248 751 1301 monstrari
791 1245 1018 1300 fortasse
1066 1233 1299 1318 potest(
1334 1248 1432 1317 qui
1476 1244 1684 1300 sactum
1729 1244 1897 1299 suerit
1939 1254 2003 1298 ut

453 1332 649 1388 Suidas
673 1332 744 1388 de
773 1333 1135 1407 grammatico
1163 1331 1513 1399 Dicaearcho,
1536 1349 1717 1405 eoque
1749 1331 2004 1388 Lacedae-

450 1420 647 1475 monio
667 1431 723 1474 et
736 1419 1040 1475 Aristarchi
1058 1417 1333 1489 discipulo
1346 1418 1637 1490 cogitaret.
1650 1418 2004 1473 Dicaearchus

450 1507 751 1562 Messenius
798 1508 1146 1579 aliquantum
1197 1505 1466 1577 temporis
1510 1506 1569 1557 in
1613 1505 2002 1578 Peloponneso

452 1594 610 1667 (Cic.
634 1594 725 1650 Ad
747 1596 863 1650 Att.
894 1595 969 1649 VI
986 1633 1004 1663 ‚
1031 1610 1063 1646 2
1084 1591 1103 1667 )
1126 1602 1213 1660 et,
1235 1592 1294 1646 id
1315 1590 1472 1665 quod
1493 1609 1667 1663 quum
1688 1611 1793 1665 per
1810 1610 1866 1647 se
1887 1604 2004 1647 tum

451 1680 582 1734 ideo
613 1679 772 1752 quod
805 1681 1084 1734 civitatem
1108 1680 1435 1750 Spartanam
1459 1671 1825 1750 descripserat
1847 1679 2001 1732 colli-

454 1784 584 1841 gere
622 1767 754 1822 licet
772 1809 787 1840 ‚
819 1764 985 1821 etiam
1012 1767 1219 1838 Spartae
1243 1766 1457 1819 vixerat
1477 1764 1700 1836 ibique,
1734 1763 2008 1836 quemad-

452 1852 692 1908 modum
725 1856 891 1909 etiam
920 1853 1036 1925 ejus
1060 1852 1130 1907 de
1163 1850 1363 1925 Sparta
1393 1851 1537 1905 liber
1562 1851 1788 1924 publica
1809 1853 2007 1907 recita-

456 1943 610 1996 tione
635 1959 810 2013 eaque
840 1939 1137 2013 quotannis
1155 1936 1492 1993 instituenda
1514 1937 1715 2012 dignus
1728 1936 2008 2009 judicatus

454 2038 563 2097 est,
608 2030 832 2084 civitate
876 2030 1146 2101 Spartana
1191 2026 1431 2081 donatus
1475 2025 1706 2079 sortasse
1753 2024 1937 2080 fuerat
1990 2044 2003 2079 :

452 2116 605 2171 unde
633 2112 1043 2190 Λακεδαιμόνιος
1062 2114 1333 2188 appellari
1356 2115 1562 2186 potuit.
1589 2111 1768 2184 Quam
1789 2114 2010 2188 egregie

452 2214 638 2257 autem
681 2204 1051 2280 γραμματικοῦ
1098 2219 1416 2276 cognomen
1459 2198 1533 2254 ad
1574 2199 2006 2272 Peripateticum

454 2291 720 2363 quadret,
756 2310 825 2347 ex
848 2292 1021 2346 literis
1049 2289 1165 2361 ejus
1192 2300 1247 2344 et
1272 2288 1469 2343 studiis
1499 2289 1626 2341 satis
1651 2287 2008 2360 perspicuum

452 2390 549 2435 est.
586 2380 822 2436 Accedit
862 2378 1021 2453 quod
1064 2377 1261 2434 Suidas
1302 2388 1558 2431 nostrum
1586 2375 2002 2443 Dicaearchum,

453 2483 569 2537 quo
600 2467 730 2520 loco
763 2464 834 2520 de
872 2482 941 2519 eo
984 2465 1159 2520 verba
1194 2462 1356 2532 facit,
1388 2463 1486 2517 illo
1525 2462 1861 2535 cognomine
1891 2479 2008 2514 non

452 2552 660 2607 affecit.
706 2552 1016 2608 Aristarchi
1046 2562 1231 2606 autem
1276 2549 1596 2605 auditorem
1639 2566 1763 2602 eam
1793 2548 2010 2620 potissi-

450 2658 607 2694 mum
637 2638 714 2695 ob
745 2657 965 2695 causam
1003 2638 1250 2692 statuisse
1278 2635 1521 2713 videtur,
1567 2632 1723 2708 quod
1763 2634 2010 2688 Dicaear-

453 2727 589 2782 chus
609 2753 690 2769 —-
714 2738 906 2781 utrum
930 2736 1117 2779 autem
1139 2725 1209 2787 ὡς
1237 2722 1290 2778 ἐν
1322 2719 1536 2798 παρόδῳ
1565 2739 1639 2776 an
1662 2739 1732 2775 ex
1754 2719 2007 2793 professo

451 2812 512 2867 id
541 2812 738 2868 fecerit
762 2829 881 2866 non
924 2810 1183 2866 discerno
1218 2840 1297 2850 —
1326 2809 1532 2863 criticae
1573 2815 1863 2862 contextus
1890 2808 2008 2861 Ho-

452 2899 654 2954 merici
681 2897 997 2955 recensioni
1022 2895 1321 2952 studuerit.
1352 2894 1422 2950 Id
1463 2896 1612 2949 enim
1639 2894 1822 2948 solum
1851 2893 2010 2967 quod

449 2985 805 3043 Dicaearchus
823 2986 1123 3040 lectionem
1139 2982 1440 3057 proposuit
1461 2982 1550 3037 vel
1573 2980 2005 3052 commendavit,

453 3087 623 3143 quam
642 3072 991 3127 Aristarchus
1010 3070 1215 3126 deinde
1239 3068 1659 3142 comprobavit,
1689 3067 1761 3122 ad
1782 3067 2008 3123 creden-

453 3158 593 3212 dum
612 3176 968 3214 conunovere
992 3159 1088 3212 vix
1113 3158 1330 3230 potuit,
1359 3154 1666 3210 Aristarchi
1693 3153 2007 3210 auditorem

450 3245 612 3298 illmn
655 3244 837 3301 fuisse.
884 3245 954 3299 In
997 3245 1115 3299 aliis
1161 3243 1405 3315 denique
1447 3241 1771 3297 nominibus
1811 3242 2010 3298 Suidas

449 3333 704 3388 similiter
742 3350 813 3388 ex
839 3349 956 3386 uno
999 3331 1143 3387 duos
1183 3330 1371 3386 effecit
1403 3331 1725 3403 scriptores,
1770 3355 1792 3380 a
1828 3330 2008 3385 Simili

450 3419 626 3474 modo
643 3419 861 3491 judicat
880 3421 1131 3475 Osannus
1156 3418 1193 3476 l.
1221 3419 1259 3475 1.
1295 3436 1401 3488 117
1425 3436 1511 3491 sq.

407 3572 412 3576 ,
529 3508 653 3562 Jam
675 3525 816 3562 vero
847 3507 1058 3562 etiamsi
1094 3524 1202 3580 pro
1233 3515 1389 3561 certo
1412 3523 1689 3580 ponamus
1726 3506 2006 3561 Aristote-

457 3589 622 3648 licum
660 3594 1045 3650 Dicaearchum
1093 3594 1165 3649 ab
1215 3592 1529 3667 Apollonio
1572 3594 1846 3667 spectari,
1886 3592 2000 3646 hoc

449 3691 641 3735 tamen
691 3682 970 3737 incertum
1012 3691 1230 3749 manet,
1279 3692 1473 3736 utrum
1515 3681 1790 3754 peculiari
1832 3697 2005 3752 opere

452 3768 755 3823 Homerica
791 3786 889 3823 sua
931 3766 1269 3841 protulerit,
1318 3786 1391 3823 an
1424 3786 1530 3841 per
1577 3769 1794 3839 reliqua
1832 3782 2004 3838 opera

451 3853 718 3926 dispersa.
763 3855 914 3910 Nihil
941 3854 1249 3927 profeceris
1288 3873 1319 3911 e
1360 3854 1663 3911 Plutarcho
1692 3855 1823 3909 Non
1844 3870 2005 3926 posse

448 3956 600 3995 suaV.
631 3941 743 3996 vivi
767 3960 828 4015 p.
863 3939 1033 4015 1095,
1056 3943 1108 3996 A
1135 3959 1149 3995 t
1174 3939 1255 3999 Οὐ
1283 3937 1383 4017 γὰρ
1404 3937 1466 3997 ἂν
1492 3940 1709 4009 ἐπῆλθεν
1737 3939 1910 4002 αὐτοῖς
1933 3937 2005 4001 εἷς

450 4028 566 4081 νοῦν
605 4024 859 4101 βαλέσθαι
892 4023 987 4093 τὰς
1027 4024 1224 4105 τυφλὰς
1263 4024 1463 4091 ἐκείνας
1498 4025 1587 4084 καὶ
1628 4022 1794 4090 νωδὰς
1830 4024 2003 4103 ψηλα-

450 4110 633 4190 φήσεις
662 4113 755 4172 καὶ
789 4112 1128 4186 ἰπιπηδήσεις
1153 4117 1244 4172 τοῦ
1289 4113 1583 4172 ἄκολοίστου
1613 4109 1999 4189 μεμαθηκόσιν,

449 4200 493 4256 εἰ
514 4198 675 4276 μηδὲν
704 4199 860 4274 ἄλλο,
887 4200 1104 4282 γράφειν
1133 4201 1251 4280 περὶ
1275 4199 1511 4282 Ὁμήρου
1531 4197 1760 4279 καὶπερὶ
1786 4196 2002 4279 Εὐριπί-

1157 4389 1224 4439 33
1249 4399 1298 4439 a.

513 4485 831 4548 Reprehendit
852 4485 1161 4537 Dicaearchus
1180 4485 1445 4547 Penelopen
1457 4520 1474 4547 ,
1498 4483 1652 4546 qualis
1673 4483 1799 4547 apud
1824 4487 2003 4534 Home·

449 4575 559 4611 rum
577 4564 677 4624 est,
697 4566 893 4626 propter
917 4576 1083 4614 versus
1101 4563 1245 4613 hoece
1266 4576 1282 4613 ε

561 4654 668 4698 Haec
686 4664 797 4699 vero
818 4653 998 4710 quando
1023 4655 1117 4708 jam
1145 4652 1200 4698 ad
1218 4664 1381 4709 procos
1401 4655 1583 4698 venerat
1600 4649 1752 4697 divina
1771 4651 1947 4705 mulier,

555 4719 677 4765 stetit
691 4722 821 4775 juxta
841 4725 1013 4777 postem
1030 4721 1189 4766 domus
1214 4719 1382 4765 affabre
1403 4723 1609 4772 structae,

556 4788 680 4845 genis
697 4790 1003 4848 (praetendens
1021 4791 1171 4835 tenuia
1190 4790 1479 4844 redimicula)

451 4873 497 4920 et
522 4881 632 4930 quoe
667 4871 952 4930 sequuntur.
984 4869 1179 4920 Minime
1211 4869 1339 4920 enim
1367 4869 1617 4920 decentem
1656 4870 1705 4918 et
1738 4867 2003 4918 modestam

452 4946 568 4994 dicit
599 4957 651 4994 se
677 4944 943 5007 Penelopen
970 4946 1208 5010 praebere,
1232 4947 1410 5009 quippe
1436 4960 1547 5008 quae
1574 4946 1787 5008 primum
1809 4944 2004 5008 quidem

2089 639 2172 693 Ex
2188 639 2276 693 his
2310 640 2458 694 enim
2481 656 2599 693 non
2622 639 2800 712 liquet
2838 657 2976 693 num
2995 650 3234 713 uterque
3259 641 3478 711 tituluS,
3514 638 3640 719 περὶ

2090 719 2328 802 Ὁμήρου
2368 723 2456 781 καὶ
2502 722 2620 803 περὶ
2667 722 2984 802 Εὐριπίδου,
3015 744 3088 780 an
3137 725 3277 780 alter
3310 737 3526 782 tantum
3565 727 3652 783 ad'

2087 814 2353 868 Nostrum
2378 815 2672 888 pertineat.

2785 943 2855 999 33
2887 964 2939 999 a.

2170 1058 2358 1140 δάιοι.
2389 1084 2560 1137 nom.
2599 1081 2710 1138 od.
2741 1103 2809 1150 α,
2843 1081 2952 1137 333
2983 1101 3013 1137 e
3042 1081 3173 1137 cod.
3196 1082 3362 1137 nari.
3398 1079 3655 1153 5674111.

2091 1167 2342 1224 Crameri
2381 1168 2597 1225 Anecd.
2625 1169 2795 1224 PariS.
2837 1170 2953 1238 111,
3000 1187 3059 1242 p.
3098 1175 3210 1234 422
3242 1188 3260 1223 ι
3293 1168 3541 1225 Αἷτιᾶται
3578 1168 3648 1225 ἐκ

2091 1257 2193 1312 τῶν
2225 1254 2365 1311 ἐπῶν
2398 1251 2596 1312 τούτων
2633 1252 2949 1332 Δικαίαρχος
2975 1253 3067 1323 τὴν
3098 1255 3226 1332 παρ’
3259 1250 3483 1333 “Ομήρῳ
3513 1257 3647 1325 Πη-

2092 1340 2340 1411 νελόπην·

2214 1461 2276 1511 Ἥ
2293 1460 2333 1509 δ’
2353 1461 2430 1509 ὅτε
2452 1461 2509 1518 δὴ
2538 1465 2797 1523 μνηστῆρας
2821 1460 3008 1523 ἀφίκετο
3035 1463 3112 1511 δῖα
3132 1466 3395 1523 γυκαικῶν,

2215 1536 2303 1590 στῆ
2328 1532 2386 1594 ῥα
2408 1532 2537 1591 παρὰ
2558 1532 2762 1594 σταθμὸν
2784 1532 2940 1589 τέγεος
2964 1532 3094 1580 πύκα
3114 1536 3328 1590 ποιητοῖο

2216 1600 2331 1649 ἄντα
2352 1600 2585 1664 παρειάων

2095 1702 2185 1762 καὶ
2234 1701 2300 1761 τὰ
2329 1700 2461 1774 ἑξῆς.
2501 1703 2765 1779 Οὐδαμῶς
2791 1700 2891 1782 γὰρ
2919 1700 3168 1760 εὔτακτον
3213 1692 3342 1760 εἷναί
3382 1724 3510 1778 φησι
3549 1700 3658 1774 τὴν

2101 1789 2411 1863 Πηνελόπην
2447 1792 2630 1869 πρῶτα
2657 1788 2751 1866 μὲν
2771 1790 2851 1847 ὅτι
2878 1789 3007 1868 πρὸς
3041 1789 3134 1859 τὴν
3166 1788 3324 1868 θύραν
3356 1793 3451 1860 τῆς
3477 1791 3649 1869 αὐλῆς

2097 1875 2437 1957 παραγίνεται
2465 1875 2778 1954 νεανίσκοις,
2809 1875 2988 1935 ἔπειτα
3017 1881 3095 1957 τῷ
3122 1875 3398 1956 κρηδέμνῳ
3421 1877 3488 1935 τὰ
3516 1879 3648 1937 κάλ-

2096 1966 2248 2023 λιστα
2279 1962 2413 2045 μέρη
2436 1969 2524 2022 τοῦ
2554 1961 2832 2043 προσώπου
2862 1961 3174 2043 καλύψασα,
3209 1962 3326 2030 τοὺς
3350 1962 3654 2043 ὀφθαλμοὺς

2098 2049 2281 2128 μόνους
2296 2047 2616 2131 ἀπολε[ίπει]
2638 2052 2963 2131 θεωρεῖσθαι·
2988 2049 3251 2129 περίεργος
3262 2049 3362 2130 γὰρ
3378 2055 3411 2121 ἡ
3432 2050 3648 2122 τοιαύτη

2098 2138 2485 2219 σχηματοποιία
2519 2138 2610 2196 καὶ
2636 2137 3013 2218 προσποίητος,
3053 2137 3089 2209 ἥ
3113 2160 3170 2196 τε
3193 2139 3523 2218 παράστασις
3542 2142 3660 2197 τῶν

2098 2214 2474 2307 θεραπαινίδων
2502 2224 2773 2306 ἑκάτερθεν
2801 2227 2873 2292 εἷς
2899 2224 2959 2284 τὸ
2995 2228 3110 2284 κατ’
3152 2224 3335 2305 ἐξοχὴν
3377 2226 3652 2339 ιρῖαίνεσθαι

2097 2314 2291 2388 καλὴν,
2316 2316 2409 2373 οὐκ
2434 2313 2830 2385 ἀνεπιτήδευτον
2861 2312 3107 2371 δείκνυσι.
3141 2311 3334 2390 Φαμὲν
3364 2335 3452 2372 ουν
3482 2313 3562 2373 ὅτι
3588 2315 3651 2374 τὸ

2097 2402 2316 2461 καθόλου
2333 2399 2441 2468 ἔθος
2454 2402 2653 2479 ἀγνοεῖν
2668 2398 2827 2460 ἔοικεν
2844 2402 2871 2458 ὁ
2886 2399 3219 2479 Δικαίαρχος.
3240 2406 3651 2477 Argumentum

2098 2493 2261 2565 hujus
2299 2492 2595 2567 fragmenti
2628 2502 2709 2546 est
2752 2489 3053 2562 ejusmodi,
3074 2501 3139 2545 ut
3164 2491 3224 2544 in
3249 2492 3386 2547 Vitae
3425 2491 3651 2548 Graeciae

2096 2591 2256 2654 parte
2276 2598 2369 2649 ea,
2387 2598 2498 2652 qua
2512 2579 2751 2633 heroicae
2771 2578 2941 2633 aetatis
2962 2596 3148 2633 mores
3162 2577 3651 2649 describebantur,

2099 2678 2224 2741 apte
2248 2667 2437 2722 locum
2463 2666 2671 2721 habere
2700 2666 2966 2739 potuerit.

2178 2754 2278 2809 His
2303 2751 2540 2825 subjicio
2566 2770 2688 2825 quae
2716 2751 2967 2807 Osannus
2993 2751 3031 2808 l.
3071 2750 3112 2804 l.
3138 2769 3201 2824 p.
3239 2769 3262 2805 1
3281 2750 3349 2806 18
3377 2769 3408 2807 e
3446 2751 3652 2810 codice

2099 2841 2295 2894 Italico
2323 2849 2620 2895 tractatum
2651 2838 2739 2893 De
2772 2838 2940 2911 signis
2980 2838 3286 2893 Aristarchi
3330 2841 3658 2895 continente

2100 2927 2374 3000 excerpsit
2408 2945 2422 2981 :
2453 2925 2504 2984 T
2505 2921 2569 2995 ὴν
2597 2920 2652 2981 δὲ
2672 2920 2881 2995 ποίησιν
2904 2921 3347 3000 ἀναγινώσκεσθαι
3369 2924 3499 2993 ἀξιοῖ
3524 2923 3650 2985 Ζώ-

2099 3034 2258 3092 πυρος
2280 3013 2313 3068 ὅ
2331 3010 2551 3088 Μάγνης
2574 3009 2775 3071 Αἰολίδι
2813 3008 3068 3090 διαλέκτῳ
3085 3032 3098 3046 ·
3119 3009 3180 3068 τὸ
3206 3010 3249 3068 δ’
3274 3010 3401 3070 αὐτὸ
3427 3011 3515 3069 καὶ
3553 3018 3654 3072 Δι-

2100 3121 2369 3178 καιαρχος.

2578 3243 2760 3302 ΠΕΡΙ
2802 3241 3170 3301 ΑΛΚΑῙΟΥ.

2175 3385 2331 3458 Opus
2362 3385 2447 3439 De
2474 3379 2690 3452 Alcaeo,
2718 3393 2989 3455 quantum
3012 3399 3044 3436 e
3071 3382 3393 3458 fragmentis
3429 3385 3654 3461 colligi·

2101 3483 2213 3541 tur,
2246 3470 2676 3525 commentarius
2702 3479 2823 3524 erat
2844 3469 2903 3522 in
2930 3469 3102 3526 Alcaei
3131 3472 3375 3528 carmina
3399 3474 3652 3546 exegeti-

2099 3576 2196 3614 cus
2236 3557 2588 3628 criticusque.
2619 3556 2899 3612 Praemissa
2939 3555 3110 3636 fuerit
3151 3555 3222 3611 de
3255 3558 3369 3612 vita
3407 3569 3461 3613 et
3489 3560 3652 3632 poesi

2098 3645 2267 3701 Alcaei
2292 3643 2622 3699 dissertatio.
2707 3659 2715 3667 ·

2820 3781 2918 3845 34.

2175 3936 2470 3992 Athenaeus
2490 3936 2625 4005 XV,
2671 3953 2732 4008 p.
2765 3933 2907 4006 668,
2937 3937 2981 3991 E
3022 3954 3037 3989 t
3076 3931 3204 3993 “ou
3229 3931 3282 3990 δὲ
3315 3931 3641 3992 ἐσπούδαστο

2095 4018 2241 4099 παρὰ
2267 4029 2372 4087 τοῖς
2403 4019 2742 4086 Σικελιώταις
2772 4022 2801 4078 ὃ
2834 4018 3118 4098 κότταὸος,
3150 4020 3299 4090 δῆλον
3330 4021 3388 4078 ἐκ
3419 4024 3509 4079 τοῦ
3547 4022 3639 4081 καὶ

2096 4106 2362 4183 οἰκήματα
2412 4106 2679 4177 ἐπιτήδεια
2722 4109 2788 4186 τῇ
2817 4106 3003 4187 παιδιᾷ
3036 4106 3542 4185 κατασκευάζεσθαι,
3571 4109 3644 4175 ὥς

2094 4197 2289 4275 ἱστορεῖ
2312 4193 2628 4273 Δικαίαρχος
2656 4194 2707 4252 ἐν
2735 4196 2809 4273 τῷ
2843 4193 2976 4275 Περὶ
3004 4191 3263 4254 Ἀλκαίου.

2070 4362 2313 4425 spectari.
2347 4363 2565 4423 Ineptum
2581 4362 2710 4411 enim
2731 4360 2880 4410 talem
2910 4361 3104 4411 habitus
3126 4362 3518 4425 compositionem
3544 4376 3647 4414 esse

2090 4439 2475 4501 affectuumque.
2496 4441 2644 4487 Porro
2660 4437 2793 4501 quod
2807 4438 2978 4488 ancilla
2996 4438 3057 4488 ab
3075 4440 3284 4501 utroque
3302 4438 3452 4489 latere
3466 4439 3643 4502 adstet,

2091 4518 2223 4568 haud
2237 4517 2492 4568 minimum
2505 4530 2563 4567 eo
2576 4516 2734 4568 tacere
2748 4516 2986 4579 ostendit,
3001 4520 3057 4566 ut
3071 4519 3207 4567 tanto
3225 4516 3377 4580 magis
3391 4519 3645 4582 Penelopae

2091 4597 2317 4646 venustas
2332 4594 2556 4645 emineat.
2573 4593 2720 4644 Nobis
2730 4593 2924 4657 ignarus
2942 4594 3107 4658 utique
3124 4608 3315 4644 morum
3333 4596 3531 4646 rationis
3541 4610 3653 4647 esse

2091 4672 2397 4723 Dicaearchus
2419 4671 2630 4722 videtur.

2645 4750 2747 4810 DE
2791 4749 3086 4812 ALCAEO.

2154 4946 2340 5010 Insigne
2357 4947 2571 4997 studium
2589 4947 2641 4996 in
2672 4866 3049 4997 comffissdum
3081 4947 3340 4998 contulisse
3376 4947 3564 5000 Siculos
3580 4962 3647 5000 ex

452 5024 512 5072 ad
537 5022 661 5073 auloe
681 5025 869 5085 portam
899 5024 1102 5086 juvenes
1119 5026 1400 5086 conveniat,
1419 5024 1592 5075 deinde
1618 5026 1782 5074 autem
1801 5025 1907 5074 velo
1930 5037 2008 5074 ve·
2091 5037 2150 5075 eo
2185 5026 2405 5088 apparet,
2430 5024 2562 5089 quod
2592 5025 2736 5075 etiam
2761 5025 3006 5074 conclavia
3031 5024 3144 5074 huic
3167 5023 3284 5075 ludo
3309 5023 3534 5088 adaptata
3565 5038 3652 5077 ex·

452 5099 778 5150 niistissimam
814 5100 951 5151 faciei
981 5103 1166 5164 partem
1199 5102 1421 5167 obtegat,
1444 5101 1704 5165 oculosque
1729 5102 1856 5152 solos
1882 5100 2005 5152 sinat

2092 5103 2384 5166 struxerint,
2404 5107 2458 5154 ut
2479 5104 2781 5154 Dicoearchus
2798 5102 2943 5153 tradit
2966 5104 3016 5152 in
3033 5102 3155 5153 libro
3178 5107 3251 5154 De
3282 5103 3462 5155 Alcaeo.
