4016 5916
1954 538 2120 631 EK

358 824 698 949 ΤΗΣ
768 824 1519 952 ΙΣΤΟΡΙΑΣ
1591 760 3561 992 ΔΙΟΔΩΡΟΥΣΙΚΕΛΙΩΤΟΥ.

874 1480 1018 1559 [ΕΚ
1060 1482 1255 1540 mea,
1300 1475 1438 1563 qn]

432 1643 486 1702 Ι.
502 1634 635 1700 Ὅτι
656 1635 808 1719 φόνον
833 1635 1074 1696 ἀκούσιον
1090 1635 1291 1718 φεύγων
1311 1638 1340 1695 ὁ
1360 1635 1774 1719 Βελλεροφόντης
1795 1630 1922 1712 ἦλθε

344 1726 485 1808 πρὸς
506 1729 733 1807 Προῖτον
767 1723 1120 1807 (1),πατρυιὸν
1142 1722 1266 1784 ὄντα
1294 1721 1449 1794 ξίνον.
1476 1724 1590 1797 Τὴν
1614 1723 1668 1784 δὲ
1698 1726 1920 1806 Προίτου

346 1818 577 1897 γυναῖκα
610 1812 696 1872 διὰ
731 1811 794 1872 τὸ
821 1811 1012 1880 κάλλος
1048 1811 1351 1894 ἐρασθεῖσαν
1390 1817 1480 1872 τοῦ
1510 1813 1922 1894 Βελλεροφόντου

346 1903 446 1964 καὶ
474 1903 549 1981 μὴ
587 1898 881 1977 δυναμένην
918 1901 1131 1977 πεῖσαι,
1164 1897 1434 1959 διαὸαλεῖν
1477 1899 1633 1960 αὐτὸν
1666 1901 1793 1981 πρὸς
1831 1900 1920 1962 τὸν

348 1990 519 2073 ἄνδρα
546 1993 618 2058 ὥς
640 1990 705 2067 (ε)
729 1987 1050 2068 βιασάμενον
1080 1986 1264 2059 αὐτήν.
1347 1987 1452 2049 Τὸν
1471 1986 1527 2046 δὲ
1558 1989 1781 2068 Προῖτον
1804 1992 1919 2047 ἀνε·

344 2080 461 2139 htv
494 2076 590 2156 μὲν
627 2074 714 2135 τὸν
753 2072 897 2145 ξένον
928 2072 1003 2153 μὴ
1043 2076 1390 2155 βουληθῆναι,
1423 2077 1729 2134 ἀποστεῖλαι
1766 2074 1827 2156 (a)
1866 2074 1922 2136 δὲ

350 2166 510 2225 αὐτὸν
537 2167 609 2232 εἰς
637 2162 838 2225 Λυκίαν
862 2163 1155 2243 γράμματα
1183 2160 1403 2244 φέροντα
1424 2162 1549 2243 πρὸς
1572 2161 1814 2235 Ἰοὸοίτην
1834 2162 1919 2223 τὸν

352 2252 610 2335 βασιλέα,
632 2250 756 2311 ὄντα
784 2250 1054 2330 πενθερόν·
1081 2248 1137 2309 ὃν
1158 2248 1508 2330 κομισάμενον
1531 2249 1625 2322 τὴν
1645 2250 1920 2324 ἐπιστολὴν

355 2345 531 2422 εὸρεῒν
559 2343 611 2399 ἒν
638 2340 769 2419 αὐτῇ
796 2336 1180 2418 γεγραμμένον,
1210 2336 1348 2405 ὅπως
1369 2337 1525 2418 ἀνέλῃ
1559 2339 1621 2418 (4)
1653 2338 1745 2409 τὴν
1769 2337 1917 2418 ταχί-

358 2452 497 2501 στην
515 2428 601 2487 τὸν
626 2427 1060 2507 Βελλεροφόντην.
1146 2425 1214 2486 Ὁ
1243 2425 1296 2486 δὲ
1328 2426 1401 2504 μὴ
1440 2427 1746 2507 βουλόμενος
1766 2426 1919 2486 αὐτὸν

354 2515 631 2593 ἀπολέσαι,
654 2518 721 2595 τῇ
750 2512 1005 2595 πυρπνόῳ
1032 2512 1268 2594 Χιμαίρᾳ
1298 2513 1534 2573 ἐκέλευσε
1564 2513 1791 2595 συνάψαι
1812 2513 1921 2591 μά-

871 2742 1019 2821 [Ex
1050 2744 1246 2803 mna,
1280 2742 1408 2821 ze]

432 2886 514 2945 11.
536 2879 668 2945 Ὀτι
682 2883 968 2962 Αἰγιάλεια
993 2883 1076 2962 (1),
1097 2887 1131 2954 ἡ
1157 2887 1244 2940 τοῦ
1271 2882 1564 2961 Διομήδους
1588 2879 1815 2961 σύζυγος,
1844 2905 1920 2939 τε·

343 2973 484 3042 um<
502 2971 910 3054 ἀπηλλοτριώθη
936 2976 1028 3043 τῆς
1049 2976 1140 3030 τοῦ
1167 2970 1505 3050 συμβιοῦντος
1526 2968 1744 3037 εὐνοίας·
1772 2970 1838 3043 ἣν
1859 2972 1916 3029 οὗ

346 3059 571 3129 δικαίως
594 3064 666 3142 τῷ
689 3066 1011 3120 συνοικοῦντι
1026 3056 1452 3141 προσφερομένην
1474 3057 1558 3116 διὰ
1575 3057 1635 3117 τὸ
1655 3065 1802 3136 μῖσος
1824 3082 1920 3117 πα-

348 3148 650 3232 ρακαλίσαι
674 3146 791 3215 τοὺς
820 3151 1082 3227 συγγενεῖς
1111 3147 1239 3230 πρὸς
1275 3145 1370 3218 τὴν
1402 3148 1522 3205 κατ’
1552 3147 1709 3205 αὐτοῦ
1748 3170 1917 3224 τιμω-

350 3239 497 3320 ρίαν.
584 3237 813 3303 Τούτους
830 3235 885 3295 δὲ
909 3232 1366 3318 προσλαὸομένους
1393 3233 1658 3314 Αἴγισθον,
1690 3234 1919 3316 προσφά-

346 3350 458 3394 τως
478 3324 846 3406 κατεσχηκότα
873 3322 966 3397 τὴν
995 3326 1048 3383 ἓν
1076 3322 1353 3395 Μυκήναις
1382 3319 1673 3404 βασιλείαν,
1706 3324 1914 3401 ἐπενεγ·

349 3419 469 3474 κεῖν
510 3416 654 3495 αὐτῷ
695 3412 922 3473 θανάτου
964 3411 1157 3494 κρίσιν,
1196 3416 1633 3492 κατηγοροῦντας,
1672 3409 1752 3470 ὅτι
1780 3409 1919 3479 ξένου

344 3499 555 3580 πατρὸς
593 3498 665 3559 ὢν
692 3498 811 3566 τοὺς
851 3498 945 3577 μὲν
986 3500 1203 3578 εὐγενεῖς
1232 3502 1292 3559 ἐκ
1314 3503 1407 3572 τῆς
1441 3499 1640 3565 πόλεως
1679 3496 1919 3557 ἐκὸαλεῖν

350 3585 682 3668 βουλεύεται,
708 3590 813 3645 τῶν
862 3585 918 3645 δὲ
955 3590 1215 3665 συγγενῶν
1243 3589 1494 3648 Αἰτωλῶν
1520 3585 1661 3653 τινὰς
1688 3586 1915 3645 κατοικί·

346 3681 481 3746 ζειν.
566 3677 677 3748 Τῆς
719 3675 772 3733 δὲ
816 3673 1064 3745 &meone
1098 3674 1273 3734 πίστιν
1312 3672 1594 3748 λαθούσης,
1631 3673 1917 3757 φοὸηθέντα

346 3763 441 3823 τὸν
474 3763 744 3840 Διομήδην
772 3760 976 3843 φεύγειν
1013 3763 1067 3832 ἐξ
1099 3757 1316 3844 Ἄργους
1344 3761 1412 3842 (2)
1440 3761 1574 3840 μετὰ
1600 3766 1701 3821 τῶν
1734 3764 1916 3842 βουλο-

348 3851 555 3999 {4⁸:5⁹-
591 3936 719 3998 Ὅτι
757 3935 891 4012 μετὰ
921 3935 1014 4009 τὴν
1052 3937 1260 3998 Αἰνείου
1307 3940 1370 4017 (ι)
1403 3937 1647 4010 τελευτὴν
1685 3937 1920 4005 Σιλούιος

2530 1497 2599 1576 [Ε
2643 1501 2870 1563 meno
2913 1506 3043 1585 vi]

2075 1645 2114 1693 1.
2139 1645 2214 1694 ob
2232 1646 2412 1697 coedem
2433 1663 2581 1712 quam
2602 1652 2784 1704 invitus
2804 1658 3109 1711 commiserat
3125 1663 3237 1713 exul
3256 1665 3571 1732 Bellerophon

2012 1743 2074 1792 ad
2082 1746 2295 1796 Proetum
2312 1749 2461 1810 venit,
2479 1749 2713 1816 hospitem
2727 1756 3001 1818 paternum.
3066 1763 3190 1812 Tum
3205 1776 3408 1816 uxorem
3424 1769 3571 1821 Proeti

2012 1847 2206 1895 narrant
2223 1844 2287 1896 ob
2305 1850 2603 1900 venustatem
2614 1853 2990 1918 Bellerophontis
3000 1870 3166 1912 amore
3181 1864 3370 1926 captam
3381 1902 3398 1928 ‚
3418 1880 3571 1931 quum

2013 1944 2293 2004 persuadere
2310 1960 2406 1997 non
2424 1950 2679 2015 potuisset,
2697 1965 2810 2004 eum
2827 1956 3166 2010 calumniatam
3197 1961 3327 2025 apud
3345 1965 3572 2018 maritum

2012 2055 2133 2105 esse,
2155 2045 2207 2093 ut
2222 2044 2306 2108 qui
2320 2045 2382 2096 de
2402 2049 2571 2112 stupro
2592 2049 2745 2114 ipsam
2765 2056 3111 2120 compellasset.
3132 2061 3347 2112 Proetum
3359 2075 3474 2114 vero
3485 2077 3572 2115 oc·

2011 2142 2170 2194 cidere
2194 2145 2388 2208 quidem
2405 2146 2640 2212 hospitem
2681 2153 2915 2217 noluisse,
2943 2156 3186 2221 ablegasse
3207 2162 3371 2211 autem
3402 2161 3452 2212 in
3477 2165 3571 2226 Ly-

2012 2243 2136 2295 ciam
2165 2244 2326 2297 literas
2352 2247 2580 2300 serentem
2608 2250 2668 2300 ad
2689 2251 2884 2304 lobaten
2901 2268 3138 2308 socerum.
3168 2262 3330 2324 Hunc,
3358 2264 3573 2326 acceptis

2011 2341 2179 2405 literis,
2196 2344 2424 2408 scriptum
2443 2347 2493 2397 in
2507 2347 2565 2400 ils
2581 2350 2834 2415 reperisse,
2851 2356 2907 2403 ut
2924 2368 3070 2417 quam
3088 2356 3334 2408 celerrime
3360 2360 3571 2411 Bellero·

2012 2441 2240 2504 phontem
2259 2445 2444 2495 tolleret
2459 2446 2519 2498 de
2535 2449 2708 2500 medio.
2726 2451 2817 2502 sed
2840 2453 3005 2504 nolens
3016 2453 3299 2520 interlicere,
3319 2458 3573 2522 imperavit

2011 2544 2053 2593 ei
2078 2545 2133 2593 ut
2157 2542 2267 2594 cum
2293 2545 2532 2598 Chimaera
2555 2524 2792 2612 ignivoma
2811 2566 3019 2616 pugnam
3037 2559 3321 2606 consereret.

2523 2750 2595 2829 [E
2635 2751 2864 2810 LIBRO
2906 2750 3061 2828 vl1.]

2072 2887 2135 2935 ll.
2163 2887 2367 2949 AEgialea
2380 2923 2396 2949 ,
2431 2886 2672 2938 Diomedis
2701 2901 2845 2951 uxor,
2874 2889 3089 2940 animum
3117 2902 3147 2940 a
3163 2890 3497 2949 benevolentia
3520 2902 3572 2940 m

2008 2994 2236 3045 maritum
2270 3007 2466 3058 prorsus
2507 2996 2813 3048 abalienavit.
2879 3001 3087 3049 Narrant
3116 3012 3225 3050 eam
3263 3000 3440 3062 iniuste
3461 3013 3572 3065 erga

2008 3098 2257 3161 conjugem
2275 3111 2326 3148 se
2354 3100 2594 3162 gerentem
2612 3102 2806 3164 propter
2817 3099 2983 3152 odium
3005 3106 3230 3166 cognatos
3249 3103 3309 3153 ad
3338 3103 3572 3156 ultionem

2007 3202 2070 3251 ab
2087 3215 2144 3253 eo
2165 3202 2418 3267 petendam
2434 3202 2708 3255 advocasse.
2737 3207 2853 3267 llos,
2876 3209 3121 3269 assumpto
3140 3208 3349 3271 AEgistho
3363 3211 3575 3273 Mycenis

2008 3322 2208 3372 regnum
2227 3321 2382 3373 nuper
2407 3309 2608 3374 adepto,
2623 3299 2689 3360 'in
2719 3312 2921 3375 capitale
2951 3325 3065 3363 eum
3087 3325 3284 3365 vocasse
3307 3314 3571 3378 judicium,

2007 3422 2285 3471 accusantes
2302 3420 2433 3484 quod
2461 3421 2710 3485 peregrino
2732 3424 2866 3486 patre
2879 3425 3014 3474 ortus
3040 3423 3236 3488 Argivos
3256 3426 3439 3478 nobiles
3452 3427 3574 3479 urbe

2008 3531 2183 3596 pellere
2205 3533 2255 3582 et
2275 3544 2338 3582 ex
2355 3532 2569 3596 cognatis
2588 3532 2687 3584 suis
2705 3529 2874 3584 AEtolis
2890 3535 3144 3585 nonnullos
3159 3533 3210 3585 in
3227 3536 3389 3587 locum
3403 3550 3571 3588 eorum

2011 3638 2157 3689 vellet
2178 3637 2423 3690 inducere.
2487 3643 2610 3699 Quae
2640 3639 2892 3690 calmnniae
2923 3653 3075 3703 quum
3095 3641 3237 3692 fidem
3269 3642 3571 3707 invenirent,

2013 3740 2303 3789 metuentem
2321 3738 2411 3789 sibi
2429 3738 2710 3789 Diomedem
2737 3751 2850 3788 cum
2869 3739 2927 3790 iis
2947 3740 3031 3802 qui
3055 3739 3314 3804 adiungere
3334 3755 3386 3793 se
3406 3742 3452 3792 ei
3477 3755 3569 3793 vo·

2011 3841 2385 3904 luissent‚Argis
2402 3840 2654 3905 aufugisse.

2077 3948 2160 3996 ΙΙΙ.
2203 3947 2316 3995 Post
2347 3949 2506 3996 AEneae
2556 3945 2740 3995 obitum
2776 3945 2929 3996 silvio
2977 3947 3176 4009 puerulo
3214 3945 3475 3995 admodum
3510 3946 3573 3995 ab

418 4106 619 4157 Diodori
638 4107 904 4170 fragmenta
921 4106 970 4156 in
992 4105 1157 4158 codice
1174 4108 1497 4159 Escorialense
1516 4108 1740 4171 leguntur
1758 4106 1867 4158 inde
1888 4121 1917 4156 a
1936 4107 2049 4157 tolio
2072 4111 2159 4157 176
2182 4120 2221 4155 r.
2247 4119 2398 4169 usque
2415 4105 2477 4155 ad
2496 4106 2663 4156 solium
2690 4111 2774 4158 167
2807 4119 2879 4156 vs.
2921 4109 2991 4155 Ex
3027 4106 3100 4155 his
3116 4105 3178 4155 ad
3198 4105 3345 4155 libros
3375 4105 3571 4158 Diodori

349 4176 641 4239 superstites
665 4176 718 4235 (Ι
738 4204 802 4217 -
824 4178 903 4238 V)
930 4177 1168 4240 pertinent
1190 4177 1349 4241 priora
1385 4178 1649 4241 fragmenta
1671 4176 1940 4239 quindecim
1965 4176 2082 4240 (fol.
2117 4181 2202 4228 176
2227 4190 2268 4225 r.
2287 4203 2352 4214 —
2375 4180 2488 4237 179,
2523 4180 2580 4227 27
2603 4192 2644 4226 r.
2664 4179 2709 4238 )‚
2734 4189 2845 4239 quae
2881 4175 3044 4239 paucis
3069 4176 3300 4226 indicasse
3320 4175 3526 4227 sufficiat
3554 4196 3570 4228 a

348 4245 555 4298 Diodor.
580 4247 627 4306 1,
652 4252 731 4308 55,
751 4246 815 4296 de
836 4246 1132 4296 sesonchosi.
1156 4275 1220 4288 —
1234 4250 1271 4309 1,
1293 4254 1372 4310 66,
1396 4251 1424 4298 7
1450 4260 1578 4311 ειη,
1598 4247 1659 4297 de
1678 4247 1993 4297 dodecarchia
2008 4249 2058 4296 et
2083 4247 2449 4296 Psainmeticbo.
2472 4273 2533 4283 -
2559 4250 2607 4308 1,
2634 4252 2714 4307 68,
2739 4253 2767 4295 2
2787 4248 2834 4295 et
2855 4250 2905 4308 3,
2929 4246 2989 4296 de
3006 4246 3163 4308 Aprie.
3177 4249 3316 4308 -ΙΙ,
3337 4253 3416 4310 2ο,
3448 4253 3488 4308 1,
3508 4247 3572 4299 de

343 4316 818 4376 saniramideae-ll,
834 4319 1062 4379 24,2-8,
1077 4316 1138 4367 de
1155 4318 1337 4381 Belaey.
1354 4344 1419 4354 —
1440 4321 1504 4379 11,
1525 4325 1604 4378 33,
1630 4323 1767 4379 1—5‚
1779 4317 1839 4367 de
1861 4316 2193 4368 Parsonda.-
2207 4320 2269 4380 ll,
2289 4320 2368 4378 34,
2391 4324 2417 4368 3
2437 4320 2485 4367 et
2503 4321 2551 4376 4,
2571 4317 2632 4367 de
2645 4317 2831 4366 zarina.
2849 4320 2989 4379 -11,
3007 4320 3084 4378 34,
3102 4324 3131 4368 6
3145 4317 3291 4368 verba
3305 4318 3574 4382 ιἈστιδάρα

341 4396 433 4440 τοῦ
454 4389 750 4452 βασιλέως...
775 4388 860 4446 τὴν
883 4387 1121 4452 βασιλείαν
1143 4389 1208 4446 εἰς
1227 4390 1583 4453 Πέρσας.-ΙΙ,
1606 4391 1693 4449 43,
1718 4394 1854 4448 1-3,
1873 4386 1934 4436 de
1952 4385 2156 4449 scythis.
2183 4413 2248 4424 —
2271 4389 2342 4449 ΙΙ,
2368 4391 2444 4450 58,
2465 4393 2512 4438 6.
2541 4395 2625 4447 59,
2643 4390 2670 4435 4
2690 4389 2736 4436 el
2762 4391 2810 4449 8,
2829 4386 2890 4436 de
2908 4387 3136 4438 insulanis
3155 4387 3461 4441 imbulh—
3482 4393 3570 4450 lv,

340 4465 406 4511 ⁴5
420 4496 437 4520 ‚
462 4464 512 4518 2,
532 4456 597 4507 de
614 4460 816 4509 Hecate.
837 4481 901 4493 —
922 4459 1005 4519 lv,
1029 4461 1120 4521 ⁴8,
1139 4460 1188 4519 4,
1212 4457 1275 4507 de
1292 4458 1445 4508 Circe.
1467 4460 1631 4518 -1v,
1657 4457 1939 4519 50—52,.de
1958 4456 2138 4507 Medea.

406 4534 447 4581 Ι.
488 4529 602 4581 tot.
634 4534 750 4591 179,
780 4531 838 4579 27
860 4540 903 4578 r.
925 4556 988 4570 —
1008 4532 1119 4589 179,
1139 4533 1165 4580 7
1188 4541 1237 4579 v.
1262 4531 1465 4592 Sumpta
1497 4528 1599 4576 baec
1621 4542 1649 4576 e
1672 4528 1792 4577 libro
1809 4530 1971 4589 sexto,
1992 4526 2042 4576 in
2061 4540 2157 4590 quo
2176 4527 2410 4578 Diodorus
2429 4529 2534 4589 post
2553 4528 2844 4590 pra-missam
2862 4527 2923 4577 de
2942 4529 3114 4579 natura
3136 4528 3337 4579 deorum
3356 4529 3571 4592 disputa-

334 4605 529 4654 nonem
542 4638 560 4662 ,
583 4600 777 4650 rabulas
796 4602 1077 4650 Gra-corum
1098 4598 1265 4649 ordine
1277 4598 1578 4663 genealogico
1597 4601 1647 4648 et
1669 4598 2001 4661 chronologico
2015 4597 2075 4646 ad
2095 4597 2299 4661 'trojana
2317 4612 2468 4661 usque
2485 4602 2700 4662 tempora
2733 4600 2995 4662 procedens
3005 4599 3226 4663 exposuit
3248 4601 3340 4662 (ct’.
3361 4599 3572 4662 Dionysii

328 4670 493 4726 senii
516 4671 699 4733 fragm.
724 4682 771 4732 p.
801 4675 853 4719 11
877 4672 1017 4730 not.).
1042 4669 1350 4720 inserendum
1377 4669 1694 4733 fragmentum
1717 4671 1823 4731 post
1848 4682 1904 4719 ea
1926 4683 2038 4733 quae
2065 4670 2148 4720 lib.
2183 4674 2246 4721 Vl
2263 4707 2277 4731 ,
2302 4678 2359 4735 6,
2390 4676 2529 4722 1-7
2548 4670 2608 4721 de
2630 4670 2754 4722 AEoli
2783 4673 2998 4737 prosapia
3023 4675 3227 4722 exstant.
3258 4672 3571 4735 Bellerophon

326 4754 495 4808 nepos
517 4743 629 4791 erat
649 4739 845 4802 sisyphi
863 4739 1089 4802 AEolidae,
1114 4739 1186 4789 uti
1205 4740 1410 4790 constat.
1437 4741 1510 4790 De
1530 4738 1709 4789 resatis
1730 4740 1803 4788 est
1828 4739 2048 4792 laudasse
2075 4742 2414 4804 Apollodorum
2436 4745 2505 4804 ΙΙ,
2532 4751 2558 4794 3
2576 4781 2590 4804 ,
2617 4752 2738 4793 1.-
2766 4750 2807 4794 1.
2835 4743 3117 4811 Προῖτον]
3137 4750 3298 4795 ποῖτον
3322 4744 3573 4795 codex.—

326 4823 378 4866 2.
400 4810 510 4877 ὡς]
529 4809 599 4860 de
622 4821 741 4858 meo
759 4807 1017 4858 addidL—
1034 4816 1079 4859 3.
1101 4807 1489 4872 ἀποστεῖλαι]
1513 4809 1892 4860 cunctamen.
1913 4841 1978 4855 -
1998 4814 2046 4860 4.
2068 4811 2283 4877 ἀνέλῃ]
2306 4814 2364 4864 ἀν
2385 4813 2554 4864 codex.

390 4886 463 4934 n.
504 4881 627 4933 Pol.
671 4881 882 4939 179,7-
903 4885 958 4929 te
979 4891 1024 4928 r.
1057 4889 1098 4930 1.
1128 4879 1489 4945 Αἰγιάλεια]
1510 4878 1724 4943 Αἱγιαλία
1746 4880 1935 4930 cod.—
1957 4889 2002 4932 2.
2037 4882 2302 4948 Ἄργους]
2327 4885 2464 4947 ἄργος
2492 4885 2599 4935 cod.
2624 4916 2687 4930 —
2712 4889 2781 4937 De
2802 4897 2854 4937 re
2877 4887 2940 4937 cs.
2966 4887 3117 4937 schol.
3142 4891 3256 4951 Lyc.
3298 4893 3418 4949 608,
3457 4890 3569 4938 Ser·

323 4957 440 5004 τίεις
458 4952 527 5003 ad
554 4953 677 5001 AEn.
703 4951 773 4998 ΧΙ
789 4986 805 5009 ,
828 4955 948 5012 269,
978 4949 1142 5013 Dictys
1164 4952 1258 5012 Vl,
1285 4958 1331 5001 2.
1354 4951 1449 5011 Qui
1481 4964 1649 5001 omnes
1669 4963 1697 4998 a
1722 4949 1914 5000 Diodori
1934 4954 2204 5003 narratione
2231 4956 2339 5017 plus
2356 4956 2516 5005 minus
2532 4956 2774 5007 recedunt.
2804 4960 3142 5020 Fragmentum
3172 4959 3325 5008 insere
3346 4958 3455 5020 post
3483 4956 3568 5007 lib.

318 5028 449 5084 vn,
476 5031 497 5074 1
526 5021 617 5071 ed.
644 5019 841 5080 nidor„
863 5020 1001 5083 eique
1022 5020 1254 5084 subjunge
1276 5035 1386 5085 qnae
1408 5020 1581 5070 ibidem
1597 5023 1646 5071 in
1667 5022 1760 5071 tine
1783 5022 1891 5072 libri
1913 5024 2038 5073 sexti
2062 5024 2294 5074 collocata
2315 5027 2428 5074 sunt
2440 5025 2502 5075 de
2518 5026 2679 5089 annis,
2700 5041 2786 5091 per
2807 5041 2929 5091 qnos
2948 5041 3113 5092 regum
3134 5027 3570 5091 Argivorumstete-

316 5099 383 5150 ιιι
410 5095 716 5158 imperinm.

386 5171 459 5219 ill
508 5165 641 5216 Fol.
684 5164 807 5220 179,
836 5166 1011 5211 16-19
1030 5175 1075 5213 v.
1114 5171 1154 5212 1.
1182 5160 1620 5225 Αἰνείου]αἰνίου
1645 5163 1749 5213 cod.
1772 5164 1949 5214 Eadem
1970 5163 2207 5214 Diodorus
2227 5167 2373 5227 (Vll,
2400 5168 2510 5230 3,3)
2536 5167 2659 5231 apud
2682 5169 2853 5219 Euseb.
2875 5175 3007 5219 Arm.
3029 5169 3207 5220 Chron.
3233 5182 3280 5232 p.
3308 5166 3525 5219 212Μεί.
3549 5186 3568 5221 ε

312 5245 469 5294 flate
492 5231 746 5298 (silvio)
776 5232 889 5291 post
910 5233 1088 5281 AEneoe
1110 5232 1303 5282 obitum
1335 5232 1550 5282 insidias
1572 5235 1815 5284 Ascanius
1842 5236 2142 5289 struxerat,
2175 5234 2389 5299 ideoque
2409 5250 2539 5299 puer
2575 5241 2808 5288 nutritus
2827 5239 3019 5298 suerat
3042 5239 3108 5290 ab
3135 5242 3473 5288 armentar-a»
3510 5256 3562 5286 au
