4016 5916
1695 420 2275 481 MEGASTuENES.

3458 430 3562 478 40¹

388 555 591 627 quibus
629 555 774 611 adde
813 555 1001 610 Ctesize
1043 554 1481 628 impudentiam,
1532 556 1628 626 qui
1670 573 1765 608 sua
1810 573 1927 607 non
2022 572 2142 607 rum
2173 553 2400 626 quidem
2419 553 2811 606 etanimalium
2838 553 3211 624 descriptione
3239 552 3408 605 inulta
3428 571 3572 624 prze-

388 643 661 714 aecepisse
687 641 784 696 sed
813 642 989 696 oculis
1008 642 1121 696 suis
1144 657 1433 713 usurpasse
1458 639 1783 711 jactaverat.

469 730 738 783 Praeterea
782 726 1169 781 Eratosthenes
1209 726 1358 779 utin
1394 744 1583 780 rerum
1628 724 1933 781 Alexandri

386 811 786 890 scriptoribus(
806 833 859 871 v.
888 813 1158 869 Eratosth.
1192 812 1258 867 sr.
1286 812 1383 886 18)
1406 814 1560 867 sicin
1580 813 1931 887 Megasthene

388 901 811 975 reprehenderit
844 899 1223 972 mythologica
1261 899 1355 954 itta
1397 898 1468 953 de
1503 900 1722 955 Baccho
1763 897 1835 977 (i.
1878 918 1928 958 e.

386 992 516 1043 Sic-a
539 986 838 1060 Indorum)
866 997 922 1040 et
945 985 1182 1040 Hercule
1208 981 1278 1058 (i.
1301 1003 1351 1040 e.
1376 981 1630 1057 Cri-ma),
1649 987 1747 1058 qui
1783 1004 1930 1040 man·

386 1073 642 1128 suetioris
684 1074 807 1125 vitae
847 1082 1103 1126 auctores
1142 1069 1295 1124 Indis
1330 1071 1596 1125 exstitisse
1638 1070 1925 1127 dicuntur.

388 1163 463 1216 Ac
488 1177 617 1216 sane
638 1177 836 1232 parum
867 1158 1100 1213 feliciter
1120 1157 1236 1211 haec
1263 1157 1604 1231 Megastheni
1631 1168 1928 1212 cesserunt.

388 1248 657 1302 Nimirum
678 1244 966 1299 laborabat
983 1244 1268 1298 communi
1291 1235 1615 1299 Graecorum
1644 1245 1809 1311 vitio,
1833 1245 1931 1317 qui

389 1335 445 1387 in
493 1333 695 1387 exteris
744 1331 1114 1403 religionibus
1164 1330 1378 1402 ubique
1423 1331 1747 1402 olympicos
1804 1350 1932 1386 suos

386 1419 719 1486 odorantur,
749 1429 918 1489 atque
945 1417 1381 1472 manifestissima
1404 1415 1521 1488 ejus
1544 1417 1824 1489 opinionis
1846 1436 1929 1472 ar·

384 1515 643 1579 guinenta
667 1506 728 1559 in
748 1522 1015 1559 sonorum
1033 1543 1050 1573 ,
1072 1521 1297 1558 morum
1320 1514 1375 1559 et
1394 1505 1772 1559 institutorum
1792 1524 1931 1561 vana

383 1591 745 1645 similitudine
789 1590 1214 1664 deprehendere
1254 1590 1358 1645 sibi
1396 1590 1677 1646 videntur.
1748 1592 1930 1664 Mega·

381 1680 600 1733 sthenes
617 1697 752 1733 vcro
790 1689 946 1732 tanto
984 1677 1198 1732 facilius
1234 1678 1536 1743 curaverit,
1580 1697 1696 1750 quo
1744 1681 1934 1734 notior

385 1766 519 1821 inde
547 1765 619 1842 ab
648 1764 931 1838 Euripidis
958 1765 1287 1819 commentis
1312 1763 1559 1818 Bacchus
1588 1764 1812 1819 Indicus
1842 1766 1933 1819 in-

384 1863 469 1906 ter
493 1853 716 1908 Graecos
745 1861 895 1918 erat,
925 1862 981 1905 et
1008 1868 1124 1923 quo
1156 1849 1372 1904 avidius
1397 1868 1599 1904 novam
1650 1851 1792 1905 hanc
1827 1850 1931 1906 do·

382 1941 618 1995 ctrinam
641 1937 939 1994 Alexandri
960 1938 1190 1992 comites
1214 1938 1597 1994 excoluerant.
1618 1939 1734 1992 Hos
1749 1949 1931 1993 tamen

383 2045 454 2081 eo
491 2027 897 2100 Megasthenes,
922 2035 985 2078 ut
1012 2024 1478 2080 Schwanbeckius
1512 2037 1734 2092 monet,
1776 2036 1935 2081 ante-

381 2113 534 2167 cellit
555 2153 571 2182 ,
604 2111 760 2186 quod
787 2112 1005 2184 primus
1031 2112 1107 2166 ita
1133 2110 1407 2180 narravit,
1434 2119 1497 2163 ut
1533 2108 1790 2166 dubitare
1817 2130 1933 2165 non

384 2193 620 2273 amplius
648 2200 953 2273 possimus,
992 2197 1324 2270 quibusnam
1363 2194 1632 2250 Indorum
1660 2196 1767 2252 diis
1793 2199 1933 2253 Dio-

383 2288 501 2359 nysi
528 2305 735 2342 nomen
766 2297 823 2342 et
854 2283 1105 2342 Herculis
1125 2284 1301 2341 Graeci
1322 2284 1680 2339 attribuerint
1704 2283 1785 2357 (ι’.
1811 2297 1930 2340 not.

382 2374 453 2429 ad
475 2375 546 2428 fr.
580 2381 651 2441 αἱ»
670 2373 711 2451 ).

461 2459 729 2517 Similiter
758 2463 815 2516 in
848 2461 1063 2533 reliqua
1089 2458 1266 2514 Indiae
1306 2457 1680 2531 descriptione
1718 2470 1932 2515 ceteros

379 2549 680 2621 scriptores
694 2549 858 2622 longe
874 2558 1005 2621 post
1022 2563 1081 2601 se
1099 2545 1345 2618 reliquit.
1372 2544 1551 2617 quue
1566 2545 1767 2600 Strabo
1784 2564 1929 2618 quo-

388 2653 501 2707 que
522 2635 665 2691 bene
692 2637 858 2690 sensit
874 2677 891 2706 ,
915 2652 1089 2707 quum
1118 2633 1358 2706 plurima
1386 2649 1483 2686 sua
1526 2649 1557 2686 e
1581 2632 1931 2704 Megasthene

381 2722 640 2777 hauserit.
664 2723 841 2777 Porro
861 2722 1129 2777 Arrianus
1147 2735 1376 2792 quoque
1402 2718 1460 2771 in
1478 2718 1671 2790 priore
1688 2718 1930 2774 historiae

384 2808 588 2864 Indicae
615 2820 773 2882 parte
810 2827 926 2882 prae
967 2808 1164 2862 ceteris
1194 2807 1448 2879 sequitur
1486 2804 1926 2878 megasthenem,

379 2913 547 2968 quem
577 2906 773 2971 utpote
796 2891 1005 2968 δόκιμον
1034 2889 1194 2970 ἄνδρα
1222 2910 1348 2947 cum
1366 2891 1623 2947 Nearcho
1645 2901 1703 2946 ot
1728 2892 1930 2947 Erato-

377 2983 571 3038 sthene
588 2984 901 3056 componit.
930 2982 1074 3037 Hist.
1106 2980 1235 3036 lud.
1267 2997 1358 3051 17,
1381 2978 1454 3033 6·:
1481 2976 1663 3037 Ταῦτά
1683 2998 1773 3054 μοι
1798 2976 1929 3036 ἀπό·

375 3088 482 3144 χρη
507 3068 832 3139 δεδηλῶσθαι
856 3064 988 3144 &wip
1007 3065 1205 3135 Ἰνδῶν,
1221 3062 1323 3121 ὅσα
1345 3064 1724 3142 γνωριμώτατα
1754 3066 1925 3143 Νέαρ-

374 3155 469 3232 χός
503 3176 562 3211 τε
596 3154 686 3211 καὶ
742 3153 1075 3229 Μεγασθένης
1110 3150 1309 3228 δοκίμω
1349 3148 1500 3230 ἄνδρε
1542 3149 1923 3231 ἀνεγραψάτην.

381 3246 526 3318 Exp.
557 3244 715 3300 Alex.
747 3246 816 3317 V,
848 3243 904 3311 5,
939 3262 961 3298 1
1001 3260 1015 3300 ε
1046 3238 1183 3297 Ἀλλ’
1209 3237 1341 3317 ὑπὲρ
1373 3237 1547 3297 Ἰνδῶν
1590 3237 1694 3317 ἰδίᾳ
1724 3261 1813 3311 μοι
1840 3240 1924 3316 γε’-

374 3350 641 3405 γραπται,
686 3325 783 3385 ὅσα
810 3325 1098 3412 masticata
1134 3327 1185 3392 l<
1208 3324 1468 3405 ἀφήγησιν
1498 3322 1551 3383 οἵ
1570 3347 1625 3382 τε
1653 3323 1737 3390 ξὺν
1770 3324 1928 3384 Ἀλε-

380 3415 579 3493 ξάνδρῳ
594 3412 998 3488 στρατεύσαντες
1018 3412 1108 3471 καὶ
1123 3415 1150 3470 ὁ
1166 3409 1571 3492 ἐκπεριπλεύσας
1590 3415 1684 3481 τῆς
1700 3411 1931 3487 μεγάλης

375 3500 650 3569 θαλάσσης
675 3501 735 3557 τὸ
769 3501 883 3557 κατ’
915 3497 1102 3564 Ἰνδοὺς
1140 3496 1399 3577 Νέαρχοςζ
1428 3498 1513 3555 ἰπὶ
1541 3496 1596 3556 δὲ
1621 3495 1718 3556 ὅσα
1748 3500 1924 3574 hle-(a-

378 3585 559 3657 σῦένης
588 3610 642 3643 τε
671 3586 761 3644 καὶ
780 3585 1215 3665 Ἔραστοσθὲνης,
1238 3585 1434 3662 δοκίμω
1462 3583 1612 3664 ἄνδρε
1630 3629 1646 3657 ,
1681 3578 1927 3664 συνεγρα-

379 3674 572 3754 ψάτην.
587 3676 764 3747 Quam
786 3672 1007 3731 laudem
1026 3686 1165 3748 quot
1183 3676 1802 3743 nominibusmeruerit·,
1822 3675 1928 3729 do·

377 3775 508 3818 cent
534 3764 804 3835 reliquiae.
828 3765 968 3817 Nam
993 3764 1203 3835 primns
1221 3773 1276 3818 et
1296 3762 1523 3817 ultimus
1547 3762 1927 3836 Megasthenes

376 3851 451 3904 de
465 3851 645 3906 forma
664 3861 719 3906 et
735 3849 1118 3924 magnitudine
1132 3850 1304 3904 Indiae
1315 3851 1661 3905 accuratiora
1673 3849 1928 3918 tradidit,

378 3938 483 3992 nisi
508 3937 665 4011 quod
698 3938 978 3992 Patrocles
1007 3937 1352 3991 latitudinem
1374 3936 1552 3992 lndiae
1570 3956 1686 3991 non
1712 3936 1929 4005 16000,

377 4025 475 4078 sed
512 4023 697 4080 15000
720 4024 1028 4079 stadiorum
1053 4023 1241 4079 dicens
1267 4023 1339 4077 ad
1360 4041 1553 4078 verum
1580 4023 1820 4096 propius
1846 4042 1929 4077 ac·

381 4113 538 4166 cessit
578 4110 666 4184 (‘).
714 4113 853 4166 ltem
902 4108 1195 4164 fluminum
1243 4120 1301 4163 et
1348 4110 1594 4183 gentium
1626 4126 1929 4163 recensum

379 4214 545 4250 nemo
568 4207 693 4268 post
712 4215 839 4252 eum
867 4195 1185 4270 diligentius
1209 4194 1443 4249 instituit
1464 4191 1586 4268 (⁸⁶).
1620 4194 1685 4247 ln
1708 4190 1925 4265 planta·

441 4392 503 4450 (*)
540 4410 561 4429 u
590 4389 640 4437 td
658 4388 861 4451 quodde
887 4387 1138 4438 latitudtne
1168 4387 1314 4435 ludite
1326 4386 1647 4448 Megasthenes
1668 4385 1819 4443 dixit,
1845 4400 1927 4447 per

376 4464 528 4509 tritam
546 4462 823 4508 Grmcorum
838 4457 1169 4520 geographiam
1184 4458 1469 4518 perpetuum
1485 4454 1654 4504 mamit
1676 4489 1691 4512 ,
1714 4454 1778 4502 ita
1798 4456 1851 4503 ut
1870 4468 1929 4504 nc

379 4533 663 4581 t’totemaeus
677 4532 870 4593 quidem
885 4567 900 4591 ,
949 4531 996 4579 ui
1021 4528 1201 4577 tmtiam
1221 4540 1303 4590 per
1320 4530 1427 4576 xvt
1460 4527 1561 4576 mit.
1594 4528 1778 4577 DCCC.
1800 4526 1924 4576 stad.

375 4600 568 4649 extendi
607 4604 742 4662 putat
762 4636 778 4660 ,
818 4544 1121 4662 athanatum
1161 4596 1424 4646 dissentiat.
1491 4595 1587 4644 Sed
1624 4592 1928 4656 longitudinis

376 4684 677 4728 tue-usuram.
701 4683 847 4733 quam
879 4668 1126 4727 indicavit,
1152 4680 1319 4716 omnes
1349 4666 1644 4727 reiecerunt,
1661 4678 1723 4713 ne
1744 4664 1928 4726 opinio·

376 4754 487 4789 nem
506 4740 721 4789 omnium
743 4743 959 4788 veterum
972 4737 1286 4792 ostenderent.
1300 4736 1383 4797 qui
1404 4748 1574 4784 zonam
1589 4733 1819 4783 torridam
1842 4747 1925 4795 pu·

376 4810 545 4859 tabant
561 4809 762 4858 habitari
786 4823 881 4858 non
901 4821 1035 4871 posse
1049 4843 1063 4867 ,
1083 4811 1167 4854 aut
1190 4804 1372 4854 indiam
1391 4807 1619 4865 ponerent
1640 4804 1791 4862 (sicut
1813 4803 1925 4863 nip-

377 4880 614 4942 pau-etms)
632 4892 743 4927 cum
762 4878 1011 4927 manifesto
1027 4888 1187 4924 errore
1206 4875 1359 4923 mutto
1380 4873 1565 4935 longius
1586 4870 1927 4935 septentriones

380 4961 559 4996 sersus.
590 4970 613 4991 υ
633 4947 981 4997 schwanoeck.
1008 4959 1056 5006 p.
1086 4950 1162 4994 29.

441 5020 529 5075 (Ἦ
564 5018 775 5066 Flumina
798 5020 972 5079 preter
1003 5018 1212 5075 Gangem
1232 5016 1280 5061 et
1310 5011 1478 5062 ludum
1500 5010 1819 5073 Megasthenes
1850 5024 1925 5058 rc-

569 5256 845 5292 nsunt-mu
875 5257 1054 5292 lli-<Tuit-
1089 5256 1166 5289 Γιῐῖ.
1236 5263 1263 5271 ··
1288 5250 1389 5283 tut..
1423 5248 1469 5281 ll·

2021 650 2432 714 occupaverant
2455 639 2753 694 Alexandri
2776 641 3042 710 comitcs;
3068 650 3263 693 contra
3281 678 3296 705 ,
3318 641 3359 692 si
3395 658 3570 694 unum

2022 726 2336 783 Nearchum
2363 727 2674 798 exceperis,
2692 726 2859 798 plane
2885 724 3241 796 neglexerant
3270 742 3453 779 mores
3475 728 3570 779 In-

2020 814 2224 869 dorum
2252 825 2308 868 et
2337 832 2421 868 res
2451 813 2735 887 publicas,
2777 830 2901 884 quae
2939 811 3221 864 uberrime
3251 821 3305 864 et
3334 809 3572 865 fideliter

2018 918 2123 972 per
2178 917 2371 954 omnes
2425 910 2611 973 partes
2662 916 2807 953 unus
2857 899 3116 971 exposuit
3169 897 3567 970 Megasthenes.

2018 986 2234 1058 Quodsi
2253 1004 2472 1042 errores
2499 986 2755 1040 nonnulli
2787 986 2844 1039 in
2866 995 3072 1039 tantam
3103 1001 3290 1039 rerum
3319 985 3570 1038 multitu-

2020 1073 2208 1128 dinem
2241 1085 2298 1130 et
2324 1074 2644 1129 varietatem
2673 1073 3094 1145 novitatemque
3123 1071 3481 1144 irrepserint,
3513 1072 3571 1125 id

2019 1178 2209 1233 aequus
2231 1162 2526 1215 aestimator
2550 1178 2667 1214 non
2692 1158 3003 1214 mirabitur.
3035 1160 3124 1214 Sic
3152 1158 3356 1230 Gangis
3381 1157 3573 1211 latitu-

2020 1246 2209 1303 dinem
2240 1247 2616 1320 Megasthenes
2640 1247 2870 1300 nimiam
2899 1246 3088 1319 ponit3
3119 1245 3253 1300 falso
3284 1243 3422 1298 dicit
3449 1246 3572 1314 Hy-

2019 1332 2231 1405 phasim
2263 1334 2322 1387 in
2352 1332 2697 1406 Hydraotem
2724 1349 2782 1388 se
2802 1349 3138 1399 exonerare3
3167 1341 3446 1402 tamquam
3482 1327 3569 1383 di·

2021 1436 2202 1473 versas
2230 1420 2405 1475 tribus
2429 1421 2624 1493 ponit,
2657 1436 2780 1490 quae
2807 1419 2973 1473 unius
2999 1418 3176 1472 trihus
3200 1426 3386 1490 partes
3412 1427 3572 1473 crant

2023 1505 2114 1581 (v.
2143 1517 2259 1563 not.
2284 1506 2357 1562 ad
2385 1506 2453 1561 sr.
2484 1506 2552 1575 37
2575 1506 2627 1579 );
2659 1506 2764 1560 alia
2792 1505 3044 1578 quaedam
3069 1506 3250 1559 minus
3277 1515 3426 1559 recte
3455 1515 3570 1564 tra.

2021 1591 2156 1647 dere
2179 1592 2422 1660 videtur,
2453 1592 2610 1665 quod
2644 1591 2865 1648 Indicas
2892 1609 3057 1647 voces
3083 1609 3376 1666 perperam
3407 1592 3570 1646 intel·

2022 1679 2230 1734 lexerat
2285 1680 2300 1752 (
2333 1699 2386 1736 v.
2453 1690 2574 1733 not.
2638 1678 2709 1733 ad
2761 1678 2830 1733 fr.
2890 1681 2964 1734 28
2985 1680 3027 1754 ).
3075 1705 3107 1754 ,ιι
3164 1677 3568 1750 Nihilominus,

2021 1766 2491 1821 Schwanbeckius
2509 1785 2566 1839 p.
2593 1767 2664 1835 76
2688 1767 2798 1832 ait,
2823 1766 3187 1840 Megasthenis
3210 1766 3376 1836 liber,
3401 1783 3569 1837 quan·

2024 1865 2138 1908 tum
2163 1866 2242 1909 est
2266 1872 2393 1928 pars
2413 1855 2698 1909 literarum
2716 1854 3035 1911 Graecarum
3057 1865 3114 1908 et
3135 1853 3337 1909 Graecae
3356 1854 3570 1907 Roma-

2021 1960 2217 2014 naeque
2263 1941 2535 1997 doctrinae
2554 1982 2571 2009 ,
2622 1943 2778 2013 quasi
2834 1940 3112 2014 fastigium
3167 1951 3248 1996 est
3289 1941 3530 1994 scientiae
3549 1982 3566 2010 ,

2023 2045 2192 2100 quam
2235 2026 2307 2082 de
2353 2026 2517 2083 lndia
2560 2039 2773 2082 veteres
2807 2043 3056 2098 unquam
3092 2026 3376 2080 consecuti
3419 2036 3567 2080 sunt.

2020 2116 2161 2170 Nam
2209 2116 2310 2170 etsi
2352 2115 2725 2191 geographica
2762 2114 3085 2170 Graecorum
3119 2113 3344 2169 scientia
3380 2124 3574 2185 postea

2021 2199 2246 2256 demum
2291 2203 2538 2276 perfecta
2575 2213 2689 2270 est,
2737 2211 2924 2256 tamen
2970 2199 3144 2255 Indiae
3181 2200 3429 2271 cognitio
3453 2200 3570 2270 jam

2021 2288 2386 2362 Megasthenis
2431 2289 2587 2343 libris
2621 2288 2693 2343 ad
2733 2305 3003 2342 summam
3049 2285 3448 2359 perfectionem
3497 2288 3572 2340 ita

2020 2376 2305 2447 pervenit,
2331 2386 2394 2430 ut
2429 2377 2526 2449 qui
2564 2385 2753 2448 postea
2785 2374 2857 2429 de
2891 2373 3052 2428 India
3085 2373 3453 2445 scripserunt,
3497 2373 3571 2427 ad

2019 2464 2308 2518 veritatem
2339 2473 2494 2518 tanto
2523 2465 2757 2537 propius
2783 2461 3078 2528 accedant,
3104 2470 3316 2532 quanto
3340 2478 3566 2515 accura-

2020 2551 2128 2605 tius
2157 2551 2525 2625 Megasthenis
2546 2550 2742 2605 Indica
2767 2558 3087 2621 sequantur.
3115 2549 3309 2620 Neque
3331 2565 3435 2620 per
3456 2565 3573 2602 sese

2021 2645 2233 2692 tantum
2253 2679 2269 2703 ,
2294 2637 2392 2693 sed
2412 2640 2578 2693 etiam
2600 2639 2764 2692 aliam
2789 2635 2865 2691 ob
2889 2654 3006 2691 rem
3036 2634 3416 2708 Megasthenes
3433 2636 3571 2689 mul·

2019 2734 2137 2778 tum
2169 2726 2344 2794 valet3
2374 2743 2503 2779 nam
2533 2743 2705 2797 quum
2741 2740 2998 2797 magnam
3035 2731 3252 2794 partem
3288 2723 3571 2777 narratio-

2019 2830 2154 2866 num
2171 2813 2263 2867 alii
2284 2813 2584 2885 scriptores
2606 2829 2673 2866 ex
2696 2809 2795 2864 illo
2814 2809 3126 2876 hauserint,
3153 2809 3211 2861 in
3235 2817 3408 2862 totam
3425 2808 3574 2863 Grae·

2020 2917 2215 2955 corum
2243 2911 2297 2954 et
2324 2901 2711 2954 Romanorum
2737 2897 3022 2952 scientiam
3051 2913 3307 2969 magnam
3330 2896 3444 2949 vim
3473 2896 3576 2950 ha-

2018 2984 2163 3041 buit.
2197 2989 2404 3042 Praeter
2443 2987 2610 3057 hanc,
2639 3004 2810 3059 quam
2843 2984 2904 3038 in
2944 2983 3115 3039 literis
3139 2983 3343 3040 Graecis
3381 2983 3575 3038 Indica

2018 3071 2387 3148 Megasthenis
2408 3074 2666 3129 obtinent
2694 3072 3114 3137 auctoritatem,
3147 3070 3397 3142 reliquiae
3419 3071 3572 3124 aliud

2017 3177 2246 3234 quoque
2260 3162 2502 3235 pretinm
2530 3160 2760 3227 habent,
2788 3177 2961 3232 quum
2990 3159 3137 3213 inter
3165 3157 3346 3212 fontes
3371 3157 3577 3212 lndicae

2017 3249 2359 3321 antiquitatis
2382 3248 2570 3304 locum
2599 3265 2718 3302 non
2743 3248 3000 3301 ultimum
3031 3255 3271 3301 teneant.
3302 3247 3439 3299 Nam
3468 3245 3573 3298 sic·

2015 3345 2080 3387 ut
2107 3354 2266 3395 nunc.
2291 3345 2373 3390 est
2403 3334 2577 3391 Indiae
2619 3335 2861 3406 antiqua!
2892 3332 3120 3387 scientia
3161 3340 3348 3385 nostra
3367 3371 3384 3401 ,
3428 3331 3576 3385 illius

2017 3423 2263 3476 narratio
2308 3422 2406 3476 etsi
2429 3420 2675 3495 suppleri
2712 3429 2767 3474 et
2812 3419 3018 3491 corrigi
3047 3435 3165 3471 non
3203 3434 3331 3470 raro
3360 3424 3573 3486 potest,

2020 3517 2202 3562 tamen
2229 3508 2346 3563 aliis
2373 3506 2513 3563 locis
2536 3506 2820 3562 scientiam
2859 3512 3105 3558 nostram
3148 3499 3374 3555 aliunde
3405 3517 3539 3571 repe
3558 3531 3574 3540 ·

2019 3596 2171 3654 titam
2217 3606 2401 3668 anget.
2452 3598 2845 3651 Verumtamen
2891 3587 3318 3645 concedendum
3363 3596 3473 3653 est,
3513 3587 3570 3642 id

2017 3680 2171 3754 quod
2197 3683 2328 3735 novi
2359 3700 2462 3736 nos
2496 3681 2720 3747 docuit,
2754 3696 2939 3750 neque
2963 3676 3180 3731 numeri
3217 3691 3402 3745 neque
3426 3692 3562 3745 pun-

2017 3768 2164 3823 deris
2185 3770 2472 3843 permagni
2518 3787 2647 3823 esse.
2676 3767 2909 3823 Gravius
2948 3775 3056 3829 est,
3106 3780 3274 3834 quam
3309 3760 3367 3814 id
3414 3760 3574 3832 quod

2016 3872 2226 3909 novum
2258 3856 2462 3921 refert,
2504 3854 2662 3926 quod
2699 3871 2887 3907 rerum
2919 3850 3241 3906 indicarum
3275 3847 3571 3920 imaginem

2018 3943 2074 3996 in
2117 3953 2331 3996 certum
2365 3941 2654 4014 quoddam
2694 3950 2911 4012 tempus
2944 3936 3259 4001 revocavit,
3291 3950 3464 4005 quum
3503 3935 3573 3987 li-

2018 4039 2146 4082 terae
2177 4028 2382 4082 Indicae
2421 4045 2637 4101 semper
2668 4026 2770 4081 sibi
2795 4033 3137 4087 constantes,
3186 4022 3228 4075 si
3269 4038 3385 4092 quo
3431 4030 3569 4074 tem·

2016 4134 2157 4188 pore
2194 4115 2332 4187 quid
2365 4115 2631 4169 acciderit
2673 4114 2998 4186 qua’rimuS,
3033 4111 3087 4163 in
3112 4125 3324 4163 summa
3346 4105 3571 4161 dubita·

2018 4204 2170 4257 tione
2199 4221 2301 4256 nos
2327 4204 2645 4274 relinquere
2667 4199 2902 4254 soleant.
2930 4224 2953 4245 υ

2014 4386 2200 4434 censuit
2216 4383 2559 4447 quinquaginta
2576 4383 2687 4429 octo
2707 4378 2910 4439 (arrian.
2936 4373 3036 4424 tna.
3062 4381 3108 4433 5,
3130 4382 3156 4421 2
3175 4375 3212 4432 ),
3232 4374 3393 4433 gentes
3410 4370 3559 4418 εἰκοσι

2013 4460 2093 4504 ut
2117 4456 2281 4505 ἑκατὸν
2304 4472 2347 4503 τι
2372 4455 2462 4511 (fr.
2488 4460 2546 4501 ἰι
2571 4452 2717 4509 init).
2758 4446 3019 4496 secut-atior
3041 4456 3269 4493 numerus
3282 4440 3424 4489 tuerit
3451 4452 3561 4501 gen·

2016 4527 2138 4574 tium
2156 4528 2349 4574 centum
2368 4526 2416 4572 et
2433 4519 2773 4581 duodeviginti.
2797 4517 2848 4565 td
2870 4515 3063 4577 colligas
3079 4528 3106 4562 e
3128 4512 3277 4561 t‘linio
3294 4512 3377 4570 Vt,
3402 4516 3452 4557 21
3474 4546 3489 4567 ,
3515 4518 3562 4567 5,

2014 4595 2095 4644 ubi
2119 4597 2223 4644 lnrc
2241 4613 2253 4644 ε
2269 4598 2450 4644 Seneca
2465 4596 2624 4641 ceiam
2642 4588 2784 4651 apud
2804 4600 2892 4637 nos
2918 4586 3115 4635 tentam
3141 4581 3307 4633 Indice
3322 4591 3564 4629 comenen-

2017 4667 2211 4714 tatione
2226 4664 2499 4723 sexaointa
2517 4661 2627 4721 ejvs
2651 4671 2825 4707 amrm
2850 4653 3081 4718 prodidit
3098 4689 3111 4710 ‚
3132 4654 3303 4714 qenees
3324 4647 3564 4698 duodevi-

2013 4736 2148 4794 9tnli
2176 4736 2498 4794 centumque.
2533 4732 2652 4779 Nam
2684 4728 2884 4775 dubhnm
2913 4724 2992 4773 vix
3023 4726 3094 4772 est
3114 4759 3129 4781 ,
3165 4726 3392 4770 senecam
3431 4721 3486 4767 ut
3517 4719 3565 4766 in

2014 4801 2266 4849 numinum
2290 4812 2490 4849 numero
2506 4835 2520 4857 ,
2539 4797 2608 4845 sie
2625 4796 2768 4845 etiam
2791 4797 2839 4844 ln
2860 4794 3053 4855 reliquis
3070 4788 3381 4853 Megasthenis
3400 4789 3566 4851 legisse

2017 4870 2230 4930 vestigia.

2624 5054 2912 5083 ‘⁴000‘—
2929 5068 2942 5073 -

3311 5226 3361 5262 2⁶
