4016 5916
1410 432 1910 495 MENECRATES
1950 435 2382 497 NYSAENSlS.

297 568 558 624 Trachin.
613 565 725 631 351.
781 584 793 621 :
841 561 1143 641 Φερεκύδης
1195 561 1348 641 φησὶν
1393 564 1484 640 (ν.
1535 566 1604 625 fr.
1638 565 1755 643 30)

300 651 634 733 Μενεκράτης
677 650 733 710 δὲ
764 651 903 709 οὕτω
943 650 1110 728 λέγει·
1141 648 1408 729 Ἠρακλέα
1449 654 1522 718 εἰς
1562 652 1841 728 ἐπιθυμίαν

176 749 189 757 “
299 739 465 810 Ἰόλης
488 737 765 819 ἀφικέσθαι
797 741 889 810 τῆς
915 736 1192 817 Εὖρώτου,
1216 736 1304 795 τὸν
1346 738 1401 795 δὲ
1430 738 1504 816 μὴ
1533 739 1697 798 θελεῖν
1721 738 1849 798 διδό-

298 848 410 883 ναι·
436 824 540 904 ἤρα
567 847 623 883 τε
651 822 753 905 γὰρ
782 826 940 895 αὐτῆς
961 823 1051 882 καὶ
1072 822 1347 901 μίγνυσθαι
1370 824 1663 905 ἔμελλεντῇ
1692 831 1848 904 θυγα-

298 912 411 991 τρὶ,
432 913 478 970 εἰ
502 908 577 988 μὴ
606 911 821 990 Ἀργεῖοι
845 910 1050 982 ἐξῆλθον
1081 914 1150 978 εἰς
1174 910 1272 983 τὴν
1294 911 1542 973 Εὔὸοιαν.
1569 917 1653 973 Cf.
1683 920 1849 972 etiam

298 1001 547 1056 Eustath.
578 1000 651 1056 ad
676 1001 746 1056 Il.
780 1002 864 1068 11,
895 1018 928 1055 α
955 1010 1010 1056 et
1040 1019 1127 1070 11,
1151 1019 1211 1075 p.
1245 1000 1359 1073 857
1390 1017 1447 1058 et
1471 1002 1611 1076 859.
1641 1034 1719 1046 —
1742 1004 1851 1060 Ce-

301 1099 484 1142 terum
530 1087 681 1142 idem
708 1087 1048 1144 Menecrates
1073 1106 1243 1160 quem
1266 1087 1339 1143 de
1384 1091 1621 1164 Megarae
1663 1091 1852 1147 liberis

302 1173 482 1230 schol.
510 1173 735 1227 Pindari
765 1171 984 1240 laudat,
1007 1173 1079 1228 de
1098 1176 1278 1229 Nicaea
1302 1175 1445 1230 urbe
1460 1175 1667 1230 librum
1691 1194 1851 1230 com-

301 1261 548 1333 posuisse
587 1259 831 1317 videtur.
871 1262 1012 1315 Nam
1041 1261 1118 1316 ita
1143 1262 1362 1317 Tzetzes
1388 1262 1460 1317 ad
1492 1263 1628 1335 Lyc.
1671 1262 1784 1318 662
1833 1284 1847 1318 ε

304 1343 635 1423 Μενεκράτης
669 1347 697 1401 ὁ
723 1342 855 1422 Περὶ
896 1344 1117 1411 Νικαίας
1142 1344 1412 1427 γεγραφὼς
1458 1346 1691 1405 Ἀλκαῖόν
1725 1369 1850 1427 φησι

302 1430 548 1511 πρότερον
579 1431 849 1489 καλεῖσθαι
874 1429 1171 1507 Ἡρακλέα,
1192 1431 1350 1512 ὁπότε
1375 1431 1493 1499 τοὺς
1519 1434 1578 1491 ἐκ
1598 1432 1847 1513 Μεγάρας

304 1520 445 1597 αὐτῷ
487 1519 883 1596 γεγεννημένους
923 1519 1060 1577 ὀκτὼ
1091 1519 1306 1591 παῖδας,
1344 1520 1432 1576 καὶ
1474 1521 1531 1578 οὗ
1557 1519 1847 1599 τέσσαρας,

306 1605 525 1680 ἀνεῖλεν,
546 1602 615 1670 ὥς
639 1626 766 1682 φησι
796 1603 1052 1682 Πίνδαρος
1073 1607 1291 1685 (Isthm.
1314 1610 1427 1677 ΠΙ,
1462 1608 1618 1683 104).
1643 1610 1852 1665 Verum

304 1694 423 1749 haec
462 1705 655 1766 aperte
694 1696 917 1749 Tzetzes
942 1695 1122 1749 hausit
1152 1712 1219 1751 ex
1259 1696 1435 1753 schol.
1468 1695 1723 1765 Pindari,
1748 1697 1847 1750 ubi

306 1782 446 1836 nihil
495 1782 700 1855 legitur
760 1781 833 1836 de
886 1784 1203 1836 Menecrate
1260 1783 1541 1838 Nicaensis
1609 1783 1852 1838 historiae

304 1877 535 1924 auctore
556 1910 572 1937 ,
615 1886 781 1941 quem
821 1870 1078 1924 asciverit
1116 1887 1185 1924 ex
1242 1871 1545 1925 Plutarcho
1597 1872 1760 1928 Thes.
1796 1890 1848 1927 c.

309 1956 383 2011 26
403 1996 419 2024 ,
443 1956 543 2011 ubi
569 1955 833 2011 laudatur
861 1954 1195 2032 Μενεκράτης
1220 1977 1279 2013 τι
1295 1978 1318 2020 ς
1342 1955 1573 2033 ἱστορίαν
1600 1956 1720 2035 περὶ
1752 1958 1853 2015 Νι·

306 2039 528 2106 καίας...
560 2040 874 2106 ἐκδεδωκώς.
905 2044 1045 2098 Nam
1070 2044 1261 2117 legisse
1284 2046 1517 2100 Tzetzen
1536 2045 1687 2099 hunc
1713 2046 1854 2100 Plu-

307 2130 485 2184 tarchi
526 2130 714 2185 locum
754 2137 906 2202 patet
954 2148 1022 2185 ex
1049 2130 1223 2187 schol.
1273 2131 1391 2201 ejus
1426 2131 1499 2186 ad
1547 2132 1851 2188 Antehom.

304 2234 367 2290 p.
422 2215 535 2272 238
581 2217 673 2271 ed.
725 2217 945 2272 Jacobs.
1002 2217 1018 2290 (
1047 2216 1175 2272 vide
1231 2217 1517 2273 Herodoti
1565 2218 1634 2274 fr.
1701 2236 1780 2286 ‘¹7
1808 2220 1851 2288 ).

306 2305 493 2375 Quare
552 2322 689 2358 num
736 2321 933 2359 revera
972 2305 1313 2359 Menecrates
1360 2323 1524 2377 quem
1566 2306 1855 2359 scholiasta

306 2390 536 2446 Pindari
572 2390 789 2457 laudat,
830 2401 998 2464 atque
1037 2400 1236 2446 auctor
1269 2390 1514 2446 historiae
1571 2392 1851 2450 Nicaensis

308 2475 477 2534 fuerit
499 2494 644 2532 unus
669 2476 963 2550 idemque,
993 2479 1052 2532 in
1080 2478 1269 2533 medio
1292 2479 1570 2551 relinquo.

802 2635 980 2693 ΠΕΡΙ
1023 2633 1361 2693 ΝΙΚΑΙΑΣ.

1055 2775 1112 2833 8.

393 2932 673 2989 Plutarch.
718 2932 877 2989 Thes.
919 2952 970 2991 c.
1007 2931 1078 2988 26
1119 2950 1134 2991 ε
1179 2927 1602 3009 Μενεκράτης
1653 2930 1707 2988 δέ
1753 2915 1856 3002 τις,

308 3018 598 3097 ἱστορίαν
618 3017 765 3097 περὶ
786 3015 1059 3084 Νικαίας
1084 3021 1161 3089 τῆ
1179 3042 1202 3084 ς
1222 3020 1286 3075 ἐν
1308 3019 1504 3076 Βιθυν
1522 3017 1585 3096 (qt
1617 3015 1861 3081 πόλεως

310 3108 334 3163 3
352 3105 425 3162 κδ
434 3127 458 3161 ε
473 3105 501 3162 δ
515 3103 657 3161 ωκὼ
672 3128 695 3169 ς
714 3150 730 3175 ,
780 3102 971 3173 Θησέα
1023 3104 1151 3184 φησι
1199 3102 1294 3175 τὴν
1349 3104 1621 3173 Ἀντιόπην
1672 3104 1859 3182 ἔχοντα

313 3192 579 3273 διατρῖψαι
604 3192 725 3269 περὶ
765 3190 969 3257 τούτους
998 3192 1113 3257 τοὺς
1144 3190 1360 3259 τόπους·
1383 3191 1656 3270 τυγχάνειν
1679 3190 1735 3249 δὲ
1762 3214 1860 3248 συ·-

313 3277 683 3358 στρατεύοντας
711 3280 852 3358 αὗτῷ
879 3287 1014 3357 τρεῖς
1039 3276 1335 3344 νεανίσκους
1358 3278 1409 3345 ἐξ
1432 3278 1683 3352 Ἀθηνῶν,
1717 3279 1861 3335 ἀδελ·

312 3365 437 3446 φοῦς
494 3364 756 3441 ἀλλήλων,
811 3364 1018 3426 Εὔνεων
1059 3365 1149 3424 καὶ
1187 3365 1399 3428 Θόαντα
1445 3366 1534 3423 καὶ
1583 3365 1859 3424 Σολόεντα.

314 3456 514 3513 Τοῦτον
533 3446 620 3510 οὖν
644 3455 842 3530 ἐρῶντα
861 3456 951 3522 τ’ἧς
971 3452 1238 3523 Ἀντιόπης
1253 3499 1269 3528 ,
1290 3452 1380 3511 καὶ
1399 3453 1717 3511 λανθάνοντα
1746 3451 1861 3518 τοὺς

316 3541 524 3616 ἄλλους,
554 3540 768 3607 ἐξειπεῖν
786 3540 914 3619 πρὸς
942 3540 1031 3598 ἕνα
1050 3543 1158 3623 ,τῶν
1183 3540 1412 3611 συνήθων
1430 3563 1445 3577 ·
1466 3539 1655 3599 ἐκείνου
1673 3539 1726 3597 δὲ
1741 3538 1861 3618 περὶ

309 3625 505 3686 τούτων
550 3627 846 3706 ἐντυχόντος
890 3632 956 3704 τῇ
983 3626 1229 3707 Ἀντιόπῃ
1242 3673 1257 3698 ,
1295 3627 1389 3697 τὴν
1423 3625 1515 3703 μὲν
1555 3625 1650 3695 τὴν
1676 3633 1862 3705 πεῖραν

875 3821 977 3880 DE
1018 3822 1292 3881 NICAEA.

1062 3983 1115 4031 8.

376 4105 668 4153 Menecrates
681 4105 876 4166 quidam
889 4142 903 4166 ‚
918 4106 1001 4168 qui
1022 4106 1276 4157 Historiam
1294 4107 1464 4157 Nicaeae
1485 4108 1615 4157 urbis
1634 4107 1864 4170 Bithyniae

280 4176 462 4230 ‘edidit
474 4214 489 4239 ,
507 4181 743 4231 Theseum
776 4185 1038 4243 memorat,
1076 4196 1229 4245 quum
1257 4184 1511 4246 Antiopam
1549 4187 1757 4245 teneret,
1781 4184 1865 4234 de-

310 4260 553 4308 moratum
575 4259 871 4322 aliquamdiu
898 4261 990 4310 illis
1020 4260 1070 4309 in
1092 4262 1189 4311 oris
1209 4282 1221 4310 :
1243 4254 1465 4313 habuisse
1482 4264 1644 4311 autem
1662 4275 1773 4311 eum
1792 4275 1865 4313 se-

310 4347 426 4384 eum
440 4337 802 4397 commilitones,
818 4343 913 4387 tres
925 4337 1227 4388 Athenienses
1237 4339 1452 4402 iuvenes,
1471 4341 1639 4390 iratres
1656 4341 1778 4390 inter
1794 4354 1862 4402 se,

311 4415 533 4463 Euneum
548 4450 562 4474 ‚
594 4415 862 4465 Thoantem
882 4420 932 4466 et
948 4416 1186 4466 Soloenta.
1218 4420 1355 4466 Hunc
1378 4418 1594 4479 Antiopae
1611 4431 1773 4470 aniore
1792 4419 1866 4467 in-

310 4490 632 4553 flammatum,
649 4506 798 4555 quum
827 4492 1046 4543 ardorem
1069 4508 1212 4544 snum
1225 4496 1400 4545 celaret
1430 4496 1570 4559 alios,
1606 4496 1689 4544 uni
1711 4508 1773 4545 ex
1791 4496 1863 4546 t'a-

310 4568 577 4619 milisribus
595 4569 856 4631 detexisse3
875 4572 959 4634 qui
978 4585 1131 4634 quum
1152 4573 1403 4636 Antiopam
1428 4575 1521 4623 hac
1540 4573 1602 4623 de
1624 4587 1677 4624 re
1696 4575 1862 4637 appel-

309 4645 435 4693 laret
447 4682 462 4704 ,
488 4658 593 4694 eam
607 4648 971 4698 attentatiouem
999 4649 1144 4712 liujus
1162 4651 1388 4712 repulisse
1400 4652 1589 4711 aeriter,
1604 4650 1864 4712 prudenter

308 4721 360 4770 id
378 4724 540 4771 tamen
558 4723 724 4773 tulisse
739 4725 789 4773 et
807 4724 995 4785 lenita,
1016 4738 1176 4788 neque
1191 4725 1253 4775 ad
1274 4727 1512 4777 Theseum
1531 4726 1774 4778 detulisse.
1802 4731 1863 4778 At

306 4800 492 4861 δοιοίε,
515 4800 715 4852 aboeissa
738 4815 820 4866 spe
838 4816 993 4866 quum
1016 4806 1065 4853 in
1083 4817 1274 4855 amnem
1291 4805 1531 4868 quendam
1548 4819 1602 4857 se
1617 4806 1862 4867 abjecisset

3378 447 3489 499 3⁴5

1940 568 2163 646 ἰσχυρῶς
2198 566 2582 646 ἀποτρίψασθαι
2601 611 2618 644 ,
2641 564 2699 625 τὸ
2736 567 2790 625 δὲ
2817 575 3036 646 πρᾶγμα
3068 566 3340 647 σωφρόνως
3379 567 3494 644 ἅμα

1939 654 2031 710 καὶ
2062 652 2238 734 πρᾴως
2262 654 2520 730 ἐνεγκεῖν,
2557 653 2648 711 καὶ
2672 653 2798 731 πρὸς
2823 653 2912 712 τὸν
2941 653 3127 726 Θησέα
3156 653 3231 732 μὴ
3262 677 3495 732 κατηγο·

1941 745 2114 820 ρῆσαι.
2139 743 2250 801 Τοῦ
2273 740 2327 798 δὲ
2357 739 2633 806 Σολόεντος
2651 784 2667 812 ,
2692 744 2763 806 ὡς
2785 742 3022 817 ἀπέγνω,
3045 741 3284 823 ῥίψαντος
3311 740 3491 799 ἑαυτὸν

1938 830 2011 894 εἰς
2036 827 2273 904 ποταμόν
2295 850 2408 885 τινα
2429 827 2518 885 καὶ
2539 825 2925 908 διαφθαρέντος,
2946 828 3239 904 ᾐσθημένον
3259 825 3375 886 τότε
3399 827 3493 896 τὴν

1939 915 2111 972 αἰτίαν
2138 913 2227 971 καὶ
2245 912 2303 972 τὸ
2332 914 2496 980 πάθος
2519 917 2609 971 τοῦ
2635 911 2902 972 νεανίσκου
2928 912 3016 970 τὸν
3056 912 3243 982 Θησέα
3296 912 3493 992 βαρέως

1938 1005 2184 1080 ἐνεγκεῖν,
2213 1001 2304 1060 καὶ
2329 1002 2676 1082 δυσφοροῦντα
2704 999 2876 1079 ’λόγιόν
2902 1023 2955 1058 τι
2971 1000 3333 1079 πυθόχρηστον
3371 1002 3488 1058 ἀνε-

1939 1096 2140 1167 νεγκεῖν
2175 1088 2302 1166 πρὸς
2330 1087 2513 1146 ἑαυτόν
2531 1110 2545 1125 ·
2581 1078 2714 1145 εἶναι
2748 1085 2849 1167 γὰρ
2875 1087 3018 1166 αὐτῷ
3046 1084 3494 1164 προστεταγμένον

1939 1178 1992 1234 ἕν
2030 1177 2246 1255 Δελφοῖς
2285 1175 2386 1233 ὑπὸ
2422 1179 2516 1246 τῆς
2555 1175 2784 1247 Πυθίας,
2824 1172 2948 1232 ὅταν
2991 1174 3075 1231 ἐπὶ
3119 1172 3261 1245 ξένης
3309 1174 3492 1250 ἀνιαθῇ

1942 1261 2174 1338 μάλιστα
2194 1258 2284 1320 καὶ
2308 1259 2588 1340 περίλυπος
2613 1260 2846 1336 γένηται,
2868 1259 3019 1320 πόλιν
3049 1260 3159 1317 ἐκεῖ
3176 1259 3370 1330 κτίσαι,
3400 1256 3491 1316 καὶ

1940 1352 2043 1407 τῶν
2078 1351 2212 1429 ἀμφ’
2241 1347 2396 1406 αὓτὸν
2423 1346 2564 1413 τινὰς
2599 1346 2860 1423 ἡγεμόνας
2897 1348 3221 1406 καταλιπεῖν.
3305 1346 3406 1406 Ἐκ
3439 1345 3492 1403 δὲ

1945 1434 2130 1494 τούτου
2155 1434 2251 1506 τὴν
2281 1433 2373 1510 μὲν
2413 1435 2580 1507 πόλιν,
2602 1434 2667 1505 ἣν
2691 1433 2911 1506 ἔκτισεν,
2948 1433 3053 1492 ἀπὸ
3072 1438 3160 1492 τοῦ
3185 1437 3302 1491 θεοῦ
3325 1432 3496 1493 Πυθό-

1940 1524 2092 1581 πολιν
2111 1526 2555 1602 προσαγορεῦσαι·
2588 1520 2846 1581 Σολόεντα
2875 1519 2927 1579 δὲ
2953 1521 3041 1579 τὸν
3083 1520 3302 1592 πλησίον
3329 1542 3494 1579 ποτα-

1942 1609 2039 1686 μὸν
2064 1610 2148 1666 ἐπὶ
2179 1596 2306 1687 τίμῇ
2334 1614 2425 1667 τοῦ
2450 1608 2737 1669 νεανίσκου.
2821 1608 3149 1669 Καταλιπεῖν
3176 1607 3231 1666 δὲ
3262 1606 3352 1666 καὶ
3376 1606 3494 1673 τοὺς

1940 1694 2187 1777 ἀδελφοὺς
2212 1697 2368 1754 αὐτοῦ
2409 1685 2514 1754 οἷον
2540 1696 2820 1762 ἐπιστάτας
2841 1694 2932 1753 καὶ
2956 1694 3261 1771 νομοθέτας,
3291 1692 3381 1752 καὶ
3403 1690 3496 1751 σῦν

1941 1784 2114 1850 αὐτοῖς
2151 1781 2388 1862 Ἕρμον,
2435 1781 2598 1861 ἄνδρα
2647 1785 2749 1839 τῶν
2796 1781 3063 1854 Ἀθήνησιν
3115 1781 3491 1860 Εὐπατριδῶν·

1942 1872 2029 1950 ἀφ’
2052 1862 2111 1929 οὗ
2142 1870 2230 1929 καὶ
2259 1869 2418 1928 τόπον
2438 1869 2638 1947 Ἑρμοῦ
2661 1869 2839 1927 καλεῖν
2860 1869 3026 1928 οίκίαν
3052 1868 3170 1933 τοὺς
3202 1866 3496 1926 Πυθοπολί-

1940 1980 2034 2023 τας
2061 1959 2154 2016 οὖκ
2173 1959 2334 2036 ὀρθῶς
2353 1956 2446 2026 τὴν
2467 1958 2708 2035 δευτέραν
2738 1954 3004 2027 συλλαὸὴν
3027 1958 3389 2030 περισπῶντας
3406 1954 3496 2012 καὶ

1941 2043 2036 2116 τὴν
2059 2044 2207 2113 δόξαν
2233 2044 2319 2102 ἐπὶ
2348 2042 2462 2103 θεὸν
2489 2043 2593 2102 ἀπὸ
2623 2042 2788 2123 ἥρωος
2812 2043 3193 2121 μετατιθέντας.

2024 2318 2295 2391 Reliquos
2317 2317 2616 2390 scriptores
2630 2357 2645 2382 ,
2677 2314 2880 2387 quihus
2905 2314 3235 2371 Menecratis
3257 2332 3463 2370 nomen
3477 2359 3491 2381 ,

1944 2417 2008 2459 ut
2035 2406 2322 2466 Milesium
2346 2404 2766 2478 grammaticum
2797 2400 2913 2479 (ap.
2936 2402 3112 2456 schol.
3134 2404 3305 2457 Hom.
3337 2402 3405 2456 Il.
3434 2409 3490 2468 4,

1945 2501 2018 2566 94
2041 2513 2058 2560 ;
2083 2511 2174 2564 11,
2204 2491 2347 2561 6773
2374 2497 2467 2557 α4,
2494 2485 2649 2564 804),
2680 2500 2736 2544 et
2764 2487 3095 2563 Ephesium,
3116 2491 3268 2543 Arati
3288 2505 3494 2561 praece·

1946 2591 2168 2653 ptorem
2188 2577 2404 2655 (Suidas
2421 2595 2475 2634 v.
2498 2571 2764 2653 Ἄρατος),
2782 2575 3041 2631 carminis
3054 2574 3126 2630 de
3135 2575 3495 2649 Agricultura

1946 2678 2234 2722 auctorem
2280 2661 2501 2740 (Varro
2543 2665 2616 2718 R.
2674 2665 2745 2720 R.
2785 2664 2840 2732 1,
2887 2681 2937 2730 1,
2982 2681 3048 2736 93
3083 2663 3203 2734 111,
3247 2661 3352 2731 16,
3399 2660 3495 2734 18;

1947 2755 2091 2810 Plin.
2137 2755 2207 2809 H.
2234 2754 2305 2810 N.
2332 2754 2485 2819 VIII,
2515 2761 2570 2806 et
2599 2751 2714 2819 IX,
2746 2750 2845 2826 7);
2878 2767 3052 2822 porro
3094 2750 3185 2807 M.
3230 2755 3494 2804 comicum

1952 2840 2235 2914 (Suidasv.
2257 2837 2864 2914 Msvsxp.V.Meinecke
2895 2838 3056 2895 Com.
3084 2836 3154 2890 fr.
3178 2838 3231 2905 1,
3247 2854 3307 2909 p.
3332 2836 3493 2912 493),

1945 2929 2293 2997 Smyrnaeum
2331 2937 2555 3001 poetam
2585 2923 2779 2998 (cujus
2822 2924 2938 2979 duo
2980 2924 3378 2998 epigrammata
3439 2925 3498 2978 in

1947 3017 2179 3071 Anthol.
2200 3018 2323 3089 I,p.
2344 3013 2509 3092 476),
2531 3014 2937 3084 Syracusanum
2955 3011 3238 3067 medicum
3264 3011 3496 3086 (Athen.

1946 3118 2008 3178 p.
2044 3103 2188 3177 289,
2213 3105 2280 3172 B,
2302 3102 2498 3157 Suidas
2512 3120 2570 3159 v.
2601 3097 2966 3175 Μενεκράτης,
2992 3098 3273 3156 Plutarch.
3300 3098 3497 3173 Agesil.

1951 3210 2018 3245 αι
2041 3234 2058 3264 ,
2087 3190 2291 3248 AElian.
2342 3193 2407 3247 V.
2438 3191 2512 3246 Η.
2541 3188 2684 3256 XII,
2735 3185 2802 3241 51
2839 3184 2891 3262 ),
2913 3187 3084 3241 alium
3105 3187 3184 3243 M.
3213 3184 3495 3241 medicum

1949 3296 2116 3352 quem
2141 3276 2330 3332 laudat
2359 3276 2562 3332 Coelius
2597 3274 2790 3330 Aurel.
2825 3273 3035 3329 Chron.
3070 3291 3214 3345 pass.
3261 3274 3314 3339 1,
3346 3277 3411 3338 4,
3444 3283 3499 3326 et

1949 3367 2172 3420 tertium
2201 3365 2334 3419 item
2363 3362 2673 3430 medicum,
2709 3360 2781 3416 de
2812 3378 2930 3432 quo
2953 3378 3003 3412 ν.
3056 3359 3276 3414 Fabric.
3309 3360 3372 3412 Β.
3400 3359 3496 3414 Gr.

1945 3452 2123 3519 xm,
2154 3470 2211 3524 p.
2244 3449 2354 3504 332
2384 3461 2438 3504 et
2470 3448 2760 3523 Sprengel.
2799 3445 2997 3501 Gesclz.
3033 3446 3104 3499 cle
3130 3445 3388 3501 Anneik.
3414 3444 3497 3512 11,

1947 3558 2007 3612 p.
2046 3556 2115 3609 72
2140 3556 2250 3609 sq„
2287 3537 2390 3590 hos
2412 3553 2631 3603 omnes,
2661 3536 2920 3607 inquam,
2951 3531 3128 3586 verbo
3164 3548 3497 3585 memorasse

1947 3627 2075 3681 satis
2098 3637 2195 3683 est.

1947 3807 1997 3854 et
2024 3803 2306 3864 interiisset,
2325 3802 2572 3864 explorata
2588 3803 2706 3851 tuuc
2727 3812 2870 3849 causa
2887 3800 2937 3849 et
2966 3796 3277 3847 adolescentis
3304 3808 3468 3845 amore
3483 3831 3497 3854 ,

1946 3882 2113 3932 tulisse
2138 3879 2374 3930 Theseum
2404 3890 2505 3927 rem
2535 3877 2757 3940 graviter,
2788 3874 3224 3936 discruciatumque
3248 3873 3500 3923 oraculum

1947 3958 2189 4021 quoddam
2216 3956 2443 4020 Apollinis
2459 3955 2522 4006 ad
2538 3969 2590 4005 se
2608 3954 2884 4018 applicaoee.
2906 3956 3028 4005 Nam
3044 3965 3077 4001 a
3101 3952 3272 4015 Pythia
3288 3951 3377 4000 sibl
3394 3951 3499 4001 Del·

1949 4038 2055 4100 pluis
2073 4041 2370 4099 preceptum
2386 4072 2402 4098 ,
2439 4047 2589 4096 quum
2625 4046 2820 4096 peregre
2855 4030 3134 4094 verissime
3163 4031 3416 4091 angeretur
3447 4031 3498 4078 et

1947 4116 2073 4164 esset
2089 4112 2341 4177 pertristis,
2361 4112 2532 4161 urbem
2553 4110 2618 4160 ibi
2636 4113 2691 4160 ut
2702 4109 2946 4169 conderet,
2967 4109 3018 4157 et
3033 4106 3218 4168 aliquos
3233 4106 3294 4156 de
3310 4107 3410 4155 suis
3427 4120 3497 4156 re·

1949 4192 2186 4254 linqueret
2207 4189 2310 4252 eius
2326 4192 2549 4239 rectores.
2573 4187 2694 4238 Hine
2713 4181 2908 4248 urbem,
2932 4196 3079 4247 quam
3108 4182 3346 4244 condidit,
3370 4196 3400 4232 a
3421 4182 3500 4231 dei

1948 4267 2143 4317 nomine
2175 4265 2454 4329 Pythopolin
2474 4276 2796 4326 nuncupasse3
2839 4264 2985 4324 atque
3006 4260 3056 4309 in
3076 4260 3303 4309 honorem
3336 4258 3498 4307 adole·

1948 4348 2124 4396 scentis
2140 4383 2153 4407 ,
2171 4346 2492 4409 propinquum
2523 4343 2703 4393 numen
2720 4378 2734 4402 ‚
2753 4342 3023 4392 Soloentem
3045 4357 3058 4388 ε
3089 4337 3334 4399 τοιίῳιὴεε
3351 4336 3500 4386 etiam

1949 4426 2076 4474 illius
2092 4425 2263 4474 fratres
2283 4422 2416 4472 velut
2434 4424 2643 4470 rectores
2658 4422 2709 4469 et
2725 4419 3041 4481 legislatores,
3060 4428 3170 4463 cum
3194 4415 3345 4476 iisque
3377 4417 3496 4463 uer-

1950 4515 2085 4551 mum
2099 4536 2114 4562 ,
2150 4500 2485 4552 Atheniensem
2517 4511 2576 4548 ex
2610 4496 2845 4561 patriciis3
2881 4508 2911 4543 a
2949 4506 3049 4556 quo
3068 4493 3229 4543 locum
3256 4490 3497 4554 quendam

1947 4578 2121 4641 Ἑρμοῦ
2146 4578 2299 4626 οἰκίαν
2316 4576 2333 4637 (
2353 4575 2411 4625 id
2425 4578 2503 4625 est
2521 4574 2650 4623 mdes
2668 4577 2858 4623 Hermoe
2871 4568 3127 4635 [Mermrii]
3142 4605 3158 4631 ‚
3178 4580 3339 4633 quum
3357 4567 3496 4617 debe·

1948 4658 2066 4704 rent
2082 4655 2262 4717 Ἕρμον
2279 4688 2295 4715 ,
2314 4651 2476 4703 Hermi
2496 4650 2688 4712 >dicere
2698 4648 3025 4712 Pythopolitas
3047 4666 3059 4696 ι
3079 4647 3162 4708 qui
3179 4657 3349 4709 parum
3369 4646 3503 4693 recte

1947 4730 2333 4781 circumflectunt
2348 4726 2607 4779 secundam
2625 4726 2858 4790 syllabam
2908 4725 3236 4787 honoremque
3265 4720 3326 4770 ad
3348 4719 3494 4770 deum

1949 4809 2236 4857 Mercurium
2255 4807 2317 4856 ab
2344 4806 2487 4863 heroe
2505 4803 2780 4855 traducunt.

1337 5105 2478 5141 ψ
