4016 5916
1449 425 1550 485 DE
1594 425 1879 487 MUSICA
1926 427 2427 490 FRAGMENTA.
3448 442 3570 498 287

375 552 461 611 ἐπὶ
507 556 581 634 τῷ
625 551 833 614 Πύθωνί
879 575 1034 634 φησιν
1085 552 1373 624 ἐπικήδειον
1413 555 1640 625 αὐλῆσαι
1676 553 1916 615 Λυδιστί.

373 639 498 701 Elei
546 639 589 700 δ’
630 641 681 700 οἳ
721 639 1127 712 Μελανιππίδην
1172 639 1353 700 τούτου
1397 645 1487 700 τοῦ
1541 639 1729 718 μέλους
1771 641 1923 725 ἄρξαι

370 726 516 807 φασί.
1092 810 1187 884 69.

447 913 609 969 Idem
636 914 714 969 ib.
749 933 800 974 c.
845 933 933 984 ιι,
972 931 1034 989 p.
1073 913 1252 982 1134,
1284 916 1328 970 E
1370 934 1383 970 ε
1415 908 1694 989 Ὄλυμπος
1732 911 1819 986 δέ,
1855 915 1925 979 ὡς

370 997 709 1080 Ἀριστόξενός
740 1021 917 1078 φησιν,
950 998 1377 1077 ὑπολαμβάνεται
1402 999 1501 1058 ὑπὸ
1528 1003 1631 1058 τῶν
1660 1003 1921 1078 μουσικῶν

370 1091 459 1146 τοῦ
487 1085 789 1166 ἐναρμονίου
819 1086 991 1164 γένους
1013 1086 1223 1166 εὑρετὴς
1241 1091 1574 1165 γεγενῆσθαι·
1599 1085 1666 1147 τὰ
1688 1086 1789 1166 γὰρ
1821 1087 1922 1165 πρὸ

370 1173 563 1233 ἐκείνου
577 1173 750 1232 πάντα
771 1172 981 1232 διάτονα
997 1173 1086 1234 καὶ
1104 1173 1419 1254 χρωματικὰ
1433 1165 1517 1245 ἦν.
1538 1177 1681 1234 Vide
1693 1196 1921 1252 sequen·

372 1266 449 1321 tia
469 1281 539 1321 ex
561 1263 763 1320 eodem
786 1263 941 1320 haud
965 1263 1138 1320 dubie
1160 1265 1494 1319 Aristoxeno
1518 1265 1714 1338 petita.

1099 1387 1190 1428 το.

448 1474 744 1531 Athenaeus
768 1473 926 1545 XIV,
950 1491 1010 1549 p.
1051 1407 1197 1544 6214,
1226 1475 1270 1529 B
1315 1493 1329 1530 ε
1375 1471 1444 1533 Ὅ
1478 1469 1533 1531 δέ
1579 1470 1920 1552 Ἀριστόξενος

370 1557 465 1630 τὴν
493 1557 707 1640 εὕρεσιν
723 1560 885 1631 αὐτῆς
907 1561 924 1636 (
947 1563 1037 1631 τῆς
1061 1559 1324 1643 Φρυγιστὶ
1348 1558 1635 1639 ἁρμονίας)
1677 1557 1918 1638 Ὑάγνιδι

368 1649 443 1726 τῷ
468 1645 647 1728 Φρυγὶ
676 1647 988 1708 ἀνατίθεται.

1092 1757 1122 1809 7
1134 1756 1183 1796 1.

972 1866 1189 1921 LIBER
1232 1866 1305 1921 11.

445 2000 727 2056 Plutarch.
753 2002 840 2058 De
858 2019 1001 2056 mus.
1029 2020 1081 2056 c.
1111 2020 1200 2072 17,
1227 2019 1287 2075 p.
1324 2020 1344 2054 1
1363 1998 1490 2072 137,
1511 2001 1593 2056 Ε.
1619 1994 1833 2058 Τουτων
1854 1995 1915 2068 δὴ

367 2087 469 2143 τῶν
493 2085 782 2165 ἁρμονιῶν,
818 2089 916 2158 τῆς
950 2082 1046 2163 μὲν
1081 2086 1400 2166 θρηνῳδικῆς
1434 2083 1568 2152 τινὸς
1609 2085 1800 2161 οὔσης,
1825 2087 1917 2155 τῆς

369 2173 416 2231 δ’
452 2172 825 2252 ἐκλελυμένης,
862 2172 1073 2241 εἷκότως
1112 2176 1140 2232 6
1183 2170 1407 2233 Πλάτων
1459 2171 1918 2280 παραιτησάμενος

370 2258 550 2332 αὐτὰς,
573 2261 669 2330 τὴν
691 2260 969 2341 Δωριστὶ“
941 2283 1011 2327 ως
1038 2261 1337 2338 πολεμικοῖς
1358 2258 1577 2340 ἀνδράσι
1603 2281 1691 2317 και
1712 2255 1916 2339 σώφρο·

366 2370 450 2405 σιν
480 2346 801 2428 ἁρμόζουσαν
826 2343 1016 2407 εἵλετο·
1036 2349 1095 2406 οὗ
1133 2371 1211 2425 μα
1231 2345 1332 2407 Δία
1359 2345 1620 2426 ἀγνοήσας
1645 2346 1750 2427 (ὥς
1779 2345 1916 2424 Apt-

368 2433 599 2503 στόξενός
625 2456 780 2516 φησιν
806 2436 859 2493 ἐν
876 2438 951 2514 τῷ
979 2432 1197 2516 δευτέρῳ
1216 2437 1319 2492 τῶν
1343 2435 1624 2495 Μουσικῶν
1648 2435 1694 2508 ),
1722 2430 1800 2490 ὅτι
1823 2430 1915 2490 καὶ

366 2524 420 2580 ἐν
449 2520 662 2589 ἐκείναις
688 2545 738 2581 τι
765 2521 1024 2603 χρήσιμον
1051 2513 1114 2595 ἦν
1135 2520 1263 2602 πρὸς
1280 2521 1553 2580 πολιτειῶν
1582 2518 1834 2601 φυλακην.

1099 2680 1190 2734 72.

955 2799 1177 2854 LIBER
1217 2800 1317 2856 lv.

440 2936 873 2994 AthenaeusXIV
874 2954 954 3046 ,p.
967 2935 1101 3012 619,
1111 2938 1191 2995 1)·
1204 2930 1605 3015 Ἀριστόξενοςδὲ
1618 2934 1669 2992 ἐν
1681 2931 1914 3039 τετάρτῳ

363 3020 497 3102 Περὶ
536 3025 815 3098 μουσικῆς,
854 3010 1096 3109 σι”,ῌδον
1127 3020 1311 3102 φησιν,
1338 3022 1392 3079 αἱ
1423 3022 1503 3100 ἂρ
1530 3028 1641 3079 αῖαι
1679 3027 1914 3099 γυναῖκες

369 3107 620 3179 Καλυκην
649 3107 764 3166 τινὰ
796 3107 955 3188 ᾠδήν.
1043 3108 1373 3189 Στησιχόρου
1409 3108 1455 3167 δ’
1489 3043 1553 3179 &v
1590 3105 1826 3186 ποίημα,
1858 3109 1910 3166 ἐν

362 3186 408 3275 ᾧ
435 3194 652 3277 Καλύκη
675 3218 750 3262 τις
777 3195 970 3272 ὄνομα,
995 3197 1165 3276 ἐρῶσα
1202 3195 1441 3255 Εὐάθλου
1471 3194 1774 3271 νεανίσκου,
1806 3215 1905 3252 σω·

365 3372 483 3424 pum
509 3360 570 3409 de
603 3361 761 3411 morte
788 3359 1022 3423 Pythonis
1053 3359 1259 3424 lugubre
1295 3372 1491 3410 carmen
1517 3359 1647 3410 tibiis
1681 3358 1910 3410 cecinisse

360 3437 518 3565 21:12³!
520 3436 699 3565 tmodo
730 3438 823 3489 Alii
859 3438 1227 3503 Melanippidem
1263 3441 1513 3490 auctorem
1531 3438 1638 3501 eius
1660 3439 1909 3488 cantilenae

1002 3596 1009 3601 ’
1089 3598 1179 3651 69.

422 3678 683 3741 olympus,
709 3682 763 3728 ut
778 3678 848 3729 ait
866 3679 1199 3740 Aristoxenus,
1231 3692 1261 3729 a
1291 3680 1489 3731 musicis
1515 3680 1715 3744 putatur
1732 3678 1906 3729 enhar-

358 3757 506 3807 monii
522 3757 707 3820 generis
724 3758 867 3809 tuisse
887 3760 1140 3823 repertor3
1165 3772 1279 3809 nam
1305 3762 1421 3811 ante
1443 3759 1601 3823 ipsum
1619 3759 1781 3809 omnia
1801 3758 1907 3808 dia·

358 3836 472 3884 tona
490 3834 683 3884 fuerunt
703 3837 753 3884 et
770 3835 1079 3886 chromatica.

419 4007 730 4057 Aristoxenus
760 3928 1383 4058 inventionem⁷3armonioe
1418 4009 1639 4071 Pbrygiae
1675 4007 1907 4072 Hyagnidi

360 4083 564 4147 Phrygio
585 4082 806 4146 wimt-
1089 4169 1177 4219 Π

420 4247 581 4302 Quum
600 4245 745 4310 igitur
778 4245 980 4297 istamm
1013 4248 1379 4299 harmoniarum
1404 4248 1595 4312 (Lydiae
1628 4250 1678 4298 et
1699 4248 1904 4310 Ionicae)

357 4322 440 4371 illa
471 4322 666 4385 quidem
701 4323 1052 4387 lamentabilis,
1094 4326 1199 4377 baec
1232 4337 1349 4375 vero
1384 4324 1615 4376 dissoluta
1647 4325 1737 4387 sit3
1779 4328 1907 4375 recte

358 4401 497 4451 Plato
512 4413 618 4452 eam
645 4402 917 4467 repudians,
938 4404 1159 4454 Doricam
1178 4404 1463 4467 assumpsit,
1482 4406 1538 4454 ut
1555 4403 1778 4454 decoram
1795 4403 1908 4454 viris

356 4478 583 4530 modestis
598 4482 652 4531 et
666 4480 885 4534 bellicis.
869 4495 1001 4533 ·nou
1019 4495 1135 4533 sane
1151 4481 1373 4546 ignorans
1396 4482 1492 4543 (ut
1511 4482 1581 4532 ait
1599 4482 1908 4534 Aristoxenus

355 4556 407 4606 in
427 4556 636 4607 secundo
658 4558 1008 4621 musicorum),
1026 4560 1204 4609 etism·
1189 4573 1240 4610 ιιι
1267 4560 1359 4610 illis
1379 4559 1700 4624 (harmoniis)
1723 4552 1903 4624 alicuid

355 4632 510 4683 inesse
526 4633 644 4685 utile
660 4633 723 4684 ad
738 4636 1150 4687 conservationem
1168 4636 1460 4700 reipublicae.

417 4797 727 4850 Aristoxenus
758 4798 882 4850 libro
903 4803 1080 4864 quarto
1101 4804 1174 4852 De
1192 4802 1377 4852 musica
1412 4801 1604 4864 scribit,
1622 4800 1802 4864 priscas
1834 4803 1903 4852 l'e·

354 4876 510 4927 minas
531 4876 754 4929 cecinise
778 4879 1049 4930 cantionem
1071 4880 1314 4943 quandam
1332 4880 1530 4931 nomine
1551 4881 1774 4944 calycen.
1796 4884 1904 4931 Ste-

353 4953 529 5004 sichori
560 4967 677 5004 vero
717 4967 883 5007 versus
917 4958 1137 5019 exstant,
1168 4958 1219 5007 in
1249 4958 1426 5020 quibus
1455 4957 1675 5021 quiedam
1711 4959 1905 5008 nomine

355 5031 532 5094 calyce
556 5031 777 5082 Buathii'
757 5034 949 5096 juvenis
963 5046 1128 5084 amore
1150 5037 1290 5098 capta
1307 5048 1336 5085 a
1357 5038 1545 5085 Venere
1561 5038 1785 5098 precatur
1801 5035 1906 5099 ejus

354 5108 573 5171 nuptias;
604 5112 877 5173 contempla
895 5124 1012 5161 vero
1037 5124 1067 5161 a
1092 5111 1333 5163 fastidioso
1368 5116 1417 5163 et
1453 5112 1718 5163 renuente·
1699 5125 1903 5176 juvene,

355 5185 622 5250 praeclpffio
645 5200 698 5238 se
720 5188 1006 5239 interemit:
1033 5188 1082 5238 id
1109 5189 1242 5253 quod
1263 5192 1389 5241 cirea
1425 5190 1691 5242 Leucadem
1724 5191 1902 5241 iactum

2016 555 2212 638 φρόνως
2240 555 2450 636 εὔχεται
2483 561 2550 636 τῇ
2580 556 2850 639 Ἀφροδίτη
2892 562 3191 637 γαμηθῆναι
3233 561 3389 641 αὗτῷ·
3451 564 3573 622 ἐπεὶ

2016 644 2067 701 δὲ
2098 644 2358 722 υπερεῖδεν
2389 648 2417 703 6
2443 642 2722 716 νεανίσκος,
2745 644 3152 754 κατεκρήμνισεν
3177 647 3384 718 έαυτήν.
3410 648 3567 758 Ἐγε-

2016 751 2131 790 νετο
2153 730 2209 789 δὲ
2243 731 2304 790 τὸ
2330 732 2493 797 πάθος
2522 730 2643 812 περὶ
2673 731 2941 791 Λευκάδα.
2973 734 3304 813 Σωφρονικὸν
3347 732 3401 793 δέ
3429 737 3573 795 πάνυ

2015 814 2393 877 κατεσκεύασεν
2430 820 2458 876 6
2480 816 2698 890 ποιητὴς
2718 818 2780 877 τὸ
2802 823 2893 890 τῆς
2922 821 3178 900 παρθένου
3205 812 3357 893 ἦθος,
3389 823 3482 880 οὐκ
3507 826 3568 883 ἐκ

2014 904 2204 972 παντὸς
2246 905 2442 985 τρόπου
2484 904 2732 978 θελούσης
2774 906 3106 985 συγγενέσθαι
3158 911 3234 987 τῷ
3282 909 3566 990 νεανίσκῳ·

2012 993 2129 1051 ἀλλ’
2161 993 2480 1074 ευχομένης,
2518 997 2564 1053 εἰ
2593 993 2832 1069 δυναιτο,
2859 994 2988 1072 γυνὴ
3025 1001 3116 1055 τοῦ
3144 995 3382 1058 Εὗάθλου
3416 998 3565 1074 γενέ-

2013 1085 2134 1139 σθαι
2164 1081 2428 1162 κουριδία,
2457 1077 2527 1158 ἢ,
2563 1083 2608 1140 εἷ
2634 1087 2786 1141 τοῦτο
2816 1081 2890 1160 μὴ
2925 1082 3161 1160 δυνατὸν,
3194 1085 3566 1162 ἀπαλλαγῆναι

2010 1173 2101 1227 τοῦ
2148 1167 2281 1249 βίου.
2333 1194 2358 1221 ²·
2387 1167 2482 1228 Ἐν
2530 1167 2585 1227 δὲ
2626 1177 2732 1235 τοῖς
2778 1168 2932 1229 Κατὰ
2973 1168 3144 1249 βραχὺ
3196 1171 3572 1249 ὑπομνήμασιν

2012 1258 2039 1312 6
2078 1254 2438 1336 Ἀριστόξενος,
2469 1281 2494 1309 ιι
2536 1253 2768 1336 Ἴφικλος
2789 1300 2805 1328 ,
2851 1256 3026 1338 φησιν,
3081 1256 3409 1338 Ἁρπαλύκην
3447 1262 3565 1340 ἐρα·

2011 1347 2217 1402 σθεῖσαν
2243 1344 2529 1423 ὑπερεῖδεν.
2553 1342 2622 1405 Ἥ
2647 1343 2702 1403 δὲ
2723 1342 2975 1414 ἀπέθανε,
2994 1343 3085 1403 καὶ
3106 1346 3306 1424 γίνεται
3324 1350 3407 1406 ἐπ’
3428 1348 3571 1428 αὐτῇ

2010 1429 2282 1509 παρθένοις
2333 1431 2469 1511 ᾠδῆς
2509 1428 2668 1509 ἀγὼν,
2710 1428 2825 1502 ἥτις
2864 1428 3165 1511 Ἁρπαλύκη
3207 1431 3420 1513 (φησι)
3465 1457 3569 1492 κα-

2010 1520 2194 1577 λεῖται.
2226 1546 2248 1570 ¹·

2736 1606 2828 1681 73.

2087 1714 2364 1772 Plutarch.
2403 1715 2490 1770 De
2523 1732 2664 1773 mus.
2695 1732 2747 1771 c.
2790 1712 2885 1782 31,
2920 1732 2980 1787 p.
3032 1721 3207 1785 1142,
3227 1715 3312 1772 B:
3340 1710 3471 1773 Ὅτι
3506 1713 3566 1774 δὲ

2005 1796 2153 1877 παρὰ
2179 1796 2271 1863 τὰς
2299 1795 2509 1876 ἀγωγὰς
2546 1821 2637 1855 και
2663 1796 2756 1865 τὰς
2794 1796 3045 1875 μαθήσεις
3074 1797 3339 1879 διόρθωσις
3364 1798 3400 1872 ἢ
3440 1802 3560 1860 δια-

2007 1884 2205 1965 στροφὴ
2244 1884 2475 1962 γίνεται,
2523 1885 2680 1957 δῆλον
2733 1884 3077 1966 Ἀριστόξενος
3117 1885 3352 1958 ἐποίησε.
3435 1891 3564 1950 Τῶν

2004 1970 2105 2052 γὰρ
2132 1969 2269 2030 κατὰ
2294 1969 2387 2043 τὴν
2429 1972 2589 2029 αὐτου
2623 1970 2851 2045 ἠλικίαν,
2887 1969 3051 2054 φησι,
3086 1973 3315 2033 Τελεσία
3343 1979 3419 2057 τῷ
3446 1979 3562 2049 θη-

2006 2058 2142 2140 6αίῳ
2160 2057 2336 2136 συιι6’”
2338 2080 2425 2115 ναι
2450 2056 2550 2139 νέῳ
2575 2056 2670 2134 μὲν
2690 2057 2799 2118 ὄντι
2815 2063 3111 2142 ,τραφῆναι
3129 2064 3182 2120 ἐν
3209 2065 3275 2139 τῇ
3302 2062 3564 2144 καλλίστη

2006 2150 2262 2225 μουσικῇ,
2297 2144 2386 2204 καὶ
2410 2149 2592 2221 μαθεῖν
2618 2146 2754 2205 ἄλλα
2782 2170 2838 2206 τε
2875 2149 2977 2205 τῶν
3007 2147 3430 2226 εὗδοκιμουντων,
3468 2175 3568 2210 και.

2004 2230 2068 2303 δὴ
2087 2232 2177 2290 καὶ
2197 2230 2264 2290 τὰ
2291 2201 2582 2313 Πινδάρου,
2603 2231 2670 2290 τά
2688 2256 2743 2291 τε
2768 2233 3037 2293 Διονυσίου
3056 2257 3145 2292 του
3174 2234 3443 2309 Θηὸαίου,
3467 2237 3562 2296 καὶ

2001 2316 2068 2376 τὰ
2097 2315 2394 2400 Λάμπρου,
2426 2317 2517 2376 και
2542 2318 2610 2376 τὰ
2636 2319 2932 2398 Πρατίνου,
2965 2343 3056 2379 και
3077 2344 3180 2381 των
3199 2323 3416 2400 λοιπῶν,
3447 2323 3558 2383 ὅσοι

2001 2409 2106 2463 τῶν
2168 2406 2394 2486 λυρικῶν
2444 2404 2624 2487 ἄνδρες
2689 2405 2921 2485 ἐγένοντο
2972 2407 3186 2481 ποιηταὶ
3252 2408 3566 2490 κρουμάτων

2003 2490 2221 2569 ἀγαθοί·
2277 2489 2369 2551 καὶ
2406 2492 2632 2564 αὐλῆσαι
2677 2490 2730 2550 δὲ
2766 2495 2939 2560 καλῶς
2984 2494 3076 2552 καὶ
3119 2494 3237 2576 περὶ
3274 2497 3343 2554 τὰ
3398 2498 3555 2556 λοιπὰ

2003 2580 2137 2660 μέρη
2179 2583 2271 2650 τῆς
2309 2577 2592 2658 συμπάσης
2641 2579 2882 2649 παιδείας
2921 2583 3113 2647 ἱκανῶς
3156 2583 3564 2657 διαπονηθῆναι

2001 2666 2407 2749 παραλλάξαντα
2437 2667 2491 2725 δέ
2519 2665 2613 2738 τὴν
2650 2671 2742 2740 τῆς
2779 2670 2953 2745 ἀκμῆς
2980 2667 3215 2744 ἡλικίαν,
3257 2667 3392 2729 οὕτω
3428 2671 3556 2752 σφό·

2003 2756 2099 2835 δρα
2132 2756 2519 2826 ἐξαπατηθῆναι
2551 2753 2654 2812 ὑπὸ
2686 2759 2779 2827 τῆς
2819 2759 3065 2827 σκηνικῆς
3106 2779 3161 2814 τε
3201 2754 3292 2815 καὶ
3320 2757 3564 2830 ποικίλης

2001 2845 2280 2920 μουσικῆς,
2307 2844 2376 2910 ὡς
2402 2845 2795 2922 καταφρονῆσαι
2822 2846 2923 2901 τῶν
2952 2844 3125 2901 καλῶν
3156 2842 3380 2917 ἐκείνων,
3402 2848 3453 2903 ἐν
3483 2837 3560 2912 οἷς

2000 2928 2283 3039 ἀνετράφη,
2317 2929 2385 2989 τὰ
2406 2927 2690 2997 Φιλοξένου
2712 2927 2766 2989 δὲ
2789 2928 2880 2989 καὶ
2913 2929 3171 3008 Τιμοθέου
3194 2892 3552 3010 ἐκμανθάνειν,

2001 3018 2092 3077 καὶ
2130 3018 2329 3077 τούτων
2371 3018 2542 3078 αὐτῶν
2583 3015 2652 3076 τὰ
2686 3016 3042 3077 ποικιλώτατα
3079 3016 3171 3076 καὶ
3213 3020 3462 3092 πλείστην
3500 3023 3563 3079 ἐν

2001 3110 2174 3171 αὑτοῖς
2197 3104 2385 3185 ἔχοντα
2407 3102 2773 3182 καινοτομίαν·
2794 3104 3100 3185 ὁρμήσαντά
3122 3127 3177 3163 τε
3197 3102 3284 3164 ἐπι
3311 3104 3372 3164 τὸ
3390 3115 3566 3164 ποιεῖν

2002 3194 2167 3267 μέλη,
2198 3192 2289 3250 καὶ
2310 3191 2717 3272 διαπειρώμενον
2747 3192 3052 3271 ἀμφοτέρων
3081 3195 3184 3250 τῶν
3209 3192 3435 3272 τρόπων,
3462 3216 3563 3251 του-

1996 3359 2084 3406 est
2105 3356 2219 3419 Eius
2232 3355 2427 3419 virginis
2441 3368 2602 3406 mores
2617 3354 2835 3418 apprime
2852 3355 2996 3406 misse
3014 3355 3214 3419 pudicos
3230 3357 3373 3419 poeta
3391 3355 3562 3417 finxit

1996 3436 2053 3483 ut
2070 3446 2181 3496 quie
2193 3431 2385 3494 iuvenis
2402 3432 2795 3482 consuetudinem
2814 3444 2909 3481 non
2931 3445 3127 3495 prorsus
3149 3433 3198 3481 et
3215 3431 3391 3494 quovis
3407 3431 3558 3482 modo

1996 3511 2219 3573 cuperet,
2243 3508 2328 3560 sed
2350 3513 2544 3571 optare,
2569 3508 2609 3558 si
2628 3508 2820 3570 liceret,
2842 3508 3048 3558 Euathlo
3072 3508 3202 3570 virgo
3228 3508 3437 3569 nubere,
3465 3511 3556 3558 aut

1995 3587 2035 3636 si
2067 3585 2198 3650 quod
2228 3586 2279 3635 in
2307 3584 2434 3635 votis
2466 3588 2572 3635 erat
2599 3584 2818 3635 obtinere
2840 3597 2938 3634 nou
2971 3586 3157 3647 posset,
3181 3583 3315 3634 abire
3341 3585 3459 3634 vita.
3493 3588 3550 3634 in
3608 3612 3611 3615 Δ

1996 3660 2374 3725 compendiariis
2395 3674 2511 3712 vero
2540 3660 2899 3711 commentariis
2922 3660 3234 3712 Aristoxenus
3255 3660 3325 3710 ait
3345 3661 3409 3711 ab
3426 3661 3551 3723 iphi-

1994 3740 2101 3802 clo,
2142 3751 2289 3802 quem
2324 3737 2612 3802 impotenter
2640 3738 2863 3801 amabat,
2889 3737 3187 3802 Harpalycen
3222 3740 3550 3802 contemptam

1996 3830 2203 3869 moerore
2223 3817 2553 3879 contabuisse,
2573 3817 2942 3881 institutumque
2962 3816 3027 3866 ab
3048 3818 3224 3867 eventu
3243 3817 3328 3867 iilo
3350 3818 3554 3880 virgini·

1994 3895 2087 3945 bus
2108 3893 2344 3945 cantionis
2365 3854 2637 3956 certarnen,
2657 3907 2806 3957 quam
2827 3893 3125 3957 Harpalyceu
3151 3892 3425 3944 nominant.

2731 4004 2821 4055 ⁷3.

2059 4110 2203 4169 Quod
2227 4112 2390 4160 autem
2423 4109 2645 4160 educatio
2666 4111 2717 4160 et
2737 4109 2985 4174 dioeiplina
3008 4109 3087 4159 vel
3126 4111 3310 4160 rectam
3343 4111 3419 4161 vel
3443 4123 3554 4174 pra

1994 4199 2108 4236 vam
2144 4186 2322 4237 artium
2365 4187 2703 4238 tractationem
2739 4186 2946 4246 babeat,
2986 4184 3298 4236 Aristoxenus
3321 4186 3545 4237 ostendit.

1994 4267 2116 4314 Nam
2151 4262 2387 4314 Telesiam
2420 4262 2731 4324 Thebanum,
2754 4263 2840 4326 qui
2865 4262 3014 4326 ipsius
3039 4263 3183 4312 aetate
3207 4261 3354 4323 vixit,
3385 4266 3550 4312 narrat

1992 4340 2345 4391 adolescentem
2385 4339 2435 4390 in
2479 4340 2799 4404 pulcherrima
2839 4338 3097 4389 educatum
3138 4339 3350 4399 musica,
3383 4353 3550 4401 quum

1993 4419 2197 4468 aliorum
2221 4417 2456 4468 nobilium
2489 4419 2742 4480 poetarum
2779 4416 2994 4467 carmina
3025 4415 3273 4476 didicisse,
3295 4416 3404 4465 tum
3429 4416 3548 4467 Pin·

1992 4495 2122 4558 dari,
2143 4494 2354 4559 Dionysii
2365 4494 2608 4556 Thebani,
2633 4495 2849 4558 Lamprl,
2881 4493 3110 4556 pratinae,
3128 4495 3235 4543 tum
3253 4492 3402 4556 reliqu.
3406 4507 3547 4544 orum

1993 4573 2078 4634 qui
2114 4572 2265 4635 lyrico
2297 4572 2512 4622 carmine
2549 4574 2601 4622 et
2639 4571 2795 4621 modis
2837 4530 3206 4635 praestiterunt.
3242 4570 3545 4636 eundemque

1994 4651 2139 4701 etism
2171 4650 2287 4702 tibia
2310 4650 2433 4701 bene
2456 4650 2708 4713 cecinisse,
2731 4651 2781 4700 et
2813 4649 2863 4699 in
2886 4648 3086 4712 reliquis
3111 4647 3261 4699 totius
3282 4647 3550 4712 disciplina}

1994 4727 2209 4790 partibus
2228 4727 2343 4776 satis
2370 4726 2494 4777 felici
2522 4739 2635 4776 cum
2664 4724 2903 4776 industria
2929 4726 3178 4776 versatum
3204 4723 3364 4775 fuisse.
3387 4728 3545 4776 AEtate

1992 4804 2486 4866 autesnjammatura
2520 4803 2641 4853 adeo
2670 4803 2812 4853 misso
2839 4816 2869 4852 a
2900 4801 3087 4853 scenica
3111 4804 3162 4852 et
3188 4800 3419 4852 variaills
3444 4816 3545 4852 mu-

1991 4883 2089 4933 sies
2100 4882 2374 4946 deceptum,
2394 4884 2470 4944 ut,
2494 4882 2779 4946 contemptis
2798 4881 3011 4946 pulchris
3026 4881 3084 4932 ils
3099 4880 3147 4931 ‘n
3165 4881 3342 4944 quibus
3364 4882 3542 4931 enutri·

1991 4965 2070 5011 tus
2088 4960 2527 5023 fuerat,'1'imotbei
2545 4973 2603 5010 ac
2619 4960 2870 5010 Philoxeni
2892 4958 3124 5010 edisceret
3146 4958 3384 5019 carmina,
3407 4970 3464 5008 ac
3481 4957 3549 5007 de

1990 5038 2067 5088 his
2087 5036 2201 5101 ipsis
2216 5049 2274 5088 ea
2301 5037 2631 5101 potissimum,
2658 5050 2768 5100 quae
2793 5036 3004 5086 maxime
3025 5037 3182 5085 essent
3204 5034 3360 5096 varia,
3394 5034 3550 5097 pluri—

1989 5128 2224 5179 mumque
2247 5115 2479 5166 baberent
2495 5116 2756 5166 novitatis.
2775 5126 3027 5179 quumque
3046 5128 3097 5165 se
3115 5112 3176 5162 ad
3201 5113 3405 5177 lyricum
3428 5126 3543 5175 pan·

1991 5193 2199 5259 gendum
2221 5205 2414 5244 cannen
2433 5192 2742 5255 contulisset,
2764 5206 2822 5242 ac
2841 5195 2944 5241 tam
2973 5191 3222 5241 Philoxeni
3252 5202 3399 5253 quam
3434 5189 3538 5239 Pin·
