4016 5916
1362 344 1686 477 LYC
1707 344 1811 475 U
1817 341 1904 476 S
1988 337 2890 473 RHEGINUS.

591 884 792 942 sumas
823 900 837 941 ἕ
864 877 1065 950 Λῦκῡς,
1092 881 1118 935 ὅ
1147 877 1236 935 καὶ
1264 874 1557 956 Βῦυθῆρας,
1586 874 1855 950 Ῥηγῖνος,
1891 876 2081 953 ἴστορι·
2168 885 2371 947 praeter
2391 877 2606 947 Lycum
2629 890 2772 927 unus
2790 870 3045 925 meminit
3060 870 3340 926 Herodot.
3365 874 3465 946 Vl,
3492 892 3564 928 21
3592 891 3607 932 ς
3635 874 3748 933 Συ.

515 973 601 1038 κὸς
619 1017 636 1045 ,
666 968 844 1048 πατὴρ
874 966 1201 1046 Λυκόφρονος
1231 968 1322 1022 τοῦ
1350 968 1602 1042 τραγικοῦ
1620 961 1867 1035 ,ἐπὶτῶν
1893 960 2073 1020 διαδό-
2172 959 2416 1039 ὄαρῖται,
2446 960 2493 1017 οἱ
2527 955 2670 1018 Λάον
2709 978 2765 1014 τε
2802 958 2892 1014 καὶ
2918 952 3140 1035 Σκίδρον
3183 952 3382 1031 οἴκεον,
3415 961 3510 1029 τῆς
3555 958 3746 1026 πόλιος

513 1083 622 1139 γων
647 1056 871 1137 γεγονὼς
890 1055 980 1113 καὶ
1000 1050 1381 1117 ἐπιδουλευθεὶς
1402 1050 1502 1110 ὑπὸ
1526 1049 1831 1131 Δημητρίου
1852 1054 1941 1108 τοῦ
1967 1050 2085 1109 Φα-
2173 1042 2600 1130 ἀπεστερημένοι.
2618 1047 3022 1102 Recentiorum
3046 1043 3119 1101 de
3136 1045 3245 1101 situ
3261 1046 3419 1102 urbis
3442 1048 3744 1121 conjectu·

516 1129 730 1226 ληρέως.
786 1136 953 1210 Οὗτος
995 1141 1218 1223 ἔγραψεν
1266 1138 1526 1220 Ἱστορίαν
1556 1137 1756 1209 Λιὸύης
1805 1136 1895 1195 καὶ
1948 1135 2083 1215 Περὶ
2171 1155 2259 1192 ras
2282 1135 2412 1191 vide
2444 1153 2534 1208 ap.
2567 1134 2900 1190 Schillerum
2923 1136 3009 1189 De
3030 1133 3374 1189 Thuriorum
3395 1137 3542 1209 Rq»,
3579 1154 3642 1210 p,
3677 1135 3741 1193 8,

521 1231 777 1298 Σικελίας.
808 1234 888 1291 Cs.
914 1232 1137 1287 Eudoc.
1164 1250 1226 1305 p.
1261 1228 1405 1299 284,
1427 1231 1526 1285 ubi
1558 1247 1668 1304 pro
1708 1224 1973 1305 Βουθήρας
2006 1237 2087 1281 est

528 1318 808 1400 Βουθύρας.
1035 1314 1046 1323 ’

601 1411 762 1466 Idem
799 1428 854 1467 v,
896 1404 1212 1485 Λυκόφρων,
1253 1400 1543 1468 Χαλκιδεὺς
1569 1401 1673 1460 ἀπὸ
1700 1399 1952 1472 Εὗὸοίας,
1981 1399 2088 1466 υἱὸς

448 1553 457 1568 ‚
525 1493 822 1566 Σωκλέους,
852 1493 990 1550 θέσει
1019 1492 1074 1548 δὲ
1116 1489 1291 1550 Λύκου
1316 1495 1405 1548 τοῦ
1448 1488 1717 1565 Ῥηγίνου.
1752 1521 1832 1533 --
1868 1492 2088 1545 Tzetzes

519 1588 604 1640 De
632 1585 728 1640 vit.
752 1583 1040 1657 Lycophr.
1072 1601 1130 1656 p.
1158 1579 1269 1635 263
1302 1581 1394 1636 ed.
1424 1581 1646 1635 Miiller.
1676 1598 1691 1633 ε
1715 1575 1784 1637 Ὁ
1803 1573 2087 1655 Λυκόφρων

521 1673 596 1751 τῷ
641 1668 736 1750 μὲν
765 1667 901 1747 γένει
941 1658 1002 1739 ἦν
1029 1664 1348 1740 Χαλκιδεὺς,
1377 1665 1479 1734 υἱὸς
1509 1664 1809 1737 Σωκλέους,
1842 1663 1876 1734 ἢ
1909 1662 2084 1722 Λύκου

521 1762 612 1815 τοῦ
642 1755 1042 1837 ἱστοριογράφου
1070 1753 1208 1813 κατά
1233 1777 1396 1820 τινας.

603 1852 688 1904 De
711 1848 1045 1914 inimicitiis,
1086 1864 1209 1918 quae
1242 1847 1398 1918 Lyco
1422 1863 1549 1898 cum
1593 1843 1882 1898 Demetrio
1912 1841 2084 1895 inter·

522 1934 826 2004 cedebant,
859 1935 1208 1989 accuratiora
1235 1951 1352 1987 non
1380 1930 1700 1986 traduntur.
1728 1930 1985 1986 Ceterum
2019 1945 2089 1982 ex

525 2021 591 2076 iis
614 2022 930 2096 colligimus
950 2023 1165 2095 Lycum
1195 2020 1391 2074 vixisse
1430 2016 1788 2073 Alexandriae
1813 2015 1902 2091 Γ).
1933 2016 2090 2088 Opus

522 2108 851 2164 historicum
882 2109 1160 2182 scripsisse
1184 2106 1410 2161 videtur
1439 2108 1524 2160 De
1549 2103 1881 2159 Alexandro
1904 2101 2000 2177 (fr.
2038 2121 2087 2172 1,

523 2196 652 2251 coll.
686 2195 753 2253 sr.
785 2214 818 2249 α
837 2194 854 2270 )
874 2238 889 2264 ,
920 2193 1267 2268 Olympiadis
1290 2192 1490 2261 fratre,
1519 2210 1654 2267 rege
1687 2190 2049 2265 Epirotarum
2070 2231 2086 2259 ,

527 2285 623 2356 qui
649 2284 862 2339 bellum
891 2284 949 2337 in
978 2284 1139 2338 Italia
1166 2282 1347 2357 gessit.
1368 2281 1608 2352 Reliqua
1636 2278 1945 2353 fragmenta
1970 2295 2090 2332 non

525 2380 638 2428 tam
665 2373 930 2429 historica
958 2381 1090 2426 sunt
1115 2388 1281 2443 quam
1310 2368 1651 2442 periegetica
1675 2367 1747 2423 de
1776 2367 1943 2422 rebus
1969 2384 2089 2423 me-

521 2461 892 2517 morabilibus
925 2461 1125 2529 Italiae,
1169 2458 1396 2524 Siciliae,
1445 2456 1658 2530 Libyae.
1701 2458 1952 2528 Quarum
1998 2473 2087 2511 re·

525 2550 757 2622 gionum
779 2548 1155 2621 descriptione
1177 2545 1323 2601 bene
1341 2544 1603 2599 meruisse
1624 2545 1841 2616 Lycum
1863 2553 2092 2598 testatur

530 2634 970 2709 Agatharchides
1009 2635 1096 2690 De
1127 2650 1269 2690 mar.
1314 2632 1497 2687 Rubr.
1532 2632 1651 2686 init.
1683 2649 1696 2684 ε
1728 2625 1813 2687 Τὰ
1841 2626 1935 2703 μὲν
1962 2625 2092 2707 πρὸς

528 2718 750 2796 ἑσπέραν
780 2717 1104 2796 ἐξείργασται
1128 2716 1294 2781 Λύκος
1317 2739 1373 2773 τε
1395 2715 1486 2774 καὶ
1505 2715 1759 2791 Τίμαιος,
1792 2713 1857 2772 τὰ
1889 2713 1941 2771 δὲ
1966 2714 2092 2792 πρὸς

529 2804 783 2870 ἀνατολὰς
814 2804 1094 2870 Ἑκαταῖος
1144 2801 1233 2862 καὶ
1286 2801 1517 2869 Βάσιλις.
1554 2807 1639 2860 De
1677 2805 1788 2858 alio
1839 2803 2096 2876 quodam

529 2895 737 2969 scripto
786 2893 859 2949 ad
907 2895 1127 2966 Lycum
1189 2903 1443 2946 nostrum
1493 2890 1725 2946 sortasse
1787 2889 2090 2946 referendo

533 2980 662 3036 vide
691 2980 764 3042 fr.
800 2981 869 3035 15
904 2979 1032 3055 (Μ’).

896 3091 912 3113 ‘
935 3089 1117 3147 ΠΕΡΙ
1162 3087 1720 3164 ΑΛΕΞΑΝΔΡΟΥ.)

1290 3228 1339 3263 1.

611 3333 880 3408 Stephan.
900 3334 1030 3407 Byz.
1052 3348 1068 3389 ε
1092 3329 1310 3409 Σκίδρος
1324 3376 1341 3404 ,
1364 3330 1509 3396 πόλις
1530 3328 1777 3397 Ἰταλίας.
1798 3330 1876 3390 Τὸ
1895 3330 2090 3389 ἐθνικὸν

541 3417 852 3501 Σκιδρανός,
876 3421 946 3486 ὣς
974 3416 1146 3486 Λύκος
1186 3422 1239 3478 ἐν
1264 3421 1339 3496 τῷ
1363 3418 1498 3498 Περὶ
1535 3416 1883 3500 Ἀλεξάνδρου.
1923 3422 2097 3478 Urbis

596 3577 659 3640 (*)
692 3576 965 3628 Demetrius
1001 3576 1258 3625 Phalereus
1297 3575 1347 3624 in
1389 3578 1595 3639 AEgypto
1639 3576 1763 3625 vixit
1803 3590 1882 3625 an.
1941 3583 2097 3628 296—

538 3652 628 3697 283
657 3661 703 3697 a.
730 3650 788 3697 C.

599 3718 687 3780 (**)
706 3724 741 3767 A
762 3716 974 3779 Rhegino
984 3715 1345 3779 distinguendus
1358 3719 1517 3780 Lycus
1533 3717 1928 3780 Neapolitanus,
1948 3718 2099 3767 medi·

535 3800 648 3846 cus,
678 3786 816 3848 culus
833 3787 1131 3847 Ἐξηγητικὸν
1155 3791 1239 3835 τοῦ
1257 3787 1586 3851 Διοσκούριδος
1606 3787 1770 3837 laudat
1795 3788 2004 3839 Erotian.
2047 3802 2096 3839 v.

535 3857 736 3920 Ἀρτίων.
776 3855 871 3905 Alia
897 3869 954 3905 ex
978 3855 1145 3905 eodem
1169 3857 1376 3906 afferunt
1404 3858 1577 3908 suidas
1603 3864 1650 3907 el
1676 3859 1816 3908 Phot.
1850 3872 1895 3906 v.
1924 3858 2095 3921 Πὺοω,

536 3931 584 3977 et
605 3927 725 3976 vlia.
760 3928 876 3987 xx,
905 3933 994 3983 20,
1029 3930 1103 3976 83.
1138 3928 1211 3975 Cf.
1248 3926 1394 3976 indic.
1425 3927 1485 3977 ad
1508 3928 1679 3977 Galen.
1711 3954 1777 3965 —
1812 3931 1973 3989 Lycon
2015 3933 2100 3979 Ia·

535 4000 722 4057 sensis,
746 3996 829 4059 qui
856 3996 931 4045 de·
945 3997 1213 4058 Pythagora
1234 3997 1438 4059 scripsit.
1458 4000 1519 4047 V.
1553 3998 1809 4048 Athenaeus
1829 4001 1868 4047 x
1886 4035 1900 4059 ‚
1920 4011 1968 4060 p.
1991 4002 2100 4058 480,

541 4069 725 4126 F3418‚
743 4069 805 4128 F3
826 4069 866 4114 ll
881 4100 895 4124 ,
912 4078 959 4128 p.
977 4071 1055 4125 69,
1077 4067 1145 4124 Ε,
1161 4065 1244 4113 ubi
1260 4077 1508 4128 perperam
1521 4067 1745 4116 scribitur
1763 4067 1949 4123 Λύκος
1964 4070 1990 4115 ὁ
2008 4071 2102 4117 Πυ-

536 4136 801 4198 θαγόρειος;
834 4135 1125 4197 Porphyrius
1154 4135 1250 4184 Vit.
1282 4137 1422 4198 Pyth.
1457 4149 1506 4198 p.
1541 4140 1599 4197 4,
1621 4136 1703 4186 ubi
1724 4138 1838 4187 item
1864 4137 2017 4194 Λύκος
2051 4138 2099 4186 ἐν

526 4206 561 4254 δ’
589 4209 1069 4266 ‘Inopiam—Lycen
1092 4207 1400 4257 Tarentinus
1415 4206 1770 4269 Pythayoreus
1784 4207 2007 4256 laudatur
2017 4221 2097 4271 ap.

539 4274 786 4324 Iamblich.
822 4276 883 4322 V.
913 4276 962 4323 P.
985 4281 1061 4325 36.
1089 4274 1301 4326 -ἈΙίυε
1324 4279 1481 4338 Lycon
1502 4277 1613 4325 item
1641 4277 1990 4339 Pythagoreus,
2017 4290 2096 4341 ap.

543 4345 710 4394 Euseb.
732 4347 783 4393 P.
802 4346 858 4393 Ε.
882 4346 993 4404 XV,
1012 4352 1059 4394 2.
1084 4344 1310 4407 Reliquos
1330 4349 1539 4409 Lycones
1558 4346 1673 4395 nihil
1690 4360 1823 4397 curo.
1853 4373 1919 4384 —
1938 4352 2097 4409 Lycus

544 4415 652 4476 Περὶ
674 4414 924 4472 Θηὸαίων,
944 4414 1026 4476 qui
1053 4414 1275 4464 laudatur
1293 4429 1369 4478 ap.
1390 4419 1550 4465 Tzctz.
1581 4417 1639 4465 ad
1661 4420 1775 4478 Lyc.
1797 4424 1915 4479 526,
1942 4422 2061 4469 1206
2075 4455 2090 4480 ,

540 4495 641 4531 esse
662 4482 805 4530 debet
834 4482 1000 4544 procul
1034 4482 1181 4532 dubio
1208 4486 1573 4547 Lysimachus,
1595 4486 1731 4547 cujus
1750 4500 1797 4535 v.
1834 4488 2004 4549 fragm.

623 4633 764 4707 (DE
806 4633 1051 4693 REBUS
1094 4635 1541 4697 ALEXANDRI
1580 4637 2014 4717 EP1ROTAE2)

1294 4753 1317 4803 1

609 4842 825 4899 Scidrus,
846 4844 960 4895 urbs
976 4846 1146 4896 ltaliae.
1181 4846 1373 4899 Gentile
1407 4848 1712 4913 Scidrianus,
1753 4850 1826 4900 uti
1867 4854 1942 4903 est
1971 4852 2099 4916 apud

543 4924 723 4983 Lycum
743 4922 790 4971 in
812 4922 935 4972 libro
958 4926 1029 4974 De
1047 4925 1330 4977 Alexandro.

1294 5035 1347 5085 2.

616 5132 815 5190 Larlnos
830 5134 978 5187 boves
997 5140 1155 5201 Lycus
1187 5141 1426 5204 Rheginos
1443 5143 1492 5193 in
1515 5144 1731 5195 Historiis
1749 5146 1810 5196 de
1829 5147 2101 5199 Alexandro

2920 1291 2954 1327 2

2252 1406 2442 1463 Schol.
2479 1405 2765 1478 Aristoph.
2792 1408 2921 1461 Pac.
2949 1404 3061 1479 925
3101 1421 3116 1459 t
3145 1402 3277 1483 Περὶ
3305 1402 3359 1461 δὲ
3385 1406 3487 1462 τῶν
3506 1407 3744 1487 λαρινῶν

2177 1493 2309 1571 βοῶν
2340 1487 2509 1557 Λύκος
2533 1489 2627 1566 μὲν
2654 1495 2682 1549 ὁ
2719 1488 2957 1567 Ῥηγῖνος
2982 1489 3069 1547 ἐπὶ
3096 1491 3209 1556 ταῖς
3237 1491 3365 1569 πρὸς
3402 1491 3745 1573 Ἀλέξανδρόν

2176 1601 2331 1658 φησιν
2357 1575 2712 1657 &nb-Amphion
2743 1577 2877 1644 τινὸς
2913 1575 3162 1657 βουκόλου
3203 1576 3398 1649 ταύτην
3429 1579 3611 1647 αὐτοὺς
3635 1581 3742 1653 τὴν

2175 1663 2527 1746 προσηγορίαν
2551 1662 2851 1744 ἐσχηκέναι.
2885 1662 3004 1725 Εἰσὶ
3024 1660 3081 1722 δέ
3115 1688 3246 1732 τινες
3273 1664 3322 1724 οἳ
3350 1666 3497 1746 παρὰ
3524 1667 3610 1726 τὸν
3633 1669 3747 1728 λα’-

2179 1777 2263 1833 ρον
2292 1753 2517 1822 ἀξιοῦσιν
2545 1751 2729 1820 αὐτοὺς
2751 1754 2887 1812 οὕτω
2916 1754 3217 1811 καλεῖσθαι·
3243 1756 3290 1811 οἱ
3316 1751 3371 1812 δὲ
3399 1756 3494 1826 τὴν
3521 1779 3568 1835 ρι
3600 1759 3742 1816 συλ-

2174 1839 2347 1912 λαὸὴν
2392 1839 2726 1912 δασύνουσιν,
2752 1839 2822 1898 ἵν’
2857 1831 2892 1921 ᾖ
2919 1839 3159 1920 λαρινοὺς
3185 1839 3302 1908 τοὺς
3329 1843 3738 1925 μεγαλορίνους·

2178 1929 2274 1989 Ἐν
2305 1926 2360 1987 δὲ
2387 1932 2451 2007 τῇ
2482 1925 2687 2009 Χαονίᾳ
2726 1928 2853 2009 φασὶ
2895 1926 3154 1995 τοιούτους
3193 1919 3325 1988 εἶναι
3351 1934 3499 2007 βοῦς,
3527 1931 3612 1999 οὒς
3645 1941 3745 1992 καί

2181 2015 2490 2098 Κεστρινοὺς
2516 2017 2782 2076 καλοῦσιν.
2820 2014 3038 2083 Ἄλλως.
3070 2014 3206 2084 Τοὺς
3243 2016 3297 2075 δὲ
3330 2017 3746 2097 Ἤπειρωτικοὺς

2182 2109 2303 2184 βοῦς
2330 2102 2465 2164 οὕτω
2491 2102 2729 2180 λέγουσιν
2752 2102 2857 2162 ἀπό
2884 2127 3017 2171 τινος
3041 2102 3272 2184 Λαρίνου
3307 2106 3561 2183 βουκόλου
3578 2152 3597 2183 ,
3627 2130 3744 2165 πα·

2181 2189 2494 2272 ραλαὸόντος
2522 2189 2670 2271 παρὰ
2697 2189 3022 2271 Ἡρακλέους
3052 2190 3145 2258 τὰς
3173 2193 3437 2271 Γηρυόνου
3469 2198 3619 2272 βοῦς,
3647 2195 3743 2253 καὶ

2180 2276 2457 2358 θρέψαντος
2476 2278 2546 2344 εἷς
2572 2276 2790 2345 εὐεξίαν.

2259 2367 2341 2424 Cf.
2387 2367 2586 2424 Suidas
2618 2386 2632 2423 ε
2665 2362 2932 2446 Λαρινοὶ
2962 2363 3129 2443 βόες,
3158 2367 3205 2423 οἳ
3233 2366 3282 2422 ἐν
3317 2364 3590 2445 Ἠπείρῳ,
3635 2366 3742 2426 ἀπὸ

2181 2450 2406 2532 Λαρίνου
2429 2453 2682 2531 βουκόλου
2695 2497 2712 2526 ,
2737 2452 3020 2533 κλέψαντος
3038 2450 3131 2518 τὰς
3149 2450 3473 2530 Ἡρακλέους
3500 2458 3651 2531 βοῦς,
3669 2457 3742 2522 ὥς

2180 2537 2350 2607 Λύκος
2377 2541 2404 2597 ὁ
2428 2539 2693 2619 Ῥηγῖνος,
2711 2537 2797 2599 ὅτε
2812 2538 2903 2607 τὰς
2923 2538 3184 2621 Γηρυόνου
3205 2543 3326 2619 βοῦς
3343 2538 3542 2612 ἤλαυνε
3558 2565 3572 2578 ·
3605 2542 3744 2622 Πρό-

2183 2625 2316 2696 ξενος
2347 2627 2424 2704 δὲ,
2455 2628 2608 2688 αὐτὸν
2638 2628 2726 2688 τὸν
2758 2628 3025 2710 Ἡρακλέα
3053 2625 3251 2689 ἀνεῖναί
3283 2651 3431 2699 τινας
3454 2631 3744 2712 τῷΛωὸω·

2180 2714 2310 2796 ναίῳ
2331 2715 2439 2776 Διί·
2465 2716 2846 2797 Ἀπολλόδωρος
2869 2716 2925 2774 δὲ
2953 2706 3019 2775 αὖ
3042 2717 3159 2784 τοὺς
3191 2719 3458 2800 εὐτραφεῖς
3483 2724 3743 2802 λαρινούς·

2180 2801 2464 2883 λαρινεύειν
2487 2805 2591 2884 γὰρ
2611 2803 2670 2864 τὸ
2698 2803 2936 2864 σιτεύειν.
2965 2808 3199 2864 Photius
3211 2826 3253 2866 S.
3276 2828 3356 2878 v.;
3387 2813 3636 2871 Eustath.
3659 2815 3740 2870 ad

2183 2894 2250 2948 11.
2278 2913 2339 2969 p.
2379 2893 2525 2961 1243
2547 2935 2563 2965 ‚
2610 2914 2710 2972 11,
2738 2894 2811 2952 ad
2838 2895 3033 2971 Odyss.
3061 2915 3121 2972 p.
3169 2896 3349 2967 1383,
3403 2918 3452 2957 1.
3490 2902 3749 2958 AElianus

2184 2984 2325 3039 nist.
2352 2986 2463 3041 An.
2492 2984 2641 3056 XII,
2689 3004 2750 3039 11
2787 3000 2803 3040 ε
2833 2980 3092 3057 Μέγιστος
3118 2981 3171 3040 δὲ
3201 2975 3263 3055 ἦν
3293 2983 3396 3063 ἄρα
3441 2989 3575 3064 βοῶν
3600 2978 3748 3055 οὗτος

2185 3065 2491 3148 (Ὀνουφις)
2522 3067 2613 3127 καὶ
2642 3067 2770 3147 ὑπὲρ
2797 3068 2914 3136 τοὺς
2952 3067 3194 3141 Χάονας,
3237 3069 3432 3151 οὕσπερ
3462 3074 3554 3131 καὶ
3581 3076 3746 3153 λαρι-

2183 3151 2296 3220 νοὺς
2322 3156 2540 3213 καλοῦσι
2562 3155 2872 3236 Θεσπρωτοί
2890 3180 2947 3215 τε
2977 3156 3069 3214 καὶ
3094 3156 3420 3238 Ἠπειρῶται
3436 3203 3452 3231 ,
3488 3164 3582 3231 τῆς
3609 3184 3746 3221 σπο-

2187 3251 2278 3321 ρᾶς
2306 3245 2395 3313 τ’ἧς
2425 3245 2525 3301 τῶν
2561 3246 2822 3324 Γηρυόνου
2855 3247 2991 3323 βοῶν
3023 3246 3464 3322 γενεαλογοῦντες.
3496 3252 3747 3309 Hecataei

2185 3331 2302 3390 Mil.
2321 3331 2392 3387 fr.
2410 3333 2549 3407 3493
2565 3335 2887 3390 Aristoteles
2900 3337 2973 3395 H.
2993 3338 3101 3392 An.
3125 3336 3238 3405 111,
3264 3337 3397 3407 16‚7
3413 3358 3429 3405 3
3445 3339 3746 3396 Athenaeus

2184 3421 2291 3489 IX,
2308 3439 2369 3494 p.
2400 3420 2532 3491 376,
2562 3422 2634 3490 B;
2652 3422 2862 3478 Plinius
2882 3425 2954 3479 Η.
2979 3423 3053 3480 N.
3068 3424 3226 3493 vm,
3248 3422 3346 3498 45,
3370 3426 3470 3496 763
3489 3427 3741 3500 Oppian.
3781 3484 3794 3495 ,

2185 3507 2320 3580 Cyn.
2342 3509 2399 3564 11
2414 3552 2430 3578 ‚
2457 3511 2938 3583 1093Apostolius
2955 3511 3040 3565 XI
3054 3548 3072 3580 ,
3093 3530 3162 3583 77
3178 3532 3195 3582 3
3213 3512 3405 3586 steph.
3426 3515 3591 3570 Thes.
3617 3534 3665 3571 s.
3683 3535 3741 3575 v,

2186 3624 2262 3636 —
2293 3595 2489 3650 Verbis
2516 3591 2603 3650 ἐπὶ
2633 3601 2746 3660 ταῖς
2775 3592 2903 3674 πρὸς
2942 3594 3080 3670 Ἀλ.,
3116 3598 3267 3654 idem
3299 3601 3433 3673 Lyci
3473 3599 3743 3677 Βουθῆρου

2187 3700 2328 3755 opus
2341 3681 2670 3757 significari,
2689 3683 2847 3757 quod
2866 3684 3065 3761 fragm.
3089 3705 3111 3740 1
3134 3687 3357 3754 citatur,
3380 3705 3497 3743 non
3516 3687 3741 3749 dubito.

2186 3771 2467 3841 Quaeritur
2487 3771 2774 3843 quodnam
2798 3772 2988 3829 suerit.
3035 3776 3118 3829 De
3149 3775 3397 3830 Historia
3433 3776 3744 3832 Alexandri

2187 3858 2373 3931 Magni
2425 3859 2694 3932 cogitavit
2745 3858 3050 3915 Creuzerus
3096 3862 3246 3917 Hisc.
3287 3863 3467 3915 Kunst
3497 3879 3558 3935 p.
3600 3861 3738 3929 361..

2187 3944 2354 4016 Quod
2379 3962 2547 4017 quam
2573 3946 2643 4000 sit
2669 3947 2789 4001 veri
2816 3946 3078 4003 dissimile
3105 3949 3302 4003 monui
3331 3949 3389 4003 in
3418 3949 3641 4004 Praesat.
3665 3950 3742 4006 ad

2190 4033 2463 4106 Scriptor.
2487 4033 2624 4088 Rer.
2650 4034 2811 4091 Alex.
2855 4053 2918 4109 p.
2963 4038 3026 4091 V.
3057 4035 3337 4108 Equidem
3375 4038 3741 4110 cogitaverim

2191 4118 2262 4174 de
2306 4120 2554 4175 Historia
2594 4120 2970 4195 expeditionis
3006 4122 3212 4177 Italicae
3258 4121 3566 4179 Alexandri
3605 4125 3742 4198 Epi-

2189 4217 2352 4274 rotae,
2376 4205 2635 4279 adeoque
2654 4225 2746 4281 ap.
2762 4209 2939 4264 schol.
2961 4208 3130 4267 Arist.
3149 4210 3530 4284 rescripserim
3549 4211 3602 4267 ἐν
3627 4213 3742 4277 ταῖς

2187 4290 2306 4368 περὶ
2333 4288 2662 4372 Ἀλέξανδρον
2689 4314 2768 4350 sc.
2786 4292 3054 4373 ἱστορίαις.
3081 4296 3413 4370 Quanquam
3433 4297 3740 4373 frag-menta

2187 4380 2259 4436 ad
2282 4392 2673 4455 argumentum
2691 4382 2803 4438 hoc
2829 4383 2983 4439 haud
3020 4384 3281 4457 proxime
3302 4384 3612 4458 pertinent.
3643 4388 3742 4441 Sin

2187 4469 2467 4524 veriorem
2487 4469 2710 4523 titulum
2739 4468 2948 4527 indicat
2970 4471 3275 4526 scholiastae
3303 4472 3490 4541 locus,
3520 4484 3742 4527 utrum-

2187 4638 2303 4689 dicit
2321 4653 2495 4690 nomen
2509 4640 2687 4691 habere
2703 4655 2730 4690 a
2752 4642 2920 4692 Larino
2937 4642 3145 4706 quodam
3163 4642 3374 4692 bubulco
3392 4644 3492 4706 (qui
3511 4646 3744 4706 Geryonis

2189 4717 2336 4768 boves
2352 4719 2413 4768 ab
2431 4719 2635 4770 Hercule
2651 4721 2888 4783 acceperit
2906 4720 3008 4785 [rel
3030 4722 3214 4770 furatus
3229 4720 3328 4785 sit]
3345 4724 3395 4771 et
3425 4722 3603 4771 eximie
3619 4722 3744 4771 alue-

2187 4794 2289 4857 rit).
2321 4798 2443 4846 Sunt
2463 4798 2624 4846 tamen
2647 4796 2730 4860 qui
2749 4810 2833 4847 eos
2854 4810 2883 4846 a
2916 4797 3048 4862 λάρος
3082 4798 3100 4859 ί
3114 4798 3296 4847 marina
3314 4798 3458 4859 avi?)
3489 4800 3560 4848 sic
3589 4798 3746 4848 dictos

2187 4885 2289 4922 csse
2319 4873 2493 4936 velint3
2514 4873 2591 4923 alii
2609 4876 2772 4923 autem
2790 4873 3020 4937 syllabam
3051 4890 3095 4937 ρι
3115 4887 3226 4923 cum
3245 4874 3414 4936 spiritu
3433 4886 3604 4937 aspero
3625 4877 3744 4924 scri·

2188 4950 2336 5013 bunt,
2356 4954 2413 5001 ut
2439 4950 2644 5015 λαρίνους
2660 4951 2722 5002 sit
2741 4951 2867 5002 idem
2895 4952 3023 5016 quod
3044 4952 3368 5015 μεγαλορίνους
3391 4954 3599 5015 (magno
3628 4966 3747 5002 naso

2187 5027 2443 5092 praeditos)
2467 5048 2480 5079 ι
2505 5028 2769 5091 cuiusmodi
2793 5029 2939 5080 boves
2963 5029 3013 5079 in
3044 5029 3255 5080 chaonia
3279 5041 3380 5079 eme
3407 5028 3601 5091 dicunt,
3622 5042 3750 5092 quos

2188 5105 2333 5155 etiam
2354 5105 2596 5157 Cestrinos
2617 5107 2808 5156 vocant.

2114 5262 2225 5315 3ῖο
