4016 5916
576 505 1876 642 NYMPHODORUS
1963 505 3211 651 SYRACUSANUS.

368 972 811 1048 Nymphodoros
830 972 1004 1046 vulgo
1030 967 1098 1046 Γ)
1125 970 1474 1046 distinguunt
1496 971 1668 1040 duoS,
1685 973 1844 1045 Syra·

292 1080 563 1121 cusanum
600 1071 655 1116 et
691 1060 1135 1134 Amphipolitam
1180 1078 1194 1114 τ
1237 1060 1319 1114 illi
1374 1059 1630 1114 tribuunt
1673 1059 1850 1113 libros

292 1145 430 1227 ssepi
458 1149 560 1203 τῶν
590 1148 643 1202 ἐν
681 1143 898 1223 Σικελίᾳ
918 1142 1320 1221 θαυμαζομένων
1341 1157 1397 1202 et
1424 1142 1749 1222 Περίπλουν,
1778 1144 1851 1199 ad

291 1237 445 1293 hunc
479 1235 730 1290 referunt
766 1252 910 1306 opus
946 1230 1080 1311 ssepi
1114 1232 1350 1308 νομίμων
1394 1230 1745 1310 βαρὸαρικῶν.
1782 1231 1853 1287 Id

292 1343 433 1380 num
460 1332 612 1378 recte
631 1320 728 1377 fiat
748 1321 972 1377 dubito.
1001 1326 1349 1395 Argumenta
1374 1321 1655 1377 librorum
1671 1361 1687 1389 ,
1711 1337 1853 1392 quos

293 1410 475 1467 modo
508 1409 656 1478 dixi,
686 1418 751 1463 ut
778 1410 927 1463 inter
958 1426 1017 1463 se
1058 1405 1366 1477 simillima,
1397 1409 1475 1462 sic
1507 1407 1578 1462 ab
1611 1425 1726 1461 uno
1755 1423 1852 1461 eo-

297 1500 542 1572 demque
562 1496 976 1570 Nymphodoro
1000 1506 1231 1551 tractata
1249 1513 1362 1550 esse
1375 1497 1643 1568 suspicor.
1668 1493 1853 1550 Statui

295 1589 489 1660 itaque
514 1586 690 1659 possit
716 1582 1189 1657 Nymphodorum
1213 1583 1492 1655 Syracusis
1512 1593 1707 1637 natum
1728 1581 1849 1636 diu·

300 1676 410 1731 tius
437 1673 649 1747 degisse
672 1671 1020 1745 Amphipoli.
1045 1670 1157 1726 Sed
1181 1670 1353 1725 altera
1372 1671 1537 1724 etiam
1567 1669 1734 1725 datur
1762 1688 1857 1722 ra-

301 1763 405 1818 tio·
432 1761 653 1816 Etenim
674 1760 853 1835 Νυμφ.
882 1759 910 1814 δ
938 1753 1343 1835 Ἀμφιπολίτης,
1367 1774 1536 1828 quem
1564 1757 1659 1809 uni
1684 1755 1855 1809 debc-

298 1869 425 1906 mus
451 1850 581 1904 loco
609 1848 906 1905 Clementis
934 1846 1038 1922 (fr.
1070 1844 1213 1920 20),
1246 1845 1504 1919 primitus
1532 1844 1700 1899 suerit
1728 1842 1796 1898 N.
1831 1843 1858 1897 ὁ

303 1933 593 2016 ἀμφίπολος
611 1954 687 1993 sc.
713 1931 833 1998 Διὸς
851 1930 1164 2008 Ὀλυμπίου.
1202 1932 1468 1988 Similiter
1488 1930 1859 1985 Philochorus

304 2027 413 2083 suit
436 2022 618 2100 μάντις
643 2020 733 2079 καὶ
756 2018 1079 2100 ἱεροσκόπος.
1114 2022 1199 2076 De
1229 2016 1606 2093 amphipolia‚
1637 2036 1856 2072 summo

303 2113 457 2190 apud
506 2113 878 2184 Syracusanos
930 2109 1281 2182 magistratu,
1349 2124 1518 2179 quem
1562 2104 1860 2158 Timoleon

309 2201 394 2277 (a.
428 2200 539 2266 343
572 2217 624 2256 a.
651 2200 713 2255 C.
740 2193 1129 2274 )instituerat,
1156 2194 1286 2249 vide
1305 2192 1546 2251 Diodor.
1575 2193 1790 2261 XV1‚7

308 2290 346 2344 6
366 2299 422 2345 et
449 2287 644 2344 Ebert.
683 2287 743 2340 in
774 2284 923 2339 libro
947 2276 1199 2341 Σικελιών
1228 2282 1496 2355 inscripto
1520 2299 1577 2352 p.
1609 2297 1713 2333 122
1735 2297 1858 2353 sqq.

305 2379 504 2449 Neque
538 2392 676 2430 vero
721 2374 966 2428 alienum
1012 2390 1045 2426 a
1086 2370 1266 2426 Sicula
1315 2367 1859 2442 Nymphodororum

308 2464 516 2521 familia
544 2463 652 2518 tale
674 2479 877 2516 munus
901 2459 1093 2527 fuisse,
1116 2477 1186 2513 ex
1212 2457 1711 2532 Agrigentinorum
1736 2475 1861 2529 pse·

308 2553 581 2627 phismate
609 2549 844 2622 colligo,
865 2544 1021 2620 qnod
1043 2534 1309 2617 scriptum
1335 2554 1415 2598 est
1438 2540 1542 2599 ἐπὶ
1565 2539 1863 2620 ἱεροθύτα

312 2632 776 2718 Νυμφοδώρου
805 2636 915 2690 τοῦ
941 2627 1246 2694 Φίλωνος
1272 2629 1353 2704 (v.
1381 2631 1603 2687 Gruter.
1635 2650 1696 2703 p.
1727 2637 1860 2694 ἀοι,

309 2728 508 2783 Ebert.
538 2727 577 2784 l.
608 2723 648 2782 l.
678 2741 736 2797 p.
770 2721 877 2777 130
908 2732 964 2776 et
991 2721 1049 2774 in
1069 2720 1211 2777 Diss.
1243 2719 1409 2775 Sicul.
1439 2738 1501 2792 p.
1547 2719 1679 2776 158.
1712 2715 1741 2746 ⁸
1770 2713 1860 2795 ⁴²).

312 2816 471 2873 Alius
499 2810 976 2888 Nymphodorus,
1008 2807 1214 2863 nobilis
1250 2807 1369 2862 sine
1408 2805 1586 2861 dubio
1624 2807 1863 2880 Syracu-

312 2921 506 2975 sanus,
555 2899 875 2957 Dinocratis
927 2895 1155 2952 exulum
1196 2895 1673 2968 Syracusanorum
1709 2892 1868 2950 ducis

314 2991 601 3048 familiaris
641 2999 695 3044 et
736 2988 953 3054 socius,
993 2984 1093 3057 qui
1134 2982 1631 3056 Centoripinorum
1666 2983 1867 3037 urbem

315 3078 642 3155 Agathoclis
682 3074 943 3150 praesidio
979 3070 1254 3127 firmatam
1298 3089 1627 3147 oppugnans
1663 3070 1868 3125 cecidit

319 3164 339 3247 (
366 3167 477 3223 312
504 3184 556 3225 a.
585 3166 650 3222 C.
666 3160 703 3239 )‚
736 3172 1085 3219 memoratur
1111 3177 1142 3214 a
1169 3157 1429 3213 Diodoro
1459 3154 1865 3237 (xlx,103).

396 3254 610 3309 vixisse
650 3248 1140 3346 Nymphodorum·
1156 3242 1405 3320 Philippi
1437 3245 1526 3299 vel
1563 3244 1869 3301 Alexandri

319 3340 670 3414 temporibus
699 3338 888 3393 statuit
913 3336 1100 3391 Ebert.
1125 3335 1184 3388 in
1210 3334 1352 3389 Diss.
1384 3334 1491 3388 Sic.
1518 3332 1557 3386 1.
1594 3332 1633 3386 l.
1659 3333 1869 3386 Verum

324 3428 741 3503 argumentatio
780 3426 886 3479 viri
929 3423 1227 3479 doctissimi
1273 3420 1642 3475 fundamento
1675 3420 1872 3473 nititur

322 3516 686 3572 debilissimo.
718 3514 940 3569 Scilicet
973 3512 1242 3585 persuasit
1294 3509 1400 3564 sibi
1427 3509 1665 3563 Ebertus
1695 3508 1871 3580 Nym-

323 3604 654 3679 phodorum
684 3622 769 3657 τον
802 3594 1203 3672 θαυματοποιον,
1238 3596 1394 3668 cujus
1433 3597 1601 3651 Duris
1656 3593 1762 3669 (fr.
1796 3599 1867 3659 44

324 3692 425 3746 ubi
443 3688 606 3764 vide)
633 3707 721 3761 ap.
744 3687 1109 3742 Athenaeunil
1125 3704 1221 3758 ,.p
1246 3703 1334 3758 19,
1348 3685 1414 3753 F,
1440 3679 1871 3737 mentionemsa-

298 3779 432 3847 ·cit,
462 3774 703 3832 eundem
738 3792 849 3829 esse
876 3792 1004 3828 cum
1040 3791 1144 3842 eo,
1183 3772 1281 3844 qui
1310 3769 1382 3824 de
1405 3769 1601 3825 Siciliae
1650 3767 1867 3838 scripsit

321 3864 626 3922 miraculis,
673 3863 854 3962 Quam
907 3861 1232 3935 opinionem
1276 3856 1491 3912 dudum
1548 3853 1875 3910 refellerunt

322 3953 782 4010 Westermannus
830 3950 892 4004 in
943 3947 1104 4005 Praef.
1174 3945 1246 4001 ad
1306 3946 1533 4018 Scriptt.
1593 3941 1871 3999 Paradox.

324 4059 389 4116 p.
445 4040 699 4100 XXXIV
754 4049 811 4094 et
881 4037 1208 4093 Hiillmann.
1269 4032 1340 4088 ad
1397 4032 1592 4106 fragm.
1645 4028 1875 4085 Duridis

323 4146 385 4202 p.
415 4128 545 4186 130.
572 4158 650 4170 —
675 4130 892 4183 Auctor
909 4124 1300 4179 Institutorum
1321 4120 1751 4175 Barbaricorum
1772 4115 1874 4170 sub

323 4216 627 4272 Ptolemaeo
676 4211 1046 4284 Philadelpho
1099 4209 1375 4281 scripsisse
1434 4206 1572 4259 mihi
1626 4203 1872 4259 videtur.

389 4393 761 4457 (*)Vossins}1.
783 4395 870 4442 Gr.
892 4404 941 4453 p.
964 4388 1151 4439 10¹7ssed.
1169 4388 1457 4444 westermq
1474 4381 1740 4433 Weicbert.
1764 4379 1876 4430 Leb.

329 4464 550 4528 d-Apolt.
580 4464 673 4513 Βῆ.
692 4475 738 4525 p.
763 4467 874 4523 259,
889 4474 938 4510 ιι.
956 4465 1065 4509 3³1.
1088 4459 1250 4508 Ebert.
1268 4455 1534 4506 innissert.
1558 4451 1704 4503 sicul.
1721 4465 1769 4514 p.
1792 4454 1877 4501 154

322 4548 455 4600 sqq„
474 4534 559 4584 ubi
582 4535 847 4597 fragmenta
863 4535 922 4583 N.
948 4529 1097 4582 Siculi
1119 4527 1327 4590 collegit.

1939 973 2078 1026 Nam
2106 981 2228 1045 quae
2257 972 2324 1028 sr.
2361 991 2434 1028 20
2464 972 2536 1028 de
2559 973 2827 1047 Sarapide
2861 975 3146 1050 leguntur,
3173 977 3376 1052 scripta
3405 999 3497 1037 vix

1939 1070 2067 1114 sunt
2100 1070 2396 1134 antequam
2433 1060 2576 1115 sama
2611 1060 2774 1132 hujus
2815 1062 3059 1116 numinis
3106 1080 3139 1118 a
3188 1063 3492 1122 Ptolemaeo

1940 1149 2136 1203 Sotere
2181 1149 2415 1204 instituti
2437 1149 2854 1220 percrebuerit3
2873 1150 2943 1204 ab
2962 1150 3132 1205 altera
3145 1163 3306 1224 parte
3328 1154 3492 1227 Nym-

1940 1234 2239 1307 phodorus
2301 1236 2518 1308 scripsit
2579 1247 2705 1290 ante
2765 1237 3165 1310 Apollonium·
3151 1280 3167 1312 ,
3231 1239 3494 1298 videlicet

1942 1323 2247 1378 Scholiasta
2290 1322 2361 1378 ad
2406 1323 2593 1395 Apoll.
2638 1323 2750 1377 Rh.
2797 1324 2868 1378 fr.
2925 1341 2992 1394 ις’
3029 1323 3224 1380 dicit·
3211 1368 3224 1380 .
3263 1322 3330 1390 ὥς
3373 1349 3498 1406 φησι

1946 1407 2330 1519 Νυμφόδωρος,
2363 1398 2407 1488 ω
2445 1409 2576 1477 ἠκολ
2579 1408 2763 1479 ούθησε
2798 1411 2884 1465 vel
2930 1429 3037 1467 sec.
3080 1411 3212 1467 cod.
3263 1413 3385 1469 Pal
3371 1436 3495 1475 ism

1942 1486 1987 1575 ῳ
2026 1497 2168 1553 δοκεῖ
2199 1495 2605 1567 ἠκολουθηκέναι
2636 1500 2652 1573 (
2673 1495 3072 1576 Ἀπολλωνιος).
3106 1502 3242 1572 Quae
3284 1504 3496 1560 etiamsi

1945 1605 1978 1642 e
2017 1586 2342 1658 conjectura
2373 1589 2554 1660 posita
2580 1589 2721 1656 sint,
2758 1588 3053 1644 admittere
3103 1599 3284 1644 tamen
3320 1594 3500 1665 conje-

1946 1685 2162 1728 cturam
2190 1686 2319 1729 aetas
2340 1675 2626 1747 scriptoris
2648 1674 2860 1730 debuit.
2878 1677 3137 1749 Denique
3165 1695 3196 1732 e
3223 1677 3289 1734 fr.
3314 1699 3346 1734 a
3379 1683 3502 1736 col-

1948 1761 2170 1835 ligimus
2197 1761 2670 1836 Nymphodorum
2716 1763 2927 1817 librum
2967 1765 3052 1819 De
3091 1765 3290 1820 Siciliae
3333 1768 3501 1823 rebus

1946 1849 2299 1904 mirabilibus
2326 1850 2601 1922 scripsisse
2627 1860 2754 1923 post
2796 1869 2965 1923 quam
2995 1852 3325 1908 Theocritus
3355 1855 3502 1928 idyl-

1948 1937 2115 2004 lium,
2143 1935 2302 2009 quod
2330 1938 2576 2009 primum
2599 1937 2656 1990 in
2683 1936 3023 1991 editionibus
3045 1940 3247 1993 nostris
3276 1941 3499 2015 legitur,

1951 2035 2368 2097 composuerat.
2415 2025 2631 2081 Certius
2661 2024 2876 2098 aliquid
2906 2027 3163 2098 exputari
3205 2040 3421 2100 posset,
3453 2032 3497 2084 si

1950 2111 2181 2184 quidem
2199 2124 2477 2168 constaret
2492 2111 2563 2168 de
2578 2111 2892 2167 defectione
2907 2131 3194 2169 servorum
3213 2117 3503 2190 Chiorum,

1951 2218 2075 2272 quae
2113 2201 2305 2274 paullo
2340 2213 2467 2256 ante
2495 2200 2889 2274 Nymphodori
2927 2219 3106 2254 aevum
3138 2201 3358 2281 (μικρὸν
3403 2204 3505 2282 πρὸ

1948 2288 2102 2362 ἡμῶν
2131 2289 2204 2346 fr.
2245 2310 2266 2344 1
2285 2308 2316 2344 2
2348 2287 2506 2364 init.)
2540 2288 2803 2343 accidisse
2831 2299 3111 2346 narratur.

2030 2371 2118 2432 Τὰ
2149 2374 2202 2430 ἒν
2246 2372 2460 2452 Σικελία
2502 2371 2905 2449 θαυμαζόμενα,
2934 2377 2976 2430 si
3013 2376 3280 2431 Ebertum
3312 2378 3504 2435 audia-

1952 2481 2106 2532 mus,
2137 2482 2254 2517 non
2276 2463 2562 2536 peculiare
2587 2465 2997 2518 constituerunt
3036 2482 3211 2537 opus,
3241 2465 3338 2519 sed
3375 2485 3505 2540 pars

1952 2549 2110 2605 fuere
2130 2550 2353 2625 Peripli.
2380 2552 2492 2606 Res
2519 2551 2908 2620 incertissima,
2933 2570 3036 2605 nec
3064 2552 3371 2624 quidquam
3400 2555 3504 2606 im·

1952 2637 2113 2709 pedit
2129 2637 2430 2710 quominus
2452 2655 2580 2691 cum
2609 2637 3036 2692 W’Vestermanno
3055 2636 3504 2714 (1.1.p.xxXV)

1953 2733 2156 2778 statuas
2175 2723 2675 2797 Nymphodorum,
2696 2725 2795 2778 etsi
2817 2725 3088 2779 nonnulla
3107 2721 3308 2779 Siciliae
3337 2727 3507 2779 mira-

1953 2811 2092 2866 bilia
2122 2812 2181 2866 in
2199 2812 2426 2885 Periplo
2445 2812 2648 2885 passim
2671 2812 2958 2884 attigisset,
2979 2810 3127 2865 idem
3144 2824 3311 2884 caput
3338 2831 3507 2867 accu-

1955 2902 2128 2955 ratius
2160 2911 2215 2956 et
2243 2901 2525 2975 copiosius
2547 2899 2696 2953 libro
2722 2898 2989 2973 singulari
3002 2909 3352 2971 persecutum
3376 2917 3507 2956 esse.

1958 3020 2040 3036 -
2078 2989 2363 3063 Periplum
2402 2989 2460 3043 in
2500 2988 2689 3062 plures
2727 2987 2904 3041 libros
2944 2986 3304 3041 distributum
3349 2987 3512 3042 fuisse

1957 3076 2092 3136 inde
2114 3087 2284 3150 patet,
2313 3076 2471 3150 qnod
2495 3074 2759 3130 laudatur
2787 3074 2857 3132 N.
2884 3073 2935 3129 ἐν
2965 3072 3246 3150 Περίπλοις
3275 3072 3374 3148 (fr.
3404 3076 3510 3147 ιιι)

1960 3175 2017 3220 et
2035 3161 2278 3228 ἔνἈσίας
2291 3159 2528 3241 περίπλῳ
2547 3159 2645 3238 (fr.
2678 3180 2776 3231 ιο,
2809 3179 2831 3215 ι
2850 3160 2933 3236 ι).
2966 3162 3186 3235 Fragm.
3218 3178 3283 3215 ια
3311 3162 3516 3218 citatur

1958 3253 2033 3313 N.
2057 3250 2108 3308 ἕν
2138 3247 2311 3312 Ἀσίας
2331 3247 2682 3325 παρέπλω.
2712 3247 3061 3320 Quodsihaec
3089 3248 3253 3301 lectio
3272 3250 3512 3321 genuina

1959 3350 2069 3409 est,
2099 3340 2180 3394 uti
2226 3358 2338 3394 esse
2381 3338 2621 3406 videtur,
2650 3339 2789 3392 Asiae
2826 3336 3059 3389 minoris
3100 3346 3314 3389 tantum
3357 3353 3512 3391 oram

1961 3426 2368 3481 occidentalem
2410 3423 2853 3498 Nymphodorus
2900 3422 3270 3477 describendo
3321 3423 3512 3497 legisse

1959 3514 2214 3583 videtur5
2248 3530 2432 3583 neque
2461 3513 2804 3566 contrarium
2834 3528 2903 3564 ex
2927 3508 3248 3581 fragmentis
3278 3507 3514 3563 demon·

1960 3602 2121 3656 strari
2175 3610 2377 3672 potest.
2409 3599 2616 3653 Totum
2649 3598 2820 3669 igitur
2871 3613 3013 3668 opus
3057 3594 3224 3648 suerit
3265 3594 3517 3666 Periplus

1960 3689 2129 3743 maris
2159 3685 2586 3752 Mediterranei,
2632 3683 2906 3755 adjunctis
2939 3681 3167 3736 fortasse
3208 3681 3320 3734 oris
3352 3680 3516 3736 Ponti

1966 3775 2187 3832 Euxini.
2209 3771 2470 3831 Ceterum
2490 3790 2608 3826 non
2629 3785 2739 3824 tam
2759 3769 3140 3845 geographum
3163 3768 3361 3822 Noster
3382 3769 3515 3841 egit,

1965 3880 2136 3935 quam
2165 3861 2532 3934 periegetam.
2569 3859 2756 3911 Homo
2799 3855 2999 3910 doctus
3026 3863 3082 3908 et
3109 3857 3390 3930 curiosus,
3419 3854 3516 3909 sed

1967 3970 1998 4004 a
2027 3950 2175 4003 titiis
2201 3949 2286 4003 sui
2314 3948 2414 4001 aevi
2443 3946 2672 3999 minime
2700 3944 2864 4000 liber.

1969 4260 2152 4321 ΠΕΡΙ
2176 4257 2326 4318 ΤΩΝ
2363 4256 2457 4316 ΕΝ
2497 4253 2808 4338 minim
2847 4249 3518 4312 ΘΑΥΜΑΖΟΜΕΝΩΝ.

2721 4395 2772 4433 1.

2049 4498 2771 4573 AthenaeusX111,p.589,
2796 4500 2888 4553 A:
2914 4490 3330 4572 Νυμφόδωροςδ*
3355 4493 3384 4548 ὁ
3411 4492 3524 4550 Συ-

393 4606 488 4668 (”)
518 4604 769 4668 ῙῦθῦήΡῑῖθ
786 4598 1397 4663 ³¹1“aivfflllmffiDefussffl'e
1416 4595 1624 4655 fldem?
1645 4591 1881 4654 qmbuslss
1974 4612 2244 4671 ρακουσιος
2271 4589 2324 4646 ἐν
2342 4591 2414 4666 τῷ
2438 4584 2567 4664 Περὶ
2595 4587 2697 4643 τῶν
2727 4585 2778 4640 ἐν
2810 4580 3026 4659 Σικελία
3045 4578 3443 4655 θαυμαζομίνων
3474 4578 3525 4646 ἐξ

326 4677 656 4724 Romanorum
679 4673 913 4724 ditionem
930 4668 1199 4730 insulamn
1219 4667 1492 4717 devenerat.
1515 4663 1697 4713 Fabric
1720 4664 1772 4711 B·
1795 4665 1880 4711 Gr.

327 4747 420 4806 lv,
444 4757 492 4806 p.
529 4748 620 4794 753
654 4743 1094 4803 nar1.;·riumann.
1121 4741 1206 4788 Gr.
1233 4739 1456 4787 staalsv.
1478 4747 1529 4797 p
1561 4738 1679 4793 5¹33
1714 4731 1878 4781 Ebert.

327 4820 525 4876 p.158.
562 4818 718 4876 Atque
744 4809 1139 4875 Nymphodorum
1172 4806 1529 4870 Agrigentinum
1552 4804 1785 4853 memorat
1804 4804 1841 4852 c

329 4897 442 4933 cero
462 4885 648 4933 verrin.
670 4888 756 4945 lv,
776 4891 852 4933 22.

1974 4676 2241 4755 Ὑκκάρου
2279 4674 2406 4756 φησὶ
2443 4673 2717 4733 Σικελικοῦ
2755 4670 2996 4749 φρουρίου
3039 4656 3170 4723 εἶναι
3206 4663 3299 4735 τὴν
3332 4660 3518 4724 Ααιδα.

1844 4802 1885 4850 5
1974 4768 2059 4825 Cf.
2125 4767 2355 4822 Polemo
2427 4762 2498 4820 fr.
2561 4768 2656 4827 44.
2714 4754 2990 4833 Ὑκκάρων
3053 4755 3266 4828 corrigi
3330 4757 3513 4810 voluit

1975 4855 2277 4922 meursius,
2302 4854 2420 4907 sine
2449 4868 2630 4905 causa.
2661 4846 2793 4904 vid.
2827 4845 3041 4901 Philist.
3069 4843 3142 4900 fr.
3171 4840 3226 4900 5.

1434 5075 1534 5134 DE
1573 5070 1868 5131 SlClLIAE
1908 5063 2419 5128 MlRABlLlBUS.

396 5257 761 5319 Nymphodorus
778 5260 1105 5322 Syracusanus
1118 5269 1169 5306 m
1185 5255 1308 5307 libro
1322 5257 1391 5307 De
1403 5250 1704 5304 mirabilibus
1720 5248 1892 5300 Sicilioe
1916 5202 2272 5312 refertuidem
2288 5257 2350 5296 ex
2367 5240 2594 5307 nyccnris
2615 5240 2788 5294 Siciliae
2806 5236 2982 5303 oppido
2999 5233 3250 5287 oriundam
3269 5231 3423 5283 fuisso

1885 5360 1995 5411 375
