4016 5916
431 393 543 444 313

426 505 827 572 ἐσπουδακότος·
858 503 992 563 ἀλλὰ
1027 507 1226 582 μᾶλλον
1262 502 1354 570 τὰς
1394 503 1666 582 τοιαύτας,
1690 507 1763 584 τῷ
1791 502 1982 583 πρώτῳ

427 597 546 663 ἔπος
577 593 814 672 ἷαμὸεἷον
844 592 1041 652 εἰπόντι
1068 616 1127 650 το
1151 589 1398 671 ἐχόμενον
1425 589 1643 652 ἕκαστον
1673 590 1863 669 λέγειν,
1893 591 1982 652 καὶ

425 687 501 741 τῶ
529 683 806 764 κεφάλαιον
847 679 1042 738 εἰπόντι
1072 681 1329 738 ἀντειπεῖν
1359 678 1418 737 τὸ
1445 678 1620 759 ἑτέρου
1653 685 1866 751 ποιητοῦ
1905 701 1981 736 τι-

426 792 539 840 νος,
567 770 610 825 εἰ
638 766 734 840 τὴν
764 765 924 837 αὐτὴν
952 757 1068 824 εἶπε
1097 763 1335 872 γνώμην·
1360 763 1436 823 ἔτι
1478 765 1533 824 δὲ
1567 765 1626 823 λε’
1603 789 1733 842 εγειν
1763 765 1982 825 ἕκαστον

430 856 681 934 ἰαμὸεἶον.
739 854 881 935 Πρός
931 877 988 912 τε
1032 853 1228 921 τούτοις
1274 852 1492 912 ἕκαστον
1542 855 1702 912 εἰπεῖν
1743 852 1946 913 ὅσων
1920 873 1982 910 αν

428 946 733 1023 προσταχθῇ
770 941 1042 1000 συλλαὸῶν
1073 939 1343 1020 ἔμμετρον·
1378 941 1467 999 καὶ
1506 940 1584 999 όσ’
1623 940 1725 1000 ἀπὸ
1758 947 1849 1013 τῆς
1879 945 1981 1000 τῶν

427 1032 755 1114 γραμμάτων
784 1029 874 1088 καὶ
904 1030 1233 1089 συλλαόῶν’
1206 1053 1385 1111 εχεται
1415 1030 1647 1109 θεωρίας.
1675 1029 1956 1107 Ὁμοίως
1928 1028 1983 1087 οὲ

428 1128 531 1185 τοῖς
557 1117 842 1200 εἰρημένοις
861 1117 1111 1195 ἡγεμόνος
1136 1117 1357 1176 ἑκάστου
1385 1116 1608 1192 λέγειν’
1577 1141 1740 1195 ονομα
1769 1121 1871 1176 τῶν
1895 1117 1983 1175 ἐπὶ

429 1206 622 1285 Τροίαν
668 1198 704 1278 ἢ
746 1209 847 1265 τῶν
882 1204 1097 1286 Τρώων·
1126 1204 1217 1264 καὶ
1243 1205 1505 1311 πόλεως’
1474 1229 1640 1293 ονομα
1681 1209 1784 1264 τῶν
1819 1208 1873 1264 ἐν
1918 1209 1982 1282 τῇ

430 1293 618 1374 Ἀσία
604 1293 768 1369 Λέγειν
795 1290 898 1352 ἀπὸ
926 1298 1014 1352 τοῦ
1042 1291 1269 1359 δοθέντος
1298 1292 1643 1372 γράμματος,
1673 1291 1758 1349 τὸν
1790 1291 1833 1348 δ’
1865 1291 1981 1368 ἐχό-

431 1402 584 1456 μενον
612 1384 714 1440 τῶν
738 1382 790 1439 ἐν
817 1384 883 1457 τῇ
917 1377 1173 1459 Εὐρώπῃ,
1193 1404 1282 1438 και
1310 1378 1425 1445 τους
1454 1377 1662 1444 λοιπους
1686 1375 1982 1448 ἐναλλάξαι,

433 1466 493 1526 ἄν
523 1491 578 1527 τε
608 1462 964 1539 Ἑλληνίδος”
932 1491 993 1525 αν
1024 1490 1079 1525 τε
1111 1466 1377 1578 βαρόοίρου
1404 1465 1533 1555 τάξῃ
1565 1490 1658 1532 τις.
1687 1466 1853 1525 ‘'ssm
1889 1463 1983 1535 τὴν

431 1554 643 1614 παιδιὰν
685 1554 825 1633 μὴ’
792 1577 1049 1613 ασκεπτον
1090 1545 1249 1614 ουσαν
1287 1552 1570 1632 μηνύματα
1620 1551 1850 1628 γίνεσθαι
1892 1557 1985 1622 τῆς

431 1641 653 1701 ἑκάστου
679 1641 807 1722 πρὸς
825 1640 1065 1700 παιδείαν
1090 1639 1418 1712 οἰκειότητος.
1449 1639 1568 1720 Ἐφ’
1596 1630 1668 1705 οἷς
1692 1629 1845 1698 αθλον
1879 1638 1986 1697 ἐτί-

432 1733 586 1787 θεσαν
610 1727 858 1803 στέφανον
885 1728 974 1787 καὶ
1002 1727 1285 1808 εὐφημίαν,
1306 1719 1379 1794 οἷς
1399 1727 1631 1803 μάλιστα
1653 1724 1987 1804 γλυκαίνεται

432 1815 490 1874 τὸ
515 1819 677 1897 φιλεῖν
704 1816 1032 1888 ἀλλήλους.»
1057 1819 1107 1875 Γ
1110 1837 1244 1873 αυτα
1273 1806 1444 1893 μὲντ
1386 1838 1471 1873 ουν
1498 1813 1766 1895 Κλέαρχος
1787 1811 1981 1894 εἴρηκε.

1163 1931 1260 1998 46.

513 2038 674 2095 Idem
696 2039 829 2107 XV,
823 2057 916 2140 ...P’
944 2056 1076 2108 701,
1102 2038 1180 2094 C:
1204 2033 1474 2113 Κλέαρχος
1496 2038 1523 2092 ὁ
1543 2032 1765 2111 Σολεύς,
1789 2033 1987 2100 οὐδενὸς

433 2118 505 2180 ὢν
531 2121 760 2203 δεύτερος
785 2126 889 2181 τῶν
918 2146 1008 2182 του
1042 2143 1197 2203 σοφου
1223 2119 1605 2201 Ἀριστοτέλους
1633 2124 1910 2197 μαθητῶν,
1934 2122 1984 2178 ἐν

432 2213 507 2290 τῷ
520 2208 754 2290 προτέρῳ
778 2209 910 2291 Περὶ
928 2212 1220 2291 παροιμιῶν
1236 2208 1329 2280 τὴν
1353 2206 1515 2279 Λητώ
1531 2231 1684 2289 φησιν
1707 2210 1767 2266 ἐκ
1786 2209 1905 2269 Χαλ
1908 2209 1986 2265 κί-

433 2296 516 2362 δος
543 2301 633 2367 τῆς
660 2296 881 2363 Εὖόοίας
906 2295 1358 2372 ἀνακομίζουσαν·
1338 2295 1405 2361 εἷς
1426 2293 1654 2374 Δελφούς
1682 2294 1985 2355 Ἀπόλλωνα

434 2382 525 2439 καὶ
551 2380 828 2461 Ἄρτεμιν,
857 2406 970 2460 γενε
949 2381 1094 2440 ἷσθαι
1124 2381 1269 2463 παρὰ
1293 2406 1350 2441 το
1380 2406 1468 2440 του
1499 2383 1771 2452 κληθέντος
1798 2380 1985 2441 Πύθω-

434 2491 515 2536 νος
539 2469 813 2539 σπήλαιον.
846 2469 953 2530 Καὶ
978 2468 1259 2549 φερομένου
1283 2493 1371 2528 του
1398 2468 1690 2535 Πύθωνος’
1667 2470 1748 2526 επ’
1778 2468 1986 2539 αὐτους,

426 2558 468 2625 ἡ
514 2554 704 2634 Λητὼ,
749 2560 852 2614 τῶν
900 2557 1101 2614 παίδων
1147 2579 1233 2613 τον
1274 2555 1446 2636 ἕτερον
1487 2557 1537 2613 ἐν
1578 2579 1692 2622 ταις
1737 2555 1907 2631 αγκά)
1910 2579 1989 2622 αις

436 2640 657 2721 ἔχουσα,
686 2643 964 2721 προσὸασα
1010 2667 1083 2723 τῳ
1110 2642 1237 2723 λίθῳ
1276 2648 1352 2701 τῶ
1385 2667 1473 2702 νυν
1502 2641 1577 2701 ἔτι
1623 2642 1847 2724 κειμένῳ
1888 2641 1989 2700 ὑπὸ

435 2733 510 2810 τῷ
535 2730 658 2790 ποδὶ
684 2735 776 2803 τῆς
801 2731 1003 2809 χαλκῆς
1031 2703 1371 2808 εἰργασμένης
1398 2717 1600 2801 Λητους
1619 2775 1635 2804 ,
1671 2729 1729 2808 (ὃ
1751 2735 1845 2801 τῆς
1872 2743 1988 2788 τοτε

436 2815 667 2895 πράξεως
708 2817 925 2894 μίμημα
958 2815 1229 2896 γενόμενον
1262 2816 1529 2874 ἀνάκειται
1553 2815 1699 2898 παρὰ
1728 2817 1820 2887 τὴν
1845 2819 1985 2873 πλα-

438 2982 544 3033 hoec
578 2997 772 3046 prorsus
802 2984 942 3044 talia,
979 2986 1033 3032 ut
1064 2982 1121 3032 iis
1147 2984 1433 3033 conveniant
1464 2984 1735 3034 hominibus
1765 2985 1848 3047 qui
1874 2984 1989 3034 Phi·

438 3057 622 3110 laenidis
655 3062 705 3110 et
739 3060 1029 3109 Archestrati
1069 3059 1256 3121 scriptis
1283 3060 1503 3110 innutriti
1538 3065 1677 3123 sunt,
1713 3064 1762 3109 et
1798 3062 1992 3111 omnino

437 3136 730 3199 gastrologiis
752 3136 809 3197 (i.
833 3148 876 3186 e.
904 3136 961 3186 iis
982 3136 1210 3185 doctrinis
1228 3149 1338 3198 quae
1358 3140 1575 3187 ventrem
1599 3151 1769 3187 curare
1786 3137 1990 3201 docent)

437 3212 556 3263 dant
570 3227 783 3276 operam.
800 3212 891 3264 Sed
911 3214 1029 3264 1³1ae
1047 3216 1205 3276 potius
1223 3214 1511 3276 quaestiones
1520 3215 1634 3263 olim
1646 3214 1992 3278 proponebant.

442 3292 704 3353 Postquam
747 3290 932 3353 primus
974 3304 1165 3339 ιειειιιιι
1211 3289 1420 3352 aliquem
1471 3290 1698 3353 dixisset,
1740 3292 1992 3341 tenebatur

438 3366 642 3431 quisque
658 3366 815 3417 dicere
840 3380 1029 3418 versum
1062 3370 1367 3430 sequentem;
1388 3369 1469 3417 aut
1496 3367 1536 3417 si
1568 3368 1677 3431 quis
1696 3369 1880 3431 primus
1904 3369 1993 3418 ali-

438 3459 586 3510 quem
609 3447 771 3496 locum
811 3459 1116 3496 communem
1155 3449 1212 3508 (e
1236 3449 1375 3509 poeta
1406 3445 1651 3510 quodam)
1688 3448 1991 3511 protulisset,

437 3525 611 3590 singuli
649 3525 873 3576 dicebant
903 3525 1100 3575 alterius
1128 3524 1377 3587 cujusdam
1408 3529 1564 3588 poetae
1598 3526 1791 3587 locum,
1824 3526 1865 3575 si
1887 3527 1994 3589 quis

437 3603 638 3655 eandem
657 3605 943 3653 sententiam
965 3603 1274 3653 enuntiasset.
1303 3609 1370 3652 Ac
1388 3602 1559 3653 deinde
1578 3604 1752 3667 singuli
1777 3605 1991 3654 iambum

436 3679 582 3729 etiam
605 3679 806 3729 recitare
827 3679 1127 3729 tenebantur.
1147 3679 1218 3729 Ad
1236 3679 1341 3731 boec
1364 3679 1561 3730 recitare
1574 3680 1867 3741 iubebantur
1883 3692 1992 3730 ver·

438 3768 541 3805 sum
573 3769 927 3819 quemcumque
956 3758 1030 3809 tot
1054 3755 1343 3819 syllabarum
1360 3758 1481 3820 quot
1497 3761 1619 3808 asset
1638 3757 1991 3820 praescripmm:

438 3831 554 3882 item
591 3847 909 3896 quaecumque
935 3833 1172 3897 pertinent
1201 3833 1263 3884 ad
1299 3834 1563 3885 litterarum
1596 3837 1683 3886 aut
1703 3835 1993 3896 syllabarum

439 3909 678 3961 notitiam.
700 3911 926 3961 Similiter
951 3911 1245 3973 iubebantur
1270 3913 1465 3961 nomina
1494 3911 1654 3963 dicere
1675 3912 1817 3962 unius
1834 3913 1992 3974 cujns·

439 4001 537 4054 que
554 4000 583 4039 e
604 3988 809 4039 ducibus
826 3991 1108 4039 Graecorum
1128 3990 1189 4039 ad
1214 3991 1440 4054 Troiam,
1464 3992 1588 4042 vele
1607 3990 1809 4041 ducibus
1827 3991 1993 4054 Troja-

440 4078 644 4129 norum5
676 4066 761 4117 aut
792 4065 932 4117 edere
967 4080 1145 4117 nomen
1180 4067 1387 4118 civitatis
1422 4067 1546 4118 Asiae
1575 4081 1604 4117 a
1639 4066 1751 4117 data
1786 4068 1993 4130 quadam

439 4145 631 4196 littera
618 4145 869 4209 incipiem,
893 4147 998 4195 tum
1024 4143 1272 4209 proximus
1298 4146 1544 4196 nominare
1560 4144 1766 4196 debebat
1791 4148 1994 4207 Europa:

440 4220 638 4285 urbem,
656 4223 706 4272 et
723 4222 891 4285 reliqui
920 4236 1004 4285 per
1035 4222 1163 4273 vices
1195 4236 1413 4285 pergere,
1441 4224 1543 4291 sive
1579 4224 1764 4273 Graecae
1791 4222 1997 4273 civitatis

442 4298 546 4349 sive
568 4297 830 4348 barbaricae
850 4312 1025 4349 nomen
1052 4300 1213 4349 suisset
1241 4298 1517 4363 quaesitum.
1540 4301 1709 4361 ltaque
1726 4298 1864 4355 lusus
1881 4299 1993 4361 ille,

441 4388 594 4439 quum
607 4388 704 4425 non
720 4375 1014 4426 inconsultus
1022 4365 1161 4437 esset,
1174 4376 1472 4427 occasionem
1488 4375 1729 4439 praebebat
1738 4374 1997 4438 unicuique

441 4450 719 4502 eruditionis
749 4465 850 4502 suae
869 4453 1107 4514 specimen
1132 4451 1319 4503 edendi.
1342 4454 1403 4503 Et
1425 4452 1677 4515 praemium
1695 4452 1994 4515 propositum

441 4531 544 4580 erat
579 4542 754 4579 corona
785 4532 834 4579 et
873 4529 1106 4592 plausus:
1144 4528 1318 4593 quibus
1350 4529 1493 4580 rebus
1526 4528 1736 4578 maxime
1767 4528 1997 4579 dulcescit

442 4607 613 4658 mutua
634 4607 898 4657 amicitia>
897 4610 1051 4658 ›Haec
1074 4608 1215 4671 igitur
1238 4609 1496 4659 Clearchus
1518 4607 1721 4671 scripsit.

1171 4709 1259 4759 46.

503 4796 763 4847 Clearchus
795 4798 1037 4859 Solensis,
1081 4799 1422 4862 discipulorum
1463 4799 1687 4862 sapientis
1730 4798 1997 4849 Aristotelis

440 4873 563 4925 nulli
579 4874 844 4935 secundus,
865 4875 1019 4937 primo
1040 4877 1164 4926 libro
1182 4880 1255 4928 De
1279 4878 1548 4939 paroemiis,
1572 4880 1877 4938 Latonam,
1899 4877 1992 4938 ait,

441 4963 594 5015 quum
613 4965 676 5002 ex
703 4951 933 5003 Chalcide
962 4952 1160 5003 Euboeae
1183 4949 1451 5017 Apollinem
1475 4956 1525 5005 et
1556 4954 1755 5004 Dianam
1791 4953 1997 5015 Delphos

441 5027 665 5091 duceret,
720 5027 783 5078 ad
836 5028 1065 5092 Pythonis
1117 5029 1204 5093 qui
1245 5032 1448 5080 vocatur
1481 5043 1680 5095 specum
1722 5030 1882 5081 tuisse.
1920 5029 1993 5080 lbi

439 5117 593 5168 quum
624 5105 673 5155 in
714 5107 1002 5168 eosl‘ython
1040 5106 1273 5170 impetum
1300 5108 1504 5171 iaceret,
1531 5109 1709 5158 Latona
1734 5107 1991 5157 liberorum

1639 377 2024 438 CLEARCHI
2063 378 2418 438 SOLENSlS

2078 528 2229 565 τανον
2256 508 2307 564 ἐν
2338 504 2611 585 Δελφοῖς,)
2633 495 2773 562 εἶπεν
2790 525 2804 541 ·
2827 502 2872 562 ἵε
2896 508 3012 564 παῖ.
3037 508 3232 585 Ϊυχεῖν
3259 507 3313 566 δὲ
3343 507 3468 577 τόξα
3498 510 3648 586 μετὰ

2073 600 2252 672 χεῖρας
2290 592 2477 672 ἔχοντα
2512 590 2600 650 τὸν
2641 590 2962 651 Ἀπόλλωνα.
2992 594 3164 652 Τοῦτο
3190 595 3235 651 δ’
3276 598 3415 655 ἐστὶν
3457 601 3531 664 ὡς
3574 598 3647 657 ἂν

2076 680 2211 739 εἴποι
2230 704 2328 748 τις·
2356 679 2474 760 ἄφιε
2500 680 2625 752 παῖ,
2651 678 2771 737 καί·
2802 678 2938 757 βαλὲ
2966 703 3081 741 παι.
3112 681 3355 764 Διόπερ’
3326 684 3432 743 απὸ
3449 686 3648 745 τούτου

2073 767 2322 846 λεχθῆναί
2351 790 2481 847 φασι
2508 789 2566 824 το
2593 765 2673 826 Ἵε
2697 768 2825 843 παῖ,
2857 789 2946 824 και
2978 765 3059 827 “Is
3083 767 3270 830 παιών.

2497 911 2540 964 Ε
2583 910 2802 965 LIBRO
2843 909 3201 968 SECUNDO.

2807 1047 2902 1111 [47.

2152 1164 2450 1219 Athenaeus
2471 1163 2598 1230 V,11
2625 1181 2683 1235 p.
2716 1162 2848 1231 317,
2878 1165 2968 1218 A:
2998 1158 3248 1239 Ἱστορεῖ-.-
3251 1184 3304 1219 αι
3327 1158 3379 1219 δὲ
3401 1185 3525 1234 και,
3559 1163 3643 1223 ὅτι

2076 1247 2276 1330 φεύγων
2305 1249 2367 1324 (ὁ
2407 1245 2729 1324 πουλύπους)
2776 1245 2861 1303 διὰ
2899 1245 2985 1304 τὸν
3017 1245 3172 1326 ερόὸον
3198 1247 3516 1324 μεταὸἄλλει
3544 1250 3648 1318 τὰς

2074 1335 2261 1414 χρόας,
2290 1333 2378 1392 καὶ
2407 1334 2728 1410 ἔξομοιουται
2753 1335 2857 1399 τοῖς
2880 1332 3053 1397 τόποις
3070 1378 3087 1406 ,
3130 1336 3180 1392 ἐν
3223 1325 3295 1400 οἷς
3323 1336 3643 1414 κρύπτεται,

2075 1427 2144 1490 ὡς
2166 1444 2254 1480 και
2277 1425 2303 1479 ὃ
2333 1418 2602 1501 Μεγαρεύς
2624 1419 2841 1498 Θέογνίς
2876 1443 3031 1501 φησιν
3070 1423 3121 1479 ἐν
3161 1424 3273 1489 ταῖς
3311 1423 3638 1501 Ἐλεγείαις·

2199 1543 2446 1593 Πουλύπου
2469 1542 2606 1605 ὀργὴν
2625 1542 2736 1605 ἴσχε
2757 1542 3082 1604 πολυπλόκου,
3102 1543 3150 1598 ὃς
3168 1544 3274 1593 ποτὶ
3304 1546 3447 1607 πέτρῃ

2259 1620 2316 1677 τῇ
2335 1630 2483 1676 προσο
2487 1614 2687 1676 μιὶὴσῃ,
2705 1618 2825 1668 τοῖος
2844 1614 2956 1662 ἰδεῖν
2974 1611 3131 1674 ἐφάνη.

2079 1725 2308 1803 Ὁμοίως
2328 1728 2520 1806 ἱστορεῖ
2547 1749 2636 1785 και
2659 1725 2930 1806 Κλέαρχος
2957 1727 3010 1784 ἐν
3035 1725 3258 1807 δευτέρω
3291 1725 3420 1800 Περὶ
3449 1747 3642 1802 παροι-

2080 1819 2243 1893 μιῶν,
2260 1813 2666 1892 παρατιθέμενος
2686 1814 2890 1873 τάδετὰ
2918 1813 3048 1885 ἔπη,
3074 1816 3130 1871 οὗ
3157 1815 3326 1886 δηλῶν
3351 1812 3470 1871 ὅτου
3495 1813 3643 1884 ἐστὶ,

2203 1934 2499 1991 Πουλύποδός
2522 1951 2630 1997 μοι,
2649 1935 2809 1984 τέκνον
2821 1933 2976 1998 ,ἔχων
2998 1933 3137 1995 νόον,
3160 1933 3397 1998 Ἀμφίλοχ’
3422 1934 3572 1999 ἥρως,

2199 2010 2347 2055 τοισιν
2374 2005 2653 2069 ἐφαρμόζου,
2675 2010 2769 2054 τῶν
2792 2021 2872 2054 κεν
2894 2005 3018 2054 κατὰ
3045 2005 3192 2067 δῆμον
3209 2005 3362 2063 ἵκηαι.

2159 2118 2294 2197 Περι
2314 2116 2367 2176 δὲ
2390 2120 2649 2196 Τροιζηνα
2679 2140 2737 2176 το
2757 2115 3011 2192 παλαιὸν,
3033 2139 3188 2196 φησιν
3212 2119 3238 2175 ὁ
3258 2114 3411 2182 αὐτος
3433 2116 3646 2223 Κλέαρ·

2077 2228 2193 2284 χος,
2239 2202 2356 2263 οὔτε
2398 2204 2483 2263 τὸν
2512 2203 2646 2283 ἱερὸν
2688 2203 3006 2279 καλούμενον
3049 2201 3375 2276 πουλύπουν,
3399 2200 3519 2261 οὗτε
3545 2200 3638 2260 τὸν

2079 2292 2401 2365 κωπηλάτην
2457 2288 2779 2362 πουλύπουν,
2826 2290 3043 2367 νόμιμον
3094 2314 3156 2362 ην
3205 2289 3470 2369 θηρεύειν,
3523 2291 3647 2348 ἀλλ’

2081 2380 2208 2436 aaa*
2159 2401 2330 2450 ειπον,
2375 2375 2569 2436 τούτων
2615 2400 2671 2436 τε
2704 2377 2793 2436 καὶ
2837 2401 2929 2448 της
2969 2375 3249 2443 θαλαττίας
3282 2376 3520 2456 χελώνης
3561 2379 3642 2453 μὴ

2081 2463 2410 2524 ἅπτεσθαι.“
2412 2463 2541 2525 Οδὲ
2561 2463 2853 2530 πουλύπους
2877 2463 2987 2523 ἐστὶ
2984 2462 3375 2571 συντηκτικὸς,
3400 2464 3491 2523 καὶ
3521 2467 3646 2524 λίαν

2082 2554 2311 2626 ἀνόητος.
2343 2470 2483 2631 Προὸς
2512 2553 2611 2634 γὰρ
2640 2553 2733 2624 τὴν
2763 2557 2915 2633 γεῖρα
2950 2556 3050 2610 τῶν
3077 2551 3366 2611 διωκόντων
3405 2553 3644 2631 βαδίζει,

2081 2665 2170 2700 και
2194 2640 2559 2718 διωκόμενος
2532 2664 2668 2699 εστιν
2705 2640 2790 2700 ὅτε
2827 2642 2927 2720 οὐχ
2953 2643 3237 2719 υποχωρεῖ.
3280 2639 3648 2711 Συντηκονται

2083 2729 2126 2787 δ’
2152 2731 2317 2788 αὐτῶν
2344 2731 2397 2786 αἱ
2422 2727 2654 2805 θήλειαι
2645 2752 2709 2786 με
2713 2727 2777 2786 τὰ
2800 2751 2886 2786 τον
2916 2727 3098 2799 τόκον,
3122 2727 3211 2785 καὶ
3230 2725 3534 2808 παρίενται·
3561 2729 3648 2787 διὸ

2083 2816 2172 2874 καὶ
2213 2815 2402 2897 ραδίως
2447 2816 2770 2875 ἁλίσκονται.
2803 2815 3149 2894 Ἑωράθησαν
3181 2813 3236 2872 δέ
3260 2838 3387 2873 ποτε
3424 2813 3517 2872 καὶ
3548 2815 3647 2873 ἐπὶ

2087 2986 2295 3034 alterum
2332 2985 2460 3033 ulnis
2500 2984 2752 3046 complexa
2787 2997 2959 3033 saxum
2998 2982 3119 3033 illud
3159 2982 3466 3043 conscendit,
3507 2981 3648 3045 quod

2083 3062 2347 3112 etiamnum
2375 3060 2482 3125 pedi
2511 3063 2707 3111 Latonae
2736 3073 2801 3110 ex
2836 3073 2932 3109 aere
2956 3059 3202 3110 fabricatae
3231 3058 3504 3121 subjectum
3540 3063 3650 3121 est,

2085 3139 2339 3201 imaginem
2373 3139 2442 3189 rei
2470 3141 2586 3189 tunc
2602 3140 2747 3200 gestae
2768 3138 3040 3199 continens,
3060 3150 3208 3200 prope
3231 3135 3508 3197 Delphicam
3534 3135 3644 3199 pla-

2081 3217 2251 3265 tanum
2267 3214 2567 3277 dedicatum,
2564 3214 2840 3289 dixitque.
2856 3215 2931 3275 ἵε,
2949 3218 3053 3276 παῖ,
3070 3226 3221 3275 quum
3243 3213 3364 3261 l'orte
3381 3213 3647 3262 telamani-

2083 3294 2175 3345 bus
2206 3298 2391 3345 teneret
2425 3295 2609 3363 Apollo.
2646 3294 2700 3345 ld
2732 3294 2805 3344 est
2839 3296 3004 3343 autem
3050 3292 3183 3355 quasi
3223 3289 3403 3341 dicas·
3440 3291 3570 3340 M·
3573 3293 3648 3341 tte

2082 3374 2267 3433 telum,
2297 3372 2417 3421 iili»
2451 3373 2548 3422 et:
2586 3371 2760 3431 «teri,
2799 3370 2879 3419 tili.
2917 3372 3150 3432 »ltaque
3185 3368 3246 3418 ab
3296 3368 3379 3416 illo
3423 3368 3650 3431 tempore

2083 3452 2221 3501 aiunt
2238 3450 2333 3501 dici
2356 3451 2550 3501 solitum
2568 3449 2722 3500 illud.
2746 3450 2790 3499 ἵε
2811 3453 2900 3499 παῖ
2916 3450 2964 3499 et
2978 3448 3024 3497 ἵε
3049 3448 3215 3497 παιών.

2821 3549 2910 3599 47.

2145 3646 2370 3697 Traditur
2381 3659 2554 3709 porro,
2581 3646 2662 3695 ubi
2681 3659 2765 3707 per
2785 3648 2970 3695 metum
2995 3644 3169 3706 fugiat,
3197 3645 3384 3692 mutare
3404 3641 3642 3705 polypum

2083 3724 2323 3784 colorem,
2337 3726 2387 3773 et
2408 3722 2611 3773 similem
2627 3721 2730 3771 lieri
2746 3722 2893 3772 locis·
2881 3736 2932 3771 ιιι
2948 3721 3124 3786 quibus
3140 3721 3445 3769 occultetur.
3462 3730 3642 3782 quan·

2083 3799 2345 3851 admodum
2368 3801 2513 3850 etiam
2533 3798 2819 3862 megarensis
2836 3797 3101 3861 Theognis
3087 3811 3139 3846 ιιι
3155 3796 3315 3859 elegiis
3330 3796 3432 3847 ait.

2189 3902 2348 3960 Polypl
2367 3905 2565 3947 mentem
2591 3904 2696 3946 tene
2715 3900 2989 3957 versipellis,
3007 3899 3085 3955 qui
3105 3903 3246 3956 petrae

2241 3971 2508 4027 cuicumque
2534 3969 2793 4022 adnuerit,
2811 3969 2912 4015 talis
2935 3969 3034 4015 visu
3046 3972 3241 4026 apparet.

2085 4067 2312 4118 Similiter
2329 4069 2380 4116 et
2410 4065 2671 4117 clearchus
2693 4064 2836 4115 tradit
2861 4063 3072 4115 secundo
3095 4062 3218 4112 libro
3244 4065 3315 4113 De
3349 4060 3645 4125 proverbiis,

2085 4144 2167 4194 ubi
2188 4145 2275 4194 hos
2296 4143 2441 4193 etiam
2462 4156 2631 4194 versus
2651 4144 2896 4206 apposuit,
2917 4140 3168 4203 cuiusnam
3187 4140 3284 4192 sint
3309 4138 3520 4191 auctoris
3543 4152 3647 4189 non

2086 4221 2368 4271 declarans.

2137 4320 2379 4379 polypodis
2396 4321 2529 4372 mihi,
2551 4320 2638 4374 fili,
2658 4324 2854 4365 mentem
2874 4323 3056 4371 tenens,
3082 4315 3369 4376 amphilocho
3395 4315 3585 4367 nobilis·

2137 4390 2203 4435 ets
2216 4392 2261 4435 te
2280 4388 2600 4441 accommoda,
2620 4398 2990 4445 quorumcunque
3017 4387 3072 4433 ad
3086 4390 3268 4443 gentem
3285 4384 3481 4431 veneri:-

2084 4482 2216 4535 Idem
2250 4484 2511 4534 Clearchus
2542 4483 2735 4546 scribit,
2755 4483 2882 4533 circa
2909 4486 3188 4532 Troezenem
3207 4479 3321 4529 olim
3346 4478 3479 4527 nefas
3499 4476 3646 4527 habi-

2083 4563 2189 4611 tum
2210 4574 2312 4612 esse
2331 4560 2496 4611 venari
2523 4562 2597 4612 vel
2616 4574 2728 4612 eum
2748 4560 2832 4624 qui
2856 4561 3051 4610 sanctus
3071 4557 3247 4608 dicitur
3283 4556 3540 4619 polypum,
3565 4556 3648 4603 vel

2085 4639 2310 4702 polypum
2325 4638 2657 4700 remigantem.
2675 4642 2717 4687 l
2720 4638 2893 4687 etitum
2911 4638 3014 4686 erat
3032 4648 3184 4699 quum
3206 4634 3279 4683 his
3299 4633 3444 4693 vesci,
3465 4634 3573 4680 tum
3596 4636 3642 4681 et

2082 4716 2266 4765 marina
2309 4715 2562 4765 testudine.
2595 4717 2680 4765 Est
2710 4717 2874 4764 autem
2911 4714 3113 4776 polypus
3148 4711 3249 4760 tabi
3289 4708 3560 4765 obnoxiuS,
3596 4712 3647 4758 et

2082 4793 2259 4856 alioqui
2277 4791 2415 4841 valde
2431 4791 2620 4842 brutus.
2641 4792 2829 4841 Etenim
2850 4789 2911 4840 ad
2926 4802 3094 4839 eorum
3113 4800 3312 4837 manum
3337 4785 3422 4849 qui
3441 4787 3652 4849 captant.

2083 4869 2293 4931 accedit,
2321 4872 2370 4918 et
2392 4882 2422 4918 a
2442 4869 2838 4932 persequentibus
2867 4866 3113 4916 interdum
3142 4878 3192 4914 se
3211 4878 3306 4912 non
3333 4860 3518 4924 recipit.
3544 4864 3646 4911 Ta·

2085 4949 2286 4999 bescunt
2316 4949 2481 4998 autem
2513 4961 2683 4997 eorum
2719 4948 2913 4997 feminae
2945 4947 3051 5010 post
3072 4946 3295 5007 partum,
3333 4943 3382 4991 et
3417 4938 3648 5003 elangue-

2083 5027 2256 5090 scunt;
2293 5037 2441 5088 quare
2475 5026 2526 5075 et
2555 5025 2694 5075 facile
2728 5024 2999 5087 capiuntur.
3040 5020 3294 5084 conspecti
3335 5018 3450 5067 sunt
3489 5017 3642 5067 etiam

2085 5118 2430 5167 nonnunquam
2456 5105 2504 5153 in
2536 5104 2716 5155 siccum
2749 5104 3003 5165 exeuntes„
3044 5100 3254 5150 maxime
3288 5109 3404 5148 vero
3445 5095 3494 5146 in
3531 5094 3646 5146 loca
