4016 5916
1552 384 1726 445 LYCl
1772 384 2094 445 RHEGINI
2136 407 2146 416 ·

3317 402 3422 455 3⁷1

228 528 356 584 que
379 511 751 586 fragmentum
778 508 989 564 referre
1013 509 1144 564 licet
1174 506 1248 564 ad
1276 508 1496 577 Italica,
1534 527 1663 564 cum
1698 509 1788 564 Si·
1883 503 2254 585 Ἆργύριππαν,
2265 505 2381 576 ἤτοι
2396 504 2609 566 Ἵππιον
2626 502 2829 585 Ἄργος.
2847 506 3101 589 εὝστερον
3117 510 3171 571 δὲ
3191 514 3431 582 §Anam

230 601 379 656 culis
415 598 509 653 illa
550 596 886 669 conjuncta,
931 612 1056 669 quae
1086 595 1408 652 Alexandro
1444 589 1788 674 (Epirotaei‘)

233 688 422 760 Lycus
449 683 805 739 dedicaverit.

805 819 1224 898 [framea]

990 945 1043 1003 3.

691 1078 737 1132 E
775 1078 997 1134 LIBRO
1047 1077 1336 1133 TERTIO.

320 1193 498 1247 Tzetz.
522 1189 596 1245 ad
622 1192 758 1263 Lyc.
785 1188 897 1245 615
926 1207 940 1246 ε
972 1185 1220 1257 Ἁλούσης
1246 1191 1340 1258 τῆς
1360 1187 1554 1265 Τροίας
1583 1186 1789 1264 Διομή-

238 1277 334 1347 δης
376 1274 490 1333 ἀντὶ
531 1275 718 1353 βάρους
744 1275 913 1342 λίθους
936 1277 995 1335 ἐκ
1023 1280 1110 1334 τοῦ
1142 1275 1343 1353 τείχους
1379 1279 1472 1346 τῆς
1501 1277 1552 1334 Τ
1556 1274 1694 1353 ροίας
1720 1277 1787 1342 εἰς

236 1363 333 1432 τὴν
376 1365 558 1420 ἑαυτοῦ
595 1367 723 1419 ναῦν
767 1361 996 1423 ἐνέὸαλε.
1053 1361 1481 1442 Παραγενόμενος
1524 1360 1579 1420 δὲ
1615 1364 1688 1429 είς
1732 1362 1790 1421 τὸ

236 1447 449 1527 Ἄργος,
477 1447 567 1506 καὶ
604 1448 751 1523 μόλις
794 1447 967 1529 φυγὼν
1013 1447 1100 1506 τὸν
1139 1451 1198 1507 ἐκ
1243 1451 1335 1518 τ’ἥς
1371 1452 1603 1524 γαμετῆς
1630 1451 1789 1507 αὐτοῦ

234 1535 490 1605 θάνατον,
513 1532 824 1613 παρεγένετο
852 1537 921 1601 εἰς
948 1532 1043 1605 τὴν
1072 1532 1318 1594 Ἰταλίαν.
1352 1532 1532 1613 Εὑρὼν
1561 1533 1616 1593 δὲ
1642 1558 1788 1607 τηνι-

239 1626 410 1678 καῦτα
432 1619 518 1679 τὸν
549 1620 807 1700 Κολχικὸν
828 1620 1082 1701 δράκοντα
1104 1617 1477 1697 λυμαινόμενον
1500 1620 1595 1693 τ’ὴν
1614 1624 1786 1682 Φαια·

234 1707 362 1766 κίδα
391 1707 613 1779 ἔκτεινε,
659 1706 753 1778 τὴν
793 1712 883 1767 τοῦ
914 1707 1153 1768 Γλαύκου
1188 1712 1389 1788 χρυσῆν
1414 1708 1611 1767 ἅσπίδα
1631 1707 1788 1767 κατέ-

234 1818 367 1875 χων.
393 1794 637 1872 Ἐνόμισε
663 1793 763 1873 γὰρ
783 1799 810 1854 6
835 1795 1040 1875 δράκων
1059 1794 1118 1853 τὸ
1134 1800 1357 1874 χρυσοῦν
1378 1785 1509 1853 εἶναι
1534 1793 1679 1874 δέρας
1699 1801 1790 1855 τοῦ

236 1888 405 1962 κριοῦ.
448 1883 696 1958 Τιμηθεὶς
741 1880 798 1939 δὲ
836 1885 864 1939 6
908 1882 1173 1958 Διομήδης
1222 1880 1309 1940 ἐπὶ
1351 1880 1517 1963 τούτῳ
1562 1883 1789 1963 σφόδρα,

241 1968 547 2049 ἀνδριάντας
594 1968 970 2027 κατεσκεύασεν
1018 1971 1203 2027 ἑαυτοῦ
1248 1971 1307 2027 ἐκ
1351 1971 1454 2027 τῶν
1498 1968 1652 2028 λίθων
1697 1974 1789 2041 τῆς

243 2054 430 2128 Ἰλίου,
465 2046 536 2113 ὧν
564 2055 773 2115 ἐνίόαλε
804 2055 918 2114 τότε
947 2057 1017 2121 εἰς
1037 2054 1133 2127 τὴν
1157 2059 1310 2127 ναῦν,
1342 2054 1433 2114 καὶ
1460 2054 1645 2126 ἔστησε
1672 2057 1787 2114 τού-

238 2165 357 2210 τους
386 2141 524 2202 κατὰ
551 2153 656 2202 πᾶν
686 2144 745 2202 τὸ
778 2144 943 2202 ἐκεῖσε
970 2143 1166 2203 πεδίον.
1205 2141 1462 2223 ’Υστερον
1507 2141 1561 2201 δὲ
1599 2142 1788 2202 ἀνελὼν

240 2235 271 2289 6
311 2230 507 2299 Δαυνὸς
538 2230 691 2291 αὐτὸν
731 2231 907 2312 ἔρριψε
943 2230 1035 2289 καὶ
1078 2230 1195 2298 τοὺς
1238 2229 1542 2310 ἀνδριάντας
1585 2234 1653 2298 εἷς
1698 2231 1789 2302 τὴν

240 2316 528 2377 θάλασσαν.
548 2309 706 2379 Οὗτοι
731 2319 784 2376 δὲ
810 2317 1111 2397 ἀνεχόμενοι
1130 2318 1230 2377 ὑπὸ
1245 2322 1347 2376 τῶν
1371 2319 1616 2395 κυμάτων
1630 2319 1787 2376 πάλιν

243 2404 518 2484 ἐξήρχοντο
557 2404 683 2485 πρὸς
714 2402 805 2472 τὰς
856 2405 1031 2483 βάσεις
1062 2407 1251 2467 αὐτῶν.
1300 2404 1515 2485 Ἱστορεῖ
1543 2404 1595 2464 δὲ
1641 2411 1790 2465 τοῦτο

234 2492 463 2569 Τίμαιος
490 2495 518 2550 6
554 2493 767 2559 Σικελὸς
809 2494 911 2569 (fr.
952 2493 1055 2562 13)
1086 2493 1174 2552 καὶ
1207 2491 1373 2560 Λύκος
1400 2495 1453 2552 ἔν
1485 2492 1659 2574 τρίτῳ.

319 2578 434 2651 Τὴν
460 2578 729 2639 Φαιακίδα
774 2585 992 2638 Tzetzes
1030 2595 1085 2638 et
1110 2583 1455 2658 Lycophron
1481 2602 1537 2638 ν.
1579 2581 1693 2638 618
1737 2594 1791 2639 et

242 2669 390 2737 632,
428 2687 545 2724 non
582 2669 884 2742 Corcyram
920 2670 1264 2744 intelligunt,
1305 2670 1402 2726 sed
1438 2673 1789 2726 Dauniorum

1883 591 2079 672 αἵρεσιν
2125 595 2267 674 αὐτῷ
2302 593 2510 670 ἐδίδου,
2551 596 2594 652 εἷ
2625 595 2887 673 βούλοιτο,
2926 595 2960 668 ἢ
3004 597 3129 670 ὅλην
3156 599 3250 672 τὴν
3283 602 3428 662 λείαν

1881 680 2063 739 λαὸεἷν
2086 685 2177 739 τοῦ
2205 680 2436 758 πολέμου
2463 680 2498 752 ἢ
2525 680 2616 751 τὴν
2642 684 2739 758 γῆν
2766 680 2998 746 ἅπασαν.
3035 685 3228 765 Κριτὴς
3256 689 3302 746 δ’
3329 692 3431 748 αὔ-

1883 770 1985 826 τῶν
2005 767 2213 847 γέγονεν
2254 768 2519 844 Ἄλαινος,
2563 768 2776 850 ἀδελφὸς
2805 770 2946 838 νόθος
2985 777 3073 832 τοῦ
3107 775 3425 852 Διομήδους,

1880 858 2010 936 ἐρῶν
2061 855 2301 926 Εὖίππης
2339 860 2432 928 τῆς
2469 860 2560 916 τοῦ
2600 855 2803 917 Δαύνου
2844 861 3125 939 θυγατρὸς,
3169 861 3225 928 ὃς
3264 861 3430 942 ἔκρινε

1879 943 1965 1000 τὸν
1988 946 2190 1004 Δαῦνον
2219 941 2356 1023 ἔχειν
2383 942 2477 1014 τὴν
2506 948 2634 1021 γῆν,
2659 945 2930 1022 Διομήδην
2956 944 3012 1005 δὲ
3040 946 3135 1019 τὴν
3162 947 3309 1006 λείαν
3339 952 3431 1008 λα·

1881 1030 1988 1089 δεῖν
2016 1035 2111 1090 τοῦ
2136 1029 2388 1108 πολέμου.
2435 1031 2558 1112 Ἐφ’
2598 1022 2642 1112 ᾧ
2677 1034 2927 1112 ὀργισθεὶς
2955 1034 3222 1110 Διομήδης
3265 1060 3430 1110 κατη-

1882 1116 2078 1197 ράσατο
2097 1115 2170 1195 μὴ
2197 1116 2446 1177 δύνασθαι
2470 1119 2698 1199 σπείρειν
2726 1118 2819 1191 τὴν
2845 1124 2970 1199 γῆν,
2994 1120 3088 1192 τὴν
3111 1121 3164 1180 δὲ
3186 1122 3260 1200 μὴ
3282 1147 3430 1183 σπει·

1882 1204 2101 1284 ρομένην
2132 1204 2431 1267 ἀναδιδόναι
2459 1207 2692 1286 καρπὸν,
2736 1209 2781 1265 εἰ
2824 1208 2896 1284 μή
2929 1232 3005 1276 τις
3040 1209 3202 1281 αὗτὴν
3244 1212 3431 1289 σπείρῃ

1878 1295 1980 1350 τῶν
2019 1296 2176 1351 αὑτοῦ
2214 1296 2472 1371 συγγενῶν
2499 1293 2534 1364 ἢ
2575 1296 2938 1370 συμπολιτῶν,
2971 1296 3059 1354 καὶ
3089 1303 3430 1373 μετακινῆσαι

1879 1379 1970 1446 τὰς
1994 1378 2187 1450 στήλας
2209 1382 2369 1440 αὖτοῦ
2398 1379 2594 1464 μηδένα
2617 1381 2884 1443 δύνασθαι.
2907 1381 3165 1463 ’Ὕστερον
3186 1385 3240 1444 δὲ
3260 1388 3287 1442 6
3310 1391 3428 1447 Διο·

1879 1466 2050 1543 μήδης
2094 1466 2220 1547 πρὸς
2263 1472 2353 1526 τοῦ
2392 1468 2595 1528 Δαύνου
2638 1468 2879 1548 ἀνῃρέθη·
2909 1473 2957 1528 οἱ
3000 1469 3056 1528 δὲ
3099 1472 3237 1551 φίλοι
3272 1475 3434 1534 αὐτοῦ

1880 1559 2181 1636 θρηνοῦντες
2204 1554 2603 1631 μετεὸλήθησαν
2625 1558 2695 1624 εἰς
2721 1557 2872 1637 ὄρνεα
2897 1555 3051 1632 ὅμοια
3080 1557 3284 1629 κύκνοις
3310 1566 3426 1625 κτλ.

2625 1671 2679 1730 4.

1961 1795 2277 1868 Antigonus
2307 1795 2436 1849 Mir.
2491 1814 2595 1865 172
2645 1793 2784 1869 (188
2831 1795 2962 1872 W.)
3013 1815 3027 1852 z
3061 1794 3193 1874 Περὶ
3233 1797 3286 1854 δὲ
3330 1801 3430 1856 τῶν

1879 1880 2024 1959 ζῴων
2051 1879 2220 1939 Λύκον
2242 1876 2335 1956 μὲν
2355 1880 2408 1936 ἐν
2430 1884 2496 1961 τῇ
2515 1880 2803 1962 Διομηδεία
2822 1884 2886 1960 τῇ
2911 1879 3053 1962 νήσῳ
3073 1883 3228 1963 φησὶν
3252 1885 3268 1960 (
3290 1886 3432 1944 Καλ-

1878 1965 2128 2045 λίμαχος)
2153 1967 2402 2047 ἱστορεῖν,
2436 1965 2553 2034 τοὺς
2588 1967 2823 2046 ἐρωδιοὺς
2861 1967 2961 2027 ὑπὸ
2985 1968 3079 2045 μὲν
3098 1974 3200 2028 τῶν
3227 1971 3424 2042 Μήδων

1883 2055 1951 2130 (l.
1971 2052 2300 2131 Ἑλλήνων),
2319 2052 2443 2112 ὅταν
2467 2055 2786 2133 παραὸάλλη
2806 2080 2882 2122 τις
2906 2057 2975 2123 εἷς
2991 2056 3109 2124 τοὺς
3131 2057 3346 2133 τόπους,
3371 2063 3430 2119 οὗ

1879 2140 2034 2217 μόνον
2054 2141 2374 2224 ψαυομένους
2394 2141 2689 2219 ὑπομένειν,
2712 2142 2847 2201 ’ἀλλὰ
2875 2144 2963 2202 καὶ
2984 2146 3434 2225 προσπετομένους

1879 2230 1948 2295 εἰς
1988 2228 2106 2296 τοὺς
2133 2230 2356 2296 κόλπους
2384 2227 2605 2288 ἑνδύνειν
2631 2229 2721 2289 καὶ
2758 2229 2953 2289 σαίνειν
2981 2231 3322 2312 φιλοφρόνως·
3345 2234 3433 2293 λε’-

1877 2319 2058 2392 γεσθαι
2097 2313 2226 2374 δέτι
2251 2320 2476 2374 τοιοῦτον
2507 2314 2607 2374 ὑπὸ
2637 2319 2738 2374 τῶν
2769 2316 3037 2396 ἐγχωρίων
3055 2362 3070 2390 ,
3102 2322 3172 2386 ὡς
3197 2321 3302 2378 τῶν
3340 2326 3435 2380 τοῦ

1878 2402 2165 2479 Διομήδους
2195 2403 2411 2482 ἱταίρων
2457 2405 2528 2470 εἶς
2567 2405 2660 2474 τὴν
2690 2408 2791 2463 τῶν
2829 2403 3019 2485 ὀρνέων
3047 2405 3244 2465 τούτων
3274 2408 3425 2490 φύσιν

1880 2489 2492 2569 μετασχηματισθέντων.

1958 2576 2225 2649 Ἑλλήνων
2236 2599 2341 2654 pro
2355 2577 2551 2648 Μήδων
2563 2600 2782 2638 corrcx.
2803 2582 3095 2650 Meursius‚
3108 2601 3176 2639 ex
3186 2586 3433 2641 Pseudo·

1880 2667 2107 2722 Aristot.
2135 2667 2260 2723 Mir.
2289 2685 2439 2725 ausc.
2472 2687 2524 2723 c.
2562 2668 2666 2737 80,
2697 2668 2794 2722 ubi
2822 2668 3080 2742 pluribus
3106 2687 3199 2724 res
3226 2689 3424 2728 narra-

236 2756 515 2811 ditionem
564 2759 791 2811 nomine
836 2758 940 2811 isto
994 2758 1154 2811 latius
1201 2768 1428 2830 patente
1476 2756 1787 2832 designant.
1879 2763 1989 2822 tur,
2019 2750 2323 2827 finiturque
2363 2757 2612 2810 narratio
2651 2756 2801 2810 hisce
2847 2774 2862 2809 ε
2900 2751 3193 2812 Μυθεύεται
3229 2753 3284 2812 δὲ
3323 2758 3434 2814 τού·

242 2844 442 2899 Nostra
464 2855 645 2899 autem
670 2846 916 2900 narratio
941 2844 1093 2918 apud
1116 2844 1255 2899 alios
1288 2842 1525 2899 conflata
1554 2863 1669 2900 esse
1699 2846 1790 2898 vi—
1875 2861 1995 2904 τους
2036 2837 2272 2914 γενέσθαι
2316 2839 2375 2897 ἐκ
2422 2842 2528 2896 τῶν
2571 2838 2788 2920 ἑταίρων
2831 2843 2933 2897 τῶν
2979 2845 3068 2898 τοῦ
3116 2842 3431 2917 Διομήδους,

240 2930 409 2987 detur
431 2951 557 2988 cum
588 2949 650 2988 ea
667 2974 681 2999 ‚
711 2950 778 2987 ex
807 2951 917 3006 qua
954 2933 1011 2987 in
1047 2931 1619 3005 Corcyra-Diomedes
1656 2932 1790 2990 dra-
1877 2923 2282 3002 ναυαγησᾶντων
2305 2922 2399 3001 μὲν
2429 2926 2602 2984 αὐτῶν
2630 2925 2747 3008 περὶ
2771 2925 2866 2998 τὴν
2892 2931 3051 2999 νῆσον
3070 2972 3087 3001 ,
3116 2933 3208 2988 τοῦ
3232 2928 3287 2988 δὲ
3310 2934 3431 2990 Ato-

248 3038 447 3074 ronem
478 3020 783 3088 interfecit3
831 3032 999 3093 atque
1032 3022 1108 3075 sic
1145 3020 1475 3093 explicanda
1501 3039 1614 3075 esse
1647 3033 1788 3095 puto
1878 3014 2072 3088 μήδους
2115 3010 2538 3093 δολοφονηθέντος
2567 3014 2667 3072 ὑπὸ
2693 3019 2784 3074 τοῦ
2819 3016 3022 3075 Δαύνου
3051 3018 3160 3093 (sic
3198 3021 3421 3094 Heyn.;

242 3125 369 3179 quae
406 3108 669 3180 leguntur
698 3109 753 3160 in
794 3107 1101 3162 Heraclidae
1130 3110 1295 3164 Pont.
1327 3106 1396 3165 fr.
1431 3126 1524 3176 27,
1547 3127 1605 3181 p.
1654 3127 1787 3167 οπο.
1879 3099 2063 3159 Αἰνέου
2095 3102 2253 3177 libri)
2284 3107 2374 3159 τοῦ
2402 3100 2520 3159 τότε
2567 3100 2823 3179 βασιλέως
2868 3106 2972 3160 τῶν
3012 3102 3184 3162 τόπων
3223 3104 3430 3163 ἐκείνων

244 3197 430 3249 Draco
461 3196 558 3248 iste
587 3213 618 3247 e
654 3194 874 3249 Colchis
897 3203 1125 3249 venerat
1150 3191 1275 3269 πρὸς
1302 3189 1514 3262 ζήτησιν
1541 3196 1633 3249 τοῦ
1656 3214 1788 3272 χρυ-

246 3283 342 3337 σοῦ
367 3277 559 3356 δέρους,
582 3282 665 3334 uti
684 3281 900 3353 Tzetzes
920 3283 995 3335 ait
1019 3281 1091 3335 ad
1113 3299 1167 3338 ν.
1183 3280 1316 3335 630.
1341 3280 1661 3336 Secundum
1686 3286 1792 3335 An·

249 3368 509 3422 toninum
535 3354 662 3421 Lib.
686 3386 738 3423 c.
765 3368 834 3438 37
865 3368 1164 3423 Diomedes
1192 3379 1476 3425 senectute
1503 3368 1791 3424 consectus

242 3454 397 3529 apud
436 3455 689 3509 Daunios
733 3454 879 3514 diem
922 3456 1080 3513 obiit.
1112 3457 1249 3529 Lyci
1289 3457 1672 3511 narrationem
1722 3475 1789 3510 ex

240 3552 407 3616 parte
447 3539 668 3596 dederit
701 3543 919 3597 Tzetzes
953 3543 1025 3597 ad
1064 3546 1202 3616 Lyc.
1246 3542 1360 3598 603
1403 3563 1417 3598 ε
1460 3543 1792 3618 (Diomedes

240 3628 413 3700 Troja
434 3627 644 3703 redux)
674 3624 873 3700 μέλλων
905 3626 1114 3698 ὑπὸτῆς
1134 3629 1292 3697 αὐτῆς
1321 3626 1623 3703 Αἰγιαλείας
1652 3629 1791 3685 ἀναι-

247 3716 489 3792 ρεθῆναι,
516 3711 633 3770 τότε
663 3712 756 3786 μὲν
792 3706 875 3779 εἰςΙ
898 3711 983 3770 τὸν
1021 3718 1113 3783 τῆς
1139 3712 1370 3791 Ἀργείας
1395 3714 1570 3793 Ἥρας
1613 3714 1789 3791 βωμὸν

242 3799 558 3880 καταφυγὼν
587 3799 835 3867 σώζεται·
876 3800 1086 3880 ὕστερον
1117 3800 1170 3859 δὲ
1204 3802 1275 3865 εἰς
1312 3800 1544 3860 Ἰταλίαν
1584 3800 1786 3881 ᾤχετο,

244 3888 331 3948 καὶ
354 3891 425 3955 εἰς
448 3886 667 3949 Δαύνιον
689 3887 825 3956 ἔθνος
851 3888 1110 3970 βᾶρὸαρον
1133 3887 1215 3961 δν,
1238 3880 1297 3946 οὗ
1317 3888 1619 3947 ἐδασίλευσε
1647 3893 1788 3948 Δαῦ-

245 4000 358 4050 νος,
402 3976 456 4042 ὃς
497 3975 923 4054 πολιορκούμενος
969 3976 1149 4049 ἐδεήθη
1196 3977 1485 4052 Διομήδους
1527 3980 1783 4055 βοηθῆσαι

246 4066 418 4144 αὐτῷ,
447 4064 799 4144 ὑποσχόμενος
822 4064 1004 4123 δώσειν
1028 4066 1171 4144 αύτῷ
1199 4068 1290 4137 τῆς
1317 4069 1411 4141 γῆς
1437 4066 1607 4144 μέρος.
1640 4064 1708 4123 Ὅ
1735 4065 1787 4122 δὲ

246 4152 505 4230 βοηθήσας
539 4152 629 4209 καὶ
651 4150 795 4221 νίκην
818 4150 1109 4231 παρασχὼν
1136 4150 1399 4223 Δαυνίοις,
1428 4151 1611 4231 ἔκτισε.
1636 4151 1785 4209 πόλιν

821 4319 1220 4397 [mmch

991 4427 1022 4477 3

686 4532 732 4590 E
774 4532 1000 4592 LIBRO
1040 4532 1338 4593 TERTIO.

303 4643 453 4703 Capta
477 4641 642 4703 stoja,
670 4642 921 4693 Diomedes
942 4644 1153 4694 saburrae
1176 4643 1280 4693 loco
1298 4644 1475 4706 lapides
1507 4645 1632 4693 muri
1664 4646 1787 4694 Tro·

240 4720 336 4780 jani
363 4719 409 4768 in
438 4733 610 4769 navem
632 4734 769 4769 suam
801 4721 978 4782 iniecit.
1009 4727 1117 4781 Qua
1150 4735 1298 4784 quum
1326 4729 1473 4785 Argos
1496 4721 1787 4786 navigasset,

242 4797 402 4859 ibique
428 4810 591 4847 necem
610 4799 669 4847 ab
693 4812 843 4848 uxore
863 4800 948 4862 ipsi
968 4800 1248 4849 intentatam
1276 4801 1357 4850 vix
1378 4800 1644 4863 effugisset,
1678 4816 1787 4865 pro·

244 4876 394 4925 rectus
420 4880 490 4925 εει
522 4877 569 4925 in
594 4878 793 4927 ltaliam.
826 4878 1037 4928 offendit
1060 4882 1164 4928 tum
1199 4879 1457 4929 draconem
1482 4879 1786 4942 Colchlcnm,

239 4965 385 5014 quem
408 4953 702 5003 Pbaeacidcm
722 4958 896 5004 terram
922 4958 1186 5005 vastantem
1207 4956 1440 5007 interfecit
1457 4970 1603 5006 manu
1621 4960 1790 5008 tenens

224 5028 411 5099 ‘Glauci
451 5029 671 5092 clweum
702 5045 915 5081 aureum.
951 5032 1141 5082 Scilicet
1167 5033 1353 5096 putavit
1388 5033 1533 5083 draco
1568 5034 1788 5097 clypeum

242 5106 385 5154 istum
404 5119 505 5156 etse
520 5121 720 5158 aureum
734 5109 887 5163 vellus
899 5109 1075 5159 arietis.
1098 5112 1351 5173 Propterea
1371 5111 1621 5181 Diomedes
1634 5126 1787 5175 quum

244 5184 565 5247 maximopere
578 5186 913 5251 honoraretur,
929 5190 1113 5239 statuas
1128 5189 1200 5239 sui
1223 5204 1283 5241 ex
1306 5190 1543 5253 lapidibus
1560 5191 1653 5241 illis
1668 5204 1789 5255 quos

1876 3186 2171 3265 γενομένου.
2193 3190 2408 3258 Quibus
2433 3192 2729 3264 probabile
2749 3191 2810 3246 fit
2829 3193 2945 3248 haec
2966 3211 3034 3247 ex
3055 3194 3259 3249 eodem
3273 3196 3431 3268 Lyco

1877 3296 1989 3332 esse
2018 3277 2324 3352 desumpta.
2363 3278 2503 3334 Cum
2531 3290 2723 3334 nostro
2754 3280 3063 3355 fragmento
3091 3281 3165 3336 ad
3193 3284 3430 3339 verbum

1877 3366 1993 3421 sere
2037 3368 2285 3421 concinit
2328 3367 2639 3439 Stephanus
2667 3369 2793 3440 Byz.
2834 3387 2890 3426 v,
2945 3364 3252 3441 Διομήδεια.
3297 3372 3430 3427 Post

1876 3454 2046 3507 verba
2070 3450 2170 3509 ὑπὸ
2190 3450 2298 3528 μὲν
2312 3453 2413 3508 τῶν
2434 3450 2699 3522 Ἑλλήνων
2718 3454 2830 3509 κτλ.
2856 3468 3048 3528 aperte
3062 3457 3325 3510 omissum
3349 3468 3431 3511 est

1876 3542 2113 3594 alterum
2143 3541 2331 3598 colum
2347 3580 2362 3609 ‚
2390 3559 2506 3613 quo
2536 3540 2789 3595 barbaris
2815 3543 3020 3596 infestae
3044 3561 3157 3598 esse
3180 3560 3308 3597 aves
3332 3542 3426 3597 di-

1877 3627 2282 3697 cendae-erant,
2312 3631 2392 3683 uti
2436 3629 2588 3703 apud
2623 3632 2851 3685 Aristot.
2890 3631 2927 3687 l.
2959 3632 3000 3683 l.
3041 3641 3098 3684 et
3141 3629 3426 3686 AEliannm

1883 3717 2020 3771 [list.
2052 3721 2160 3773 An.
2188 3718 2215 3771 Ι
2234 3758 2250 3784 ,
2299 3736 2321 3771 1
2344 3756 2360 3784 ,
2402 3734 2570 3789 quem
2594 3719 2882 3789 exscripsit
2907 3719 3087 3772 Philes
3111 3717 3190 3773 De
3225 3737 3426 3793 propr.

1878 3808 1984 3858 An.
2013 3822 2063 3857 c.
2086 3801 2138 3861 5.
2169 3802 2249 3860 Cf.
2272 3805 2481 3859 Plinius
2502 3805 2574 3860 H.
2599 3805 2669 3860 N.
2695 3805 2751 3859 X
2769 3845 2785 3872 ,
2820 3810 2848 3868 l.
2865 3825 2886 3859 1
2910 3846 2926 3873 ‚
2951 3805 3020 3860 61
3042 3826 3057 3875 ;
3082 3806 3426 3879 Lycophron

1876 3911 1926 3947 v.
1957 3889 2068 3963 595
2096 3890 2291 3962 ibique
2315 3892 2570 3965 Tzetzes;
2600 3892 2824 3947 Servius
2845 3891 2917 3947 ad
2940 3894 3070 3947 AEn.
3099 3894 3216 3947 XII
3234 3933 3251 3961 ‚
3280 3911 3386 3963 271
3408 3914 3424 3959 ς

1876 3979 2040 4035 ovid.
2067 3981 2195 4034 Met.
2223 3979 2368 4046 xlv,
2398 3976 2541 4047 5023
2576 3981 2864 4053 Angustia.
2893 3981 2965 4036 D.
2992 3980 3051 4036 C.
3079 3980 3291 4047 XVIII,
3327 3981 3425 4047 16,

1876 4077 1929 4120 et
1954 4065 2170 4121 diversa
2196 4066 2444 4120 narratio
2473 4064 2623 4138 apud
2645 4066 2917 4124 Antonin.
2955 4066 3078 4121 Lib.
3115 4064 3208 4134 37.
3241 4067 3424 4137 Heyn.

1875 4154 2005 4209 Ere.
2030 4152 2102 4207 ad
2129 4153 2281 4227 Virg.
2310 4153 2438 4209 AEn.
2471 4153 2587 4219 XI,
2612 4151 2746 4216 243.

1876 4316 2018 4379 Troja
2041 4316 2231 4366 solvens
2259 4316 2306 4365 in
2337 4330 2509 4365 navem
2538 4316 2794 4379 injecerat,
2819 4316 3023 4365 confecit
3044 4319 3093 4365 ct
3119 4329 3202 4378 per
3235 4329 3427 4365 omnem

1878 4394 1983 4444 istic
2008 4407 2234 4459 campum
2253 4393 2517 4445 collocavit.
2547 4397 2714 4444 Postea
2732 4407 2847 4444 vero
2865 4397 3081 4457 Daunus,
3112 4392 3193 4441 ubi
3211 4406 3324 4443 eum
3353 4396 3427 4442 in-

1876 4472 2155 4534 terfecerat,
2186 4470 2330 4523 etiam
2365 4474 2547 4523 statuas
2577 4471 2751 4522 evertit
2781 4474 2826 4521 et
2852 4471 2900 4519 in
2931 4483 3062 4520 mare
3081 4469 3300 4531 conjecit.
3331 4470 3430 4521 11¹oe

1875 4552 2036 4601 autem
2059 4563 2088 4600 a
2106 4549 2330 4601 fluctibus
2351 4552 2629 4601 sustentata
2651 4549 2700 4599 in
2721 4551 2900 4598 terram
2935 4548 2996 4598 ad
3021 4547 3326 4597 fundamenta
3344 4562 3430 4597 sua

1875 4628 2132 4677 redierunt.
2152 4631 2356 4678 Narrant
2369 4628 2692 4679 haec'l'imaeus
2702 4626 2886 4677 Siculus
2904 4629 2950 4675 et
2971 4629 3124 4688 Lycus
3134 4625 3254 4674 libro
3267 4625 3426 4675 tertio.

2622 4721 2675 4770 4.

1938 4811 2007 4858 De
2030 4807 2314 4858 animalibus
2349 4808 2670 4859 callimchus
2695 4808 2762 4857 ait
2790 4811 2971 4871 Lycum
3003 4820 3195 4858 narrare
3230 4807 3280 4857 in
3319 4807 3430 4856 Dio-

1874 4885 2042 4935 meden
2059 4883 2212 4933 insula
2229 4885 2396 4936 ardeas
2415 4898 2443 4935 a
2461 4884 2644 4935 Graecis
2659 4884 2853 4948 quidem
2876 4885 2997 4934 istuc
3019 4884 3238 4934 locorum
3259 4883 3428 4934 delatis

1873 4975 1969 5011 non
1988 4963 2163 5013 'solum
2189 4962 2320 5025 tangi
2354 4976 2406 5012 se
2427 4963 2553 5026 pati,
2573 4975 2741 5011 verum
2764 4963 2908 5011 etiam
2931 4960 3158 5012 advolare
3188 4961 3248 5011 ad
3272 4976 3355 5011 eos
3375 4966 3424 5009 ct

1874 5040 1920 5089 in
1939 5041 2072 5089 sinus
2089 5054 2258 5090 eorum
2284 5040 2440 5102 capita
2465 5039 2657 5102 abdere,
2677 5054 2735 5090 ac
2755 5041 2986 5091 benevole
3007 5040 3271 5091 adblandiri
3285 5057 3300 5100 ;
3316 5040 3428 5089 ferri

1871 5118 2033 5164 autem
2056 5115 2120 5164 ab
2141 5114 2368 5179 indigenis
2389 5115 2630 5168 Diomedis
2647 5116 2801 5168 socios
2827 5117 2874 5167 in
2900 5117 3064 5186 arium
3082 5117 3256 5167 harum
3283 5119 3428 5167 natu·

1874 5206 1975 5243 ram
1995 5194 2335 5244 transmutatos
2352 5206 2471 5243 esse.
