4016 5916
1634 451 2124 515 FRAGMENTA.

286 575 442 657 φησὶ,
479 574 569 635 καὶ
606 576 774 636 ἐκεῖνα
800 576 1121 655 τρισχιλίων,
1160 578 1491 658 προειλήφθω
1528 581 1580 640 δ’
1611 581 1700 641 ἐπὶ
1742 585 1834 661 (ἔν

285 665 421 722 Gsk.
446 665 462 740 )
492 660 689 728 τούτοις
719 660 982 740 δισχιλίων
1011 661 1235 721 σταδίων
1259 663 1318 722 τὸ
1337 671 1429 725 τοῦ
1456 666 1653 727 κόλπου
1679 668 1836 746 βάθος

284 754 377 808 τοῦ
419 745 556 807 κατὰ
592 746 886 829 Νάρὸωνα,
927 751 998 816 ὣς
1030 746 1093 806 ἂν
1121 748 1335 819 κάθετος
1362 751 1467 812 ἀπὸ
1487 757 1579 825 τῆς
1605 758 1832 835 κορυφῆς

288 835 375 895 ἐπὶ
409 835 505 908 τὴν
533 833 686 915 βάσιν
702 840 792 894 τοῦ
822 834 1215 914 άμόλυγωνίου·
1246 838 1404 910 δῆλον
1434 831 1542 915 οὗν,
1570 841 1751 923 φησὶν,
1775 842 1834 900 ἐκ

289 927 381 995 τῆς
420 922 664 994 παιδικῆς
709 920 1006 1003 μετρήσεως
1021 931 1052 998 ,’
1079 921 1159 982 ὅτι
1207 928 1241 995 ἡ
1289 923 1545 1004 σύμπασα
1597 925 1832 1007 παραλία

289 1015 323 1082 ἡ
350 1009 457 1070 ἀπὸ
481 1016 573 1071 τοῦ
596 1014 846 1090 Πορθμοῦ
871 1008 958 1068 ἐπὶ
983 1010 1192 1082 Στήλας
1220 1011 1433 1092 ἔγγιστα
1461 1012 1703 1096 ὑπερέχει
1740 1017 1833 1085 τῆς

284 1098 372 1157 διὰ
393 1104 483 1158 τοῦ
501 1098 756 1177 πελάγους
781 1095 977 1164 εὐθείας
987 1099 1346 1168 πεντακοσίοις
1368 1101 1612 1170 σταδίοις.
1647 1103 1832 1182 Προσ-

281 1186 528 1245 τεθέντων
542 1184 596 1244 δὲ
609 1187 711 1244 τῶν
726 1182 830 1242 άπὸ
844 1187 936 1256 τῆς
955 1185 1356 1258 Πελοποννήσου
1379 1188 1465 1247 ἐπὶ
1484 1187 1571 1254 τὸν
1588 1186 1832 1269 Πορθμὸν

285 1271 612 1351 τρισχιλίων,
653 1273 702 1330 οἱ
744 1269 1042 1348 σύμπαντες
1081 1270 1286 1331 ἔσονται
1330 1272 1558 1348 στάδιοι,
1602 1273 1748 1333 αὐτοὶ
1784 1275 1831 1332 οἱ

281 1360 370 1416 ἐπ’
393 1359 589 1426 εὐθείας
603 1403 620 1433 ,
659 1356 867 1426 πλείους
888 1355 923 1429 ἢ
946 1357 1214 1419 διπλάσιοι
1248 1350 1321 1419 ὧν
1339 1361 1657 1442 Δικαίαρχος
1688 1351 1800 1419 εἶπε·
1817 1382 1830 1397 ·

283 1445 492 1513 πλείους
514 1445 568 1505 δὲ
595 1444 790 1506 τούτων
817 1443 935 1513 τοὺς
961 1444 1051 1504 ἐπὶ
1073 1445 1161 1526 τὸν
1203 1446 1370 1528 μυχὸν
1399 1446 1487 1507 τὸν
1512 1447 1831 1529 Ἀδριατικὸν

281 1525 455 1604 δεήσει
472 1577 492 1609 ,
522 1535 678 1615 φησὶ,
702 1531 897 1592 τιθέναι
924 1535 1043 1592 κατ’
1067 1535 1276 1594 ἐκεῖνον.

364 1620 532 1694 Ἀλλ’,
565 1610 608 1679 ὦ
637 1620 752 1702 φίλε
777 1618 1010 1681 Πολύὸιε
1028 1665 1045 1697 ,
1077 1620 1207 1702 φαίη
1234 1643 1312 1689 τις
1330 1620 1414 1696 ἂν,
1441 1620 1619 1703 ὥσπερ
1647 1621 1831 1681 τούτου

281 1715 373 1768 τοῦ
401 1707 697 1788 ψεύσματος
731 1710 923 1789 ἐναργῆ
951 1708 1237 1788 παρίστησι
1264 1709 1353 1768 τὸν
1381 1710 1593 1790 ἔλεγχον
1613 1713 1648 1781 ἡ
1673 1717 1829 1791 πεῖρα

283 1793 335 1863 ἕξ
363 1798 531 1854 αὐτῶν
558 1784 629 1853 ὗν
666 1792 877 1874 εἴρηκας
914 1794 1102 1867 αὗτὸς,
1120 1797 1192 1861 εἷς
1220 1793 1316 1872 μὲν
1358 1797 1607 1855 Λευκάδα
1636 1799 1696 1855 ἐκ
1722 1798 1823 1856 Ilt-

282 1881 606 1954 λοποννήσου
652 1879 991 1948 ἑπτακοσίους
1005 1926 1023 1958 ,
1067 1884 1296 1941 ᾶντεῧθεν
1333 1881 1388 1942 δὲ
1424 1880 1539 1950 τοὺς
1576 1883 1717 1949 ἴσους
1760 1885 1830 1950 εἷς

283 1967 562 2049 Κόρκυραν
581 2012 597 2040 ,
626 1966 717 2026 καὶ
751 1966 911 2025 πάλιν
945 1969 1175 2026 ἐντεῦθεν
1203 1970 1277 2034 είς
1306 1969 1371 2027 τὰ
1411 1965 1674 2048 Κεραύνια
1715 1966 1831 2036 τοὺς

280 2055 456 2129 ἴσους,
482 2055 574 2114 καὶ
597 2057 649 2114 ἐν
673 2052 814 2135 δεξιᾷ
855 2057 925 2122 εἷς
943 2054 1036 2124 τὴν
1069 2054 1362 2134 Ἰαπυγίαν,
1393 2055 1498 2114 ἀπὸ
1522 2054 1577 2114 δὲ
1602 2058 1706 2114 τῶν
1725 2057 1831 2115 Ke-

283 2142 522 2223 ραυνίων,
561 2139 656 2213 τὴν
692 2139 988 2221 Ἰλλυρικὴν
1022 2142 1286 2222 παραλίαν
1316 2140 1541 2201 σταδίων
1570 2140 1832 2221 ἑξακισχι-

278 2228 408 2290 λίων
456 2226 639 2287 ἑκατὸν
681 2229 1000 2300 πεντήκοντα
1025 2251 1040 2265 ·
1081 2228 1241 2297 οὕτως
1290 2231 1506 2288 κάκεῖνα
1552 2226 1832 2309 ψεύσματά

281 2317 421 2374 ἔστιν
446 2312 712 2397 ἀμφότερα
731 2359 748 2393 ,
775 2314 866 2373 καὶ
900 2313 928 2373 ὃ
952 2314 1268 2395 Δικαίαρχος
1292 2307 1432 2388 ε’ίπε,
1463 2314 1522 2374 τὸ
1559 2315 1663 2374 ἀπὸ
1688 2319 1829 2396 Πορ·

281 2408 413 2479 θμοῧ
429 2403 517 2461 ἰπὶ
535 2402 744 2474 Στήλας
758 2394 891 2461 εἶναι
912 2403 1134 2461 σταδίων
1160 2401 1584 2483 ἑπτακισχιλίων,
1605 2402 1694 2461 καὶ
1713 2400 1742 2460 ὃ
1765 2399 1829 2459 σὺ

285 2491 450 2557 δοκεῖς
469 2489 752 2558 ἀποδεῖξαι.
777 2493 1046 2567 Sequitur
1071 2493 1361 2564 Strabonis
1387 2493 1821 2568 argumentatio.

1008 2620 1104 2693 57.

361 2741 564 2797 Strabo
586 2742 705 2813 111,
730 2759 790 2814 p.
824 2760 931 2812 170
960 2760 975 2795 t
1008 2737 1115 2799 Καὶ
1137 2737 1452 2819 Δικαίαρχος
1470 2737 1523 2797 δὲ
1553 2738 1643 2798 καὶ
1664 2738 1833 2820 Ἐρα-

280 2825 524 2898 τοσθένης
550 2824 640 2884 καὶ
677 2825 935 2893 Πολύόιος
968 2824 1057 2884 καὶ
1085 2827 1132 2884 οἱ
1168 2827 1405 2884 πλεῖστοι
1431 2827 1534 2884 τῶν
1560 2824 1832 2898 Ἑλλήνων

280 2913 401 2995 περὶ
429 2913 514 2973 τὸν
538 2912 781 2994 Πορθμὸν
805 2912 1148 2995 ἀποφαίνουσι
1169 2912 1261 2981 τὰς
1280 2911 1510 2984 Στήλας.

495 3103 506 3114 ,
563 3036 1261 3115 [κΑΤΑΜΕΤΡΗΣΕιΣ
1301 3033 1560 3112 opum

360 3175 562 3231 Suidas
586 3177 733 3231 inter
754 3177 956 3250 scripta
982 3176 1289 3232 Dicaearchi
1311 3175 1503 3232 laudat
1532 3175 1715 3233 Κατα
1732 3196 1830 3250 με·

276 3260 542 3342 τρήσεις
580 3264 697 3320 τῶν
736 3263 794 3319 ἑν
838 3258 1322 3341 Πελοποννήσῳ
1362 3263 1547 3341 ὀρῶν.
1582 3264 1834 3319 Pertinet

277 3428 447 3477 autem
470 3426 518 3475 in
550 3425 729 3475 Sardoo
767 3424 908 3475 mari.
945 3429 1129 3475 Verum
1169 3426 1300 3485 esto,
1345 3423 1528 3488 inquit,
1561 3424 1708 3473 etiam
1743 3423 1836 3473 hoc

275 3505 432 3555 trium
457 3502 660 3552 millium
674 3538 693 3561 ,
727 3500 1261 3567 atcomprehendanmr
1279 3501 1329 3550 in
1352 3501 1410 3550 iis
1426 3500 1523 3550 duo
1540 3501 1633 3550 alia
1658 3499 1835 3562 millia,

276 3579 580 3645 profunditas
602 3592 776 3642 nempe
813 3579 947 3630 sinus
968 3578 1094 3642 apud
1129 3578 1402 3629 Narbonem
1416 3615 1431 3641 ,
1462 3580 1695 3640 tanquam
1730 3589 1834 3640 per·

278 3655 606 3722 pendicularis
645 3669 675 3707 a
703 3656 883 3706 vertice
904 3657 970 3706 ad
1004 3655 1144 3706 basin
1180 3654 1339 3705 obtusi
1362 3653 1523 3718 anguli
1560 3653 1787 3716 trianguli
1819 3672 1832 3703 ε

278 3735 469 3784 constat
483 3745 594 3795 ergo
606 3768 622 3795 ,
648 3732 807 3795 inquit
819 3769 834 3795 ,
853 3745 915 3783 ex
938 3731 1258 3795 dimensione,
1276 3731 1469 3794 qualem
1496 3729 1584 3794 ipsi
1605 3729 1737 3793 pueri
1760 3729 1833 3778 in-

277 3813 479 3861 stituere
496 3812 682 3874 sciunt,
696 3810 826 3873 quod
849 3813 1003 3861 totam
1022 3809 1311 3860 maritimam
1326 3822 1459 3859 oram
1475 3820 1504 3857 a
1524 3809 1671 3858 Freto'
1683 3820 1836 3871 nsque

279 3887 343 3936 ad
367 3887 627 3937 columnas
655 3885 874 3949 proxime
891 3884 1081 3936 excedit
1100 3887 1282 3935 rec-tam
1301 3897 1386 3947 per
1416 3883 1612 3947 pelagus
1636 3881 1834 3933 ductam

278 3963 449 4013 stadiis
462 3962 734 4026 quingentis
754 3963 961 4024 :quibus
986 3962 1026 4012 si
1049 3961 1289 4011 addantur
1305 3960 1399 4010 tria
1425 3960 1576 4009 millia
1594 3972 1705 4023 quae
1722 3962 1837 4008 sunt

279 4054 311 4088 a
326 4040 649 4102 Peloponneso
670 4037 732 4088 ad
753 4041 949 4090 Fretum
962 4075 977 4101 ,
1006 4041 1147 4089 erunt
1167 4039 1217 4087 in
1244 4037 1522 4088 universum
1544 4034 1724 4098 stadia,
1755 4036 1835 4084 illa

280 4117 387 4179 ipsa
417 4116 467 4166 ln
492 4119 626 4167 recta
649 4115 805 4179 linea,
826 4116 970 4180 plura
995 4129 1142 4178 quam
1169 4114 1371 4179 duplum
1406 4126 1575 4164 eorum
1606 4125 1718 4175 quae
1749 4112 1833 4163 Di-

280 4194 532 4246 caearchus
549 4194 806 4259 assignavit
831 4215 843 4244 :
864 4197 913 4245 et
932 4195 1193 4245 secundum
1207 4192 1412 4244 eundem
1431 4192 1571 4255 plura
1592 4190 1668 4241 his
1689 4203 1834 4253 opor·

278 4272 435 4335 tebit,
449 4271 634 4335 lnquit,
654 4285 831 4337 ponere
848 4285 904 4322 ea
921 4284 1030 4334 quae
1060 4274 1173 4322 suut
1191 4271 1254 4321 ad
1279 4270 1504 4321 intimum
1522 4269 1657 4319 sinus
1673 4266 1835 4318 Adria·

278 4354 530 4477 “mirarum
548 4463 564 4490 ‚
583 4427 650 4476 mi
670 4376 837 4489 1301y1>3
849 4463 865 4489 ,
890 4426 1065 4477 dixerit
1086 4426 1285 4490 anquis,
1304 4388 1711 4489 quemadmodum
1743 4421 1837 4472 hoc

283 4504 591 4555 mendacium
618 4503 862 4554 evidenter
878 4504 1047 4555 refellit
1065 4502 1378 4566 experientia,
1393 4500 1467 4552 his
1480 4500 1595 4564 ipsis
1608 4511 1719 4562 quae
1733 4500 1837 4549 wte

282 4583 551 4646 tradidisti,
574 4596 604 4633 a
623 4584 945 4647 Peloponneso
971 4581 1034 4633 ad
1061 4581 1332 4633 Leucadem
1355 4593 1458 4631 esse
1480 4578 1632 4630 stadia
1654 4576 1835 4642 septin-

3354 474 3467 527 253

1925 586 1997 643 ad
2025 589 2175 643 hunc
2209 588 2412 644 librum
2446 591 2603 647 locus
2639 592 2793 667 apud
2820 593 3115 650 Geminum
3160 592 3269 672 (fr.
3316 595 3469 672 58),

1925 692 2041 747 quo
2061 675 2312 748 Cyllenes
2329 677 2582 733 Arcadiae
2604 681 2810 735 montis
2832 679 3070 736 altitudo
3090 699 3203 740 sec.
3223 683 3473 738 Dicaear-

1925 760 2095 815 chum
2159 760 2448 821 definitur.
2509 766 2783 824 Praeterea
2839 785 2976 823 vero
3031 785 3209 839 quum
3261 768 3475 825 Plinius

1922 849 2090 903 etiam
2116 849 2252 904 Pelii
2271 853 2477 908 montis
2494 852 2847 909 altitudinem
2873 856 3152 910 notaverit
3177 873 3208 911 e
3230 857 3475 912 Dicaear·

1923 934 2031 989 cho
2062 953 2253 1008 regum
2291 955 2426 992 cura
2452 957 2746 1014 permenso
2805 954 3015 997 montes
3062 941 3154 1018 (v.
3200 942 3271 1002 fr.
3322 941 3395 998 53
3417 943 3433 1018 )
3453 985 3471 1014 ,

1920 1021 2169 1095 itemque
2205 1041 2328 1097 quae
2357 1023 2428 1080 de
2454 1026 2745 1100 Atabyrii‚
2787 1026 3004 1084 Rhodii
3043 1030 3281 1099 montis,
3325 1047 3476 1084 men·

1920 1126 2049 1164 sura
2078 1109 2343 1166 Geminus
2372 1112 2413 1167 l.
2445 1112 2483 1171 l.
2511 1112 2710 1183 habet,
2741 1131 2811 1170 ex
2839 1113 3041 1170 eodem
3069 1115 3225 1171 sonte
3249 1113 3476 1173 fluxisse

1920 1195 2219 1252 videantur
2245 1216 2258 1252 ε
2296 1197 2543 1254 dubitari
2571 1202 2666 1255 vix
2684 1211 2899 1274 potest,
2922 1202 3060 1275 quin
3078 1201 3262 1258 Suidae
3290 1202 3478 1259 verbis

1921 1284 2142 1338 nonnisi
2165 1303 2297 1358 pars
2315 1284 2660 1361 significetur
2681 1299 2779 1344 aut
2805 1289 2912 1357 Γῆς
2942 1286 3196 1366 Περιόδου
3221 1299 3318 1345 aut
3336 1308 3474 1363 ope·

1920 1371 1995 1424 ris
2021 1371 2317 1444 peculiaris
2355 1374 2416 1427 in
2443 1391 2558 1446 quo
2587 1373 2960 1432 dimensiones
3003 1378 3282 1432 montium
3338 1377 3478 1432 insi-

1922 1458 2186 1530 gniorum
2221 1470 2341 1515 tum
2383 1460 2608 1518 Graeciae
2637 1472 2756 1517 tum
2795 1462 3100 1518 insularum
3126 1463 3474 1537 aliarumque

1921 1543 2149 1602 fortasse
2184 1548 2480 1622 regionum
2516 1550 2873 1606 Dicaearchus
2899 1550 3339 1625 consignaverat.
3369 1550 3472 1607 Ce-

1923 1641 2105 1687 terum
2141 1633 2549 1710 fragmentum,
2591 1636 2749 1710 quod
2778 1636 2850 1693 de
2877 1637 3032 1693 Pelio
3065 1646 3259 1693 monte
3285 1639 3344 1692 in
3376 1655 3474 1694 co·

1921 1717 2140 1776 dicibus
2170 1733 2450 1778 servatum
2469 1724 2794 1780 Dicaearcho
2828 1725 3027 1781 ascribi
3057 1724 3229 1800 solet,
3254 1743 3323 1780 ex
3353 1725 3477 1799 ipso

1918 1806 2030 1862 hoc
2045 1806 2503 1884 Καταμετρήσεων
2519 1825 2693 1886 opere
2710 1829 2823 1868 esse
2838 1812 3234 1886 depromptum
3249 1813 3477 1886 plurimi

1919 1904 2207 1967 putarunt.
2242 1898 2592 1971 Quamquam
2629 1900 2769 1954 nihil
2798 1900 3111 1975 fragmento
3148 1902 3322 1969 inest,
3356 1918 3473 1973 quo

1919 1981 2038 2037 haec
2065 1985 2336 2039 sententia
2367 1984 2752 2041 confirmetur.
2782 1989 2854 2044 V.
2882 1986 3259 2042 Introductio.

2644 2142 2740 2200 58.

2001 2287 2266 2357 Geminus
2286 2301 2463 2359 Elem.
2482 2305 2709 2362 Astron.
2741 2322 2755 2357 ε
2778 2295 2934 2359 Ἔστι
2960 2299 3055 2377 μὲν
3083 2303 3173 2370 τῆς
3197 2301 3474 2374 Κυλλήνης

1921 2381 1981 2441 τὸ
2006 2383 2132 2465 ὕψος
2161 2383 2380 2443 ἔλασσον
2418 2385 2641 2444 σταδίων
2676 2385 2756 2460 ιε’,
2781 2390 2853 2453 ὡς
2887 2387 3309 2469 Δικαίαρχος
3335 2390 3471 2448 ἅνα-

1923 2468 2266 2551 μεμετρηκὼς
2288 2471 2659 2553 ἀποφαίνεται*
2687 2477 2780 2532 τοῦ
2808 2471 2861 2532 δὲ
2896 2472 3202 2554 Ἀταὸυρίου
3231 2473 3470 2534 ἐλάσσων

1922 2557 2061 2615 ἐστὶν
2095 2561 2130 2630 ἡ
2169 2558 2379 2627 κάθετος
2405 2559 2628 2619 σταδίων
2677 2559 2761 2620 ιδ’.
2791 2565 2877 2620 De
2905 2564 3130 2637 Cyllene
3159 2564 3231 2623 cf.
3268 2565 3469 2621 Strabo

1922 2648 2056 2704 VIII
2072 2689 2090 2723 ‚
2113 2666 2176 2721 p.
2197 2646 2308 2724 595
2336 2667 2351 2707 :
2376 2645 2490 2718 Τὴν
2509 2651 2629 2725 γοῦν
2658 2646 2872 2707 κάθετον
2902 2651 2949 2707 οἱ
2974 2648 3068 2725 μὲν
3098 2648 3261 2708 εἴκοσι
3282 2650 3470 2709 στάδιά

1921 2755 2099 2813 φασιν,
2123 2737 2171 2794 οἱ
2195 2734 2249 2793 δὲ
2277 2733 2396 2795 ὅσον
2422 2733 2575 2794 πέντε
2597 2734 2687 2793 καὶ
2715 2733 2863 2794 δίκα.
2892 2738 3084 2812 Steph.
3111 2739 3239 2811 Byz.
3275 2758 3289 2794 ε
3326 2739 3469 2797 Κυλ-

1921 2820 2115 2892 λήνη...
2154 2821 2377 2881 σταδίων
2410 2821 2552 2881 ἐννία
2576 2820 2722 2903 παρὰ
2750 2821 2911 2890 πόδας
2939 2821 3274 2899 ὀγδοήκοντα.
3311 2826 3470 2883 Idem

1921 2909 2148 2966 laudato
2183 2910 2538 2985 Apollodoro
2573 2922 2766 2967 narrat
2803 2911 3120 2967 Eustathius
3162 2911 3234 2969 ad
3270 2912 3467 2988 odyss».

1920 3015 1978 3070 p.
2021 3000 2190 3071 1951,
2232 2997 2300 3054 15
2330 2998 2423 3055 ed.
2455 3001 2625 3057 Rom.

1927 3422 1988 3471 ad
2012 3425 2198 3485 montes
2215 3422 2507 3486 ceraunios,
2527 3423 2577 3473 et
2602 3422 2653 3472 in
2679 3421 2849 3472 dextra
2874 3416 2934 3471 ad
2967 3423 3236 3483 Iapygiam,
3261 3424 3310 3470 et
3335 3434 3364 3468 a
3382 3423 3469 3472 Oe-

1923 3502 2101 3551 muniis
2122 3515 2258 3552 oram
2276 3501 2453 3565 lllyrici
2474 3513 2578 3551 ease
2603 3500 2760 3551 sexies
2793 3501 2926 3551 mille
2947 3502 3140 3549 centum
3164 3501 3212 3548 et
3237 3498 3473 3562 quinqua·

1920 3578 2051 3641 ginta
2064 3577 2330 3629 stadiorum
2357 3598 2370 3628 =
2388 3578 2459 3628 ita
2471 3580 2734 3640 utrumque
2751 3577 2926 3627 salsum
2940 3578 3011 3627 est
3024 3612 3041 3639 ,
3055 3578 3103 3625 et
3120 3575 3248 3638 quod
3264 3575 3468 3626 Dicaear-

1921 3655 2043 3706 chus
2055 3668 2084 3704 a
2106 3657 2249 3706 Freto
2272 3654 2334 3704 ad
2358 3653 2621 3705 Columnas
2636 3652 2772 3717 ponit
2794 3653 3004 3716 spatium
3023 3652 3197 3715 septies
3213 3652 3345 3709 mille
3365 3655 3463 3703 sta·

1920 3730 2113 3782 diorum
2125 3769 2140 3795 ,
2167 3734 2219 3783 et
2239 3732 2370 3794 quod
2386 3733 2443 3781 tu
2462 3730 2638 3782 videris
2657 3729 2746 3780 tibi
2767 3730 3131 3780 demonstrasse.

2645 3858 2733 3909 57.

1982 3976 2290 4027 Dicaearchus
2311 3977 2361 4025 et
2379 3974 2714 4025 Eratosthenes
2744 3976 2794 4024 et
2825 3973 3051 4036 Polybius
3078 3974 3466 4037 reliquorumque

1922 4058 2203 4107 Groecornm
2229 4051 2426 4124 plurimi
2448 4050 2576 4101 circa
2606 4052 2805 4101 Fretum
2832 4063 2934 4100 esse
2956 4050 3215 4102 columnas
3234 4053 3466 4101 statuunt.

2220 4164 2584 4226 MONTlUM
2625 4163 3164 4224 DIMENSIONES.

2645 4298 2733 4348 58.

1986 4418 2210 4480 Cyllenes
2228 4417 2406 4468 montis
2430 4415 2636 4467 altitudo
2653 4414 2925 4479 quindecim
2943 4382 3107 4464 stadiis
3122 4415 3284 4478 paullo
3315 4416 3470 4466 minor

1931 4499 2031 4560 est,
2052 4500 2107 4548 ut
2125 4497 2456 4560 Dicaearchus,
2472 4496 2576 4560 'qul
2609 4506 2832 4545 anensus
2857 4495 3069 4544 montem
3096 4496 3199 4556 est,
3236 4494 3467 4557 ostendit3

1934 4573 2148 4637 Atabyrii
2185 4574 2381 4637 autem(
2400 4572 2452 4623 in
2470 4571 2639 4624 Rhodo
2653 4573 2740 4622 ins.
2762 4572 2780 4637 )
2798 4570 3001 4621 altitudo
3014 4571 3136 4623 linea
3153 4569 3464 4635 perpendicu-

282 4664 430 4725 genta
441 4697 457 4724 ,
472 4659 582 4711 inde
600 4660 801 4711 totidem
820 4659 881 4710 ad
899 4663 1158 4723 corcyram
1171 4695 1186 4721 ,
1213 4657 1511 4721 totidemque
1531 4668 1692 4706 rursus
1720 4654 1834 4703 hinc
1923 4651 2012 4700 lari
2033 4652 2190 4701 minor
2216 4654 2290 4703 est
2310 4649 2472 4701 stadiis
2493 4647 2895 4713 quattuordecim.
