4016 5916
408 446 516 496 300

1132 579 1227 620 22.

480 700 807 755 Plutarchus
838 703 923 755 De
954 699 1153 756 defect.
1195 719 1347 760 orac.
1380 719 1430 758 c.
1476 699 1547 755 23
1571 743 1586 772 ‚
1616 720 1676 775 p.
1708 707 1842 768 422,
1872 703 1953 757 E:

400 782 592 851 Ἵππυς
634 788 661 843 ὅ
705 783 972 862 Ῥηγῖνος,
1004 776 1064 842 οὗ
1104 785 1365 862 μέμνηται
1395 784 1602 854 Φανίας
1629 790 1657 844 ὁ
1694 785 1957 865 Ἐρέσιος,

402 875 595 953 ἱστορεῖ
640 871 789 941 δόξαν
833 862 963 930 εἶναι
991 871 1184 944 ταύτην
1238 874 1508 952 Πέτρωνος
1543 871 1634 932 καὶ
1657 870 1845 952 λόγον,
1892 877 1960 938 ὡς

405 959 587 1020 ἑκατὸν
617 960 707 1018 καὶ
731 958 1045 1039 ὀγδοήκοντα
1071 959 1160 1020 καὶ
1182 962 1318 1040 τρεῖς
1341 959 1565 1036 κόσμους
1590 957 1767 1031 ὄντας,
1794 958 1957 1018 ἇπτο·

406 1048 589 1124 μένους
611 1047 658 1106 δ’
683 1047 925 1120 ἀλλήλων
951 1047 1087 1105 κατὰ
1114 1057 1365 1128 στοιχεῖον
1390 1050 1504 1106 κτλ.
1529 1048 1693 1126 (vide
1723 1050 1963 1124 Hippyis

404 1139 649 1213 Rhegini
672 1138 745 1194 sr.
777 1133 871 1217 6).

484 1226 632 1281 Hinc
656 1234 710 1281 et
742 1242 774 1282 e
802 1225 1059 1298 sequenti
1084 1224 1285 1300 fragm.
1308 1225 1516 1300 colligo
1543 1224 1815 1280 Phaniam
1842 1241 1963 1278 non

409 1311 586 1367 modo
617 1311 690 1368 de
715 1309 1042 1383 Socraticis,
1073 1312 1173 1368 sed
1208 1311 1280 1367 de
1314 1312 1550 1385 reliquis
1576 1311 1745 1365 etiam
1766 1310 1961 1384 philo·

406 1398 594 1471 sophis
634 1400 833 1474 egisse3
884 1416 989 1454 nec
1036 1398 1411 1472 improbabile
1458 1408 1539 1454 est
1573 1398 1779 1453 librum
1831 1395 1964 1474 Περὶ

409 1486 761 1561 Σωκρατικῶν
787 1487 1011 1543 nonnisi
1032 1498 1253 1561 partem
1270 1485 1498 1559 majoris
1512 1486 1600 1542 De
1612 1486 1965 1560 philosophis

408 1575 591 1645 operis
615 1574 795 1629 fuisse.

1124 1695 1253 1772 (23.)

490 1816 686 1872 Suidas
710 1837 722 1872 :
757 1814 1008 1894 Ἀρχύτας
1036 1819 1421 1896 Ταραντῖνος...
1454 1815 1756 1896 φιλοσοφίαν
1783 1817 1963 1874 ἐκπαι-

412 1898 572 1959 δεύων
606 1901 843 1976 μαθητάς
878 1901 921 1958 τ’
945 1901 1172 1970 ἐνδόξους
1208 1900 1330 1981 ἔσχε
1358 1900 1449 1960 καὶ
1476 1900 1654 1981 βιόλία
1679 1900 1963 1981 συνέγραψε

412 1989 603 2048 πολλοί.
633 1992 832 2049 Τοῦτον
862 1993 1092 2070 φανερῶς
1132 1991 1369 2068 γενέσθαι
1399 1987 1713 2049 διδάσκαλον
1756 1989 1965 2065 Ἐμπε-

411 2076 666 2144 δοκλέους.

500 2190 524 2215 α
554 2168 717 2222 Latet
733 2167 977 2221 auctoris
1001 2166 1310 2241 cujuspiam
1328 2184 1570 2236 nomen,
1595 2184 1701 2221 nec
1727 2166 1967 2220 multum

417 2254 624 2326 opinor
646 2253 716 2308 ab
744 2253 974 2330 φανερῶς
1001 2253 1383 2327 conjecturam
1406 2251 1674 2309 recedere
1698 2247 1826 2328 φησὶ
1847 2251 1968 2309 Φα-

415 2337 525 2403 νίας
552 2335 853 2416 δἘρέσιος.
877 2364 900 2388 ιι
930 2340 1281 2411 Bernhardy.
1306 2340 1566 2396 Ceterum
1587 2337 1659 2394 de
1679 2357 1742 2393 re
1765 2337 1965 2394 tradita

415 2422 643 2480 aliunde
669 2445 789 2481 non
816 2435 1064 2494 constat,
1096 2444 1161 2482 ac
1194 2428 1428 2481 omnino
1466 2434 1619 2482 caret
1645 2425 1765 2480 veri
1808 2424 1966 2479 simi-

418 2510 676 2570 litudine.
702 2516 763 2570 V.
793 2513 970 2568 Sturz.
1001 2512 1333 2586 Empedocl.
1359 2531 1423 2586 p.
1459 2531 1548 2586 19.

497 2600 871 2673 Reliquorum
900 2597 1344 2673 fragmentorum
1362 2640 1379 2672 ‚
1408 2617 1533 2672 quae
1568 2598 1643 2656 ad
1680 2599 1968 2654 historiam

417 2685 600 2740 minus
624 2687 938 2759 pertinent,
960 2685 1133 2741 verba
1157 2704 1335 2761 graeca
1355 2687 1672 2760 apposuisse
1699 2685 1969 2741 habemus

417 2781 574 2828 satis.

872 2909 1079 2968 ΠΡΟΣ
1120 2908 1520 2971 ΔΙΟΔΩΡΟΝ.

1146 3057 1243 3116 24.

497 3161 817 3217 Alexander
844 3163 1144 3237 Aphrodis.
1185 3166 1244 3219 in
1286 3168 1421 3221 Exc.
1458 3166 1555 3223 Gr.
1587 3184 1676 3239 ap.
1719 3167 1971 3224 Brundis.

419 3250 503 3304 De
524 3246 759 3321 perditis
775 3246 903 3304 libr.
920 3249 1152 3304 Aristot.
1174 3252 1261 3306 De
1277 3250 1418 3306 ideis
1445 3251 1588 3307 etde
1604 3253 1762 3307 hono
1781 3271 1840 3327 p.
1865 3252 1932 3308 18
1954 3271 1969 3313 ε

421 3333 576 3410 Λέγει
599 3331 652 3390 δὲ
674 3330 882 3398 Φανίας
902 3334 953 3390 ἐν
982 3336 1058 3415 τῷ
1086 3333 1214 3413 πρὸς
1249 3335 1539 3417 Διόδωρον,
1575 3335 1860 3406 Πολύξενον
1886 3337 1972 3397 τὸν

420 3418 669 3502 σοφιστὴν
688 3419 776 3479 τὸν
789 3418 957 3501 τρίτον
981 3420 1248 3502 ἄνθρωπον
1268 3421 1490 3501 εἰσάγειν
1509 3421 1725 3503 λέγοντα
1739 3448 1753 3462 ·
1774 3426 1819 3484 εἰ
1835 3427 1971 3484 κατὰ

420 3506 647 3586 μετοχήν
663 3530 718 3566 τε
737 3506 827 3567 καὶ
849 3506 1126 3585 μετουσίαν
1149 3513 1238 3575 τῆς
1265 3508 1401 3576 ἰδέας
1423 3510 1512 3568 καὶ
1536 3517 1624 3570 τοῦ
1650 3512 1970 3594 αὗτοανθρώ-

419 3617 519 3652 που
548 3599 575 3652 ὁ
596 3593 858 3675 ἄνθρωπός
881 3597 993 3654 ἐστι
1008 3640 1023 3669 ,
1045 3596 1119 3653 δεῖ
1145 3619 1259 3654 τινα
1284 3587 1416 3655 εἶναι
1441 3597 1708 3679 ἄνθρωπον
1728 3646 1744 3674 ,
1774 3599 1829 3668 ὃς
1848 3601 1973 3681 πρὸς

422 3681 516 3753 τὴν
542 3681 684 3741 ἰδέαν
714 3680 813 3751 ἕξει
836 3682 894 3742 τὸ
913 3674 1072 3742 εἶναι·
1088 3681 1205 3742 οὔτε
1231 3683 1284 3742 δὲ
1305 3686 1333 3742 ὁ
1356 3685 1768 3767 αὐτοάνθρωπος,
1788 3687 1820 3746 ὅ
1836 3691 1972 3748 ἐστιν

421 3770 562 3842 ἰδέα,
590 3768 728 3829 κατὰ
765 3770 993 3850 μετοχὴν
1032 3769 1197 3845 ἰδέας,
1224 3769 1341 3830 οὔτε
1374 3775 1402 3831 δ
1427 3772 1505 3841 τὶς
1544 3772 1834 3853 ἄνθρωπος·
1861 3776 1971 3835 λεί-

423 3877 578 3914 πεται
609 3857 764 3916 ἄλλον
799 3856 915 3916 τινὰ
942 3847 1074 3916 εἶναι
1108 3857 1279 3938 τρίτον
1309 3857 1578 3940 ἄνθρωπον
1608 3860 1695 3919 τὸν
1723 3861 1851 3943 πρὸς
1878 3861 1972 3934 τὴν

421 3941 563 4000 ἰδέαν
609 3942 666 4003 τὸ
695 3935 824 4002 εἶναι
852 3942 1056 4023 ἔχοντα.
1102 3948 1355 4005 Fortasse
1401 3967 1472 4005 ex
1511 3949 1660 4005 libro
1690 3946 1833 4029 Πρὸς
1859 3946 1973 4015 τοὺς

422 4026 693 4109 σοφιστάς,
716 4044 780 4090 ut
807 4034 1036 4107 conjicit
1064 4035 1257 4094 Ebert.
1290 4037 1332 4094 l.
1361 4037 1399 4092 l.

950 4163 1130 4223 ΠΕΡΙ
1172 4165 1451 4227 ΦΥἹῺΝ.

898 4306 944 4359 Ε
982 4306 1204 4362 LIBRO
1246 4305 1497 4363 PRIMO.

1152 4424 1245 4483 25.

503 4524 797 4593 Athenaeus
823 4539 879 4593 11
894 4580 909 4607 ‚
940 4558 998 4613 p.
1021 4538 1087 4593 61
1102 4580 1116 4608 ,
1135 4539 1181 4597 F
1212 4557 1226 4596 τ
1258 4536 1465 4604 Φανίας
1487 4536 1612 4596 δὲέν
1631 4536 1822 4618 πρώτῳ
1841 4539 1976 4618 Περὶ

373 4628 378 4632 ’
426 4623 595 4701 φυτῶν
615 4644 627 4658 ·
660 4649 683 4672 κ
708 4620 795 4682 Τὰ
820 4621 873 4681 δὲ
899 4622 1015 4682 οὐδὲ
1040 4625 1155 4704 φύει
1177 4623 1270 4696 τὴν
1303 4624 1536 4697 ἀνθίνην,
1565 4624 1681 4682 οὐδὲ
1704 4628 1797 4695 τῆς
1818 4647 1971 4703 σπερ-

426 4711 649 4783 ματικῆς
676 4707 816 4787 ἴχνος
843 4710 1189 4791 κορυνήσεως,
1233 4712 1349 4771 οὐδὲ
1390 4711 1841 4789 σπερματώσεως,
1870 4703 1974 4770 οἷον

488 4957 667 5021 Hippys
692 4959 959 5021 Rhegium,
992 4962 1128 5023 cuius
1155 4883 1373 5014 ιῗιῖιιιίιιίι
1400 4964 1602 5014 Phanias
1638 4964 1858 5027 Eresius,
1886 4967 1975 5014 Pe·

1622 389 1631 400 .
1694 440 2003 499 PHANIAE
2045 440 2297 500 ERESII

2049 561 2250 638 μύκης,
2275 560 2452 635 ὕδνον,
2485 558 2688 640 πτέρις,
2716 558 2842 627 ἕλιξ.
2878 585 2901 612 n
2929 561 2997 623 ‘O
3032 560 3183 628 αὐτὸς
3210 562 3361 643 φησὶ,
3400 591 3426 613 κ
3455 561 3610 622 Πτέ-

2050 672 2154 728 ρις,
2197 648 2261 720 ἢν
2305 646 2426 705 ἔνιοι
2474 645 2697 727 βλάχνον
2732 647 2966 706 καλοῦσι.
3002 673 3024 698 n
3073 650 3260 705 Alium
3302 651 3494 706 locum
3537 669 3612 706 ex

2049 739 2195 793 libro
2215 740 2242 793 1
2268 737 2398 792 vide
2417 736 2488 791 sr.
2518 755 2612 807 27.

2512 875 2556 929 Ε
2598 874 2817 929 Lumo
2859 875 3156 945 Qcm‘so,

2777 993 2872 1052 26.

2140 1110 2289 1172 Idem
2315 1115 2408 1183 ΙΙ,
2441 1132 2500 1188 p.
2538 1131 2636 1187 70,
2672 1115 2723 1170 D
2756 1133 2769 1168 :
2812 1107 3019 1178 Φανίας
3046 1113 3090 1169 δ’
3133 1114 3184 1170 ἐν
3213 1111 3441 1192 πέμπτῳ
3472 1112 3613 1191 Περὶ

2053 1201 2222 1279 φυτῶν
2248 1197 2437 1257 κάκτον
2463 1197 2743 1268 Σικελικήν
2765 1222 2879 1256 τινα
2904 1200 3080 1272 καλεῖ,
3106 1200 3396 1265 ἀκανθῶδες
3417 1198 3605 1281 φυτὸν,

2052 1291 2120 1353 ὡς
2147 1285 2237 1345 καὶ
2263 1285 2596 1366 Θεόφραστος
2625 1288 2677 1344 ἕν
2710 1284 2844 1365 ἕκτῳ
2877 1287 3008 1365 Περὶ
3034 1289 3225 1367 φυτῶν.

2779 1429 2876 1481 27.

2132 1523 2292 1580 Idem
2313 1526 2422 1598 IX,
2442 1542 2506 1597 p.
2540 1522 2672 1595 371,
2696 1525 2747 1580 D
2778 1543 2793 1579 ε
2825 1520 3153 1597 Μνημονεύει
3171 1526 3260 1580 τοῦ
3291 1521 3609 1604 σταφυλίνου

2055 1610 2144 1669 καὶ
2166 1609 2516 1690 Θεόφραστος.
2532 1609 2739 1678 Φανίας
2757 1611 2801 1666 δ’
2822 1611 2873 1667 ἐν
2885 1608 3111 1690 πέμπτῳ
3132 1610 3265 1690 Περὶ
3285 1616 3454 1691 φυτῶν
3478 1609 3616 1690 γρά-

2056 1719 2140 1776 φει
2166 1694 2355 1764 οὕτως·
2388 1724 2412 1750 κ
2444 1695 2600 1757 Κατὰ
2627 1694 2682 1754 δὲ
2707 1694 2799 1767 τὴν
2829 1696 2986 1753 αὔτοῧ
3014 1701 3103 1755 τοῦ
3133 1697 3430 1777 σπέρματος
3458 1697 3611 1779 φύσιν

2057 1788 2083 1841 ὁ
2102 1782 2415 1861 καλούμενος
2436 1781 2543 1866 σὴψ
2560 1781 2650 1843 καὶ
2668 1781 2727 1841 τὸ
2748 1787 2837 1842 τοῦ
2858 1783 3170 1863 σταφυλίνου
3191 1784 3420 1864 σπέρμα.
3447 1812 3467 1835 υ
3495 1787 3613 1845 Κάν

2056 1875 2132 1952 τῷ
2160 1869 2351 1952 πρώτῳ
2381 1869 2437 1929 δέ
2465 1893 2621 1951 φησι·
2654 1900 2676 1922 ι
2704 1868 3000 1941 Πετασώδη
3039 1870 3134 1942 τὴν
3162 1874 3265 1929 τῶν
3293 1872 3611 1952 σπερμάτων

2059 1957 2312 2039 ἀπείληφε
2342 1954 2491 2034 φύσιν
2531 1955 2779 2030 ἄννησον,
2810 1956 3072 2037 μάραθον,
3115 1961 3453 2040 σταφυλῖνος,
3479 1982 3614 2018 καυ·

2057 2044 2236 2118 καλὶς,
2279 2043 2517 2118 κώνειον,
2560 2044 2766 2125 κόριον,
2810 2042 2985 2117 σκιὰς,
3013 2045 3079 2118 ἢν
3104 2044 3225 2104 ἔνιοι
3264 2046 3548 2129 μυηφόνον.
3583 2076 3608 2099 ¹·

2058 2131 2213 2193 Ἐπεὶ
2238 2130 2292 2190 δὲ
2316 2131 2444 2212 ἄρου
2479 2131 2858 2210 ἐμνημόνευσεν
2887 2136 2914 2190 ὃ
2939 2131 3253 2214 Νίκανδρος,
3284 2136 3614 2213 προσαποδο·

2056 2219 2196 2292 τίον,
2216 2217 2295 2277 ὅτι
2320 2219 2410 2278 καὶ
2432 2219 2638 2286 Φανίας
2658 2221 2710 2277 ἐν
2732 2222 2807 2299 τῷ
2827 2218 3182 2301 προειρημένῳ
3209 2220 3398 2302 βιὸλίῳ
3416 2221 3611 2302 γράφει

2057 2305 2248 2375 οὕτως·
2278 2334 2302 2357 «
2321 2305 2676 2388 Δρακόντιον,
2706 2305 2877 2365 ὃὲνιοι
2905 2305 3029 2387 ἄρον
3059 2306 3278 2388 ἀρωνία.
3308 2336 3331 2360 1·

2789 2436 2884 2496 28.

2495 2562 2536 2615 Ε
2575 2559 2796 2615 LIBRO
2838 2560 3173 2616 SEPTIMO.

2137 2681 2295 2736 Idem
2308 2682 2385 2750 11,
2406 2700 2465 2755 p.
2492 2680 2587 2750 64,
2603 2681 2654 2736 D
2678 2699 2692 2734 :
2716 2677 3049 2758 θεόφραστος
3063 2677 3106 2736 δ’
3135 2679 3187 2735 ἐν
3208 2676 3416 2759 ἑὸδόμῳ
3441 2682 3618 2740 Φυτι-

2060 2768 2166 2824 κῶν
2192 2792 2216 2816 α
2242 2765 2489 2843 Ἐνιαχοῧ
2514 2764 2744 2845 (φησὶν)
2775 2763 2911 2824 οὕτω
2933 2766 3136 2843 γλυκεῖς
3161 2768 3289 2824 εἰσιν
3319 2769 3366 2826 οἱ
3403 2767 3614 2847 βολὸοὶ,

2060 2851 2197 2911 ὥστε
2222 2851 2310 2910 καὶ
2332 2848 2508 2928 ὠμοὺς
2530 2850 2813 2925 ἐσθίεσθαι,
2839 2850 3017 2933 ὥσπερ
3044 2856 3098 2912 ἐν
3125 2857 3190 2934 τῇ
3212 2857 3453 2934 Ταυρικῇ
3475 2857 3618 2937 Χεῤ-

2059 2939 2284 3022 ῥονήσῳ.
2315 2968 2337 2993 ι
2364 2943 2414 3001 Τ
2417 2938 2448 2999 ὰ
2481 2938 2612 2998 αὐτὰ
2636 2941 2832 3021 ἱστορεῖ
2851 2939 2942 3000 καὶ
2962 2938 3191 3009 Φανίας.
3220 2970 3242 2995 α
3264 2941 3423 3003 Ἔστι
3447 2942 3501 3001 δὲ
3526 2943 3620 3002 καὶ

2060 3028 2204 3107 γένος
2226 3028 2400 3111 (φησί)
2425 3026 2624 3109 βολὸῶν
2650 3029 3038 3110 (Θεόφραστος)
3062 3029 3368 3110 ἐριοφόρων,
3384 3029 3414 3091 ὃ
3433 3031 3620 3112 φύεται

2064 3120 2116 3176 ἐν
2161 3116 2434 3196 αἰγιαλοῖς.
2464 3114 2623 3195 Ἔχει
2653 3117 2706 3174 δὲ
2733 3116 2792 3175 τὸ
2823 3116 2954 3197 ἔριον
2984 3115 3084 3175 ὑπὸ
3127 3116 3242 3185 τοὺς
3268 3117 3504 3198 πρώτους
3530 3143 3617 3197 χι-

2063 3207 2257 3277 τῶνας,
2284 3200 2420 3262 ὥστε
2449 3203 2548 3261 ἀνὰ
2577 3203 2733 3281 μέσον
2766 3195 2896 3262 εἶναι
2934 3209 3022 3263 τοῦ
3050 3204 3331 3282 ἐδωδίμου,
3356 3211 3445 3265 τοῦ
3476 3206 3620 3273 ἐντὸς

2062 3291 2271 3350 καὶτοῦ
2304 3289 2418 3360 ἔξω.
2449 3290 2754 3372 Ὑφαίνεται
2798 3291 2841 3350 δ’
2882 3290 2935 3361 ἐξ
2976 3293 3133 3349 αὐτοῦ
3175 3292 3489 3352 καὶ.πο’δεια
3525 3293 3618 3352 καὶ

2066 3378 2202 3439 ἄλλα
2230 3378 2441 3454 ἱμάτια·
2470 3408 2493 3432 ν
2518 3381 2617 3458 (ὡς
2642 3379 2731 3437 καὶ
2747 3379 2954 3447 Φανίας
2970 3380 3123 3460 φησὶ)
3149 3408 3173 3433 α
3194 3380 3255 3439 τὸ
3279 3380 3334 3439 δὲ
3359 3385 3410 3441 ἐν
3438 3382 3618 3449 Ἰνδοῖς

2062 3468 2310 3547 τριχῶδες
2341 3467 2468 3528 ἔστί.
2498 3493 2522 3519 ²³

2482 3601 2526 3655 E
2565 3599 2803 3655 LIBRIS
2845 3598 3199 3654 INCERTIS.

2789 3735 2887 3791 29.

2141 3839 2300 3896 Idem
2318 3860 2378 3914 p.
2411 3840 2510 3915 54,
2535 3843 2582 3896 Ε
2615 3860 2627 3895 :
2656 3835 2860 3903 Φανίας
2877 3838 2928 3894 ἐν
2959 3842 3064 3901 τοῖς
3091 3835 3225 3916 Περὶ
3254 3838 3419 3945 φυτῶν
3451 3837 3607 3916 φησί·

2069 3952 2095 3977 ι
2123 3923 2474 4004 Τραγήματος
2510 3921 2618 4003 ἔχει
2654 3920 2832 4003 χώραν
2849 3968 2865 3996 ,
2894 3921 3078 3982 ἁπαλὰ
3107 3923 3228 4001 μὲν,
3255 3946 3446 4003 ωχρος,
3471 3921 3610 3981 κύα·

2064 4037 2186 4091 μσς,
2223 4010 2500 4091 ἐρέὸινθος·
2542 4010 2674 4092 ξηρὰ
2715 4011 2795 4084 δὲ,
2825 4010 2950 4093 ἑφθὰ
2988 4010 3078 4069 καὶ
3108 4009 3306 4093 φρυκτὰ
3335 4010 3515 4091 σχεδὸν
3542 4011 3610 4069 τὰ

2065 4101 2308 4158 πλεῖστα.

2142 4189 2302 4245 Idem
2321 4190 2400 4263 11,
2419 4206 2481 4262 p.
2503 4187 2598 4261 58,
2617 4192 2667 4245 D
2685 4207 2699 4245 :
2714 4183 2920 4253 Φανίας
2935 4184 2990 4244 δὲ
3005 4188 3056 4245 ἐν
3081 4189 3185 4253 τοῖς
3199 4187 3583 4267 Φυτικοῖςφησι
3597 4209 3612 4224 ·

2067 4302 2090 4325 ι
2113 4277 2226 4346 Τῆς
2253 4271 2450 4353 ἡμέρου
2481 4272 2727 4352 μαλάχης
2755 4276 2782 4330 ὃ
2811 4270 3164 4352 σπερματικὸς
3188 4270 3349 4340 τύπος
3376 4272 3617 4331 καλεῖται

2063 4363 2326 4438 πλακοῦς,
2352 4358 2577 4441 ἐμφερὴς
2603 4357 2674 4418 ὢν
2699 4361 2869 4440 αὐτῷ·
2892 4359 2952 4417 τὸ
2973 4358 3067 4438 μὲν
3096 4358 3198 4440 γὰρ
3221 4361 3469 4426 κτενῶδες
3495 4358 3617 4417 ἀνά-

2062 4450 2213 4528 λογον
2241 4448 2476 4528 καθάπερ
2501 4452 2534 4519 ἡ
2565 4452 2654 4505 τοῦ
2683 4449 2999 4514 πλακοῦντος
3041 4445 3258 4528 κρηπὶς,
3286 4446 3424 4505 κατὰ
3455 4447 3613 4522 μέσον

2064 4535 2118 4595 δὲ
2137 4541 2228 4594 τοῦ
2251 4536 2630 4594 πλακουντικοῦ
2658 4532 2814 4613 ὄγκου
2840 4534 2898 4593 τὸ
2916 4534 3125 4615 κέντρον
3164 4532 3475 4615 ὀμφαλικόν.
3511 4534 3619 4593 Καὶ

2064 4621 2463 4704 περιληφθείσης
2489 4627 2581 4695 τῆς
2605 4623 2853 4702 κρηπῖδος
2878 4620 3053 4698 ὅμοιον
3084 4621 3282 4699 γίνεται
3301 4629 3406 4687 τοῖς
3431 4622 3618 4680 θαλατ-

2063 4710 2187 4777 τίοις
2215 4708 2717 4790 περιγεγραμμένοις
2740 4709 2948 4789 ἐχίνοις.
2979 4739 3003 4761 ι·

2124 4961 2359 5023 Archytas
2375 4961 2662 5012 Tarentinus
2679 4881 3024 5024 phugchiam
3044 4960 3222 5009 docens
3244 4960 3456 5010 celebres
3478 4959 3622 5010 disci-

425 5033 575 5083 tronis
613 5036 895 5085 sententiam
924 5036 1092 5098 affert,
1117 5052 1179 5089 ex
1215 5053 1311 5102 qua
1334 5044 1531 5090 centum
1567 5042 1617 5091 et
1654 5043 1896 5105 octoginta
1927 5042 1975 5090 et
2062 5041 2201 5102 pulos
2213 5038 2692 5102 habuit,mullosque
2704 5039 2853 5090 libros
2867 5037 3163 5101 conscripsit.
3185 5040 3323 5087 Hunc
3338 5038 3543 5088 Phanias
3557 5040 3618 5100 (Ρ)

428 5114 523 5161 πω
556 5112 650 5163 sint
672 5114 867 5177 mundi,
903 5116 985 5179 qui
1020 5116 1224 5168 invicem
1251 5133 1302 5169 se
1326 5122 1521 5183 tangant
1545 5122 1637 5171 etc.
1667 5121 1749 5184 (v.
1780 5119 1976 5183 flippyis
2065 5117 2255 5167 Eroeius
2273 5116 2629 5179 magistratum
2655 5116 2956 5179 Empedoclis
2981 5115 3126 5165 fnisse
3151 5115 3237 5164 alt.

428 5189 486 5238 lr.
521 5190 601 5251 6).
