4016 5916
1629 429 2123 490 FRAGMENTA.

238 570 436 651 ἰγθύος·
460 562 589 629 εἶναι
616 568 668 627 δὲ
697 570 839 647 αὐτῷ
875 567 1047 649 φωνὴν
1074 562 1372 643 ἀνθρώπου,
1406 562 1499 634 τὴν
1536 562 1590 621 δὲ
1620 564 1791 622 εἰκόνα

243 640 402 718 αθτοῦ
428 662 501 716 ἔτι
542 657 632 715 καί
657 662 743 714 νῦν
774 652 1239 734 διαφυλάσσεσθαι·
1264 655 1416 709 τοῦτο
1445 649 1525 724 δὲ,
1555 651 1708 731 φησὶ,
1736 653 1796 711 τὸ

240 750 388 824 ζῶον,
433 746 526 818 τὴν
553 743 647 821 μὲν
675 744 874 822 ἡμέραν
905 739 1183 821 διατρίὸειν
1210 737 1342 816 μετὰ
1366 741 1467 797 τῶν
1492 737 1799 819 ἀνθρώπων,

240 834 484 910 οὐδεμίαν
520 831 711 912 τροφὴν
755 829 1189 911 προσφερόμενον,
1226 825 1568 904 παραδιδόναι
1611 849 1666 883 τε
1701 827 1805 892 τοῖς

244 923 527 1002 ἀνθρώποις
567 918 889 999 γραμμάτων
949 916 1038 975 καὶ
1091 914 1416 991 μαθημάτων
1460 913 1552 971 καὶ
1609 916 1806 993 τεχνῶν

241 1009 589 1066 παντοδαπῶν
634 1005 928 1086 ἐμπειρίαν,
960 1002 1049 1061 καὶ
1070 1003 1270 1060 πόλεων
1314 998 1674 1078 συνοικισμοὺς
1714 999 1805 1058 καί

240 1098 391 1174 ἱερῶν
431 1093 653 1174 ἱδρύσεις
671 1138 688 1170 ,
728 1092 817 1150 καὶ
855 1089 1027 1167 νόμων
1052 1087 1344 1167 εἰσηγήσεις
1370 1086 1460 1146 καί
1486 1087 1804 1166 γεωμετρίαν

243 1181 523 1255 διδάσκειν,
557 1179 647 1240 καὶ
675 1178 952 1259 σπέρματα
981 1175 1071 1235 καί
1100 1178 1313 1257 καρπῶν
1336 1172 1654 1253 ζσυναγωγὰς
1682 1176 1803 1232 ὑπο·

244 1261 528 1332 δεικνύναι,
556 1259 644 1317 καὶ
677 1259 901 1323 συνόλως
934 1254 1105 1314 πάντα
1131 1253 1196 1312 τὰ
1221 1252 1349 1333 πρὸς
1383 1251 1647 1332 ἡμέρωσιν
1680 1252 1807 1324 ἀνή-

243 1371 397 1406 κοντα
431 1347 543 1424 βίου
574 1344 918 1426 παραδιδόναι
949 1344 1054 1409 τοῖς
1091 1341 1392 1421 ἀνθρώποις.
1477 1339 1603 1398 Ἀπὸ
1628 1338 1683 1398 δὲ
1711 1345 1800 1398 τοῦ

242 1437 427 1513 χρόνου
467 1433 659 1492 ἐκείνου
703 1432 848 1490 οὐδὲν
883 1431 1013 1490 ἄλλο
1050 1428 1291 1506 περισσὸν
1322 1431 1607 1507 εὑρεθῆναι.
1689 1431 1799 1488 Τοῦ

243 1523 296 1579 δὲ
325 1520 470 1591 ἡλίου
504 1520 742 1586 δύναντος
773 1523 833 1577 το
866 1523 995 1588 ζῶον
1035 1516 1236 1576 τουτονὶ
1284 1516 1470 1594 (τοῦτο
1514 1537 1561 1577 s,
1592 1515 1800 1595 τουτίῗ)

242 1608 468 1679 Ὠάννην
495 1609 638 1666 δῦναι
662 1605 816 1665 πάλιν
846 1608 916 1672 εἰς
940 1604 1033 1678 τὴν
1060 1605 1350 1680 θάλασσαν,
1380 1603 1469 1660 καὶ
1494 1603 1586 1670 τὰς
1615 1602 1802 1671 νύκτας

243 1700 294 1756 ἓν
332 1699 405 1775 τῷ
448 1694 665 1771 πελάγει
709 1697 1032 1753 διαιτᾶσθαι·
1062 1683 1194 1750 εἶναι
1219 1689 1318 1770 γὰρ
1367 1690 1492 1749 αὐτὸ
1534 1691 1800 1772 ἀμφίὸιον.

240 1783 499 1863 αὝστερον
529 1783 581 1841 δὲ
613 1787 835 1863 φανῆναι
863 1782 954 1841 καὶ
978 1779 1125 1859 ἕτερα
1153 1783 1259 1848 ζῶα
1285 1779 1443 1856 ὅμοια
1468 1779 1661 1859 τούτῳ,
1690 1779 1807 1860 περὶ

249 1862 320 1929 ὧν
350 1874 402 1930 ἐν
425 1875 490 1950 τῇ
519 1874 621 1929 τῶν
649 1869 903 1949 βασιλέων
934 1872 1208 1948 ἀναγραφῇ
1240 1891 1366 1947 φησι
1399 1865 1667 1938 δηλώσειν.
1699 1866 1806 1927 Τὸν

250 1956 300 2017 δὲ
340 1956 572 2028 Ὠάννην
603 1956 721 2038 περὶ
753 1965 927 2035 γενεᾶς
951 1955 1040 2013 καί
1067 1954 1330 2019 πολιτείας
1357 1953 1556 2034 γράψαι
1592 1953 1681 2012 καὶ
1717 1978 1807 2012 πα·

247 2046 488 2125 ραδοῦναι
513 2045 660 2103 τόνδε
686 2043 772 2103 τὸν
795 2043 946 2124 λόγον
971 2051 1074 2109 τοῖς
1103 2040 1408 2120 ἀνθρώποις.

324 2152 369 2193 4.
415 2130 661 2192 Γενέσθαι
699 2132 826 2212 φησὶ
862 2130 1066 2212 χρόνον,
1099 2132 1152 2188 ἐν
1181 2121 1225 2210 ᾧ
1275 2128 1334 2187 τὸ
1364 2138 1467 2187 πᾶν
1502 2129 1682 2196 σκότος
1719 2130 1808 2187 καὶ

249 2218 384 2299 ὕδωρ
409 2210 538 2277 εἶναι
568 2218 658 2277 καί
684 2221 735 2277 ἐν
760 2219 954 2285 τούτοις
985 2222 1092 2287 ζῶα
1122 2215 1388 2297 τερατώδη
1406 2261 1422 2289 ,
1452 2217 1543 2274 καὶ
1571 2217 1807 2294 εἰδιφυεῖς

249 2309 267 2382 (
291 2306 528 2386 ἰδιοφυεῖς
545 2317 697 2363 recte
719 2309 992 2376 Richter.;
1012 2307 1280 2383 αὐτοφυεῖς
1293 2306 1451 2375 Mai.;
1468 2306 1659 2383 διφυεῖς
1678 2309 1806 2361 Sca-

249 2396 383 2469 lig.)
416 2392 505 2458 τὰς
523 2390 662 2460 ἰδέας
685 2393 869 2471 ἔχοντα
901 2393 1277 2469 ζωογονεῖσθαι.
1359 2390 1677 2470 Ἀνθρώπους
1705 2390 1805 2468 γὰρ

251 2481 516 2560 διπτέρους
542 2485 878 2559 γεννηθῆναι,
907 2479 1068 2546 ἐνίους
1097 2477 1151 2537 δὲ
1192 2480 1281 2537 καὶ
1309 2478 1680 2558 τετραπτέρους
1716 2479 1804 2534 καὶ

251 2567 636 2649 διπροσώπους·
675 2571 764 2626 καὶ
802 2571 957 2644 σῶμα
996 2567 1089 2646 μὲν
1128 2566 1341 2646 ἔχοντας
1378 2564 1449 2638 ἓν,
1480 2563 1709 2644 κεφαλὰς
1751 2563 1804 2622 δὲ

251 2655 375 2732 δύο,
408 2656 642 2736 ἀνδρείαν
670 2677 725 2714 τε
753 2655 843 2714 καί
868 2653 1187 2733 γυναικείαν,
1219 2653 1308 2712 καὶ
1338 2652 1509 2711 αἰδοῖά
1529 2675 1586 2710 τε
1617 2651 1770 2710 δισσὰ
1787 2696 1803 2725 ,

252 2742 404 2821 ἄρρεν
427 2742 515 2802 καὶ
538 2745 693 2814 θῆλυ·
721 2743 810 2800 καὶ
833 2742 1032 2823 ἑτέρους
1053 2739 1349 2821 ἀνθρώπους
1376 2737 1495 2806 τοὺς
1518 2737 1612 2817 μὲν
1643 2742 1803 2816 αἰγῶν

252 2829 407 2899 σκέλη
432 2830 521 2888 καί
549 2831 741 2910 κέρατα
761 2829 1001 2909 ἔχοντας,
1026 2828 1144 2896 τοὺς
1182 2827 1236 2886 δὲ
1260 2824 1585 2903 ἰππόποδας,
1608 2823 1721 2893 τοὺς
1749 2825 1804 2885 δὲ

248 2915 315 2975 τὰ
326 2917 491 2976 ὀπίσω
503 2916 595 2995 μὲν
609 2914 741 2997 μέρη
750 2916 942 2989 ἵππων,
958 2916 1022 2975 τὰ
1039 2915 1092 2975 δὲ
1104 2917 1391 2996 ἔμπροσθεν
1405 2913 1705 2995 ἀνθρώπων,
1721 2913 1804 2974 οὒς

250 3097 301 3143 ct
325 3098 378 3143 in
404 3093 575 3144 cauda
601 3093 750 3157 pedes
769 3093 841 3142 ad
865 3096 1041 3143 instar
1064 3082 1316 3146 hominis,
1348 3094 1399 3140 et
1423 3091 1682 3153 loquelam
1707 3088 1804 3138 hu-

251 3184 422 3223 inanae
440 3173 657 3222 similem
678 3187 694 3221 .·
715 3172 924 3235 ejusque
945 3175 1224 3234 imaqinem
1241 3170 1315 3220 ad
1333 3169 1473 3220 bunc
1490 3182 1654 3233 usque
1672 3168 1806 3218 diem

253 3249 568 3299 delineatam
604 3260 884 3311 superesse.
911 3252 1060 3298 Hanc
1083 3248 1291 3298 beluam
1308 3285 1323 3307 ‚
1343 3249 1546 3311 inquit,
1575 3244 1808 3295 interdiu

249 3340 370 3377 cum
395 3325 683 3375 bominibus
707 3327 907 3375 versari
934 3324 1169 3386 solitam,
1192 3325 1501 3388 nullumque
1518 3323 1689 3374 cibum
1720 3336 1807 3373 ca·

252 3418 372 3468 perc
393 3419 409 3451 .·
435 3404 658 3454 docuisse
677 3402 906 3453 homines
929 3404 1112 3453 literas
1132 3406 1181 3453 et
1201 3405 1354 3453 varia
1372 3415 1560 3465 genera
1577 3405 1777 3452 artium
1793 3437 1807 3462 ,

255 3486 613 3545 descriptiones
651 3481 860 3530 urbium
878 3515 892 3540 ,
937 3482 1240 3543 templorum
1279 3485 1602 3541 structuras,
1641 3481 1808 3543 lecum

254 3563 504 3611 lationem
516 3597 531 3623 ,
539 3560 734 3622 finium
753 3559 1100 3622 regnandorum
1118 3560 1410 3610 doctrinam
1424 3574 1441 3607 .·
1459 3564 1660 3610 semina
1676 3573 1809 3622 prce·

259 3640 400 3687 terea
423 3640 474 3687 et
496 3635 768 3693 fructuum
791 3636 1133 3686 collectionem
1164 3637 1619 3692 demonstravisse,
1650 3640 1811 3700 atque

250 3718 432 3764 omnia
448 3726 681 3776 prorsus,
700 3726 817 3776 quoe
831 3713 1113 3764 mundante
1130 3717 1360 3764 societati
1383 3713 1698 3776 conducunt,
1719 3714 1809 3763 lzo·

255 3791 482 3841 minibus
504 3788 784 3840 tradidisse
801 3806 813 3839 :
836 3794 912 3840 ita
927 3793 987 3840 ut
1001 3804 1067 3840 ex
1084 3805 1139 3841 eo
1159 3794 1380 3854 tempore
1395 3804 1538 3841 nemo
1553 3794 1810 3855 praeterea

253 3869 460 3933 aliquid
477 3872 745 3919 invenerit.
817 3872 946 3920 Tum
966 3870 1061 3920 sub
1078 3870 1197 3920 solis
1214 3883 1449 3921 occasum
1470 3882 1586 3919 eam
1607 3869 1811 3919 beluam

261 3948 489 3996 oannem
525 3945 693 3995 denuo
717 3949 876 4010 merqi
899 3947 1105 3997 solitam
1140 3950 1308 4007 mari,
1341 3949 1594 4009 noctuque
1626 3949 1682 3994 in
1722 3950 1812 3995 im-

255 4037 424 4073 menso
437 4025 622 4087 pelaqo
644 4025 917 4081 collocari,
947 4028 1102 4089 atque
1127 4027 1202 4074 ita
1220 4026 1506 4087 ancipitem
1539 4022 1811 4086 quandam

255 4105 416 4152 vitam
437 4103 630 4165 deqere.
699 4106 941 4166 Deinceps
969 4107 1021 4154 et
1051 4104 1186 4154 alias
1215 4105 1476 4167 superiori
1500 4101 1691 4151 similes
1727 4101 1810 4150 be-

261 4181 379 4230 luas
410 4184 568 4231 semet
596 4181 914 4244 prodidisse,
955 4182 1016 4232 de
1056 4183 1240 4246 quibus
1281 4185 1336 4231 in
1374 4193 1551 4242 recum
1588 4179 1813 4229 historia

253 4259 577 4310 dicturumse
587 4260 875 4324 pollicetur.
895 4265 1193 4325 Rursusque
1203 4259 1269 4310 ab
1287 4262 1461 4310 Oanne
1470 4262 1550 4309 ait
1560 4262 1812 4321 scriptum

253 4338 320 4387 de
357 4351 533 4388 rerum
555 4341 751 4403 oriqine
771 4342 822 4389 et
845 4339 907 4390 de
927 4340 1132 4403 publico
1163 4340 1434 4400 reoimine,
1473 4339 1811 4401 impertitam·

257 4434 353 4483 que
394 4420 459 4469 ab
491 4420 668 4470 eadem
706 4420 930 4484 (belua)
961 4420 1253 4471 hominibus
1282 4420 1542 4484 loquelam
1576 4422 1626 4469 et
1658 4418 1811 4469 indu·

253 4500 462 4547 siriam.

320 4578 367 4622 4.
413 4577 655 4637 Tempus,
692 4576 899 4638 inquit,
943 4572 1234 4638 aliquando
1247 4572 1366 4634 suit
1391 4587 1508 4625 cum
1542 4578 1811 4626 universus

251 4653 394 4703 orbis
428 4653 650 4704 tenebris
685 4657 736 4703 et
767 4658 922 4718 aquis
954 4652 1307 4716 occupabatur
1335 4669 1354 4702 .-
1376 4657 1626 4717 erantque
1651 4653 1722 4704 ibi
1761 4657 1811 4705 et

254 4732 381 4781 alioe
414 4730 604 4787 beluae,
632 4743 858 4794 quarum
882 4729 1125 4795 qucedam
1145 4742 1212 4778 ex
1229 4742 1282 4779 se
1308 4732 1430 4793 ipsis
1461 4733 1597 4781 ortoe
1626 4734 1809 4792 erant,

241 4807 436 4870 ficui-io
452 4810 622 4856 tamen
639 4806 923 4857 utebantur
939 4808 1264 4855 nascentium
1281 4818 1347 4854 ex
1360 4818 1429 4854 an
1438 4809 1487 4855 te
1500 4807 1808 4857 viventibus.

252 4886 431 4935 Erant
466 4887 516 4937 et
555 4885 780 4934 homines
797 4919 812 4944 ,
857 4885 1055 4946 partim
1095 4880 1303 4944 quidem
1342 4882 1577 4943 duabus,
1611 4888 1810 4947 partim

253 4964 526 5025 quaternis
547 4961 650 5011 alis
671 4963 912 5011 instructi
934 4959 1235 5020 duabusque
1240 4959 1515 5021 faciebus,·
1535 4962 1587 5009 et
1603 4973 1811 5024 corpore

253 5045 308 5089 in
339 5052 442 5090 uno
473 5043 732 5102 qeminum
754 5042 914 5102 caput
932 5038 1194 5099 habentes,
1215 5038 1464 5089 muliebre
1495 5038 1728 5089 videlicet
1759 5045 1810 5090 et

253 5116 436 5178 virile,
457 5130 571 5167 cum
593 5116 790 5167 duobus
809 5117 930 5166 item
958 5116 1274 5180 qenitalibus
1284 5116 1518 5178 femineo
1539 5119 1590 5165 et
1611 5128 1810 5167 mascu-

257 5195 379 5244 lino.
411 5197 584 5244 Erant
607 5197 655 5243 et
673 5194 770 5243 alii
793 5192 1020 5245 homines
1044 5196 1275 5257 caprinis
1286 5193 1604 5254 semoribus,
1633 5196 1799 5255 capite

249 5273 516 5334 corniqero
548 5286 559 5320 :
586 5271 684 5320 alii
717 5283 902 5321 rursus
932 5275 1138 5336 equinis
1168 5270 1386 5334 pedibus
1418 5286 1435 5321 .·
1459 5271 1560 5322 alii
1594 5271 1810 5333 denique

465 5373 748 5412 fanensium
779 5376 897 5414 1118?-
926 5378 1008 5415 GR.
1036 5391 1090 5403 -·
1117 5378 1226 5417 VOL-
1243 5378 1300 5417 ss·

3316 445 3428 497 ⁴97

1894 560 2328 639 ἱπποκενταύρους
2356 560 2451 631 τὴν
2488 561 2628 619 ἰδέαν
2657 553 2806 619 εἶναι.
2850 566 3248 641 Ζωογονηθῆναι
3277 567 3330 625 δὲ
3358 571 3449 631 καί

1896 638 2112 718 ταύρους
2154 638 2436 718 ἀνθρώπων
2461 639 2689 720 κεφαλὰς
2715 640 2927 720 ἔχοντας
2957 643 3047 701 καὶ
3074 644 3229 711 κύνας
3270 670 3452 727 τετρα-

1896 749 2010 802 σωμ
2022 725 2202 800 άτους,
2224 725 2377 807 οὐρὰς
2397 726 2570 806 ἰχθύος
2590 728 2648 784 ἐκ
2667 730 2767 784 τῶν
2789 727 2997 788 ὄπισθεν
3020 736 3191 810 μερῶν
3218 732 3450 812 ἔχοντας,

1895 813 1983 871 καὶ
2022 811 2210 880 ἵππους
2245 814 2656 888 κυνοκεφάλους,
2699 814 2789 873 καὶ
2831 815 3155 895 ἀνθρώπους,
3184 820 3273 878 καὶ
3302 820 3451 902 ἕτερα

1895 904 2001 969 ζῶα
2029 901 2257 982 κεφαλὰς
2285 901 2378 977 μὲν
2403 901 2494 960 καὶ
2517 901 2738 978 σώματα
2766 901 2942 962 ἵππων
2971 902 3186 983 ἔχοντα,
3211 909 3361 988 οὐρὰς
3397 909 3453 969 δὲ

1894 988 2106 1068 ἰχθύων,
2138 989 2226 1047 καὶ
2265 990 2402 1048 ἄλλα
2438 989 2493 1048 δὲ
2521 994 2628 1059 ζῶα
2656 993 3004 1052 παντοδαπῶν
3031 993 3224 1074 θηρίων
3253 998 3455 1078 μορφὰς

1895 1076 2103 1155 ἔχοντα.
2192 1077 2333 1156 Πρὸς
2359 1077 2412 1136 δὲ
2445 1077 2638 1144 τούτοις
2667 1078 2845 1157 ἰχθύας
2866 1080 2955 1137 καὶ
2979 1082 3172 1158 ἑρπετὰ
3198 1083 3290 1140 καὶ
3316 1084 3455 1165 ὄφεις

1895 1166 1983 1223 καὶ
2016 1165 2151 1224 ἄλλα
2190 1169 2297 1234 ζῶα
2327 1163 2538 1224 πλείονα
2585 1167 2863 1242 θαυμαστὰ
2904 1168 2993 1225 καὶ
3036 1172 3455 1249 παρηλλαγμένα

1895 1251 1984 1319 τὰς
2016 1251 2156 1333 ὄψεις
2190 1252 2430 1324 ἀλλήλων
2473 1252 2680 1333 ἔχοντα·
2709 1245 2782 1313 ὧν
2811 1255 2901 1313 καὶ
2929 1255 3022 1322 τὰς
3049 1257 3244 1326 εἰκόνας
3283 1262 3335 1317 ἐν
3379 1264 3454 1342 τῷ

1893 1346 1981 1398 τοῦ
2005 1340 2177 1412 Βήλου
2201 1344 2311 1421 ναῷ
2336 1343 2655 1403 ἀνακεῖσθαι.
2680 1340 2887 1422 Ἀρχειν
2920 1341 2973 1402 δὲ
3009 1345 3202 1404 τούτων
3243 1347 3454 1407 πάντων

1895 1431 2112 1505 γυναῖκα
2148 1422 2185 1506 ᾗ
2212 1429 2374 1505 ὄνομα
2412 1429 2698 1509 Ὁμόρωκα
2731 1430 3003 1510 (Ὀμόρκα
3032 1437 3231 1512 Scalig.
3252 1439 3297 1512 )·
3323 1427 3455 1500 εἶναι

1895 1516 1948 1573 δὲ
1969 1521 2121 1575 τοῦτο
2144 1517 2440 1577 Χαλδαϊστί
2471 1516 2567 1593 μὲν
2590 1518 2809 1579 Θαλάτθ
2827 1565 2841 1590 ,
2866 1518 3168 1592 Ἑλληνιστὶ
3193 1523 3245 1581 δὲ
3271 1530 3455 1605 μεθερ-

1895 1603 2207 1679 μηνεύεσθαι
2227 1604 2465 1663 θάλασσα
2481 1649 2498 1678 ,
2524 1606 2688 1676 [κατὰ
2713 1605 2767 1663 δὲ
2789 1606 3039 1687 ἰσόψηφον
3064 1609 3276 1683 σελήνη,
3297 1616 3457 1688 quod

1896 1694 2170 1766 syncelli,
2198 1705 2259 1748 ut
2280 1693 2505 1749 videtur
2522 1733 2538 1761 ,
2562 1693 3070 1774 addidaiuentum}

1975 1800 2023 1840 5.
2071 1778 2253 1845 Οὕτως
2284 1778 2337 1837 δὲ
2375 1783 2477 1837 τῶν
2515 1778 2648 1837 ὅλων
2679 1784 3066 1852 συνεστηκότων
3102 1787 3455 1847 ἐπανελθόντα

1897 1868 2069 1937 Βῆλον
2107 1866 2289 1945 σχίσαι
2314 1865 2409 1937 τὴν
2441 1870 2660 1946 γυναῖκα
2706 1866 2893 1946 μέσην,
2925 1871 3015 1928 καὶ
3050 1872 3109 1929 τὸ
3148 1872 3242 1949 μὲν
3287 1873 3455 1952 ἥμισυ

1899 1956 2057 2024 αὐτῆς
2089 1959 2307 2025 ποιῆσαι
2329 1958 2445 2032 γῆν,
2470 1953 2529 2011 τὸ
2549 1954 2602 2013 δὲ
2638 1954 2765 2014 ἄλλο
2801 1955 2965 2031 ἥμισυ
3000 1960 3234 2038 οὐρανὸν,
3267 1962 3357 2021 καὶ
3383 1963 3451 2021 τὰ

1898 2045 1949 2101 ἐν
1984 2044 2117 2122 αὐτῇ
2148 2046 2255 2111 ζῶα
2297 2041 2561 2123 ἀφανίσαι.
2647 2042 3019 2124 Ἀλληγορικῶς
3050 2047 3104 2105 δέ
3142 2071 3271 2129 φησι
3305 2056 3458 2111 τοῦτο

1896 2131 2389 2207 πεφυσιολογῆσθαι.
2474 2129 2666 2210 Ὑγροῦ
2694 2131 2796 2210 γὰρ
2833 2130 2973 2200 ὄντος
3015 2139 3105 2192 τοῦ
3146 2136 3333 2204 παντὸς
3366 2139 3458 2197 καί

1898 2214 2041 2284 ζώων
2076 2219 2129 2275 ἐν
2168 2219 2309 2297 αὐτῷ
2353 2217 2732 2296 γεγενημένων,
2763 2224 2942 2278 τοῦτον
2982 2219 3069 2278 τὸν
3102 2222 3213 2281 θεὸν
3251 2227 3456 2305 ἀφελεῖν

1896 2302 1989 2373 τὴν
2015 2307 2196 2362 ἑαυτοῦ
2222 2304 2475 2384 κεφαλὴν,
2493 2304 2583 2364 καί
2606 2303 2664 2363 τὸ
2687 2304 2800 2385 ρυἰν
2823 2297 2958 2383 αἷμα
2977 2307 3091 2374 τοὺς
3112 2309 3297 2376 ἄλλους
3315 2312 3459 2379 θεοὺς

1896 2398 2125 2469 φυρᾶσαι
2160 2395 2225 2470 τῇ
2266 2395 2369 2470 γῇ,
2410 2392 2499 2450 καὶ
2546 2390 2836 2450 διαπλάσαι
2879 2391 2994 2459 τοὺς
3034 2395 3354 2474 ἀνθρώπους·
3389 2401 3455 2456 δι’

1896 2476 1923 2534 ὃ
1945 2477 2148 2557 νοερούς
2175 2501 2230 2536 τε
2254 2469 2385 2536 εἶναι
2408 2479 2499 2537 καὶ
2523 2478 2817 2560 φρονήσεως
2839 2480 2976 2547 θείας
3002 2483 3255 2562 μετέχειν.

1974 2585 2020 2623 e.
2054 2565 2159 2625 Τὸν
2179 2564 2234 2623 δὲ
2269 2567 2459 2638 Βῆλον,
2483 2565 2540 2624 ὃν
2559 2565 2660 2626 Δία
2691 2567 3146 2647 μεθερμηνεύουσι,
3176 2570 3334 2646 μέσον
3367 2595 3452 2630 τε·

1895 2649 2061 2726 μόντα
2084 2651 2143 2709 τὸ
2169 2651 2347 2719 σκότος
2364 2651 2588 2733 χωρίσαι
2609 2657 2705 2726 γῆν
2725 2653 2815 2712 καὶ
2838 2656 3052 2733 οὐρανὸν
3074 2658 3164 2714 ἀπ’
3190 2659 3454 2736 ἀλλήλων,

1893 2738 1984 2796 καὶ
2023 2738 2258 2808 διατάξαι
2280 2739 2367 2798 τὸν
2390 2740 2609 2816 κόσμον·
2631 2740 2698 2799 τὰ
2727 2741 2780 2799 δὲ
2805 2745 2912 2810 ζῶα
2939 2744 3035 2801 οὐκ
3072 2745 3340 2822 ἐνεγκόντα
3363 2746 3457 2818 τὴν

1893 2830 1984 2884 τοῦ
2008 2827 2177 2908 φωτὸς
2200 2826 2415 2905 δύναμιν
2441 2832 2718 2909 φθαρῆναι.
2750 2828 2950 2888 Ἰδόντα
2974 2830 3029 2888 δὲ
3051 2831 3137 2889 τὸν
3158 2835 3326 2904 Βῆλον
3349 2835 3460 2912 χώ-

1901 2936 1996 2993 ραν
2027 2914 2219 2996 ἔρημον
2240 2915 2329 2974 καὶ
2359 2915 2687 2997 καρποφόρον
2719 2919 2960 2977 κελεῦσαι
2985 2919 3058 2976 ἑνὶ
3083 2921 3184 2978 τῶν
3209 2924 3337 2980 θεῶν
3365 2923 3457 2993 τὴν

1893 3096 2173 3155 posteriore
2213 3097 2367 3156 parte
2407 3094 2601 3156 equina
2615 3110 2630 3154 3
2673 3097 2936 3144 anteriore
2975 3099 3150 3146 autem
3192 3097 3453 3153 humana,

1897 3168 2183 3230 eujusmodi
2231 3172 2646 3233 hippocentauris
2674 3171 2859 3234 fiqura
2893 3176 2986 3223 est.
3030 3177 3223 3224 Tauros
3256 3186 3460 3239 quoque

1898 3247 2146 3299 humanis
2179 3261 2295 3298 cum
2317 3247 2577 3310 capitibus
2597 3252 2892 3310 procreatos
2915 3263 3018 3298 esse
3041 3250 3153 3312 (ait)
3181 3271 3193 3300 ε
3215 3255 3265 3300 et
3299 3265 3453 3301 canes

1897 3337 2013 3374 cum
2037 3325 2375 3389 quadruplici
2393 3337 2602 3388 corpore
2618 3361 2633 3385 ‚
2653 3325 2839 3388 quibus
2858 3326 3044 3376 caudae
3062 3326 3136 3377 ad
3169 3330 3338 3377 instar
3375 3332 3457 3391 pi-

1897 3407 2059 3452 scium
2081 3416 2108 3451 e
2124 3403 2365 3453 clunibus
2378 3405 2733 3463 prominerent
2756 3423 2765 3451 :
2788 3415 2939 3466 equos
2952 3407 3214 3466 pra’terea
3246 3418 3455 3465 cynoce-

1896 3481 2108 3542 phalos,
2142 3484 2193 3530 et
2218 3479 2475 3535 hominen
2514 3479 2752 3542 aliasque
2782 3480 2959 3529 beluas
2991 3480 3388 3543 nippoceplialas
3409 3484 3462 3530 et

1899 3558 2324 3620 humanasorma
2341 3571 2459 3609 cum
2472 3560 2697 3620 piscium
2714 3554 2895 3608 caudis
2916 3572 2933 3606 .-
2952 3560 3064 3608 alia
3091 3562 3304 3621 insuper
3320 3560 3458 3610 mul-

1901 3640 2103 3701 tiplicia
2126 3638 2389 3687 animalia
2422 3636 2947 3698 draconumjormam
2970 3637 3250 3699 referentia
3266 3655 3283 3687 .·
3309 3637 3456 3689 deni-

1902 3728 2000 3778 que
2031 3718 2191 3777 pisces
2214 3717 2457 3763 Sirenum
2491 3714 2689 3764 similes
2714 3715 2807 3775 (cf.
2834 3714 3061 3776 Graeca),
3081 3717 3132 3764 et
3154 3716 3372 3778 reptilia
3405 3721 3457 3767 et

1899 3795 2153 3856 serpentes
2183 3791 2581 3855 aliasqueseras
2614 3793 2753 3841 mira
2789 3794 3044 3842 varietate
3066 3795 3206 3842 inter
3222 3806 3275 3841 se
3294 3792 3457 3855 diffe-

1901 3876 2092 3933 rentes,
2114 3883 2342 3934 quarum
2358 3873 2608 3933 imaqines
2627 3874 2870 3920 accurate
2884 3870 3101 3933 depictce
3124 3874 3178 3919 in
3199 3872 3309 3921 Beli
3318 3871 3459 3932 sano

1901 3949 2340 3999 adservabantur.
2385 3952 2545 3999 Porro
2590 3952 2657 3999 iis
2697 3947 2929 3997 omnibus
2979 3946 3303 3997 dominatam
3351 3961 3458 3999 esse

1903 4028 2176 4077 mulierem
2198 4027 2488 4091 quandam,
2512 4031 2593 4077 cui
2610 4039 2788 4076 nomen
2805 4025 3094 4087 Marchaioe
3114 4025 3272 4088 (aliter
3291 4027 3458 4089 Sync.)

1902 4118 2114 4169 eamque
2143 4103 2505 4156 Chaldaeorum
2530 4105 2712 4166 linqua
2731 4105 2834 4153 dici
2862 4102 3193 4164 thaqattlzam
3223 4103 3313 4165 (ct.
3340 4107 3457 4165 syu-

1902 4183 2049 4244 cest),
2069 4195 2230 4245 yroece
2254 4195 2372 4233 vero
2384 4186 2608 4233 converti
2629 4180 2855 4230 Θάλατταν
2875 4181 3085 4243 (nempe
3100 4192 3262 4229 mare.
3290 4179 3459 4229 Glosea

1903 4264 2094 4310 Acmen.
2120 4260 2363 4323 inici-pn).

1966 4342 2010 4386 5.
2053 4340 2317 4400 Quumque
2346 4340 2520 4387 omnia
2556 4338 2679 4386 ante
2720 4336 2893 4384 mixta
2912 4332 3176 4396 fuissent,
3219 4346 3457 4398 superve-

1904 4417 2126 4464 nientem
2166 4417 2246 4463 ait
2299 4415 2477 4464 Belum
2512 4412 2739 4463 mediam
2784 4410 2999 4462 scidisse
3040 4412 3338 4468 mulierem,
3389 4425 3456 4463 ea·

1902 4495 2111 4558 ejusque
2135 4493 2344 4543 dimidio
2365 4492 2532 4543 altero
2552 4494 2767 4551 terram,
2788 4502 2853 4538 ex
2869 4490 3034 4539 altero
3055 4488 3452 4550 coelumsecisse,

1900 4572 2160 4619 universis
2179 4581 2297 4634 quoe
2321 4572 2375 4617 in
2395 4570 2510 4631 ipsa
2529 4570 2684 4617 erant
2703 4567 2867 4617 beluis
2886 4569 3231 4616 internecione
3253 4565 3453 4617 deletis.

1902 4649 1987 4697 Ait
2014 4649 2187 4696 autem
2223 4644 2285 4696 de
2320 4646 2512 4696 harum
2548 4656 2724 4695 rerum
2756 4646 2965 4694 naturis
3002 4643 3276 4705 allecorice
3296 4644 3455 4693 solers

1901 4724 2100 4774 disseri.
2122 4725 2385 4773 Nimirum
2405 4735 2506 4786 quo
2527 4725 2749 4783 tempore
2767 4718 3037 4771 humidum
3054 4723 3107 4769 et
3119 4731 3261 4783 aqua
3279 4722 3455 4770 omnia

1904 4802 2171 4862 tenebant,
2194 4800 2430 4865 nihilque
2448 4800 2515 4850 ibi
2527 4802 2722 4862 proeter
2745 4797 2922 4848 beluas
2942 4799 3080 4852 erat,
3103 4796 3299 4847 idolum
3316 4796 3458 4847 illud

1900 4882 2061 4942 caput
2078 4890 2235 4929 suum
2251 4877 2569 4941 praecidisse,
2591 4877 2995 4938 sanquinemque
3012 4873 3135 4924 inde
3152 4878 3455 4925 manantem

1902 4958 2058 5008 humo
2080 4956 2146 5007 ab
2168 4958 2291 5007 aliis
2326 4955 2478 5006 idolis
2501 4969 2606 5006 esse
2628 4957 2960 5005 commixtum
2978 4989 2994 5015 ,
3027 4956 3078 5003 et
3114 4956 3189 5003 sic
3225 4952 3453 5003 homines

1895 5039 2195 5100 procreatos
2227 5049 2244 5081 .·
2269 5038 2359 5100 qui
2399 5034 2589 5085 idcirco
2611 5037 2663 5083 et
2697 5032 3045 5095 intelllqentia
3078 5030 3296 5095 praediti
3326 5034 3453 5080 sunt

1900 5117 1952 5163 et
1970 5115 2165 5164 divina:
2192 5116 2377 5163 mentis
2394 5115 2693 5175 participes.

1960 5198 2008 5240 6.
2043 5195 2140 5252 Aqe
2166 5204 2281 5239 vero
2307 5190 2489 5240 Belum
2509 5190 2661 5251 aJ‘unt
2682 5225 2697 5249 ,
2730 5200 2881 5252 quem
2905 5188 3065 5237 Gra’ci
3093 5188 3450 5248 interpretan-

1902 5272 1990 5319 tur
2010 5268 2100 5317 Δία
2119 5268 2363 5332 (Armenii
2387 5279 2504 5317 vero
2523 5265 2853 5317 Aramasdem
2866 5266 2902 5328 )‚
2924 5267 3093 5315 scissis
3116 5262 3337 5313 tenebris
3359 5266 3454 5311 ter·

3123 5356 3177 5394 32
