<?xml version="1.0" encoding="UTF-8"?>
<!DOCTYPE html PUBLIC "-//W3C//DTD XHTML 1.0 Transitional//EN"
    "http://www.w3.org/TR/xhtml1/DTD/xhtml1-transitional.dtd">
<html xmlns="http://www.w3.org/1999/xhtml" xml:lang="en" lang="en">
 <head>
  <title>
</title>
<meta http-equiv="Content-Type" content="text/html;charset=utf-8" />
  <meta name='ocr-system' content='tesseract 3.04.00' />
  <meta name='ocr-capabilities' content='ocr_page ocr_carea ocr_par ocr_line ocrx_word'/>
</head>
<body>
  <div class='ocr_page' id='page_1' title='image "./fragmentahistor00mgoog_0498.png"; bbox 0 0 4016 5916; ppageno 0'>
   <div class='ocr_carea' id='block_1_1' title="bbox 533 425 1301 520">
    <p class='ocr_par' dir='ltr' id='par_1_1' title="bbox 533 425 1301 520">
     <span class='ocr_line' id='line_1_1' title="bbox 533 425 1301 520; baseline 0.01 -44"><span class='ocrx_word' id='word_1_1' title='bbox 533 425 644 477; x_wconf 77' lang='lat'><strong>⁴32</strong></span> <span class='ocrx_word' id='word_1_2' title='bbox 1226 471 1237 486; x_wconf 91' lang='lat'><em>.</em></span> <span class='ocrx_word' id='word_1_3' title='bbox 1284 485 1301 520; x_wconf 38' lang='lat' dir='ltr'>N</span> 
     </span>
    </p>
   </div>
   <div class='ocr_carea' id='block_1_2' title="bbox 1850 405 2391 468">
    <p class='ocr_par' dir='ltr' id='par_1_2' title="bbox 1850 405 2391 468">
     <span class='ocr_line' id='line_1_2' title="bbox 1850 405 2391 468; baseline -0.007 0"><span class='ocrx_word' id='word_1_4' title='bbox 1850 409 1912 467; x_wconf 88' lang='lat' dir='ltr'><strong>M</strong></span> <span class='ocrx_word' id='word_1_5' title='bbox 1918 405 2314 468; x_wconf 75' lang='lat' dir='ltr'><strong>EGASTREN</strong></span> <span class='ocrx_word' id='word_1_6' title='bbox 2322 406 2391 465; x_wconf 88' lang='lat' dir='ltr'><strong>ls</strong></span> 
     </span>
    </p>
   </div>
   <div class='ocr_carea' id='block_1_3' title="bbox 528 533 3752 625">
    <p class='ocr_par' dir='ltr' id='par_1_3' title="bbox 528 533 3752 625">
     <span class='ocr_line' id='line_1_3' title="bbox 528 533 3752 625; baseline -0.003 -21"><span class='ocrx_word' id='word_1_7' title='bbox 528 546 656 625; x_wconf 80' lang='grc' dir='ltr'>πρὸς</span> <span class='ocrx_word' id='word_1_8' title='bbox 673 545 818 603; x_wconf 86' lang='grc' dir='ltr'>κίονα</span> <span class='ocrx_word' id='word_1_9' title='bbox 847 533 904 602; x_wconf 62' lang='grc' dir='ltr'><strong>εὖ</strong></span> <span class='ocrx_word' id='word_1_10' title='bbox 932 541 1234 616; x_wconf 82' lang='grc' dir='ltr'><strong>πεπηγότα,</strong></span> <span class='ocrx_word' id='word_1_11' title='bbox 1255 540 1726 620; x_wconf 76' lang='grc' dir='ltr'>δαμάζουσιλιμῷ·</span> <span class='ocrx_word' id='word_1_12' title='bbox 1752 539 1929 598; x_wconf 84' lang='grc' dir='ltr'>ἔπειτα</span> <span class='ocrx_word' id='word_1_13' title='bbox 1950 537 2085 618; x_wconf 81' lang='grc' dir='ltr'>χλόῃ</span> <span class='ocrx_word' id='word_1_14' title='bbox 2174 542 2350 611; x_wconf 84' lang='grc' dir='ltr'>ληνες·</span> <span class='ocrx_word' id='word_1_15' title='bbox 2378 542 2412 609; x_wconf 86' lang='grc' dir='ltr'>ἡ</span> <span class='ocrx_word' id='word_1_16' title='bbox 2452 537 2507 597; x_wconf 79' lang='grc' dir='ltr'><strong>δὲ</strong></span> <span class='ocrx_word' id='word_1_17' title='bbox 2550 541 2651 596; x_wconf 77' lang='grc' dir='ltr'><strong>τῶν</strong></span> <span class='ocrx_word' id='word_1_18' title='bbox 2680 537 2970 619; x_wconf 77' lang='grc' dir='ltr'>ἐλεφάντων</span> <span class='ocrx_word' id='word_1_19' title='bbox 3014 536 3131 618; x_wconf 80' lang='grc' dir='ltr'>σφὶν</span> <span class='ocrx_word' id='word_1_20' title='bbox 3174 536 3305 617; x_wconf 98' lang='grc' dir='ltr'>θήρη</span> <span class='ocrx_word' id='word_1_21' title='bbox 3339 537 3483 596; x_wconf 81' lang='grc' dir='ltr'>οὖδέν</span> <span class='ocrx_word' id='word_1_22' title='bbox 3515 561 3567 596; x_wconf 92' lang='grc' dir='ltr'><strong>τι</strong></span> <span class='ocrx_word' id='word_1_23' title='bbox 3597 538 3752 618; x_wconf 75' lang='grc' dir='ltr'>ἄλλῃ</span> 
     </span>
    </p>
   </div>
   <div class='ocr_carea' id='block_1_4' title="bbox 482 625 2093 2713">
    <p class='ocr_par' dir='ltr' id='par_1_4' title="bbox 482 625 2093 2713">
     <span class='ocr_line' id='line_1_4' title="bbox 528 625 2086 708; baseline -0.006 -17"><span class='ocrx_word' id='word_1_24' title='bbox 528 634 770 708; x_wconf 76' lang='grc' dir='ltr'>καλάμου</span> <span class='ocrx_word' id='word_1_25' title='bbox 794 629 884 690; x_wconf 78' lang='grc' dir='ltr'><strong>καὶ</strong></span> <span class='ocrx_word' id='word_1_26' title='bbox 914 632 1043 698; x_wconf 89' lang='grc' dir='ltr'>πόας</span> <span class='ocrx_word' id='word_1_27' title='bbox 1071 628 1523 705; x_wconf 71' lang='grc' dir='ltr'>ἀναλαμὸάνουσι·</span> <span class='ocrx_word' id='word_1_28' title='bbox 1554 625 1686 703; x_wconf 76' lang='grc' dir='ltr'>μετὰ</span> <span class='ocrx_word' id='word_1_29' title='bbox 1711 625 1765 684; x_wconf 84' lang='grc' dir='ltr'><strong>δὲ</strong></span> <span class='ocrx_word' id='word_1_30' title='bbox 1790 632 1955 685; x_wconf 74' lang='grc' dir='ltr'>ταῦτα</span> <span class='ocrx_word' id='word_1_31' title='bbox 1974 649 2086 684; x_wconf 88' lang='grc' dir='ltr'>πει-</span> 
     </span>
     <span class='ocr_line' id='line_1_5' title="bbox 482 709 2089 800; baseline -0.005 -23"><span class='ocrx_word' id='word_1_32' title='bbox 482 755 485 766; x_wconf 91' lang='lat'>·</span> <span class='ocrx_word' id='word_1_33' title='bbox 529 723 738 800; x_wconf 83' lang='grc' dir='ltr'>θαρχεῖν</span> <span class='ocrx_word' id='word_1_34' title='bbox 790 714 1115 788; x_wconf 79' lang='grc' dir='ltr'>διδάσκουσι,</span> <span class='ocrx_word' id='word_1_35' title='bbox 1143 714 1257 782; x_wconf 76' lang='grc' dir='ltr'>τοὺς</span> <span class='ocrx_word' id='word_1_36' title='bbox 1301 714 1394 790; x_wconf 82' lang='grc' dir='ltr'><strong>μὲν</strong></span> <span class='ocrx_word' id='word_1_37' title='bbox 1429 712 1516 773; x_wconf 74' lang='grc' dir='ltr'><strong>διὰ</strong></span> <span class='ocrx_word' id='word_1_38' title='bbox 1553 711 1742 791; x_wconf 87' lang='grc' dir='ltr'>λόγου,</span> <span class='ocrx_word' id='word_1_39' title='bbox 1768 709 1883 778; x_wconf 74' lang='grc' dir='ltr'>τοὺς</span> <span class='ocrx_word' id='word_1_40' title='bbox 1912 710 1967 770; x_wconf 80' lang='grc' dir='ltr'><strong>δὲ</strong></span> <span class='ocrx_word' id='word_1_41' title='bbox 1994 734 2089 787; x_wconf 80' lang='grc' dir='ltr'><strong>με·</strong></span> 
     </span>
     <span class='ocr_line' id='line_1_6' title="bbox 527 798 2086 885; baseline -0.005 -21"><span class='ocrx_word' id='word_1_42' title='bbox 527 808 703 885; x_wconf 78' lang='grc' dir='ltr'>λισμῷ</span> <span class='ocrx_word' id='word_1_43' title='bbox 743 828 842 862; x_wconf 86' lang='grc' dir='ltr'>τινι</span> <span class='ocrx_word' id='word_1_44' title='bbox 885 804 975 863; x_wconf 73' lang='grc' dir='ltr'><strong>καὶ</strong></span> <span class='ocrx_word' id='word_1_45' title='bbox 1016 804 1370 883; x_wconf 76' lang='grc' dir='ltr'>τυμπανισμῷ</span> <span class='ocrx_word' id='word_1_46' title='bbox 1409 802 1710 874; x_wconf 77' lang='grc' dir='ltr'>κηλοῧντες·</span> <span class='ocrx_word' id='word_1_47' title='bbox 1736 798 1942 858; x_wconf 77' lang='grc' dir='ltr'>σπάνίοι</span> <span class='ocrx_word' id='word_1_48' title='bbox 1970 799 2016 857; x_wconf 85' lang='grc' dir='ltr'><strong>δ’</strong></span> <span class='ocrx_word' id='word_1_49' title='bbox 2041 800 2086 857; x_wconf 76' lang='grc' dir='ltr'><strong>οἳ</strong></span> 
     </span>
     <span class='ocr_line' id='line_1_7' title="bbox 530 883 2089 971; baseline -0.006 -19"><span class='ocrx_word' id='word_1_50' title='bbox 530 892 940 952; x_wconf 72' lang='grc' dir='ltr'>δυστιθάσευτον</span> <span class='ocrx_word' id='word_1_51' title='bbox 969 889 1120 971; x_wconf 88' lang='grc' dir='ltr'>φύσει</span> <span class='ocrx_word' id='word_1_52' title='bbox 1147 888 1248 969; x_wconf 70' lang='grc' dir='ltr'><strong>γὰρ</strong></span> <span class='ocrx_word' id='word_1_53' title='bbox 1282 889 1565 947; x_wconf 72' lang='grc' dir='ltr'>διάκεινται</span> <span class='ocrx_word' id='word_1_54' title='bbox 1606 886 1785 967; x_wconf 77' lang='grc' dir='ltr'>πράως</span> <span class='ocrx_word' id='word_1_55' title='bbox 1830 887 1919 946; x_wconf 73' lang='grc' dir='ltr'><strong>καὶ</strong></span> <span class='ocrx_word' id='word_1_56' title='bbox 1956 883 2089 960; x_wconf 83' lang='grc' dir='ltr'>ἡμέ-</span> 
     </span>
     <span class='ocr_line' id='line_1_8' title="bbox 534 966 2090 1060; baseline -0.006 -22"><span class='ocrx_word' id='word_1_57' title='bbox 534 1004 663 1060; x_wconf 87' lang='grc' dir='ltr'>ρως,</span> <span class='ocrx_word' id='word_1_58' title='bbox 710 978 833 1037; x_wconf 78' lang='grc' dir='ltr'>ὥστ’</span> <span class='ocrx_word' id='word_1_59' title='bbox 874 977 1025 1057; x_wconf 73' lang='grc' dir='ltr'>ἐγγὺς</span> <span class='ocrx_word' id='word_1_60' title='bbox 1072 966 1211 1035; x_wconf 69' lang='grc' dir='ltr'>εἶναι</span> <span class='ocrx_word' id='word_1_61' title='bbox 1254 977 1448 1056; x_wconf 77' lang='grc' dir='ltr'>λογικῷ</span> <span class='ocrx_word' id='word_1_62' title='bbox 1493 971 1632 1055; x_wconf 81' lang='grc' dir='ltr'>ζῴῳ·</span> <span class='ocrx_word' id='word_1_63' title='bbox 1675 972 1805 1039; x_wconf 75' lang='grc' dir='ltr'>τινὲς</span> <span class='ocrx_word' id='word_1_64' title='bbox 1848 970 1950 1051; x_wconf 75' lang='grc' dir='ltr'><strong>γὰρ</strong></span> <span class='ocrx_word' id='word_1_65' title='bbox 1998 970 2090 1030; x_wconf 74' lang='grc' dir='ltr'><strong>καὶ</strong></span> 
     </span>
     <span class='ocr_line' id='line_1_9' title="bbox 531 1058 2091 1144; baseline -0.005 -20"><span class='ocrx_word' id='word_1_66' title='bbox 531 1066 767 1144; x_wconf 82' lang='grc' dir='ltr'>ἐξαίμους</span> <span class='ocrx_word' id='word_1_67' title='bbox 796 1064 913 1133; x_wconf 74' lang='grc' dir='ltr'>τοὺς</span> <span class='ocrx_word' id='word_1_68' title='bbox 938 1063 1175 1144; x_wconf 80' lang='grc' dir='ltr'>ἡνιόχους</span> <span class='ocrx_word' id='word_1_69' title='bbox 1205 1066 1258 1122; x_wconf 78' lang='grc' dir='ltr'><strong>ἐν</strong></span> <span class='ocrx_word' id='word_1_70' title='bbox 1281 1071 1384 1129; x_wconf 86' lang='grc' dir='ltr'>τοῖς</span> <span class='ocrx_word' id='word_1_71' title='bbox 1422 1064 1589 1140; x_wconf 74' lang='grc' dir='ltr'>ἀγῶσι</span> <span class='ocrx_word' id='word_1_72' title='bbox 1625 1058 1878 1126; x_wconf 83' lang='grc' dir='ltr'>πεσόντας</span> <span class='ocrx_word' id='word_1_73' title='bbox 1909 1058 2091 1118; x_wconf 78' lang='grc' dir='ltr'>ἀνελό-</span> 
     </span>
     <span class='ocr_line' id='line_1_10' title="bbox 532 1145 2089 1230; baseline -0.004 -20"><span class='ocrx_word' id='word_1_74' title='bbox 532 1176 675 1230; x_wconf 81' lang='grc' dir='ltr'>μενοι</span> <span class='ocrx_word' id='word_1_75' title='bbox 699 1152 946 1222; x_wconf 83' lang='grc' dir='ltr'>σώζουσιν</span> <span class='ocrx_word' id='word_1_76' title='bbox 977 1154 1035 1211; x_wconf 79' lang='grc' dir='ltr'><strong>ἐκ</strong></span> <span class='ocrx_word' id='word_1_77' title='bbox 1051 1156 1144 1223; x_wconf 88' lang='grc' dir='ltr'><strong>τῆς</strong></span> <span class='ocrx_word' id='word_1_78' title='bbox 1166 1150 1366 1229; x_wconf 91' lang='grc' dir='ltr'>μάχης·</span> <span class='ocrx_word' id='word_1_79' title='bbox 1388 1152 1434 1207; x_wconf 77' lang='grc' dir='ltr'><strong>οῖ</strong></span> <span class='ocrx_word' id='word_1_80' title='bbox 1459 1148 1513 1206; x_wconf 79' lang='grc' dir='ltr'><strong>δὲ</strong></span> <span class='ocrx_word' id='word_1_81' title='bbox 1550 1147 1641 1206; x_wconf 76' lang='grc' dir='ltr'><strong>καὶ</strong></span> <span class='ocrx_word' id='word_1_82' title='bbox 1676 1145 1961 1213; x_wconf 79' lang='grc' dir='ltr'>ὑποδύντας</span> <span class='ocrx_word' id='word_1_83' title='bbox 1986 1169 2089 1222; x_wconf 80' lang='grc' dir='ltr'><strong>με·</strong></span> 
     </span>
     <span class='ocr_line' id='line_1_11' title="bbox 530 1234 2087 1319; baseline -0.004 -22"><span class='ocrx_word' id='word_1_84' title='bbox 530 1239 654 1308; x_wconf 75' lang='grc' dir='ltr'>ταξὺ</span> <span class='ocrx_word' id='word_1_85' title='bbox 681 1244 782 1298; x_wconf 83' lang='grc' dir='ltr'><strong>τῶν</strong></span> <span class='ocrx_word' id='word_1_86' title='bbox 819 1239 1147 1319; x_wconf 74' lang='grc' dir='ltr'>ἐμπροσθίων</span> <span class='ocrx_word' id='word_1_87' title='bbox 1167 1239 1339 1297; x_wconf 84' lang='grc' dir='ltr'>ποδῶν</span> <span class='ocrx_word' id='word_1_88' title='bbox 1368 1234 1789 1316; x_wconf 80' lang='grc' dir='ltr'>ὖπερμαχόμενοι</span> <span class='ocrx_word' id='word_1_89' title='bbox 1814 1235 2087 1293; x_wconf 79' lang='grc' dir='ltr'>διέσωσαν·</span> 
     </span>
     <span class='ocr_line' id='line_1_12' title="bbox 529 1320 2089 1408; baseline -0.003 -24"><span class='ocrx_word' id='word_1_90' title='bbox 529 1331 631 1384; x_wconf 82' lang='grc' dir='ltr'><strong>τῶν</strong></span> <span class='ocrx_word' id='word_1_91' title='bbox 656 1324 709 1384; x_wconf 75' lang='grc' dir='ltr'><strong>δὲ</strong></span> <span class='ocrx_word' id='word_1_92' title='bbox 731 1327 1061 1408; x_wconf 80' lang='grc' dir='ltr'>χορτοφόρων</span> <span class='ocrx_word' id='word_1_93' title='bbox 1082 1325 1171 1383; x_wconf 76' lang='grc' dir='ltr'><strong>καὶ</strong></span> <span class='ocrx_word' id='word_1_94' title='bbox 1196 1323 1522 1383; x_wconf 80' lang='grc' dir='ltr'>διδασκάλων</span> <span class='ocrx_word' id='word_1_95' title='bbox 1548 1323 1596 1381; x_wconf 81' lang='grc' dir='ltr'><strong>εἴ</strong></span> <span class='ocrx_word' id='word_1_96' title='bbox 1618 1346 1733 1380; x_wconf 86' lang='grc' dir='ltr'>τινα</span> <span class='ocrx_word' id='word_1_97' title='bbox 1758 1323 1902 1402; x_wconf 81' lang='grc' dir='ltr'>παρὰ</span> <span class='ocrx_word' id='word_1_98' title='bbox 1932 1320 2089 1398; x_wconf 74' lang='grc' dir='ltr'>θυμὸν</span> 
     </span>
     <span class='ocr_line' id='line_1_13' title="bbox 531 1408 2090 1486; baseline -0.003 -16"><span class='ocrx_word' id='word_1_99' title='bbox 531 1413 856 1486; x_wconf 75' lang='grc' dir='ltr'>ἀπέκτειναν,</span> <span class='ocrx_word' id='word_1_100' title='bbox 884 1412 1045 1480; x_wconf 74' lang='grc' dir='ltr'>οὕτως</span> <span class='ocrx_word' id='word_1_101' title='bbox 1087 1414 1439 1484; x_wconf 77' lang='grc' dir='ltr'>ἑπιποθοῧσιν,</span> <span class='ocrx_word' id='word_1_102' title='bbox 1478 1409 1602 1468; x_wconf 79' lang='grc' dir='ltr'>ὥσθ’</span> <span class='ocrx_word' id='word_1_103' title='bbox 1643 1411 1732 1466; x_wconf 78' lang='grc' dir='ltr'>ὑπ’</span> <span class='ocrx_word' id='word_1_104' title='bbox 1777 1408 1922 1475; x_wconf 77' lang='grc' dir='ltr'>ἀνίας</span> <span class='ocrx_word' id='word_1_105' title='bbox 1961 1408 2090 1466; x_wconf 75' lang='grc' dir='ltr'>ἀπέ-</span> 
     </span>
     <span class='ocr_line' id='line_1_14' title="bbox 529 1498 1797 1582; baseline -0.001 -24"><span class='ocrx_word' id='word_1_106' title='bbox 529 1506 714 1580; x_wconf 85' lang='grc' dir='ltr'>χεσθαι</span> <span class='ocrx_word' id='word_1_107' title='bbox 736 1506 954 1582; x_wconf 86' lang='grc' dir='ltr'>τροφῆς·</span> <span class='ocrx_word' id='word_1_108' title='bbox 976 1502 1086 1559; x_wconf 84' lang='grc' dir='ltr'>ἔστι</span> <span class='ocrx_word' id='word_1_109' title='bbox 1111 1500 1155 1559; x_wconf 84' lang='grc' dir='ltr'><strong>δ’</strong></span> <span class='ocrx_word' id='word_1_110' title='bbox 1179 1498 1267 1557; x_wconf 80' lang='grc' dir='ltr'><strong>ὅτε</strong></span> <span class='ocrx_word' id='word_1_111' title='bbox 1289 1499 1379 1556; x_wconf 78' lang='grc' dir='ltr'><strong>καὶ</strong></span> <span class='ocrx_word' id='word_1_112' title='bbox 1404 1501 1797 1577; x_wconf 83' lang='grc' dir='ltr'>ἀποκαρτερεῖν.</span> 
     </span>
     <span class='ocr_line' id='line_1_15' title="bbox 609 1582 2091 1664; baseline -0.005 -16"><span class='ocrx_word' id='word_1_113' title='bbox 609 1588 920 1656; x_wconf 75' lang='grc' dir='ltr'>Βιὸάζονται</span> <span class='ocrx_word' id='word_1_114' title='bbox 950 1586 1004 1647; x_wconf 79' lang='grc' dir='ltr'><strong>δὲ</strong></span> <span class='ocrx_word' id='word_1_115' title='bbox 1027 1585 1118 1645; x_wconf 80' lang='grc' dir='ltr'><strong>καὶ</strong></span> <span class='ocrx_word' id='word_1_116' title='bbox 1146 1586 1400 1646; x_wconf 84' lang='grc' dir='ltr'>τίκτουσιν</span> <span class='ocrx_word' id='word_1_117' title='bbox 1423 1588 1492 1653; x_wconf 81' lang='grc' dir='ltr'><strong>ὣς</strong></span> <span class='ocrx_word' id='word_1_118' title='bbox 1511 1582 1665 1643; x_wconf 72' lang='grc' dir='ltr'>ἵπποι</span> <span class='ocrx_word' id='word_1_119' title='bbox 1685 1588 1775 1642; x_wconf 78' lang='grc' dir='ltr'><strong>τοῦ</strong></span> <span class='ocrx_word' id='word_1_120' title='bbox 1806 1582 1954 1664; x_wconf 84' lang='grc' dir='ltr'>ἔαρος</span> <span class='ocrx_word' id='word_1_121' title='bbox 1986 1582 2091 1660; x_wconf 91' lang='grc' dir='ltr'><strong>μά-</strong></span> 
     </span>
     <span class='ocr_line' id='line_1_16' title="bbox 530 1668 2091 1754; baseline -0.003 -22"><span class='ocrx_word' id='word_1_122' title='bbox 530 1678 711 1733; x_wconf 88' lang='grc' dir='ltr'>λιστα·</span> <span class='ocrx_word' id='word_1_123' title='bbox 743 1673 920 1754; x_wconf 83' lang='grc' dir='ltr'>καιρὸς</span> <span class='ocrx_word' id='word_1_124' title='bbox 949 1676 992 1732; x_wconf 85' lang='grc' dir='ltr'><strong>δ’</strong></span> <span class='ocrx_word' id='word_1_125' title='bbox 1018 1673 1127 1733; x_wconf 75' lang='grc' dir='ltr'>ἐστὶ</span> <span class='ocrx_word' id='word_1_126' title='bbox 1171 1676 1246 1753; x_wconf 77' lang='grc' dir='ltr'><strong>τῷ</strong></span> <span class='ocrx_word' id='word_1_127' title='bbox 1294 1672 1386 1749; x_wconf 78' lang='grc' dir='ltr'><strong>μὲν</strong></span> <span class='ocrx_word' id='word_1_128' title='bbox 1431 1673 1634 1753; x_wconf 78' lang='grc' dir='ltr'>ἄρρενι,</span> <span class='ocrx_word' id='word_1_129' title='bbox 1663 1669 1869 1728; x_wconf 75' lang='grc' dir='ltr'>ἐπειδὰν</span> <span class='ocrx_word' id='word_1_130' title='bbox 1899 1668 2091 1750; x_wconf 78' lang='grc' dir='ltr'>οἴστρῳ</span> 
     </span>
     <span class='ocr_line' id='line_1_17' title="bbox 530 1754 2092 1841; baseline -0.003 -23"><span class='ocrx_word' id='word_1_131' title='bbox 530 1759 817 1841; x_wconf 67' lang='grc' dir='ltr'>κατέχηται</span> <span class='ocrx_word' id='word_1_132' title='bbox 844 1760 934 1819; x_wconf 70' lang='grc' dir='ltr'><strong>καὶ</strong></span> <span class='ocrx_word' id='word_1_133' title='bbox 960 1758 1228 1840; x_wconf 80' lang='grc' dir='ltr'>άγριαίνῃ·</span> <span class='ocrx_word' id='word_1_134' title='bbox 1254 1757 1367 1817; x_wconf 88' lang='grc' dir='ltr'>τότε</span> <span class='ocrx_word' id='word_1_135' title='bbox 1396 1757 1460 1829; x_wconf 82' lang='grc' dir='ltr'><strong>δὴ</strong></span> <span class='ocrx_word' id='word_1_136' title='bbox 1485 1758 1575 1815; x_wconf 70' lang='grc' dir='ltr'><strong>καὶ</strong></span> <span class='ocrx_word' id='word_1_137' title='bbox 1603 1756 1782 1824; x_wconf 79' lang='grc' dir='ltr'>λίπους</span> <span class='ocrx_word' id='word_1_138' title='bbox 1804 1779 1855 1815; x_wconf 93' lang='grc' dir='ltr'><strong>τι</strong></span> <span class='ocrx_word' id='word_1_139' title='bbox 1885 1754 1971 1814; x_wconf 74' lang='grc' dir='ltr'><strong>διὰ</strong></span> <span class='ocrx_word' id='word_1_140' title='bbox 1998 1761 2092 1828; x_wconf 90' lang='grc' dir='ltr'><strong>τῆς</strong></span> 
     </span>
     <span class='ocr_line' id='line_1_18' title="bbox 532 1842 2093 1926; baseline -0.003 -22"><span class='ocrx_word' id='word_1_141' title='bbox 532 1851 792 1918; x_wconf 72' lang='grc' dir='ltr'>ἀναπνοῆς</span> <span class='ocrx_word' id='word_1_142' title='bbox 819 1847 1043 1925; x_wconf 82' lang='grc' dir='ltr'>ἀνίησιν,</span> <span class='ocrx_word' id='word_1_143' title='bbox 1067 1845 1132 1918; x_wconf 76' lang='grc' dir='ltr'><strong>ἣν</strong></span> <span class='ocrx_word' id='word_1_144' title='bbox 1162 1844 1273 1926; x_wconf 80' lang='grc' dir='ltr'>ἔχει</span> <span class='ocrx_word' id='word_1_145' title='bbox 1301 1844 1449 1926; x_wconf 78' lang='grc' dir='ltr'>παρὰ</span> <span class='ocrx_word' id='word_1_146' title='bbox 1476 1843 1593 1910; x_wconf 77' lang='grc' dir='ltr'>τοὺς</span> <span class='ocrx_word' id='word_1_147' title='bbox 1627 1842 1938 1923; x_wconf 77' lang='grc' dir='ltr'>κροτάφους·</span> <span class='ocrx_word' id='word_1_148' title='bbox 1980 1849 2093 1908; x_wconf 83' lang='grc' dir='ltr'>ταῖς</span> 
     </span>
     <span class='ocr_line' id='line_1_19' title="bbox 530 1922 2089 2011; baseline -0.003 -21"><span class='ocrx_word' id='word_1_149' title='bbox 530 1933 585 1991; x_wconf 82' lang='grc' dir='ltr'><strong>δὲ</strong></span> <span class='ocrx_word' id='word_1_150' title='bbox 605 1934 831 2006; x_wconf 80' lang='grc' dir='ltr'>θηλείαις</span> <span class='ocrx_word' id='word_1_151' title='bbox 849 1979 865 2011; x_wconf 87' lang='grc'>,</span> <span class='ocrx_word' id='word_1_152' title='bbox 884 1933 1005 1992; x_wconf 74' lang='grc' dir='ltr'>ὅταν</span> <span class='ocrx_word' id='word_1_153' title='bbox 1025 1937 1052 1992; x_wconf 80' lang='grc' dir='ltr'>ὁ</span> <span class='ocrx_word' id='word_1_154' title='bbox 1077 1930 1227 1999; x_wconf 80' lang='grc' dir='ltr'>αὐτὸς</span> <span class='ocrx_word' id='word_1_155' title='bbox 1247 1922 1390 1999; x_wconf 71' lang='grc' dir='ltr'>οὗτος</span> <span class='ocrx_word' id='word_1_156' title='bbox 1410 1929 1564 2010; x_wconf 86' lang='grc' dir='ltr'>πόρος</span> <span class='ocrx_word' id='word_1_157' title='bbox 1583 1927 1821 2007; x_wconf 80' lang='grc' dir='ltr'>άνεωγὼς</span> <span class='ocrx_word' id='word_1_158' title='bbox 1838 1928 2089 2009; x_wconf 82' lang='grc' dir='ltr'>τυγχάνῃ.</span> 
     </span>
     <span class='ocr_line' id='line_1_20' title="bbox 534 2017 2090 2098; baseline -0.003 -18"><span class='ocrx_word' id='word_1_159' title='bbox 534 2020 733 2080; x_wconf 88' lang='grc' dir='ltr'>Κύουσι</span> <span class='ocrx_word' id='word_1_160' title='bbox 776 2021 831 2079; x_wconf 83' lang='grc' dir='ltr'><strong>δὲ</strong></span> <span class='ocrx_word' id='word_1_161' title='bbox 870 2020 988 2089; x_wconf 79' lang='grc' dir='ltr'>τοὺς</span> <span class='ocrx_word' id='word_1_162' title='bbox 1032 2019 1126 2098; x_wconf 79' lang='grc' dir='ltr'><strong>μὲν</strong></span> <span class='ocrx_word' id='word_1_163' title='bbox 1167 2020 1441 2086; x_wconf 74' lang='grc' dir='ltr'>πλείστους</span> <span class='ocrx_word' id='word_1_164' title='bbox 1484 2017 1840 2092; x_wconf 82' lang='grc' dir='ltr'>ὀκτωκαίδεκα</span> <span class='ocrx_word' id='word_1_165' title='bbox 1888 2022 2090 2094; x_wconf 87' lang='grc' dir='ltr'>μῆνας,</span> 
     </span>
     <span class='ocr_line' id='line_1_21' title="bbox 530 2103 2086 2188; baseline -0.002 -23"><span class='ocrx_word' id='word_1_166' title='bbox 530 2108 834 2187; x_wconf 78' lang='grc' dir='ltr'>ἐλαχίστους</span> <span class='ocrx_word' id='word_1_167' title='bbox 875 2110 919 2166; x_wconf 86' lang='grc' dir='ltr'><strong>δ’</strong></span> <span class='ocrx_word' id='word_1_168' title='bbox 967 2107 1273 2167; x_wconf 82' lang='grc' dir='ltr'>ἑκκαίδεκα·</span> <span class='ocrx_word' id='word_1_169' title='bbox 1306 2105 1481 2188; x_wconf 82' lang='grc' dir='ltr'>τρέφει</span> <span class='ocrx_word' id='word_1_170' title='bbox 1519 2107 1566 2165; x_wconf 88' lang='grc' dir='ltr'><strong>δ’</strong></span> <span class='ocrx_word' id='word_1_171' title='bbox 1593 2110 1627 2178; x_wconf 87' lang='grc' dir='ltr'>ἡ</span> <span class='ocrx_word' id='word_1_172' title='bbox 1663 2104 1840 2184; x_wconf 89' lang='grc' dir='ltr'>μήτηρ</span> <span class='ocrx_word' id='word_1_173' title='bbox 1882 2103 1935 2172; x_wconf 65' lang='grc' dir='ltr'><strong>ἓξ</strong></span> <span class='ocrx_word' id='word_1_174' title='bbox 1973 2103 2086 2175; x_wconf 80' lang='grc' dir='ltr'>ἔτη.</span> 
     </span>
     <span class='ocr_line' id='line_1_22' title="bbox 527 2191 2090 2276; baseline -0.004 -20"><span class='ocrx_word' id='word_1_175' title='bbox 527 2199 671 2256; x_wconf 84' lang='grc' dir='ltr'>Ζῶσι</span> <span class='ocrx_word' id='word_1_176' title='bbox 700 2198 744 2256; x_wconf 76' lang='grc' dir='ltr'><strong>δ’</strong></span> <span class='ocrx_word' id='word_1_177' title='bbox 771 2196 888 2255; x_wconf 80' lang='grc' dir='ltr'>ὅσον</span> <span class='ocrx_word' id='word_1_178' title='bbox 918 2193 1340 2276; x_wconf 75' lang='grc' dir='ltr'>μακροὸιώτατοι</span> <span class='ocrx_word' id='word_1_179' title='bbox 1364 2194 1623 2275; x_wconf 84' lang='grc' dir='ltr'>ἅνθρωποι</span> <span class='ocrx_word' id='word_1_180' title='bbox 1645 2196 1694 2253; x_wconf 75' lang='grc' dir='ltr'><strong>οἱ</strong></span> <span class='ocrx_word' id='word_1_181' title='bbox 1714 2193 1930 2269; x_wconf 78' lang='grc' dir='ltr'>πολλοὶ,</span> <span class='ocrx_word' id='word_1_182' title='bbox 1946 2191 2090 2259; x_wconf 80' lang='grc' dir='ltr'>,τινὲς</span> 
     </span>
     <span class='ocr_line' id='line_1_23' title="bbox 530 2275 2089 2359; baseline -0.003 -17"><span class='ocrx_word' id='word_1_183' title='bbox 530 2282 585 2342; x_wconf 76' lang='grc' dir='ltr'><strong>δὲ</strong></span> <span class='ocrx_word' id='word_1_184' title='bbox 629 2283 718 2342; x_wconf 83' lang='grc' dir='ltr'><strong>καὶ</strong></span> <span class='ocrx_word' id='word_1_185' title='bbox 761 2283 848 2343; x_wconf 79' lang='grc' dir='ltr'>ἐπὶ</span> <span class='ocrx_word' id='word_1_186' title='bbox 901 2282 1142 2342; x_wconf 88' lang='grc' dir='ltr'>διακόσια</span> <span class='ocrx_word' id='word_1_187' title='bbox 1180 2281 1517 2342; x_wconf 84' lang='grc' dir='ltr'>διατείνουσιν</span> <span class='ocrx_word' id='word_1_188' title='bbox 1555 2275 1703 2359; x_wconf 70' lang='grc' dir='ltr'>ἔτη,’</span> <span class='ocrx_word' id='word_1_189' title='bbox 1723 2279 1999 2340; x_wconf 89' lang='grc' dir='ltr'>πολύνοσοι</span> <span class='ocrx_word' id='word_1_190' title='bbox 2034 2278 2089 2337; x_wconf 80' lang='grc' dir='ltr'><strong>δὲ</strong></span> 
     </span>
     <span class='ocr_line' id='line_1_24' title="bbox 530 2364 2087 2451; baseline -0.004 -21"><span class='ocrx_word' id='word_1_191' title='bbox 530 2370 619 2430; x_wconf 75' lang='grc' dir='ltr'><strong>καὶ</strong></span> <span class='ocrx_word' id='word_1_192' title='bbox 639 2370 894 2434; x_wconf 82' lang='grc' dir='ltr'>δυσίατοι.</span> <span class='ocrx_word' id='word_1_193' title='bbox 916 2364 1070 2438; x_wconf 78' lang='grc' dir='ltr'>Ἀκος</span> <span class='ocrx_word' id='word_1_194' title='bbox 1093 2368 1149 2429; x_wconf 81' lang='grc' dir='ltr'><strong>δὲ</strong></span> <span class='ocrx_word' id='word_1_195' title='bbox 1168 2368 1293 2450; x_wconf 69' lang='grc' dir='ltr'>πρὸς</span> <span class='ocrx_word' id='word_1_196' title='bbox 1316 2368 1609 2451; x_wconf 84' lang='grc' dir='ltr'>ὀφθαλμίαν</span> <span class='ocrx_word' id='word_1_197' title='bbox 1641 2368 1736 2446; x_wconf 82' lang='grc' dir='ltr'><strong>μὲν</strong></span> <span class='ocrx_word' id='word_1_198' title='bbox 1761 2368 1928 2446; x_wconf 83' lang='grc' dir='ltr'>βόειον</span> <span class='ocrx_word' id='word_1_199' title='bbox 1948 2366 2087 2445; x_wconf 86' lang='grc' dir='ltr'>γάλα</span> 
     </span>
     <span class='ocr_line' id='line_1_25' title="bbox 529 2451 2086 2539; baseline -0.003 -25"><span class='ocrx_word' id='word_1_200' title='bbox 529 2459 992 2539; x_wconf 80' lang='grc' dir='ltr'>προσκλυζόμενον,</span> <span class='ocrx_word' id='word_1_201' title='bbox 1043 2465 1148 2523; x_wconf 86' lang='grc' dir='ltr'>τοῖς</span> <span class='ocrx_word' id='word_1_202' title='bbox 1202 2451 1460 2523; x_wconf 73' lang='grc' dir='ltr'>πλείστοις</span> <span class='ocrx_word' id='word_1_203' title='bbox 1512 2456 1567 2515; x_wconf 86' lang='grc' dir='ltr'><strong>δὲ</strong></span> <span class='ocrx_word' id='word_1_204' title='bbox 1608 2459 1719 2514; x_wconf 75' lang='grc' dir='ltr'><strong>τῶν</strong></span> <span class='ocrx_word' id='word_1_205' title='bbox 1780 2452 2086 2530; x_wconf 83' lang='grc' dir='ltr'>νοσημάτων</span> 
     </span>
     <span class='ocr_line' id='line_1_26' title="bbox 532 2537 2087 2622; baseline -0.003 -20"><span class='ocrx_word' id='word_1_206' title='bbox 532 2548 559 2602; x_wconf 80' lang='grc' dir='ltr'><strong><em>ὃ</em></strong></span> <span class='ocrx_word' id='word_1_207' title='bbox 588 2544 751 2619; x_wconf 88' lang='grc' dir='ltr'>μέλας</span> <span class='ocrx_word' id='word_1_208' title='bbox 772 2537 902 2611; x_wconf 73' lang='grc' dir='ltr'>οἶνος</span> <span class='ocrx_word' id='word_1_209' title='bbox 923 2543 1195 2621; x_wconf 87' lang='grc' dir='ltr'>πινόμενος</span> <span class='ocrx_word' id='word_1_210' title='bbox 1210 2588 1227 2616; x_wconf 98' lang='grc'>,</span> <span class='ocrx_word' id='word_1_211' title='bbox 1246 2543 1513 2622; x_wconf 79' lang='grc' dir='ltr'>τραύμασι</span> <span class='ocrx_word' id='word_1_212' title='bbox 1537 2542 1590 2602; x_wconf 79' lang='grc' dir='ltr'><strong>δὲ</strong></span> <span class='ocrx_word' id='word_1_213' title='bbox 1610 2542 1766 2601; x_wconf 82' lang='grc' dir='ltr'>ποτὸν</span> <span class='ocrx_word' id='word_1_214' title='bbox 1787 2539 1882 2618; x_wconf 82' lang='grc' dir='ltr'><strong>μὲν</strong></span> <span class='ocrx_word' id='word_1_215' title='bbox 1904 2539 2087 2620; x_wconf 85' lang='grc' dir='ltr'>βούτυ·</span> 
     </span>
     <span class='ocr_line' id='line_1_27' title="bbox 532 2630 2089 2713; baseline -0.001 -24"><span class='ocrx_word' id='word_1_216' title='bbox 532 2655 636 2711; x_wconf 91' lang='grc' dir='ltr'>ρον,</span> <span class='ocrx_word' id='word_1_217' title='bbox 666 2631 833 2711; x_wconf 77' lang='grc' dir='ltr'>ἐξάγει</span> <span class='ocrx_word' id='word_1_218' title='bbox 865 2634 965 2712; x_wconf 80' lang='grc' dir='ltr'><strong>γὰρ</strong></span> <span class='ocrx_word' id='word_1_219' title='bbox 1007 2631 1073 2690; x_wconf 71' lang='grc' dir='ltr'><strong>τὰ</strong></span> <span class='ocrx_word' id='word_1_220' title='bbox 1104 2630 1311 2712; x_wconf 79' lang='grc' dir='ltr'>σιδήρια</span> <span class='ocrx_word' id='word_1_221' title='bbox 1330 2651 1347 2667; x_wconf 91' lang='grc'>·</span> <span class='ocrx_word' id='word_1_222' title='bbox 1378 2630 1443 2690; x_wconf 75' lang='grc' dir='ltr'><strong>τὰ</strong></span> <span class='ocrx_word' id='word_1_223' title='bbox 1483 2635 1527 2692; x_wconf 76' lang='grc' dir='ltr'><strong>δ’</strong></span> <span class='ocrx_word' id='word_1_224' title='bbox 1556 2633 1683 2706; x_wconf 80' lang='grc' dir='ltr'>ἕλκη</span> <span class='ocrx_word' id='word_1_225' title='bbox 1725 2631 1901 2713; x_wconf 77' lang='grc' dir='ltr'>σαρξὶν</span> <span class='ocrx_word' id='word_1_226' title='bbox 1932 2630 2089 2698; x_wconf 71' lang='grc' dir='ltr'>ὑείαις</span> 
     </span>
    </p>
   </div>
   <div class='ocr_carea' id='block_1_5' title="bbox 528 2722 802 2797">
    <p class='ocr_par' dir='ltr' id='par_1_5' title="bbox 528 2722 802 2797">
     <span class='ocr_line' id='line_1_28' title="bbox 528 2722 802 2797; baseline 0.004 -19"><span class='ocrx_word' id='word_1_227' title='bbox 528 2722 802 2797; x_wconf 79' lang='grc' dir='ltr'>πυριῶσιν.</span> 
     </span>
    </p>
   </div>
   <div class='ocr_carea' id='block_1_6' title="bbox 1277 2835 1371 2894">
    <p class='ocr_par' dir='ltr' id='par_1_6' title="bbox 1277 2835 1371 2894">
     <span class='ocr_line' id='line_1_29' title="bbox 1277 2835 1371 2894; baseline 0.032 -4"><span class='ocrx_word' id='word_1_228' title='bbox 1277 2835 1371 2894; x_wconf 85' lang='grc'><strong>38.</strong></span> 
     </span>
    </p>
   </div>
   <div class='ocr_carea' id='block_1_7' title="bbox 531 2982 2087 3152">
    <p class='ocr_par' dir='ltr' id='par_1_7' title="bbox 531 2982 2087 3152">
     <span class='ocr_line' id='line_1_30' title="bbox 613 2982 2087 3064; baseline 0.001 -24"><span class='ocrx_word' id='word_1_229' title='bbox 613 2985 879 3040; x_wconf 86' lang='lat' dir='ltr'><strong>Arrianus</strong></span> <span class='ocrx_word' id='word_1_230' title='bbox 906 2982 1035 3039; x_wconf 87' lang='lat' dir='ltr'><strong>Ind.</strong></span> <span class='ocrx_word' id='word_1_231' title='bbox 1069 3004 1119 3039; x_wconf 88' lang='lat' dir='ltr'><strong>c.</strong></span> <span class='ocrx_word' id='word_1_232' title='bbox 1155 2984 1222 3040; x_wconf 83' lang='lat'><strong>13</strong></span> <span class='ocrx_word' id='word_1_233' title='bbox 1253 2984 1557 3061; x_wconf 83' lang='lat' dir='ltr'><strong>(antecedit</strong></span> <span class='ocrx_word' id='word_1_234' title='bbox 1578 2987 1649 3045; x_wconf 84' lang='lat' dir='ltr'><strong>fr.</strong></span> <span class='ocrx_word' id='word_1_235' title='bbox 1686 2985 1779 3063; x_wconf 83' lang='lat'><strong>35)</strong></span> <span class='ocrx_word' id='word_1_236' title='bbox 1818 3006 1832 3041; x_wconf 76' lang='grc' dir='ltr'><strong>τ</strong></span> <span class='ocrx_word' id='word_1_237' title='bbox 1867 2988 2087 3064; x_wconf 81' lang='grc' dir='ltr'>Θηρῶσι</span> 
     </span>
     <span class='ocr_line' id='line_1_31' title="bbox 531 3067 2084 3152; baseline 0.001 -25"><span class='ocrx_word' id='word_1_238' title='bbox 531 3068 585 3127; x_wconf 81' lang='grc' dir='ltr'><strong>δὲ</strong></span> <span class='ocrx_word' id='word_1_239' title='bbox 609 3068 760 3127; x_wconf 81' lang='grc' dir='ltr'>Ἰνδοὶ</span> <span class='ocrx_word' id='word_1_240' title='bbox 782 3067 847 3126; x_wconf 81' lang='grc' dir='ltr'><strong>τὰ</strong></span> <span class='ocrx_word' id='word_1_241' title='bbox 879 3068 972 3143; x_wconf 82' lang='grc' dir='ltr'><strong>μὲν</strong></span> <span class='ocrx_word' id='word_1_242' title='bbox 1005 3069 1139 3127; x_wconf 80' lang='grc' dir='ltr'>ἄλλα</span> <span class='ocrx_word' id='word_1_243' title='bbox 1165 3069 1321 3151; x_wconf 82' lang='grc' dir='ltr'>ἄγρια</span> <span class='ocrx_word' id='word_1_244' title='bbox 1346 3070 1530 3150; x_wconf 83' lang='grc' dir='ltr'>θηρία,</span> <span class='ocrx_word' id='word_1_245' title='bbox 1552 3070 1790 3152; x_wconf 86' lang='grc' dir='ltr'>κατάπερ</span> <span class='ocrx_word' id='word_1_246' title='bbox 1822 3072 1912 3129; x_wconf 78' lang='grc' dir='ltr'><strong>καὶ</strong></span> <span class='ocrx_word' id='word_1_247' title='bbox 1949 3068 2084 3130; x_wconf 84' lang='grc' dir='ltr'><strong>Ἕλ-</strong></span> 
     </span>
    </p>
   </div>
   <div class='ocr_carea' id='block_1_8' title="bbox 524 3234 2093 5069">
    <p class='ocr_par' dir='ltr' id='par_1_8' title="bbox 524 3234 2092 3990">
     <span class='ocr_line' id='line_1_32' title="bbox 530 3234 2090 3301; baseline 0.003 -18"><span class='ocrx_word' id='word_1_248' title='bbox 530 3234 679 3284; x_wconf 82' lang='lat' dir='ltr'><strong>herba</strong></span> <span class='ocrx_word' id='word_1_249' title='bbox 706 3236 781 3284; x_wconf 78' lang='lat' dir='ltr'><strong>vel</strong></span> <span class='ocrx_word' id='word_1_250' title='bbox 809 3236 1041 3286; x_wconf 86' lang='lat' dir='ltr'><strong>arundine</strong></span> <span class='ocrx_word' id='word_1_251' title='bbox 1077 3236 1213 3286; x_wconf 76' lang='lat' dir='ltr'><strong>viridi</strong></span> <span class='ocrx_word' id='word_1_252' title='bbox 1249 3238 1545 3301; x_wconf 77' lang='lat' dir='ltr'><strong>reficiuntur,</strong></span> <span class='ocrx_word' id='word_1_253' title='bbox 1568 3241 1676 3301; x_wconf 89' lang='lat' dir='ltr'><strong>post</strong></span> <span class='ocrx_word' id='word_1_254' title='bbox 1702 3239 1980 3289; x_wconf 88' lang='lat' dir='ltr'><strong>cicurantur</strong></span> <span class='ocrx_word' id='word_1_255' title='bbox 2012 3239 2090 3287; x_wconf 89' lang='lat' dir='ltr'><strong>alii</strong></span> 
     </span>
     <span class='ocr_line' id='line_1_33' title="bbox 535 3312 2091 3378; baseline 0.002 -17"><span class='ocrx_word' id='word_1_256' title='bbox 535 3312 770 3372; x_wconf 88' lang='lat' dir='ltr'><strong>oratione,</strong></span> <span class='ocrx_word' id='word_1_257' title='bbox 789 3313 869 3362; x_wconf 89' lang='lat' dir='ltr'><strong>alii</strong></span> <span class='ocrx_word' id='word_1_258' title='bbox 889 3317 1035 3362; x_wconf 87' lang='lat' dir='ltr'><strong>cantu</strong></span> <span class='ocrx_word' id='word_1_259' title='bbox 1061 3315 1221 3377; x_wconf 88' lang='lat' dir='ltr'><strong>aliquo</strong></span> <span class='ocrx_word' id='word_1_260' title='bbox 1239 3316 1314 3363; x_wconf 84' lang='lat' dir='ltr'><strong>vel</strong></span> <span class='ocrx_word' id='word_1_261' title='bbox 1335 3316 1548 3378; x_wconf 74' lang='lat' dir='ltr'><strong>tympani</strong></span> <span class='ocrx_word' id='word_1_262' title='bbox 1575 3317 1732 3365; x_wconf 87' lang='lat' dir='ltr'><strong>sonitu</strong></span> <span class='ocrx_word' id='word_1_263' title='bbox 1757 3316 1954 3367; x_wconf 87' lang='lat' dir='ltr'><strong>deliniti.</strong></span> <span class='ocrx_word' id='word_1_264' title='bbox 1980 3315 2091 3365; x_wconf 80' lang='lat' dir='ltr'><strong>Rari</strong></span> 
     </span>
     <span class='ocr_line' id='line_1_34' title="bbox 530 3391 2092 3452; baseline 0.003 -13"><span class='ocrx_word' id='word_1_265' title='bbox 530 3391 645 3440; x_wconf 89' lang='lat' dir='ltr'><strong>sunt</strong></span> <span class='ocrx_word' id='word_1_266' title='bbox 660 3391 742 3452; x_wconf 86' lang='lat' dir='ltr'><strong>qui</strong></span> <span class='ocrx_word' id='word_1_267' title='bbox 763 3404 860 3440; x_wconf 91' lang='lat' dir='ltr'><strong>non</strong></span> <span class='ocrx_word' id='word_1_268' title='bbox 880 3391 1018 3441; x_wconf 76' lang='lat' dir='ltr'><strong>facile</strong></span> <span class='ocrx_word' id='word_1_269' title='bbox 1049 3396 1382 3443; x_wconf 73' lang='lat' dir='ltr'><strong>mansuescant</strong></span> <span class='ocrx_word' id='word_1_270' title='bbox 1404 3413 1416 3443; x_wconf 73' lang='grc' dir='ltr'><strong>ε</strong></span> <span class='ocrx_word' id='word_1_271' title='bbox 1438 3397 1550 3444; x_wconf 85' lang='lat' dir='ltr'><strong>sunt</strong></span> <span class='ocrx_word' id='word_1_272' title='bbox 1568 3394 1696 3444; x_wconf 87' lang='lat' dir='ltr'><strong>enim</strong></span> <span class='ocrx_word' id='word_1_273' title='bbox 1713 3408 1741 3443; x_wconf 91' lang='lat' dir='ltr'><strong>a</strong></span> <span class='ocrx_word' id='word_1_274' title='bbox 1760 3398 1933 3445; x_wconf 88' lang='lat' dir='ltr'><strong>natura</strong></span> <span class='ocrx_word' id='word_1_275' title='bbox 1951 3395 2092 3443; x_wconf 87' lang='lat' dir='ltr'><strong>mites</strong></span> 
     </span>
     <span class='ocr_line' id='line_1_35' title="bbox 529 3467 2086 3534; baseline 0.004 -19"><span class='ocrx_word' id='word_1_276' title='bbox 529 3469 578 3515; x_wconf 90' lang='lat' dir='ltr'><strong>et</strong></span> <span class='ocrx_word' id='word_1_277' title='bbox 600 3467 864 3529; x_wconf 89' lang='lat' dir='ltr'><strong>mansueti,</strong></span> <span class='ocrx_word' id='word_1_278' title='bbox 889 3470 938 3518; x_wconf 89' lang='lat' dir='ltr'><strong>et</strong></span> <span class='ocrx_word' id='word_1_279' title='bbox 956 3468 1015 3518; x_wconf 91' lang='lat' dir='ltr'><strong>ad</strong></span> <span class='ocrx_word' id='word_1_280' title='bbox 1048 3468 1308 3520; x_wconf 73' lang='lat' dir='ltr'><strong>animantia</strong></span> <span class='ocrx_word' id='word_1_281' title='bbox 1331 3473 1517 3521; x_wconf 88' lang='lat' dir='ltr'><strong>ratione</strong></span> <span class='ocrx_word' id='word_1_282' title='bbox 1539 3472 1750 3534; x_wconf 76' lang='lat' dir='ltr'><strong>praedita.</strong></span> <span class='ocrx_word' id='word_1_283' title='bbox 1763 3473 1979 3534; x_wconf 78' lang='lat' dir='ltr'><strong>proxime</strong></span> <span class='ocrx_word' id='word_1_284' title='bbox 2005 3485 2086 3521; x_wconf 86' lang='lat' dir='ltr'><strong>ac-</strong></span> 
     </span>
     <span class='ocr_line' id='line_1_36' title="bbox 526 3543 2091 3610; baseline 0.003 -17"><span class='ocrx_word' id='word_1_285' title='bbox 526 3543 723 3594; x_wconf 87' lang='lat' dir='ltr'><strong>cedunt.</strong></span> <span class='ocrx_word' id='word_1_286' title='bbox 788 3544 995 3604; x_wconf 87' lang='lat' dir='ltr'><strong>Quidam</strong></span> <span class='ocrx_word' id='word_1_287' title='bbox 1013 3545 1200 3609; x_wconf 83' lang='lat' dir='ltr'><strong>aurigas</strong></span> <span class='ocrx_word' id='word_1_288' title='bbox 1218 3560 1352 3609; x_wconf 77' lang='lat' dir='ltr'><strong>suas,</strong></span> <span class='ocrx_word' id='word_1_289' title='bbox 1372 3547 1454 3610; x_wconf 91' lang='lat' dir='ltr'><strong>qui</strong></span> <span class='ocrx_word' id='word_1_290' title='bbox 1476 3549 1523 3596; x_wconf 90' lang='lat' dir='ltr'><strong>in</strong></span> <span class='ocrx_word' id='word_1_291' title='bbox 1542 3550 1798 3598; x_wconf 77' lang='lat' dir='ltr'><strong>certamine</strong></span> <span class='ocrx_word' id='word_1_292' title='bbox 1817 3548 2091 3599; x_wconf 87' lang='lat' dir='ltr'><strong>ceciderunt</strong></span> 
     </span>
     <span class='ocr_line' id='line_1_37' title="bbox 524 3620 2091 3688; baseline 0.004 -18"><span class='ocrx_word' id='word_1_293' title='bbox 524 3634 557 3670; x_wconf 88' lang='lat' dir='ltr'><strong>e</strong></span> <span class='ocrx_word' id='word_1_294' title='bbox 587 3620 751 3683; x_wconf 77' lang='lat' dir='ltr'><strong>praelio</strong></span> <span class='ocrx_word' id='word_1_295' title='bbox 767 3623 999 3684; x_wconf 80' lang='lat' dir='ltr'><strong>efferunt;</strong></span> <span class='ocrx_word' id='word_1_296' title='bbox 1022 3623 1101 3672; x_wconf 85' lang='lat' dir='ltr'><strong>alii</strong></span> <span class='ocrx_word' id='word_1_297' title='bbox 1132 3637 1214 3674; x_wconf 85' lang='lat' dir='ltr'><strong>eos</strong></span> <span class='ocrx_word' id='word_1_298' title='bbox 1237 3625 1319 3688; x_wconf 91' lang='lat' dir='ltr'><strong>qui</strong></span> <span class='ocrx_word' id='word_1_299' title='bbox 1336 3638 1423 3688; x_wconf 88' lang='lat' dir='ltr'><strong>per</strong></span> <span class='ocrx_word' id='word_1_300' title='bbox 1448 3626 1706 3676; x_wconf 86' lang='lat' dir='ltr'><strong>anteriores</strong></span> <span class='ocrx_word' id='word_1_301' title='bbox 1738 3626 1880 3687; x_wconf 80' lang='lat' dir='ltr'><strong>pedes</strong></span> <span class='ocrx_word' id='word_1_302' title='bbox 1896 3629 2091 3676; x_wconf 88' lang='lat' dir='ltr'><strong>uterum</strong></span> 
     </span>
     <span class='ocr_line' id='line_1_38' title="bbox 527 3699 2081 3768; baseline 0.005 -20"><span class='ocrx_word' id='word_1_303' title='bbox 527 3699 791 3763; x_wconf 85' lang='lat' dir='ltr'><strong>subierunt,</strong></span> <span class='ocrx_word' id='word_1_304' title='bbox 812 3702 1153 3765; x_wconf 86' lang='lat' dir='ltr'><strong>propugnando</strong></span> <span class='ocrx_word' id='word_1_305' title='bbox 1186 3707 1456 3754; x_wconf 81' lang='lat' dir='ltr'><strong>servarunt.</strong></span> <span class='ocrx_word' id='word_1_306' title='bbox 1522 3705 1702 3763; x_wconf 78' lang='lat' dir='ltr'>Quodsi</span> <span class='ocrx_word' id='word_1_307' title='bbox 1720 3718 1865 3768; x_wconf 87' lang='lat' dir='ltr'><strong>quem</strong></span> <span class='ocrx_word' id='word_1_308' title='bbox 1884 3718 1912 3754; x_wconf 91' lang='lat' dir='ltr'><strong>e</strong></span> <span class='ocrx_word' id='word_1_309' title='bbox 1948 3718 2081 3755; x_wconf 84' lang='lat' dir='ltr'><strong>cura-</strong></span> 
     </span>
     <span class='ocr_line' id='line_1_39' title="bbox 527 3776 2090 3844; baseline 0.006 -20"><span class='ocrx_word' id='word_1_310' title='bbox 527 3776 715 3826; x_wconf 79' lang='lat' dir='ltr'><strong>toribus</strong></span> <span class='ocrx_word' id='word_1_311' title='bbox 737 3777 813 3827; x_wconf 84' lang='lat' dir='ltr'><strong>vel</strong></span> <span class='ocrx_word' id='word_1_312' title='bbox 831 3778 1065 3841; x_wconf 76' lang='lat' dir='ltr'><strong>magistris</strong></span> <span class='ocrx_word' id='word_1_313' title='bbox 1084 3794 1168 3842; x_wconf 89' lang='lat' dir='ltr'><strong>per</strong></span> <span class='ocrx_word' id='word_1_314' title='bbox 1192 3781 1310 3830; x_wconf 89' lang='lat' dir='ltr'><strong>iram</strong></span> <span class='ocrx_word' id='word_1_315' title='bbox 1324 3781 1647 3832; x_wconf 74' lang='lat' dir='ltr'><strong>interfecerint</strong></span> <span class='ocrx_word' id='word_1_316' title='bbox 1661 3819 1676 3844; x_wconf 93' lang='lat'><strong>,</strong></span> <span class='ocrx_word' id='word_1_317' title='bbox 1701 3782 1821 3832; x_wconf 89' lang='lat' dir='ltr'><strong>adeo</strong></span> <span class='ocrx_word' id='word_1_318' title='bbox 1844 3782 1978 3832; x_wconf 85' lang='lat' dir='ltr'><strong>illurn</strong></span> <span class='ocrx_word' id='word_1_319' title='bbox 2001 3784 2090 3834; x_wconf 88' lang='lat' dir='ltr'><strong>de·</strong></span> 
     </span>
     <span class='ocr_line' id='line_1_40' title="bbox 528 3853 2092 3923; baseline 0.005 -20"><span class='ocrx_word' id='word_1_320' title='bbox 528 3853 767 3914; x_wconf 67' lang='lat' dir='ltr'><strong>siderant,</strong></span> <span class='ocrx_word' id='word_1_321' title='bbox 788 3858 844 3906; x_wconf 89' lang='lat' dir='ltr'><strong>ut</strong></span> <span class='ocrx_word' id='word_1_322' title='bbox 861 3868 962 3920; x_wconf 81' lang='lat' dir='ltr'><strong>prae</strong></span> <span class='ocrx_word' id='word_1_323' title='bbox 985 3870 1190 3909; x_wconf 86' lang='lat' dir='ltr'><strong>moerore</strong></span> <span class='ocrx_word' id='word_1_324' title='bbox 1207 3871 1237 3908; x_wconf 88' lang='lat' dir='ltr'><strong>a</strong></span> <span class='ocrx_word' id='word_1_325' title='bbox 1251 3859 1357 3910; x_wconf 86' lang='lat' dir='ltr'><strong>cibo</strong></span> <span class='ocrx_word' id='word_1_326' title='bbox 1381 3860 1667 3923; x_wconf 86' lang='lat' dir='ltr'><strong>abstineant,</strong></span> <span class='ocrx_word' id='word_1_327' title='bbox 1687 3859 1927 3911; x_wconf 88' lang='lat' dir='ltr'><strong>interdum</strong></span> <span class='ocrx_word' id='word_1_328' title='bbox 1946 3861 2092 3911; x_wconf 83' lang='lat' dir='ltr'><strong>etiarn</strong></span> 
     </span>
     <span class='ocr_line' id='line_1_41' title="bbox 525 3932 1348 3990; baseline 0.01 -8"><span class='ocrx_word' id='word_1_329' title='bbox 525 3934 683 3984; x_wconf 87' lang='lat' dir='ltr'><strong>media</strong></span> <span class='ocrx_word' id='word_1_330' title='bbox 704 3932 794 3985; x_wconf 82' lang='lat' dir='ltr'><strong>sibi</strong></span> <span class='ocrx_word' id='word_1_331' title='bbox 814 3938 1019 3987; x_wconf 87' lang='lat' dir='ltr'><strong>mortem</strong></span> <span class='ocrx_word' id='word_1_332' title='bbox 1038 3938 1348 3990; x_wconf 76' lang='lat' dir='ltr'><strong>consolacant.</strong></span> 
     </span>
    </p>

    <p class='ocr_par' dir='ltr' id='par_1_9' title="bbox 528 4012 2093 5069">
     <span class='ocr_line' id='line_1_42' title="bbox 591 4012 2087 4081; baseline 0.005 -20"><span class='ocrx_word' id='word_1_333' title='bbox 591 4012 840 4074; x_wconf 73' lang='lat' dir='ltr'><strong>Elephanti</strong></span> <span class='ocrx_word' id='word_1_334' title='bbox 866 4017 1042 4064; x_wconf 87' lang='lat' dir='ltr'><strong>coeunt</strong></span> <span class='ocrx_word' id='word_1_335' title='bbox 1067 4017 1117 4064; x_wconf 87' lang='lat' dir='ltr'><strong>et</strong></span> <span class='ocrx_word' id='word_1_336' title='bbox 1148 4016 1367 4078; x_wconf 85' lang='lat' dir='ltr'><strong>pariunt,</strong></span> <span class='ocrx_word' id='word_1_337' title='bbox 1402 4020 1460 4067; x_wconf 88' lang='lat' dir='ltr'><strong>nt</strong></span> <span class='ocrx_word' id='word_1_338' title='bbox 1498 4018 1609 4081; x_wconf 90' lang='lat' dir='ltr'><strong>eqni</strong></span> <span class='ocrx_word' id='word_1_339' title='bbox 1627 4055 1642 4079; x_wconf 92' lang='lat'><strong>,</strong></span> <span class='ocrx_word' id='word_1_340' title='bbox 1675 4019 1937 4081; x_wconf 85' lang='lat' dir='ltr'><strong>plurimum</strong></span> <span class='ocrx_word' id='word_1_341' title='bbox 1960 4033 2087 4070; x_wconf 86' lang='lat' dir='ltr'><strong>vere.</strong></span> 
     </span>
     <span class='ocr_line' id='line_1_43' title="bbox 530 4091 2093 4159; baseline 0.006 -21"><span class='ocrx_word' id='word_1_342' title='bbox 530 4091 649 4138; x_wconf 82' lang='lat' dir='ltr'><strong>Mari</strong></span> <span class='ocrx_word' id='word_1_343' title='bbox 683 4092 840 4140; x_wconf 87' lang='lat' dir='ltr'><strong>coitus</strong></span> <span class='ocrx_word' id='word_1_344' title='bbox 869 4092 1183 4154; x_wconf 82' lang='lat' dir='ltr'><strong>tempestivus</strong></span> <span class='ocrx_word' id='word_1_345' title='bbox 1212 4096 1286 4144; x_wconf 85' lang='lat' dir='ltr'><strong>est</strong></span> <span class='ocrx_word' id='word_1_346' title='bbox 1302 4131 1317 4157; x_wconf 89' lang='lat'><strong>,</strong></span> <span class='ocrx_word' id='word_1_347' title='bbox 1347 4095 1431 4145; x_wconf 84' lang='lat' dir='ltr'><strong>ubi</strong></span> <span class='ocrx_word' id='word_1_348' title='bbox 1460 4098 1606 4145; x_wconf 57' lang='lat' dir='ltr'><strong>ostro</strong></span> <span class='ocrx_word' id='word_1_349' title='bbox 1639 4099 1886 4159; x_wconf 85' lang='lat' dir='ltr'><strong>correptus</strong></span> <span class='ocrx_word' id='word_1_350' title='bbox 1922 4098 2093 4147; x_wconf 78' lang='lat' dir='ltr'><strong>saevire</strong></span> 
     </span>
     <span class='ocr_line' id='line_1_44' title="bbox 529 4167 2091 4237; baseline 0.006 -22"><span class='ocrx_word' id='word_1_351' title='bbox 529 4167 731 4229; x_wconf 84' lang='lat' dir='ltr'><strong>occipit;</strong></span> <span class='ocrx_word' id='word_1_352' title='bbox 756 4170 873 4218; x_wconf 86' lang='lat' dir='ltr'><strong>tunc</strong></span> <span class='ocrx_word' id='word_1_353' title='bbox 896 4170 1041 4220; x_wconf 88' lang='lat' dir='ltr'><strong>etiam</strong></span> <span class='ocrx_word' id='word_1_354' title='bbox 1068 4170 1243 4234; x_wconf 79' lang='lat' dir='ltr'><strong>pingue</strong></span> <span class='ocrx_word' id='word_1_355' title='bbox 1271 4173 1500 4235; x_wconf 76' lang='lat' dir='ltr'><strong>quiddam</strong></span> <span class='ocrx_word' id='word_1_356' title='bbox 1523 4176 1699 4224; x_wconf 72' lang='lat' dir='ltr'><strong>emittit</strong></span> <span class='ocrx_word' id='word_1_357' title='bbox 1724 4188 1808 4237; x_wconf 89' lang='lat' dir='ltr'><strong>per</strong></span> <span class='ocrx_word' id='word_1_358' title='bbox 1830 4175 2091 4236; x_wconf 86' lang='lat' dir='ltr'><strong>spiramen-</strong></span> 
     </span>
     <span class='ocr_line' id='line_1_45' title="bbox 530 4244 2090 4313; baseline 0.005 -20"><span class='ocrx_word' id='word_1_359' title='bbox 530 4245 665 4306; x_wconf 83' lang='lat' dir='ltr'><strong>tum,</strong></span> <span class='ocrx_word' id='word_1_360' title='bbox 695 4244 823 4306; x_wconf 88' lang='lat' dir='ltr'><strong>quod</strong></span> <span class='ocrx_word' id='word_1_361' title='bbox 848 4246 892 4295; x_wconf 89' lang='lat' dir='ltr'><strong>ei</strong></span> <span class='ocrx_word' id='word_1_362' title='bbox 919 4247 1186 4296; x_wconf 84' lang='lat' dir='ltr'><strong>secundum</strong></span> <span class='ocrx_word' id='word_1_363' title='bbox 1203 4250 1424 4311; x_wconf 86' lang='lat' dir='ltr'><strong>tempora</strong></span> <span class='ocrx_word' id='word_1_364' title='bbox 1455 4253 1530 4299; x_wconf 87' lang='lat' dir='ltr'><strong>est</strong></span> <span class='ocrx_word' id='word_1_365' title='bbox 1564 4269 1576 4299; x_wconf 71' lang='grc' dir='ltr'><strong>ε</strong></span> <span class='ocrx_word' id='word_1_366' title='bbox 1602 4250 1816 4311; x_wconf 81' lang='lat' dir='ltr'><strong>teminoe,</strong></span> <span class='ocrx_word' id='word_1_367' title='bbox 1839 4265 1989 4313; x_wconf 87' lang='lat' dir='ltr'><strong>quum</strong></span> <span class='ocrx_word' id='word_1_368' title='bbox 2011 4252 2090 4301; x_wconf 77' lang='lat' dir='ltr'><strong>liic</strong></span> 
     </span>
     <span class='ocr_line' id='line_1_46' title="bbox 531 4319 2087 4391; baseline 0.007 -23"><span class='ocrx_word' id='word_1_369' title='bbox 531 4319 658 4369; x_wconf 89' lang='lat' dir='ltr'><strong>idem</strong></span> <span class='ocrx_word' id='word_1_370' title='bbox 677 4323 865 4372; x_wconf 83' lang='lat' dir='ltr'><strong>meatus</strong></span> <span class='ocrx_word' id='word_1_371' title='bbox 885 4325 1079 4386; x_wconf 85' lang='lat' dir='ltr'><strong>apertus</strong></span> <span class='ocrx_word' id='word_1_372' title='bbox 1097 4325 1255 4374; x_wconf 78' lang='lat' dir='ltr'><strong>tuerit.</strong></span> <span class='ocrx_word' id='word_1_373' title='bbox 1281 4325 1444 4376; x_wconf 85' lang='lat' dir='ltr'><strong>Edunt</strong></span> <span class='ocrx_word' id='word_1_374' title='bbox 1477 4329 1697 4388; x_wconf 88' lang='lat' dir='ltr'><strong>partum,</strong></span> <span class='ocrx_word' id='word_1_375' title='bbox 1723 4341 1876 4389; x_wconf 90' lang='lat' dir='ltr'><strong>quum</strong></span> <span class='ocrx_word' id='word_1_376' title='bbox 1912 4328 2087 4391; x_wconf 57' lang='lat' dir='ltr'><strong>tardis:</strong></span> 
     </span>
     <span class='ocr_line' id='line_1_47' title="bbox 531 4398 2089 4468; baseline 0.005 -21"><span class='ocrx_word' id='word_1_377' title='bbox 531 4398 679 4461; x_wconf 88' lang='lat' dir='ltr'><strong>sime,</strong></span> <span class='ocrx_word' id='word_1_378' title='bbox 698 4412 863 4449; x_wconf 87' lang='lat' dir='ltr'><strong>mense</strong></span> <span class='ocrx_word' id='word_1_379' title='bbox 880 4414 909 4449; x_wconf 86' lang='lat' dir='ltr'><strong>a</strong></span> <span class='ocrx_word' id='word_1_380' title='bbox 941 4403 1175 4465; x_wconf 87' lang='lat' dir='ltr'><strong>conceptu</strong></span> <span class='ocrx_word' id='word_1_381' title='bbox 1199 4403 1385 4453; x_wconf 90' lang='lat' dir='ltr'><strong>decimo</strong></span> <span class='ocrx_word' id='word_1_382' title='bbox 1407 4407 1607 4465; x_wconf 77' lang='lat' dir='ltr'><strong>octavo,</strong></span> <span class='ocrx_word' id='word_1_383' title='bbox 1641 4417 1793 4465; x_wconf 91' lang='lat' dir='ltr'><strong>quum</strong></span> <span class='ocrx_word' id='word_1_384' title='bbox 1816 4406 2089 4468; x_wconf 79' lang='lat' dir='ltr'><strong>celerrime,</strong></span> 
     </span>
     <span class='ocr_line' id='line_1_48' title="bbox 530 4475 2088 4534; baseline 0.006 -11"><span class='ocrx_word' id='word_1_385' title='bbox 530 4475 624 4525; x_wconf 86' lang='lat' dir='ltr'><strong>sub</strong></span> <span class='ocrx_word' id='word_1_386' title='bbox 649 4478 839 4527; x_wconf 81' lang='lat' dir='ltr'><strong>sextum</strong></span> <span class='ocrx_word' id='word_1_387' title='bbox 857 4478 907 4527; x_wconf 92' lang='lat' dir='ltr'><strong>et</strong></span> <span class='ocrx_word' id='word_1_388' title='bbox 937 4478 1195 4529; x_wconf 84' lang='lat' dir='ltr'><strong>decimum.</strong></span> <span class='ocrx_word' id='word_1_389' title='bbox 1260 4482 1356 4530; x_wconf 84' lang='lat' dir='ltr'><strong>Sex</strong></span> <span class='ocrx_word' id='word_1_390' title='bbox 1385 4493 1535 4530; x_wconf 87' lang='lat' dir='ltr'><strong>annos</strong></span> <span class='ocrx_word' id='word_1_391' title='bbox 1559 4493 1587 4529; x_wconf 94' lang='lat' dir='ltr'><strong>a</strong></span> <span class='ocrx_word' id='word_1_392' title='bbox 1613 4483 1766 4530; x_wconf 84' lang='lat' dir='ltr'><strong>matre</strong></span> <span class='ocrx_word' id='word_1_393' title='bbox 1789 4483 2088 4534; x_wconf 87' lang='lat' dir='ltr'><strong>nutriuntur.</strong></span> 
     </span>
     <span class='ocr_line' id='line_1_49' title="bbox 534 4554 2089 4625; baseline 0.006 -23"><span class='ocrx_word' id='word_1_394' title='bbox 534 4554 720 4617; x_wconf 75' lang='lat' dir='ltr'><strong>vivunt</strong></span> <span class='ocrx_word' id='word_1_395' title='bbox 766 4556 981 4619; x_wconf 81' lang='lat' dir='ltr'><strong>plerique</strong></span> <span class='ocrx_word' id='word_1_396' title='bbox 1028 4563 1262 4621; x_wconf 88' lang='lat' dir='ltr'><strong>quantum</strong></span> <span class='ocrx_word' id='word_1_397' title='bbox 1307 4559 1642 4622; x_wconf 76' lang='lat' dir='ltr'><strong>longaevissimi</strong></span> <span class='ocrx_word' id='word_1_398' title='bbox 1695 4559 1936 4623; x_wconf 57' lang='lat' dir='ltr'><strong>homines„</strong></span> <span class='ocrx_word' id='word_1_399' title='bbox 1978 4565 2089 4625; x_wconf 89' lang='lat' dir='ltr'><strong>qui-</strong></span> 
     </span>
     <span class='ocr_line' id='line_1_50' title="bbox 528 4630 2090 4704; baseline 0.006 -24"><span class='ocrx_word' id='word_1_400' title='bbox 528 4630 641 4681; x_wconf 90' lang='lat' dir='ltr'><strong>dam</strong></span> <span class='ocrx_word' id='word_1_401' title='bbox 661 4633 804 4682; x_wconf 86' lang='lat' dir='ltr'><strong>etiam</strong></span> <span class='ocrx_word' id='word_1_402' title='bbox 831 4634 893 4683; x_wconf 89' lang='lat' dir='ltr'><strong>ad</strong></span> <span class='ocrx_word' id='word_1_403' title='bbox 921 4633 1299 4686; x_wconf 86' lang='lat' dir='ltr'><strong>ducentesimum</strong></span> <span class='ocrx_word' id='word_1_404' title='bbox 1322 4639 1607 4700; x_wconf 86' lang='lat' dir='ltr'><strong>perveniunt</strong></span> <span class='ocrx_word' id='word_1_405' title='bbox 1638 4650 1836 4688; x_wconf 89' lang='lat' dir='ltr'><strong>annum.</strong></span> <span class='ocrx_word' id='word_1_406' title='bbox 1904 4641 2090 4704; x_wconf 79' lang='lat' dir='ltr'><strong>Alioqui</strong></span> 
     </span>
     <span class='ocr_line' id='line_1_51' title="bbox 531 4707 2091 4776; baseline 0.008 -21"><span class='ocrx_word' id='word_1_407' title='bbox 531 4707 712 4757; x_wconf 80' lang='lat' dir='ltr'><strong>morbis</strong></span> <span class='ocrx_word' id='word_1_408' title='bbox 732 4709 930 4759; x_wconf 75' lang='lat' dir='ltr'><strong>obnoxii</strong></span> <span class='ocrx_word' id='word_1_409' title='bbox 961 4716 1075 4761; x_wconf 88' lang='lat' dir='ltr'><strong>sunt</strong></span> <span class='ocrx_word' id='word_1_410' title='bbox 1096 4713 1146 4762; x_wconf 91' lang='lat' dir='ltr'><strong>et</strong></span> <span class='ocrx_word' id='word_1_411' title='bbox 1177 4713 1372 4776; x_wconf 89' lang='lat' dir='ltr'><strong>quidem</strong></span> <span class='ocrx_word' id='word_1_412' title='bbox 1406 4718 1578 4765; x_wconf 86' lang='lat' dir='ltr'><strong>curatu</strong></span> <span class='ocrx_word' id='word_1_413' title='bbox 1603 4715 1889 4765; x_wconf 63' lang='lat' dir='ltr'><strong>difficilibus</strong></span> <span class='ocrx_word' id='word_1_414' title='bbox 1950 4717 2091 4768; x_wconf 77' lang='lat' dir='ltr'><strong>vitiis</strong></span> 
     </span>
     <span class='ocr_line' id='line_1_52' title="bbox 532 4780 2091 4856; baseline 0.006 -23"><span class='ocrx_word' id='word_1_415' title='bbox 532 4786 782 4836; x_wconf 89' lang='lat' dir='ltr'><strong>oculorum</strong></span> <span class='ocrx_word' id='word_1_416' title='bbox 800 4788 1012 4838; x_wconf 89' lang='lat' dir='ltr'><strong>remedio</strong></span> <span class='ocrx_word' id='word_1_417' title='bbox 1035 4792 1106 4839; x_wconf 85' lang='lat' dir='ltr'><strong>est</strong></span> <span class='ocrx_word' id='word_1_418' title='bbox 1118 4825 1133 4850; x_wconf 88' lang='lat'><strong>,</strong></span> <span class='ocrx_word' id='word_1_419' title='bbox 1155 4780 1315 4840; x_wconf 66' lang='lat' dir='ltr'><strong>vaccae</strong></span> <span class='ocrx_word' id='word_1_420' title='bbox 1331 4792 1455 4841; x_wconf 87' lang='lat' dir='ltr'><strong>lacte</strong></span> <span class='ocrx_word' id='word_1_421' title='bbox 1471 4791 1510 4841; x_wconf 88' lang='lat' dir='ltr'><strong>si</strong></span> <span class='ocrx_word' id='word_1_422' title='bbox 1529 4793 1834 4856; x_wconf 80' lang='lat' dir='ltr'><strong>perluantur3</strong></span> <span class='ocrx_word' id='word_1_423' title='bbox 1860 4794 2091 4856; x_wconf 85' lang='lat' dir='ltr'><strong>plurimos</strong></span> 
     </span>
     <span class='ocr_line' id='line_1_53' title="bbox 531 4862 2086 4930; baseline 0.007 -20"><span class='ocrx_word' id='word_1_424' title='bbox 531 4862 725 4912; x_wconf 81' lang='lat' dir='ltr'><strong>morbos</strong></span> <span class='ocrx_word' id='word_1_425' title='bbox 765 4864 931 4914; x_wconf 82' lang='lat' dir='ltr'><strong>vinnm</strong></span> <span class='ocrx_word' id='word_1_426' title='bbox 975 4865 1165 4929; x_wconf 88' lang='lat' dir='ltr'><strong>nigrum</strong></span> <span class='ocrx_word' id='word_1_427' title='bbox 1207 4870 1403 4930; x_wconf 87' lang='lat' dir='ltr'><strong>epotum</strong></span> <span class='ocrx_word' id='word_1_428' title='bbox 1456 4872 1611 4921; x_wconf 84' lang='lat' dir='ltr'><strong>curat.</strong></span> <span class='ocrx_word' id='word_1_429' title='bbox 1656 4868 1948 4921; x_wconf 83' lang='lat' dir='ltr'><strong>Vulneribus</strong></span> <span class='ocrx_word' id='word_1_430' title='bbox 1989 4872 2086 4921; x_wconf 88' lang='lat' dir='ltr'><strong>bn-</strong></span> 
     </span>
     <span class='ocr_line' id='line_1_54' title="bbox 532 4940 2091 5009; baseline 0.008 -23"><span class='ocrx_word' id='word_1_431' title='bbox 532 4940 692 4999; x_wconf 80' lang='lat' dir='ltr'><strong>tyrum</strong></span> <span class='ocrx_word' id='word_1_432' title='bbox 711 4943 879 5002; x_wconf 89' lang='lat' dir='ltr'><strong>potum</strong></span> <span class='ocrx_word' id='word_1_433' title='bbox 896 4943 1154 4993; x_wconf 72' lang='lat' dir='ltr'><strong>auxiliatur</strong></span> <span class='ocrx_word' id='word_1_434' title='bbox 1174 4944 1383 5006; x_wconf 77' lang='lat' dir='ltr'><strong>(ferrum</strong></span> <span class='ocrx_word' id='word_1_435' title='bbox 1404 4947 1530 4996; x_wconf 89' lang='lat' dir='ltr'><strong>enim</strong></span> <span class='ocrx_word' id='word_1_436' title='bbox 1549 4947 1678 5008; x_wconf 84' lang='lat' dir='ltr'><strong>ejicit</strong></span> <span class='ocrx_word' id='word_1_437' title='bbox 1700 4947 1738 5009; x_wconf 90' lang='lat'><strong>);</strong></span> <span class='ocrx_word' id='word_1_438' title='bbox 1758 4948 1918 4997; x_wconf 85' lang='lat' dir='ltr'><strong>ulcera</strong></span> <span class='ocrx_word' id='word_1_439' title='bbox 1940 4950 2091 4999; x_wconf 87' lang='lat' dir='ltr'><strong>suillis</strong></span> 
     </span>
     <span class='ocr_line' id='line_1_55' title="bbox 531 5013 1011 5069; baseline 0.017 -8"><span class='ocrx_word' id='word_1_440' title='bbox 531 5013 753 5063; x_wconf 75' lang='lat' dir='ltr'><strong>carnibus</strong></span> <span class='ocrx_word' id='word_1_441' title='bbox 772 5015 1011 5069; x_wconf 74' lang='lat' dir='ltr'><strong>foventur.</strong></span> 
     </span>
    </p>
   </div>
   <div class='ocr_carea' id='block_1_9' title="bbox 598 5111 2090 5304">
    <p class='ocr_par' dir='ltr' id='par_1_10' title="bbox 598 5111 2090 5304">
     <span class='ocr_line' id='line_1_56' title="bbox 1255 5111 1344 5164; baseline 0.045 -4"><span class='ocrx_word' id='word_1_442' title='bbox 1255 5111 1344 5164; x_wconf 80' lang='grc'><strong>38.</strong></span> 
     </span>
     <span class='ocr_line' id='line_1_57' title="bbox 598 5221 2090 5304; baseline 0.015 -34"><span class='ocrx_word' id='word_1_443' title='bbox 598 5221 843 5274; x_wconf 77' lang='lat' dir='ltr'><strong>venantur</strong></span> <span class='ocrx_word' id='word_1_444' title='bbox 857 5225 961 5277; x_wconf 84' lang='lat' dir='ltr'><strong>ludi</strong></span> <span class='ocrx_word' id='word_1_445' title='bbox 978 5229 1183 5294; x_wconf 86' lang='lat' dir='ltr'><strong>reliquas</strong></span> <span class='ocrx_word' id='word_1_446' title='bbox 1197 5230 1320 5283; x_wconf 76' lang='lat' dir='ltr'><strong>teras</strong></span> <span class='ocrx_word' id='word_1_447' title='bbox 1332 5246 1430 5298; x_wconf 90' lang='lat' dir='ltr'><strong>quo</strong></span> <span class='ocrx_word' id='word_1_448' title='bbox 1444 5234 1601 5288; x_wconf 77' lang='lat' dir='ltr'><strong>Graeci</strong></span> <span class='ocrx_word' id='word_1_449' title='bbox 1614 5235 1760 5288; x_wconf 88' lang='lat' dir='ltr'><strong>modo</strong></span> <span class='ocrx_word' id='word_1_450' title='bbox 1777 5256 1791 5289; x_wconf 72' lang='grc' dir='ltr'><strong>ι</strong></span> <span class='ocrx_word' id='word_1_451' title='bbox 1806 5240 1856 5290; x_wconf 83' lang='lat' dir='ltr'><strong>at</strong></span> <span class='ocrx_word' id='word_1_452' title='bbox 1865 5239 2090 5304; x_wconf 83' lang='lat' dir='ltr'><strong>elephan-</strong></span> 
     </span>
    </p>
   </div>
   <div class='ocr_carea' id='block_1_10' title="bbox 2175 623 3764 2715">
    <p class='ocr_par' dir='ltr' id='par_1_11' title="bbox 2175 623 3764 2715">
     <span class='ocr_line' id='line_1_58' title="bbox 2177 623 3754 706; baseline 0 -22"><span class='ocrx_word' id='word_1_453' title='bbox 2177 624 2354 699; x_wconf 77' lang='grc' dir='ltr'>ἔοικεν,</span> <span class='ocrx_word' id='word_1_454' title='bbox 2386 627 2465 684; x_wconf 80' lang='grc' dir='ltr'><strong>ὅτι</strong></span> <span class='ocrx_word' id='word_1_455' title='bbox 2506 626 2597 684; x_wconf 77' lang='grc' dir='ltr'><strong>καὶ</strong></span> <span class='ocrx_word' id='word_1_456' title='bbox 2630 631 2793 684; x_wconf 78' lang='grc' dir='ltr'>ταῦτα</span> <span class='ocrx_word' id='word_1_457' title='bbox 2820 623 2887 683; x_wconf 76' lang='grc' dir='ltr'><strong>τὰ</strong></span> <span class='ocrx_word' id='word_1_458' title='bbox 2907 623 3061 706; x_wconf 81' lang='grc' dir='ltr'>θηρία</span> <span class='ocrx_word' id='word_1_459' title='bbox 3081 626 3384 701; x_wconf 72' lang='grc' dir='ltr'>οὐδαμοῖσιν</span> <span class='ocrx_word' id='word_1_460' title='bbox 3406 625 3619 684; x_wconf 82' lang='grc' dir='ltr'>άλλοισι</span> <span class='ocrx_word' id='word_1_461' title='bbox 3645 631 3754 698; x_wconf 84' lang='grc' dir='ltr'><strong>θη-</strong></span> 
     </span>
     <span class='ocr_line' id='line_1_59' title="bbox 2177 708 3760 792; baseline 0 -20"><span class='ocrx_word' id='word_1_462' title='bbox 2177 713 2355 792; x_wconf 88' lang='grc' dir='ltr'>ρίοισιν</span> <span class='ocrx_word' id='word_1_463' title='bbox 2367 711 2616 772; x_wconf 80' lang='grc' dir='ltr'>ἐπέοικεν.</span> <span class='ocrx_word' id='word_1_464' title='bbox 2637 712 2702 790; x_wconf 80' lang='grc'><strong>(2)</strong></span> <span class='ocrx_word' id='word_1_465' title='bbox 2725 708 2884 771; x_wconf 74' lang='grc' dir='ltr'>Ἀλλὰ</span> <span class='ocrx_word' id='word_1_466' title='bbox 2897 710 3054 770; x_wconf 85' lang='grc' dir='ltr'>τόπον</span> <span class='ocrx_word' id='word_1_467' title='bbox 3064 708 3167 792; x_wconf 73' lang='grc' dir='ltr'><strong>γὰρ</strong></span> <span class='ocrx_word' id='word_1_468' title='bbox 3177 710 3538 788; x_wconf 79' lang='grc' dir='ltr'>ἐπιλεξάμενοι</span> <span class='ocrx_word' id='word_1_469' title='bbox 3546 713 3760 772; x_wconf 80' lang='grc' dir='ltr'>ἄπεδον</span> 
     </span>
     <span class='ocr_line' id='line_1_60' title="bbox 2175 797 3758 879; baseline 0.001 -20"><span class='ocrx_word' id='word_1_470' title='bbox 2175 800 2266 860; x_wconf 74' lang='grc' dir='ltr'><strong>καὶ</strong></span> <span class='ocrx_word' id='word_1_471' title='bbox 2306 798 2656 878; x_wconf 81' lang='grc' dir='ltr'>καυματώδεα</span> <span class='ocrx_word' id='word_1_472' title='bbox 2701 802 2754 857; x_wconf 78' lang='grc' dir='ltr'><strong>ἐν</strong></span> <span class='ocrx_word' id='word_1_473' title='bbox 2795 797 2972 879; x_wconf 82' lang='grc' dir='ltr'>κύκλῳ</span> <span class='ocrx_word' id='word_1_474' title='bbox 3009 797 3203 878; x_wconf 80' lang='grc' dir='ltr'>τάφρον</span> <span class='ocrx_word' id='word_1_475' title='bbox 3249 797 3579 877; x_wconf 83' lang='grc' dir='ltr'>ὀρύσσουσιν,</span> <span class='ocrx_word' id='word_1_476' title='bbox 3620 800 3758 860; x_wconf 80' lang='grc' dir='ltr'>ὅσον</span> 
     </span>
     <span class='ocr_line' id='line_1_61' title="bbox 2180 886 3759 969; baseline 0.002 -22"><span class='ocrx_word' id='word_1_477' title='bbox 2180 888 2393 968; x_wconf 84' lang='grc' dir='ltr'>μεγάλῳ</span> <span class='ocrx_word' id='word_1_478' title='bbox 2427 886 2760 968; x_wconf 87' lang='grc' dir='ltr'>στρατοπέδῳ</span> <span class='ocrx_word' id='word_1_479' title='bbox 2785 887 3186 946; x_wconf 73' lang='grc' dir='ltr'>ἐπαυλίσασθαι.</span> <span class='ocrx_word' id='word_1_480' title='bbox 3211 888 3322 958; x_wconf 89' lang='grc' dir='ltr'><strong>Τῆς</strong></span> <span class='ocrx_word' id='word_1_481' title='bbox 3356 886 3411 945; x_wconf 83' lang='grc' dir='ltr'><strong>δὲ</strong></span> <span class='ocrx_word' id='word_1_482' title='bbox 3449 889 3657 969; x_wconf 80' lang='grc' dir='ltr'>τάφρου</span> <span class='ocrx_word' id='word_1_483' title='bbox 3691 890 3759 950; x_wconf 78' lang='grc' dir='ltr'><strong>τὸ</strong></span> 
     </span>
     <span class='ocr_line' id='line_1_62' title="bbox 2179 968 3758 1058; baseline 0 -23"><span class='ocrx_word' id='word_1_484' title='bbox 2179 968 2323 1058; x_wconf 67' lang='grc' dir='ltr'>εὖρος</span> <span class='ocrx_word' id='word_1_485' title='bbox 2350 979 2398 1042; x_wconf 77' lang='grc' dir='ltr'><strong>ἐς</strong></span> <span class='ocrx_word' id='word_1_486' title='bbox 2417 973 2569 1034; x_wconf 82' lang='grc' dir='ltr'>πέντε</span> <span class='ocrx_word' id='word_1_487' title='bbox 2590 973 2798 1055; x_wconf 69' lang='grc' dir='ltr'>ὀργυιὰς</span> <span class='ocrx_word' id='word_1_488' title='bbox 2822 976 3109 1047; x_wconf 82' lang='grc' dir='ltr'>ποιέονται,</span> <span class='ocrx_word' id='word_1_489' title='bbox 3132 974 3288 1053; x_wconf 83' lang='grc' dir='ltr'>βάθος</span> <span class='ocrx_word' id='word_1_490' title='bbox 3307 998 3362 1033; x_wconf 89' lang='grc' dir='ltr'><strong>τε</strong></span> <span class='ocrx_word' id='word_1_491' title='bbox 3387 977 3438 1041; x_wconf 77' lang='grc' dir='ltr'><strong>ἐς</strong></span> <span class='ocrx_word' id='word_1_492' title='bbox 3461 974 3758 1057; x_wconf 83' lang='grc' dir='ltr'>τέσσαρας.</span> 
     </span>
     <span class='ocr_line' id='line_1_63' title="bbox 2184 1060 3754 1145; baseline 0 -22"><span class='ocrx_word' id='word_1_493' title='bbox 2184 1062 2248 1142; x_wconf 72' lang='lat' dir='ltr'><strong>(a)</strong></span> <span class='ocrx_word' id='word_1_494' title='bbox 2282 1062 2390 1124; x_wconf 79' lang='grc' dir='ltr'><strong>Τὸν</strong></span> <span class='ocrx_word' id='word_1_495' title='bbox 2409 1062 2463 1121; x_wconf 78' lang='grc' dir='ltr'><strong>δὲ</strong></span> <span class='ocrx_word' id='word_1_496' title='bbox 2482 1062 2605 1141; x_wconf 87' lang='grc' dir='ltr'>χόον</span> <span class='ocrx_word' id='word_1_497' title='bbox 2629 1060 2800 1121; x_wconf 77' lang='grc' dir='ltr'>ὅντινα</span> <span class='ocrx_word' id='word_1_498' title='bbox 2824 1060 3163 1120; x_wconf 74' lang='grc' dir='ltr'>ἐκὸάλλουσιν</span> <span class='ocrx_word' id='word_1_499' title='bbox 3201 1064 3261 1121; x_wconf 80' lang='grc' dir='ltr'><strong>ἐκ</strong></span> <span class='ocrx_word' id='word_1_500' title='bbox 3289 1067 3380 1120; x_wconf 77' lang='grc' dir='ltr'><strong>τοῦ</strong></span> <span class='ocrx_word' id='word_1_501' title='bbox 3411 1063 3754 1145; x_wconf 73' lang='grc' dir='ltr'>ὀρύγματος,</span> 
     </span>
     <span class='ocr_line' id='line_1_64' title="bbox 2180 1147 3760 1230; baseline 0.002 -21"><span class='ocrx_word' id='word_1_502' title='bbox 2180 1149 2266 1209; x_wconf 76' lang='grc' dir='ltr'>ἐπὶ</span> <span class='ocrx_word' id='word_1_503' title='bbox 2294 1149 2359 1209; x_wconf 76' lang='grc' dir='ltr'><strong>τὰ</strong></span> <span class='ocrx_word' id='word_1_504' title='bbox 2383 1149 2562 1229; x_wconf 84' lang='grc' dir='ltr'>χείλεα</span> <span class='ocrx_word' id='word_1_505' title='bbox 2585 1147 2805 1230; x_wconf 79' lang='grc' dir='ltr'>ἑκάτερα</span> <span class='ocrx_word' id='word_1_506' title='bbox 2829 1153 2920 1220; x_wconf 88' lang='grc' dir='ltr'><strong>τῆς</strong></span> <span class='ocrx_word' id='word_1_507' title='bbox 2941 1148 3136 1229; x_wconf 89' lang='grc' dir='ltr'>τάφρου</span> <span class='ocrx_word' id='word_1_508' title='bbox 3161 1149 3601 1229; x_wconf 78' lang='grc' dir='ltr'>ἐπιφορήσαντες,</span> <span class='ocrx_word' id='word_1_509' title='bbox 3634 1155 3760 1212; x_wconf 80' lang='grc' dir='ltr'>ἀντὶ</span> 
     </span>
     <span class='ocr_line' id='line_1_65' title="bbox 2180 1234 3760 1317; baseline 0 -21"><span class='ocrx_word' id='word_1_510' title='bbox 2180 1237 2375 1317; x_wconf 83' lang='grc' dir='ltr'>τείχεος</span> <span class='ocrx_word' id='word_1_511' title='bbox 2399 1238 2756 1316; x_wconf 79' lang='grc' dir='ltr'>διαχρέονται·</span> <span class='ocrx_word' id='word_1_512' title='bbox 2788 1239 2849 1313; x_wconf 77' lang='grc' dir='ltr'><strong>(ι)</strong></span> <span class='ocrx_word' id='word_1_513' title='bbox 2888 1235 3035 1294; x_wconf 76' lang='grc' dir='ltr'>αὐτοὶ</span> <span class='ocrx_word' id='word_1_514' title='bbox 3063 1234 3117 1293; x_wconf 81' lang='grc' dir='ltr'><strong>δὲ</strong></span> <span class='ocrx_word' id='word_1_515' title='bbox 3156 1235 3243 1295; x_wconf 73' lang='grc' dir='ltr'>ἐπὶ</span> <span class='ocrx_word' id='word_1_516' title='bbox 3284 1240 3359 1315; x_wconf 81' lang='grc' dir='ltr'><strong>τῷ</strong></span> <span class='ocrx_word' id='word_1_517' title='bbox 3398 1237 3620 1316; x_wconf 84' lang='grc' dir='ltr'>χώματι</span> <span class='ocrx_word' id='word_1_518' title='bbox 3659 1247 3760 1300; x_wconf 69' lang='grc' dir='ltr'><strong>τοῦ</strong></span> 
     </span>
     <span class='ocr_line' id='line_1_66' title="bbox 2180 1321 3764 1405; baseline 0.001 -23"><span class='ocrx_word' id='word_1_519' title='bbox 2180 1324 2464 1404; x_wconf 76' lang='grc' dir='ltr'>ἔπιχειλέος</span> <span class='ocrx_word' id='word_1_520' title='bbox 2502 1328 2592 1382; x_wconf 74' lang='grc' dir='ltr'><strong>τοῦ</strong></span> <span class='ocrx_word' id='word_1_521' title='bbox 2633 1322 2732 1392; x_wconf 78' lang='grc' dir='ltr'><strong>ἔξω</strong></span> <span class='ocrx_word' id='word_1_522' title='bbox 2772 1327 2864 1394; x_wconf 90' lang='grc' dir='ltr'><strong>τῆς</strong></span> <span class='ocrx_word' id='word_1_523' title='bbox 2903 1321 3098 1404; x_wconf 86' lang='grc' dir='ltr'>τάφρου</span> <span class='ocrx_word' id='word_1_524' title='bbox 3142 1322 3333 1394; x_wconf 88' lang='grc' dir='ltr'>σκηνάς</span> <span class='ocrx_word' id='word_1_525' title='bbox 3369 1346 3489 1404; x_wconf 90' lang='grc' dir='ltr'>σφιν</span> <span class='ocrx_word' id='word_1_526' title='bbox 3524 1327 3764 1405; x_wconf 72' lang='grc' dir='ltr'>ὀρυκτὰς</span> 
     </span>
     <span class='ocr_line' id='line_1_67' title="bbox 2179 1405 3763 1485; baseline 0.003 -16"><span class='ocrx_word' id='word_1_527' title='bbox 2179 1412 2474 1485; x_wconf 87' lang='grc' dir='ltr'>ποιεόνται,</span> <span class='ocrx_word' id='word_1_528' title='bbox 2503 1409 2592 1468; x_wconf 75' lang='grc' dir='ltr'><strong>καὶ</strong></span> <span class='ocrx_word' id='word_1_529' title='bbox 2621 1409 2706 1469; x_wconf 80' lang='grc' dir='ltr'><strong>διὰ</strong></span> <span class='ocrx_word' id='word_1_530' title='bbox 2739 1408 2960 1468; x_wconf 83' lang='grc' dir='ltr'>τουτέων</span> <span class='ocrx_word' id='word_1_531' title='bbox 2984 1407 3116 1476; x_wconf 80' lang='grc' dir='ltr'>ὀπὰς</span> <span class='ocrx_word' id='word_1_532' title='bbox 3144 1409 3542 1469; x_wconf 76' lang='grc' dir='ltr'>ὑπολείπονται·</span> <span class='ocrx_word' id='word_1_533' title='bbox 3576 1411 3648 1470; x_wconf 85' lang='grc' dir='ltr'><strong>δι’</strong></span> <span class='ocrx_word' id='word_1_534' title='bbox 3681 1405 3763 1473; x_wconf 66' lang='grc' dir='ltr'><strong>ὧν</strong></span> 
     </span>
     <span class='ocr_line' id='line_1_68' title="bbox 2181 1494 3760 1579; baseline 0.002 -22"><span class='ocrx_word' id='word_1_535' title='bbox 2181 1502 2287 1579; x_wconf 79' lang='grc' dir='ltr'><strong>φῶς</strong></span> <span class='ocrx_word' id='word_1_536' title='bbox 2313 1522 2366 1557; x_wconf 90' lang='grc' dir='ltr'><strong>τε</strong></span> <span class='ocrx_word' id='word_1_537' title='bbox 2394 1500 2594 1556; x_wconf 78' lang='grc' dir='ltr'>αὗτοῖσι</span> <span class='ocrx_word' id='word_1_538' title='bbox 2623 1495 3008 1576; x_wconf 79' lang='grc' dir='ltr'>συνεισέρχεται</span> <span class='ocrx_word' id='word_1_539' title='bbox 3032 1495 3121 1554; x_wconf 69' lang='grc' dir='ltr'><strong>καὶ</strong></span> <span class='ocrx_word' id='word_1_540' title='bbox 3139 1494 3204 1554; x_wconf 81' lang='grc' dir='ltr'><strong>τὰ</strong></span> <span class='ocrx_word' id='word_1_541' title='bbox 3220 1495 3375 1575; x_wconf 88' lang='grc' dir='ltr'>θηρία</span> <span class='ocrx_word' id='word_1_542' title='bbox 3401 1499 3760 1576; x_wconf 85' lang='grc' dir='ltr'>προσάγοντα</span> 
     </span>
     <span class='ocr_line' id='line_1_69' title="bbox 2181 1581 3762 1661; baseline 0 -18"><span class='ocrx_word' id='word_1_543' title='bbox 2181 1585 2272 1644; x_wconf 77' lang='grc' dir='ltr'><strong>καὶ</strong></span> <span class='ocrx_word' id='word_1_544' title='bbox 2304 1583 2646 1643; x_wconf 82' lang='grc' dir='ltr'>ἐσελαύνοντα</span> <span class='ocrx_word' id='word_1_545' title='bbox 2676 1587 2726 1651; x_wconf 81' lang='grc' dir='ltr'><strong>ἐς</strong></span> <span class='ocrx_word' id='word_1_546' title='bbox 2757 1581 2816 1641; x_wconf 77' lang='grc' dir='ltr'><strong>τὸ</strong></span> <span class='ocrx_word' id='word_1_547' title='bbox 2835 1584 2983 1660; x_wconf 77' lang='grc' dir='ltr'>ἕρκος</span> <span class='ocrx_word' id='word_1_548' title='bbox 3002 1583 3332 1645; x_wconf 82' lang='grc' dir='ltr'>σκέπτονται.</span> <span class='ocrx_word' id='word_1_549' title='bbox 3374 1586 3436 1661; x_wconf 75' lang='lat' dir='ltr'><strong>(s)</strong></span> <span class='ocrx_word' id='word_1_550' title='bbox 3479 1585 3762 1646; x_wconf 75' lang='grc' dir='ltr'>Ἐνταῦθα</span> 
     </span>
     <span class='ocr_line' id='line_1_70' title="bbox 2181 1668 3764 1752; baseline 0.001 -22"><span class='ocrx_word' id='word_1_551' title='bbox 2181 1672 2318 1738; x_wconf 80' lang='grc' dir='ltr'>ἐντὸς</span> <span class='ocrx_word' id='word_1_552' title='bbox 2339 1677 2428 1730; x_wconf 78' lang='grc' dir='ltr'><strong>τοῦ</strong></span> <span class='ocrx_word' id='word_1_553' title='bbox 2454 1669 2626 1751; x_wconf 73' lang='grc' dir='ltr'>ἕρκεος</span> <span class='ocrx_word' id='word_1_554' title='bbox 2648 1668 3070 1740; x_wconf 81' lang='grc' dir='ltr'>καταστήσαντες</span> <span class='ocrx_word' id='word_1_555' title='bbox 3097 1672 3199 1728; x_wconf 84' lang='grc' dir='ltr'><strong>τῶν</strong></span> <span class='ocrx_word' id='word_1_556' title='bbox 3228 1691 3372 1738; x_wconf 88' lang='grc' dir='ltr'>τινας</span> <span class='ocrx_word' id='word_1_557' title='bbox 3388 1671 3595 1742; x_wconf 81' lang='grc' dir='ltr'>θηλέων</span> <span class='ocrx_word' id='word_1_558' title='bbox 3617 1675 3764 1752; x_wconf 82' lang='grc' dir='ltr'>τρεῖς</span> 
     </span>
     <span class='ocr_line' id='line_1_71' title="bbox 2179 1755 3761 1837; baseline 0.001 -19"><span class='ocrx_word' id='word_1_559' title='bbox 2179 1757 2520 1835; x_wconf 85' lang='grc' dir='ltr'>ἢτέσσαρας,</span> <span class='ocrx_word' id='word_1_560' title='bbox 2546 1758 2667 1817; x_wconf 81' lang='grc' dir='ltr'>ὅσαι</span> <span class='ocrx_word' id='word_1_561' title='bbox 2704 1757 2934 1833; x_wconf 87' lang='grc' dir='ltr'>μάλιστα</span> <span class='ocrx_word' id='word_1_562' title='bbox 2959 1755 3046 1815; x_wconf 76' lang='grc' dir='ltr'><strong>τὸν</strong></span> <span class='ocrx_word' id='word_1_563' title='bbox 3072 1756 3232 1833; x_wconf 76' lang='grc' dir='ltr'>θυμὸν</span> <span class='ocrx_word' id='word_1_564' title='bbox 3260 1757 3584 1837; x_wconf 82' lang='grc' dir='ltr'>χειροήθεες,</span> <span class='ocrx_word' id='word_1_565' title='bbox 3626 1762 3761 1837; x_wconf 86' lang='grc' dir='ltr'>μίαν</span> 
     </span>
     <span class='ocr_line' id='line_1_72' title="bbox 2181 1840 3763 1926; baseline -0.001 -22"><span class='ocrx_word' id='word_1_566' title='bbox 2181 1847 2375 1906; x_wconf 86' lang='grc' dir='ltr'>εἴσοδον</span> <span class='ocrx_word' id='word_1_567' title='bbox 2404 1844 2826 1922; x_wconf 79' lang='grc' dir='ltr'>ἀπολιμπάνουσι</span> <span class='ocrx_word' id='word_1_568' title='bbox 2848 1841 2986 1902; x_wconf 73' lang='grc' dir='ltr'>κατὰ</span> <span class='ocrx_word' id='word_1_569' title='bbox 3007 1840 3101 1915; x_wconf 78' lang='grc' dir='ltr'><strong>τὴν</strong></span> <span class='ocrx_word' id='word_1_570' title='bbox 3124 1843 3336 1924; x_wconf 89' lang='grc' dir='ltr'>τάφρον,</span> <span class='ocrx_word' id='word_1_571' title='bbox 3351 1846 3763 1926; x_wconf 74' lang='grc' dir='ltr'>γεφυρώσαντες</span> 
     </span>
     <span class='ocr_line' id='line_1_73' title="bbox 2179 1928 3762 2017; baseline 0 -24"><span class='ocrx_word' id='word_1_572' title='bbox 2179 1934 2273 2006; x_wconf 83' lang='grc' dir='ltr'><strong>τὴν</strong></span> <span class='ocrx_word' id='word_1_573' title='bbox 2295 1934 2506 2015; x_wconf 84' lang='grc' dir='ltr'>τάφρον·</span> <span class='ocrx_word' id='word_1_574' title='bbox 2523 1933 2612 1992; x_wconf 75' lang='grc' dir='ltr'><strong>καὶ</strong></span> <span class='ocrx_word' id='word_1_575' title='bbox 2636 1932 2802 2012; x_wconf 86' lang='grc' dir='ltr'>ταύτῃ</span> <span class='ocrx_word' id='word_1_576' title='bbox 2822 1929 2947 2009; x_wconf 87' lang='grc' dir='ltr'>χόον</span> <span class='ocrx_word' id='word_1_577' title='bbox 2970 1953 3024 1990; x_wconf 86' lang='grc' dir='ltr'><strong>τε</strong></span> <span class='ocrx_word' id='word_1_578' title='bbox 3048 1928 3138 1989; x_wconf 74' lang='grc' dir='ltr'><strong>καὶ</strong></span> <span class='ocrx_word' id='word_1_579' title='bbox 3163 1930 3319 2004; x_wconf 90' lang='grc' dir='ltr'>ποίην</span> <span class='ocrx_word' id='word_1_580' title='bbox 3339 1934 3545 2005; x_wconf 80' lang='grc' dir='ltr'>πολλὴν</span> <span class='ocrx_word' id='word_1_581' title='bbox 3570 1937 3762 2017; x_wconf 76' lang='grc' dir='ltr'>ἐπιφέ-</span> 
     </span>
     <span class='ocr_line' id='line_1_74' title="bbox 2182 2009 3757 2105; baseline 0.001 -26"><span class='ocrx_word' id='word_1_582' title='bbox 2182 2044 2324 2100; x_wconf 88' lang='grc' dir='ltr'>ρουσι</span> <span class='ocrx_word' id='word_1_583' title='bbox 2349 2026 2437 2078; x_wconf 72' lang='grc' dir='ltr'><strong>τοῦ</strong></span> <span class='ocrx_word' id='word_1_584' title='bbox 2462 2020 2536 2095; x_wconf 79' lang='grc' dir='ltr'><strong>μὴ</strong></span> <span class='ocrx_word' id='word_1_585' title='bbox 2563 2020 2804 2098; x_wconf 76' lang='grc' dir='ltr'>ἀρίδηλον</span> <span class='ocrx_word' id='word_1_586' title='bbox 2834 2009 2964 2077; x_wconf 79' lang='grc' dir='ltr'>εἶναι</span> <span class='ocrx_word' id='word_1_587' title='bbox 2984 2018 3117 2076; x_wconf 81' lang='grc' dir='ltr'>τοῖσι</span> <span class='ocrx_word' id='word_1_588' title='bbox 3136 2017 3357 2100; x_wconf 87' lang='grc' dir='ltr'>θηρίοισι</span> <span class='ocrx_word' id='word_1_589' title='bbox 3375 2018 3472 2090; x_wconf 80' lang='grc' dir='ltr'><strong>τὴν</strong></span> <span class='ocrx_word' id='word_1_590' title='bbox 3490 2020 3757 2105; x_wconf 68' lang='grc' dir='ltr'>γέφυραν,</span> 
     </span>
     <span class='ocr_line' id='line_1_75' title="bbox 2180 2097 3759 2185; baseline 0.004 -20"><span class='ocrx_word' id='word_1_591' title='bbox 2180 2106 2254 2185; x_wconf 88' lang='grc' dir='ltr'><strong>μή</strong></span> <span class='ocrx_word' id='word_1_592' title='bbox 2294 2130 2409 2165; x_wconf 83' lang='grc' dir='ltr'>τινα</span> <span class='ocrx_word' id='word_1_593' title='bbox 2455 2107 2602 2166; x_wconf 90' lang='grc' dir='ltr'>δόλον</span> <span class='ocrx_word' id='word_1_594' title='bbox 2642 2108 2904 2166; x_wconf 80' lang='grc' dir='ltr'>ὀῖσθῶσιν.</span> <span class='ocrx_word' id='word_1_595' title='bbox 2941 2107 3001 2182; x_wconf 79' lang='grc' dir='ltr'><strong>(ο)</strong></span> <span class='ocrx_word' id='word_1_596' title='bbox 3040 2104 3201 2167; x_wconf 76' lang='grc' dir='ltr'>Αὐτοὶ</span> <span class='ocrx_word' id='word_1_597' title='bbox 3253 2104 3347 2182; x_wconf 75' lang='grc' dir='ltr'><strong>μὲν</strong></span> <span class='ocrx_word' id='word_1_598' title='bbox 3386 2097 3475 2166; x_wconf 70' lang='grc' dir='ltr'><strong>οὗν</strong></span> <span class='ocrx_word' id='word_1_599' title='bbox 3512 2110 3759 2171; x_wconf 78' lang='grc' dir='ltr'>ἐκποδὼν</span> 
     </span>
     <span class='ocr_line' id='line_1_76' title="bbox 2178 2192 3761 2278; baseline -0.003 -25"><span class='ocrx_word' id='word_1_600' title='bbox 2178 2204 2310 2276; x_wconf 75' lang='grc' dir='ltr'>σφᾶς</span> <span class='ocrx_word' id='word_1_601' title='bbox 2325 2193 2503 2274; x_wconf 79' lang='grc' dir='ltr'>ἔχουσι</span> <span class='ocrx_word' id='word_1_602' title='bbox 2536 2192 2673 2252; x_wconf 80' lang='grc' dir='ltr'>κατὰ</span> <span class='ocrx_word' id='word_1_603' title='bbox 2692 2196 2794 2252; x_wconf 78' lang='grc' dir='ltr'><strong>τῶν</strong></span> <span class='ocrx_word' id='word_1_604' title='bbox 2829 2193 3058 2265; x_wconf 83' lang='grc' dir='ltr'>σκηνέων</span> <span class='ocrx_word' id='word_1_605' title='bbox 3095 2196 3198 2252; x_wconf 81' lang='grc' dir='ltr'><strong>τῶν</strong></span> <span class='ocrx_word' id='word_1_606' title='bbox 3214 2193 3316 2252; x_wconf 76' lang='grc' dir='ltr'>ὑπὸ</span> <span class='ocrx_word' id='word_1_607' title='bbox 3350 2197 3417 2268; x_wconf 80' lang='grc' dir='ltr'><strong>τῆ</strong></span> <span class='ocrx_word' id='word_1_608' title='bbox 3445 2196 3637 2278; x_wconf 84' lang='grc' dir='ltr'>τάφρῳ</span> <span class='ocrx_word' id='word_1_609' title='bbox 3672 2201 3761 2259; x_wconf 66' lang='grc' dir='ltr'><strong>δε-</strong></span> 
     </span>
     <span class='ocr_line' id='line_1_77' title="bbox 2178 2279 3761 2363; baseline -0.003 -23"><span class='ocrx_word' id='word_1_610' title='bbox 2178 2281 2489 2348; x_wconf 81' lang='grc' dir='ltr'>δυκότες.οῖ</span> <span class='ocrx_word' id='word_1_611' title='bbox 2521 2280 2575 2339; x_wconf 86' lang='grc' dir='ltr'><strong>δὲ</strong></span> <span class='ocrx_word' id='word_1_612' title='bbox 2605 2280 2774 2363; x_wconf 80' lang='grc' dir='ltr'>ἄγριοι</span> <span class='ocrx_word' id='word_1_613' title='bbox 2807 2279 3078 2363; x_wconf 78' lang='grc' dir='ltr'>ἐλέφαντες</span> <span class='ocrx_word' id='word_1_614' title='bbox 3110 2279 3310 2362; x_wconf 79' lang='grc' dir='ltr'>ἡμέρης</span> <span class='ocrx_word' id='word_1_615' title='bbox 3353 2281 3449 2359; x_wconf 74' lang='grc' dir='ltr'><strong>μὲν</strong></span> <span class='ocrx_word' id='word_1_616' title='bbox 3487 2286 3550 2342; x_wconf 77' lang='grc' dir='ltr'><strong>οὐ</strong></span> <span class='ocrx_word' id='word_1_617' title='bbox 3585 2288 3761 2345; x_wconf 71' lang='grc' dir='ltr'>πελά.</span> 
     </span>
     <span class='ocr_line' id='line_1_78' title="bbox 2177 2367 3760 2448; baseline 0.003 -18"><span class='ocrx_word' id='word_1_618' title='bbox 2177 2373 2320 2438; x_wconf 85' lang='grc' dir='ltr'>ζουσι</span> <span class='ocrx_word' id='word_1_619' title='bbox 2366 2377 2527 2428; x_wconf 86' lang='grc' dir='ltr'>τοῖσιν</span> <span class='ocrx_word' id='word_1_620' title='bbox 2581 2369 2947 2446; x_wconf 72' lang='grc' dir='ltr'>οἰκεομένοισι,</span> <span class='ocrx_word' id='word_1_621' title='bbox 2996 2367 3198 2448; x_wconf 84' lang='grc' dir='ltr'>νύκτωρ</span> <span class='ocrx_word' id='word_1_622' title='bbox 3247 2368 3302 2428; x_wconf 77' lang='grc' dir='ltr'><strong>δὲ</strong></span> <span class='ocrx_word' id='word_1_623' title='bbox 3344 2371 3660 2432; x_wconf 80' lang='grc' dir='ltr'>πλανῶνταί</span> <span class='ocrx_word' id='word_1_624' title='bbox 3701 2399 3760 2435; x_wconf 79' lang='grc' dir='ltr'><strong>τε</strong></span> 
     </span>
     <span class='ocr_line' id='line_1_79' title="bbox 2178 2455 3760 2539; baseline 0.005 -25"><span class='ocrx_word' id='word_1_625' title='bbox 2178 2457 2348 2529; x_wconf 88' lang='grc' dir='ltr'>πάντη</span> <span class='ocrx_word' id='word_1_626' title='bbox 2373 2455 2463 2515; x_wconf 79' lang='grc' dir='ltr'><strong>καὶ</strong></span> <span class='ocrx_word' id='word_1_627' title='bbox 2492 2456 2742 2534; x_wconf 79' lang='grc' dir='ltr'>ἀγεληδὸν</span> <span class='ocrx_word' id='word_1_628' title='bbox 2761 2456 3004 2534; x_wconf 87' lang='grc' dir='ltr'>νέμονται</span> <span class='ocrx_word' id='word_1_629' title='bbox 3023 2460 3099 2538; x_wconf 79' lang='grc' dir='ltr'><strong>τῷ</strong></span> <span class='ocrx_word' id='word_1_630' title='bbox 3117 2455 3348 2537; x_wconf 83' lang='grc' dir='ltr'>μεγίστῳ</span> <span class='ocrx_word' id='word_1_631' title='bbox 3383 2459 3475 2518; x_wconf 80' lang='grc' dir='ltr'><strong>καὶ</strong></span> <span class='ocrx_word' id='word_1_632' title='bbox 3513 2485 3760 2539; x_wconf 87' lang='grc' dir='ltr'>γενναιο-</span> 
     </span>
     <span class='ocr_line' id='line_1_80' title="bbox 2176 2541 3759 2630; baseline 0.006 -30"><span class='ocrx_word' id='word_1_633' title='bbox 2176 2541 2319 2622; x_wconf 82' lang='grc' dir='ltr'>τάτῳ</span> <span class='ocrx_word' id='word_1_634' title='bbox 2345 2546 2485 2624; x_wconf 83' lang='grc' dir='ltr'>σφῶν</span> <span class='ocrx_word' id='word_1_635' title='bbox 2511 2542 2784 2619; x_wconf 76' lang='grc' dir='ltr'>ἑπόμενοι,</span> <span class='ocrx_word' id='word_1_636' title='bbox 2812 2545 3048 2624; x_wconf 84' lang='grc' dir='ltr'>κατάπερ</span> <span class='ocrx_word' id='word_1_637' title='bbox 3069 2547 3124 2603; x_wconf 82' lang='grc' dir='ltr'><strong>αἱ</strong></span> <span class='ocrx_word' id='word_1_638' title='bbox 3151 2545 3266 2624; x_wconf 85' lang='grc' dir='ltr'>βόες</span> <span class='ocrx_word' id='word_1_639' title='bbox 3289 2548 3424 2606; x_wconf 83' lang='grc' dir='ltr'>τοῖσι</span> <span class='ocrx_word' id='word_1_640' title='bbox 3456 2549 3759 2630; x_wconf 83' lang='grc' dir='ltr'>ταύροισιν.</span> 
     </span>
     <span class='ocr_line' id='line_1_81' title="bbox 2179 2620 3762 2715; baseline 0.005 -26"><span class='ocrx_word' id='word_1_641' title='bbox 2179 2631 2239 2711; x_wconf 85' lang='grc'><strong>(7)</strong></span> <span class='ocrx_word' id='word_1_642' title='bbox 2265 2629 2464 2692; x_wconf 78' lang='grc' dir='ltr'>Ἐπεὰν</span> <span class='ocrx_word' id='word_1_643' title='bbox 2477 2620 2548 2690; x_wconf 74' lang='grc' dir='ltr'><strong>ὧν</strong></span> <span class='ocrx_word' id='word_1_644' title='bbox 2567 2635 2640 2711; x_wconf 82' lang='grc' dir='ltr'><strong>τῷ</strong></span> <span class='ocrx_word' id='word_1_645' title='bbox 2655 2629 2794 2711; x_wconf 80' lang='grc' dir='ltr'>ἕρκεϊ</span> <span class='ocrx_word' id='word_1_646' title='bbox 2804 2630 3092 2705; x_wconf 83' lang='grc' dir='ltr'>πελάσωσι,</span> <span class='ocrx_word' id='word_1_647' title='bbox 3105 2632 3200 2704; x_wconf 85' lang='grc' dir='ltr'><strong>τήν</strong></span> <span class='ocrx_word' id='word_1_648' title='bbox 3211 2656 3266 2691; x_wconf 89' lang='grc' dir='ltr'><strong>τε</strong></span> <span class='ocrx_word' id='word_1_649' title='bbox 3278 2634 3456 2715; x_wconf 66' lang='grc' dir='ltr'>φωνὴν</span> <span class='ocrx_word' id='word_1_650' title='bbox 3476 2637 3762 2708; x_wconf 76' lang='grc' dir='ltr'>ἀκούοντες</span> 
     </span>
    </p>
   </div>
   <div class='ocr_carea' id='block_1_11' title="bbox 2152 2714 3758 2806">
    <p class='ocr_par' dir='ltr' id='par_1_12' title="bbox 2152 2714 3758 2806">
     <span class='ocr_line' id='line_1_82' title="bbox 2152 2714 3758 2806; baseline 0.006 -31"><span class='ocrx_word' id='word_1_651' title='bbox 2152 2721 2279 2790; x_wconf 42' lang='grc' dir='ltr'>,τῶν</span> <span class='ocrx_word' id='word_1_652' title='bbox 2309 2719 2503 2791; x_wconf 83' lang='grc' dir='ltr'>θηλέων</span> <span class='ocrx_word' id='word_1_653' title='bbox 2537 2714 2626 2777; x_wconf 71' lang='grc' dir='ltr'><strong>καὶ</strong></span> <span class='ocrx_word' id='word_1_654' title='bbox 2666 2723 2730 2800; x_wconf 81' lang='grc' dir='ltr'><strong>τῆ</strong></span> <span class='ocrx_word' id='word_1_655' title='bbox 2768 2721 2906 2800; x_wconf 81' lang='grc' dir='ltr'>ὀδμῇ</span> <span class='ocrx_word' id='word_1_656' title='bbox 2940 2719 3335 2798; x_wconf 84' lang='grc' dir='ltr'>αἰσθανόμενοι,</span> <span class='ocrx_word' id='word_1_657' title='bbox 3371 2724 3556 2806; x_wconf 80' lang='grc' dir='ltr'>δρόμῳ</span> <span class='ocrx_word' id='word_1_658' title='bbox 3584 2725 3758 2786; x_wconf 78' lang='grc' dir='ltr'>ἵενται</span> 
     </span>
    </p>
   </div>
   <div class='ocr_carea' id='block_1_12' title="bbox 2176 2805 3758 3070">
    <p class='ocr_par' dir='ltr' id='par_1_13' title="bbox 2176 2805 3758 3070">
     <span class='ocr_line' id='line_1_83' title="bbox 2177 2805 3757 2890; baseline 0.007 -26"><span class='ocrx_word' id='word_1_659' title='bbox 2177 2810 2246 2871; x_wconf 78' lang='grc' dir='ltr'><strong>ὥς</strong></span> <span class='ocrx_word' id='word_1_660' title='bbox 2273 2807 2359 2864; x_wconf 77' lang='grc' dir='ltr'>ἐπὶ</span> <span class='ocrx_word' id='word_1_661' title='bbox 2390 2805 2476 2864; x_wconf 84' lang='grc' dir='ltr'><strong>τὸν</strong></span> <span class='ocrx_word' id='word_1_662' title='bbox 2513 2810 2681 2887; x_wconf 78' lang='grc' dir='ltr'>χῶρον</span> <span class='ocrx_word' id='word_1_663' title='bbox 2723 2806 2809 2866; x_wconf 72' lang='grc' dir='ltr'><strong>τὸν</strong></span> <span class='ocrx_word' id='word_1_664' title='bbox 2837 2807 3220 2888; x_wconf 80' lang='grc' dir='ltr'>πεφραγμένον·</span> <span class='ocrx_word' id='word_1_665' title='bbox 3246 2810 3673 2890; x_wconf 80' lang='grc' dir='ltr'>ἐκπεριελθόντες</span> <span class='ocrx_word' id='word_1_666' title='bbox 3701 2815 3757 2875; x_wconf 77' lang='grc' dir='ltr'><strong>δὲ</strong></span> 
     </span>
     <span class='ocr_line' id='line_1_84' title="bbox 2176 2887 3754 2983; baseline 0.006 -32"><span class='ocrx_word' id='word_1_667' title='bbox 2176 2898 2267 2966; x_wconf 89' lang='grc' dir='ltr'><strong>τῆς</strong></span> <span class='ocrx_word' id='word_1_668' title='bbox 2294 2893 2489 2976; x_wconf 90' lang='grc' dir='ltr'>τάφρου</span> <span class='ocrx_word' id='word_1_669' title='bbox 2526 2894 2594 2953; x_wconf 71' lang='grc' dir='ltr'><strong>τὰ</strong></span> <span class='ocrx_word' id='word_1_670' title='bbox 2630 2893 2808 2975; x_wconf 90' lang='grc' dir='ltr'>χείλεα</span> <span class='ocrx_word' id='word_1_671' title='bbox 2841 2887 2945 2955; x_wconf 65' lang='grc' dir='ltr'>εὖτ’</span> <span class='ocrx_word' id='word_1_672' title='bbox 2983 2895 3046 2954; x_wconf 74' lang='grc' dir='ltr'><strong>ἂν</strong></span> <span class='ocrx_word' id='word_1_673' title='bbox 3091 2900 3158 2977; x_wconf 81' lang='grc' dir='ltr'><strong>τῆ</strong></span> <span class='ocrx_word' id='word_1_674' title='bbox 3203 2896 3402 2979; x_wconf 83' lang='grc' dir='ltr'>γεφύρῃ</span> <span class='ocrx_word' id='word_1_675' title='bbox 3436 2901 3754 2983; x_wconf 69' lang='grc' dir='ltr'>ἐπιτύχωσι,</span> 
     </span>
     <span class='ocr_line' id='line_1_85' title="bbox 2177 2980 3758 3070; baseline 0.006 -30"><span class='ocrx_word' id='word_1_676' title='bbox 2177 2980 2315 3040; x_wconf 80' lang='grc' dir='ltr'>κατὰ</span> <span class='ocrx_word' id='word_1_677' title='bbox 2340 2980 2535 3054; x_wconf 88' lang='grc' dir='ltr'>ταύτην</span> <span class='ocrx_word' id='word_1_678' title='bbox 2566 2984 2614 3047; x_wconf 76' lang='grc' dir='ltr'><strong>ἐς</strong></span> <span class='ocrx_word' id='word_1_679' title='bbox 2641 2982 2698 3040; x_wconf 84' lang='grc' dir='ltr'><strong>τὸ</strong></span> <span class='ocrx_word' id='word_1_680' title='bbox 2727 2981 2872 3063; x_wconf 75' lang='grc' dir='ltr'>ἕρκος</span> <span class='ocrx_word' id='word_1_681' title='bbox 2901 2984 3165 3048; x_wconf 81' lang='grc' dir='ltr'>ὠθέονται.</span> <span class='ocrx_word' id='word_1_682' title='bbox 3201 2984 3262 3065; x_wconf 78' lang='lat' dir='ltr'><strong>(a)</strong></span> <span class='ocrx_word' id='word_1_683' title='bbox 3307 2989 3379 3046; x_wconf 76' lang='lat' dir='ltr'><strong>Oi</strong></span> <span class='ocrx_word' id='word_1_684' title='bbox 3405 2989 3461 3048; x_wconf 82' lang='grc' dir='ltr'><strong>δὲ</strong></span> <span class='ocrx_word' id='word_1_685' title='bbox 3486 2989 3758 3070; x_wconf 79' lang='grc' dir='ltr'>ἄνθρωποι</span> 
     </span>
    </p>
   </div>
   <div class='ocr_carea' id='block_1_13' title="bbox 2895 3074 2930 3089">
    <p class='ocr_par' dir='ltr' id='par_1_14' title="bbox 2895 3074 2930 3089">
     <span class='ocr_line' id='line_1_86' title="bbox 2895 3074 2930 3089; baseline 0 0"><span class='ocrx_word' id='word_1_686' title='bbox 2895 3074 2930 3089; x_wconf 61' lang='grc' dir='ltr'><strong>Ν</strong></span> 
     </span>
    </p>
   </div>
   <div class='ocr_carea' id='block_1_14' title="bbox 2179 3067 3756 3156">
    <p class='ocr_par' dir='ltr' id='par_1_15' title="bbox 2179 3067 3756 3156">
     <span class='ocr_line' id='line_1_87' title="bbox 2179 3067 3756 3156; baseline 0.007 -28"><span class='ocrx_word' id='word_1_687' title='bbox 2179 3068 2473 3145; x_wconf 78' lang='grc' dir='ltr'>αἰσθόμενοι</span> <span class='ocrx_word' id='word_1_688' title='bbox 2511 3067 2605 3140; x_wconf 78' lang='grc' dir='ltr'><strong>τὴν</strong></span> <span class='ocrx_word' id='word_1_689' title='bbox 2647 3067 2822 3129; x_wconf 80' lang='grc' dir='ltr'>ἔσοδον</span> <span class='ocrx_word' id='word_1_690' title='bbox 2861 3095 2963 3129; x_wconf 85' lang='grc' dir='ltr'><strong>των</strong></span> <span class='ocrx_word' id='word_1_691' title='bbox 2994 3074 3284 3152; x_wconf 78' lang='grc' dir='ltr'>ἐλεφάντων</span> <span class='ocrx_word' id='word_1_692' title='bbox 3323 3077 3428 3133; x_wconf 82' lang='grc' dir='ltr'><strong>τῶν</strong></span> <span class='ocrx_word' id='word_1_693' title='bbox 3456 3078 3678 3156; x_wconf 77' lang='grc' dir='ltr'>ἀγρίων,</span> <span class='ocrx_word' id='word_1_694' title='bbox 3705 3085 3756 3140; x_wconf 74' lang='grc' dir='ltr'><strong>οἱ</strong></span> 
     </span>
    </p>
   </div>
   <div class='ocr_carea' id='block_1_15' title="bbox 2175 3236 3756 5309">
    <p class='ocr_par' dir='ltr' id='par_1_16' title="bbox 2175 3236 3756 5309">
     <span class='ocr_line' id='line_1_88' title="bbox 2176 3236 3754 3301; baseline 0.006 -16"><span class='ocrx_word' id='word_1_695' title='bbox 2176 3238 2338 3286; x_wconf 85' lang='lat' dir='ltr'><strong>torum</strong></span> <span class='ocrx_word' id='word_1_696' title='bbox 2374 3236 2501 3299; x_wconf 86' lang='lat' dir='ltr'><strong>apud</strong></span> <span class='ocrx_word' id='word_1_697' title='bbox 2527 3250 2609 3287; x_wconf 86' lang='lat' dir='ltr'><strong>eos</strong></span> <span class='ocrx_word' id='word_1_698' title='bbox 2644 3238 2834 3287; x_wconf 81' lang='lat' dir='ltr'><strong>venatio</strong></span> <span class='ocrx_word' id='word_1_699' title='bbox 2865 3239 2983 3288; x_wconf 83' lang='lat' dir='ltr'><strong>nihil</strong></span> <span class='ocrx_word' id='word_1_700' title='bbox 3019 3253 3211 3301; x_wconf 83' lang='lat' dir='ltr'><strong>prorsus</strong></span> <span class='ocrx_word' id='word_1_701' title='bbox 3246 3241 3325 3290; x_wconf 88' lang='lat' dir='ltr'><strong>alii</strong></span> <span class='ocrx_word' id='word_1_702' title='bbox 3359 3245 3570 3294; x_wconf 80' lang='lat' dir='ltr'><strong>venandi</strong></span> <span class='ocrx_word' id='word_1_703' title='bbox 3604 3245 3754 3294; x_wconf 83' lang='lat' dir='ltr'><strong>modo</strong></span> 
     </span>
     <span class='ocr_line' id='line_1_89' title="bbox 2179 3313 3752 3383; baseline 0.007 -21"><span class='ocrx_word' id='word_1_704' title='bbox 2179 3313 2344 3363; x_wconf 86' lang='lat' dir='ltr'><strong>similis</strong></span> <span class='ocrx_word' id='word_1_705' title='bbox 2365 3316 2452 3373; x_wconf 89' lang='lat' dir='ltr'><strong>est,</strong></span> <span class='ocrx_word' id='word_1_706' title='bbox 2472 3314 2707 3377; x_wconf 86' lang='lat' dir='ltr'><strong>siquidem</strong></span> <span class='ocrx_word' id='word_1_707' title='bbox 2730 3317 2778 3364; x_wconf 87' lang='lat' dir='ltr'><strong>et</strong></span> <span class='ocrx_word' id='word_1_708' title='bbox 2801 3315 2877 3364; x_wconf 81' lang='lat' dir='ltr'><strong>hoe</strong></span> <span class='ocrx_word' id='word_1_709' title='bbox 2893 3316 3006 3365; x_wconf 82' lang='lat' dir='ltr'><strong>t&#39;erae</strong></span> <span class='ocrx_word' id='word_1_710' title='bbox 3019 3316 3162 3366; x_wconf 85' lang='lat' dir='ltr'><strong>nullis</strong></span> <span class='ocrx_word' id='word_1_711' title='bbox 3188 3317 3367 3367; x_wconf 79' lang='lat' dir='ltr'><strong>similes</strong></span> <span class='ocrx_word' id='word_1_712' title='bbox 3380 3323 3515 3370; x_wconf 88' lang='lat' dir='ltr'><strong>sunt.</strong></span> <span class='ocrx_word' id='word_1_713' title='bbox 3541 3323 3610 3383; x_wconf 84' lang='lat'><strong>(2)</strong></span> <span class='ocrx_word' id='word_1_714' title='bbox 3623 3322 3752 3373; x_wconf 82' lang='lat' dir='ltr'><strong>Deli-</strong></span> 
     </span>
     <span class='ocr_line' id='line_1_90' title="bbox 2176 3391 3754 3459; baseline 0.008 -21"><span class='ocrx_word' id='word_1_715' title='bbox 2176 3393 2296 3452; x_wconf 74' lang='lat' dir='ltr'><strong>gunt</strong></span> <span class='ocrx_word' id='word_1_716' title='bbox 2316 3393 2566 3440; x_wconf 72' lang='lat' dir='ltr'><strong>venatores</strong></span> <span class='ocrx_word' id='word_1_717' title='bbox 2584 3391 2745 3440; x_wconf 89' lang='lat' dir='ltr'><strong>locum</strong></span> <span class='ocrx_word' id='word_1_718' title='bbox 2765 3392 2961 3454; x_wconf 89' lang='lat' dir='ltr'><strong>planum</strong></span> <span class='ocrx_word' id='word_1_719' title='bbox 2998 3394 3047 3442; x_wconf 85' lang='lat' dir='ltr'><strong>et</strong></span> <span class='ocrx_word' id='word_1_720' title='bbox 3064 3393 3279 3455; x_wconf 82' lang='lat' dir='ltr'><strong>apricum</strong></span> <span class='ocrx_word' id='word_1_721' title='bbox 3292 3431 3307 3455; x_wconf 89' lang='lat'><strong>,</strong></span> <span class='ocrx_word' id='word_1_722' title='bbox 3327 3397 3490 3459; x_wconf 84' lang='lat' dir='ltr'><strong>magni</strong></span> <span class='ocrx_word' id='word_1_723' title='bbox 3507 3400 3754 3449; x_wconf 64' lang='lat' dir='ltr'><strong>exer-eim</strong></span> 
     </span>
     <span class='ocr_line' id='line_1_91' title="bbox 2177 3467 3754 3530; baseline 0.007 -15"><span class='ocrx_word' id='word_1_724' title='bbox 2177 3480 2397 3530; x_wconf 78' lang='lat' dir='ltr'><strong>capacem</strong></span> <span class='ocrx_word' id='word_1_725' title='bbox 2412 3505 2427 3529; x_wconf 91' lang='lat'>‚</span> <span class='ocrx_word' id='word_1_726' title='bbox 2450 3468 2501 3516; x_wconf 91' lang='lat' dir='ltr'><strong>in</strong></span> <span class='ocrx_word' id='word_1_727' title='bbox 2520 3467 2660 3528; x_wconf 86' lang='lat' dir='ltr'><strong>cujns</strong></span> <span class='ocrx_word' id='word_1_728' title='bbox 2685 3467 2888 3519; x_wconf 87' lang='lat' dir='ltr'><strong>circuitu</strong></span> <span class='ocrx_word' id='word_1_729' title='bbox 2911 3469 3083 3519; x_wconf 81' lang='lat' dir='ltr'><strong>fossam</strong></span> <span class='ocrx_word' id='word_1_730' title='bbox 3107 3469 3309 3521; x_wconf 81' lang='lat' dir='ltr'><strong>ducunt.</strong></span> <span class='ocrx_word' id='word_1_731' title='bbox 3349 3476 3512 3522; x_wconf 59' lang='lat' dir='ltr'><strong>Fossa?</strong></span> <span class='ocrx_word' id='word_1_732' title='bbox 3540 3475 3754 3526; x_wconf 83' lang='lat' dir='ltr'><strong>latitudo</strong></span> 
     </span>
     <span class='ocr_line' id='line_1_92' title="bbox 2178 3546 3756 3617; baseline 0.008 -23"><span class='ocrx_word' id='word_1_733' title='bbox 2178 3546 2238 3595; x_wconf 87' lang='lat' dir='ltr'><strong>ad</strong></span> <span class='ocrx_word' id='word_1_734' title='bbox 2253 3546 2466 3610; x_wconf 86' lang='lat' dir='ltr'><strong>quinque</strong></span> <span class='ocrx_word' id='word_1_735' title='bbox 2473 3547 2658 3610; x_wconf 79' lang='lat' dir='ltr'><strong>orgyias</strong></span> <span class='ocrx_word' id='word_1_736' title='bbox 2671 3547 2831 3608; x_wconf 84' lang='lat' dir='ltr'><strong>babet,</strong></span> <span class='ocrx_word' id='word_1_737' title='bbox 2854 3547 3059 3598; x_wconf 87' lang='lat' dir='ltr'><strong>altitudo</strong></span> <span class='ocrx_word' id='word_1_738' title='bbox 3073 3549 3262 3600; x_wconf 87' lang='lat' dir='ltr'><strong>circiter</strong></span> <span class='ocrx_word' id='word_1_739' title='bbox 3279 3555 3528 3613; x_wconf 86' lang='lat' dir='ltr'><strong>quattuor.</strong></span> <span class='ocrx_word' id='word_1_740' title='bbox 3555 3556 3623 3617; x_wconf 77' lang='lat'><strong>(³)</strong></span> <span class='ocrx_word' id='word_1_741' title='bbox 3633 3559 3756 3606; x_wconf 81' lang='lat' dir='ltr'><strong>Ter-</strong></span> 
     </span>
     <span class='ocr_line' id='line_1_93' title="bbox 2178 3624 3752 3691; baseline 0.008 -19"><span class='ocrx_word' id='word_1_742' title='bbox 2178 3636 2311 3686; x_wconf 87' lang='lat' dir='ltr'><strong>ram,</strong></span> <span class='ocrx_word' id='word_1_743' title='bbox 2335 3636 2481 3687; x_wconf 92' lang='lat' dir='ltr'><strong>quam</strong></span> <span class='ocrx_word' id='word_1_744' title='bbox 2502 3624 2723 3676; x_wconf 79' lang='lat' dir='ltr'><strong>fodiendo</strong></span> <span class='ocrx_word' id='word_1_745' title='bbox 2749 3629 2949 3687; x_wconf 81' lang='lat' dir='ltr'><strong>eruunt,</strong></span> <span class='ocrx_word' id='word_1_746' title='bbox 2972 3627 3217 3691; x_wconf 84' lang='lat' dir='ltr'><strong>utrimque</strong></span> <span class='ocrx_word' id='word_1_747' title='bbox 3234 3629 3297 3679; x_wconf 86' lang='lat' dir='ltr'><strong>ad</strong></span> <span class='ocrx_word' id='word_1_748' title='bbox 3315 3630 3449 3680; x_wconf 83' lang='lat' dir='ltr'><strong>labra</strong></span> <span class='ocrx_word' id='word_1_749' title='bbox 3468 3633 3610 3682; x_wconf 61' lang='lat' dir='ltr'><strong>fossas</strong></span> <span class='ocrx_word' id='word_1_750' title='bbox 3627 3648 3752 3684; x_wconf 82' lang='lat' dir='ltr'><strong>con-</strong></span> 
     </span>
     <span class='ocr_line' id='line_1_94' title="bbox 2178 3705 3752 3770; baseline 0.008 -20"><span class='ocrx_word' id='word_1_751' title='bbox 2178 3705 2374 3765; x_wconf 85' lang='lat' dir='ltr'><strong>gerunt,</strong></span> <span class='ocrx_word' id='word_1_752' title='bbox 2395 3716 2548 3765; x_wconf 89' lang='lat' dir='ltr'><strong>eaque</strong></span> <span class='ocrx_word' id='word_1_753' title='bbox 2565 3716 2651 3766; x_wconf 86' lang='lat' dir='ltr'><strong>pro</strong></span> <span class='ocrx_word' id='word_1_754' title='bbox 2673 3718 2817 3755; x_wconf 88' lang='lat' dir='ltr'><strong>muro</strong></span> <span class='ocrx_word' id='word_1_755' title='bbox 2839 3707 3062 3756; x_wconf 85' lang='lat' dir='ltr'><strong>utuntur.</strong></span> <span class='ocrx_word' id='word_1_756' title='bbox 3128 3708 3198 3769; x_wconf 78' lang='lat'><strong>(⁴)</strong></span> <span class='ocrx_word' id='word_1_757' title='bbox 3225 3708 3319 3770; x_wconf 82' lang='lat' dir='ltr'><strong>ipsi</strong></span> <span class='ocrx_word' id='word_1_758' title='bbox 3349 3713 3510 3759; x_wconf 85' lang='lat' dir='ltr'><strong>autem</strong></span> <span class='ocrx_word' id='word_1_759' title='bbox 3530 3711 3582 3759; x_wconf 85' lang='lat' dir='ltr'><strong>in</strong></span> <span class='ocrx_word' id='word_1_760' title='bbox 3601 3714 3752 3763; x_wconf 77' lang='lat' dir='ltr'><strong>exte-</strong></span> 
     </span>
     <span class='ocr_line' id='line_1_95' title="bbox 2179 3778 3751 3846; baseline 0.008 -19"><span class='ocrx_word' id='word_1_761' title='bbox 2179 3778 2317 3828; x_wconf 88' lang='lat' dir='ltr'><strong>rioris</strong></span> <span class='ocrx_word' id='word_1_762' title='bbox 2333 3779 2454 3829; x_wconf 88' lang='lat' dir='ltr'><strong>labri</strong></span> <span class='ocrx_word' id='word_1_763' title='bbox 2476 3793 2643 3843; x_wconf 81' lang='lat' dir='ltr'><strong>aggere</strong></span> <span class='ocrx_word' id='word_1_764' title='bbox 2660 3782 2865 3831; x_wconf 83' lang='lat' dir='ltr'><strong>tentoria</strong></span> <span class='ocrx_word' id='word_1_765' title='bbox 2883 3782 2974 3833; x_wconf 84' lang='lat' dir='ltr'><strong>sibi</strong></span> <span class='ocrx_word' id='word_1_766' title='bbox 3001 3782 3177 3833; x_wconf 83' lang='lat' dir='ltr'><strong>fossilia</strong></span> <span class='ocrx_word' id='word_1_767' title='bbox 3195 3783 3400 3846; x_wconf 74' lang='lat' dir='ltr'><strong>faciunt,</strong></span> <span class='ocrx_word' id='word_1_768' title='bbox 3432 3790 3480 3834; x_wconf 83' lang='lat' dir='ltr'><strong>et</strong></span> <span class='ocrx_word' id='word_1_769' title='bbox 3497 3787 3751 3839; x_wconf 74' lang='lat' dir='ltr'><strong>foramina</strong></span> 
     </span>
     <span class='ocr_line' id='line_1_96' title="bbox 2179 3855 3748 3925; baseline 0.008 -21"><span class='ocrx_word' id='word_1_770' title='bbox 2179 3855 2228 3904; x_wconf 91' lang='lat' dir='ltr'><strong>in</strong></span> <span class='ocrx_word' id='word_1_771' title='bbox 2264 3855 2348 3918; x_wconf 85' lang='lat' dir='ltr'><strong>iis,</strong></span> <span class='ocrx_word' id='word_1_772' title='bbox 2382 3870 2468 3919; x_wconf 89' lang='lat' dir='ltr'><strong>per</strong></span> <span class='ocrx_word' id='word_1_773' title='bbox 2492 3871 2604 3921; x_wconf 81' lang='lat' dir='ltr'><strong>quae</strong></span> <span class='ocrx_word' id='word_1_774' title='bbox 2631 3859 2789 3910; x_wconf 87' lang='lat' dir='ltr'><strong>lucem</strong></span> <span class='ocrx_word' id='word_1_775' title='bbox 2813 3859 3098 3923; x_wconf 85' lang='lat' dir='ltr'><strong>admittant,</strong></span> <span class='ocrx_word' id='word_1_776' title='bbox 3123 3861 3427 3925; x_wconf 82' lang='lat' dir='ltr'><strong>relinquunt:</strong></span> <span class='ocrx_word' id='word_1_777' title='bbox 3455 3862 3642 3923; x_wconf 82' lang='lat' dir='ltr'><strong>ipsique</strong></span> <span class='ocrx_word' id='word_1_778' title='bbox 3673 3878 3748 3916; x_wconf 82' lang='lat' dir='ltr'><strong>ex</strong></span> 
     </span>
     <span class='ocr_line' id='line_1_97' title="bbox 2180 3931 3746 4002; baseline 0.006 -21"><span class='ocrx_word' id='word_1_779' title='bbox 2180 3931 2235 3982; x_wconf 87' lang='lat' dir='ltr'><strong>iis</strong></span> <span class='ocrx_word' id='word_1_780' title='bbox 2254 3932 2375 3982; x_wconf 78' lang='lat' dir='ltr'><strong>teras</strong></span> <span class='ocrx_word' id='word_1_781' title='bbox 2394 3934 2827 3998; x_wconf 81' lang='lat' dir='ltr'><strong>appropinquantes</strong></span> <span class='ocrx_word' id='word_1_782' title='bbox 2849 3939 2996 3998; x_wconf 90' lang='lat' dir='ltr'><strong>atque</strong></span> <span class='ocrx_word' id='word_1_783' title='bbox 3014 3937 3063 3986; x_wconf 89' lang='lat' dir='ltr'><strong>in</strong></span> <span class='ocrx_word' id='word_1_784' title='bbox 3082 3940 3270 4001; x_wconf 89' lang='lat' dir='ltr'><strong>septum</strong></span> <span class='ocrx_word' id='word_1_785' title='bbox 3287 3938 3594 3999; x_wconf 81' lang='lat' dir='ltr'><strong>ingredientes</strong></span> <span class='ocrx_word' id='word_1_786' title='bbox 3623 3953 3746 4002; x_wconf 81' lang='lat' dir='ltr'><strong>pro·</strong></span> 
     </span>
     <span class='ocr_line' id='line_1_98' title="bbox 2176 4013 3747 4079; baseline 0.008 -20"><span class='ocrx_word' id='word_1_787' title='bbox 2176 4013 2412 4073; x_wconf 88' lang='lat' dir='ltr'><strong>spectant.</strong></span> <span class='ocrx_word' id='word_1_788' title='bbox 2479 4014 2548 4075; x_wconf 81' lang='grc'><strong>(5)</strong></span> <span class='ocrx_word' id='word_1_789' title='bbox 2580 4016 2717 4064; x_wconf 86' lang='lat' dir='ltr'><strong>Tunc</strong></span> <span class='ocrx_word' id='word_1_790' title='bbox 2751 4017 2849 4065; x_wconf 85' lang='lat' dir='ltr'><strong>tres</strong></span> <span class='ocrx_word' id='word_1_791' title='bbox 2870 4016 2955 4064; x_wconf 83' lang='lat' dir='ltr'><strong>aut</strong></span> <span class='ocrx_word' id='word_1_792' title='bbox 2974 4018 3207 4077; x_wconf 85' lang='lat' dir='ltr'><strong>quattuor</strong></span> <span class='ocrx_word' id='word_1_793' title='bbox 3239 4017 3504 4079; x_wconf 79' lang='lat' dir='ltr'><strong>elephantos</strong></span> <span class='ocrx_word' id='word_1_794' title='bbox 3531 4018 3747 4072; x_wconf 84' lang='lat' dir='ltr'><strong>teminei</strong></span> 
     </span>
     <span class='ocr_line' id='line_1_99' title="bbox 2176 4089 3748 4157; baseline 0.008 -21"><span class='ocrx_word' id='word_1_795' title='bbox 2176 4100 2318 4137; x_wconf 84' lang='lat' dir='ltr'><strong>sexus</strong></span> <span class='ocrx_word' id='word_1_796' title='bbox 2331 4102 2392 4138; x_wconf 81' lang='lat' dir='ltr'><strong>ex</strong></span> <span class='ocrx_word' id='word_1_797' title='bbox 2407 4089 2797 4141; x_wconf 82' lang='lat' dir='ltr'><strong>mansuetissimis</strong></span> <span class='ocrx_word' id='word_1_798' title='bbox 2810 4095 2944 4154; x_wconf 90' lang='lat' dir='ltr'><strong>septo</strong></span> <span class='ocrx_word' id='word_1_799' title='bbox 2961 4092 3276 4157; x_wconf 83' lang='lat' dir='ltr'><strong>includentes,</strong></span> <span class='ocrx_word' id='word_1_800' title='bbox 3291 4107 3438 4143; x_wconf 88' lang='lat' dir='ltr'><strong>unum</strong></span> <span class='ocrx_word' id='word_1_801' title='bbox 3459 4108 3542 4156; x_wconf 81' lang='lat' dir='ltr'><strong>per</strong></span> <span class='ocrx_word' id='word_1_802' title='bbox 3561 4096 3748 4148; x_wconf 61' lang='lat' dir='ltr'><strong>hasam</strong></span> 
     </span>
     <span class='ocr_line' id='line_1_100' title="bbox 2177 4164 3748 4234; baseline 0.008 -22"><span class='ocrx_word' id='word_1_803' title='bbox 2177 4164 2361 4214; x_wconf 86' lang='lat' dir='ltr'><strong>aditum</strong></span> <span class='ocrx_word' id='word_1_804' title='bbox 2391 4166 2691 4229; x_wconf 86' lang='lat' dir='ltr'><strong>relinquunt,</strong></span> <span class='ocrx_word' id='word_1_805' title='bbox 2717 4169 2841 4217; x_wconf 78' lang='lat' dir='ltr'><strong>fossa</strong></span> <span class='ocrx_word' id='word_1_806' title='bbox 2863 4174 3009 4231; x_wconf 90' lang='lat' dir='ltr'><strong>ponte</strong></span> <span class='ocrx_word' id='word_1_807' title='bbox 3029 4169 3200 4230; x_wconf 85' lang='lat' dir='ltr'><strong>juncta</strong></span> <span class='ocrx_word' id='word_1_808' title='bbox 3216 4208 3230 4231; x_wconf 89' lang='lat'>‚</span> <span class='ocrx_word' id='word_1_809' title='bbox 3255 4184 3399 4234; x_wconf 84' lang='lat' dir='ltr'><strong>quem</strong></span> <span class='ocrx_word' id='word_1_810' title='bbox 3429 4172 3588 4222; x_wconf 89' lang='lat' dir='ltr'><strong>multa</strong></span> <span class='ocrx_word' id='word_1_811' title='bbox 3609 4177 3748 4225; x_wconf 83' lang='lat' dir='ltr'><strong>terra</strong></span> 
     </span>
     <span class='ocr_line' id='line_1_101' title="bbox 2179 4243 3749 4311; baseline 0.007 -21"><span class='ocrx_word' id='word_1_812' title='bbox 2179 4244 2228 4290; x_wconf 89' lang='lat' dir='ltr'><strong>et</strong></span> <span class='ocrx_word' id='word_1_813' title='bbox 2250 4243 2403 4292; x_wconf 89' lang='lat' dir='ltr'><strong>multo</strong></span> <span class='ocrx_word' id='word_1_814' title='bbox 2420 4243 2598 4304; x_wconf 82' lang='lat' dir='ltr'><strong>cespite</strong></span> <span class='ocrx_word' id='word_1_815' title='bbox 2615 4247 2863 4307; x_wconf 86' lang='lat' dir='ltr'><strong>sternunt,</strong></span> <span class='ocrx_word' id='word_1_816' title='bbox 2882 4258 2944 4295; x_wconf 93' lang='lat' dir='ltr'><strong>ne</strong></span> <span class='ocrx_word' id='word_1_817' title='bbox 2965 4245 3173 4309; x_wconf 85' lang='lat' dir='ltr'><strong>conspici</strong></span> <span class='ocrx_word' id='word_1_818' title='bbox 3188 4261 3218 4296; x_wconf 87' lang='lat' dir='ltr'><strong>a</strong></span> <span class='ocrx_word' id='word_1_819' title='bbox 3236 4249 3347 4298; x_wconf 83' lang='lat' dir='ltr'><strong>seris</strong></span> <span class='ocrx_word' id='word_1_820' title='bbox 3363 4262 3482 4311; x_wconf 84' lang='lat' dir='ltr'><strong>pons</strong></span> <span class='ocrx_word' id='word_1_821' title='bbox 3496 4286 3512 4311; x_wconf 90' lang='lat'><strong>,</strong></span> <span class='ocrx_word' id='word_1_822' title='bbox 3532 4252 3586 4299; x_wconf 84' lang='lat' dir='ltr'><strong>et</strong></span> <span class='ocrx_word' id='word_1_823' title='bbox 3601 4250 3749 4302; x_wconf 76' lang='lat' dir='ltr'><strong>dolus</strong></span> 
     </span>
     <span class='ocr_line' id='line_1_102' title="bbox 2177 4319 3745 4382; baseline 0.008 -15"><span class='ocrx_word' id='word_1_824' title='bbox 2177 4320 2343 4368; x_wconf 84' lang='lat' dir='ltr'><strong>sentiri</strong></span> <span class='ocrx_word' id='word_1_825' title='bbox 2363 4319 2526 4382; x_wconf 83' lang='lat' dir='ltr'><strong>possit.</strong></span> <span class='ocrx_word' id='word_1_826' title='bbox 2595 4322 2662 4381; x_wconf 83' lang='lat'><strong>(6)</strong></span> <span class='ocrx_word' id='word_1_827' title='bbox 2688 4325 2951 4373; x_wconf 78' lang='lat' dir='ltr'><strong>venatores</strong></span> <span class='ocrx_word' id='word_1_828' title='bbox 2972 4325 3133 4374; x_wconf 86' lang='lat' dir='ltr'><strong>autem</strong></span> <span class='ocrx_word' id='word_1_829' title='bbox 3171 4325 3343 4375; x_wconf 84' lang='lat' dir='ltr'><strong>remoti</strong></span> <span class='ocrx_word' id='word_1_830' title='bbox 3367 4339 3470 4377; x_wconf 85' lang='lat' dir='ltr'><strong>sese</strong></span> <span class='ocrx_word' id='word_1_831' title='bbox 3495 4329 3548 4375; x_wconf 89' lang='lat' dir='ltr'><strong>in</strong></span> <span class='ocrx_word' id='word_1_832' title='bbox 3571 4340 3745 4378; x_wconf 73' lang='lat' dir='ltr'><strong>caver-</strong></span> 
     </span>
     <span class='ocr_line' id='line_1_103' title="bbox 2179 4395 3744 4465; baseline 0.008 -22"><span class='ocrx_word' id='word_1_833' title='bbox 2179 4395 2250 4445; x_wconf 86' lang='lat' dir='ltr'><strong>nis</strong></span> <span class='ocrx_word' id='word_1_834' title='bbox 2276 4408 2399 4458; x_wconf 89' lang='lat' dir='ltr'><strong>pone</strong></span> <span class='ocrx_word' id='word_1_835' title='bbox 2419 4396 2593 4446; x_wconf 79' lang='lat' dir='ltr'><strong>fossam</strong></span> <span class='ocrx_word' id='word_1_836' title='bbox 2616 4397 2883 4450; x_wconf 87' lang='lat' dir='ltr'><strong>continent.</strong></span> <span class='ocrx_word' id='word_1_837' title='bbox 2946 4402 3069 4451; x_wconf 79' lang='lat' dir='ltr'><strong>Nam</strong></span> <span class='ocrx_word' id='word_1_838' title='bbox 3095 4401 3182 4451; x_wconf 83' lang='lat' dir='ltr'><strong>feri</strong></span> <span class='ocrx_word' id='word_1_839' title='bbox 3205 4402 3446 4465; x_wconf 85' lang='lat' dir='ltr'><strong>elephanti</strong></span> <span class='ocrx_word' id='word_1_840' title='bbox 3473 4404 3582 4454; x_wconf 89' lang='lat' dir='ltr'><strong>loca</strong></span> <span class='ocrx_word' id='word_1_841' title='bbox 3603 4404 3744 4456; x_wconf 79' lang='lat' dir='ltr'><strong>bahi-</strong></span> 
     </span>
     <span class='ocr_line' id='line_1_104' title="bbox 2177 4472 3741 4545; baseline 0.008 -25"><span class='ocrx_word' id='word_1_842' title='bbox 2177 4475 2277 4521; x_wconf 87' lang='lat' dir='ltr'><strong>tata</strong></span> <span class='ocrx_word' id='word_1_843' title='bbox 2295 4472 2502 4522; x_wconf 86' lang='lat' dir='ltr'><strong>interdiu</strong></span> <span class='ocrx_word' id='word_1_844' title='bbox 2522 4487 2618 4524; x_wconf 91' lang='lat' dir='ltr'><strong>non</strong></span> <span class='ocrx_word' id='word_1_845' title='bbox 2649 4475 2831 4526; x_wconf 87' lang='lat' dir='ltr'><strong>adeunt</strong></span> <span class='ocrx_word' id='word_1_846' title='bbox 2852 4494 2866 4527; x_wconf 80' lang='grc' dir='ltr'><strong>ι</strong></span> <span class='ocrx_word' id='word_1_847' title='bbox 2890 4478 3041 4527; x_wconf 85' lang='lat' dir='ltr'><strong>noctu</strong></span> <span class='ocrx_word' id='word_1_848' title='bbox 3058 4491 3173 4529; x_wconf 87' lang='lat' dir='ltr'><strong>vero</strong></span> <span class='ocrx_word' id='word_1_849' title='bbox 3197 4479 3374 4541; x_wconf 84' lang='lat' dir='ltr'><strong>passim</strong></span> <span class='ocrx_word' id='word_1_850' title='bbox 3393 4483 3612 4531; x_wconf 82' lang='lat' dir='ltr'><strong>errantes</strong></span> <span class='ocrx_word' id='word_1_851' title='bbox 3631 4495 3741 4545; x_wconf 80' lang='lat' dir='ltr'><strong>gre·</strong></span> 
     </span>
     <span class='ocr_line' id='line_1_105' title="bbox 2176 4551 3746 4621; baseline 0.008 -22"><span class='ocrx_word' id='word_1_852' title='bbox 2176 4551 2323 4613; x_wconf 84' lang='lat' dir='ltr'><strong>gatim</strong></span> <span class='ocrx_word' id='word_1_853' title='bbox 2343 4556 2623 4613; x_wconf 82' lang='lat' dir='ltr'><strong>pascuntur,</strong></span> <span class='ocrx_word' id='word_1_854' title='bbox 2639 4566 2846 4617; x_wconf 86' lang='lat' dir='ltr'><strong>eumque</strong></span> <span class='ocrx_word' id='word_1_855' title='bbox 2862 4554 3033 4607; x_wconf 87' lang='lat' dir='ltr'><strong>ducem</strong></span> <span class='ocrx_word' id='word_1_856' title='bbox 3047 4560 3317 4621; x_wconf 87' lang='lat' dir='ltr'><strong>sequuntur</strong></span> <span class='ocrx_word' id='word_1_857' title='bbox 3332 4559 3418 4621; x_wconf 87' lang='lat' dir='ltr'><strong>qui</strong></span> <span class='ocrx_word' id='word_1_858' title='bbox 3436 4562 3486 4609; x_wconf 90' lang='lat' dir='ltr'><strong>et</strong></span> <span class='ocrx_word' id='word_1_859' title='bbox 3501 4560 3746 4611; x_wconf 79' lang='lat' dir='ltr'><strong>maximus</strong></span> 
     </span>
     <span class='ocr_line' id='line_1_106' title="bbox 2176 4628 3746 4699; baseline 0.006 -22"><span class='ocrx_word' id='word_1_860' title='bbox 2176 4629 2248 4677; x_wconf 79' lang='lat' dir='ltr'><strong>est</strong></span> <span class='ocrx_word' id='word_1_861' title='bbox 2266 4628 2314 4676; x_wconf 86' lang='lat' dir='ltr'><strong>et</strong></span> <span class='ocrx_word' id='word_1_862' title='bbox 2330 4628 2715 4690; x_wconf 76' lang='lat' dir='ltr'><strong>generosissimus</strong></span> <span class='ocrx_word' id='word_1_863' title='bbox 2736 4650 2749 4678; x_wconf 72' lang='grc' dir='ltr'><strong>ε</strong></span> <span class='ocrx_word' id='word_1_864' title='bbox 2771 4644 2869 4684; x_wconf 91' lang='lat' dir='ltr'><strong>non</strong></span> <span class='ocrx_word' id='word_1_865' title='bbox 2885 4632 3025 4685; x_wconf 83' lang='lat' dir='ltr'><strong>aliter</strong></span> <span class='ocrx_word' id='word_1_866' title='bbox 3040 4646 3099 4683; x_wconf 90' lang='lat' dir='ltr'><strong>ac</strong></span> <span class='ocrx_word' id='word_1_867' title='bbox 3115 4636 3279 4685; x_wconf 85' lang='lat' dir='ltr'><strong>tauros</strong></span> <span class='ocrx_word' id='word_1_868' title='bbox 3295 4648 3462 4685; x_wconf 77' lang='lat' dir='ltr'><strong>vaccae</strong></span> <span class='ocrx_word' id='word_1_869' title='bbox 3479 4637 3617 4699; x_wconf 83' lang='lat' dir='ltr'><strong>sequi</strong></span> <span class='ocrx_word' id='word_1_870' title='bbox 3638 4650 3746 4687; x_wconf 84' lang='lat' dir='ltr'><strong>cer·</strong></span> 
     </span>
     <span class='ocr_line' id='line_1_107' title="bbox 2176 4705 3742 4774; baseline 0.008 -22"><span class='ocrx_word' id='word_1_871' title='bbox 2176 4706 2377 4755; x_wconf 88' lang='lat' dir='ltr'><strong>nuntur.</strong></span> <span class='ocrx_word' id='word_1_872' title='bbox 2443 4705 2510 4768; x_wconf 93' lang='lat'><strong>(7)</strong></span> <span class='ocrx_word' id='word_1_873' title='bbox 2549 4709 2807 4770; x_wconf 85' lang='lat' dir='ltr'><strong>Postquam</strong></span> <span class='ocrx_word' id='word_1_874' title='bbox 2841 4710 2989 4772; x_wconf 83' lang='lat' dir='ltr'><strong>septis</strong></span> <span class='ocrx_word' id='word_1_875' title='bbox 3027 4711 3269 4774; x_wconf 85' lang='lat' dir='ltr'><strong>propiores</strong></span> <span class='ocrx_word' id='word_1_876' title='bbox 3299 4711 3413 4762; x_wconf 85' lang='lat' dir='ltr'><strong>t&#39;acti</strong></span> <span class='ocrx_word' id='word_1_877' title='bbox 3448 4714 3742 4765; x_wconf 80' lang='lat' dir='ltr'><strong>feminarum</strong></span> 
     </span>
     <span class='ocr_line' id='line_1_108' title="bbox 2178 4780 3744 4851; baseline 0.008 -23"><span class='ocrx_word' id='word_1_878' title='bbox 2178 4792 2348 4830; x_wconf 77' lang='lat' dir='ltr'><strong>rocem</strong></span> <span class='ocrx_word' id='word_1_879' title='bbox 2375 4780 2655 4844; x_wconf 88' lang='lat' dir='ltr'><strong>audierunt,</strong></span> <span class='ocrx_word' id='word_1_880' title='bbox 2677 4797 2853 4847; x_wconf 81' lang='lat' dir='ltr'><strong>easque</strong></span> <span class='ocrx_word' id='word_1_881' title='bbox 2876 4799 2961 4847; x_wconf 87' lang='lat' dir='ltr'><strong>per</strong></span> <span class='ocrx_word' id='word_1_882' title='bbox 2978 4786 3232 4837; x_wconf 90' lang='lat' dir='ltr'><strong>odoratum</strong></span> <span class='ocrx_word' id='word_1_883' title='bbox 3257 4800 3528 4850; x_wconf 76' lang='lat' dir='ltr'><strong>cognovere</strong></span> <span class='ocrx_word' id='word_1_884' title='bbox 3543 4828 3559 4851; x_wconf 83' lang='lat'><strong>,</strong></span> <span class='ocrx_word' id='word_1_885' title='bbox 3593 4804 3744 4841; x_wconf 77' lang='lat' dir='ltr'><strong>cni-sn</strong></span> 
     </span>
     <span class='ocr_line' id='line_1_109' title="bbox 2177 4858 3746 4929; baseline 0.007 -22"><span class='ocrx_word' id='word_1_886' title='bbox 2177 4858 2397 4909; x_wconf 79' lang='lat' dir='ltr'><strong>seruntur</strong></span> <span class='ocrx_word' id='word_1_887' title='bbox 2427 4860 2486 4908; x_wconf 89' lang='lat' dir='ltr'><strong>ad</strong></span> <span class='ocrx_word' id='word_1_888' title='bbox 2510 4864 2673 4923; x_wconf 87' lang='lat' dir='ltr'><strong>septa,</strong></span> <span class='ocrx_word' id='word_1_889' title='bbox 2697 4864 2745 4911; x_wconf 87' lang='lat' dir='ltr'><strong>et</strong></span> <span class='ocrx_word' id='word_1_890' title='bbox 2765 4864 2902 4914; x_wconf 79' lang='lat' dir='ltr'><strong>fossas</strong></span> <span class='ocrx_word' id='word_1_891' title='bbox 2932 4864 3065 4913; x_wconf 83' lang='lat' dir='ltr'><strong>labra</strong></span> <span class='ocrx_word' id='word_1_892' title='bbox 3104 4863 3466 4916; x_wconf 83' lang='lat' dir='ltr'><strong>circumeuntes</strong></span> <span class='ocrx_word' id='word_1_893' title='bbox 3483 4881 3642 4929; x_wconf 89' lang='lat' dir='ltr'><strong>quum</strong></span> <span class='ocrx_word' id='word_1_894' title='bbox 3678 4870 3746 4919; x_wconf 86' lang='lat' dir='ltr'><strong>ad</strong></span> 
     </span>
     <span class='ocr_line' id='line_1_110' title="bbox 2177 4939 3746 5007; baseline 0.008 -22"><span class='ocrx_word' id='word_1_895' title='bbox 2177 4939 2372 4999; x_wconf 88' lang='lat' dir='ltr'><strong>pontem</strong></span> <span class='ocrx_word' id='word_1_896' title='bbox 2398 4940 2729 5003; x_wconf 78' lang='lat' dir='ltr'><strong>pervenerint,</strong></span> <span class='ocrx_word' id='word_1_897' title='bbox 2748 4954 2834 5004; x_wconf 85' lang='lat' dir='ltr'><strong>per</strong></span> <span class='ocrx_word' id='word_1_898' title='bbox 2859 4955 2971 4992; x_wconf 91' lang='lat' dir='ltr'><strong>eum</strong></span> <span class='ocrx_word' id='word_1_899' title='bbox 2989 4942 3040 4991; x_wconf 86' lang='lat' dir='ltr'><strong>in</strong></span> <span class='ocrx_word' id='word_1_900' title='bbox 3064 4944 3196 5005; x_wconf 80' lang='lat' dir='ltr'><strong>septa</strong></span> <span class='ocrx_word' id='word_1_901' title='bbox 3223 4946 3394 4995; x_wconf 83' lang='lat' dir='ltr'><strong>ruunt.</strong></span> <span class='ocrx_word' id='word_1_902' title='bbox 3434 4948 3504 5007; x_wconf 83' lang='grc'><strong>(8)</strong></span> <span class='ocrx_word' id='word_1_903' title='bbox 3527 4949 3746 4997; x_wconf 77' lang='lat' dir='ltr'><strong>Venato-</strong></span> 
     </span>
     <span class='ocr_line' id='line_1_111' title="bbox 2176 5014 3749 5083; baseline 0.008 -21"><span class='ocrx_word' id='word_1_904' title='bbox 2176 5024 2253 5063; x_wconf 87' lang='lat' dir='ltr'><strong>res</strong></span> <span class='ocrx_word' id='word_1_905' title='bbox 2285 5014 2371 5063; x_wconf 85' lang='lat' dir='ltr'><strong>ubi</strong></span> <span class='ocrx_word' id='word_1_906' title='bbox 2394 5014 2627 5078; x_wconf 84' lang='lat' dir='ltr'><strong>ingressos</strong></span> <span class='ocrx_word' id='word_1_907' title='bbox 2647 5018 2771 5068; x_wconf 81' lang='lat' dir='ltr'><strong>teres</strong></span> <span class='ocrx_word' id='word_1_908' title='bbox 2804 5020 3081 5082; x_wconf 84' lang='lat' dir='ltr'><strong>elephantos</strong></span> <span class='ocrx_word' id='word_1_909' title='bbox 3109 5020 3354 5083; x_wconf 79' lang='lat' dir='ltr'><strong>sentiunt,</strong></span> <span class='ocrx_word' id='word_1_910' title='bbox 3389 5022 3475 5072; x_wconf 86' lang='lat' dir='ltr'><strong>alii</strong></span> <span class='ocrx_word' id='word_1_911' title='bbox 3507 5025 3749 5075; x_wconf 79' lang='lat' dir='ltr'><strong>continno</strong></span> 
     </span>
     <span class='ocr_line' id='line_1_112' title="bbox 2176 5091 3752 5161; baseline 0.009 -24"><span class='ocrx_word' id='word_1_912' title='bbox 2176 5091 2370 5152; x_wconf 87' lang='lat' dir='ltr'><strong>pontem</strong></span> <span class='ocrx_word' id='word_1_913' title='bbox 2390 5092 2694 5156; x_wconf 81' lang='lat' dir='ltr'><strong>subtrahunt,</strong></span> <span class='ocrx_word' id='word_1_914' title='bbox 2714 5094 2790 5145; x_wconf 88' lang='lat' dir='ltr'><strong>alii</strong></span> <span class='ocrx_word' id='word_1_915' title='bbox 2811 5097 3055 5158; x_wconf 82' lang='lat' dir='ltr'><strong>proximos</strong></span> <span class='ocrx_word' id='word_1_916' title='bbox 3066 5108 3209 5159; x_wconf 81' lang='lat' dir='ltr'><strong>pagos</strong></span> <span class='ocrx_word' id='word_1_917' title='bbox 3223 5099 3444 5159; x_wconf 84' lang='lat' dir='ltr'><strong>petentes</strong></span> <span class='ocrx_word' id='word_1_918' title='bbox 3463 5098 3752 5161; x_wconf 77' lang='lat' dir='ltr'><strong>elephantos</strong></span> 
     </span>
     <span class='ocr_line' id='line_1_113' title="bbox 2175 5167 3752 5239; baseline 0.008 -24"><span class='ocrx_word' id='word_1_919' title='bbox 2175 5168 2311 5228; x_wconf 87' lang='lat' dir='ltr'><strong>septo</strong></span> <span class='ocrx_word' id='word_1_920' title='bbox 2345 5167 2553 5219; x_wconf 85' lang='lat' dir='ltr'><strong>inclusos</strong></span> <span class='ocrx_word' id='word_1_921' title='bbox 2587 5183 2688 5220; x_wconf 79' lang='lat' dir='ltr'><strong>esse</strong></span> <span class='ocrx_word' id='word_1_922' title='bbox 2717 5172 2957 5222; x_wconf 84' lang='lat' dir='ltr'><strong>nuntiant.</strong></span> <span class='ocrx_word' id='word_1_923' title='bbox 3024 5173 3091 5233; x_wconf 82' lang='lat'><strong>(9)</strong></span> <span class='ocrx_word' id='word_1_924' title='bbox 3116 5176 3225 5231; x_wconf 87' lang='lat' dir='ltr'><strong>Quo</strong></span> <span class='ocrx_word' id='word_1_925' title='bbox 3256 5174 3451 5235; x_wconf 84' lang='lat' dir='ltr'><strong>cognito</strong></span> <span class='ocrx_word' id='word_1_926' title='bbox 3487 5177 3752 5239; x_wconf 78' lang='lat' dir='ltr'><strong>populares</strong></span> 
     </span>
     <span class='ocr_line' id='line_1_114' title="bbox 2177 5243 3750 5309; baseline 0.008 -15"><span class='ocrx_word' id='word_1_927' title='bbox 2177 5243 2427 5295; x_wconf 73' lang='lat' dir='ltr'><strong>confestim</strong></span> <span class='ocrx_word' id='word_1_928' title='bbox 2469 5245 2746 5309; x_wconf 83' lang='lat' dir='ltr'><strong>elephantos</strong></span> <span class='ocrx_word' id='word_1_929' title='bbox 2798 5249 3165 5301; x_wconf 83' lang='lat' dir='ltr'><strong>animosissimos</strong></span> <span class='ocrx_word' id='word_1_930' title='bbox 3216 5262 3274 5299; x_wconf 86' lang='lat' dir='ltr'><strong>ac</strong></span> <span class='ocrx_word' id='word_1_931' title='bbox 3320 5252 3750 5306; x_wconf 57' lang='lat' dir='ltr'><strong>mansuetisfimos</strong></span> 
     </span>
    </p>
   </div>
   <div class='ocr_carea' id='block_1_16' title="bbox 4003 4057 4006 4715">
    <p class='ocr_par' dir='ltr' id='par_1_17' title="bbox 4003 4057 4006 4715">
     <span class='ocr_line' id='line_1_115' title="bbox 4003 4057 4006 4715; baseline 0 0"><span class='ocrx_word' id='word_1_932' title='bbox 4003 4057 4006 4715; x_wconf 95' lang='lat' dir='ltr'><strong> </strong></span> 
     </span>
    </p>
   </div>
   <div class='ocr_carea' id='block_1_17' title="bbox 4003 4057 4006 4715">
    <p class='ocr_par' dir='ltr' id='par_1_18' title="bbox 4003 4057 4006 4715">
     <span class='ocr_line' id='line_1_116' title="bbox 4003 4057 4006 4715; baseline 0 0"><span class='ocrx_word' id='word_1_933' title='bbox 4003 4057 4006 4715; x_wconf 95' lang='lat' dir='ltr'><strong> </strong></span> 
     </span>
    </p>
   </div>
  </div>
 </body>
</html>
