4016 5916
1684 410 2133 474 MESSENIUS.

318 551 388 599 A.
420 543 724 599 SCRIPTA
763 543 940 614 QUAE
978 544 1080 597 AD
1122 543 1529 599 HISTORIAM
1569 543 1869 604 CIVILEM

874 631 1307 689 PERTINENT.

320 768 365 823 Ι.
410 774 551 822 mor.
574 773 862 822 εΛΛΑΛοΣ
892 760 1034 838 βιόλ.
1076 763 1124 839 γ’
1153 764 1251 839 (fr.
1284 766 1525 840 1—19).

482 849 616 927 Πιρὶ
642 853 734 920 τῆς
760 850 814 907 ἐν
836 847 977 930 Ἰλίῳ
999 848 1180 915 θυσίας
1207 850 1310 928 (fr.
1345 852 1470 928 19).

320 941 399 997 ΙΙ.
425 947 750 997 nostram
778 937 880 1014 (rr.
913 956 1010 994 20.
1044 939 1168 1014 αι).

481 1022 785 1095 Ἀθηναίων.

485 1108 791 1187 Κορινθίων.

486 1195 844 1270 Πελληναίων.

484 1278 852 1355 Σπαρτιατῶν.

326 1367 430 1424 111.
472 1373 921 1424 ΤΡΠῙΟΛΙΤΙΚΟΣ
968 1364 1074 1441 (fr.
1111 1384 1205 1421 αα.
1241 1367 1315 1422 23
1336 1364 1377 1442 ).
1408 1366 1691 1439 Scriptum
1720 1366 1874 1439 poli-

486 1452 1082 1526 tico-philosophicum
1110 1452 1182 1507 de
1208 1455 1421 1528 optima
1456 1454 1601 1526 reip.
1629 1452 1829 1509 forma.

327 1539 428 1597 lv,
470 1547 781 1596 ΣΥΛΔΟΓΟῙ
821 1547 1182 1608 ΠΟΛΙΤΙΚΟΙ,
1207 1542 1411 1613 quibus
1443 1558 1475 1594 a
1498 1541 1657 1609 locis,
1675 1539 1778 1595 ubi
1796 1541 1878 1595 in·

483 1627 659 1681 stituti
685 1644 969 1682 sermones
986 1644 1099 1681 esse
1125 1624 1506 1702 fingebantur,
1528 1628 1679 1682 tituli
1706 1626 1873 1682 inditi

487 1724 665 1769 erant.
697 1715 952 1770 Fortasse
988 1714 1158 1768 etiam
1193 1716 1222 1770 ὁ
1249 1712 1615 1792 Τριπολιτικὸς
1638 1733 1781 1769 unus
1809 1733 1879 1770 ex

489 1798 757 1874 συλλόγοις
783 1801 898 1856 istis
928 1800 1052 1857 suit.
1074 1802 1138 1857 V.
1162 1811 1282 1861 not.
1308 1801 1381 1858 ad
1400 1802 1470 1861 fr.
1504 1801 1598 1858 23.

328 1890 391 1945 V.
470 1896 788 1945 EfflxToAn
833 1896 995 1945 ΠΡΟΣ
1038 1896 1492 1960 ΑΡΙΣΤΟΞΕΝΟΝ,
1535 1891 1596 1944 in
1636 1908 1749 1963 qua
1782 1891 1884 1946 D}-

490 1975 805 2031 caearchum
827 1974 1142 2031 doctrinam
1161 1978 1450 2050 politicam
1470 1994 1599 2032 cum
1623 1976 1883 2034 doctrina

486 2063 816 2119 harmonica
851 2081 1197 2138 comparasse
1220 2067 1493 2139 suspicor.
1533 2067 1600 2124 V.
1642 2075 1766 2121 not.
1809 2065 1883 2121 ad

488 2152 560 2209 fr.
594 2151 665 2207 23
692 2163 748 2208 et
778 2157 869 2223 47.

329 2298 393 2355 Β.
440 2298 742 2354 SCRIPTA
789 2296 960 2371 QUAE
1010 2301 1110 2355 AD
1161 2300 1471 2357 LlTERAS
1513 2303 1605 2357 ET
1642 2304 1881 2358 ARTES

452 2385 862 2458 EARUMQUE
917 2383 1332 2443 HISTORIAM
1373 2388 1758 2445 SPECTANT.

333 2516 433 2570 vl.
478 2524 607 2573 Blol
648 2535 723 2571 se.
763 2515 1056 2595 φιλοσόφων
1088 2518 1188 2594 (fr.
1236 2518 1540 2597 24-33),
1582 2521 1743 2576 libris
1771 2523 1882 2575 mi-

491 2606 706 2658 nimum
732 2604 972 2663 duobus.
1776 2634 1782 2639 ·

332 2689 495 2765 [vn.
540 2700 685 2748 ΠΕΡΙ
713 2690 1055 2769 ΟΜΗΡΟΥΫ]
1087 2697 1150 2751 V.
1178 2713 1301 2767 quae
1322 2707 1450 2769 post
1474 2695 1542 2751 fr.
1574 2694 1644 2750 33
1672 2698 1882 2754 notavi.

332 2779 484 2833 vul.
531 2787 678 2834 ΠΕΡΙ
718 2788 985 2837 ΑΛΚΑΙΟΥ
1011 2780 1111 2855 (ἡ.
1138 2780 1232 2846 34.
1261 2781 1387 2856 35).
1412 2785 1499 2840 De
1516 2784 1630 2839 vita
1655 2794 1711 2838 et
1727 2786 1884 2858 poesi

489 2868 658 2922 Alcaei
686 2866 991 2941 disputatio
1015 2880 1071 2924 et
1100 2871 1158 2923 in
1189 2872 1439 2926 carmina
1463 2870 1577 2944 ejus
1606 2890 1885 2926 commen-

492 2956 683 3011 tarius.

334 3041 437 3099 IX.
486 3043 916 3121 [ΔῙΔΑΣΚΑΛΙΑΙ]
948 3045 1053 3117 (fr.
1089 3045 1375 3123 36—42).

494 3127 563 3188 α’.
593 3126 895 3196 Ὗποθέσεις
917 3132 990 3197 εἷς
1017 3129 1335 3212 Σοφοκλέους
1362 3132 1452 3191 καὶ
1478 3133 1758 3213 Εὐριπίδου
1787 3132 1885 3211 μύ·

494 3221 609 3281 θους
639 3219 739 3294 (fr.
773 3215 1061 3296 36—40).

498 3301 565 3379 β’.
582 3307 667 3361 De
680 3308 1051 3382 Aristophane
1065 3308 1293 3383 ejusque
1313 3310 1514 3366 sabulis
1531 3309 1619 3386 (fr.
1646 3316 1675 3376 4
1690 3331 1711 3366 1
1726 3356 1739 3370 .
1761 3318 1790 3378 4
1801 3331 1832 3366 2
1844 3308 1859 3388 )
1870 3353 1882 3366 .

288 3465 297 3473 ι
330 3392 414 3448 X·
498 3401 643 3449 ΠΕΡΙ
679 3403 919 3452 ΑΓΩΝΩΝ
957 3404 1279 3454 ΜΟΥΣΙΚΩΝ
1317 3396 1422 3472 (fr.
1457 3398 1689 3464 43-50
1708 3395 1747 3476 ).
1779 3401 1887 3472 Qui

500 3481 692 3536 titulus
718 3483 776 3536 in
803 3483 1092 3556 Aristoph.
1124 3484 1301 3539 schol.
1332 3485 1549 3543 Aldinis
1573 3487 1718 3543 male
1754 3506 1886 3543 mu-

502 3579 648 3625 tatus
680 3580 759 3626 est
783 3571 843 3625 in
875 3589 891 3627 :
926 3567 1059 3647 Περὶ
1081 3569 1372 3640 Μουσικῆς.

495 3651 567 3710 α’.
598 3653 730 3732 Περὶ
759 3658 861 3713 τῶν
881 3659 1232 3715 Διονυσιακῶν
1269 3656 1481 3733 ἀγώνων
1515 3658 1616 3734 (fr.
1649 3658 1782 3742 45).

501 3737 571 3817 β’.
606 3742 1004 3814 Παναθηναϊκός
1028 3764 1110 3801 sc.
1148 3739 1287 3822 ἀγών
1312 3745 1333 3823 (
1354 3747 1424 3806 sr.
1462 3747 1597 3825 46).

497 3826 566 3905 γ’.
595 3827 959 3906 Ὀλυμπιακός
989 3833 1091 3908 (fr.
1125 3835 1253 3909 47).

496 3917 791 3992 Alialmjus
801 3923 987 3995 operis
1002 3922 1184 3996 capita
1198 3922 1462 3978 latuerint
1477 3925 1536 3979 in
1550 3923 1619 3982 fr.
1638 3924 1889 3990 48-50.

334 4057 399 4114 C.
419 4057 724 4116 SCRIPTA
745 4060 1265 4119 GEOGRAPHICA
1285 4064 1377 4118 ET
1397 4063 1888 4124 GEOMETRICA.

334 4198 445 4255 x1.
469 4205 587 4256 rm:
608 4207 918 4259 lli-:monos
947 4199 1055 4277 (fr.
1089 4198 1375 4282 52—57).

338 4282 498 4361 [XII.
542 4294 689 4342 ΠΕΡΙ
711 4296 835 4345 ΤΩΝ
859 4297 938 4344 EN
963 4289 1523 4368 EAAAA1110AEON?]
1549 4292 1617 4348 fr.
1638 4290 1890 4353 58—60.

502 4375 665 4429 Hunc
693 4377 918 4431 titulum
961 4375 1174 4454 praefixi
1216 4379 1394 4436 tribus
1421 4383 1707 4455 Anonymi
1730 4382 1892 4457 frag-

501 4464 725 4531 mentis,
757 4481 881 4536 quae
907 4467 1229 4522 Dicaearcho
1259 4468 1433 4523 tribui
1452 4469 1654 4527 solent.

336 4550 505 4605 xm.
539 4558 704 4607 omn
726 4560 1240 4611 ΚΑΤΑΜΕΤΡΗΣΕῙΣ
1268 4555 1375 4630 (fr.
1400 4554 1631 4612 61—62
1651 4557 1691 4632 ).

504 4635 935 4717 Καταμετρήσεις
961 4642 1061 4696 τῶν
1092 4641 1145 4698 ἐν
1176 4640 1557 4723 Πελοποννήσῳ
1578 4644 1732 4723 ὀρῶν.

601 4779 673 4836 D.
716 4778 1022 4834 SCRIPTA
1065 4781 1659 4840 PHILOSOPHICA..

343 4913 501 4973 xlv,
532 4925 681 4974 ΠΕΡΙ
704 4927 925 4976 ΨΥΧΗΣ
956 4919 1054 4990 (fr.
1088 4919 1378 5000 63—69).

503 4999 573 5060 α’.
597 5004 938 5083 Κορινθιακός
959 5003 1102 5082 βιὸλ.
1127 5003 1175 5084 γ’
1204 5007 1310 5084 (fr.
1337 5006 1618 5084 63-65).

505 5088 574 5168 β’.
611 5090 903 5159 Λεσὸιακός
945 5091 1089 5171 βιὸλ.
1131 5091 1178 5172 γ’
1224 5094 1331 5172 (fr.
1363 5096 1665 5174 66—69),
1702 5117 1737 5156 a
1778 5118 1897 5174 quo

504 5197 624 5235 non
652 5181 903 5238 diversus
939 5181 1103 5240 fuisse
1131 5183 1355 5241 videtur
1382 5184 1526 5241 liber
1557 5202 1572 5245 ε

3392 427 3505 479 22⁴1

2127 541 2259 622 Περὶ
2284 548 2473 623 φθορᾶς
2494 547 2609 602 sive
2634 548 2720 602 De
2747 552 2967 603 Interim
2996 544 3103 622 (fr.
3141 567 3212 618 70
3231 544 3272 624 ).

1963 633 2092 691 xv,
2123 641 2615 693 IlEPIMANTth:
2640 634 2744 708 (fr.
2781 634 2911 709 71).

1959 720 2115 779 XVI.
2139 729 2240 779 ΕΙΣ
2286 729 2650 779 ΤΡΟΦΩΝΙΟΥ
2689 731 3029 780 munniz
3062 721 3169 795 (fr.
3212 723 3511 800 ’γα-74),

2123 827 2240 882 quo
2264 827 2437 883 opere
2463 808 2652 865 locum
2688 827 2720 865 e
2744 808 3106 883 philosophia
3133 812 3335 867 morali
3365 813 3514 885 peti-

2122 904 2242 952 tum
2265 892 2474 953 auctor‘
2486 907 2743 953 tractasse
2767 896 3014 952 videtur.

2121 1035 2368 1072 menn-rs:
2398 1033 2555 1073 sums
2579 1018 2914 1072 ruentium
2945 1014 3015 1087 75
3033 1057 3048 1085 ‚
3081 1016 3152 1087 76
3177 1027 3232 1072 et
3262 1014 3357 1077 51.

2040 1123 2375 1197 fragmenta
2389 1122 2598 1176 horum
2622 1121 2963 1195 scriptorum
2987 1119 3217 1177 exhibui
3243 1124 3516 1193 omnium,

1964 1228 2308 1283 quamquam
2338 1207 2410 1263 ad
2438 1226 2541 1263 nos
2579 1209 2840 1281 proxime
2863 1227 2926 1263 ea
2954 1217 3169 1263 tantum
3202 1212 3517 1283 pertinent,

1964 1316 2088 1370 quae
2128 1298 2314 1371 primo
2338 1298 2467 1352 loco
2505 1296 2669 1370 posui
2709 1295 2974 1352 historica
3002 1307 3057 1351 et
3089 1298 3339 1371 politica.
3367 1301 3522 1356 Inter

1965 1402 2028 1440 ea
2057 1403 2192 1439 vero
2223 1384 2652 1439 celeberrimum
2671 1382 2833 1439 fuisse
2854 1383 3079 1439 videtur
3105 1404 3246 1459 opus
3266 1383 3382 1451 1360<
3400 1383 3524 1444 ‘Et-

1963 1469 2117 1535 λοὶδος
2137 1472 2463 1545 inscriptum
2477 1513 2493 1541 ,
2511 1470 2668 1543 cujus
2689 1473 2887 1546 saepius
2906 1471 3056 1546 apud
3076 1482 3290 1528 veteres
3309 1478 3521 1531 mentio

1965 1555 2058 1628 fit,
2092 1557 2226 1613 dum
2256 1559 2610 1632 reliquorum
2637 1559 2859 1613 nonnisi
2892 1560 3206 1614 tenuissima
3229 1562 3426 1616 notitia
3449 1562 3522 1617 ad

1966 1664 2071 1701 nos
2093 1646 2368 1718 pervenit.
2397 1636 2665 1718 Quaenam
2706 1644 2924 1699 indoles
2951 1656 3006 1699 et
3032 1644 3330 1702 adornatio
3359 1648 3525 1720 hujus

1969 1733 2154 1805 operis
2169 1732 2336 1786 suerit
2349 1772 2365 1801 ‚
2384 1751 2415 1787 e
2434 1731 2641 1787 diserto
2658 1733 2977 1787 testimonio
3000 1750 3114 1799 non
3135 1743 3352 1789 constat
3371 1754 3386 1802 ;
3407 1736 3523 1807 ipsa

1968 1836 2105 1873 vero
2131 1818 2443 1894 fragmenta
2470 1818 2744 1892 ejusmodi
2771 1830 2930 1887 sunt,
2957 1830 3020 1873 ut
3047 1821 3215 1874 variis
3240 1823 3525 1895 opinioni-

1967 1905 2075 1961 bus
2097 1906 2288 1961 locum
2315 1906 2452 1961 dare
2478 1907 2710 1980 possint.
2750 1906 3127 1962 Nihilominus
3156 1910 3376 1965 ratione
3398 1912 3525 1965 satis

1967 1994 2252 2067 probabili
2273 2004 2662 2069 argumentum
2679 1993 2906 2066 ejusque
2923 1993 3370 2051 distributionem
3392 2017 3528 2053 con-

1969 2084 2199 2138 stituere
2220 2081 2430 2139 licebit.
2459 2080 2936 2137 Proficiscendum
2959 2100 3095 2137 vero
3128 2094 3207 2137 est
3231 2084 3300 2138 ab
3326 2102 3524 2141 eorum

1971 2171 2259 2225 mentione
2298 2186 2572 2242 operum,
2609 2187 2736 2241 quae
2783 2167 2983 2224 eodem
3027 2169 3119 2224 vel
3163 2172 3329 2226 simili
3363 2175 3526 2229 titulo

1972 2257 2234 2330 inscripta
2274 2254 2436 2310 fuisse
2482 2256 2814 2330 accepimus.
2855 2255 3111 2326 Quorum
3154 2255 3271 2312 duo
3313 2278 3527 2315 memo·

1974 2353 2172 2397 rantur
2201 2361 2214 2395 :
2242 2360 2421 2396 unum
2451 2340 2610 2414 quod
2637 2342 2814 2397 Varro
2831 2382 2846 2409 ‚
2873 2341 3198 2396 Graecorum
3228 2345 3379 2417 apud
3403 2348 3527 2402 Ro-

1972 2448 2168 2485 manos
2194 2431 2467 2499 imitator,
2503 2429 2589 2483 De
2627 2430 2952 2501 vimpopuli
2987 2430 3253 2497 Romani,
3290 2433 3528 2489 alterum

1973 2518 2128 2591 quod
2155 2519 2312 2573 sicuti
2340 2527 2592 2572 nostrum
2613 2511 2995 2579 ΒίοςἝλλοίδος
3015 2518 3340 2592 inscriptum
3366 2523 3529 2577 Iason

1972 2607 2211 2680 Argivus
2241 2605 2385 2674 sive,
2415 2614 2479 2658 ut
2510 2604 2767 2657 nonnulli
2793 2603 3191 2677 opinabantur,
3218 2607 3383 2661 Iason
3409 2610 3530 2681 Ny-

1974 2695 2187 2748 saeensis
2207 2693 2544 2766 composuit.
2564 2693 2648 2747 De
2667 2693 2934 2747 Varronis
2948 2693 3157 2765 scripto
3174 2712 3372 2765 parum
3393 2698 3528 2750 mihi

1974 2782 2179 2854 liquet;
2206 2780 2277 2836 de
2306 2781 2518 2836 Iasonis
2545 2781 2739 2854 Argivi
2759 2798 2933 2854 opere
2958 2779 3074 2834 dixi
3101 2781 3158 2833 in
3190 2782 3532 2855 fragmentis

1974 2869 2330 2942 Scriptorum
2359 2865 2664 2923 Alexandri
2704 2868 2780 2922 M.
2815 2886 2872 2941 p.
2916 2865 3021 2920 160
3060 2885 3187 2940 sqq.
3217 2868 3371 2923 Patet
3393 2889 3532 2926 vero

1979 2953 2042 3028 (e
2074 2954 2246 3010 Suida
2285 2974 2342 3010 ν.
2383 2949 2598 3027 Ἰάσων)
2644 2954 2903 3009 Iasonem
2936 2954 3010 3009 ita
3051 2972 3172 3009 rem
3204 2955 3531 3026 instituisse,

1977 3054 2040 3097 ut
2063 3042 2211 3097 libro
2236 3043 2425 3116 primo
2456 3052 2767 3114 exponeret
2799 3036 2894 3108 τὴν
2932 3038 3305 3118 ἀρχαιολογίαν
3330 3038 3532 3100 Ἑλλά-

1977 3128 2091 3198 δος,
2139 3129 2388 3185 secundo
2432 3124 2497 3185 τὰ
2539 3125 2642 3184 ἀπὸ
2671 3129 2772 3184 τῶν
2812 3128 3093 3198 Μηδικῶν,
3119 3132 3287 3185 tertio
3323 3127 3388 3186 τὰ
3417 3130 3534 3187 κατ’

1976 3213 2332 3295 Ἀλέξανδρον,
2362 3227 2564 3290 quarto
2591 3212 2658 3272 τὰ
2689 3213 2845 3293 μέχρι
2875 3214 3156 3285 Ἀθηναίων
3179 3213 3423 3283 ἁλώσεως
3439 3221 3531 3288 τῆς

1975 3301 2255 3380 γενομένης
2274 3302 2357 3360 ὑπ’
2390 3299 2723 3379 Ἀντιπάτρου
2744 3305 2831 3358 τοῦ
2851 3301 3047 3380 πατρὸς
3079 3303 3440 3382 Κασσάνδρου.
3467 3308 3532 3382 (⁴)

1976 3392 2308 3466 Fragmenta
2327 3389 2458 3445 huic
2482 3392 2642 3463 operi
2668 3409 2927 3464 expresse
2963 3391 3170 3445 tributa
3197 3410 3314 3446 non
3339 3411 3537 3465 super—

1977 3488 2105 3533 sunt
2135 3488 2337 3550 praeter
2362 3495 2537 3531 unum
2569 3473 2687 3550 (ap.
2721 3477 2986 3549 Stephan.
3029 3480 3160 3550 Byz.
3190 3496 3243 3531 v.
3284 3475 3530 3543 Ἀλεξάν-

1979 3563 2187 3641 δρεια),
2226 3582 2341 3636 quo
2385 3562 2702 3618 Alexander
2745 3563 2945 3618 urbem
2986 3565 3070 3617 sui
3114 3565 3357 3619 nominis
3391 3585 3536 3621 con-

1979 3651 2228 3720 diturus,
2300 3650 2371 3705 dc
2425 3650 2553 3705 loco
2602 3650 2703 3705 ubi
2756 3650 3055 3706 condenda
3122 3653 3193 3706 sit
3238 3654 3532 3709 oraculum

2045 3809 2112 3868 (¹⁵)
2147 3806 2377 3864 Fabi-ius,
2405 3807 2494 3855 etsi
2527 3804 2724 3854 titutum
2760 3804 2915 3867 operis
2947 3805 3128 3854 lasonei
3154 3813 3531 3866 commemorat,

1975 3876 2327 3939 justamtnmen
2346 3875 2451 3939 ejus
2465 3877 2698 3925 rationem
2717 3889 2813 3924 non
2824 3875 3005 3924 habuit.
3022 3877 3187 3937 Neque
3203 3885 3258 3925 Α.
3282 3878 3534 3927 Buttman-

1980 3948 2138 3996 ausin
2158 3946 2319 3997 libello
2341 3950 2412 3997 De
2450 3946 2731 3996 Dicat-archo
2749 3946 2951 4008 ejusque
2963 3945 3209 4007 operibus.
3232 3950 3535 4008 Quamquam

1982 4018 2023 4067 is
2036 4018 2234 4067 sortasse
2245 4018 2339 4067 alio
2354 4019 2461 4068 loco
2481 4017 2700 4080 pluribus
2713 4016 2772 4066 de
2787 4017 2860 4066 liis
2872 4015 3108 4065 disseruit.
3132 4017 3318 4066 Etenim
3336 4018 3537 4068 Fuhrius

1980 4100 2031 4150 p.
2057 4093 2117 4138 96
2153 4087 2432 4138 Buttmanni
2462 4087 2522 4137 de
2541 4088 2766 4137 Varronis
2787 4088 2910 4137 libro
2932 4087 3216 4136 sententiam
3236 4088 3374 4136 affert
3389 4125 3402 4147 ,
3427 4102 3538 4150 quae

1981 4170 2044 4207 ex
2075 4158 2133 4207 iis
2165 4158 2305 4221 ipsis,
2329 4171 2441 4220 quoe
2478 4158 2650 4208 suidas
2682 4158 2742 4208 «le
2770 4161 2938 4208 Iasone
2961 4156 3133 4217 habet,
3162 4159 3414 4207 efformata
3438 4172 3538 4208 esse

1982 4228 2194 4279 videtur.
2216 4232 2285 4278 tta
2312 4229 2439 4278 enim
2467 4230 2671 4279 Fuhrius
2696 4249 2708 4277 ε
2736 4248 2758 4270 α
2798 4232 2867 4277 Ex
2902 4227 3178 4277 Buttmanni
3200 4227 3396 4289 quidem
3429 4241 3536 4277 sen·

1982 4299 2133 4348 tentia
2153 4299 2382 4349 Varronis
2400 4304 2470 4349 De
2495 4300 2592 4348 rita
2620 4299 2780 4361 populi
2812 4297 3013 4348 Romani
3032 4309 3154 4359 opus
3176 4295 3242 4345 ita
3265 4298 3537 4348 institutum

1984 4368 2103 4435 suit,
2125 4372 2178 4418 ut
2201 4369 2249 4417 in
2272 4369 2457 4431 singulo
2494 4382 2689 4432 quoque
2711 4368 2834 4417 libro
2867 4367 3077 4431 primum
3112 4366 3172 4415 de
3196 4381 3249 4416 re
3278 4368 3441 4429 populi
3464 4370 3537 4418 sa·

1984 4436 2186 4500 miliari,
2216 4436 2387 4487 deinde
2414 4437 2475 4487 dc
2500 4436 2691 4486 vivendi
2723 4438 2827 4499 ejus
2861 4437 3045 4487 ratione
3075 4441 3125 4487 et
3159 4440 3456 4499 postremum
3479 4438 3540 4488 dt·

1983 4507 2114 4556 civili
2132 4507 2429 4570 conditione,
2450 4506 2510 4557 de
2531 4506 2716 4555 artibus
2742 4508 2792 4556 et
2831 4506 2982 4555 literis
2998 4519 3157 4555 sermo
3178 4507 3347 4566 fuerit,
3374 4506 3437 4556 ita
3461 4510 3537 4557 ni·

1984 4577 2162 4626 mirum
2186 4580 2241 4626 ut
2262 4577 2365 4626 haec
2393 4576 2559 4626 omnia
2576 4575 2737 4638 qualia
2756 4589 2919 4638 regum
2943 4578 3160 4637 tempore
3185 4575 3362 4625 tuerint
3385 4578 3538 4639 primo

1987 4648 2139 4709 libro,
2158 4648 2220 4697 ab
2239 4648 2296 4697 iis
2317 4646 2428 4697 inde
2450 4647 2662 4709 expulsis
2681 4659 2832 4708 usque
2859 4645 2919 4694 ad
2941 4647 3152 4708 primum
3178 4646 3359 4695 belham
3388 4649 3538 4697 Puni·

1985 4731 2098 4766 cum
2113 4716 2324 4766 secundo
2338 4753 2353 4780 ,
2373 4717 2485 4765 hinc
2511 4715 2574 4765 ad
2592 4716 2789 4765 tertium
2809 4729 2960 4778 usque
2979 4716 3160 4766 bellum
3183 4717 3420 4767 Punicum
3440 4722 3538 4768 ter·

1986 4786 2080 4848 tio,
2106 4789 2153 4836 et
2168 4785 2338 4836 deinde
2358 4799 2508 4848 usque
2527 4785 2589 4834 ad
2611 4786 2820 4835 auctoris
2844 4785 2987 4847 ipsius
3010 4788 3204 4835 aetatem
3226 4791 3400 4849 quarto
3420 4788 3541 4838 libro

1984 4856 2202 4919 exposita
2233 4855 2428 4905 fuerint.
2465 4856 2577 4905 Βίον
2601 4858 2767 4904 contra
2791 4854 2943 4904 nostri
2982 4856 3248 4905 Dicoearchi
3271 4857 3366 4906 alio
3402 4859 3539 4921 plane

1986 4926 2131 4976 modo
2155 4926 2434 4989 dispositum
2453 4928 2502 4976 et
2522 4927 2572 4976 in
2590 4927 2746 4989 primo
2768 4929 2963 4976 tantum
2986 4926 3110 4975 libro
3133 4928 3284 4976 vitam
3319 4931 3538 4977 Graecam

1986 4996 2257 5047 secundum
2290 4995 2573 5061 historicum
2596 4995 2702 5057 eius
2720 5009 3020 5059 progressum
3046 4996 3335 5059 descriptam
3367 4997 3538 5054 tuisse;

1987 5066 2038 5115 in
2068 5065 2258 5115 duobus
2278 5068 2439 5115 autem
2474 5066 2644 5116 ceteris
2662 5066 2763 5128 iam
2790 5066 2855 5118 ob
2889 5067 3167 5116 varietatem
3183 5068 3296 5117 vitae
3321 5071 3506 5118 Graecae
3522 5105 3538 5128 ,

1987 5135 2182 5197 propter
2199 5135 2354 5183 varias
2372 5141 2535 5198 gentes
2568 5139 2615 5184 et
2638 5135 2856 5185 civitates
2877 5135 3023 5184 aliam
3054 5135 3281 5186 narrandi
3306 5137 3540 5188 rationem

1988 5204 2303 5254 necessariam
2333 5206 2509 5255 tactam
2536 5218 2637 5256 oese
2662 5207 2986 5257 Buttmannus
3011 5205 3274 5257 arbitratus
3296 5207 3383 5256 est.
3411 5225 3433 5250 υ

3227 5340 3288 5380 15.
