4016 5916
1560 431 1706 490 LEO
1743 429 2196 490 BYZANTIUS.

3387 445 3502 494 829

301 577 357 622 et
388 568 475 620 De
514 563 675 617 rebus
692 553 1063 622 'Alc-ranchi,
1106 557 1188 610 uti
1225 543 1568 630 argumentis
1606 555 1754 609 inter
1796 571 1854 608 se
1945 548 2083 608 πάνυ
2106 540 2171 621 ἦν
2200 545 2372 626 παχὺς
2397 547 2457 607 τὸ
2477 552 2654 625 σῶμα·
2684 551 2775 609 καὶ
2805 554 3103 621 Βυζαντίοις
3128 554 3253 612 ποτὲ
3284 556 3506 612 στασιά-

298 653 475 724 juncti
515 660 672 716 sunt,
702 648 780 702 sic
810 645 995 700 eidem
1023 661 1218 698 omnes
1243 642 1461 697 auctori
1490 640 1689 696 deberi
1735 658 1857 695 non

304 739 528 794 dubito.
563 736 773 792 Contra
802 732 947 786 liber
981 730 1027 787 [l
1042 750 1065 785 ε
1080 727 1141 806 pt
1171 749 1204 785 σ
1218 751 1249 785 τ
1264 726 1299 784 ἅ
1317 751 1348 785 e
1364 749 1480 785 εων
1506 730 1622 782 sive
1645 729 1732 782 De
1748 738 1859 781 sea·

298 825 437 881 tibus
464 822 485 897 (
496 826 584 877 De
600 813 988 876 rebelle’dnibus
1014 828 1265 872 verterat
1285 818 1509 873 Vossius
1526 856 1542 885 ‚
1568 815 1853 888 probante

303 910 539 986 Eberto)
583 906 958 965 vindicandus
995 916 1074 960 est
1097 907 1301 962 Leonti
1326 903 1736 970 Alabandensi,
1755 898 1859 959 Τί·

298 1020 432 1076 χνης
462 997 734 1077 ῥητορικῆς
761 994 1013 1060 auctori,
1057 994 1205 1047 inter
1243 990 1401 1063 cujus
1427 1009 1602 1064 opera
1638 989 1711 1045 ab
1737 990 1877 1062 ipso.

299 1089 466 1144 etiam
504 1084 677 1142 Suida
705 1092 1204 1138 commemoratur.
1231 1080 1394 1137 Τιυθ
1412 1075 1716 1156 ραντικός
1742 1078 1857 1131 sive

306 1176 651 1229 Declamatio
685 1171 757 1224 de
792 1168 1126 1224 Teutlerante
1164 1158 1381 1238 Ill-ysici,-
1414 1184 1572 1237 rege,
1623 1174 1681 1219 et
1712 1165 1858 1219 liber

210 1264 235 1284 ⁶
306 1262 395 1319 Πι
412 1257 475 1336 pt
509 1260 596 1327 Βη
613 1255 798 1314 σαίου
828 1257 917 1310 vel
946 1252 1224 1325 Βησοίλου,
1244 1273 1383 1309 num
1406 1265 1559 1309 recte
1586 1254 1859 1308 Aristote-

304 1350 414 1403 lico
461 1346 663 1404 Leonti
702 1343 1084 1412 adscribatur,
1133 1360 1255 1398 non
1307 1341 1483 1397 ausim
1526 1339 1856 1412 dijudicare.

300 1434 514 1507 Quodsi
531 1450 658 1489 cum
668 1429 1036 1503 Bernhardyo
1051 1427 1412 1485 scribendum
1428 1427 1709 1500 putaveris
1727 1425 1859 1502 Περὶ

304 1517 627 1596 Βηρισάδου,
676 1536 742 1573 ea
790 1518 1023 1590 scriptio
1066 1517 1129 1570 in
1165 1515 1531 1588 Byzantinum
1572 1513 1857 1567 hominem

296 1606 446 1661 cadit
464 1607 704 1679 optime;
725 1606 809 1659 sin
833 1602 1231 1676 Alabandensi,
1255 1603 1585 1657 Caricorum
1606 1601 1856 1667 auctori,

298 1693 622 1767 assignanda
648 1701 759 1760 est,
785 1691 1095 1762 conjeceris
1110 1691 1339 1746 titulum
1361 1689 1525 1744 fuisse
1555 1682 1689 1763 Περὶ
1708 1686 1857 1743 Μαυ·

300 1778 501 1854 σώλους
540 1781 585 1834 si
627 1780 875 1851 denique
913 1778 1081 1832 lectio
1122 1775 1253 1853 Περὶ
1287 1772 1520 1844 Βησαίου
1563 1774 1860 1848 probanda

298 1866 486 1939 deque
536 1868 683 1922 Besae
731 1866 1008 1939 AEgyptiae
1056 1864 1290 1919 oraculo
1336 1862 1704 1935 intelligenda
1744 1874 1856 1930 est,

300 1955 573 2025 quaritur
603 1973 675 2008 an
715 1972 832 2007 non
855 1951 1184 2007 referendus
1211 1951 1357 2004 liber
1384 1952 1454 2005 sit
1483 1950 1558 2003 ad
1596 1951 1857 2003 Leontem

296 2042 570 2096 Pelloeum
586 2084 599 2109 ‚
636 2059 805 2114 quem
825 2040 896 2095 de
919 2039 1434 2112 mythologumenis
1457 2037 1859 2109 AEgyptiorum

298 2129 576 2202 scripsisse
624 2129 903 2184 novimus.
957 2157 1038 2168 —-
1078 2128 1351 2180 Praeterea
1402 2123 1732 2178 Plutarchus
1774 2124 1860 2177 De

302 2213 439 2270 fluv.
481 2235 532 2272 c.
566 2233 600 2270 a
631 2227 689 2270 et
716 2221 787 2280 24
829 2215 1086 2284 meminit
1126 2215 1330 2266 Leonis
1363 2213 1635 2282 Byzantii
1676 2209 1729 2264 ἐν
1752 2211 1862 2275 τοῖς

302 2301 672 2371 Βουοτιακοῖς,
708 2314 765 2358 et
794 2302 848 2357 ἐν
880 2299 929 2376 γ’
968 2296 1100 2377 Περὶ
1130 2300 1406 2372 ποταμῶν.
1447 2302 1531 2354 Ac
1570 2298 1758 2352 nescio
1787 2316 1863 2352 an

299 2391 455 2464 apud
482 2390 729 2445 eundem
765 2388 1128 2444 Plutarchum
1165 2388 1205 2441 1.
1242 2387 1283 2440 l.
1316 2405 1367 2440 c.
1417 2403 1479 2439 11
1520 2402 1631 2457 pro
1667 2382 1864 2466 ἱστορεῖ

304 2473 393 2534 'lei
411 2496 537 2532 σων
559 2474 613 2531 ἐν
642 2480 748 2538 τοῖς
771 2475 1058 2551 Θρακικοῖς
1082 2473 1479 2547 reponendum
1496 2473 1566 2526 sit
1590 2466 1631 2527 ἵ.
1654 2469 1856 2527 ΛΕΩΝ

305 2565 569 2620 Ceterum
600 2563 851 2619 Boeotica
878 2562 983 2616 illa-
1004 2572 1062 2616 et
1101 2562 1369 2616 Thracica
1413 2559 1635 2615 nonnisi
1673 2570 1862 2632 partes

299 2652 489 2723 operis
514 2647 646 2726 Περὶ
665 2650 941 2722 ποταμῶν,
965 2649 1023 2702 in
1040 2666 1155 2720 quo
1172 2644 1331 2703 fluvii
1354 2644 1664 2701 secundum
1690 2655 1863 2700 terras

299 2736 619 2805 distributi,
652 2735 816 2790 finisse
838 2745 1003 2808 putu.
1029 2737 1113 2790 Ne
1133 2753 1263 2792 cum
1289 2735 1719 2789 Westermanno
1753 2730 1863 2807 (ad

303 2825 454 2878 Voss.
492 2824 632 2877 nist.
672 2840 730 2895 p.
765 2839 838 2891 70
865 2819 883 2895 )
914 2830 1109 2894 putem
1143 2839 1207 2875 ca
1227 2861 1243 2892 ‚
1284 2838 1409 2892 quae
1460 2837 1491 2874 e
1530 2819 1862 2883 Βοιωτιακοῖς

302 2910 630 2966 Plutarchus
662 2909 856 2979 affert,
900 2927 970 2964 ex
1009 2907 1145 2964 belli
1180 2908 1407 2964 Phocici
1440 2908 1673 2964 historia
1707 2925 1863 2980 repe·

303 2999 402 3052 tita
452 3015 599 3065 esse,
655 2996 747 3050 vel
790 3006 1124 3069 argumento
1174 2996 1469 3069 fragmenti
1522 2996 1859 3070 prohibeor.

302 3085 603 3140 Probabile
633 3102 771 3139 vero
794 3094 875 3138 est
900 3085 1175 3138 Leontem
1203 3083 1361 3137 illum
1389 3082 1865 3139 Pseudo-Plutar-

301 3173 392 3227 chi
434 3184 532 3227 aut
572 3171 797 3226 serioris
835 3172 937 3224 aevi
985 3170 1276 3225 hominem
1319 3188 1462 3239 esse,
1507 3181 1604 3226 aut
1653 3190 1864 3225 nomen

300 3259 642 3313 Aristotelici
666 3259 842 3313 nostri
870 3258 1035 3312 fuisse
1062 3259 1378 3313 mentitum.
1410 3288 1487 3299 —
1511 3259 1866 3312 Memoratur

300 3346 550 3419 denique
587 3364 681 3419 ap.
732 3344 908 3402 schol.
952 3345 1143 3418 Apoll.
1178 3343 1372 3400 Rhod.
1416 3346 1506 3413 11,
1549 3363 1662 3417 297
1704 3346 1864 3399 Leon

300 3435 491 3488 nescio
526 3432 679 3504 cujas
709 3431 778 3487 ἐν
814 3429 1083 3509 Περίπλ
1099 3454 1164 3489 ω.
1205 3435 1280 3487 At
1314 3450 1519 3486 vereor
1553 3450 1627 3486 ne
1666 3449 1864 3486 corru-

300 3530 465 3593 ptum
496 3520 773 3574 scholium
808 3520 898 3579 sit.
929 3520 1036 3573 Pro
1065 3539 1093 3574 ο
1167 3515 1478 3593 μνημονεύει
1506 3516 1595 3574 καὶ
1632 3514 1783 3575 Λέων
1810 3518 1863 3573 ἐν

306 3605 563 3684 Περίπλῳ
613 3604 704 3662 καὶ
749 3602 1086 3680 Δημοσθένης
1134 3606 1206 3681 (l.
1250 3602 1616 3681 Τιμοσθένης)
1659 3604 1710 3660 ἐν
1756 3605 1864 3670 τοῖς

302 3690 549 3767 Λιμέσιν,
576 3694 965 3768 reponendum
995 3706 1104 3763 est,
1136 3695 1195 3748 ni
1219 3694 1386 3749 fallor
1418 3713 1431 3748 ε
1466 3683 1526 3749 οὗ
1555 3714 1644 3767 μν.
1680 3691 1862 3750 Κλέων

300 3782 354 3836 ἐν
400 3782 476 3856 τῷ
519 3777 638 3857 περὶ
678 3776 901 3853 λιμένων
940 3777 1030 3835 καὶ
1055 3781 1187 3854 Τιμ.
1235 3793 1323 3836 etc
1376 3781 1643 3836 Similiter
1680 3778 1861 3837 Κλέων

302 3888 410 3943 pro
440 3865 588 3927 Λέων
619 3870 821 3945 legitur
838 3887 931 3943 ap.
954 3869 1239 3925 Plutarch.
1276 3870 1548 3925 Phocion.
1585 3888 1637 3923 c.
1671 3876 1737 3933 14
1757 3913 1773 3939 ,
1794 3879 1858 3923 ut

298 3957 479 4012 modo
496 3958 713 4011 monui.

384 4046 715 4118 Fragmenta
742 4045 973 4099 Leontis
1000 4045 1343 4099 Aristotelici
1371 4044 1642 4099 habemus
1680 4044 1861 4113 nulla,

302 4141 507 4203 praeter
540 4148 717 4184 unum
758 4130 947 4185 locum
982 4130 1264 4198 Athenaei3
1295 4149 1639 4204 quamquam
1670 4148 1741 4186 ne
1770 4131 1863 4184 hic

303 4216 536 4289 quidem
565 4216 904 4271 dubitationi
934 4216 1121 4271 locum
1149 4236 1268 4271 non
1297 4218 1581 4290 relinquit.

328 4342 458 4419 [TA
496 4345 701 4404 ΚΑΤΑ
745 4343 1133 4403 ΦΙΛΙΠΠΟΝ
1181 4346 1311 4403 ΚΑΙ
1357 4346 1654 4404 ΒΥΖΑΝΤ
1660 4344 1837 4421 10N.]

1033 4473 1138 4551 (h)

386 4605 682 4661 Athenaeus
712 4608 852 4677 xn,
876 4627 935 4680 p.
973 4607 1109 4681 550,
1141 4611 1184 4664 F
1218 4628 1232 4663 :
1271 4607 1374 4666 Καὶ
1404 4607 1590 4668 Πύθων
1622 4607 1666 4665 δ’
1694 4610 1722 4663 ὁ
1755 4610 1865 4667 Βυ-

306 4690 509 4761 ζάντιος
552 4690 748 4770 ῥήτωρ,
791 4695 862 4760 ὡς
908 4692 1062 4754 Λέων
1107 4697 1306 4775 ἱστορεῖ
1343 4699 1371 4753 ὁ
1410 4694 1626 4767 πολίτης
1674 4698 1865 4767 αὐτοῦ,

313 4861 435 4929 {DE
459 4860 791 4921 PHlLlPPl
810 4862 1111 4923 CONTRA
1136 4864 1857 4941 BYZANTIOSBELLO.)

376 5090 484 5138 Fuit
500 5091 644 5141 etiam
667 5094 852 5155 Python
872 5099 931 5158 Β)
942 5097 1129 5146 cantius
1151 5100 1348 5159 orator(
1369 5099 1450 5147 rel
1472 5104 1647 5161 polius
1677 5104 1800 5149 Leon
1822 5104 1866 5159 20,

1947 640 2092 704 ζουσι
2115 635 2242 715 πρὸς
2263 633 2519 704 ἀλλήλους
2544 640 2649 702 τοῖς
2665 637 2898 704 πολίταις
2916 641 3236 718 παρακαλῶν
3248 643 3319 710 εἰς
3334 643 3506 720 φιλίαν

1948 721 2121 800 ἔλεγεν
2138 767 2153 795 ,
2173 749 2196 775 α
2222 721 2418 800 Ὀρᾶτέ
2439 745 2504 798 με
2517 767 2533 794 ,
2557 721 2738 802 ἄνδρες
2752 728 2993 797 πολῖται,
3012 717 3114 793 οἶός
3129 729 3236 803 εἶμι
3252 728 3312 785 τὸ
3330 731 3506 803 σῶμα·

1952 808 2091 867 ἀλλὰ
2118 809 2208 868 καὶ
2229 811 2452 886 γυναῖκα
2482 807 2590 888 ἔχω
2609 812 2792 892 πολλῷ
2827 814 2955 889 ἐμοῦ
2979 813 3304 891 παχυτέραν.
3334 813 3507 875 Ὅταν

1947 885 2035 954 οὖν
2065 899 2386 972 ὁμονοῶμεν,
2406 896 2576 954 καὶτὸ
2604 897 2759 975 τυχὸν
2783 904 2923 974 ἡμᾶς
2945 899 3252 976 σκιμπόδιον
3282 899 3507 979 δέχεται·

1949 984 2040 1042 ἐὰν
2062 983 2118 1042 δὲ
2148 982 2543 1059 στασιάσωμεν,
2579 985 2697 1043 οὐδὲ
2725 990 2758 1056 ἡ
2788 984 3043 1062 σύμπασα
3069 988 3226 1064 οἰκία.
3251 1017 3271 1039 ¹·

2031 1089 2213 1163 Igitur
2248 1088 2321 1143 de
2347 1089 2609 1161 Pythone
2635 1090 2698 1147 h.
2743 1090 2780 1145 l.
2809 1102 3132 1160 narrantur,
3162 1111 3286 1165 quae
3316 1092 3514 1148 Suidas

1949 1188 2007 1233 et
2025 1177 2356 1233 Plutarchus
2383 1176 2456 1232 de
2477 1180 2695 1233 Leonte
2718 1179 2950 1235 tradunt
2965 1220 2982 1248 ,
3013 1198 3084 1235 eo
3103 1190 3320 1235 tantum
3347 1180 3514 1235 disse-

1948 1276 2165 1334 rentes,
2191 1265 2351 1338 quod
2374 1275 2570 1319 nostro
2594 1265 2725 1320 loco
2747 1268 3028 1340 Byzantii,
3051 1267 3204 1342 apud
3226 1269 3352 1323 illos
3372 1286 3511 1322 vero

1951 1354 2184 1408 Athenis
2204 1371 2294 1408 res
2315 1364 2468 1426 gesta
2495 1352 2734 1411 dicatur.
2760 1379 2782 1402 κ
2805 1355 2915 1411 Sed
2931 1397 2947 1423 ,
2970 1357 3198 1429 opinor,
3226 1356 3511 1429 corrigen-

1951 1441 2057 1497 dus
2079 1441 2377 1496 Athenaeus
2409 1450 2464 1494 et
2499 1440 2864 1496 scribendum
2900 1439 3088 1499 Πύθων
3114 1440 3168 1499 δὲ
3189 1442 3218 1498 δ
3245 1442 3308 1500 Β.
3336 1440 3511 1519 ῥήτωρ

1950 1527 2146 1603 ἱστορεῖ
2165 1529 2235 1590 ὡς
2262 1523 2407 1584 Λέων
2436 1527 2464 1582 ὁ
2489 1525 2703 1595 πολίτης
2730 1529 2910 1587 αὐτοῦ.
2941 1553 2967 1579 n
2988 1532 3164 1586 Tour.
3192 1530 3264 1586 ad
3283 1529 3512 1586 Suidam

1952 1616 1985 1670 1.
2017 1616 2053 1672 l.
2099 1615 2275 1670 Addit
2299 1613 2696 1687 Bernhardyus
2728 1634 2741 1670 ε
2775 1640 2800 1666 σι
2829 1618 2997 1673 Haud
3021 1617 3227 1674 frustra
3257 1619 3513 1692 Toupiue

1951 1702 2245 1756 contendit
2289 1702 2623 1758 Athenaeum
2672 1721 2787 1758 csse
2830 1704 3190 1763 mendosum.
3233 1706 3512 1762 Nimirum

1951 1791 2266 1861 Pythonem
2291 1790 2620 1862 Byzantium
2644 1799 2859 1844 constat
2884 1791 3221 1864 legationem
3244 1792 3318 1848 ad
3346 1794 3512 1849 Athe·

1949 1879 2167 1932 nienses
2197 1876 2400 1930 obiisse
2425 1873 2506 1952 (ν.
2531 1876 2755 1932 Fabric.
2790 1878 2849 1931 in
2876 1878 3024 1933 Sext.
3049 1880 3262 1952 Empir.
3289 1899 3348 1955 p.
3376 1900 3512 1955 2973

1951 1961 2026 2017 cf.
2057 1965 2473 2019 lVestermann.
2504 1962 2699 2020 Gesclt.
2728 1964 2789 2017 d.
2835 1983 2925 2035 gr.
2965 1967 3198 2022 Bereds.
3232 1967 3265 2041 §
3291 1968 3470 2036 62,12
3495 1971 3510 2041 )

1951 2050 2325 2121 clarissimam,
2347 2068 2585 2122 eamque
2605 2051 3008 2124 perturbandis
3028 2052 3274 2109 duorum
3303 2058 3514 2128 Byzan-

1953 2138 2164 2191 tiorum
2183 2137 2446 2191 facundia
2473 2139 2796 2210 potentium
2819 2141 3061 2213 negotiis
3083 2143 3211 2197 satis
3239 2154 3516 2216 opportu-

1951 2242 2114 2292 nam;
2141 2226 2372 2279 Leontis
2402 2223 2734 2279 industriam
2761 2226 2820 2279 in
2848 2225 3169 2283 domesticis
3189 2230 3358 2285 rebus
3383 2249 3518 2286 suo-

1952 2330 2081 2365 rum
2094 2313 2300 2366 civium
2324 2313 2492 2366 unice
2503 2312 2744 2384 positam
2767 2312 3220 2371 suissevidemus.
3243 2318 3513 2374 Praeterea

1955 2417 2080 2471 quae
2121 2399 2442 2472 desipientis
2489 2399 2640 2454 soret
2680 2403 3121 2474 argumentatiO,
3165 2413 3227 2458 ut
3259 2405 3519 2477 publicus

1953 2498 2150 2540 orator
2196 2487 2373 2540 risum
2429 2500 2805 2561 componeret
2865 2489 3296 2545 Atheniensium
3353 2491 3514 2548 allata

1953 2571 2206 2647 conjugii
2235 2573 2524 2629 mentione
2558 2574 2648 2629 vel
2685 2577 2931 2631 maxime
2965 2577 3234 2646 ridicula,
3261 2597 3386 2633 eam
3412 2597 3516 2653 ap-

1950 2670 2113 2733 paret
2137 2661 2225 2715 vel
2253 2651 2625 2734 peridoneain
2653 2652 2950 2736 exstitisse,
2980 2664 3023 2717 si
3050 2664 3279 2736 quidem
3308 2666 3512 2721 Leonti

1954 2746 2249 2802 discordiae
2294 2748 2485 2802 civiles
2533 2758 2711 2802 essent
2759 2751 3186 2823 componendae.
3227 2752 3396 2824 eujus
3435 2756 3518 2809 rei

1954 2833 2231 2889 indicium
2255 2876 2271 2904 ,
2304 2844 2365 2888 ut
2388 2836 2720 2891 Athenaeum
2745 2838 2993 2907 mittam,
3013 2837 3185 2893 habet
3211 2840 3519 2896 Philostra-

1956 2931 2046 2977 tus
2063 2964 2079 2992 ,
2127 2922 2256 2978 loco
2306 2920 2451 2978 illud
2494 2941 2612 2978 non
2658 2942 2761 2979 suo
2805 2927 3167 2999 propositum
3209 2946 3223 2981 ε
3273 2923 3364 2983 καὶ
3400 2948 3522 3007 πρε-

1955 3006 2157 3066 σ6εύων
2204 3008 2256 3066 δὲ
2295 3011 2422 3089 παρ’
2469 3007 2752 3080 Ἀθηναίοις
2787 3002 2958 3081 οὗτος,
3006 3014 3161 3070 ἐστα
3180 3013 3242 3071 σι’
3257 3018 3364 3083 αζε
3407 3014 3520 3091 μὲν
3567 3030 3576 3035 ”

1955 3095 2168 3152 πολὺν
2201 3096 2326 3167 ἤδη
2366 3094 2608 3176 χρόνον
2638 3101 2670 3168 ἠ
2703 3096 2898 3165 πόλις
2922 3098 3033 3157 καὶ
3073 3098 3250 3179 παρὰ
3287 3102 3368 3158 τὰ
3394 3103 3517 3173 ἤθη

1955 3182 2375 3241 ἕπολιτεύετο
2404 3202 2419 3243 z
2449 3196 2618 3258 atque
2653 3197 2773 3241 tum
2804 3188 3247 3262 intemperantiae
3284 3192 3519 3246 crimine

1960 3272 2252 3345 Byzantios
2291 3271 2550 3348 flagrasse
2576 3274 2733 3328 haud
2777 3276 2944 3347 pauci
2970 3277 3274 3349 scriptores
3310 3288 3513 3333 testan-

1957 3371 2051 3415 tur
2091 3359 2192 3435 (V.
2226 3361 2472 3420 Meinek.
2505 3362 2564 3416 in
2590 3362 2887 3419 Menandr.
2912 3381 2970 3435 p.
3005 3363 3079 3418 26
3103 3364 3243 3437 sq.),
3271 3384 3517 3438 quorum

1954 3466 2101 3502 unus
2134 3449 2434 3504 Athenaeus
2459 3467 2519 3522 p.
2556 3454 2697 3519 442,
2723 3450 2764 3505 C
2802 3451 2917 3505 sive
2950 3451 3156 3506 AElian.
3189 3455 3255 3510 V.
3286 3453 3359 3510 H.
3403 3455 3515 3519 111,

1963 3540 2028 3598 14
2048 3576 2064 3604 ‚
2088 3553 2256 3608 quem
2285 3536 2594 3590 nominavit
2613 3536 2915 3591 Leonida-m
2938 3538 3362 3613 imperatorem,
3386 3557 3512 3594 eum

1954 3623 2097 3675 nihil
2126 3624 2384 3695 suspicor
2417 3621 2488 3676 ab
2513 3624 2731 3677 Leonte
2761 3634 2954 3678 nostro
2986 3623 3322 3698 discrepare.
3351 3628 3518 3681 Hunc

1954 3711 2091 3765 item
2118 3710 2281 3765 decet
2305 3722 2362 3766 et
2380 3710 2594 3765 dictum
2618 3730 2650 3766 a
2672 3711 2977 3765 Plutarcho
3011 3711 3153 3784 (Nic.
3177 3732 3228 3770 c.
3257 3714 3350 3785 αα)
3372 3733 3516 3787 pro-

1955 3797 2139 3852 ditum
2163 3808 2220 3852 et
2241 3809 2473 3852 eventus
2504 3799 2704 3853 mortis
2735 3798 2807 3852 ab
2833 3800 2956 3872 ipso
2981 3811 3181 3872 sponte
3207 3813 3514 3874 susceptus.

1954 3887 2041 3940 De
2084 3885 2354 3941 Athenaeo
2395 3895 2582 3940 tamen
2610 3904 2728 3940 non
2767 3886 2906 3940 libet
2949 3885 3213 3957 definire,
3246 3907 3422 3961 quum
3461 3901 3518 3944 et

1956 3991 2212 4028 errorem
2249 3974 2345 4026 ille
2371 3974 2622 4046 potuerit
2658 3991 2851 4033 rerum
2881 3975 3246 4030 similitudine
3274 3977 3513 4031 commi·

1954 4061 2083 4115 sisse
2106 4072 2164 4116 et
2192 4061 2473 4117 correctio
2513 4071 2717 4134 praesto
2749 4062 2819 4115 sit
2852 4060 3005 4116 haud
3031 4063 3311 4131 violenta,
3345 4082 3514 4136 quam

1955 4149 2230 4221 epitomes
2255 4148 2535 4220 scriptura
2562 4147 2922 4204 commendat
2953 4167 2968 4202 ι
2995 4145 3086 4204 καὶ
3119 4145 3306 4206 Πύθων
3333 4148 3378 4205 δ’
3399 4152 3427 4206 ὁ
3451 4151 3514 4209 Β.

1958 4231 2160 4311 ῥήτωρ,
2211 4231 2275 4303 ἢ,
2324 4236 2393 4299 ὡς
2445 4235 2726 4311 ἱστορεῖται
2777 4231 2927 4292 Λέων
2972 4236 3000 4291 ὁ
3063 4234 3278 4304 πολίτης
3332 4237 3511 4295 αὐτοῦ.

1956 4323 2232 4379 Omnibus
2249 4323 2421 4396 igitur
2435 4324 2725 4397 perpensis
2742 4325 2934 4379 saltem
2952 4324 3333 4381 obtinebimus
3349 4327 3516 4382 Athe·

1956 4412 2233 4466 niensium
2255 4429 2466 4466 nomen
2493 4412 2566 4466 ab
2593 4412 2823 4466 Leontis
2840 4414 3113 4467 memoria
3143 4400 3378 4486 prorsus
3401 4433 3513 4470 esse

1955 4497 2385 4556 removendum.
2415 4521 2437 4550 ι

2037 4612 2157 4686 Ego
2181 4631 2447 4686 propono
2476 4629 2491 4669 ε
2521 4608 2707 4668 Πύθων
2736 4613 2763 4667 ὃ
2787 4609 3061 4679 Βυζάντιος
3085 4610 3258 4691 ῥήτωρ
3289 4612 3323 4683 ἢ
3344 4612 3511 4681 Λέων,

1958 4698 2027 4761 ὡς
2050 4697 2198 4756 Λέων
2230 4698 2426 4777 ἱστορεῖ
2451 4700 2479 4754 ὁ
2502 4696 2719 4767 πολίτης
2749 4700 2927 4759 αὐτοῦ.
2963 4700 3245 4758 Facillime
3277 4703 3514 4759 alterum

1956 4863 2219 4925 aliquando
2245 4863 2368 4913 inter
2397 4865 2651 4926 Byzantios
2672 4855 2973 4926 ‹lass-idiosum
2992 4867 3298 4916 concordiam
3321 4869 3518 4918 hortans-

1956 4942 2111 4999 οἰκ-εδ,
2135 4940 2258 4989 dixit
2282 4956 2295 4989 z
2324 4962 2346 4981 «ι
2375 4942 2559 4991 Videtis
2578 4957 2657 4991 me
2675 4979 2688 5001 ,
2714 4958 2743 4989 ο
2772 4943 2932 5005 cives,
2953 4945 3081 5008 quali
3103 4945 3194 4994 sim
3214 4960 3413 5009 coquore
3435 4968 3446 4995 ε
3469 4954 3518 4995 at

1959 5032 2161 5067 uxorein
2190 5018 2364 5068 habet?
2379 5021 2536 5069 inulto
2564 5021 2711 5070 etiam
2746 5024 3046 5074 crassiorem.
3081 5027 3142 5074 lit
3169 5028 3328 5074 tamen
3366 5041 3516 5087 quum

1958 5096 2219 5145 concordes
2246 5110 2439 5154 suiuus,
2464 5097 2662 5159 quilibet
2698 5114 2784 5148 nos
2808 5101 3012 5151 lectulus
3035 5104 3187 5164 capit;
3225 5104 3296 5153 sin
3331 5103 3512 5151 ‹list-or·

312 5174 369 5220 ut
393 5172 517 5221 Leon
538 5170 769 5236 civisojus
794 5179 987 5238 narrat,
1008 5176 1152 5227 obeso
1171 5176 1431 5227 admodum
1447 5193 1644 5242 corpore
1660 5215 1674 5240 ,
1694 5184 1741 5229 et
1761 5184 1867 5229 orto
1957 5174 2040 5222 des
2057 5211 2070 5235 ,
2093 5187 2152 5221 nc·
2171 5175 2270 5222 tota
2294 5174 2488 5235 quidem
2503 5175 2692 5225 doinus.
2720 5198 2742 5219 ιι
