4016 5916
965 374 1414 447 ΝΑΧΙΟΒΠΜ,
1454 373 1887 446 PARIORUM,
1940 371 2444 435 TENEDIORUM
2492 374 3001 435 RESPUBLICAE.
3453 383 3554 431 lui

366 501 547 560 πάντα
573 498 771 558 διδόναι
800 495 890 555 καὶ
913 504 1077 555 ποιεῖν
1107 493 1313 572 ἕτοιμον
1341 483 1495 553 εἶναι·
1528 493 1621 566 τὴν
1650 492 1703 553 δὲ
1739 495 1923 572 ὁμολο·

365 590 478 668 γεῖν
506 586 777 669 ἀφίξεσθαι
799 584 926 665 πρὸς
948 583 1124 656 αὐτὸν,
1162 582 1268 649 ἑνὸς
1304 580 1462 659 μόνου
1490 586 1770 667 τυχοῦσαν,
1802 581 1921 662 περὶ

366 669 428 735 οἶ
459 675 547 736 τὸν
573 674 854 754 Διόγνητον
896 669 1001 750 (ὥς
1023 693 1178 752 φησιν
1213 674 1241 729 ὅ
1265 669 1573 747 φιλόσοφος)
1601 668 1752 749 ὅρκον
1786 669 1922 749 ᾔτη-

367 788 488 825 σεν·
520 762 635 823 ἐπεὶ
675 761 719 821 δ’
755 758 981 839 ὤμοσεν,
1022 757 1170 831 ἠξίου
1209 782 1268 816 το
1310 758 1504 830 Δήλιον
1533 759 1666 836 αὐτῇ
1709 758 1922 829 δοθῆναι

368 849 608 928 (Δήλιον
652 847 754 927 γὰρ
794 849 1031 908 ἱκαλειτο
1071 844 1130 904 τὸ
1155 845 1415 924 χωρίον),
1445 844 1615 910 ἄλλως
1643 842 1687 901 δ’
1734 844 1829 902 οὐκ
1856 842 1918 901 ἂν

364 938 470 1020 ἔφη
495 940 772 997 συνελθεῖν.
803 934 873 995 ‘O
892 933 947 993 δὲ
974 932 1064 993 καὶ
1084 931 1170 992 διὰ
1188 931 1282 1004 τὴν
1311 931 1587 1010 ἐπιθυμίαν
1611 931 1702 989 καὶ
1733 930 1817 989 διὰ
1838 928 1924 988 τὸν

364 1024 525 1105 ὅρκον
554 1022 733 1095 ἐξέστη
756 1066 775 1100 ,
802 1023 892 1080 καὶ
915 1019 1186 1101 παρέδωκε
1213 1023 1280 1099 τῇ
1308 1018 1609 1100 Πολυκρίτῃ
1640 1041 1726 1077 τον
1750 1017 1927 1092 τόπον,

369 1111 545 1185 ἐκείνη
570 1110 622 1170 δὲ
646 1133 750 1177 τοις
781 1108 1034 1177 πολίταις.
1071 1106 1169 1168 Ἐκ
1209 1084 1266 1166 δέ
1291 1107 1472 1167 τούτου
1514 1107 1674 1165 πάλιν
1714 1108 1836 1173 εἶς’ί
1818 1130 1925 1167 ισον

366 1197 755 1272 καταστάντες,
795 1196 873 1279 ἐφ’
893 1186 979 1265 οἷς
999 1194 1281 1269 ἠὸούλοντο
1302 1239 1319 1268 ,
1349 1218 1476 1276 προς
1499 1193 1613 1261 τους
1640 1194 1929 1266 Μιλησίους

370 1286 702 1359 διελύθησαν.

458 1378 703 1433 Eandem
725 1377 1013 1432 historiam
1028 1394 1085 1432 v.
1106 1376 1166 1428 in
1185 1373 1443 1431 Andrisci
1465 1372 1741 1440 Ναξιακοῖς
1764 1375 1835 1432 fr.
1875 1394 1924 1429 1.

998 1502 1311 1562 nAPlssN.

457 1640 541 1693 Ex
589 1633 803 1714 Παρίων
845 1639 993 1711 Rep.
1039 1637 1205 1710 plura
1243 1637 1523 1709 excerpsit
1559 1636 1794 1710 Sopater
1836 1637 1931 1693 lib.

370 1726 514 1793 ΧΠ,
544 1736 610 1780 ut
634 1725 807 1780 refert
827 1725 1060 1780 Photius
1085 1724 1232 1779 Bibl.
1259 1722 1390 1778 cod.
1426 1723 1555 1781 161.

948 1863 1102 1923 TEN
1114 1862 1364 1922 ΕΔΙΩΝ.

1090 1995 1217 2069 169.

460 2138 663 2194 Strabo
694 2138 823 2193 VIII
842 2177 857 2206 ,
885 2155 945 2210 p.
975 2134 1088 2191 380
1131 2155 1146 2190 :
1179 2132 1290 2194 Καὶ
1311 2137 1345 2205 ἡ
1370 2131 1537 2194 Τενέα
1565 2133 1610 2191 δ’
1640 2132 1749 2192 ἐστὶ
1774 2132 1928 2209 κώμη

368 2226 474 2294 τῆς
523 2220 821 2302 Κορινθίας,
856 2223 907 2280 ἐν
941 2213 979 2301 ᾖ
1006 2226 1096 2280 τοῦ
1125 2215 1383 2281 Τενεοίτου
1424 2220 1743 2287 Ἀπόλλωνος
1773 2220 1929 2300 ἱερόν.

378 2308 608 2388 Λέγεται
633 2306 686 2368 δὲ
709 2309 799 2368 καὶ
827 2308 1036 2390 Ἀρχία,
1067 2311 1141 2389 τῷ
1170 2307 1429 2366 στείλαντι
1454 2305 1548 2379 τὴν
1577 2310 1647 2375 εἰς
1674 2307 1936 2388 Συρακού·

378 2421 479 2465 σας
519 2397 778 2468 ἀποικίαν,
816 2397 932 2464 τοὺς
976 2395 1254 2463 πλείστους
1300 2397 1403 2453 τῶν
1437 2395 1660 2454 ἐποίκων
1701 2397 1928 2454 ἐντεῦθεν

379 2486 928 2556 συνεπακολουθῆσαι·
958 2482 1050 2541 καὶ
1089 2480 1222 2558 μετὰ
1248 2486 1415 2541 ταῦτα
1444 2485 1669 2553 εὖθηνεῖν
1695 2486 1927 2557 μάλιστα

378 2574 488 2630 τῶν
520 2570 691 2630 ἄλλων
729 2570 825 2644 τὴν
862 2570 1130 2630 κατοικίαν
1170 2568 1386 2641 ταύτην,
1416 2567 1482 2628 τὰ
1528 2571 1573 2628 δ’
1619 2570 1816 2630 ὕστατα
1843 2571 1934 2630 καὶ

378 2659 504 2765 ἴσθ’
549 2654 730 2723 αυτους
774 2655 1197 2715 πολιτεύεσθαι...
1242 2657 1401 2716 Δοκεῖ
1447 2653 1501 2715 δὲ
1552 2659 1822 2737 συγγένειά
1860 2683 1936 2726 τις

385 2768 458 2802 ειν
464 2768 518 2803 αι
538 2745 795 2812 Τενεδίοις
827 2742 953 2824 πρὸς
979 2742 1188 2810 τούτους
1220 2744 1323 2803 ἀπὸ
1353 2744 1546 2805 Τέννου
1572 2770 1658 2805 του
1698 2747 1900 2807 Κύκνου
1918 2794 1933 2824 ,

384 2832 622 2912 καθάπερ
656 2831 858 2912 εἴρηκεν
895 2831 1275 2910 ’·Αριστοτέλης
1300 2854 1390 2891 και
1425 2835 1459 2903 ἡ
1493 2838 1583 2892 τοῦ
1623 2833 1939 2901 Ἀπόλλωνος

384 2919 441 2979 δὲ
465 2917 595 2997 τιμὴ
623 2918 746 3002 παρ’
771 2918 1078 3002 ἀμφοτέροις
1102 2918 1256 2998 ὁμοία
1290 2911 1420 2979 ουσα
1457 2920 1663 2981 δίδωσιν
1689 2925 1747 2982 οὐ
1778 2922 1939 3003 μικρὰ

384 3030 787 3152 σγμδειέοιπ11111111111
806 3097 1033 3152 Pausan.
1059 3097 1116 3152 11
1132 3138 1149 3167 ‚
1183 3096 1239 3166 5,
1274 3095 1330 3168 3,
1363 3115 1434 3153 ex
1453 3098 1682 3155 Tenedo
1702 3102 1939 3157 Teneam

386 3195 665 3325 venet-gut
702 3184 1137 3259 Agamemnonis
1165 3185 1392 3258 captivi.
1427 3185 1511 3242 cf.
1546 3186 1768 3241 Miiller.
1803 3188 1939 3242 Dor.

386 3274 413 3326 1
434 3313 451 3339 ,
484 3289 550 3325 αι
611 3311 627 3340 ,
662 3269 795 3326 311.

391 3432 578 3483 meritis
602 3431 865 3483 bonoribus
881 3445 977 3482 11011
996 3431 1205 3496 potuisse
1221 3431 1332 3481 (rui.
1359 3433 1475 3482 Haec
1498 3434 1760 3483 Naxiorum
1788 3435 1940 3485 histo·

388 3510 605 3560 ricorum
627 3510 699 3559 est
721 3509 947 3559 narratio.
972 3508 1246 3559 Aristoteles
1266 3510 1456 3571 captam
1485 3509 1774 3572 Polycritam
1799 3511 1942 3561 fuisse

388 3600 491 3636 non
511 3585 650 3644 dicit,
667 3585 751 3636 sed
769 3587 1071 3648 conspectam
1097 3597 1128 3633 a
1151 3585 1409 3648 Diogneto,
1424 3585 1499 3634 sui
1523 3599 1634 3636 eum
1652 3600 1816 3637 amore
1834 3587 1950 3638 irre-

392 3667 587 3728 livisse,
622 3664 875 3729 ipsumque
896 3663 1170 3728 promisisse
1196 3664 1358 3714 omnin
1389 3678 1468 3726 se,
1509 3666 1567 3714 ut
1601 3678 1658 3714 ea
1693 3666 1947 3729 potiretur,

392 3743 511 3792 dare
533 3754 593 3792 ac
616 3742 774 3792 facere
796 3743 1020 3804 paratum
1044 3754 1147 3791 esse
1169 3759 1181 3790 =
1201 3743 1276 3791 nt·
1291 3742 1579 3805 Polycritam
1613 3755 1665 3792 se
1700 3742 1762 3792 ad
1794 3743 1947 3805 ipsum

394 3824 651 3871 venturam
674 3821 935 3885 pollicitam
948 3856 963 3882 ‚
979 3821 1019 3870 si
1040 3821 1236 3870 unicum
1264 3820 1508 3884 quippiam
1527 3820 1589 3870 ab
1606 3834 1665 3871 eo
1683 3822 1948 3882 obtineret,

396 3897 542 3948 ruinse
562 3913 575 3947 :
597 3910 849 3962 quumque
871 3896 919 3947 id
933 3897 1252 3960 jurejurando
1265 3896 1542 3961 interposito
1559 3898 1821 3962 Diognetus
1838 3912 1951 3948 con-

398 3977 661 4039 firmasset,
695 3976 824 4027 tradi
857 3977 948 4027 sibi
973 3977 1163 4028 Delium
1198 3979 1462 4040 postulasse
1487 3977 1561 4040 (id
1591 3979 1721 4029 enim
1757 3978 1952 4028 castello

396 4067 576 4104 nomen
614 4055 782 4119 erat),
819 4054 957 4104 aliter
991 4068 1043 4105 se
1082 4067 1267 4104 morem
1306 4056 1550 4117 gesturam
1587 4054 1677 4119 ipo
1712 4068 1905 4118 negasse
1937 4074 1950 4105 ε

400 4132 584 4181 victum
622 4143 786 4181 amore
812 4130 1096 4194 Diognetum
1112 4164 1128 4187 ,
1147 4133 1197 4180 et
1211 4130 1523 4193 jurisjurandi
1541 4137 1814 4194 permotum
1834 4133 1946 4183 reli-

400 4209 567 4272 gione,
610 4208 862 4272 Polycritoe
892 4210 1172 4271 castellum,
1212 4210 1400 4273 hocque
1437 4223 1544 4259 eam
1586 4210 1773 4260 civibus
1798 4211 1954 4261 tradi·

404 4284 545 4335 disse.
578 4289 647 4337 lta
666 4285 844 4337 Naxios
870 4299 1064 4336 rursum
1088 4286 1283 4337 Milesiis
1300 4300 1439 4350 pares
1458 4287 1645 4338 viribus
1664 4288 1843 4350 factos,
1866 4301 1955 4351 pa-

400 4377 512 4414 cem
532 4364 580 4412 in
600 4377 710 4415 suas
731 4364 860 4428 leges
877 4363 1156 4414 confecisse.

917 4491 1442 4552 TENEDIOBUM.

1126 4622 1247 4674 169.

474 4755 558 4802 Est
591 4753 641 4804 et
672 4753 830 4804 Tenen
850 4753 1085 4805 Corinthii
1102 4754 1203 4817 agri
1223 4768 1400 4819 pagus,
1426 4754 1590 4819 ibique
1619 4756 1847 4820 Apollinis
1876 4759 1961 4807 Te·

408 4834 566 4881 neatae
579 4831 826 4896 templum.
846 4836 1027 4885 Ferunt
1045 4834 1270 4885 Archiam
1282 4871 1297 4898 ‚
1317 4834 1403 4898 qui
1433 4838 1694 4897 syracusas
1724 4836 1961 4886 coloniam

411 4907 640 4971 deduxit,
664 4908 915 4975 plerosque
937 4910 1049 4962 inde
1065 4912 1260 4962 secutos
1280 4911 1482 4962 comites
1501 4930 1517 4961 ι
1530 4910 1773 4975 istumque
1789 4925 1961 4976 pagum

415 4988 579 5047 postea
597 4987 823 5049 temporis
840 5000 939 5051 prae
960 4988 1066 5039 aliis
1084 4988 1298 5039 floruisse
1313 4991 1363 5038 et
1384 4987 1446 5038 ad
1471 4991 1744 5039 extremum
1763 4990 1959 5051 peculia·

419 5076 520 5112 rem
534 5062 623 5112 sibi
638 5065 979 5126 rempublicam
989 5066 1349 5117 constituisse...
1367 5066 1571 5116 Videtur
1585 5065 1731 5116 etiam
1747 5066 1963 5128 cognatio

416 5138 639 5201 quiedam
650 5153 761 5190 cum
773 5143 991 5195 ‘teneatis
1005 5157 1106 5195 esse
1123 5143 1442 5196 Tenediorum
1455 5156 1485 5193 a
1498 5145 1662 5194 Tenne
1676 5143 1824 5206 cycni
1844 5142 1961 5206 filio,

2723 517 2740 551 1
2759 517 2851 567 70.

2096 584 2359 657 Stephan.
2389 578 2518 657 By'z.
2558 603 2571 638 t
2608 578 2859 653 Τένεδος,
2893 586 3045 652 νῆσος
3085 584 3187 639 τῶν
3218 583 3551 663 Σποράδων..

2015 668 2104 726 καὶ
2152 668 2444 747 παροιμία,
2488 666 2804 734 Τενέδιος
2848 668 3167 741 αὐλητὴς,
3218 670 3303 728 ἐπὶ
3353 675 3453 728 τῶν
3495 669 3562 730 τὰ

2013 757 2178 836 ψευδῆ
2216 753 2635 836 μαρτυρούντων·
2677 754 2764 812 τὸν
2791 754 2891 835 γὰρ
2931 756 3162 826 αὐλητὴν
3201 762 3234 827 ἦ
3278 758 3564 833 Φυλονόμη

2015 842 2143 922 πρὸς
2186 842 2389 903 Κύκνον
2436 842 2628 919 ἤγαγε,
2675 847 3039 923 μαρτυροῦντα
3080 842 3158 900 ὅτι
3200 845 3365 915 Τένης
3409 844 3569 915 αὐτὴν

2015 931 2167 1002 ἤθελε
2194 929 2495 1007 βιάσασθαι.
2521 928 2673 988 Ἔστι
2694 930 2781 988 καὶ
2801 929 2950 1007 ἑτέρα
2969 929 3248 1010 παροιμία,
3270 930 3464 990 Τενέδ
3481 954 3571 996 ιος

2016 1015 2326 1089 πέλεκυς,
2356 1017 2442 1074 ἐπὶ
2469 1020 2570 1074 τῶν
2602 1016 2719 1088 ἤτοι
2748 1021 2945 1096 πικρῶς
2972 1017 3006 1089 ἢ
3038 1018 3128 1075 καὶ
3162 1020 3361 1093 μᾶλλον
3391 1017 3570 1075 συντό-

2021 1127 2128 1179 μως
2167 1102 2567 1161 ἀποκοπτόντων
2608 1103 2675 1162 τὰ
2719 1104 2994 1181 ζητήματα
3036 1104 3126 1163 καὶ
3157 1103 3223 1162 τὰ
3255 1104 3389 1163 ἄλλα
3444 1104 3572 1182 πρά·

2020 1213 2219 1267 γματα.
2290 1190 2401 1250 Καί
2437 1213 2592 1271 φησιν
2627 1190 2939 1272 Ἀριστείδης
2970 1216 3059 1250 και
3090 1192 3238 1250 ἄλλοι
3267 1216 3351 1251 τον
3381 1194 3432 1250 ἐν
3463 1195 3513 1252 Γ
3516 1216 3574 1249 ε-

2019 1278 2148 1336 νέδω
2165 1276 2467 1336 Ἀπόλλωνα
2497 1277 2716 1337 πέλεκυν
2736 1280 2943 1358 κρατεῖν
2966 1278 3050 1337 δια
3084 1278 3151 1337 τὰ
3172 1279 3447 1365 συμὸᾴντα
3471 1280 3574 1346 τοῖς

2019 1387 2136 1444 περι
2159 1364 2344 1435 Τένην
2364 1363 2399 1435 ἢ
2421 1366 2639 1441 μᾶλλον,
2664 1364 2731 1433 ὥς
2755 1389 2910 1447 φησιν
2930 1356 3400 1448 ’Ἀριστοτέλης
3431 1370 3484 1425 ἐν
3508 1390 3572 1445 τῃ

2023 1452 2073 1510 Γ
2077 1451 2281 1508 ενεδίων
2318 1451 2588 1531 πολιτεία,
2622 1453 2650 1512 θ’
2652 1473 2700 1509 τι
2730 1448 2978 1532 βασιλεύς
3003 1476 3078 1521 τις
3108 1455 3160 1511 ἐν
3188 1453 3393 1534 Τενέδω
3422 1453 3574 1529 νόμον

2021 1536 2195 1613 ἔθηκε,
2225 1537 2311 1595 τὸν
2353 1538 2827 1615 καταλαμὸοίνοντα
2863 1545 3077 1620 μοιχους
3119 1545 3335 1620 ἀνειρεῖν
3366 1512 3575 1599 πελέκει

2023 1624 2360 1704 ἀμφοτέρους.
2401 1625 2619 1696 Ἐπειδὴ
2650 1625 2703 1684 δὲ
2735 1626 2924 1698 συνέ6η
2954 1627 3041 1685 τὸν
3078 1628 3186 1687 υἱὸν
3221 1631 3377 1687 αὐτοῦ
3409 1651 3574 1687 κατα-

2027 1712 2287 1791 ληφθῆναι
2319 1712 2529 1792 μοιχὸν,
2574 1712 2805 1795 ἐκύρωσε
2843 1715 2933 1774 καὶ
2972 1714 3093 1795 περὶ
3121 1721 3209 1776 τοῦ
3238 1716 3367 1775 ἰδίου
3395 1714 3578 1782 παιδὸς

2029 1803 2317 1878 τηρηθῆναι
2355 1800 2442 1858 τὸν
2478 1800 2653 1877 νόμον,
2690 1802 2782 1860 καὶ
2809 1800 3159 1884 ἀναιρεθέντος
3191 1806 3258 1870 εἰς
3295 1803 3578 1883 παροιμίαν

2030 1888 2261 1965 παρῆλθε
2291 1887 2349 1945 τὸ
2381 1896 2602 1968 πρᾶγμα
2643 1888 2730 1946 ἐπὶ
2753 1893 2854 1947 τῶν
2881 1890 3038 1967 ὠμῶς
3059 1888 3451 1970 πραττομένων.
3475 1887 3575 1949 Διὰ

2026 1973 2178 2033 τοῦτό
2195 1997 2318 2053 φησι
2334 1976 2423 2034 καὶ
2447 1976 2535 2035 ἐπὶ
2549 1981 2638 2035 τοῦ
2661 1977 2982 2054 νομίσματος
3008 1982 3110 2037 τῶν
3133 1981 3183 2038 Τ
3187 1978 3390 2036 ενεδίων
3411 2000 3572 2056 κεχα-

2030 2061 2219 2141 ροίχθαι
2250 2064 2301 2121 ἐν
2327 2061 2421 2140 μὲν
2445 2068 2519 2144 τῷ
2548 2062 2709 2144 ἑτέρῳ
2729 2062 2874 2143 μέρει
2895 2064 3142 2138 πέλεκυν,
3170 2064 3260 2123 ἐπὶ
3279 2063 3333 2123 δὲ
3361 2070 3450 2123 τοῦ
3472 2063 3580 2124 ἑτέ·

2028 2172 2116 2228 ρου
2139 2146 2228 2208 δύο
2251 2149 2480 2230 κεφαλὰς
2514 2154 2629 2217 εἰς“
2611 2150 2898 2228 υπόμνησιν
2916 2174 3005 2210 του
3030 2152 3149 2231 περὶ
3176 2151 3261 2211 τὸν
3289 2153 3451 2211 παῖδα
3472 2175 3581 2210 πα-

2026 2235 2272 2313 θῆματος.
2300 2234 2460 2297 Ἔστι
2493 2239 2584 2297 καὶ
2613 2238 2746 2311 ἄλλη
2778 2238 3068 2319 παροιμία,
3098 2239 3405 2306 Τενέδιος
3449 2238 3581 2307 ξυν-

2025 2346 2260 2402 ηγορος
2275 2370 2293 2402 ,
2318 2328 2344 2381 ὁ
2368 2324 2626 2404 ἀπότομος
2649 2323 2737 2384 καὶ
2762 2325 3003 2406 σκληρός.

2105 2412 2185 2469 Cf.
2206 2415 2528 2471 Heraclides
2549 2417 2715 2470 Pont.
2740 2414 2810 2470 fr.
2838 2435 2893 2486 7;
2919 2414 3153 2471 Photius
3178 2417 3308 2473 LeX.
3337 2436 3390 2470 v.
3419 2413 3581 2474 Τενέ-

2027 2497 2130 2565 διος
2163 2497 2411 2571 πέλεκυς,
2442 2504 2656 2558 Zenob.
2701 2505 2804 2577 Vl,
2832 2524 2902 2577 9,
2940 2504 3271 2578 Diogenian.
3307 2505 3475 2572 VIII,
3507 2502 3581 2558 58

2027 2588 2220 2661 ibique
2243 2591 2503 2645 Leutsch.
2523 2635 2538 2660 ,
2566 2593 2764 2664 Apost.
2803 2592 3026 2660 XVIII,
3062 2591 3135 2645 28
3154 2631 3170 2658 ,
3200 2587 3400 2646 Suidas
3426 2609 3470 2645 s.
3496 2609 3584 2661 v„

2028 2675 2127 2730 ubi
2150 2676 2269 2731 aliae
2297 2678 2377 2731 rei
2407 2678 2805 2751 explicationes
2823 2677 2947 2732 duae
2974 2677 3308 2747 asseruntur,
3344 2696 3585 2750 quarum

2028 2764 2258 2818 alteram
2279 2764 2451 2820 habes
2492 2766 2655 2820 etiam
2700 2764 2852 2838 apud
2883 2765 3242 2819 Plutarchum
3297 2766 3382 2820 De
3430 2782 3585 2823 orac.

2028 2850 2193 2921 Pyth.
2216 2869 2278 2924 p.
2308 2859 2442 2926 399,
2478 2854 2543 2909 F.
2577 2853 2808 2908 Eckhel.
2862 2855 2935 2908 D.
2975 2853 3143 2907 Num.
3176 2854 3263 2921 11,
3304 2871 3366 2926 p.
3419 2851 3586 2919 1488.

2030 2937 2412 2997 Wachsmuth.
2428 2942 2661 3014 Antiqq.
2681 2940 2781 2998 Gr.
2803 2942 2878 3011 ΙΙ,
2905 2958 2955 3010 1,
2973 2958 3033 3014 p.
3066 2960 3194 3016 179.
3215 2938 3432 2998 Miiller.
3450 2943 3583 2999 Dor.

2033 3025 2112 3094 11,
2143 3045 2202 3099 p.
2228 3027 2426 3098 226.1,
2459 3026 2590 3083 358.

2714 3126 2821 3179 ¹70
2857 3125 2909 3161 a.

2113 3185 2319 3271 [Arist.
2351 3184 2472 3251 Pol.
2495 3196 2592 3263 IV,
2627 3201 2682 3264 4,
2716 3214 2738 3249 1
2778 3191 2892 3251 :Tb
2911 3191 3284 3274 πορθμευτικὸν
3310 3193 3363 3250 έν
3381 3192 3588 3272 Τενέδῳ

2040 3274 2364 3355 (πολύοχλόν
2389 3280 2547 3355 ἐστιν)
2565 3323 2578 3336 .
2600 3278 2623 3357 ]

2037 3441 2091 3487 ut
2114 3439 2389 3489 Aristoteles
2401 3442 2632 3491 tradidit:
2670 3455 2994 3504 magnumque
3028 3443 3131 3503 eJus
3151 3443 3217 3491 rei
3257 3445 3590 3505 argumentum

2036 3517 2265 3577 Apollinis
2287 3517 2449 3567 cultus
2471 3518 2599 3582 apud
2629 3522 2856 3581 utrosque
2876 3519 3046 3569 similis
3071 3518 3277 3582 praebct.

2099 3680 2343 3739 Tenedus,
2368 3694 2465 3730 una
2483 3695 2542 3730 ex
2562 3682 2851 3744 ὅροι-1111111115
2869 3681 3094 3732 insulis...
3119 3685 3204 3732 Est
3230 3682 3374 3732 etiam
3398 3697 3591 3745 prover·

2039 3758 2173 3808 bium
2200 3759 2444 3808 Tem-dius
2471 3760 2650 3809 tibicen
2670 3759 2730 3808 de
2748 3760 2804 3808 iis
2821 3760 2900 3821 qui
2919 3759 3035 3809 t'alsa
3054 3763 3303 3810 testantur.
3326 3761 3592 3812 Tibicinem

2038 3834 2166 3884 enim
2191 3835 2471 3885 Philonome
2488 3835 2550 3884 ad
2575 3838 2793 3898 Cycnum
2812 3834 2980 3896 duxit,
2999 3836 3084 3900 qui
3103 3838 3370 3886 testabatur
3392 3839 3592 3888 Tennen

2042 3913 2249 3963 voluisse
2285 3914 2578 3964 Pliilonomae
2601 3915 2699 3965 vim
2726 3916 2917 3966 inferre.
2949 3919 3032 3966 Est
3059 3916 3204 3965 etiam
3234 3914 3367 3964 aliud
3393 3927 3593 3978 prover-

2041 3991 2174 4042 bium
2212 3993 2428 4043 Tenedia
2445 3997 2638 4043 securis
2656 3992 2717 4043 de
2737 3994 2794 4044 lis
2812 3995 2900 4058 qui
2916 3995 2993 4045 vel
3025 4007 3192 4056 aspere
3211 3993 3288 4042 vel
3312 3992 3454 4042 nimis
3474 4005 3593 4041 eon·

2043 4069 2139 4120 cine
2160 4069 2414 4120 abscidunt
2432 4071 2723 4132 questiones
2744 4074 2794 4121 et
2820 4085 2896 4120 res
2912 4071 3137 4133 reliquas,
3162 4075 3226 4118 Ac
3245 4068 3402 4130 inquit
3421 4067 3594 4118 Aristi·

2042 4146 2127 4195 ‹1oe
2149 4153 2198 4197 et
2219 4148 2300 4197 alii
2322 4148 2586 4198 'renalium
2621 4149 2887 4211 Apollinem
2911 4148 3117 4198 securim
3147 4149 3312 4195 tenere
3329 4147 3522 4208 propter
3538 4158 3596 4195 ea

2042 4238 2154 4287 quoe
2172 4225 2449 4274 acciderunt
2464 4229 2667 4292 Tennae,
2691 4226 2768 4276 vel
2795 4225 2971 4289 potius,
2998 4227 3052 4274 ut
3066 4224 3220 4287 inquit
3243 4222 3521 4273 Aristoteles
3539 4223 3592 4274 in

2045 4302 2361 4352 Tenediorum
2386 4316 2484 4365 rep.
2499 4339 2514 4362 ,
2537 4302 2666 4364 quod
2691 4316 2776 4352 rex
2795 4302 2988 4365 quidam
3009 4303 3160 4364 legem
3183 4302 3235 4349 in
3253 4298 3446 4350 Tenedo
3467 4300 3598 4350 tule-

2045 4380 2135 4441 rit,
2160 4394 2256 4443 qua
2270 4380 2534 4441 jubebatur
2570 4379 2891 4443 deprehensos
2916 4379 3156 4429 adulteros
3172 4377 3328 4427 securi
3365 4379 3600 4439 utrosque

2046 4457 2216 4506 occidi.
2248 4457 2486 4515 Quoniam
2529 4471 2644 4507 vero
2681 4458 2855 4506 accidit
2900 4459 2953 4505 ut
2985 4455 3129 4519 ipsius
3168 4454 3295 4504 tilius
3328 4452 3597 4516 deprehen·

2048 4534 2240 4584 deretur
2275 4533 2325 4582 in
2343 4533 2607 4596 adulterio,
2633 4535 2775 4594 iussit
2811 4532 2958 4582 etiam
2986 4535 3040 4581 111
3071 4533 3242 4582 eontra
3272 4530 3421 4594 ipsius
3444 4530 3598 4581 lilium

2049 4615 2126 4663 lex
2145 4617 2432 4663 servaretur.
2455 4617 2524 4663 Eo
2542 4613 2700 4662 occiso
2727 4613 2777 4661 in
2815 4611 3124 4675 proverbium
3161 4624 3236 4660 res
3266 4611 3424 4672 venit,
3453 4610 3516 4660 dc
3542 4610 3601 4660 ns

2049 4701 2161 4751 qua²
2183 4688 2314 4736 crud.
2333 4688 2439 4736 liter
2465 4688 2604 4737 liunt.
2634 4688 2959 4745 Quamobrem
2983 4687 3137 4750 inquit
3166 4692 3214 4737 et
3243 4687 3290 4736 in
3315 4687 3600 4737 numismate

2050 4765 2368 4813 Tenediorum
2403 4765 2637 4828 sculptam
2685 4764 2830 4814 fuisse
2868 4778 2932 4814 ex
2966 4778 3064 4813 una
3101 4767 3232 4827 parte
3267 4763 3502 4824 securim,
3536 4777 3602 4814 ex

2051 4842 2200 4890 altera
2217 4840 2315 4890 duo
2344 4842 2501 4904 capita
2525 4841 2573 4890 in
2591 4843 2875 4890 memoriam
2898 4840 3028 4903 ejus,
3060 4840 3190 4903 quod
3219 4840 3317 4890 lilio
3336 4839 3594 4889 acciderat.

2054 4922 2136 4968 Est
2166 4917 2313 4967 etiam
2352 4917 2482 4968 aliud
2517 4917 2855 4981 proverbium,
2898 4917 3137 4969 Tenedius
3168 4916 3474 4978 advocatus,
3510 4915 3593 4979 qul

2052 4998 2125 5045 est
2142 5007 2340 5046 severus
2355 4996 2406 5045 et
2425 4994 2590 5044 durus.

2739 5062 2836 5114 170
2860 5072 2911 5113 a.

2116 5141 2319 5206 [Magna
2338 5142 2479 5193 turba
2498 5144 2571 5194 est
2592 5142 2880 5206 portitorum
2901 5141 2952 5192 in
2969 5137 3219 5206 Tenedo-1
