4016 5916
472 401 582 452 288

468 543 525 578 τε
550 515 859 595 Πινδαρείου
881 514 971 573 καὶ
996 511 1349 586 Φιλοξενείου,
1377 509 1451 587 μὴ
1473 508 1721 567 δύνασθαι
1741 515 2020 590 κατορθοῦν

472 607 523 662 ἐν
550 608 626 685 τῷ
668 601 986 680 Φιλοξενείῳ
1018 599 1185 677 γένει·
1223 600 1530 676 γεγενῆσθαι
1570 596 1613 653 δ’
1639 595 1812 653 αἰτίαν
1844 597 1939 668 τὴν
1963 599 2025 656 ἐκ

471 692 651 757 παιδὸς
715 689 1001 760 καλλίστην
1060 685 1290 764 ἀγωγήν.
1349 687 1433 745 Cf.
1493 684 1649 742 Bode
1695 687 1833 744 Dor.
1886 688 2020 760 Lyr.

470 801 529 856 p.
565 782 699 840 322.

1202 886 1297 950 74·

550 999 835 1057 Plutarch.
863 1000 973 1069 Qu.
1001 997 1175 1052 Comr.
1199 992 1409 1064 VI1‚8,
1435 1011 1495 1066 p.
1524 1013 1589 1063 71
1608 1013 1656 1065 1,
1684 995 1727 1051 C
1750 1013 1764 1048 ι
1792 992 1959 1050 Ταῦθ’
1977 991 2025 1047 οἳ

476 1087 568 1163 μὲν
600 1083 848 1164 αὐστηροὶ
894 1082 983 1140 καὶ
1011 1078 1276 1161 χαρίεντες
1320 1077 1603 1154 ἠγάπησαν
1641 1080 1935 1158 ὑπερφυῶς·
1978 1079 2025 1134 οἱ

475 1174 520 1231 δ’
559 1172 801 1251 ἄνανδροι
837 1168 927 1228 καὶ
965 1164 1395 1247 διατεθρυμμένοι
1422 1161 1489 1222 τὰ
1521 1154 1631 1223 ὦτα
1671 1165 1736 1222 δι’
1766 1161 2025 1240 ἀμουσίαν

475 1260 565 1319 καὶ
591 1256 981 1341 ἀπειροκαλίαν,
1011 1253 1097 1321 οὓς
1124 1252 1277 1334 φησὶν
1308 1251 1648 1331 Ἀριστόξενος
1674 1251 1832 1332 χολὸν
1857 1253 2020 1328 ἐμεῖν,

474 1346 597 1406 ὅταν
626 1343 924 1424 ἐναρμόνιον
955 1341 1264 1411 ἀκούσωσιν,
1293 1337 1589 1407 ἐξέὸαλλον.

552 1434 643 1491 Id.
680 1433 823 1491 ibid.
853 1433 985 1498 VII,
1033 1428 1094 1499 5,
1121 1448 1182 1502 p.
1216 1433 1347 1499 704,
1374 1428 1418 1483 F
1450 1445 1466 1482 ε
1512 1423 1785 1504 Ἀκρασίας
1816 1423 1910 1502 μὲν
1935 1423 2027 1483 καὶ

476 1519 628 1586 αὐτὸς
676 1516 892 1577 ἀπολύω
933 1515 991 1574 τὸ
1025 1515 1270 1596 φιλήκοον
1304 1511 1394 1571 καὶ
1437 1513 1778 1593 φιλοθέαμον·
1819 1513 1875 1570 οὗ
1922 1511 2026 1589 μὴν

476 1604 806 1687 Ἀριστοξένῳ
830 1628 889 1682 γε
917 1600 1249 1682 συμφέρομαι
1271 1598 1597 1674 παντάπασι,
1616 1599 1828 1667 ταύταις
1851 1598 2030 1677 μόναις

478 1694 726 1773 φάσκοντι
752 1699 866 1757 ταῖς
892 1691 1099 1761 ἡδοναῖς
1131 1687 1190 1745 τὸ
1223 1688 1395 1754 καλῶς
1420 1686 1764 1766 ἐπιλέγεσθαι.

1203 1817 1299 1890 75.

557 1954 758 2011 Strabo
785 1955 839 2022 Ι,
863 1971 923 2026 p.
957 1951 1023 2007 16
1053 1968 1068 2009 ε
1093 1946 1194 2007 Διὰ
1218 1950 1366 2005 τοῦτο
1388 1944 1477 2003 καὶ
1498 1942 1616 2013 τοὺς
1642 1945 1832 2030 παῖδας
1851 1946 1904 2003 αἱ
1928 1947 2031 2003 τῶν

480 2037 751 2109 Ἑλλήνων
770 2036 943 2102 πόλεις
960 2033 1228 2115 πρώτιστα
1248 2031 1334 2092 διὰ
1355 2038 1446 2103 τῆς
1466 2036 1738 2105 ποιητικῆς
1755 2030 2030 2090 παιδεύου-

478 2152 576 2199 σιν,
606 2128 663 2185 οὐ
698 2122 1038 2207 ψυχαγωγίας
1073 2122 1229 2203 χάριν
1259 2121 1515 2193 δήπουθεν
1537 2122 1694 2200 ψιλῆς
1712 2165 1730 2197 ,
1762 2119 1894 2180 ἀλλὰ
1922 2141 2032 2178 σω-

436 2217 447 2226 “
477 2218 784 2296 φρονισμοῦ·
815 2209 943 2271 ὅπου
973 2234 1032 2290 γε
1061 2210 1151 2282 καὶ
1179 2213 1226 2268 οἳ
1251 2207 1491 2287 μουσικοὶ
1514 2208 1732 2287 ψάλλειν
1757 2205 1848 2265 καὶ
1878 2206 2054 2272 αὖλί-,

478 2308 578 2372 ζειν
602 2300 690 2359 καὶ
712 2298 933 2380 λυρίζειν
958 2297 1282 2364 διδάσκοντες
1308 2300 1712 2374 μεταποιοῦνται
1730 2297 1821 2366 τῆς
1847 2296 2032 2372 ἀρετῆς

477 2385 693 2459 ταύτης·
739 2385 1063 2445 παιδευτικοὶ
1090 2383 1192 2463 γὰρ
1228 2374 1357 2441 εἶναι
1399 2381 1527 2463 φασὶ
1561 2381 1653 2440 καί.
1684 2384 2033 2460 ἓπανορθωτι-

480 2475 562 2532 xci
589 2478 692 2533 τῶν
719 2476 878 2544 ἠθῶν.
915 2475 1102 2532 Ταῦτα
1132 2469 1175 2528 δ’
1200 2471 1262 2528 ὀὗ
1294 2467 1448 2546 μόνον
1475 2467 1621 2548 παρὰ
1650 2470 1751 2526 τῶν
1784 2469 2028 2540 Πυθαγο-

480 2561 628 2640 ρείων
676 2558 879 2617 ἀκούειν
919 2558 1029 2616 ἐστὶ
1065 2555 1341 2636 λεγόντων,
1381 2554 1517 2615 ἀλλὰ
1557 2554 1648 2613 καὶ
1693 2552 2033 2634 Ἀριστόξενος

479 2647 638 2714 οὕτως
661 2647 1024 2726 ἀποφαίνεται.

1179 2740 1320 2817 (76·)

558 2873 823 2946 Apollon.
851 2873 994 2930 Hist.
1022 2870 1226 2926 Mirab.
1263 2888 1314 2925 c.
1350 2876 1423 2944 49
1454 2886 1469 2926 :
1501 2866 1669 2927 Ἰᾶται
1706 2864 1837 2946 γὰρ,
1876 2865 2033 2945 φησὶν

482 2960 596 3031 (se.
641 2953 1053 3036 Θέοφραστος),
1103 2958 1138 3027 ἡ
1182 2953 1505 3024 καταύλησις
1544 2951 1635 3012 καὶ
1687 2951 1902 3032 ἰσχιάδα
1942 2949 2034 3010 καὶ

480 3043 781 3125 ἐπιληψίαν,
830 3042 1064 3122 καθάπερ
1107 3041 1237 3123 ’πρὸς
1284 3040 1623 3121 Ἀριστόξενον
1660 3039 1747 3099 τὸν
1785 3038 2031 3116 μουσικὸν
2124 3042 2219 3119 μία
2249 3042 2447 3112 διεδόθη
2467 3065 2479 3077 ·
2508 3031 2649 3107 οὗτος
2676 3039 2730 3099 δὲ
2769 3040 2859 3099 καὶ
2887 3038 3102 3117 σιδήρου
3133 3038 3378 3113 κόλλησιν
3420 3032 3582 3121 εὗρεν,
3607 3041 3678 3107 ὥς
3765 3088 3776 3099 .

482 3129 692 3190 ἐλθόντα
720 3128 1022 3210 χρήσασθαι
1043 3129 1199 3188 αὐτὸν
1235 3135 1325 3188 τοῦ
1357 3127 1599 3203 μαντείου
1622 3133 1713 3186 τοῦ
1742 3132 1833 3199 τῆς
1862 3131 2034 3188 Πασι·

483 3218 633 3298 φίλης
659 3218 862 3294 δαμωτι
891 3217 1114 3295 ἀδελφῆς
1137 3215 1345 3295 λέγεται
1378 3214 1465 3274 τὸν
1490 3215 1737 3292 μουσικὸν
1766 3219 2032 3286 καταστῆ·

482 3330 572 3365 σαι
600 3304 686 3364 τὸν
727 3303 1059 3380 ἐξιστάμενον
1092 3306 1146 3363 ἐν
1186 3302 1396 3375 Θήὸαις
1424 3304 1522 3361 ὕπὸ
1552 3302 1645 3374 τὴν
1688 3307 1783 3374 τῆς
1810 3301 2035 3380 σάλπιγ-

481 3416 568 3473 γος
588 3392 777 3474 φωνήν.

482 3562 583 3610 dari
606 3561 804 3610 modum
837 3561 1091 3622 tentasset,
1115 3560 1165 3609 in
1188 3560 1482 3609 Philoxeneo
1510 3558 1555 3607 ei
1579 3571 1683 3608 rem
1708 3571 1807 3607 non
1840 3569 2032 3607 succes-

480 3640 592 3688 sisse
605 3657 620 3701 3
635 3638 774 3700 cujus
791 3650 984 3687 causam
1000 3637 1144 3687 fuisse
1159 3635 1530 3699 pulcherrimam
1552 3635 1683 3685 illam
1697 3635 1865 3698 primae
1880 3634 2037 3683 aetatis

481 3715 848 3765 institutionem.

1218 3792 1305 3843 74.

544 3883 660 3929 Haec
691 3878 869 3930 austeri
893 3878 1090 3941 quidem
1119 3878 1170 3927 et
1186 3874 1363 3925 eruditi
1393 3875 1605 3925 maximo
1623 3889 1767 3939 opere
1794 3876 2032 3939 probave-

481 3959 625 4019 runt;
644 3956 913 4006 effeminati
928 3968 1044 4005 vero
1064 3956 1113 4004 et
1126 3967 1335 4017 quorum
1353 3967 1494 4003 aures
1517 3952 1704 4002 inscitia
1717 3955 1862 4016 atque
1883 3954 2034 4003 bona·

482 4048 589 4083 rum
617 4032 856 4095 imperitia
888 4045 1051 4082 rerum
1072 4032 1314 4094 corruptae
1350 4032 1533 4091 essent,
1570 4043 1694 4092 quos
1729 4032 2037 4081 Aristoxenus

480 4113 622 4163 bilem
646 4111 804 4161 aiebat
825 4123 1047 4173 vomere,
1086 4109 1125 4159 si
1154 4109 1522 4158 enharmonium
1545 4111 1743 4157 cantum
1775 4106 2031 4171 audirent,

480 4191 807 4254 repudiarunt.

546 4267 931 4333 intemperantiae
968 4267 1167 4317 crimine
1188 4279 1275 4330 ego
1305 4279 1499 4330 quoque
1520 4266 1656 4316 solvo
1687 4266 1923 4316 studiosos
1946 4279 2034 4315 au·

480 4346 640 4398 diendi
679 4349 728 4396 et
762 4344 1010 4409 spectandi
1051 4365 1063 4393 :
1107 4357 1205 4394 non
1244 4348 1409 4393 tamen
1445 4356 1639 4406 prorsus
1672 4344 1901 4393 assentior
1932 4343 2035 4393 Ari-

480 4429 707 4487 stoxeno,
732 4426 817 4487 qui
847 4423 990 4475 hisce
1005 4422 1120 4474 solis
1144 4421 1470 4484 voluptatibus
1490 4420 1559 4470 ait
1583 4421 1763 4484 accim,
1794 4421 2031 4472 Pulchre.

1214 4515 1304 4565 ⁷5.

541 4609 698 4669 Atque
736 4618 795 4655 ea
832 4604 894 4655 de
934 4616 1104 4654 caussa
1144 4603 1197 4653 in
1239 4602 1421 4653 Graecis
1463 4601 1666 4653 urbibus
1703 4602 1839 4666 pueri
1878 4602 2034 4664 primo

480 4684 696 4733 omnium
734 4682 864 4743 poesi
884 4680 1225 4741 instituuntur,
1262 4690 1360 4729 non
1390 4691 1504 4729 sane
1535 4678 1680 4729 nudae
1704 4679 2036 4731 oblectationis

481 4770 671 4817 caussa,
701 4756 783 4807 sed
809 4760 865 4807 ut
893 4756 1180 4808 modestiam
1199 4755 1404 4807 discant.
1444 4755 1646 4814 Quando
1665 4754 1836 4806 musici
1856 4755 2030 4820 etiam,

482 4837 566 4899 qui
582 4833 809 4901 psallere,
826 4833 946 4883 tibia
962 4846 1134 4885 canere
1154 4834 1234 4884 vel
1264 4832 1368 4896 lyra
1385 4832 1587 4896 docent,
1610 4834 1704 4883 hoc
1736 4834 1895 4896 ipsum
1914 4846 2032 4897 prai-

480 4918 609 4964 stare
635 4910 940 4975 profitentur,
976 4925 1169 4963 morum
1203 4925 1256 4963 se
1290 4912 1544 4974 magistros
1583 4925 1642 4962 ac
1667 4913 1952 4963 formatores
1982 4916 2034 4962 et

482 4991 774 5040 correctores
802 5001 905 5039 esse
936 4989 1245 5039 affirmantes.
1276 4992 1442 5051 Neque
1470 4988 1565 5038 hoc
1598 4989 1755 5039 solum
1790 4988 2030 5052 Pythago-

482 5078 589 5117 reos
633 5064 857 5115 audimus
906 5064 1143 5125 dicentes,
1184 5064 1268 5115 sed
1309 5064 1621 5116 Aristoxenus
1665 5079 1858 5130 quoque
1904 5067 2030 5118 idem

482 5143 714 5195 enuntiat.

1611 382 2077 444 ARISTOXENI
2118 381 2532 442 TARENTINI

2193 512 2495 567 Historiam
2514 511 2632 564 sine
2653 506 2830 562 dubio
2860 506 2974 579 ipse
2996 508 3245 561 narravit
3273 508 3664 578 Aristoxean
3759 509 3776 518 ‘

2111 600 2170 653 in
2198 616 2371 671 opere
2411 593 2544 673 Περὶ
2578 595 2863 669 μουσικῆς,
2897 593 2987 647 vel
3014 592 3126 647 alio
3158 592 3318 662 loco,
3355 592 3459 647 ubi
3485 593 3558 648 de
3607 597 3666 648 vi

2110 686 2334 740 musicae
2369 700 2688 739 sermonem
2725 681 2980 736 instituit.
3034 679 3296 734 Ceterum
3335 681 3505 735 verba
3550 692 3667 736 tam

2112 772 2306 827 mutila
2328 782 2458 827 sunt
2472 812 2487 838 ‚
2517 780 2582 824 ut
2603 770 2720 824 sine
2739 766 3003 822 codicum
3023 784 3134 839 ope
3157 768 3338 822 sanari
3356 780 3665 841 nequeant.

2112 860 2224 915 Pro
2254 856 2556 934 Πασιφίλης
2584 877 2637 911 κ.
2672 877 2724 912 τ.
2747 856 2796 912 λ.
2815 854 3088 909 Meursius
3110 855 3320 929 corrigi
3344 855 3524 910 voluit
3545 857 3672 914 Πα-

2113 943 2300 1023 σιφάης
2317 941 2512 1013 Αἰήτου
2529 942 2771 1021 ἀδελφῆς.
2786 941 3105 997 Teucherus
3122 941 3315 996 scribit
3330 943 3404 997 ita
3420 960 3435 999 ε
3451 940 3670 1001 ἐλθόντα

2112 1031 2412 1109 χρήσασθαι
2449 1027 2603 1087 αὐτὸν
2633 1029 2708 1106 τῷ
2740 1023 2969 1105 μαντείῳ
2994 1029 3088 1096 τῆς
3131 1026 3418 1106 Πασιφάης
3447 1028 3561 1104 ἅμα
3589 1031 3669 1108 τῷ

2114 1120 2165 1174 ἐν
2189 1117 2406 1197 Δελφοῖς
2429 1116 2493 1193 (Ρ)
2516 1112 2721 1188 λέγεται
2740 1111 2827 1171 τὸν
2847 1135 2907 1188 μ.
2929 1114 3101 1186 Quod
3122 1116 3412 1174 oraculum
3436 1120 3666 1187 attinet,

2113 1207 2286 1262 latere
2303 1216 2441 1280 puto
2480 1223 2495 1262 :
2529 1205 2621 1272 τῆς
2642 1199 2922 1280 Πασιφάης
2954 1198 2990 1271 ἢ
3021 1198 3242 1258 Λάκωσι
3265 1201 3356 1259 καὶ
3379 1203 3564 1283 Δάφνη
3587 1204 3674 1261 λε’-

2113 1314 2262 1370 γεται
2288 1292 2373 1369 (V.
2401 1291 2686 1348 Plutarch.
2707 1292 2861 1366 Agis,
2893 1308 2947 1348 c.
2979 1286 3070 1367 9)·
3093 1288 3181 1347 τὸν
3203 1290 3255 1346 δὲ
3282 1289 3526 1366 μουσικὸν
3548 1296 3668 1352 κτλ.

2213 1413 2399 1473 ΠΕΡΙ
2438 1412 2591 1472 ΤΗΣ
2633 1411 3040 1471 ΜΟΥΣΙΚΗΣ
3082 1412 3569 1473 ΑΚΡΟΑΣΕΩΣ.

2844 1551 2940 1603 77·

2195 1648 2383 1704 Schol.
2426 1648 2645 1702 Platon.
2689 1665 2752 1719 p.
2798 1644 2931 1703 381.
2969 1645 3061 1703 ed.
3090 1645 3261 1701 Bekk.
3294 1663 3309 1703 :
3363 1644 3671 1705 Γλαύκου

2116 1732 2345 1811 τέχνη]
2367 1729 2443 1791 Ἢ
2475 1732 2559 1789 ἰπὶ
2586 1734 2688 1789 τῶν
2718 1726 2792 1807 μὴ
2823 1727 3008 1811 ῥαδίως
3020 1730 3493 1809 κατεργαζομένων,
3521 1733 3556 1803 ἢ
3585 1733 3672 1791 ἐπὶ

2117 1822 2218 1876 τῶν
2249 1818 2386 1877 πάνυ
2418 1819 2657 1895 ἐμμελῶς
2709 1818 3000 1893 (ἐπιμελῶς
3029 1820 3093 1877 Β.
3141 1830 3197 1874 et
3229 1819 3377 1876 Sieb.
3404 1820 3421 1895 )
3463 1819 3553 1877 καὶ
3587 1822 3674 1878 ἐν-

2116 1905 2312 1983 τέχνως
2350 1902 2718 1982 εἰργασμένων.
2772 1898 3037 1968 Ἵππασος
3084 1902 3185 1982 γάρ
3221 1926 3298 1970 τις
3324 1904 3674 1967 κατεσκεύασε

2116 1998 2345 2074 χαλκοῦς
2370 1990 2621 2072 τέτταρας
2648 1989 2850 2058 δίσκους
2876 1988 3067 2065 οὕτως,
3090 1987 3225 2048 ὥστε
3243 1989 3336 2057 τὰς
3358 1993 3448 2066 μὲν
3481 1993 3673 2069 διαμέ-

2117 2105 2267 2159 τρους
2286 2082 2455 2138 αὐτῶν
2475 2078 2593 2144 ἴσας
2612 2076 2953 2157 ὑπάρχειν,τὸ
2969 2076 3022 2134 δὲ
3040 2082 3129 2135 τοῦ
3144 2076 3352 2157 πρώτου
3382 2078 3552 2138 δίσκου
3568 2082 3673 2140 πά-

2117 2191 2209 2248 χος
2239 2166 2495 2247 ἐπίτριτον
2535 2165 2629 2242 μὲν
2669 2157 2800 2223 εἶναι
2825 2169 2914 2223 τοῦ
2945 2163 3204 2243 δευτέρου,
3232 2165 3467 2240 ἡμιόΛιον
3496 2166 3550 2224 δὲ
3577 2173 3672 2226 τοῦ

2119 2255 2297 2335 τρίτου
2312 2300 2327 2327 ,
2347 2252 2617 2313 διπλάσιον
2635 2253 2687 2311 δὲ
2709 2258 2798 2311 τοῦ
2819 2250 3089 2330 τετάρτου,
3112 2252 3447 2331 κρουομένους
3470 2252 3524 2311 δὲ
3550 2253 3672 2312 τού·

2117 2367 2235 2410 τους
2273 2344 2527 2401 ἐπιτελεῖν
2560 2340 2861 2421 συμφωνίαν
2888 2339 3025 2399 τινά.
3066 2339 3173 2399 Καὶ
3200 2340 3407 2417 λέγεται
3437 2342 3673 2400 Γλαῦκον

2124 2430 2300 2491 ἰδόντα
2311 2428 2426 2496 τοὺς
2446 2429 2531 2487 ἐπὶ
2549 2432 2647 2487 τῶν
2664 2429 2852 2486 δίσκων
2868 2426 3130 2508 φθόγγους,
3147 2430 3347 2507 πρῶτον
3369 2432 3674 2509 ἐγχειρῆσαι

2120 2520 2183 2576 δι’
2201 2520 2371 2576 αὐτῶν
2395 2524 2710 2597 χειρουργεῖν
2726 2539 2739 2552 ·
2762 2515 2852 2573 καὶ
2876 2513 2980 2573 ἀπὸ
3007 2513 3197 2586 ταύτης
3211 2519 3301 2585 τῆς
3312 2516 3677 2594 πραγματείας

2120 2606 2193 2663 ἔτι
2222 2606 2311 2663 καὶ
2334 2610 2420 2663 νῦν
2447 2605 2690 2683 λέγεσθαι
2717 2603 2808 2674 τὴν
2835 2602 3161 2678 καλουμένην
3202 2604 3441 2662 Γλαύκου
3466 2605 3672 2683 τέχνην.

2121 2693 2398 2768 Μέμνηται
2408 2689 2462 2749 δὲ
2471 2690 2652 2750 τούτου
2666 2690 3003 2770 Ἀριστόξενος
3014 2691 3064 2747 ἐν
3076 2693 3150 2767 τῷ
3169 2691 3302 2771 Περὶ
3315 2695 3406 2760 τῆς
3426 2696 3676 2766 μουσικῆς

2121 2779 2449 2859 ἀκροάσεως,
2480 2778 2568 2836 καὶ
2597 2778 2858 2848 Νικοκλῆς
2887 2777 3182 2852 (Τιμοκλῆς
3204 2783 3274 2835 Α.
3299 2779 3318 2857 )
3350 2783 3402 2836 ἐν
3437 2783 3510 2858 τῷ
3541 2779 3674 2856 Περὶ

2125 2866 2358 2946 θεωρίας.
2443 2865 2601 2925 Ἔστι
2632 2864 2686 2924 δὲ
2722 2865 2813 2923 καὶ
2848 2866 2998 2944 ἑτέρα
3038 2862 3196 2943 τέχνη
3225 2865 3572 2944 γραμμάτων,
3608 2867 3676 2938 ἣν

2127 2953 2424 3013 ἀνατιθέασι
2448 2952 2673 3033 Γλαύκῳ
2705 2950 2922 3033 Σαμίῳ,
2953 2949 3038 3029 ἀφ’
3065 2942 3128 3023 ἧς
3156 2949 3280 3019 ἴσως
3305 2951 3394 3011 καὶ
3424 2960 3456 3023 ἡ
3481 2977 3678 3032 παροι-

2121 3151 2273 3210 φησιν
2303 3127 2597 3209 Ἡρόδοτος.
2839 3184 2850 3192 .

2201 3218 2410 3274 Eadem
2432 3236 2608 3292 usque
2623 3217 2695 3273 ad
2723 3214 2970 3295 φθόγγους
2995 3219 3199 3296 πρῶτον
3224 3219 3435 3276 Zenob.
3465 3221 3546 3288 11,
3570 3239 3674 3293 91,

2121 3307 2247 3375 alii,
2291 3323 2434 3379 quos
2467 3304 2599 3359 vide
2639 3322 2732 3378 ap.
2766 3305 3243 3379 Paroemiograph.
3285 3305 3378 3362 ed.
3413 3307 3672 3362 Leutsch.

2124 3401 2177 3447 et
2217 3391 2627 3447 Schneidewin.
2657 3410 2717 3464 p.
2761 3389 2832 3445 55
2864 3400 2920 3447 et
2952 3393 3141 3450 XXII.
3178 3393 3434 3448 Conferri
3473 3395 3678 3465 jubent

2196 3646 2440 3704 vertunt,
2478 3644 2653 3704 sanat,
2690 3642 2851 3705 inquit
2884 3642 3256 3706 Theophrastus,
3295 3641 3466 3693 tistuloe
3507 3646 3679 3693 cantus

2124 3722 2268 3770 etiam
2288 3718 2549 3769 ischiadem
2581 3722 2632 3768 et
2657 3720 2882 3769 morbum
2917 3719 3206 3769 comitialem
3234 3718 3678 3782 :quemadmodum

2124 3799 2196 3860 ei,
2234 3798 2319 3861 qui
2360 3797 2423 3847 ad
2449 3798 2790 3847 Aristoxenum
2826 3798 3065 3848 musicum
3103 3798 3262 3861 venit,
3295 3798 3490 3847 oraculo
3510 3797 3677 3859 Jussm

2125 3878 2401 3940 Pasiphaae,
2443 3877 2635 3926 Damoti
2671 3877 2859 3927 sororis.
2895 3880 3068 3927 Fertur
3115 3877 3242 3928 enim
3282 3877 3423 3925 etiam
3459 3881 3674 3929 musicus

2123 3954 2321 4018 Thebis,
2370 3955 2451 4018 qui
2485 3958 2647 4005 mente
2692 3955 2933 4006 exciderat
2967 3969 3088 4007 voce
3121 3957 3251 4007 tuhoe
3285 3955 3471 4016 audita,
3510 3956 3572 4004 ad
3616 3970 3671 4007 se

2124 4031 2334 4081 rediisse.

2331 4111 2431 4169 DE
2474 4111 2761 4171 MUSICA
2802 4110 3460 4173 AUSCULTATIONE.

2191 4290 2368 4339 Glauci
2392 4302 2483 4339 ars
2498 4304 2515 4338 .·
2530 4291 2610 4340 vel
2628 4290 2690 4342 de
2712 4291 2857 4359 rebus
2871 4291 2999 4343 facili
3017 4293 3207 4356 negotio
3225 4305 3327 4343 non
3343 4290 3645 4342 confit-,iendis
3656 4330 3673 4355 ,

2123 4367 2199 4415 vel
2224 4366 2285 4416 de
2301 4378 2359 4416 eo
2376 4365 2512 4432 quod
2527 4380 2718 4419 summa
2735 4381 2851 4419 cura
2876 4372 2927 4421 et
2952 4369 3206 4420 artificiose
3227 4370 3536 4420 elaboratum.
3563 4371 3674 4434 Hip·

2123 4456 2262 4521 pasus
2278 4443 2406 4494 enim
2423 4443 2620 4509 quidam
2633 4446 2865 4509 quattuor
2881 4447 3035 4499 discos
3045 4460 3197 4498 aereos
3214 4448 3283 4497 sic
3302 4450 3376 4498 est
3400 4447 3673 4511 fabricatus,

2122 4525 2178 4572 ut
2204 4523 2425 4574 diametri
2445 4524 2659 4587 ipsorum
2676 4538 2817 4588 pares
2840 4529 3000 4577 essent
3035 4545 3049 4576 z
3077 4526 3217 4589 primi
3244 4540 3362 4576 vero
3385 4526 3501 4576 disci
3523 4526 3677 4589 spissi-

2121 4600 2239 4650 tudo
2271 4600 2448 4663 epitriti
2469 4600 2702 4652 rationem
2730 4601 2793 4653 ad
2813 4603 3082 4653 secundum
3103 4603 3326 4664 haberet,
3352 4603 3560 4654 hemiolii
3584 4616 3675 4653 au-

2121 4681 2218 4727 tem
2242 4677 2306 4727 ad
2335 4677 2564 4742 tertium,
2591 4677 2726 4743 dupli
2771 4680 2978 4743 denique
3012 4679 3074 4731 ad
3106 4682 3336 4743 quartum
3371 4694 3384 4729 :
3424 4683 3474 4730 et
3500 4682 3676 4743 pulsati

2120 4754 2447 4817 symphoniam
2458 4754 2700 4817 quandam
2715 4755 2933 4810 ederent.
2947 4759 3222 4821 Feruntque
3233 4756 3444 4820 primum
3456 4758 3675 4810 omnium

2122 4832 2363 4880 Glaucum
2393 4831 2636 4882 diacorum
2668 4846 2809 4883 sonos
2829 4847 3094 4898 eorumque
3124 4834 3358 4884 rationem
3376 4834 3674 4897 observasse,

2120 4912 2169 4959 et
2197 4908 2462 4960 secundum
2493 4911 2600 4962 haec
2631 4925 2754 4975 opus
2783 4912 2913 4963 istud
2948 4913 3195 4963 elaborare
3224 4912 3500 4964 instituisse.
3535 4912 3677 4967 Unde

2121 4987 2386 5037 etiamnum
2406 4986 2503 5037 dici
2527 4988 2722 5051 Glauci,
2743 5002 2891 5052 quam
2915 4991 3116 5052 vocant,
3140 4990 3312 5040 artem.
3335 4990 3552 5040 Meminit
3570 4991 3675 5052 ejus

2120 5065 2429 5115 Aristoxenus
2449 5067 2495 5115 iu
2524 5067 2645 5116 libro
2665 5070 2734 5117 De
2765 5068 2962 5120 musicae
2993 5061 3365 5132 auscultatione,
3388 5072 3438 5119 et
3457 5071 3676 5121 Nicocles

2121 5144 2242 5195 libro
2269 5147 2341 5195 De
2369 5145 2571 5195 theoria.
