4016 5916
471 453 581 505 89⁰

547 571 773 632 XLVlI.
817 568 948 630 Ἀπὸ
976 561 1076 648 γᾶρ
1125 570 1225 624 τῶν
1257 566 1476 645 πρώτων
1506 562 1698 644 τάφων,
1735 565 1785 621 ἐν
1819 553 1893 628 οἷς
1917 585 2018 618 πα-

475 660 746 740 ραδέδοται
796 655 888 724 τὰς
928 654 1254 720 παλλακίδας
1298 657 1387 711 τοῦ
1429 651 1548 718 Διὸς
1585 651 1867 732 τεθάφθαι,
1896 649 2020 707 δέκα

469 745 693 803 σταδίων
715 744 866 824 φασὶν
888 740 1119 820 ,ὑπάρξαι
1150 739 1401 819 βασιλέως
1428 743 1611 815 μνῆμα
1644 743 1734 796 τοῦ
1770 758 2020 816 προςαγο·

472 831 730 911 ρευθέντος
763 827 1126 905 Ὀσυμανδύου
1145 848 1157 861 ·
1186 824 1367 885 τούτου
1398 826 1452 883 δὲ
1482 824 1619 883 κατὰ
1650 825 1746 901 μὲν
1774 823 1867 895 τὴν
1904 821 2025 890 εἷςο-

470 920 554 977 δον
595 917 844 996 ὑπάρχειν
891 917 1105 973 πυλῶνα
1129 913 1289 988 ,λίθου
1339 911 1606 988 ποικίλου,
1638 910 1813 988 τὸμὲν
1860 915 2024 987 μ’ἧκος

471 1005 758 1084 δίπλεθρον,
791 1003 849 1061 τὸ
874 1001 917 1060 δ’
953 1000 1077 1081 ὕψος
1102 999 1482 1080 τετταράκοντα
1510 999 1600 1057 καὶ
1626 999 1776 1057 πέντε
1810 1002 2023 1077 πηχῶν·

476 1093 538 1168 (2)
590 1089 838 1149 διελθόντι
872 1087 927 1146 δὲ
952 1088 1107 1145 αὐτὸν
1136 1078 1267 1145 εἶναι
1291 1085 1479 1144 λίθινον
1506 1085 1813 1164 περίστυλον
1841 1084 2022 1164 τετρά·

472 1202 651 1255 γωνον,
673 1178 895 1246 ἑκάστης
912 1178 1138 1254 πλευρᾶς
1161 1173 1314 1245 οὔσης
1337 1173 1593 1254 τεττάρων
1616 1172 1870 1253 πλέθρων·
1899 1177 2026 1244 ὑπη-

475 1271 671 1345 ρεῖσθαι
690 1265 733 1322 δ’
757 1263 870 1323 ἀντὶ
900 1267 1000 1321 τῶν
1033 1262 1215 1320 κιόνων
1236 1260 1394 1341 ζῴδια
1414 1263 1601 1339 πηχῶν
1626 1260 1905 1319 ἑκκαίδεκα
1930 1282 2024 1336 μο-

474 1353 674 1423 νόλιθα,
702 1352 788 1410 τὸν
816 1350 974 1408 τύπον
1004 1352 1073 1416 εἷς
1099 1349 1185 1407 τὸν
1222 1352 1437 1426 ἀρχαῖον
1472 1347 1660 1427 τρόπον
1691 1348 2025 1428 εἰργασμένα·

475 1440 567 1510 τὴν
592 1439 782 1519 ὀροφήν
819 1462 874 1496 τε
900 1447 1074 1494 πᾶσαν
1102 1436 1185 1494 ἐπὶ
1226 1436 1423 1500 πλάτος
1451 1437 1587 1493 δυοῖν
1624 1436 1841 1515 ὀργυιῶν
1871 1432 2029 1514 ὑπάρ-

474 1548 585 1604 χειν
619 1526 899 1601 μονόλιθον,
933 1522 1153 1601 ἀστέρας
1181 1523 1233 1578 ἐν
1261 1525 1434 1601 κυανῷ
1462 1520 2023 1598 καταπεποικιλμένην·
2047 1513 2059 1527 ”

476 1614 590 1684 ἑξῆς
614 1613 667 1670 δὲ
684 1618 774 1670 τοῦ
799 1611 1103 1690 περιστύλου
1126 1608 1279 1666 πάλιν
1302 1608 1479 1688 ἑτέραν
1498 1608 1677 1675 εἴςοδον
1707 1610 1794 1667 καὶ
1815 1612 2028 1667 πυλῶνα

476 1702 541 1757 τὰ
580 1699 672 1776 μὲν
704 1701 839 1755 ἄλλα
883 1695 1248 1776 παραπλήσιον
1292 1699 1366 1774 τῷ
1393 1695 1784 1777 προειρημένῳ,
1813 1698 2031 1775 γλυφαῖς

478 1788 531 1845 δὲ
555 1785 825 1851 παντοίαις
858 1783 1213 1863 περιττότερον
1242 1782 1596 1862 εἰργασμένον.
1683 1786 1747 1860 (a)
1786 1784 1946 1863 Παρὰ
1974 1784 2029 1842 δὲ

477 1875 570 1945 τὴν
600 1874 786 1939 εἶςοδον
821 1873 1123 1950 ἀνδριάντας
1152 1861 1283 1928 εἶναι
1310 1879 1444 1951 τρεῖς
1472 1870 1521 1938 ἐξ
1556 1870 1663 1938 ἐνὸς
1685 1870 1802 1938 τοὺς
1831 1873 2030 1938 πάντας

477 1963 618 2019 λίθου
660 1960 925 2037 Μέμνονος
967 1965 1054 2016 τοῦ
1108 1958 1393 2029 Συηνίτου·
1430 1958 1521 2016 καὶ
1563 1959 1758 2017 τούτων
1805 1957 1894 2017 ἕνα
1937 1959 2030 2035 μὲν

479 2048 768 2125 καθήμενον
796 2045 1048 2127 ὑπάρχειν
1076 2045 1316 2123 μέγιστον
1340 2044 1546 2103 πάντων
1589 2050 1689 2103 τῶν
1724 2046 1840 2105 κατ’
1872 2046 2033 2123 Αἴγυ-

479 2160 629 2210 πτον,
661 2127 720 2193 οὗ
749 2135 836 2193 τὸν
858 2135 991 2193 πόδα
1022 2133 1368 2214 μετρούμενον
1395 2132 1740 2213 ὑπερὸάλλειν
1762 2133 1877 2200 τοὺς
1901 2138 2035 2193 ἑπτὰ

479 2223 682 2303 πήχεις,
713 2211 915 2302 ἑτέρους
934 2221 985 2279 δὲ
1012 2219 1102 2280 δύο
1127 2220 1252 2302 πρὸς
1275 2224 1379 2286 τοῖς
1400 2220 1605 2298 γόνασι,
1622 2219 1710 2279 τὸν
1739 2219 1832 2298 μὲν
1861 2224 1919 2279 ἐκ
1946 2223 2035 2279 δε-

480 2311 615 2384 ξιῶν,
641 2310 726 2368 τὸν
751 2309 804 2368 δὲ
830 2308 881 2378 ἐξ
906 2307 1199 2385 εὐωνύμων,
1226 2306 1475 2388 θυγατρὸς
1497 2307 1585 2365 καὶ
1604 2307 1795 2386 μητρός
1814 2352 1831 2383 ,
1852 2311 1924 2385 τῷ
1941 2331 2034 2383 με·

480 2399 616 2477 γέθει
649 2396 985 2474 λειπομένους
1025 2401 1112 2454 τοῦ
1144 2394 1539 2476 προειρημένου.
1625 2396 1685 2471 (4)
1713 2398 1762 2454 Τ
1765 2393 1791 2452 ὸ
1821 2394 1863 2452 δ’
1891 2394 2034 2471 ἔργον

485 2491 636 2545 τοῦτο
664 2484 739 2563 μὴ
770 2484 921 2562 μόνον
953 2476 1084 2542 εἶναι
1107 2481 1243 2541 κατὰ
1263 2481 1321 2540 τὸ
1352 2480 1563 2560 μέγεθος
1588 2484 1849 2561 ἀποδοχῆς
1878 2483 2035 2553 ἄξιον,

483 2572 619 2631 ἀλλὰ
648 2573 736 2631 καὶ
778 2577 842 2651 τῇ
870 2571 1028 2650 τέχνγΙ
1054 2569 1351 2644 θαυμαστὸν
1380 2570 1470 2627 καὶ
1502 2575 1566 2648 τῇ
1602 2575 1690 2627 τοῦ
1718 2570 1861 2627 λίθου
1891 2567 2037 2649 φύσει

484 2659 744 2740 διαφέρον,
778 2662 847 2725 ὡς
877 2657 937 2716 ἂν
964 2661 1015 2714 ἓν
1045 2655 1334 2736 τηλικούτῳ
1361 2658 1566 2733 μεγέθει
1593 2656 1726 2733 μήτε
1762 2656 2036 2735 διαφυάδος

486 2746 617 2820 μήτε
666 2747 872 2814 κηλῖδος
912 2746 1167 2817 μηδεμιᾶς
1209 2741 1578 2820 θεωρουμένης.
1623 2740 2039 2821 Ἰίπιγεγράρθαι

485 2836 529 2890 δ’
559 2832 638 2890 ἐπ’
665 2835 821 2889 αὐτοῦ
849 2858 871 2882 κ
898 2828 1150 2895 Βασιλεὺς
1193 2827 1448 2907 βασιλέων
1488 2827 1856 2905 Ὀσυμανδύας
1893 2829 2000 2904 εἰμί
2020 2848 2034 2862 ·

486 2922 529 2977 εἶ
559 2919 613 2978 δέ
637 2942 710 2984 τις
733 2917 918 2977 εἰδέναι
951 2917 1190 2995 βούλεται
1223 2916 1440 2988 πηλίκος
1467 2915 1575 2992 εἰμὶ
1596 2917 1683 2974 καὶ
1718 2921 1816 2975 ποῦ
1841 2921 2037 2993 κεῖμαι,

486 3006 681 3063 νικάτω
725 3028 772 3061 τι
804 3008 904 3061 τῶν
953 3007 1089 3079 ἐμῶν
1123 3001 1299 3081 ἔργων.
1332 3030 1355 3053 υ
1396 3004 1461 3079 (5)
1494 2994 1645 3062 Εἶναι
1671 3002 1835 3061 δὲκαὶ
1876 3004 2038 3075 ἄλλην

486 3091 656 3150 εἰκόνα
682 3096 774 3161 τῆς
798 3091 989 3170 μητρὸς
1015 3093 1167 3149 αὐτοῦ
1212 3094 1329 3148 καθ’
1357 3089 1515 3161 αὑτὴν
1550 3090 1709 3149 εἴκοσι
1734 3096 1918 3171 πηχῶν
1946 3116 2040 3168 μο-

485 3178 706 3254 νόλιθον,
737 3177 956 3255 ἔχουσαν
992 3174 1044 3235 δὲ
1072 3185 1204 3257 τρεῖς
1249 3177 1514 3255 βασιλείας
1543 3177 1627 3234 ἰπὶ
1654 3182 1743 3249 τῆς
1777 3180 2038 3260 κειραλῗζς,

488 3346 722 3408 lapideum
760 3359 1009 3393 occurrere
1048 3344 1339 3406 perisnlium
1376 3344 1687 3407 quadratum,
1709 3346 1843 3406 cujus
1866 3361 2039 3396 unum·

485 3426 707 3489 quodque
745 3426 871 3474 latus
901 3428 1187 3488 quaternum
1219 3425 1511 3488 plethrorum
1534 3424 1897 3475 :columnarum
1934 3426 2040 3473 loco

484 3504 760 3554 animalium
800 3504 1088 3567 (Osiridis)
1123 3504 1282 3566 figuris
1317 3503 1520 3552 sedecim
1556 3504 1825 3552 cubitorum
1851 3518 1912 3552 ex
1942 3517 2040 3553 uno

484 3595 617 3643 saxo,
640 3581 799 3644 figuris
817 3581 876 3630 ad
895 3581 1147 3643 antiquum
1167 3594 1346 3631 morem
1362 3580 1559 3641 cadatis,
1576 3580 1842 3630 suffultum.
1863 3584 2038 3630 Totum

488 3672 600 3707 vero
610 3662 790 3707 tectum
802 3660 849 3707 et
866 3659 1060 3706 lacunar
1069 3658 1187 3707 duas
1198 3657 1539 3719 orgyiaslatum
1555 3660 1600 3705 et
1615 3657 1760 3706 stellis
1774 3658 1819 3706 in
1835 3659 2039 3707 caeruleo

487 3731 778 3796 uariegatum
789 3750 815 3783 e
826 3735 975 3783 solido
994 3735 1146 3797 lapide
1159 3738 1394 3795 constare3
1408 3734 1667 3783 secundum
1680 3734 1725 3782 id
1744 3733 2039 3797 peristylium

487 3812 744 3872 ingressum
780 3825 945 3861 rursus
980 3812 1127 3861 alium
1164 3814 1215 3861 et
1256 3812 1432 3860 atrium
1470 3824 1597 3871 esse,
1638 3812 1797 3860 cetera
1837 3813 2042 3863 assimile

485 3889 661 3950 priori,
697 3888 778 3937 sed
814 3889 957 3937 variis
990 3888 1243 3951 sculpturis
1277 3888 1468 3937 uberius
1501 3888 1815 3937 elaboratum.
1883 3890 1949 3949 (3)
1988 3893 2041 3938 ln

485 3967 615 4016 aditu
637 3970 732 4016 tres
758 3968 941 4017 statuas
961 3967 1111 4016 videri
1134 3981 1193 4016 ex
1216 3980 1314 4016 uno
1335 3980 1451 4015 sexo
1476 3980 1641 4015 omnes
1672 3967 1861 4028 syenite
1884 3968 1900 4028 (
1914 3980 2040 4029 opus

494 4049 763 4095 Memnonis
794 4046 1093 4106 smmum).
1120 4048 1303 4095 Harum
1340 4059 1482 4094 unam
1519 4046 1709 4106 sedere,
1745 4045 1961 4096 omnium
1993 4046 2040 4094 in

488 4125 685 4184 AEgypto
709 4122 966 4171 maximam
994 4142 1004 4169 :
1031 4136 1138 4184 qum
1166 4122 1298 4184 pedis
1328 4124 1402 4171 sui
1426 4136 1647 4172 mensura
1676 4122 1924 4173 excederet
1956 4137 2040 4172 cu·

486 4199 610 4247 bites
648 4202 846 4260 septem.
936 4199 1158 4259 Reliquas
1190 4199 1311 4263 duas
1345 4199 1403 4248 ad
1436 4213 1590 4262 genua
1627 4200 1754 4251 illius
1788 4201 2040 4262 repositas,

485 4277 684 4325 alteram
708 4289 736 4324 a
758 4276 940 4325 dextris
954 4313 967 4335 ‚
989 4289 1014 4323 a
1035 4276 1236 4324 sinistris
1249 4276 1448 4325 alteram
1462 4314 1477 4339 ,
1494 4277 1604 4326 filim
1624 4271 1848 4326 nimirum
1873 4280 1921 4326 et
1942 4291 2042 4326 ma·

486 4354 598 4412 tris,
621 4354 791 4416 prioris
816 4354 1193 4415 magnitudinem
1222 4368 1316 4403 non
1349 4358 1664 4419 assequentes.
1729 4357 1795 4418 (t)
1829 4360 1960 4419 Opus
1995 4357 2041 4405 id

489 4447 581 4481 non
607 4437 792 4481 tantum
811 4434 874 4481 ob
894 4433 1265 4494 magnitudinem
1285 4435 1697 4485 commendatione
1715 4435 1910 4496 dignum
1924 4470 1937 4495 ,
1956 4435 2039 4485 sed

486 4511 630 4560 etiam
647 4510 711 4560 ob
723 4511 877 4559 artem
892 4509 1224 4560 admirandum
1240 4514 1288 4560 et
1309 4512 1411 4561 saxi
1428 4515 1599 4561 natura
1618 4512 1877 4570 excellenS‚
1890 4526 2041 4574 quum

488 4586 535 4634 in
562 4589 663 4635 tam
694 4589 829 4635 vasta
851 4586 976 4635 mole
994 4600 1149 4649 neque
1173 4587 1367 4649 fissura,
1396 4601 1553 4652 neque
1577 4587 1707 4638 labes
1733 4589 1827 4638 ulla
1851 4588 2040 4650 conspi-

487 4667 689 4714 ceretur.
754 4668 885 4715 lianc
910 4678 1023 4714 vero
1055 4665 1407 4728 inscriptionem
1436 4667 1695 4730 prael'erre:
1725 4688 1747 4709 n
1772 4671 1889 4717 Sum
1915 4671 2040 4730 osy-

486 4744 741 4807 mandyaS,
768 4757 851 4793 rex
872 4758 1055 4806 regum.
1120 4746 1169 4795 Si
1191 4745 1301 4808 quis
1318 4759 1455 4795 nosse
1482 4747 1623 4809 velit,
1647 4750 1855 4809 quantus
1881 4748 1970 4796 sim
1993 4750 2040 4796 et

488 4823 569 4872 ubi
598 4822 812 4885 jaceam,
838 4837 1055 4872 meorum
1095 4824 1277 4886 aliquid
1312 4838 1512 4886 operum
1544 4825 1722 4875 vincat.
1785 4826 1851 4887 (5)
1890 4827 2039 4875 Aliam

489 4900 678 4961 insuper
713 4899 964 4962 imaginem
993 4914 1094 4950 esse
1130 4900 1297 4951 matris
1332 4901 1459 4951 illius
1493 4916 1734 4975 seorsum,
1768 4904 2039 4952 cubitorum

486 4974 651 5036 viginti
681 4989 779 5025 uno
810 4988 926 5025 saxo
954 4980 1278 5038 constantem3
1310 4979 1359 5027 in
1391 4980 1530 5041 cujus
1560 4980 1714 5042 capite
1745 4984 1840 5029 tres
1876 4980 2043 5029 fascias

490 5052 665 5114 regias,
686 5054 859 5115 quibus
876 5052 1238 5118 significaretur,
1260 5057 1406 5106 tiliam
1425 5070 1622 5107 uxorem
1641 5061 1689 5106 et
1703 5060 1902 5107 matrem
1920 5058 2044 5120 regis

489 5128 647 5178 fuisse.
714 5131 779 5190 (6)
801 5131 1074 5181 Secundum
1099 5133 1190 5182 boc
1213 5134 1389 5183 atrium
1404 5169 1418 5193 ‚
1438 5134 1603 5195 aiunt,
1626 5135 1920 5197 peristylium
1940 5138 2042 5184 erat

490 5205 644 5268 priore
663 5207 1030 5271 memorabilius,
1047 5210 1093 5259 in
1108 5224 1204 5273 quo
1222 5211 1365 5260 varloe
1383 5211 1638 5273 sculpturae
1659 5212 2044 5274 repraesentantes

1623 432 1975 493 HECATAEI
2018 428 2417 490 ABDEmTAE

2108 558 2165 627 ἃς
2189 556 2546 633 διασημαίνειν
2571 555 2649 613 ὅτι
2677 557 2763 614 καὶ
2797 554 3026 638 θυγατὴρ
3051 557 3141 615 καὶ
3175 557 3301 634 γυνὴ
3346 561 3436 618 καὶ
3473 561 3664 642 μήτηρ

2110 645 2361 725 βασιλέως
2380 643 2591 724 ὑπῆρξε.
2618 644 2679 721 (e)
2722 641 2874 702 Μετὰ
2909 643 2964 702 δὲ
2993 643 3081 702 τὸν
3109 648 3322 705 πυλῶνα
3344 648 3664 727 περίστυλον

2108 724 2239 792 εἶναι
2268 737 2360 791 τοῦ
2384 730 2632 811 προτέρου
2660 730 3073 812 ἀξιολογώτερον,
3097 736 3149 792 ἐν
3181 722 3224 813 ᾧ
3252 735 3449 815 γλυφὰς
3481 737 3662 817 ὑπάρ-

2106 844 2218 901 χειν
2253 819 2502 885 παντοίας
2549 817 2803 890 δηλούσας
2850 818 2936 877 τὸν
2980 820 3207 897 πόλεμον
3255 822 3342 880 τὸν
3381 825 3665 900 γενόμενον

2109 910 2250 988 αὐτῷ
2270 906 2396 986 πρὸς
2418 903 2532 973 τοὺς
2552 906 2603 963 ἐν
2633 908 2737 973 τοῖς
2767 903 3017 984 Βάκτροις
3056 907 3411 977 ἀποστάντας·
3447 915 3525 992 ἐφ’
3574 912 3669 981 οὓς

2109 998 2479 1071 ἐστρατεῦσθαι
2507 996 2673 1061 πεζῶν
2717 992 2811 1069 μὲν
2849 994 3228 1075 τετταράκοντα
3268 997 3531 1079 μυριάσιν,
3569 1003 3668 1060 ἱπ-

2108 1087 2262 1140 πεῦσι
2291 1081 2344 1139 δὲ
2369 1080 2674 1160 διςμυρίοις,
2711 1083 2783 1148 εἷς
2813 1080 3033 1159 τέτταρα
3060 1082 3191 1162 μέρη
3225 1084 3537 1163 διῃρημένης
3569 1094 3670 1160 τῆς

2109 1169 2281 1240 πάσης
2308 1176 2576 1249 στρατιᾶς,
2593 1159 2663 1225 ῶν
2686 1166 2928 1225 ἁπάντων
2951 1166 3090 1234 υἱοὺς
3116 1175 3206 1228 τοῦ
3228 1172 3480 1248 βασιλέως
3499 1176 3669 1253 ἐσχη-

2109 1257 2253 1315 κέναι
2273 1255 2366 1327 τὴν
2398 1254 2694 1333 ἡγεμονίαν.

2188 1345 2444 1405 XVLlll.
2495 1343 2600 1403 Καὶ
2619 1341 2752 1401 κατὰ
2778 1343 2873 1420 μὲν
2892 1341 2980 1402 τὸν
3009 1348 3212 1424 πρῶτον
3235 1351 3337 1407 τῶν
3366 1349 3556 1428 τοίχων
3576 1351 3670 1411 τὸν

2114 1429 2332 1511 βασιλέα
2356 1430 2765 1490 κατεσκευάσθαι
2782 1432 3154 1511 πολιορκοῦντα
3181 1436 3347 1513 τεῖχος
3370 1437 3470 1496 ὑπὸ
3498 1461 3672 1498 ποτα·

2114 1523 2210 1594 μοῦ
2248 1516 2549 1598 περίρρυτον
2583 1517 2671 1575 καὶ
2709 1520 3167 1599 προκινδυνεύοντα
3195 1523 3324 1603 πρός
3347 1547 3487 1592 τινας
3513 1529 3674 1586 ἀντι-

2111 1605 2451 1681 τεταγμένους
2471 1604 2604 1679 μετὰ
2626 1604 2854 1678 λέοντος,
2883 1609 3350 1685 συναγωνιζομένου
3374 1617 3466 1669 τοῦ
3487 1613 3674 1690 θηρίου

2113 1692 2577 1760 καταπληκτικῶς·
2610 1689 2738 1772 ὑπὲρ
2759 1684 2815 1752 οὗ
2839 1698 2941 1752 τῶν
2970 1694 3319 1772 ἐξηγουμένων
3349 1700 3397 1756 οί
3421 1699 3515 1776 μὲν
3539 1699 3676 1780 ἔφα-

2116 1803 2210 1838 σαν
2255 1779 2381 1859 πρὸς
2419 1778 2659 1850 ἀλήθειαν
2706 1780 2951 1862 χειροήθη
3000 1782 3182 1843 λεόντα
3220 1786 3527 1866 τρεφόμενον
3566 1788 3676 1848 ὑπὸ

2115 1874 2204 1927 τοῦ
2258 1868 2513 1948 βασιλέως
2562 1871 2971 1947 συγκινδυνεύειν
3008 1873 3149 1953 αὗτῷ
3190 1874 3327 1932 κατὰ
3354 1874 3444 1942 τὰς
3491 1877 3680 1958 μάχας

2117 1956 2206 2016 καὶ
2230 1957 2424 2032 τροπὴν
2453 1962 2616 2016 ποιεῖν
2649 1962 2750 2017 τῶν
2792 1958 3033 2017 ἐναντίων
3060 1958 3145 2017 διὰ
3173 1960 3264 2031 τὴν
3295 1962 3482 2034 ἀλκήν,
3535 1965 3678 2036 τινὲς

2119 2046 2161 2102 δ’
2180 2044 2412 2126 ἱστόρουν
2438 2043 2517 2103 δ’τι
2547 2045 2660 2103 καθ’
2686 2044 2976 2126 ὑπερὸολὴν
3020 2048 3246 2125 ἀνδρεῖος
3258 2044 3337 2106 ’ὢν
3375 2050 3464 2106 καὶ
3491 2074 3680 2130 φορτι-

2118 2132 2230 2206 κός,
2259 2132 2436 2191 ἑαυτὸν
2457 2131 2791 2208 ἐγκωμιάζειν
2828 2132 3159 2211 βουλόμενος,
3193 2135 3277 2193 διὰ
3300 2141 3392 2207 τῆς
3411 2143 3498 2195 τοῦ
3523 2137 3680 2197 λέον-

2118 2244 2201 2285 τος
2230 2219 2417 2286 εἰκόνος
2438 2219 2532 2290 τὴν
2563 2220 2785 2279 διάθεσιν
2821 2224 3002 2279 ἑαυτοῦ
3036 2225 3127 2292 τῆς
3162 2224 3332 2303 ψυχῆς
3368 2223 3676 2298 ἐσήμαινεν.

2120 2307 2184 2387 (2)
2207 2307 2300 2366 Ἐν
2321 2308 2373 2364 δὲ
2394 2309 2470 2384 τῷ
2497 2307 2717 2388 δευτέρῳ
2748 2307 2907 2388 τοίχῳ
2931 2306 3044 2375 τοὺς
3074 2309 3442 2388 αἰχμαλώτους
3461 2315 3562 2372 ὑπὸ
3575 2320 3676 2374 τοῦ

2124 2393 2375 2472 βασιλέως
2415 2394 2692 2470 ἀγομένους
2731 2395 2999 2476 εἰργάσθαι
3026 2394 3090 2452 τά
3140 2420 3197 2454 τε
3243 2398 3414 2460 αἰδοῖα
3449 2401 3541 2457 καὶ
3584 2399 3678 2468 τὰς

2121 2488 2297 2560 χεῖρας
2320 2483 2412 2539 οὔκ
2440 2481 2680 2559 ἔχοντας,
2701 2482 2767 2538 δι’
2795 2473 2866 2539 ὧν
2897 2482 3063 2540 δοκεῖν
3093 2483 3373 2553 δηλοῦσθαι
3403 2485 3531 2544 διότι
3559 2494 3678 2553 ταῖς

2124 2571 2314 2647 ψυχαῖς
2336 2567 2574 2648 ἄνανδροι
2611 2566 2855 2626 καὶκατὰ
2874 2566 2967 2634 τὰς
2999 2570 3050 2625 ἓν
3079 2570 3180 2635 τοῖς
3203 2571 3382 2638 δεινοῖς
3417 2573 3680 2651 ἐνεργείας

2126 2655 2327 2735 ἄχειρες
2368 2646 2525 2726 ἦσαν.
2615 2657 2679 2733 (a)
2712 2654 2817 2716 Τὸν
2856 2654 2910 2713 δὲ
2950 2655 3119 2735 τρίτον
3155 2655 3291 2735 ἔχειν
3323 2657 3522 2737 γλυφὰς
3543 2682 3678 2717 παν·

2122 2742 2261 2807 τοίας
2287 2741 2376 2799 καὶ
2425 2744 2723 2822 διαπρεπεῖς
2762 2742 2989 2824 γραφάς,
3032 2743 3097 2801 δι’
3124 2734 3194 2802 ὧν
3239 2745 3518 2816 δηλοῦσθαι
3550 2750 3678 2823 βου-

2124 2828 2300 2896 θυσίας
2326 2835 2413 2888 τοῦ
2459 2829 2712 2910 βασιλέως
2740 2830 2830 2890 καὶ
2889 2829 3142 2910 θρίαμὸον
3184 2831 3286 2890 ἀπὸ
3316 2837 3405 2890 τοῦ
3441 2832 3677 2909 πολέμου

2125 2916 2497 2996 καταγόμενον.
2591 2918 2651 2997 (ι)
2705 2918 2859 2980 Κατὰ
2913 2917 2966 2977 δὲ
3017 2918 3172 2996 μέσον
3224 2919 3311 2979 τὸν
3365 2921 3677 2999 περίστυλον

2129 3005 2391 3085 ὑπαίθριον
2434 3006 2608 3085 βωμὸν
2637 3009 3000 3087 ᾠκοδομῆσθαι
3021 3013 3113 3067 τοῦ
3137 3008 3416 3067 καλλίστου
3438 3010 3581 3069 λίθου
3607 3016 3674 3092 τῇ

2130 3117 2185 3151 τε
2236 3094 2535 3173 χειρουργία
2582 3096 2821 3175 διάφορον
2860 3093 2950 3154 καὶ
2986 3099 3060 3175 τῷ
3107 3096 3309 3175 μεγέθει
3351 3097 3674 3172 θαυμαστόν.

2132 3181 2195 3259 (ε)
2221 3180 2372 3240 Κατὰ
2392 3181 2446 3239 δὲ
2468 3184 2553 3239 τὸν
2575 3183 2867 3241 τελευταῖον
2894 3187 3069 3261 τοῖχον
3099 3183 3353 3263 ὑπάρχειν
3375 3184 3681 3263 ἀνδριάντας

2131 3347 2310 3398 bellum
2342 3353 2508 3399 contra
2536 3353 2755 3412 Βαρῖνος,
2797 3352 2880 3414 qui
2920 3351 3216 3401 desciverant
3254 3352 3316 3402 ab
3350 3366 3439 3412 eo,
3472 3359 3681 3416 gestum5

2129 3425 2178 3472 in
2210 3439 2332 3488 quos
2364 3427 2712 3489 expeditionem
2747 3428 2909 3477 fecerit
2939 3440 3054 3476 cnm
3084 3428 3439 3490 quadringentis
3467 3431 3682 3482 minibus

2130 3503 2344 3565 peditum
2359 3543 2374 3568 ‚
2399 3508 2448 3556 et
2465 3506 2630 3568 viginti
2655 3507 2863 3556 millibus
2880 3506 3096 3569 equitnm
3113 3522 3127 3567 ς
3146 3508 3454 3571 exercituque
3471 3508 3520 3557 in
3543 3513 3684 3571 qual·

2129 3585 2238 3632 tuor
2268 3586 2456 3647 agmina
2477 3585 2655 3646 diviso,
2680 3585 2902 3635 omnibus
2937 3599 3050 3635 eum
3075 3586 3271 3648 imperio
3305 3587 3388 3635 tilii
3413 3587 3533 3648 regis
3553 3600 3683 3648 prm·

2129 3660 2269 3711 fuisse
2288 3666 2630 3713 memorantur.

2191 3745 2403 3794 XLVlll.
2439 3747 2492 3793 ln
2513 3744 2667 3806 primo
2686 3743 2848 3805 itaque
2869 3743 3049 3805 pariete
3071 3756 3156 3792 rex
3174 3741 3357 3792 videtur
3374 3754 3565 3789 murum
3589 3754 3683 3803 op·

2129 3833 2342 3882 pugnans
2369 3820 2496 3868 amni
2524 3820 2859 3869 circumfluum
2881 3821 2928 3869 in
2953 3821 3200 3883 primaque
3216 3820 3314 3868 acie
3336 3831 3443 3866 cum
3460 3816 3678 3867 adversis

2128 3897 2342 3946 hostibus
2359 3897 2642 3960 quibusdam
2665 3898 2895 3947 dimicans
2912 3934 2925 3958 ‚
2957 3899 3092 3947 leone
3121 3896 3247 3946 socio
3262 3933 3276 3956 ‚
3301 3895 3382 3956 qui
3405 3894 3676 3944 terribilem

2132 3974 2177 4022 in
2198 3974 2393 4024 modum
2410 3975 2505 4037 regi
2528 3976 2808 4037 opitulatur.
2874 3975 3014 4032 Quod
3031 3988 3139 4037 pars
3153 3973 3450 4035 interpretum
3466 3970 3528 4019 de
3547 3983 3672 4020 vero

2130 4052 2267 4102 leone
2301 4052 2628 4115 accipiendum
2661 4064 2761 4101 esse
2796 4051 3092 4111 affirmabat,
3126 4064 3264 4114 quem
3293 4048 3680 4098 mansuefactum

2130 4142 2212 4177 rex
2232 4129 2429 4191 aluerit,
2455 4129 2634 4192 quique
2662 4128 2726 4177 sd
2748 4142 3012 4191 pugnarum
3056 4128 3322 4179 discrimina
3351 4138 3464 4176 oum
3498 4138 3558 4175 eo
3589 4126 3682 4176 de·

2130 4205 2560 4266 scendensffohoris
2577 4206 2855 4255 strenuitate
2874 4206 2921 4253 in
2940 4206 3099 4268 sugam
3120 4205 3275 4254 hostes
3288 4204 3495 4252 verterit.
3563 4207 3683 4254 Pars

2130 4283 2265 4331 aliter
2297 4283 2594 4344 explicabat,
2632 4285 2760 4345 quod
2792 4296 2941 4344 quum
2965 4282 3195 4344 maiorem
3219 4282 3265 4329 in
3303 4279 3502 4329 modum
3545 4282 3683 4329 tortis

2131 4362 2248 4409 esset
2266 4362 2314 4407 et
2340 4360 2574 4420 insulem,
2602 4372 2714 4409 suas
2736 4360 2800 4408 ita
2827 4359 2992 4408 laudes
3024 4360 3198 4408 referre
3215 4357 3448 4415 voluerit,
3475 4358 3682 4419 imagine

2131 4437 2278 4485 leonis
2294 4436 2439 4486 animi
2453 4436 2527 4486 sui
2544 4436 2759 4485 habitum
2778 4435 3059 4499 significans.
3109 4436 3177 4501 (2)
3201 4440 3250 4484 ln
3271 4422 3481 4483 sedando
3501 4435 3682 4495 pariete

2130 4515 2302 4578 captivi
2317 4516 2435 4577 regis
2449 4516 2720 4577 trabuntur,
2735 4515 2914 4577 absque
2931 4515 3143 4565 virilibus
3155 4518 3204 4566 et
3219 4514 3442 4563 manibus
3453 4512 3645 4575 effigiati
3665 4533 3678 4562 ι

2130 4607 2226 4656 quo
2257 4594 2551 4643 effeminatos
2577 4594 2786 4653 animos,
2815 4593 3067 4656 nullasque
3097 4594 3146 4643 iu
3177 4592 3454 4656 periculosis
3483 4592 3682 4652 negotiis

2130 4686 2299 4722 manus
2338 4672 2556 4722 babuisse
2592 4674 2723 4734 illos,
2761 4672 2940 4733 signifi·
2994 4686 3074 4721 um
3111 4671 3314 4720 videtur.
3381 4670 3451 4731 (3)
3492 4670 3684 4720 Tertius

2129 4749 2239 4799 inde
2270 4750 2423 4813 paries
2451 4750 2608 4799 omnis
2640 4751 2824 4812 generis
2854 4751 2954 4799 scul
3012 4762 3123 4798 uras
3156 4751 3204 4797 et
3233 4748 3443 4810 picmras
3478 4746 3685 4809 insignes

2129 4827 2347 4887 exlnibet3
2380 4827 2553 4888 quibus
2585 4827 2794 4877 victimae
2825 4826 2945 4889 regis
2979 4829 3028 4875 et
3058 4825 3327 4887 triumphus
3362 4837 3392 4871 a
3431 4824 3558 4873 bello
3587 4824 3684 4873 isto

2129 4906 2264 4953 actus
2281 4903 2631 4966 exprimuntur.
2698 4902 2842 4965 (4)-ln
2867 4902 3025 4953 medio
3048 4901 3287 4964 peristylio
3304 4912 3392 4948 nm
3405 4901 3498 4949 sub
3521 4899 3602 4950 dio
3620 4916 3686 4950 ex

2131 4981 2285 5043 lapide
2309 4981 2624 5042 pulcherrimo
2648 4982 2922 5030 constructa
2950 4982 3083 5041 erat,
3113 4977 3311 5027 artificio
3333 4989 3572 5027 manuum
3595 4991 3687 5026 ex·

2131 5056 2305 5108 cellens
2325 5061 2373 5107 et
2403 5057 2727 5118 magnitudine
2750 5056 3040 5105 admiranda.
3105 5058 3174 5115 (5)
3214 5059 3264 5103 ln
3289 5053 3466 5103 ultimo
3501 5054 3690 5115 pariete

2131 5134 2240 5183 duae
2252 5138 2362 5183 sunt
2381 5133 2602 5196 imagines
2619 5132 2889 5191 residentes,
2907 5146 2968 5181 ex
2984 5131 3163 5192 integro
3181 5143 3296 5180 saxo
3314 5127 3483 5190 viginti
3497 5132 3688 5191 septem

2133 5211 2421 5261 cubitorum.
2488 5213 2635 5260 Juxta
2668 5222 2784 5271 quas
2820 5212 2917 5259 tres
2956 5222 2983 5258 e
3014 5206 3253 5271 peristylio
3293 5205 3521 5255 introitus
3563 5208 3682 5258 facti
