4016 5916
424 391 443 439 l
464 392 489 439 3
504 391 529 438 4

410 507 655 587 Ρηγῖνος
680 506 955 585 νομοθέτης
979 509 1333 586 Χαλκιδεῦσι,
1359 510 1465 577 τοῖς
1492 509 1582 569 ἐπὶ
1605 507 1853 593 Θρᾴκης,
1900 535 1958 569 ου

1564 380 2065 442 ARISTOTELIS
2111 380 2210 440 FR
2218 380 2606 441 ..tGMENTA

2141 508 2597 584 V‚2‚10:Kai
2624 508 2923 579 Βυζαντίοις
2947 513 2994 570 οἱ
3025 510 3223 573 ἔποικοι
3252 514 3617 615 ἐπι6ουλεύον-

411 597 535 676 περί
573 620 628 656 τε
653 594 719 653 τὰ
758 595 943 676 φονικὰ
972 620 1062 655 και
1093 596 1185 664 τὰς
1209 596 1523 676 ἐπικλήρους
1551 597 1720 656 ἐστίν·
1762 600 1821 659 οὗ
1862 595 1964 676 μὴν
2059 621 2143 666 τες
2166 595 2484 679 φωραθέντες
2509 595 2751 666 ἐξέπεσον
2781 595 2867 656 διὰ
2896 597 3093 679 μάχης.
3113 601 3135 680 ]

412 684 530 742 ἀλλ’
573 682 703 743 ἴδιόν
730 706 790 761 γε
813 684 955 744 οὐδὲν
981 686 1138 743 αὐτου
1162 684 1331 763 λέγειν
1357 683 1469 764 ἔχοι
1500 709 1574 752 τις
1599 684 1682 745 ἄν.
1705 681 1729 768 ]

874 816 930 893 [Α
942 813 1488 897 ΜΦΙΠΟΛΙΤΩΝ.]

1101 947 1153 1026 [1
1166 947 1284 1025 60.]

494 1075 631 1160 [Ar.
650 1081 772 1135 Pol.
790 1081 856 1149 V,
877 1079 933 1147 5,
961 1079 995 1134 6
1019 1097 1033 1136 ε
1053 1080 1380 1159 Oligarchiae
1400 1074 1963 1145 contiersionesfiunt,

408 1170 455 1223 si
481 1169 579 1242 qui
602 1186 671 1223 ex
692 1168 988 1242 oligarehis
1014 1169 1128 1223 vita
1162 1166 1450 1222 luxuriosa
1469 1166 1810 1240 patrimonia
1828 1184 1969 1220 con-

411 1256 766 1329 sumpserint.
797 1255 940 1309 Tum
977 1255 1125 1309 enim
1146 1255 1307 1309 novis
1332 1253 1503 1309 rebus
1524 1253 1767 1308 student.
1794 1253 1884 1308 Sic
1912 1251 1966 1307 ἓν

413 1339 720 1421 Ἀμφιπόλει
741 1330 785 1421 ᾧ
809 1337 971 1414 ὄνομα
994 1331 1057 1411 ἦν
1090 1338 1378 1415 Κλεότιμος
1398 1367 1431 1411 ,·
1441 1337 1561 1404 τοὺς
1586 1337 1821 1405 ἐποίκους
1847 1336 1962 1404 τους

412 1423 721 1484 Χαλκιδέων
756 1424 923 1503 ἤγαγε
940 1469 956 1498 ,
997 1424 1088 1484 καὶ
1118 1424 1366 1485 ἐλθόντων
1399 1423 1757 1483 διεστασίασεν
1781 1423 1966 1491 αὐτοὺς

404 1512 540 1593 πρὸς
563 1512 680 1579 τοὺς
708 1511 974 1592 εὐπόρους.

490 1605 566 1673 V,
591 1620 623 1656 2
639 1643 654 1670 ,
685 1621 709 1657 1
725 1621 747 1656 1
782 1621 796 1657 :
824 1599 1192 1678 Ἀμφιπολῖται
1211 1597 1478 1675 δεξάμενοι
1498 1598 1801 1660 Χαλκιδέων
1824 1596 1966 1657 ἀποί-

406 1709 529 1752 κους
557 1685 794 1754 ἐξέπεσον
820 1685 921 1744 ὑπὸ
947 1685 1142 1745 τούτων
1174 1688 1477 1745 οἱπλεῖστοι
1507 1689 1739 1757 aotam]
1775 1689 1963 1744 Simile

401 1774 549 1847 quid
572 1794 662 1849 ap.
686 1775 941 1849 Thucyd.
973 1779 1077 1845 IV,
1112 1794 1243 1831 102.

1084 1877 1290 1957 [161.]

491 1973 802 2051 [Subjungo
818 1992 941 2048 quae
955 1973 1027 2029 de
1040 1975 1288 2030 Thraciae
1302 1975 1527 2049 regibus
1539 1975 1804 2050 leguntur
1817 1973 1958 2028 ibid.

403 2063 456 2117 V
473 2103 488 2131 ,
508 2060 543 2116 8
558 2102 575 2131 ,
601 2079 667 2117 12
693 2080 709 2117 2
738 2057 965 2140 Πάρρων
986 2056 1040 2116 δὲ
1060 2056 1151 2117 καὶ
1169 2055 1516 2140 Ἡρακλείδης
1533 2062 1580 2118 οἱ
1601 2057 1768 2119 Αἴνιοι
1790 2058 1961 2118 Κότυν

407 2144 695 2227 διέφθειραν
706 2149 778 2225 τῷ
793 2144 951 2224 πατρὶ
965 2148 1324 2228 τιμωροῦντες.
1340 2144 1566 2224 Ἀδάμας
1581 2147 1626 2203 δ’
1639 2145 1842 2217 ἀπέστη
1865 2144 1965 2205 Κό-

396 2257 521 2300 τυος
531 2232 616 2293 διὰ
628 2232 687 2292 τὸ
700 2236 1016 2310 ἐκτμηθῆναι
1032 2235 1154 2299 παῖς
1168 2230 1239 2291 ὢν
1257 2236 1345 2291 ὑπ’
1362 2234 1538 2307 αὐτοῦ,
1551 2236 1619 2300 ὡς
1639 2231 1959 2313 ὖὸρισμένος.

486 2325 670 2381 Codd.
724 2320 983 2403 Πάρρων,
1032 2319 1231 2400 Πάρων
1247 2364 1262 2391 ,
1302 2324 1532 2393 vitiose,
1576 2323 1662 2377 uti
1701 2322 1956 2392 videtur3

410 2409 596 2469 Πύθων
621 2412 781 2470 audit
797 2430 883 2487 ap.
903 2411 1268 2469 Demosthen.
1287 2429 1346 2483 p.
1371 2408 1517 2485 659,
1546 2428 1643 2480 27.
1677 2410 1789 2481 674
1810 2450 1825 2478 ,
1859 2428 1958 2483 21,

402 2501 574 2574 Diog.
602 2502 669 2556 L.
701 2501 814 2569 111,
847 2498 940 2568 46,
972 2499 1255 2554 Plutarch.
1280 2500 1451 2554 Praec.
1479 2498 1641 2571 polit.
1666 2516 1717 2553 c.
1754 2515 1823 2552 21
1845 2537 1861 2566 ,
1896 2506 1959 2568 ’7,

398 2605 462 2659 p.
481 2585 594 2660 996
612 2586 705 2642 ed.
728 2585 928 2643 Didot.
955 2595 1012 2639 et
1026 2583 1171 2640 Λᾶν.
1198 2585 1385 2640 Colot.
1409 2603 1459 2640 c.
1487 2583 1558 2640 32
1578 2625 1594 2654 ,
1620 2583 1677 2655 6,
1697 2601 1759 2659 p.
1786 2583 1956 2654 1377,

405 2676 490 2729 De
510 2673 823 2730 Adamante
844 2690 967 2728 non
990 2680 1222 2727 constat.

484 2760 573 2816 Id.
605 2760 685 2818 ib.
715 2761 793 2830 V,
817 2758 881 2829 8,
916 2755 983 2814 15
1009 2776 1024 2814 ε
1057 2755 1259 2826 Σεύθης
1279 2758 1306 2812 ὁ
1330 2753 1478 2838 Θρᾲξ
1504 2754 1776 2836 Ἀμαδόκῳ
1799 2778 1959 2837 στρα-

397 2844 559 2920 τηγὸς
587 2841 659 2900 ὢν
688 2841 1061 2920 (ἐπιτίθεται).
1090 2847 1158 2904 V.
1183 2844 1509 2901 Schneider.
1528 2845 1600 2901 ad
1620 2847 1770 2901 Xen.
1805 2846 1955 2902 Heli.

401 2934 507 3002 lv,
537 2932 603 3003 8,
634 2929 767 3008 56.]

920 3044 1440 3123 [ΒΥΖΑΝΤΙΩΝ]

1079 3163 1284 3244 [162.]

480 3284 752 3363 [Aristot.
778 3284 903 3340 Pol.
925 3287 1000 3342 IV
1017 3326 1033 3354 ,
1063 3291 1093 3351 4
1117 3326 1133 3356 ,
1165 3304 1187 3339 1
1225 3300 1240 3342 2
1268 3281 1365 3342 Ἐν
1392 3281 1628 3363 Τάραντι
1648 3281 1738 3342 καὶ
1763 3286 1953 3353 Βυζαν·

390 3370 493 3451 τίῳ
519 3373 623 3448 (sc.
650 3369 709 3429 τὸ
737 3368 1023 3430 ἁλιευτικὸν
1052 3368 1341 3449 πολύοχλόν
1362 3372 1498 3429 ἐστιν
1514 3369 1556 3450 ).

398 3540 525 3601 leges
560 3535 806 3599 condidit,
827 3536 977 3585 veluti
1004 3535 1065 3586 de
1096 3533 1311 3585 caedibus
1336 3537 1386 3585 et
1411 3536 1472 3585 de
1510 3536 1682 3599 puellis
1712 3537 1868 3599 orbis„
1894 3534 1954 3585 ad

396 3628 519 3678 quas
539 3613 671 3664 venit
688 3613 843 3663 omnis
859 3614 1057 3675 paterna
1081 3610 1354 3663 haereditas.
1372 3611 1498 3663 Nihil
1518 3615 1678 3664 tamen
1698 3615 1951 3677 quisquam

387 3693 500 3755 ejus
522 3690 768 3756 proprium
789 3691 965 3740 referre
986 3688 1185 3754 possit]

788 3807 1570 3893 [AMPRIPOLITARUM]

1093 3937 1262 4003 [160]

457 4055 768 4120 [Oligarchiae
787 4055 1121 4105 conversiones
1139 4055 1287 4116 liunt,
1316 4055 1458 4117 siqui
1482 4068 1545 4104 ex
1571 4055 1824 4118 oligarchis
1851 4055 1951 4104 vita

388 4135 646 4185 ‘luxuriosa
679 4130 1023 4196 patrimonium
1055 4131 1461 4194 consumpserint.
1491 4134 1615 4181 Tum
1645 4130 1773 4181 enim
1815 4131 1952 4182 novis

399 4213 541 4264 rebus
562 4210 764 4263 student
786 4230 798 4261 ε
819 4211 889 4261 sie
907 4210 1178 4275 Amphipoli
1198 4209 1238 4260 is
1259 4210 1337 4261 cui
1359 4223 1535 4261 nomen
1554 4214 1657 4261 erat
1679 4211 1949 4274 cleotimo‚

382 4291 779 4348 ”ebacidensium
801 4290 998 4340 colonos
1018 4290 1068 4338 in
1093 4289 1263 4339 urbem
1281 4289 1512 4352 adduxit,
1539 4302 1719 4353 eosque
1739 4289 1789 4339 in
1813 4291 1951 4340 iocu-

384 4372 545 4435 pletoe
568 4369 807 4421 incitavit.

455 4447 820 4511 Amphipolim,
863 4445 1247 4498 chalcidensium
1280 4445 1463 4497 colonis
1497 4445 1730 4509 receptis,
1770 4445 1833 4496 ab
1873 4445 1949 4498 his

381 4526 531 4588 ⁸eicoti
552 4527 666 4575 sunt
688 4522 953 4598 plerique.]

1084 4636 1200 4702 [161
1217 4635 1253 4702 .]

453 4755 692 4822 [Python
713 4758 767 4805 et
799 4754 1073 4806 Heraclides
1090 4756 1215 4806 AEnii
1234 4757 1391 4820 Cotyn
1410 4756 1754 4808 interemerunt
1767 4793 1781 4817 ,
1802 4756 1947 4819 patris

390 4834 614 4897 injuriam
648 4830 946 4882 ulciscentes.
983 4832 1188 4885 Adamas
1218 4835 1384 4885 autem
1414 4847 1444 4884 a
1470 4835 1595 4896 Coty
1619 4832 1818 4894 deiecit,
1842 4836 1947 4882 tan·

393 4923 543 4974 quam
589 4907 880 4960 contumelia
918 4911 1115 4971 accepta
1135 4946 1150 4971 ,
1197 4911 1330 4974 quod
1364 4924 1482 4975 puer
1522 4910 1585 4960 ab
1633 4924 1692 4961 eo
1727 4913 1948 4960 exsectus

391 4988 657 5118 mhsee‘iitthes
673 5064 835 5116 Thrax
851 5077 1001 5129 quum
1016 5067 1139 5116 essct
1158 5065 1433 5129 imperator,
1452 5065 1501 5116 in
1526 5064 1818 5116 Amadocum
1839 5063 1915 5116 bel
1927 5088 1946 5103 ·

384 5143 494 5196 «lam
513 5143 643 5195 facit.
663 5141 682 5208 ]

2162 748 2806 827 [ΑΠΟΛΛΩΝΙΑΤΩΝ
2849 748 3009 808 ΤΩΝ
3055 750 3152 808 ΕΝ
3199 751 3523 835 ΠΟΝΤῼ.]

2720 884 2911 964 [163.]

2144 1010 2413 1089 [Aristot.
2439 1014 2564 1069 Pol.
2594 1015 2673 1083 V,
2702 1031 2770 1083 2,
2811 1033 2873 1070 11
2913 1032 2927 1068 :
2960 1010 3372 1072 Ἀπολλωνιᾶται
3399 1019 3445 1074 οἱ
3468 1020 3615 1102 ἐντῷ

2067 1096 2294 1177 Εὐξείνῳ
2338 1096 2513 1178 πόντῳ
2556 1097 2793 1166 ἐποίκους
2842 1100 3228 1203 ἐπαγαγόμενοι
3271 1103 3611 1164 ἐστασίασαν.

2059 1186 2219 1242 Idem
2254 1188 2330 1255 V,
2372 1185 2443 1256 5,
2479 1205 2572 1257 7.
2601 1188 2673 1242 In
2714 1187 3032 1262 oligarchiis
3078 1191 3119 1243 ii
3162 1192 3261 1263 qui
3287 1193 3400 1248 vita
3444 1194 3616 1250 luxu-

2056 1276 2203 1330 riosa
2226 1275 2630 1347 patrimonium
2647 1274 3030 1348 perdiderint,
3058 1274 3141 1333 ὁτὲ
3166 1275 3261 1352 μὲν
3292 1278 3615 1360 ἐπιχειροῦσί

2055 1382 2105 1416 τι
2143 1366 2334 1431 κινεῖν,
2371 1357 2455 1416 ὁτὲ
2484 1358 2538 1418 δὲ
2567 1362 2848 1419 κλέπτουσι
2875 1359 2942 1418 τὰ
2983 1361 3159 1421 κοινά·
3200 1360 3314 1422 ὅθεν
3352 1365 3481 1444 πρὸς
3510 1369 3613 1425 αὗ-

2056 1469 2172 1511 τους
2209 1445 2574 1514 στασιάζουσιν
2601 1446 2636 1518 ἢ
2663 1438 2836 1520 οὗτοι,
2856 1446 2890 1519 ἢ
2919 1447 3046 1529 πρὸς
3077 1472 3285 1518 τουτους
3318 1452 3611 1530 μαχόμενοι

2055 1533 2405 1613 κλέπτοντας,
2443 1532 2570 1615 ὅπερ
2623 1536 2678 1593 ἐν
2721 1534 3045 1618 Ἀπολλωνίᾳ
3086 1536 3278 1610 συνέὸη
3327 1543 3394 1617 τῇ
3440 1540 3494 1598 ἐν
3535 1544 3611 1623 τῷ

2061 1620 2268 1703 Πόντω.
2274 1622 2297 1701 ]

2315 1757 2657 1836 [ΙΣΤΡΙΩΝ
2691 1760 2850 1820 ΤΩΝ
2897 1761 2991 1821 ΕΝ
3026 1761 3353 1848 ΠΟΝΤῼ.]

2136 1905 2363 1964 Aristot.
2405 1906 2529 1963 Pol.
2566 1908 2645 1974 V,
2694 1902 2750 1981 5,
2794 1924 2850 1963 2.
2894 1908 2962 1963 V.
3008 1907 3180 1981 Resp.
3209 1903 3607 1983 Ἡρακλεωτῶν.

2672 2052 2771 2110 ΔΗ
2781 2051 2975 2110 ΛΙΩΝ.

2769 2196 2895 2262 164.

2131 2323 2343 2378 Plinius
2363 2324 2438 2378 H.
2467 2325 2538 2378 N.
2567 2323 2670 2393 lv,
2707 2341 2776 2378 12
2807 2324 3040 2391 zoelus,
3085 2342 3256 2397 quam
3284 2327 3605 2384 Aristoteles

2053 2413 2136 2464 ita
2167 2411 2514 2485 appellatam
2547 2411 2825 2485 prodidit,
2862 2416 3122 2484 quoniam
3156 2425 3383 2487 repente
3426 2434 3605 2489 appa·

2052 2503 2224 2553 merit
2247 2509 2437 2554 enata.
2470 2497 2554 2557 Cf.
2576 2499 2762 2571 Etym.
2798 2499 2877 2553 M.
2909 2497 3007 2552 ubi
3029 2499 3230 2556 Delum
3260 2503 3608 2559 nominatam

2051 2583 2208 2655 dicit,
2240 2580 2319 2641 ὅτι
2340 2582 2393 2652 ἐξ
2423 2581 2660 2653 ἀδήλου
2683 2583 2884 2661 βάσεως
2907 2581 3154 2663 ἔρριζώθη
3181 2587 3272 2642 vei
3295 2583 3375 2643 ὅτι
3389 2608 3608 2665 κρυπτο-

2052 2669 2210 2748 μένην
2229 2671 2360 2748 ἐντῇ
2380 2670 2619 2751 Θαλάσσῃ
2640 2673 2667 2727 ὁ
2686 2668 2815 2737 Ζεὺς
2835 2668 3059 2728 ἀνέδωκε
3078 2670 3169 2729 καὶ
3191 2669 3352 2743 δήλην
3372 2672 3579 2745 ἐποίησε
3597 2728 3601 2734 .

2136 2784 2162 2809 ιι
2198 2760 2487 2816 Fabricius
2506 2760 2618 2816 hoc
2656 2761 2823 2816 Plinii
2857 2760 2988 2816 loco
3022 2772 3332 2818 commotus
3372 2765 3515 2819 male
3542 2765 3602 2819 in

2051 2849 2367 2924 catalog-um
2403 2848 2681 2906 librorum
2715 2847 3074 2923 perditorum
3109 2851 3415 2906 Aristotelis
3456 2869 3597 2924 opus

2051 2936 2184 3015 Περὶ
2205 2933 2379 3007 νήσων
2403 2937 2610 2995 intulit.
2641 2961 2665 2988 n
2700 2933 3003 2993 Nznmn.

2762 3068 2889 3127 165.

2130 3200 2426 3257 Athenaeus
2444 3201 2597 3268 VIII,
2619 3217 2680 3273 p.
2706 3197 2839 3273 296,
2859 3200 2931 3256 C:
2956 3194 3305 3276 Ἀριστοτέλης
3329 3200 3379 3256 ἐν
3391 3196 3591 3268 Δηλίων

2045 3283 2308 3364 πολιτεία,
2334 3285 2386 3342 ἐν
2416 3283 2575 3363 Δήλῳ
2598 3282 2986 3354 κατοικήσαντα
3023 3290 3157 3361 μετὰ
3184 3289 3285 3344 τῶν
3320 3280 3594 3366 Νηρηΐδων

2051 3373 2287 3431 Γλαῦκον
2313 3380 2417 3437 τοῖς
2446 3369 2653 3429 Θέλουσι
2678 3371 3042 3450 μαντεύεσθαι.

2497 3537 3136 3616 [ΒΥΖΑΝΤιοΒυΜ.]

2746 3662 2912 3728 [162]

2101 3766 2290 3831 [Magna
2312 3769 2454 3818 turba
2474 3771 2546 3820 est
2564 3769 2854 3834 piscatorum
2873 3769 3063 3820 Tarenti
3081 3772 3130 3817 et
3147 3770 3378 3830 Byzantii.

2102 3850 2264 3904 Quum
2291 3847 2505 3910 Byzantii
2530 3848 2739 3898 advenas
2761 3850 2972 3910 receptos
2994 3847 3081 3896 sihi
3101 3845 3310 3895 insidiari
3330 3846 3591 3907 comperis·

2037 3926 2161 3987 sent,
2195 3938 2278 3974 eos
2294 3925 2463 3987 proelio
2481 3926 2733 3974 commisso
2749 3926 2995 3986 superatos
3011 3922 3434 3986 exterminarant]

2138 4034 2873 4106 [APOLLONIATARUM
2926 4032 3481 4104 PONTICORUM.]

2726 4156 2848 4223 [163
2861 4156 2895 4222 .]

2099 4267 2463 4332 apolloniatae,
2478 4268 2564 4330 qui
2577 4267 2626 4316 in
2640 4267 2794 4318 Ponto
2810 4265 2997 4315 Euxino
3012 4263 3233 4314 habitant
3244 4277 3433 4330 ,quum
3448 4265 3594 4317 adve-

2036 4357 2124 4396 nas
2150 4344 2386 4408 quosdam
2405 4344 2715 4408 invitassent,
2740 4342 3024 4394 seditionem
3043 4341 3168 4392 inter
3186 4354 3239 4392 se
3267 4341 3585 4392 concitarunt.

2100 4426 2157 4473 ln
2169 4423 2442 4487 oligarchiis
2459 4422 2490 4473 ii
2510 4422 2595 4486 qui
2613 4423 2716 4472 vita
2736 4422 2986 4472 luxuriosa
3009 4420 3349 4485 patrimonium
3366 4419 3591 4483 perdide·

2036 4502 2166 4564 runt,
2200 4499 2442 4550 interdum
2457 4499 2636 4563 aliquid
2668 4511 2849 4550 novare
2874 4501 3125 4559 conantur,
3164 4497 3404 4548 interdum
3442 4511 3590 4561 pecu·

2034 4578 2165 4628 niam
2183 4577 2428 4640 publicam
2450 4576 2692 4638 furantur,
2710 4589 2774 4626 ex
2789 4588 2890 4640 quo
2922 4578 3009 4626 aut
3035 4575 3088 4625 hi
3109 4575 3234 4625 inter
3257 4588 3309 4625 se
3336 4573 3588 4638 dissident,

2034 4656 2122 4705 aut
2164 4652 2250 4717 qui
2279 4652 2355 4704 his
2392 4653 2740 4716 rempublicam
2785 4652 3184 4716 depeculantihus
3222 4652 3535 4703 adversantur
3572 4671 3585 4703 ε

2035 4731 2167 4796 quod
2182 4733 2230 4782 iu
2259 4730 2509 4796 Apollonia
2538 4728 2736 4781 Pontica
2753 4729 2976 4795 accidit.]

2595 4843 3022 4905 DELlORUM.

2751 4970 2870 5023 165.

2094 5060 2369 5114 Aristoteles
2382 5060 2431 5112 in
2444 5062 2690 5113 Deliorum
2705 5073 2804 5125 rep.
2828 5059 3070 5111 Glaucum
3088 5059 3138 5110 in
3157 5061 3276 5111 Delo
3293 5059 3590 5111 habitantem

2035 5153 2144 5192 cum
2162 5138 2442 5192 Nereidibus
2462 5138 2709 5190 vaticinari
2727 5135 2997 5188 volentibus
3013 5135 3098 5187 ait.
