4016 5916
681 433 1720 572 HERODORUS
1808 433 3117 570 HERACLEENSIS.

394 931 755 999 Herodorus,
802 931 832 985 ὁ
858 923 1255 1006 Ἡρακλεώτης,
1302 926 1331 981 ὃ
1358 922 1666 1000 μυθολόγος,
1714 926 1743 981 δ
1766 930 1859 984 τοῦ

314 1017 591 1099 Βρύσωνος
616 1020 707 1074 τοῦ
748 1016 994 1094 σοφιστοῦ
1029 1010 1225 1089 πατήρ.
1266 1015 1349 1068 Ita
1386 1014 1709 1068 Aristoteles
1753 1012 1864 1087 (fr.

320 1127 416 1177 ια,
446 1126 539 1179 ιι,
580 1105 692 1180 ιο).
718 1105 935 1177 Bryson
962 1100 1026 1177 (‘)
1061 1101 1440 1157 Heracleensis
1467 1118 1596 1155 cum
1631 1101 1873 1156 Socratis

312 1193 608 1267 discipulis
658 1191 948 1263 Aristippo
989 1200 1045 1244 et
1071 1187 1398 1244 Antisthene
1452 1187 1816 1260 componitur
1841 1207 1871 1243 a

311 1281 691 1353 Theopompo
705 1275 861 1350 apud
883 1275 1215 1332 Athenaeum
1234 1273 1353 1347 XI,
1375 1292 1433 1345 p.
1458 1270 1589 1355 ξοδ,
1608 1276 1660 1327 D
1694 1292 1707 1328 ε
1734 1269 1871 1333 Θεό·

310 1388 525 1437 πομπος
552 1369 582 1423 δ
616 1364 739 1430 Χῖος
766 1364 821 1420 ἐν
851 1364 926 1440 τῷ
958 1359 1096 1418 κατὰ
1121 1363 1215 1430 τῆς
1257 1357 1540 1425 Πλάτωνος
1577 1359 1873 1440 διατριὸἥς,

311 1481 338 1502 -
364 1451 503 1517 Teii<
522 1449 762 1520 πολλοὺς,
785 1448 936 1530 φησὶ,
958 1451 1060 1505 τῶν
1080 1444 1333 1521 διαλόγων
1351 1447 1508 1504 αὐτοῦ
1527 1445 1763 1525 ἀχρείους
1785 1445 1875 1504 καὶ

311 1540 523 1619 ψευδεῖς
560 1537 623 1596 ἄν
652 1560 728 1602 τις
755 1534 925 1616 εὕροι·
967 1530 1270 1612 ἀλλοτρίους
1302 1530 1357 1590 δὲ
1383 1529 1502 1597 τοὺς
1528 1531 1761 1602 πλείους,
1800 1531 1876 1590 ὄν·

311 1650 410 1693 τας
436 1628 499 1685 ἐκ
538 1629 643 1683 τῶν
671 1622 1009 1702 Ἀριστίππου
1044 1618 1343 1698 διατριὸῶν,
1371 1618 1532 1686 citou<
1557 1620 1613 1678 δὲ
1636 1622 1739 1677 κάκ
1771 1622 1876 1677 τῶν

316 1711 669 1778 Ἀντισθένους
684 1754 703 1783 ,
720 1708 944 1774 πολλοὺς
974 1708 1028 1766 δὲ
1045 1711 1151 1766 κάκ
1166 1709 1271 1765 τῶν
1296 1703 1570 1785 Βρύσωνος
1589 1711 1681 1764 τοῦ
1710 1706 1877 1787 Ἦρα·

312 1800 566 1860 κλιιέντου.
608 1826 634 1851 1·
662 1802 842 1876 Igitur
869 1798 1198 1855 Herodorus
1215 1796 1440 1870 aequalis
1466 1796 1574 1851 fuit
1606 1798 1870 1855 Socratis,

316 1890 687 1947 Accuratiora
707 1888 817 1943 dici
843 1897 1152 1960 nequeunt.
1178 1883 1390 1956 Quodsi
1421 1902 1489 1939 ex
1520 1884 1712 1939 indole
1731 1903 1875 1958 ope-

315 1997 447 2034 rum
483 1975 864 2048 conjecturam
888 1974 1071 2029 facere
1094 1970 1324 2039 liceret,
1357 1971 1721 2027 Herodorum
1748 1983 1876 2046 post

317 2064 705 2136 Pherecydem
730 2073 788 2117 et
814 2060 1165 2117 Hellanicum
1187 2058 1464 2132 scripsisse
1487 2058 1720 2113 diceres.
1739 2061 1877 2114 Ete-

318 2154 437 2207 nim
464 2150 603 2205 dum
627 2150 687 2203 hi
727 2159 823 2204 aut
851 2165 1074 2202 omnem
1112 2147 1441 2203 Graecorum
1465 2145 1876 2220 mythologiam

319 2252 416 2293 aut
451 2235 691 2291 civitatis
726 2232 958 2305 alicujus
982 2252 1072 2288 res
1098 2232 1169 2287 ad
1205 2250 1392 2287 cooeva
1415 2250 1593 2304 usque
1620 2241 1877 2305 tempora

319 2324 513 2398 paucis
534 2322 797 2396 persequi
838 2321 1052 2387 solent,
1082 2318 1416 2375 Herodorus
1456 2319 1635 2372 mixto
1671 2336 1877 2392 genere

316 2410 561 2484 singulas
581 2408 850 2482 quasdam
869 2405 1083 2461 fabulas
1108 2424 1237 2460 cum
1260 2406 1452 2479 patriae
1472 2404 1704 2459 historia
1725 2415 1876 2461 arcte

318 2497 646 2568 conjunctas
679 2504 735 2550 et
766 2493 1055 2548 uberrime
1084 2493 1341 2566 exposuit
1375 2502 1432 2548 et
1454 2493 1558 2561 ita,
1588 2501 1649 2545 ut
1674 2503 1879 2565 praeter

318 2603 511 2641 rerum
534 2592 917 2638 enarratorem
941 2581 1109 2636 etiam
1127 2582 1313 2635 virum
1337 2578 1705 2654 philosophiae
1736 2580 1877 2635 alia-

318 2688 562 2744 rumque
582 2669 943 2726 scientiarum
970 2667 1275 2741 disciplinis
1303 2666 1660 2725 imbutumse
1689 2676 1880 2721 osten-

318 2762 499 2817 deret.
550 2756 667 2814 Sed
699 2757 818 2811 haec
862 2755 1002 2810 nihil
1036 2756 1144 2811 nisi
1182 2754 1293 2810 hoc
1326 2754 1574 2829 probare
1608 2755 1747 2811 mihi
1789 2757 1880 2809 vi-

320 2849 547 2915 dentur,
568 2844 767 2901 iisdem
786 2842 1131 2916 temporibus
1149 2841 1363 2898 diversa
1379 2843 1547 2917 plane
1570 2841 1877 2898 scribendae

322 2936 562 2992 historiae
579 2949 787 3009 genera
800 2932 987 2987 locum
1002 2930 1276 3000 habuisse,
1295 2930 1534 2987 alterum
1551 2946 1879 2986 evanescens

318 3026 471 3097 juxta
500 3023 739 3078 alterum
751 3019 868 3091 jam
884 3020 1131 3093 primum
1150 3015 1521 3074 efflorescens.

400 3113 588 3184 Opera
609 3127 736 3182 quae
764 3107 917 3162 nulla
937 3106 1289 3161 dubitatione
1301 3106 1562 3180 assignari
1575 3104 1877 3160 Herodoro

326 3201 563 3272 poffl'nt‚
592 3196 867 3252 habemus
891 3193 1031 3249 duo·
1056 3194 1335 3262 Primum,
1365 3211 1482 3266 quo
1512 3211 1602 3248 res
1620 3193 1880 3248 Herculis

327 3297 523 3342 auctor
547 3284 824 3349 narravit,
859 3282 1187 3355 inscriptum
1211 3290 1331 3336 erat
1372 3276 1442 3338 Ὁ
1468 3277 1583 3336 καθ’
1612 3276 1877 3352 Ἡρακλέα

328 3369 477 3448 λόγος
506 3368 620 3445 (”).
651 3368 808 3425 Libri
849 3366 967 3439 ejus
1000 3367 1301 3422 laudantur
1336 3367 1564 3440 quintus
1594 3363 1702 3438 (fr.
1738 3364 1804 3420 18
1824 3366 1842 3442 )
1861 3408 1876 3435 ,

330 3461 577 3517 decimus
610 3455 719 3534 (fr.
766 3473 842 3511 20
860 3454 904 3528 ),
936 3454 1188 3509 decimus
1228 3455 1495 3528 septimus
1524 3452 1627 3527 (fr.
1675 3451 1798 3528 31),
1822 3457 1879 3508 in

330 3567 443 3622 qno
490 3547 641 3600 inter
666 3544 777 3598 alia
807 3542 879 3599 de
914 3560 1095 3615 puero
1147 3560 1331 3597 sermo
1366 3550 1514 3608 erat,
1562 3559 1729 3613 quam
1757 3541 1882 3596 tali-

331 3647 417 3689 tro
446 3633 718 3690 Hercules
742 3629 1035 3685 occiderit.
1056 3629 1224 3685 Unde
1241 3628 1506 3701 conjicias
1534 3638 1713 3683 totum
1735 3648 1878 3703 opus

330 3718 636 3776 constitisse
680 3718 839 3773 libris
875 3717 1099 3772 circiter
1140 3715 1359 3791 viginti.
1404 3744 1482 3756 —
1515 3715 1771 3769 Alterum
1808 3714 1880 3769 de

332 3807 666 3882 Argonautis
697 3814 851 3872 erat,
894 3803 1052 3877 quod
1096 3805 1232 3859 item
1281 3802 1613 3876 inscriptum
1652 3801 1821 3857 suerit
1853 3802 1881 3857 ὁ

330 3892 465 3951 κατὰ
490 3889 611 3956 τοὺς
658 3886 1002 3969 Ἀργοναύτας
1021 3885 1204 3965 λόγος,
1246 3907 1585 3961 quamquam
1625 3888 1669 3944 is
1694 3889 1883 3944 titulus

332 3999 605 4055 nusquam
637 3978 886 4034 occurrit
916 3996 931 4031 ε
982 3977 1282 4033 laudantur
1316 3976 1492 4032 modo
1513 3973 1879 4052 Ἀργοναυτικά

336 4073 353 4142 (
381 4071 451 4125 t'r.
484 4076 583 4135 4ο,
616 4072 715 4135 44,
744 4064 891 4140 45),
920 4064 1095 4120 modo
1120 4060 1459 4140 Ἀργοναῦται
1480 4061 1583 4138 (sr.
1618 4069 1714 4131 42,
1747 4062 1875 4136 56).

334 4160 601 4213 Preterea
627 4156 832 4209 citamr
874 4152 1207 4208 Herodorus
1227 4151 1317 4206 vel
1341 4147 1621 4229 Ἡρόδοτος
1643 4152 1696 4206 ἐν
1720 4148 1873 4207 Οἰδί-

332 4244 449 4300 ποδι
462 4262 555 4317 ap.
586 4242 764 4296 schol.
790 4239 957 4296 Pind.
984 4240 1057 4294 ad
1076 4241 1240 4295 Nem.
1262 4240 1366 4307 111,
1390 4237 1463 4294 25
1488 4237 1592 4312 (fr.
1625 4237 1718 4312 6),
1749 4249 1806 4293 et
1828 4237 1879 4293 ἐν

336 4325 599 4407 Πιλοπεία
622 4345 715 4401 ap.
743 4325 984 4382 eundem
1009 4325 1081 4381 ad
1103 4322 1270 4398 Pyth.
1299 4321 1405 4393 XI,
1430 4323 1526 4397 25(
1544 4324 1614 4379 fr.
1639 4325 1707 4379 61
1732 4323 1776 4400 ).
1801 4328 1881 4379 Ac

335 4418 533 4474 dixisse
552 4413 919 4472 Herodorum
946 4412 1018 4469 de
1045 4412 1245 4468 fabulis
1263 4411 1540 4468 Thebanis
1577 4422 1634 4466 et
1664 4412 1884 4486 Argivis

393 4581 455 4640 (‘)
490 4578 716 4639 Ejusdem
735 4575 958 4637 Brysonis
976 4575 1194 4625 meminit
1225 4575 1420 4624 aristot.
1448 4575 1646 4625 Elench.
1668 4576 1876 4639 Sophist.

332 4665 374 4698 e.
404 4655 449 4700 n
470 4685 484 4707 ,
502 4646 535 4710 ς
562 4654 637 4707 ιι,
661 4645 826 4708 ibique
853 4644 1117 4694 Alexander
1134 4644 1383 4707 Aphrodis.
1407 4657 1453 4706 p.
1474 4650 1552 4706 25,
1571 4647 1627 4706 Β,
1646 4647 1697 4693 et
1714 4652 1793 4707 30,
1823 4652 1880 4708 Α,

334 4722 396 4781 B,
420 4718 615 4770 uiant.
638 4715 828 4778 Anam.
852 4717 1032 4765 poster.
1053 4717 1100 4776 Ι,
1127 4721 1186 4776 9,
1210 4715 1373 4776 ibique
1396 4715 1688 4777 Philoponus
1710 4729 1761 4779 p.
1795 4724 1882 4776 26,

336 4790 453 4848 met
471 4794 558 4847 ³³3
579 4786 777 4837 aristot·
799 4785 994 4836 libetur.
1020 4787 1083 4834 ΙΙΙ
1102 4821 1116 4846 ,
1145 4791 1202 4846 2,
1224 4788 1279 4838 4.
1300 4785 1462 4847 ibique
1482 4787 1633 4834 schol.
1657 4789 1882 4851 stephani

334 4857 611 4908 inmuta-i
646 4854 823 4905 anecd.
868 4856 1014 4906 Paris.
1049 4857 1125 4916 11,
1161 4869 1212 4918 p.
1246 4857 1368 4914 ³04,
1403 4860 1452 4904 8.
1489 4856 1633 4904 Plura
1668 4857 1777 4908 vide
1803 4872 1881 4922 ap.

331 4928 699 4990 schveffihnm.
724 4925 786 4974 ad
812 4925 981 4975 Athen.
1009 4925 1042 4974 Ι.
1072 4925 1101 4974 Ι.
1130 4928 1248 4974 tom.
1270 4927 1356 4984 vl,
1374 4938 1421 4987 p.
1445 4930 1536 4974 ³28
1557 4940 1665 4988 sqq.

392 4999 480 5058 (⁹⁹)
512 4998 618 5058 Ἤρ.
646 4996 697 5044 ἐν
730 4993 767 5044 ι’
797 4999 883 5044 τοῦ
910 4995 1013 5044 καθ’
1043 4996 1277 5057 Ἡρακλέα
1298 4995 1468 5056 λόγου,
1501 4997 1662 5045 schol.
1690 4999 1882 5049 nmiod.

336 5068 427 5124 (fr.
472 5071 594 5124 mn
620 5065 721 5125 Ἤρ.
758 5063 807 5112 ἐν
844 5064 1038 5125 βιὸλὶοις
1068 5067 1171 5127 περὶ
1196 5069 1283 5113 τοῦ
1318 5067 1421 5113 καθ’
1450 5067 1681 5128 Ἡρακλέα
1715 5068 1882 5129 λόγου,

334 5137 514 5186 Tatina.
545 5137 637 5190 (fr.
664 5135 745 5192 10)
762 5151 776 5193 ;
796 5134 899 5195 Ἤρ.
918 5135 964 5182 ἐν
988 5136 1042 5188 ιζ’
1056 5142 1140 5185 τοῦ
1156 5137 1259 5184 καθ’
1276 5137 1509 5199 Ἠρακλέα
1523 5138 1690 5199 λόγου,
1717 5141 1883 5192 Athen.

336 5209 415 5266 (fr.
446 5211 554 5265 31);
586 5206 635 5252 ἐν
654 5203 686 5251 ι’
710 5207 802 5252 τῶν
826 5204 931 5252 καθ’
949 5207 1179 5268 Ἠρακλέα
1198 5207 1420 5270 stephan.
1449 5209 1536 5268 (fr.
1568 5213 1665 5266 20).

1960 938 2176 984 constat
2187 926 2433 997 aliunde3
2446 926 2544 983 sed
2558 946 2693 982 num
2709 927 2767 982 id
2782 929 2976 984 fecerit
2993 930 3051 984 in
3068 933 3402 1004 amplissimo
3423 937 3522 989 illo

1964 1014 2037 1070 de
2081 1015 2249 1070 rebus
2286 1017 2544 1070 Herculis
2572 1034 2745 1088 opere
2762 1057 2778 1084 ‚
2805 1015 3243 1089 digressionibus
3271 1020 3478 1077 referto
3496 1063 3512 1090 ,

1963 1121 2034 1156 an
2057 1102 2436 1175 peculiaribus
2458 1101 2690 1170 libellis,
2718 1100 2946 1158 difficile
2974 1103 3129 1160 dictu
3152 1115 3251 1161 est.
3285 1109 3518 1163 Pericu-

1963 1189 2080 1242 lum
2107 1190 2272 1243 etiam
2303 1208 2372 1243 ne
2403 1188 2704 1243 Herodoro
2741 1200 2935 1244 nostro
2964 1209 3089 1263 quae
3116 1193 3296 1250 aliena
3337 1196 3409 1251 ab
3442 1216 3512 1250 eo

1961 1286 2090 1329 sunt
2117 1274 2503 1330 obtrudamus
2536 1277 2786 1331 Primum
2814 1279 2962 1331 enim
3008 1297 3183 1351 quum
3226 1278 3519 1360 Ἡρόδωρος

1962 1381 2345 1436 saepenumero
2366 1363 2567 1418 abierit
2587 1365 2644 1417 in
2670 1359 2965 1443 Ἡρόδοτος,
3000 1365 3165 1422 facilc
3186 1369 3521 1427 adducimur

1963 1460 2026 1503 ut
2045 1468 2395 1522 quaecunque
2421 1450 2572 1523 apud
2599 1450 2954 1505 Herodotum
2991 1454 3518 1513 Halicarnassenscm

1963 1555 2082 1589 non
2110 1532 2391 1609 leguntur,
2419 1555 2483 1592 ea
2511 1536 2797 1592 Herodori
2821 1556 2934 1593 esse
2955 1549 3233 1611 putemus.
3260 1546 3521 1600 Attamen

1964 1624 2154 1697 plures
2197 1622 2425 1678 fuerunt
2469 1623 2779 1692 Herodoti,
2839 1643 3084 1697 quorum
3140 1646 3313 1695 unus,
3383 1634 3522 1687 010-

1963 1709 2237 1782 phyxiuS,
2269 1709 2341 1765 de
2365 1709 2471 1765 diis
2491 1718 2546 1764 et
2568 1708 2849 1764 sacrificiis
2874 1713 3148 1785 scripsisse
3165 1717 3515 1788 perhibetur.

1964 1795 2184 1851 Deinde
2210 1814 2347 1851 vero
2375 1814 2408 1851 a
2434 1808 2627 1851 nostro
2656 1796 2808 1851 haud
2850 1796 3023 1853 dubie
3051 1798 3304 1857 diversus
3326 1803 3521 1861 lauda-

1967 1891 2060 1936 tur
2089 1882 2241 1955 apud
2269 1881 2742 1954 olympiodorum
2781 1885 2838 1938 in
2868 1886 3010 1939 Hist.
3055 1888 3186 1959 Byz.
3226 1906 3320 1961 ap.
3351 1891 3515 1948 Phot.

1966 1968 2097 2024 cod.
2128 1970 2223 2039 80,
2253 1988 2311 2042 p.
2341 1969 2407 2024 61
2443 1969 2614 2024 Bekk.
2641 1968 2831 2045 (Corp.
2865 1974 3096 2046 Scriptt.
3128 1975 3258 2047 Byz.
3288 1986 3424 2031 tom.
3460 1983 3518 2049 1,

1964 2075 2025 2129 p.
2052 2056 2162 2120 463
2187 2056 2206 2132 )
2238 2075 2252 2111 :
2278 2055 2328 2113 'I'
2329 2052 2494 2125 αὐτην
2527 2054 2727 2130 (Oasin
2758 2056 3019 2133 AEgyth
3051 2058 3204 2116 καλεῖ
3244 2058 3521 2139 Ἡρόδοτος

1967 2139 2221 2221 μακάρων
2269 2139 2484 2215 νήσους,
2515 2139 2809 2221 Ἡρόδωρος
2853 2143 2905 2202 δὲ
2947 2148 2976 2202 ὁ
3003 2144 3097 2215 τὴν
3144 2146 3378 2229 Ὀρφέως
3426 2154 3517 2210 καὶ

1965 2229 2237 2288 Μουσαίου
2298 2227 2603 2309 συγγράψας
2666 2229 2897 2310 ἱστορίαν
2916 2275 2932 2303 ,
2981 2234 3254 2293 Φαιακίδα
3325 2239 3522 2311 ταύτην

1965 2319 2116 2374 καλεῖ
2167 2318 2346 2393 (vide
2386 2319 2631 2375 Lobeck.
2663 2322 2939 2395 Aglaoph.
2975 2341 3034 2396 p.
3079 2322 3250 2398 338).
3288 2329 3436 2383 Num
3476 2333 3519 2385 is

1962 2407 2357 2481 grammaticus
2377 2406 2472 2463 ille
2492 2418 2551 2461 et
2574 2407 3002 2483 glossographus
3016 2451 3031 2478 ,
3062 2429 3232 2483 quem
3258 2433 3366 2470 una
3388 2436 3516 2471 cuni

1966 2495 2186 2567 Apione
2221 2495 2416 2566 saepius
2442 2504 2719 2550 memorat
2769 2496 3088 2552 Eustathius
3123 2509 3181 2553 et
3222 2501 3399 2557 schol.
3449 2507 3523 2561 ad

1966 2581 2318 2637 Homerum?
2341 2581 2451 2637 Sed
2475 2582 2640 2637 etiam
2666 2582 2738 2637 de
2757 2584 2868 2639 hoc
2894 2603 3094 2659 magna
3123 2586 3398 2645 dubitatio
3418 2608 3518 2650 est.

1966 2670 2129 2726 Certe
2155 2669 2545 2725 Valckenarius
2567 2666 2801 2742 (Opusc.
2833 2673 2977 2745 II,p.
3009 2671 3144 2749 151)
3168 2687 3224 2730 et
3245 2689 3373 2750 post
3392 2700 3520 2736 eum

1964 2756 2298 2812 Ritschelius
2315 2756 2361 2833 (
2389 2757 2571 2813 Uebet·
2624 2758 2682 2813 d.
2741 2759 2887 2814 Bibl.
2942 2762 3252 2820 Alexandr.
3305 2784 3365 2837 p.
3413 2769 3520 2834 143

1964 2863 2117 2917 sqq.,
2140 2842 2242 2898 ubi
2279 2843 2412 2899 vide
2439 2844 2598 2899 locos
2630 2844 2806 2920 vett.)
2835 2863 2944 2919 pro
2973 2849 3257 2904 Hemdoro
3279 2870 3374 2927 ap.
3401 2856 3522 2910 Eu-

1965 2930 2228 2987 stathium
2270 2931 2482 3005 ubique
2541 2933 2936 3006 reponendum
2990 2954 3105 2992 esse
3157 2939 3520 2999 Heliodorum

1964 3026 2214 3072 statuunt
2232 3017 2541 3074 admodum
2568 3020 2962 3092 probabiliter.

2045 3105 2279 3174 Fontes,
2314 3124 2381 3161 ex
2420 3106 2625 3178 quihus
2673 3107 3006 3164 Herodorus
3043 3110 3358 3170 uberrimas
3402 3136 3525 3174 suas

1966 3193 2315 3248 narrationes
2346 3194 2646 3250 maximam
2684 3205 2901 3267 partem
2932 3196 3206 3268 hauserit,
3251 3221 3370 3258 non
3411 3216 3522 3261 tam

1968 3277 2449 3353 logographorum
2488 3299 2662 3354 opera
2689 3282 2853 3338 fuisse
2889 3294 3030 3356 puto
3072 3304 3242 3358 quam
3276 3295 3522 3350 carmina

1965 3364 2156 3436 epica,
2184 3367 2388 3439 quihus
2413 3378 2542 3424 aetas
2570 3387 2688 3422 non
2715 3371 2989 3442 pepercit.
3023 3372 3284 3429 Ceterum
3333 3379 3525 3434 Hella-

1964 3452 2094 3506 nico
2117 3440 2309 3508 similis
2334 3464 2415 3510 est
2439 3473 2539 3523 eo,
2572 3454 2729 3528 quod
2757 3457 2998 3511 multum
3020 3460 3258 3514 attendit
3289 3462 3361 3517 ad
3385 3485 3525 3538 geo-

1964 3539 2261 3611 graphica,
2294 3542 2378 3595 uti
2420 3551 2575 3615 patet
2602 3560 2671 3597 ex
2698 3543 2764 3597 iis
2791 3560 2919 3615 quae
2953 3543 3025 3599 de
3068 3548 3294 3619 populis
3326 3551 3526 3607 lberiae

1965 3626 2198 3681 tradidit
2220 3628 2500 3683 Heracleae
2529 3628 2678 3683 libro
2699 3627 2920 3684 decimo
2942 3629 3044 3703 (fr.
3067 3650 3142 3686 ao
3159 3634 3201 3706 ).
3229 3636 3352 3691 Alia
3374 3639 3521 3709 ejus-

1969 3713 2128 3767 modi
2175 3713 2443 3788 digressio
2481 3716 2541 3769 in
2574 3718 2965 3789 Argonauticis
3004 3715 3110 3772 suit
3151 3720 3222 3776 de
3271 3728 3528 3781 moribus.

1966 3802 2318 3869 Macronum,
2341 3803 2437 3875 qui
2460 3800 2631 3857 Ponti
2651 3821 2777 3858 oras
2793 3803 3055 3859 accolunt
3081 3805 3167 3880 (fr.
3203 3810 3277 3874 46
3295 3811 3338 3886 ).
3369 3814 3520 3869 Geo-

1966 3888 2242 3960 graphum
2269 3887 2496 3944 sortasse
2531 3891 2700 3945 etiam
2731 3891 2793 3944 in
2819 3908 2888 3946 eo
2915 3895 3199 3966 agnoscis,
3231 3899 3388 3970 quod
3415 3906 3522 3955 Ar-

1966 3986 2239 4047 gonautas
2270 3975 2466 4030 eadem
2495 3995 2606 4049 qua
2631 3988 2902 4033 venerant
2927 3981 3019 4035 via
3058 3982 3283 4039 rediisse
3308 3992 3518 4043 statuit.

1965 4064 2318 4136 Quamquam
2343 4064 2454 4119 hoc
2475 4065 2563 4120 vel
2588 4065 2721 4121 inde
2739 4066 3058 4139 explicaris,
3084 4071 3244 4142 quod
3263 4075 3523 4130 Herodo-

1966 4169 2063 4204 rus
2110 4169 2232 4206 eam
2271 4151 2616 4224 potissimam
2671 4153 3048 4226 expeditionis
3095 4168 3314 4230 partem
3333 4201 3349 4228 ,
3397 4181 3526 4235 quae

1967 4255 2098 4292 cum
2139 4240 2335 4310 patriae
2373 4239 2602 4294 historia
2629 4239 2930 4310 conjuncta
2965 4252 3114 4310 erat,
3167 4249 3514 4304 tractandam

1965 4324 2070 4379 sibi
2085 4328 2411 4400 sumpserit,
2431 4327 2650 4401 reliqua
2673 4328 2814 4383 nihil
2837 4347 3037 4385 curans
3050 4331 3349 4388 absolverit
3376 4355 3522 4408 pau-

1968 4430 2213 4467 cissimis.

2049 4501 2228 4554 Porro
2253 4511 2506 4574 tempora
2533 4519 2724 4556 rerum
2773 4513 3032 4571 accurate
3060 4505 3372 4565 distinxisse
3409 4513 3525 4566 He-

1969 4586 2213 4641 rodorus
2233 4587 2476 4643 videtur.
2494 4586 2586 4643 Sic
2610 4590 2976 4664 chronologia
2996 4594 3174 4649 utitur
3186 4608 3382 4653 contra
3405 4617 3527 4666 eos,

1969 4674 2067 4744 qui
2088 4675 2358 4729 Theseum
2389 4676 2645 4730 Herculis
2678 4678 2890 4731 socium
2916 4680 2974 4732 in
3001 4682 3360 4754 expeditione
3387 4703 3523 4740 con·

1973 4770 2057 4814 tra
2087 4763 2392 4815 Amazones
2415 4761 2578 4817 fuisse
2597 4762 2854 4819 dixerant
2875 4762 3018 4842 (vid.
3041 4768 3111 4822 fr.
3140 4768 3240 4839 16,
3270 4770 3375 4838 26,
3400 4773 3518 4846 ²7)-

1973 4848 2038 4901 In
2069 4848 2152 4900 his
2199 4850 2464 4903 convenit
2485 4850 2534 4903 ei
2569 4869 2696 4904 cum
2747 4852 3037 4908 Hellanico
3087 4855 3104 4930 (
3128 4857 3281 4916 cons.
3326 4858 3521 4933 fragili.

1976 4937 2115 4989 liist.
2145 4938 2200 5005 I,
2231 4956 2290 5010 p.
2331 4937 2649 5012 XXVIII),
2692 4951 2754 4994 ut
2782 4941 3079 5013 probabile
3110 4945 3178 4999 sit
3219 4956 3526 5020 utrumque

1973 5044 2042 5078 ex
2071 5023 2268 5080 iisdem
2296 5026 2534 5080 sunonis
2554 5027 2909 5083 sacerdotum
2931 5028 3252 5109 ἀναγραφαῖς
3272 5043 3526 5106 tempora

1976 5114 2231 5168 Herculis
2253 5116 2616 5170 constituisse.
2650 5120 2854 5172 Verum
2883 5130 3095 5191 quanto
3124 5123 3304 5176 acrius
3333 5124 3522 5195 impu-

1916 5271 1927 5282 .
1972 5202 2160 5273 giravit
2188 5221 2302 5270 eos»,
2325 5205 2422 5275 qui
2453 5204 2510 5257 in
2528 5204 2718 5260 Thesei
2743 5207 2980 5279 gratiam
2999 5218 3240 5265 veterem
3275 5211 3528 5266 Herculis·

2193 5503 2228 5527 ἡ
