4016 5916
516 385 548 434 5
566 385 627 432 ⁴2
678 425 685 431 .
1598 361 2098 423 MANETflole
2143 361 2616 424 SERENNYTAE

511 499 607 571 τὴν
632 496 919 575 Αἴγυπτον.
944 499 1160 555 Nomen
1187 494 1553 552 derivandum
1575 513 1609 551 a
1638 492 1840 565 ΤΙιοεΙι,
1862 493 1946 549 uti
1967 512 2062 566 ap.
2154 491 2314 550 fuine
2329 495 2568 556 Bunsen.
2592 502 2852 552 statuerat
2867 492 3218 566 pyramidem
3239 511 3427 568 prope
3447 493 3771 567 Labyrin-

510 587 951 656 Eratosthenem,
1010 586 1108 658 qui
1154 585 1544 658 interpretatur
1588 577 1928 657 Ἑρμογένης.
1984 582 2069 637 De

508 677 682 733 initiis
722 674 960 732 scientiae
982 672 1304 730 anatomicae
1349 670 1424 728 ad
1456 670 1728 726 Athothin
1771 668 1951 725 relatis
1990 666 2065 723 cs.

508 765 742 822 Bunsen.
766 781 824 837 p.
858 767 949 832 47.

594 855 648 908 3.
694 848 1299 906 Athoehis-Kenkenes.
1321 846 1454 918 Ejus
1480 862 1684 901 nomen
1710 851 2070 898 monumenta

510 939 860 1014 suppeditare
885 956 1004 992 non
1029 934 1307 993 videntur.

595 1035 653 1094 4.
723 1025 985 1082 Mt'abcees
1032 1017 1406 1098 (Miabe’des);
1438 1018 1728 1093 Uenephes
1770 1019 1788 1090 (
1810 1020 1867 1071 V
1862 1034 2072 1071 ‹mene-

508 1112 724 1190 phes);
762 1109 1056 1186 Usaphaes
1076 1106 1513 1184 (Usaphaidos);
1545 1104 1851 1161 Bieneches
1870 1103 2070 1176 (Bien-

512 1197 687 1277 1hes).
720 1201 847 1270 His,
880 1217 1004 1272 quae
1041 1192 1429 1271 conjungenda
1471 1211 1575 1249 esse
1603 1209 1770 1265 supra
1801 1191 1917 1262 jam
1943 1208 2072 1244 mo-

511 1292 762 1357 nuimus,
790 1286 1027 1342 indicari
1070 1301 1277 1339 nomen
1320 1293 1373 1339 et
1402 1298 1711 1356 cognomen
1728 1280 1894 1334 unius
1928 1276 2062 1349 ejus-

514 1377 749 1449 demque
786 1374 931 1450 regis
988 1372 1261 1428 Bunsenio
1309 1367 1553 1426 videtur.
1594 1366 1910 1440 Cognomen
1938 1366 2074 1419 latet

510 1464 571 1519 in
592 1459 855 1519 Miabaes
872 1460 959 1517 vel
984 1458 1173 1534 potius
1197 1456 1472 1525 Miebaes,
1482 1453 1650 1529 quod
1667 1469 1843 1529 graece
1860 1448 2075 1527 signiti-

513 1560 602 1606 cat
625 1545 952 1626 φιλόταυρος,
979 1563 1149 1618 eaque
1182 1561 1295 1598 vox
1322 1539 1640 1617 reponenda
1681 1538 1835 1614 apud
1872 1539 2074 1594 Erato-

510 1639 781 1704 anienem,
821 1635 919 1689 ubi
964 1633 1095 1688 libri
1130 1629 1492 1703 manuscripti
1525 1647 1539 1686 z
1579 1615 1722 1690 οὗτος
1762 1621 2069 1700 (Μιαὸαῆς)

512 1720 849 1801 ἑρμηνεύεται
884 1717 1141 1800 φιλέτερος
1172 1714 1488 1797 (φιλέταιρος
1534 1714 1842 1788 conjecerat
1894 1709 2072 1769 Scali-

510 1812 659 1888 ger).
683 1842 760 1854 —
786 1811 1004 1867 Nomen
1047 1808 1189 1882 regis
1212 1806 1578 1880 aegyptiacum
1613 1802 1771 1858 fuisse
1803 1800 2025 1856 videtur
2053 1818 2066 1853 ε

511 1901 706 1969 ΜΝΕ,
754 1916 928 1974 graece
978 1892 1245 1964 Μνέϋις,
1297 1893 1465 1949 latine
1503 1893 1739 1948 Mnevis·
1782 1888 2073 1966 (Taurum

512 1989 617 2045 soli
631 2005 849 2043 sacrum
865 1987 943 2042 sic
972 1982 1307 2058 appellatum
1324 1999 1429 2038 esse
1448 1978 1715 2055 constat).
1739 1977 1924 2035 Facile
1948 1977 2070 2031 haec

513 2074 665 2131 abire
690 2082 950 2149 poterant
992 2072 1054 2126 in
1085 2068 1377 2144 Uenephes
1413 2076 1466 2124 et
1499 2066 1828 2140 BienepleeS.
1866 2065 2073 2119 Verum

511 2161 704 2237 paullo
762 2161 983 2235 longius
1047 2155 1254 2214 recedit
1299 2153 1593 2230 Usaplzaes
1615 2149 1633 2233 (
1655 2149 2070 2226 Usaphaidos);

514 2268 683 2323 quare
719 2248 833 2304 boc
876 2265 1082 2302 nomen
1112 2244 1337 2300 sortasse
1375 2240 1764 2298 secernendum
1791 2239 1861 2294 ab
1891 2238 2076 2294 alteris

511 2336 770 2411 duobus,
796 2345 960 2410 atque
1000 2335 1076 2390 ita
1112 2331 1369 2407 quidem,
1397 2341 1463 2387 ut
1495 2328 1779 2405 Usaphaes
1799 2334 2074 2383 statuatur

512 2425 670 2482 fuisse
697 2423 969 2482 Mnevidis
998 2420 1176 2493 filius3
1208 2422 1306 2495 qui
1331 2437 1446 2475 una
1467 2436 1596 2474 cum
1616 2428 1773 2493 patre
1802 2433 2072 2491 regnave-

509 2513 615 2581 rit,
650 2511 743 2568 sed
763 2521 886 2568 ante
909 2510 1130 2566 obitum
1149 2507 1264 2581 ejus
1291 2506 1588 2564 discesserit
1615 2502 1815 2580 (BunS.
1842 2521 1904 2576 p.
1936 2501 2067 2577 52).

515 2598 766 2657 Ceterum
792 2600 928 2655 Mne
953 2597 1099 2652 idem
1125 2605 1202 2652 est
1250 2604 1416 2668 atque
1446 2587 1682 2661 Μνεύης,
1713 2591 1811 2663 qui
1856 2590 2073 2662 primus

512 2688 653 2762 leges
687 2706 719 2743 a
749 2687 1026 2743 Mercurio
1062 2681 1306 2759 (Thotlz)
1343 2689 1591 2756 acceptas
1616 2676 1885 2752 AEgyptiis
1927 2676 2070 2731 scri-

510 2776 673 2848 psisse
699 2774 940 2830 traditur
966 2791 1059 2846 ap.
1084 2769 1323 2827 Diodor.
1353 2771 1412 2840 1,
1432 2775 1505 2844 94
1525 2810 1541 2836 ,
1575 2785 1626 2822 1.
1659 2763 1941 2821 Mneuidis
1979 2780 2071 2818 re·-

508 2865 610 2934 ge'a
631 2860 911 2934 Heliopoli
939 2858 1075 2927 fuit,
1121 2867 1252 2912 teste
1298 2857 1479 2911 Plinio
1506 2853 1754 2910 XXXVI
1772 2895 1788 2922 ,
1815 2860 1950 2907 sect.
1997 2857 2066 2917 14

511 2950 543 3024 §
573 2966 626 3007 a.
659 2947 815 3004 Idem
840 2945 1031 3021 paullo
1059 2953 1188 3020 post
1227 2940 1380 3017 (sect.
1420 2961 1488 3016 19
1515 2941 1548 3017 §
1577 2938 1635 3016 1)
1660 2957 1726 2995 ex
1766 2938 1876 2995 alio
1917 2936 2070 2994 sonte

512 3035 582 3092 de
609 3035 931 3108 labyrintho
964 3033 1040 3088 ait
1091 3050 1105 3086 ε
1149 3055 1173 3080 α
1208 3031 1523 3085 Demoteles
1568 3024 1801 3106 (tradit)
1849 3031 2069 3099 regiam

510 3123 810 3179 Moteridis
840 3120 857 3192 (
881 3122 957 3176 ita
988 3118 1118 3174 cod.
1156 3117 1480 3192 Bamberg.;
1508 3134 1620 3190 vgo
1654 3133 1668 3170 ε
1693 3114 2067 3191 MotherudIs)

508 3210 703 3276 luisse.
739 3232 763 3259 n
797 3206 914 3264 Ubi
938 3204 1087 3261 istud
1111 3205 1402 3260 Moteridis
1434 3202 1583 3259 idem
1615 3203 1831 3277 signare
1856 3203 2068 3257 Bunse-

510 3298 608 3352 nio
617 3294 838 3352 videtur
852 3305 1015 3369 atque
1034 3293 1323 3360 Μηενὶᾱὶε,
1345 3289 1849 3367 Μεαενὶάίς(Βιιη5.
1865 3308 1924 3364 p.
1953 3288 2067 3364 54).

511 3386 584 3441 At
616 3386 727 3439 hoc
752 3382 1140 3438 dubitaverim.
1165 3379 1481 3454 Legendum
1507 3380 1695 3454 potius
1707 3379 2068 3435 Meet-ldis.—

510 3474 592 3529 De
612 3473 720 3528 situ
750 3466 1034 3548 Κωχώμης
1071 3469 1156 3525 vel
1204 3469 1295 3525 Κῶ
1339 3463 1519 3542 κώμης
1551 3466 1658 3539 (uti
1691 3466 1956 3522 Eusebius
1980 3454 2068 3522 ’ffel

511 3559 624 3633 ejus
651 3561 915 3633 interpres
940 3559 1121 3634 legisse
1142 3555 1411 3630 videtur),
1452 3572 1567 3628 quo
1600 3554 1727 3609 loco
1755 3553 2070 3628 pyramides

516 3644 709 3723 (regia
737 3645 954 3701 familiae
981 3641 1269 3718 sepulcra)
1299 3660 1398 3699 rex
1422 3642 1653 3712 struxit,
1686 3639 1840 3696 haud
1873 3641 2063 3715 liquet.

512 3734 610 3792 Κῶ
638 3734 833 3790 urbem
850 3733 1006 3788 nomi
1026 3730 1418 3806 Cynopolitani
1445 3737 1716 3786 memorat
1742 3729 2068 3784 Ptolemaeus

516 3817 609 3897 (v.
641 3819 853 3877 Berkel.
876 3819 948 3876 ad
975 3819 1161 3893 steph.
1182 3819 1311 3891 Byz.
1336 3835 1392 3872 v·
1420 3818 1540 3882 Κῶς
1557 3826 1609 3872 et
1631 3814 1833 3894 Κρῶς).
1860 3818 1940 3873 De
1960 3817 2066 3872 hae

515 3917 694 3964 tamen
716 3909 951 3983 cogitari
978 3908 1072 3962 vix
1113 3915 1312 3981 potest.
1356 3907 1555 3980 Aptius
1581 3903 1903 3960 intellexeris
1924 3907 2067 3959 Kos-

518 3995 646 4050 kam
675 3995 887 4065 locum,
909 3995 1007 4068 qui
1024 3995 1083 4048 in
1093 3991 1250 4049 fluvii
1270 3992 1397 4067 ripa
1413 3992 1773 4061 occidentali,
1801 3993 2066 4068 eregione

513 4083 859 4158 Antaeopolis
876 4082 1029 4150 sitm,
1053 4081 1112 4135 in
1139 4081 1428 4136 Itinerario
1448 4082 1657 4137 Anton.
1683 4098 1741 4154 p.
1776 4076 1907 4155 158,
1930 4080 2061 4136 coll.

515 4170 759 4227 Hierocl.
798 4189 859 4243 p.
896 4168 1000 4239 731
1053 4168 1364 4242 appellatur
1390 4169 1683 4243 Apollinos
1709 4171 1952 4241 ιηίηονίε,
1981 4169 2066 4223 uti

516 4267 701 4311 censet
723 4254 1121 4329 Champollion
1150 4241 1435 4328 l’E‘grpte‚
1474 4255 1535 4324 1,
1562 4270 1620 4327 p.
1648 4252 1760 4323 273
1793 4252 1894 4329 (cs.
1919 4256 2065 4311 For-

513 4341 687 4417 biger.
722 4344 919 4419 Geogr.
946 4343 1023 4411 11,
1050 4360 1111 4416 p.
1145 4338 1249 4395 801
1267 4382 1281 4397 .
1309 4342 1473 4396 Buns.
1497 4359 1556 4414 p.
1579 4343 1655 4398 50
1668 4340 1822 4416 sqq.)

596 4436 649 4495 5.
669 4437 977 4514 Sempsoss.
993 4436 1354 4511 SemempseS.
1382 4437 1490 4492 Hic
1507 4436 1833 4493 Bunseniol.
1845 4436 1887 4492 l.
1904 4437 2068 4495 isesse

512 4524 806 4582 videbatur
828 4525 1147 4599 quiprimus
1162 4525 1395 4598 ponitur
1408 4524 1466 4577 in
1487 4541 1680 4597 regum
1705 4525 1836 4579 serie
1855 4523 2068 4583 Carna-

513 4611 671 4667 ciana
704 4630 718 4666 :
771 4612 789 4688 (
820 4612 1033 4668 Rahem
1069 4608 1088 4686 )
1134 4610 1493 4667 SMeN-——Te
1519 4612 1609 4678 T1·;
1649 4610 1905 4684 idemque
1937 4632 2067 4669 cum

515 4715 610 4767 eo,
642 4700 741 4772 qui
769 4698 921 4774 apud
963 4698 1292 4756 Strabonem
1320 4697 1514 4766 XVII,
1544 4714 1604 4771 p.
1635 4696 1746 4752 813
1788 4694 2067 4772 Ἰσμάνδης

511 4781 532 4863 (
557 4803 617 4859 p.
649 4784 754 4842 811
796 4783 1078 4861 Ἰμάνδης;
1109 4787 1346 4859 epitome
1388 4781 1627 4854 Μαΐνδης
1648 4784 1665 4859 )
1686 4827 1701 4855 ,
1733 4785 1887 4860 apud
1926 4789 2069 4843 Dio-

514 4870 721 4928 dorum
749 4874 776 4927 1
793 4913 811 4943 ,
839 4878 908 4944 47
934 4890 1060 4947 sqq.
1087 4866 1453 4946 Ὀσυμανδύας
1480 4872 1807 4945 appellatur.
1839 4875 2068 4949 Regiam

515 4954 600 5032 (τὸ
614 4957 940 5034 4,Μεμνόνειον
959 4955 1238 5037 βασίλειον)
1271 4958 1548 5015 Ismandae
1570 4959 1767 5015 habuit
1788 4961 1975 5033 Abydi
1994 4961 2067 5018 ad

512 5046 926 5104 similitudinem
961 5047 1297 5105 celeberrimi
1318 5047 1473 5102 istius
1490 5047 1821 5121 Labyrinthi
1850 5058 2067 5104 exstru-

516 5144 694 5208 ctam,
730 5136 914 5191 minus
942 5146 1120 5191 tamen
1155 5136 1523 5210 multiplicem
1536 5157 1552 5207 3
1590 5136 1905 5209 sepulcrum
1955 5136 2069 5208 ‹·jus

2157 581 2317 637 thum
2333 584 2512 643 sitam.
2544 583 2651 640 Sed
2687 583 2807 638 baec
2840 582 3029 637 omnia
3054 580 3353 655 rejicienda
3381 600 3502 640 esse
3543 582 3774 640 docuit

2158 668 2399 744 Lepsius,
2425 672 2522 744 qui
2543 668 2893 746 pyramidem
2913 669 3226 744 sepulcrum
3243 688 3351 728 esse
3375 673 3776 728 Amenemlee

2160 759 2305 814 tertii
2349 759 2366 833 (
2396 759 2510 814 XII
2554 757 2815 832 dynastiae
2864 756 3047 832 regis)
3103 775 3174 814 ex
3215 759 3737 834 inscriptionibus
3753 803 3768 829 ,

2160 863 2298 920 quas
2327 847 2390 903 in
2431 865 2642 904 camera
2679 846 2972 921 sepulcrali
3013 845 3248 922 detexit,
3295 847 3765 922 comprobavit.

2165 933 2261 1006 (V.
2291 936 2526 991 Bunsen.
2574 935 2660 1002 11,
2697 953 2760 1008 p.
2784 936 2882 1004 lv,
2910 935 3009 1006 qui
3050 953 3203 991 nunc
3240 935 3534 992 Isrnandoe
3581 937 3766 994 Stru-

2160 1020 2390 1078 boniani
2443 1023 2733 1097 vestigium
2789 1021 2944 1096 apud
2996 1022 3242 1096 reliquos
3281 1015 3561 1080 auctore·
3634 1044 3772 1083 non

2161 1118 2371 1165 exstare
2414 1120 2600 1166 censet
2615 1152 2634 1186 ,
2675 1109 2783 1166 nisi
2817 1109 2960 1165 forte
2992 1109 3146 1184 apud
3198 1111 3452 1167 Plinium
3475 1113 3766 1170 XXXVI

2160 1194 2193 1269 §
2220 1194 2317 1266 67,
2339 1196 2440 1252 ubi
2462 1198 2722 1254 Zmarres
2755 1213 2854 1253 rex
2870 1197 3172 1254 obeliscum
3191 1198 3309 1256 sine
3333 1201 3497 1256 notis
3519 1209 3768 1258 exstru-

2160 1282 2293 1339 xisse
2322 1282 2544 1342 dicitur.

2543 1452 2878 1508 SECUNDA
2917 1451 3310 1511 DYNASTIA.

2908 1588 2963 1646 8.

2605 1744 2754 1803 SEC.
2804 1746 3257 1804 AFRICANUM.

2240 1887 2527 1964 Syncellus
2567 1911 2625 1967 p.
2655 1890 2754 1961 54,
2800 1895 2853 1950 D
2914 1911 2931 1949 ε
2992 1890 3284 1972 Δευτέρα
3354 1893 3748 1957 δυναστεία

2163 1974 2779 2056 Θινιτῶνβασιλὲων
2832 1975 3017 2037 ἐννέα
3036 2023 3052 2051 ,

2240 2054 2312 2120 ὧν
2338 2066 2536 2143 πρῶτος
2562 2063 2810 2137 Βοηθὸς
2840 2064 2932 2138 ἔτη
2960 2067 3070 2138 λη’.
3108 2065 3229 2148 Ἐφ’
3271 2057 3334 2126 οὗ
3355 2067 3558 2147 χάσμα
3585 2073 3738 2130 κατὰ

2163 2149 2463 2212 Βούὸαστον
2492 2151 2695 2232 ἐγένετο
2715 2155 2808 2214 καὶ
2831 2153 3102 2215 ἀπώλοντο
3119 2156 3326 2220 πολλοί.

2243 2236 2292 2319 β’
2335 2238 2663 2321 Καιέχως,
2702 2240 2791 2314 ἔτη
2819 2241 2918 2301 λθ’.
2967 2242 3089 2323 Ἐφ’
3119 2233 3177 2301 οὗ
3215 2245 3263 2303 οἱ
3302 2243 3422 2322 βόες
3464 2235 3628 2314 ’Ἆπις
3682 2253 3740 2307 ἐν

2163 2325 2377 2407 Μέμφει
2425 2327 2516 2388 καὶ
2544 2331 2737 2396 Musa<
2765 2331 2818 2387 ἐν
2857 2327 3195 2389 Ἡλιουπόλει
3221 2329 3314 2389 καὶ
3361 2335 3391 2389 ὁ
3419 2335 3736 2406 Μενδήσιος

2161 2413 2347 2496 τροίγυς
2381 2415 2726 2494 ἐνομίσθησαν
2750 2407 2884 2476 εἶναι
2913 2416 3038 2480 θεοί.

2239 2501 2289 2581 γ’
2329 2502 2533 2564 Βίνωθ
2550 2527 2579 2585 ρ
2595 2529 2664 2578 ις,
2682 2503 2774 2578 ἔτη
2804 2503 2911 2583 [ιζ’.
2939 2495 3139 2586 Ἐφ’,οἶ
3159 2505 3335 2587 ἐκρίθη
3362 2506 3456 2575 τὰς
3476 2520 3734 2588 γυναῖκας

2163 2588 2430 2670 βασιλείας
2457 2589 2612 2672 γέρας
2634 2589 2791 2672 ἔχειν.

2240 2676 2288 2737 δ’
2329 2677 2530 2752 Tne,
2566 2678 2656 2752 ἔτη
2685 2678 2768 2749 ιζ’.

2239 2765 2281 2824 ε’
2323 2768 2445 2828 Σεθ
2464 2766 2641 2841 ἔνης,
2661 2765 2751 2840 ἔτη
2776 2765 2890 2840 μα’.

2240 2854 2293 2922 ς’
2336 2853 2435 2915 X«
2453 2854 2470 2912 i
2488 2878 2615 2937 ρης,
2641 2854 2730 2926 ἔτη
2753 2854 2836 2924 ιζ’.

2239 2943 2283 3013 ζ’
2324 2941 2765 3025 Νεφερχίρης,
2807 2940 2900 3016 ἔτη
2937 2942 3032 3005 κε’.
3078 2941 3200 3023 Ἐφ’
3237 2933 3297 3003 οὗ
3327 2944 3616 3022 μυθεύεται
3638 2948 3725 3007 τὸν

2160 3033 2348 3093 Νεῖλον
2381 3032 2551 3108 μέλιτι
2577 3029 2896 3111 κεκραμένον
2923 3025 3121 3110 ἡμέρας
3147 3029 3329 3091 ἕνδεκα
3361 3036 3573 3112 ῥυῆναι.

2236 3118 2309 3189 η’.
2326 3117 2657 3199 Σίσωχρις
2681 3119 2773 3192 ἔτη
2795 3116 2907 3197 μη’,
2933 3118 2986 3186 ὃς
3008 3117 3132 3199 ὕψος
3146 3109 3462 3201 εἶχεπηχῶν
3492 3120 3556 3198 ε’,
3583 3123 3722 3203 [πα-

2157 3207 2422 3286 λαιστῶν]
2446 3206 2515 3283 γ’.

2238 3294 2302 3355 θ’.
2324 3293 2704 3374 .Χενεφρὴς,
2730 3291 2823 3366 ἔτη
2846 3295 2917 3352 λ’.

2238 3381 2408 3461 Ὁμοῦ
2433 3381 2525 3455 ἔτη
2558 3380 2662 3442 τ6’.

2238 3469 2411 3546 Ὁμοῦ
2438 3469 2646 3550 πρώτης
2695 3468 2787 3528 καὶ
2827 3467 3066 3549 δευτέρας
3113 3467 3420 3537 δυναστείας
3454 3474 3591 3544 μετὰ
3635 3472 3720 3531 τὸν

2162 3557 2533 3635 κατακλυσμὸν
2552 3555 2645 3630 ἔτη
2668 3557 2774 3639 φνε’
2792 3555 2930 3616 κατὰ
2949 3556 3042 3627 τὴν
3055 3554 3295 3635 δευτέραν
3320 3554 3529 3616 ἔκδοσιν
3546 3558 3717 3641 Ἀφρι·

2155 3651 2336 3709 κανοῦ.

2235 3733 2489 3812 Θινιτῶν]
2511 3734 2761 3793 Θεινιτῶν
2786 3731 3276 3811 οοόἀ.-Βοηθὸς]
3299 3733 3484 3811 Βῶχος
3495 3754 3719 3813 margo,

2159 3825 2238 3880 uti
2266 3824 2463 3882 Euseb.
2490 3855 2570 3867 —-
2600 3819 2874 3900 Καιίχως]
2900 3821 3031 3881 cod.
3051 3823 3119 3896 B3
3148 3818 3237 3877 καὶ
3267 3818 3402 3898 ἔχως
3422 3824 3504 3890 A;
3535 3824 3722 3883 Καια-

2154 3913 2261 3987 χῶς
2274 3909 2756 3987 Gom-Mutia]
2776 3911 2855 3966 sic
2867 3910 3128 3984 Scaliger.
3148 3904 3531 3978 Μηνεὺςῦοπ.
3559 3909 3718 3981 Quid

2157 4000 2325 4058 codd.
2345 4000 2602 4069 habeant,
2623 4017 2742 4054 non
2767 3997 2982 4053 notavit
3007 3995 3204 4054 Dindf.
3221 4027 3301 4039 —
3317 3994 3597 4073 Βίνωθρις]
3622 3995 3714 4054 cf.

2155 4089 2285 4146 Joh.
2307 4089 2569 4146 Antioch.
2589 4089 2650 4143 in
2680 4087 2864 4159 Cram.
2905 4084 3121 4143 Anecd.
3169 4085 3345 4140 Paris.
3366 4085 3456 4153 11,
3488 4102 3552 4159 p.
3575 4084 3716 4155 385,

2157 4177 2254 4231 ubi
2287 4196 2301 4231 ε
2327 4173 2450 4232 Ἐπὶ
2473 4172 2749 4253 Βινώριος(
2761 4173 2871 4249 sic)
2902 4169 3158 4250 βασιλέως
3183 4168 3456 4247 Αἰγύπτου
3483 4170 3615 4250 φασὶ
3632 4171 3719 4230 τὸν

2157 4263 2342 4322 Νεῖλον
2357 4261 2530 4338 μέλιτι
2547 4258 2861 4340 κεκραμένον
2885 4256 3082 4336 ἡμέρας
3100 4256 3170 4314 ια’
3190 4261 3396 4338 ῥυῆναι.
3429 4291 3507 4302 --
3535 4259 3587 4329 η’
3610 4259 3720 4319 Σὲ..

2156 4371 2349 4427 σωχρις
2371 4350 2462 4427 ἔτη
2491 4362 2546 4407 et
2560 4351 2774 4425 reliqua
2799 4367 2974 4422 usque
2997 4348 3070 4403 ad
3093 4346 3259 4403 finem
3301 4348 3360 4402 in
3388 4347 3551 4402 libris
3574 4351 3723 4421 Syn-

2156 4441 2276 4496 celli
2293 4440 2436 4495 mira
2449 4437 3042 4511 confusioneleguntur
3054 4454 3117 4510 p.
3142 4436 3240 4503 56,
3265 4437 3336 4508 A,
3358 4433 3458 4489 ubi
3476 4435 3724 4492 secunda

2157 4526 2405 4600 dynastia
2437 4525 2655 4583 Eusebii
2676 4526 2925 4600 ponitur3
2957 4534 3009 4580 et
3034 4543 3156 4598 quae
3182 4540 3243 4596 p.
3274 4519 3372 4594 56,
3405 4525 3451 4578 A
3476 4522 3583 4597 legi
3618 4522 3723 4579 de·-

2154 4615 2359 4670 bebant
2375 4656 2391 4683 ,
2410 4616 2723 4689 migrarunt
2749 4614 2809 4668 in
2835 4613 3059 4669 alteram
3080 4631 3141 4685 p.
3167 4608 3261 4681 57.
3285 4640 3361 4653 -—-
3380 4608 3721 4688 παλαιστῶν]

2156 4704 2233 4758 sic
2257 4701 2489 4760 Boeckh.
2508 4712 2561 4758 et
2583 4702 2818 4759 Bunsen.
2849 4720 2914 4757 ex
2940 4700 3177 4756 Eusebio
3192 4698 3431 4771 syncelli
3453 4716 3568 4771 pro
3587 4700 3722 4754 vul-

2157 4798 2282 4863 gata
2303 4786 2518 4852 πλάτος.
2544 4788 2713 4862 Quod
2737 4790 2796 4844 in
2825 4790 2954 4845 Eus.
2972 4789 3127 4842 Arm.
3157 4785 3358 4859 legitur
3382 4797 3441 4840 et
3457 4796 3570 4840 tm
3582 4787 3724 4859 pal-

2156 4892 2274 4929 mos
2318 4876 2490 4930 latum
2518 4894 2696 4949 quum
2727 4894 2826 4950 per
2859 4893 2912 4931 se
2945 4876 3194 4947 ineptum
3230 4873 3330 4941 sit,
3375 4873 3564 4947 arguit
3599 4871 3721 4943 jam

2156 4963 2479 5018 Armenium
2498 4964 2847 5038 interpretem
2872 4961 3089 5018 Eusehii
3115 4967 3321 5016 texttim
3357 4959 3500 5015 male
3532 4968 3726 5014 muta-

2160 5059 2278 5103 tum
2315 5061 2442 5106 ante
2469 5051 2666 5108 oculos
2689 5052 2957 5109 habuisse.
2997 5080 3079 5091 —-
3102 5044 3237 5102 κατὰ
3261 5042 3419 5114 τὴν...
3463 5043 3722 5123 Ἀφρικα-

2158 5134 2283 5212 νοῦ]
2357 5136 2543 5210 Quum
2587 5138 2739 5213 apud
2789 5136 3103 5212 Syncellum
3147 5144 3405 5207 sequatur
3461 5132 3721 5208 dynastia
