<?xml version="1.0" encoding="UTF-8"?>
<!DOCTYPE html PUBLIC "-//W3C//DTD XHTML 1.0 Transitional//EN"
    "http://www.w3.org/TR/xhtml1/DTD/xhtml1-transitional.dtd">
<html xmlns="http://www.w3.org/1999/xhtml" xml:lang="en" lang="en">
 <head>
  <title>
</title>
<meta http-equiv="Content-Type" content="text/html;charset=utf-8" />
  <meta name='ocr-system' content='tesseract 3.04.00' />
  <meta name='ocr-capabilities' content='ocr_page ocr_carea ocr_par ocr_line ocrx_word'/>
</head>
<body>
  <div class='ocr_page' id='page_1' title='image "./fragmentahistor00mgoog_0167.png"; bbox 0 0 4016 5916; ppageno 0'>
   <div class='ocr_carea' id='block_1_1' title="bbox 1386 364 2484 427">
    <p class='ocr_par' dir='ltr' id='par_1_1' title="bbox 1386 364 2484 427">
     <span class='ocr_line' id='line_1_1' title="bbox 1386 364 2484 427; baseline -0.001 -2"><span class='ocrx_word' id='word_1_1' title='bbox 1386 365 1958 426; x_wconf 75' lang='lat' dir='ltr'><strong>ATHEMENsiUM</strong></span> <span class='ocrx_word' id='word_1_2' title='bbox 2001 364 2484 427; x_wconf 80' lang='lat' dir='ltr'><strong>RESPUBLICA.</strong></span> 
     </span>
    </p>
   </div>
   <div class='ocr_carea' id='block_1_2' title="bbox 313 477 1866 1002">
    <p class='ocr_par' dir='ltr' id='par_1_2' title="bbox 313 477 1866 1002">
     <span class='ocr_line' id='line_1_2' title="bbox 313 477 1864 567; baseline -0.001 -24"><span class='ocrx_word' id='word_1_3' title='bbox 313 510 372 545; x_wconf 79' lang='lat' dir='ltr'>v.</span> <span class='ocrx_word' id='word_1_4' title='bbox 393 488 744 567; x_wconf 78' lang='grc' dir='ltr'>Πολέμαρχος</span> <span class='ocrx_word' id='word_1_5' title='bbox 767 482 972 565; x_wconf 78' lang='lat' dir='ltr'><strong>(glossa</strong></span> <span class='ocrx_word' id='word_1_6' title='bbox 992 487 1189 554; x_wconf 58' lang='lat' dir='ltr'><strong>altera}</strong></span> <span class='ocrx_word' id='word_1_7' title='bbox 1219 507 1233 546; x_wconf 73' lang='grc' dir='ltr'>ι</span> <span class='ocrx_word' id='word_1_8' title='bbox 1259 477 1426 552; x_wconf 70' lang='grc' dir='ltr'>Οὗτος</span> <span class='ocrx_word' id='word_1_9' title='bbox 1447 485 1507 544; x_wconf 79' lang='grc' dir='ltr'>τὸ</span> <span class='ocrx_word' id='word_1_10' title='bbox 1531 484 1625 564; x_wconf 70' lang='grc' dir='ltr'>μὲν</span> <span class='ocrx_word' id='word_1_11' title='bbox 1641 483 1864 544; x_wconf 81' lang='grc' dir='ltr'>παλαιὸν</span> 
     </span>
     <span class='ocr_line' id='line_1_3' title="bbox 314 562 1864 653; baseline -0.003 -20"><span class='ocrx_word' id='word_1_12' title='bbox 314 578 421 634; x_wconf 88' lang='grc' dir='ltr'>τῶν</span> <span class='ocrx_word' id='word_1_13' title='bbox 449 575 503 633; x_wconf 69' lang='grc' dir='ltr'>ἐν</span> <span class='ocrx_word' id='word_1_14' title='bbox 542 573 790 651; x_wconf 79' lang='grc' dir='ltr'>πολέμοις</span> <span class='ocrx_word' id='word_1_15' title='bbox 816 573 1017 650; x_wconf 77' lang='grc' dir='ltr'>ἡγεῖτο·</span> <span class='ocrx_word' id='word_1_16' title='bbox 1046 573 1136 653; x_wconf 80' lang='grc' dir='ltr'>ἀφ’</span> <span class='ocrx_word' id='word_1_17' title='bbox 1165 562 1225 631; x_wconf 72' lang='grc' dir='ltr'>οὗ</span> <span class='ocrx_word' id='word_1_18' title='bbox 1252 570 1344 631; x_wconf 75' lang='grc' dir='ltr'>καὶ</span> <span class='ocrx_word' id='word_1_19' title='bbox 1380 571 1475 644; x_wconf 80' lang='grc' dir='ltr'>τὴν</span> <span class='ocrx_word' id='word_1_20' title='bbox 1507 574 1692 646; x_wconf 75' lang='grc' dir='ltr'>κλῆσιν</span> <span class='ocrx_word' id='word_1_21' title='bbox 1728 571 1864 652; x_wconf 72' lang='grc' dir='ltr'>ἔχει’</span> 
     </span>
     <span class='ocr_line' id='line_1_4' title="bbox 317 657 1866 741; baseline -0.002 -22"><span class='ocrx_word' id='word_1_22' title='bbox 317 658 530 741; x_wconf 71' lang='grc' dir='ltr'>ὕστερον</span> <span class='ocrx_word' id='word_1_23' title='bbox 554 659 608 719; x_wconf 67' lang='grc' dir='ltr'>δὲ</span> <span class='ocrx_word' id='word_1_24' title='bbox 631 663 725 732; x_wconf 71' lang='grc' dir='ltr'>τῆς</span> <span class='ocrx_word' id='word_1_25' title='bbox 745 657 1024 736; x_wconf 73' lang='grc' dir='ltr'>ἡγεμονίας</span> <span class='ocrx_word' id='word_1_26' title='bbox 1038 657 1234 732; x_wconf 69' lang='grc' dir='ltr'>ἐκείνης</span> <span class='ocrx_word' id='word_1_27' title='bbox 1258 658 1570 740; x_wconf 68' lang='grc' dir='ltr'>ἀφαιρεθεὶς,</span> <span class='ocrx_word' id='word_1_28' title='bbox 1592 657 1866 739; x_wconf 72' lang='grc' dir='ltr'>προειστή-</span> 
     </span>
     <span class='ocr_line' id='line_1_5' title="bbox 313 742 1865 825; baseline -0.002 -19"><span class='ocrx_word' id='word_1_29' title='bbox 313 771 396 806; x_wconf 82' lang='grc' dir='ltr'>κει</span> <span class='ocrx_word' id='word_1_30' title='bbox 426 744 521 821; x_wconf 63' lang='grc' dir='ltr'>μὲν</span> <span class='ocrx_word' id='word_1_31' title='bbox 556 751 661 806; x_wconf 87' lang='grc' dir='ltr'>τῶν</span> <span class='ocrx_word' id='word_1_32' title='bbox 690 769 745 805; x_wconf 87' lang='grc' dir='ltr'>τε</span> <span class='ocrx_word' id='word_1_33' title='bbox 774 745 925 814; x_wconf 85' lang='grc' dir='ltr'>ξένων</span> <span class='ocrx_word' id='word_1_34' title='bbox 955 744 1046 806; x_wconf 73' lang='grc' dir='ltr'>καὶ</span> <span class='ocrx_word' id='word_1_35' title='bbox 1087 750 1190 808; x_wconf 93' lang='grc' dir='ltr'>τῶν</span> <span class='ocrx_word' id='word_1_36' title='bbox 1223 742 1477 824; x_wconf 89' lang='grc' dir='ltr'>μετοίκων</span> <span class='ocrx_word' id='word_1_37' title='bbox 1499 770 1512 784; x_wconf 91' lang='grc'><em>·</em></span> <span class='ocrx_word' id='word_1_38' title='bbox 1543 749 1636 806; x_wconf 78' lang='grc' dir='ltr'>οὐκ</span> <span class='ocrx_word' id='word_1_39' title='bbox 1673 745 1865 825; x_wconf 74' lang='grc' dir='ltr'>ἤμειψε</span> 
     </span>
     <span class='ocr_line' id='line_1_6' title="bbox 313 833 1865 911; baseline -0.003 -16"><span class='ocrx_word' id='word_1_40' title='bbox 313 833 370 895; x_wconf 65' lang='grc' dir='ltr'>δὲ</span> <span class='ocrx_word' id='word_1_41' title='bbox 394 837 488 905; x_wconf 76' lang='grc' dir='ltr'>τὴν</span> <span class='ocrx_word' id='word_1_42' title='bbox 503 836 708 906; x_wconf 73' lang='grc' dir='ltr'>κλῆσιν.</span> <span class='ocrx_word' id='word_1_43' title='bbox 727 836 868 893; x_wconf 86' lang='lat' dir='ltr'><strong>Vide</strong></span> <span class='ocrx_word' id='word_1_44' title='bbox 894 836 1242 893; x_wconf 86' lang='lat' dir='ltr'><strong>Schoemann.</strong></span> <span class='ocrx_word' id='word_1_45' title='bbox 1265 835 1304 896; x_wconf 89' lang='lat' dir='ltr'><strong>l.</strong></span> <span class='ocrx_word' id='word_1_46' title='bbox 1329 836 1370 891; x_wconf 88' lang='lat' dir='ltr'>l.</span> <span class='ocrx_word' id='word_1_47' title='bbox 1392 855 1450 911; x_wconf 86' lang='lat' dir='ltr'><strong>p.</strong></span> <span class='ocrx_word' id='word_1_48' title='bbox 1480 842 1614 909; x_wconf 74' lang='lat'><strong>244,</strong></span> <span class='ocrx_word' id='word_1_49' title='bbox 1645 855 1701 908; x_wconf 91' lang='lat'>7.</span> <span class='ocrx_word' id='word_1_50' title='bbox 1729 835 1865 911; x_wconf 77' lang='lat'><strong>260,</strong></span> 
     </span>
     <span class='ocr_line' id='line_1_7' title="bbox 316 922 1086 1002; baseline -0.005 -19"><span class='ocrx_word' id='word_1_51' title='bbox 316 934 425 1002; x_wconf 77' lang='lat'>293</span> <span class='ocrx_word' id='word_1_52' title='bbox 455 927 762 981; x_wconf 83' lang='lat' dir='ltr'><strong>Hermann.</strong></span> <span class='ocrx_word' id='word_1_53' title='bbox 790 925 823 1001; x_wconf 87' lang='lat'>§</span> <span class='ocrx_word' id='word_1_54' title='bbox 859 922 989 995; x_wconf 82' lang='lat'><strong>138,</strong></span> <span class='ocrx_word' id='word_1_55' title='bbox 1028 925 1086 982; x_wconf 87' lang='lat'>8.</span> 
     </span>
    </p>
   </div>
   <div class='ocr_carea' id='block_1_3' title="bbox 311 1056 1866 2024">
    <p class='ocr_par' dir='ltr' id='par_1_3' title="bbox 1042 1056 1138 1112">
     <span class='ocr_line' id='line_1_8' title="bbox 1042 1056 1138 1112; baseline -0.01 -19"><span class='ocrx_word' id='word_1_56' title='bbox 1042 1056 1138 1112; x_wconf 74' lang='lat'>²9·</span> 
     </span>
    </p>

    <p class='ocr_par' dir='ltr' id='par_1_4' title="bbox 311 1156 1866 2024">
     <span class='ocr_line' id='line_1_9' title="bbox 396 1156 1865 1237; baseline -0.001 -21"><span class='ocrx_word' id='word_1_57' title='bbox 396 1159 849 1235; x_wconf 77' lang='lat' dir='ltr'>Harpocration:</span> <span class='ocrx_word' id='word_1_58' title='bbox 880 1156 1377 1233; x_wconf 83' lang='grc' dir='ltr'>Θεσμοθέται...</span> <span class='ocrx_word' id='word_1_59' title='bbox 1421 1156 1583 1237; x_wconf 77' lang='grc' dir='ltr'>Ἀρχή</span> <span class='ocrx_word' id='word_1_60' title='bbox 1611 1156 1690 1224; x_wconf 89' lang='grc' dir='ltr'>τίς</span> <span class='ocrx_word' id='word_1_61' title='bbox 1728 1159 1865 1216; x_wconf 79' lang='grc' dir='ltr'>ἐστιν</span> 
     </span>
     <span class='ocr_line' id='line_1_10' title="bbox 314 1242 1864 1324; baseline -0.005 -17"><span class='ocrx_word' id='word_1_62' title='bbox 314 1245 587 1317; x_wconf 77' lang='grc' dir='ltr'>Ἀθήνησιν</span> <span class='ocrx_word' id='word_1_63' title='bbox 627 1248 663 1317; x_wconf 83' lang='grc' dir='ltr'>ἡ</span> <span class='ocrx_word' id='word_1_64' title='bbox 701 1246 805 1302; x_wconf 88' lang='grc' dir='ltr'>τῶν</span> <span class='ocrx_word' id='word_1_65' title='bbox 836 1247 1156 1321; x_wconf 73' lang='grc' dir='ltr'>θεσμοθετῶν</span> <span class='ocrx_word' id='word_1_66' title='bbox 1191 1242 1246 1313; x_wconf 63' lang='grc' dir='ltr'>ἒξ</span> <span class='ocrx_word' id='word_1_67' title='bbox 1283 1242 1371 1303; x_wconf 78' lang='grc' dir='ltr'>τὸν</span> <span class='ocrx_word' id='word_1_68' title='bbox 1422 1245 1639 1324; x_wconf 77' lang='grc' dir='ltr'>ἀριθμὸν</span> <span class='ocrx_word' id='word_1_69' title='bbox 1675 1243 1864 1303; x_wconf 82' lang='grc' dir='ltr'>όντων·</span> 
     </span>
     <span class='ocr_line' id='line_1_11' title="bbox 312 1329 1865 1411; baseline -0.003 -19"><span class='ocrx_word' id='word_1_70' title='bbox 312 1332 418 1393; x_wconf 74' lang='grc' dir='ltr'>εἰσὶ</span> <span class='ocrx_word' id='word_1_71' title='bbox 448 1330 504 1392; x_wconf 67' lang='grc' dir='ltr'>δὲ</span> <span class='ocrx_word' id='word_1_72' title='bbox 554 1334 612 1391; x_wconf 63' lang='grc' dir='ltr'>ἔκ</span> <span class='ocrx_word' id='word_1_73' title='bbox 658 1331 763 1390; x_wconf 74' lang='grc' dir='ltr'>τῶν</span> <span class='ocrx_word' id='word_1_74' title='bbox 799 1329 1130 1407; x_wconf 72' lang='grc' dir='ltr'>καλουμένων</span> <span class='ocrx_word' id='word_1_75' title='bbox 1157 1330 1202 1389; x_wconf 91' lang='grc' dir='ltr'>θ’</span> <span class='ocrx_word' id='word_1_76' title='bbox 1234 1329 1520 1411; x_wconf 80' lang='grc' dir='ltr'>ἀρχόντων.</span> <span class='ocrx_word' id='word_1_77' title='bbox 1567 1332 1865 1390; x_wconf 77' lang='grc' dir='ltr'>Καλοῦνται</span> 
     </span>
     <span class='ocr_line' id='line_1_12' title="bbox 314 1410 1866 1499; baseline -0.003 -19"><span class='ocrx_word' id='word_1_78' title='bbox 314 1422 371 1481; x_wconf 68' lang='grc' dir='ltr'>δὲ</span> <span class='ocrx_word' id='word_1_79' title='bbox 404 1417 596 1491; x_wconf 74' lang='grc' dir='ltr'>οὕτως,</span> <span class='ocrx_word' id='word_1_80' title='bbox 636 1417 715 1478; x_wconf 80' lang='grc' dir='ltr'>ὅτι</span> <span class='ocrx_word' id='word_1_81' title='bbox 759 1420 862 1477; x_wconf 87' lang='grc' dir='ltr'>τῶν</span> <span class='ocrx_word' id='word_1_82' title='bbox 902 1418 1073 1495; x_wconf 86' lang='grc' dir='ltr'>νόμων</span> <span class='ocrx_word' id='word_1_83' title='bbox 1100 1417 1193 1489; x_wconf 82' lang='grc' dir='ltr'>τὴν</span> <span class='ocrx_word' id='word_1_84' title='bbox 1222 1416 1526 1497; x_wconf 77' lang='grc' dir='ltr'>ἐπιμέλειαν</span> <span class='ocrx_word' id='word_1_85' title='bbox 1566 1410 1737 1499; x_wconf 68' lang='grc' dir='ltr'>εἶχον·</span> <span class='ocrx_word' id='word_1_86' title='bbox 1779 1423 1866 1477; x_wconf 86' lang='grc' dir='ltr'>θε-</span> 
     </span>
     <span class='ocr_line' id='line_1_13' title="bbox 314 1503 1864 1587; baseline -0.002 -20"><span class='ocrx_word' id='word_1_87' title='bbox 314 1507 441 1587; x_wconf 75' lang='grc' dir='ltr'>σμοὶ</span> <span class='ocrx_word' id='word_1_88' title='bbox 484 1504 538 1566; x_wconf 63' lang='grc' dir='ltr'>δὲ</span> <span class='ocrx_word' id='word_1_89' title='bbox 571 1507 850 1565; x_wconf 68' lang='grc' dir='ltr'>ἐκαλοῦντο</span> <span class='ocrx_word' id='word_1_90' title='bbox 887 1506 935 1564; x_wconf 79' lang='grc' dir='ltr'>οἱ</span> <span class='ocrx_word' id='word_1_91' title='bbox 978 1504 1160 1581; x_wconf 88' lang='grc' dir='ltr'>νόμοι,</span> <span class='ocrx_word' id='word_1_92' title='bbox 1193 1507 1262 1572; x_wconf 82' lang='grc' dir='ltr'>ὡς</span> <span class='ocrx_word' id='word_1_93' title='bbox 1288 1503 1603 1585; x_wconf 79' lang='grc' dir='ltr'>προείπομεν</span> <span class='ocrx_word' id='word_1_94' title='bbox 1642 1508 1728 1583; x_wconf 68' lang='grc' dir='ltr'>(ν.</span> <span class='ocrx_word' id='word_1_95' title='bbox 1754 1509 1864 1568; x_wconf 84' lang='grc' dir='ltr'>Θε-</span> 
     </span>
     <span class='ocr_line' id='line_1_14' title="bbox 313 1581 1862 1673; baseline -0.002 -20"><span class='ocrx_word' id='word_1_96' title='bbox 313 1592 500 1673; x_wconf 85' lang='grc' dir='ltr'>σμός).</span> <span class='ocrx_word' id='word_1_97' title='bbox 521 1588 651 1653; x_wconf 70' lang='grc' dir='ltr'>Ὀτι</span> <span class='ocrx_word' id='word_1_98' title='bbox 670 1590 725 1651; x_wconf 80' lang='grc' dir='ltr'>δὲ</span> <span class='ocrx_word' id='word_1_99' title='bbox 740 1589 855 1658; x_wconf 74' lang='grc' dir='ltr'>τοὺς</span> <span class='ocrx_word' id='word_1_100' title='bbox 875 1590 1060 1668; x_wconf 88' lang='grc' dir='ltr'>νόμους</span> <span class='ocrx_word' id='word_1_101' title='bbox 1078 1581 1216 1649; x_wconf 69' lang='grc' dir='ltr'>οὗτοι</span> <span class='ocrx_word' id='word_1_102' title='bbox 1237 1588 1479 1671; x_wconf 81' lang='grc' dir='ltr'>διώρθουν</span> <span class='ocrx_word' id='word_1_103' title='bbox 1498 1594 1614 1649; x_wconf 84' lang='grc' dir='ltr'>κατ’</span> <span class='ocrx_word' id='word_1_104' title='bbox 1636 1591 1862 1650; x_wconf 73' lang='grc' dir='ltr'>ἐνιαυτὸν</span> 
     </span>
     <span class='ocr_line' id='line_1_15' title="bbox 312 1675 1864 1760; baseline -0.005 -18"><span class='ocrx_word' id='word_1_105' title='bbox 312 1681 553 1755; x_wconf 68' lang='grc' dir='ltr'>ἕκαστον,</span> <span class='ocrx_word' id='word_1_106' title='bbox 579 1677 779 1760; x_wconf 72' lang='grc' dir='ltr'>εἴρηκεν</span> <span class='ocrx_word' id='word_1_107' title='bbox 805 1676 1058 1758; x_wconf 75' lang='grc' dir='ltr'>Αἰσχίνης</span> <span class='ocrx_word' id='word_1_108' title='bbox 1083 1700 1139 1736; x_wconf 88' lang='grc' dir='ltr'>τε</span> <span class='ocrx_word' id='word_1_109' title='bbox 1159 1679 1214 1735; x_wconf 76' lang='grc' dir='ltr'>ἐν</span> <span class='ocrx_word' id='word_1_110' title='bbox 1234 1680 1308 1759; x_wconf 81' lang='grc' dir='ltr'>τῷ</span> <span class='ocrx_word' id='word_1_111' title='bbox 1330 1675 1468 1736; x_wconf 73' lang='grc' dir='ltr'>κατὰ</span> <span class='ocrx_word' id='word_1_112' title='bbox 1498 1680 1864 1759; x_wconf 70' lang='grc' dir='ltr'>Κτησιφῶντος</span> 
     </span>
     <span class='ocr_line' id='line_1_16' title="bbox 317 1762 1865 1848; baseline -0.003 -20"><span class='ocrx_word' id='word_1_113' title='bbox 317 1771 372 1848; x_wconf 85' lang='lat'>(§</span> <span class='ocrx_word' id='word_1_114' title='bbox 395 1769 503 1848; x_wconf 83' lang='lat'>58)</span> <span class='ocrx_word' id='word_1_115' title='bbox 534 1767 624 1827; x_wconf 76' lang='grc' dir='ltr'>καὶ</span> <span class='ocrx_word' id='word_1_116' title='bbox 647 1763 978 1846; x_wconf 82' lang='grc' dir='ltr'>Θεόφραστος</span> <span class='ocrx_word' id='word_1_117' title='bbox 1002 1766 1053 1822; x_wconf 75' lang='grc' dir='ltr'>ἐν</span> <span class='ocrx_word' id='word_1_118' title='bbox 1076 1763 1126 1843; x_wconf 82' lang='grc' dir='ltr'>γ’</span> <span class='ocrx_word' id='word_1_119' title='bbox 1151 1762 1366 1840; x_wconf 88' lang='grc' dir='ltr'>Νόμων.</span> <span class='ocrx_word' id='word_1_120' title='bbox 1385 1763 1452 1825; x_wconf 88' lang='grc' dir='ltr'><strong>Ὁ</strong></span> <span class='ocrx_word' id='word_1_121' title='bbox 1479 1764 1533 1823; x_wconf 82' lang='grc' dir='ltr'>δὲ</span> <span class='ocrx_word' id='word_1_122' title='bbox 1561 1763 1865 1846; x_wconf 82' lang='grc' dir='ltr'>Ἀριστοτέ-</span> 
     </span>
     <span class='ocr_line' id='line_1_17' title="bbox 311 1850 1865 1934; baseline -0.004 -18"><span class='ocrx_word' id='word_1_123' title='bbox 311 1858 410 1928; x_wconf 86' lang='grc' dir='ltr'>λης</span> <span class='ocrx_word' id='word_1_124' title='bbox 433 1857 484 1915; x_wconf 70' lang='grc' dir='ltr'>ἓν</span> <span class='ocrx_word' id='word_1_125' title='bbox 507 1860 574 1934; x_wconf 74' lang='grc' dir='ltr'>τῇ</span> <span class='ocrx_word' id='word_1_126' title='bbox 607 1856 692 1931; x_wconf 77' lang='grc' dir='ltr'>(ἐν</span> <span class='ocrx_word' id='word_1_127' title='bbox 728 1857 793 1929; x_wconf 80' lang='grc' dir='ltr'>τῇ</span> <span class='ocrx_word' id='word_1_128' title='bbox 816 1855 863 1910; x_wconf 87' lang='grc' dir='ltr'>α’</span> <span class='ocrx_word' id='word_1_129' title='bbox 891 1851 995 1913; x_wconf 86' lang='grc' dir='ltr'>Ἀθ.</span> <span class='ocrx_word' id='word_1_130' title='bbox 1031 1852 1164 1912; x_wconf 88' lang='lat' dir='ltr'><strong>cod.</strong></span> <span class='ocrx_word' id='word_1_131' title='bbox 1204 1853 1285 1930; x_wconf 84' lang='lat' dir='ltr'>A)</span> <span class='ocrx_word' id='word_1_132' title='bbox 1323 1850 1605 1923; x_wconf 82' lang='grc' dir='ltr'>Ἀθηναίων</span> <span class='ocrx_word' id='word_1_133' title='bbox 1629 1851 1865 1934; x_wconf 73' lang='grc' dir='ltr'>πολιτείᾳ</span> 
     </span>
     <span class='ocr_line' id='line_1_18' title="bbox 315 1932 1233 2024; baseline -0.003 -22"><span class='ocrx_word' id='word_1_134' title='bbox 315 1943 578 2024; x_wconf 77' lang='grc' dir='ltr'>διέρχεται</span> <span class='ocrx_word' id='word_1_135' title='bbox 605 1941 702 2000; x_wconf 74' lang='grc' dir='ltr'>ὅσα</span> <span class='ocrx_word' id='word_1_136' title='bbox 730 1932 868 1999; x_wconf 74' lang='grc' dir='ltr'>οὗτοι</span> <span class='ocrx_word' id='word_1_137' title='bbox 900 1938 1233 2020; x_wconf 88' lang='grc' dir='ltr'>πράττουσιν.</span> 
     </span>
    </p>
   </div>
   <div class='ocr_carea' id='block_1_4' title="bbox 1046 2044 1141 2106">
    <p class='ocr_par' dir='ltr' id='par_1_5' title="bbox 1046 2044 1141 2106">
     <span class='ocr_line' id='line_1_19' title="bbox 1046 2044 1141 2106; baseline 0.053 -6"><span class='ocrx_word' id='word_1_138' title='bbox 1046 2044 1141 2106; x_wconf 86' lang='lat'>30.</span> 
     </span>
    </p>
   </div>
   <div class='ocr_carea' id='block_1_5' title="bbox 314 2156 1871 3992">
    <p class='ocr_par' dir='ltr' id='par_1_6' title="bbox 314 2156 1870 3036">
     <span class='ocr_line' id='line_1_20' title="bbox 398 2156 1864 2239; baseline -0.006 -14"><span class='ocrx_word' id='word_1_139' title='bbox 398 2170 532 2225; x_wconf 80' lang='lat' dir='ltr'><strong>Lex.</strong></span> <span class='ocrx_word' id='word_1_140' title='bbox 563 2166 798 2223; x_wconf 83' lang='lat' dir='ltr'><strong>Rhetor.</strong></span> <span class='ocrx_word' id='word_1_141' title='bbox 820 2182 882 2239; x_wconf 90' lang='lat' dir='ltr'><strong>p.</strong></span> <span class='ocrx_word' id='word_1_142' title='bbox 915 2162 1063 2234; x_wconf 88' lang='lat'><strong>670,</strong></span> <span class='ocrx_word' id='word_1_143' title='bbox 1097 2159 1165 2217; x_wconf 82' lang='lat'>15</span> <span class='ocrx_word' id='word_1_144' title='bbox 1198 2179 1214 2220; x_wconf 70' lang='grc' dir='ltr'>ς</span> <span class='ocrx_word' id='word_1_145' title='bbox 1244 2160 1677 2237; x_wconf 83' lang='grc' dir='ltr'>Θεσμοθετῶν</span> <span class='ocrx_word' id='word_1_146' title='bbox 1722 2156 1864 2217; x_wconf 76' lang='grc' dir='ltr'>ἀνά-</span> 
     </span>
     <span class='ocr_line' id='line_1_21' title="bbox 317 2245 1864 2335; baseline -0.006 -22"><span class='ocrx_word' id='word_1_147' title='bbox 317 2278 350 2313; x_wconf 85' lang='grc' dir='ltr'>κ</span> <span class='ocrx_word' id='word_1_148' title='bbox 367 2274 559 2335; x_wconf 87' lang='grc' dir='ltr'>ρισις.</span> <span class='ocrx_word' id='word_1_149' title='bbox 608 2248 761 2311; x_wconf 81' lang='grc' dir='ltr'>Κατὰ</span> <span class='ocrx_word' id='word_1_150' title='bbox 790 2245 1148 2328; x_wconf 73' lang='grc' dir='ltr'>Ἀριστοτέλην</span> <span class='ocrx_word' id='word_1_151' title='bbox 1190 2249 1237 2306; x_wconf 84' lang='lat' dir='ltr'>oi</span> <span class='ocrx_word' id='word_1_152' title='bbox 1274 2246 1578 2323; x_wconf 79' lang='grc' dir='ltr'>θεσμοθέται</span> <span class='ocrx_word' id='word_1_153' title='bbox 1606 2250 1665 2307; x_wconf 77' lang='grc' dir='ltr'>ἐκ</span> <span class='ocrx_word' id='word_1_154' title='bbox 1687 2248 1790 2305; x_wconf 85' lang='grc' dir='ltr'>τῶν</span> <span class='ocrx_word' id='word_1_155' title='bbox 1818 2245 1864 2304; x_wconf 89' lang='grc' dir='ltr'>θ’</span> 
     </span>
     <span class='ocr_line' id='line_1_22' title="bbox 316 2332 1868 2419; baseline -0.005 -21"><span class='ocrx_word' id='word_1_156' title='bbox 316 2338 604 2419; x_wconf 74' lang='grc' dir='ltr'>ἀρχόντων,</span> <span class='ocrx_word' id='word_1_157' title='bbox 637 2333 783 2395; x_wconf 74' lang='grc' dir='ltr'>αὐτοὶ</span> <span class='ocrx_word' id='word_1_158' title='bbox 805 2332 858 2403; x_wconf 75' lang='grc' dir='ltr'>ἓξ</span> <span class='ocrx_word' id='word_1_159' title='bbox 884 2334 1049 2402; x_wconf 81' lang='grc' dir='ltr'>ὄντες·</span> <span class='ocrx_word' id='word_1_160' title='bbox 1079 2336 1126 2393; x_wconf 84' lang='lat' dir='ltr'>oi</span> <span class='ocrx_word' id='word_1_161' title='bbox 1154 2333 1208 2393; x_wconf 88' lang='grc' dir='ltr'>δὲ</span> <span class='ocrx_word' id='word_1_162' title='bbox 1238 2332 1487 2413; x_wconf 78' lang='grc' dir='ltr'>λαχόντες</span> <span class='ocrx_word' id='word_1_163' title='bbox 1508 2332 1609 2392; x_wconf 71' lang='grc' dir='ltr'>ὑπὸ</span> <span class='ocrx_word' id='word_1_164' title='bbox 1633 2336 1725 2406; x_wconf 69' lang='grc' dir='ltr'>τῆς</span> <span class='ocrx_word' id='word_1_165' title='bbox 1754 2335 1868 2411; x_wconf 77' lang='grc' dir='ltr'>βου·</span> 
     </span>
     <span class='ocr_line' id='line_1_23' title="bbox 317 2419 1865 2501; baseline -0.006 -15"><span class='ocrx_word' id='word_1_166' title='bbox 317 2430 415 2499; x_wconf 76' lang='grc' dir='ltr'>λῆς</span> <span class='ocrx_word' id='word_1_167' title='bbox 434 2429 542 2485; x_wconf 88' lang='grc' dir='ltr'>τῶν</span> <span class='ocrx_word' id='word_1_168' title='bbox 570 2421 923 2484; x_wconf 79' lang='grc' dir='ltr'>πεντακοσίων</span> <span class='ocrx_word' id='word_1_169' title='bbox 952 2420 1042 2481; x_wconf 77' lang='grc' dir='ltr'>καὶ</span> <span class='ocrx_word' id='word_1_170' title='bbox 1066 2426 1157 2481; x_wconf 74' lang='grc' dir='ltr'>τοῦ</span> <span class='ocrx_word' id='word_1_171' title='bbox 1202 2419 1536 2501; x_wconf 81' lang='grc' dir='ltr'>δικαστηρίου</span> <span class='ocrx_word' id='word_1_172' title='bbox 1562 2419 1865 2497; x_wconf 81' lang='grc' dir='ltr'>δοκιμάζον-</span> 
     </span>
     <span class='ocr_line' id='line_1_24' title="bbox 314 2507 1865 2590; baseline -0.005 -17"><span class='ocrx_word' id='word_1_173' title='bbox 314 2537 440 2589; x_wconf 85' lang='grc' dir='ltr'>ται,</span> <span class='ocrx_word' id='word_1_174' title='bbox 478 2510 617 2583; x_wconf 76' lang='grc' dir='ltr'>πλὴν</span> <span class='ocrx_word' id='word_1_175' title='bbox 652 2514 744 2569; x_wconf 73' lang='grc' dir='ltr'>τοῦ</span> <span class='ocrx_word' id='word_1_176' title='bbox 769 2507 1155 2590; x_wconf 82' lang='grc' dir='ltr'>γραμματέως,</span> <span class='ocrx_word' id='word_1_177' title='bbox 1178 2507 1505 2589; x_wconf 75' lang='grc' dir='ltr'>ἐρωτώμενοι</span> <span class='ocrx_word' id='word_1_178' title='bbox 1539 2507 1669 2575; x_wconf 89' lang='grc' dir='ltr'>τίνες</span> <span class='ocrx_word' id='word_1_179' title='bbox 1697 2509 1865 2566; x_wconf 83' lang='grc' dir='ltr'>αὐτῶν</span> 
     </span>
     <span class='ocr_line' id='line_1_25' title="bbox 316 2594 1866 2681; baseline -0.006 -19"><span class='ocrx_word' id='word_1_180' title='bbox 316 2603 567 2681; x_wconf 77' lang='grc' dir='ltr'>πατέρες,</span> <span class='ocrx_word' id='word_1_181' title='bbox 610 2596 799 2677; x_wconf 78' lang='grc' dir='ltr'>ὁμοίως</span> <span class='ocrx_word' id='word_1_182' title='bbox 826 2596 916 2657; x_wconf 78' lang='grc' dir='ltr'>καὶ</span> <span class='ocrx_word' id='word_1_183' title='bbox 941 2595 1118 2674; x_wconf 79' lang='grc' dir='ltr'>δήμων</span> <span class='ocrx_word' id='word_1_184' title='bbox 1159 2596 1311 2656; x_wconf 88' lang='grc' dir='ltr'>τίνων</span> <span class='ocrx_word' id='word_1_185' title='bbox 1337 2595 1466 2670; x_wconf 66' lang='lat' dir='ltr'><strong>stoi,</strong></span> <span class='ocrx_word' id='word_1_186' title='bbox 1503 2595 1593 2655; x_wconf 79' lang='grc' dir='ltr'>καὶ</span> <span class='ocrx_word' id='word_1_187' title='bbox 1638 2597 1684 2653; x_wconf 82' lang='grc' dir='ltr'>εἷ</span> <span class='ocrx_word' id='word_1_188' title='bbox 1728 2594 1866 2654; x_wconf 83' lang='grc' dir='ltr'>ἔστιν</span> 
     </span>
     <span class='ocr_line' id='line_1_26' title="bbox 317 2681 1870 2765; baseline -0.005 -18"><span class='ocrx_word' id='word_1_189' title='bbox 317 2688 493 2756; x_wconf 79' lang='grc' dir='ltr'>αὐτοῖς</span> <span class='ocrx_word' id='word_1_190' title='bbox 512 2686 774 2749; x_wconf 81' lang='grc' dir='ltr'>Ἀπόλλων</span> <span class='ocrx_word' id='word_1_191' title='bbox 798 2686 1037 2765; x_wconf 74' lang='grc' dir='ltr'>πατρῷος</span> <span class='ocrx_word' id='word_1_192' title='bbox 1063 2683 1152 2743; x_wconf 70' lang='grc' dir='ltr'>καὶ</span> <span class='ocrx_word' id='word_1_193' title='bbox 1176 2681 1305 2751; x_wconf 78' lang='grc' dir='ltr'>Ζεὺς</span> <span class='ocrx_word' id='word_1_194' title='bbox 1329 2681 1536 2763; x_wconf 71' lang='grc' dir='ltr'>ἕρκειος,</span> <span class='ocrx_word' id='word_1_195' title='bbox 1563 2681 1654 2741; x_wconf 80' lang='grc' dir='ltr'>καὶ</span> <span class='ocrx_word' id='word_1_196' title='bbox 1679 2685 1725 2742; x_wconf 81' lang='grc' dir='ltr'>εἰ</span> <span class='ocrx_word' id='word_1_197' title='bbox 1754 2681 1870 2749; x_wconf 74' lang='grc' dir='ltr'>τοὺς</span> 
     </span>
     <span class='ocr_line' id='line_1_27' title="bbox 318 2765 1870 2855; baseline -0.005 -20"><span class='ocrx_word' id='word_1_198' title='bbox 318 2774 503 2855; x_wconf 82' lang='grc' dir='ltr'>γονέας</span> <span class='ocrx_word' id='word_1_199' title='bbox 530 2765 588 2834; x_wconf 68' lang='grc' dir='ltr'>εὖ</span> <span class='ocrx_word' id='word_1_200' title='bbox 613 2777 851 2846; x_wconf 75' lang='grc' dir='ltr'>ποιοῦσι,</span> <span class='ocrx_word' id='word_1_201' title='bbox 879 2770 970 2831; x_wconf 78' lang='grc' dir='ltr'>καὶ</span> <span class='ocrx_word' id='word_1_202' title='bbox 994 2774 1040 2830; x_wconf 78' lang='grc' dir='ltr'>εἰ</span> <span class='ocrx_word' id='word_1_203' title='bbox 1064 2768 1131 2829; x_wconf 74' lang='grc' dir='ltr'>τὰ</span> <span class='ocrx_word' id='word_1_204' title='bbox 1158 2771 1282 2842; x_wconf 85' lang='grc' dir='ltr'>τέλη</span> <span class='ocrx_word' id='word_1_205' title='bbox 1310 2772 1538 2844; x_wconf 75' lang='grc' dir='ltr'>τελοῦσι,</span> <span class='ocrx_word' id='word_1_206' title='bbox 1562 2769 1653 2829; x_wconf 77' lang='grc' dir='ltr'>καὶ</span> <span class='ocrx_word' id='word_1_207' title='bbox 1693 2772 1739 2829; x_wconf 78' lang='grc' dir='ltr'>εἰ</span> <span class='ocrx_word' id='word_1_208' title='bbox 1777 2768 1870 2837; x_wconf 75' lang='grc' dir='ltr'>τὰς</span> 
     </span>
     <span class='ocr_line' id='line_1_28' title="bbox 319 2846 1870 2945; baseline -0.005 -22"><span class='ocrx_word' id='word_1_209' title='bbox 319 2862 450 2945; x_wconf 72' lang='grc' dir='ltr'>ὑπὲρ</span> <span class='ocrx_word' id='word_1_210' title='bbox 467 2866 560 2935; x_wconf 71' lang='grc' dir='ltr'>τῆς</span> <span class='ocrx_word' id='word_1_211' title='bbox 578 2860 822 2941; x_wconf 81' lang='grc' dir='ltr'>πατρίδος</span> <span class='ocrx_word' id='word_1_212' title='bbox 840 2858 1111 2940; x_wconf 82' lang='grc' dir='ltr'>στρατείας</span> <span class='ocrx_word' id='word_1_213' title='bbox 1132 2856 1564 2939; x_wconf 76' lang='grc' dir='ltr'>ἐστρατεύσαντο·</span> <span class='ocrx_word' id='word_1_214' title='bbox 1588 2853 1761 2915; x_wconf 90' lang='grc' dir='ltr'>πάντα</span> <span class='ocrx_word' id='word_1_215' title='bbox 1782 2846 1870 2915; x_wconf 71' lang='grc' dir='ltr'>οὗν</span> 
     </span>
     <span class='ocr_line' id='line_1_29' title="bbox 319 2944 1553 3036; baseline -0.006 -24"><span class='ocrx_word' id='word_1_216' title='bbox 319 2952 491 3036; x_wconf 82' lang='lat' dir='ltr'><strong>[adde</strong></span> <span class='ocrx_word' id='word_1_217' title='bbox 513 2950 708 3031; x_wconf 73' lang='grc' dir='ltr'>ταῦτα]</span> <span class='ocrx_word' id='word_1_218' title='bbox 730 2946 995 3030; x_wconf 74' lang='grc' dir='ltr'>ἀνάκρισιν</span> <span class='ocrx_word' id='word_1_219' title='bbox 1019 2944 1239 3026; x_wconf 78' lang='grc' dir='ltr'>εὐλόγως</span> <span class='ocrx_word' id='word_1_220' title='bbox 1257 2944 1553 3023; x_wconf 81' lang='grc' dir='ltr'>ὠνόμασαν.</span> 
     </span>
    </p>

    <p class='ocr_par' dir='ltr' id='par_1_7' title="bbox 317 3031 1871 3992">
     <span class='ocr_line' id='line_1_30' title="bbox 402 3031 1870 3110; baseline -0.006 -11"><span class='ocrx_word' id='word_1_221' title='bbox 402 3040 483 3099; x_wconf 80' lang='lat' dir='ltr'>Cf.</span> <span class='ocrx_word' id='word_1_222' title='bbox 506 3041 706 3097; x_wconf 84' lang='lat' dir='ltr'><strong>Pollux</strong></span> <span class='ocrx_word' id='word_1_223' title='bbox 721 3039 853 3095; x_wconf 85' lang='lat' dir='ltr'><strong>vm</strong></span> <span class='ocrx_word' id='word_1_224' title='bbox 867 3078 884 3108; x_wconf 92' lang='lat'><strong>,</strong></span> <span class='ocrx_word' id='word_1_225' title='bbox 911 3036 985 3095; x_wconf 86' lang='lat'>85</span> <span class='ocrx_word' id='word_1_226' title='bbox 1020 3055 1035 3094; x_wconf 71' lang='grc' dir='ltr'>τ</span> <span class='ocrx_word' id='word_1_227' title='bbox 1067 3033 1344 3096; x_wconf 80' lang='grc' dir='ltr'>Ἐκαλεῖτο</span> <span class='ocrx_word' id='word_1_228' title='bbox 1363 3031 1419 3091; x_wconf 87' lang='grc' dir='ltr'>δέ</span> <span class='ocrx_word' id='word_1_229' title='bbox 1432 3055 1509 3100; x_wconf 89' lang='grc' dir='ltr'>τις</span> <span class='ocrx_word' id='word_1_230' title='bbox 1526 3033 1870 3110; x_wconf 83' lang='grc' dir='ltr'>Θεσμοθετῶν</span> 
     </span>
     <span class='ocr_line' id='line_1_31' title="bbox 324 3118 1870 3206; baseline -0.006 -19"><span class='ocrx_word' id='word_1_231' title='bbox 324 3126 628 3206; x_wconf 71' lang='grc' dir='ltr'>ἀνάκρισις,</span> <span class='ocrx_word' id='word_1_232' title='bbox 659 3125 705 3183; x_wconf 76' lang='grc' dir='ltr'>εἰ</span> <span class='ocrx_word' id='word_1_233' title='bbox 733 3122 988 3195; x_wconf 80' lang='grc' dir='ltr'>Ἀθηναῖοι</span> <span class='ocrx_word' id='word_1_234' title='bbox 1015 3120 1145 3180; x_wconf 76' lang='grc' dir='ltr'>εἰσὶν</span> <span class='ocrx_word' id='word_1_235' title='bbox 1172 3119 1483 3200; x_wconf 72' lang='grc' dir='ltr'>ἑκατέρωθεν</span> <span class='ocrx_word' id='word_1_236' title='bbox 1513 3122 1573 3180; x_wconf 76' lang='grc' dir='ltr'>ἐκ</span> <span class='ocrx_word' id='word_1_237' title='bbox 1598 3118 1870 3200; x_wconf 84' lang='grc' dir='ltr'>τριγονίας,</span> 
     </span>
     <span class='ocr_line' id='line_1_32' title="bbox 319 3205 1871 3289; baseline -0.006 -15"><span class='ocrx_word' id='word_1_238' title='bbox 319 3214 415 3274; x_wconf 76' lang='grc' dir='ltr'>καὶ</span> <span class='ocrx_word' id='word_1_239' title='bbox 449 3212 539 3272; x_wconf 74' lang='grc' dir='ltr'>τὸν</span> <span class='ocrx_word' id='word_1_240' title='bbox 576 3213 737 3289; x_wconf 79' lang='grc' dir='ltr'>δῆμον</span> <span class='ocrx_word' id='word_1_241' title='bbox 782 3209 958 3285; x_wconf 86' lang='grc' dir='ltr'>πόθεν,</span> <span class='ocrx_word' id='word_1_242' title='bbox 1001 3207 1093 3268; x_wconf 74' lang='grc' dir='ltr'>καὶ</span> <span class='ocrx_word' id='word_1_243' title='bbox 1129 3210 1176 3267; x_wconf 75' lang='grc' dir='ltr'>εἰ</span> <span class='ocrx_word' id='word_1_244' title='bbox 1216 3207 1479 3268; x_wconf 76' lang='grc' dir='ltr'>Ἀπόλλων</span> <span class='ocrx_word' id='word_1_245' title='bbox 1522 3205 1659 3267; x_wconf 66' lang='grc' dir='ltr'>ἔστιν</span> <span class='ocrx_word' id='word_1_246' title='bbox 1703 3208 1871 3274; x_wconf 73' lang='grc' dir='ltr'>αὐτοῖς</span> 
     </span>
     <span class='ocr_line' id='line_1_33' title="bbox 317 3285 1868 3380; baseline -0.005 -20"><span class='ocrx_word' id='word_1_247' title='bbox 317 3302 561 3380; x_wconf 76' lang='grc' dir='ltr'>πατρῷος</span> <span class='ocrx_word' id='word_1_248' title='bbox 579 3297 668 3357; x_wconf 80' lang='grc' dir='ltr'>καὶ</span> <span class='ocrx_word' id='word_1_249' title='bbox 684 3293 812 3364; x_wconf 74' lang='grc' dir='ltr'>Ζεὺς</span> <span class='ocrx_word' id='word_1_250' title='bbox 830 3294 1039 3377; x_wconf 68' lang='grc' dir='ltr'>ἕρκειος,</span> <span class='ocrx_word' id='word_1_251' title='bbox 1054 3293 1145 3355; x_wconf 74' lang='grc' dir='ltr'>καὶ</span> <span class='ocrx_word' id='word_1_252' title='bbox 1167 3297 1211 3355; x_wconf 81' lang='grc' dir='ltr'>εἰ</span> <span class='ocrx_word' id='word_1_253' title='bbox 1234 3292 1350 3362; x_wconf 73' lang='grc' dir='ltr'>τοὺς</span> <span class='ocrx_word' id='word_1_254' title='bbox 1369 3293 1548 3374; x_wconf 82' lang='grc' dir='ltr'>γονέας</span> <span class='ocrx_word' id='word_1_255' title='bbox 1571 3285 1629 3353; x_wconf 72' lang='grc' dir='ltr'>εὗ</span> <span class='ocrx_word' id='word_1_256' title='bbox 1646 3299 1868 3366; x_wconf 74' lang='grc' dir='ltr'>ποιοῦσι,</span> 
     </span>
     <span class='ocr_line' id='line_1_34' title="bbox 319 3382 1869 3467; baseline -0.006 -19"><span class='ocrx_word' id='word_1_257' title='bbox 319 3388 416 3449; x_wconf 76' lang='grc' dir='ltr'>καὶ</span> <span class='ocrx_word' id='word_1_258' title='bbox 439 3390 485 3447; x_wconf 80' lang='grc' dir='ltr'>εἰ</span> <span class='ocrx_word' id='word_1_259' title='bbox 520 3386 887 3467; x_wconf 76' lang='grc' dir='ltr'>ἕστράτευνται</span> <span class='ocrx_word' id='word_1_260' title='bbox 907 3382 1038 3466; x_wconf 72' lang='grc' dir='ltr'>ὑπὲρ</span> <span class='ocrx_word' id='word_1_261' title='bbox 1065 3387 1162 3457; x_wconf 78' lang='grc' dir='ltr'>τῆς</span> <span class='ocrx_word' id='word_1_262' title='bbox 1181 3382 1425 3463; x_wconf 83' lang='grc' dir='ltr'>πατρίδος</span> <span class='ocrx_word' id='word_1_263' title='bbox 1446 3427 1463 3459; x_wconf 88' lang='grc'>,</span> <span class='ocrx_word' id='word_1_264' title='bbox 1484 3382 1574 3442; x_wconf 73' lang='grc' dir='ltr'>καὶ</span> <span class='ocrx_word' id='word_1_265' title='bbox 1593 3385 1637 3442; x_wconf 81' lang='grc' dir='ltr'>εἰ</span> <span class='ocrx_word' id='word_1_266' title='bbox 1663 3382 1869 3460; x_wconf 86' lang='grc' dir='ltr'>τίμημα</span> 
     </span>
     <span class='ocr_line' id='line_1_35' title="bbox 319 3461 1870 3555; baseline -0.007 -18"><span class='ocrx_word' id='word_1_267' title='bbox 319 3476 464 3537; x_wconf 71' lang='grc' dir='ltr'>ἔστιν</span> <span class='ocrx_word' id='word_1_268' title='bbox 493 3476 684 3542; x_wconf 71' lang='grc' dir='ltr'>αὐτοῖς.</span> <span class='ocrx_word' id='word_1_269' title='bbox 713 3470 1000 3555; x_wconf 80' lang='grc' dir='ltr'>Ἐπηρώτα</span> <span class='ocrx_word' id='word_1_270' title='bbox 1027 3471 1084 3530; x_wconf 67' lang='grc' dir='ltr'>δὲ</span> <span class='ocrx_word' id='word_1_271' title='bbox 1113 3474 1147 3543; x_wconf 83' lang='grc' dir='ltr'>ἡ</span> <span class='ocrx_word' id='word_1_272' title='bbox 1179 3469 1375 3552; x_wconf 82' lang='grc' dir='ltr'>βουλὴ,</span> <span class='ocrx_word' id='word_1_273' title='bbox 1411 3468 1614 3548; x_wconf 84' lang='grc' dir='ltr'>ὤμνυον</span> <span class='ocrx_word' id='word_1_274' title='bbox 1646 3468 1699 3528; x_wconf 84' lang='grc' dir='ltr'>δὲ</span> <span class='ocrx_word' id='word_1_275' title='bbox 1733 3461 1870 3530; x_wconf 69' lang='grc' dir='ltr'>οὗτοι</span> 
     </span>
     <span class='ocr_line' id='line_1_36' title="bbox 319 3556 1870 3644; baseline -0.005 -21"><span class='ocrx_word' id='word_1_276' title='bbox 319 3563 451 3644; x_wconf 83' lang='grc' dir='ltr'>πρὸς</span> <span class='ocrx_word' id='word_1_277' title='bbox 476 3567 541 3642; x_wconf 83' lang='grc' dir='ltr'>τῇ</span> <span class='ocrx_word' id='word_1_278' title='bbox 571 3560 820 3644; x_wconf 82' lang='grc' dir='ltr'>βασιλείῳ</span> <span class='ocrx_word' id='word_1_279' title='bbox 842 3569 972 3642; x_wconf 59' lang='grc' dir='ltr'>στοᾷ</span> <span class='ocrx_word' id='word_1_280' title='bbox 992 3557 1029 3632; x_wconf 75' lang='grc' dir='ltr'>ἢ</span> <span class='ocrx_word' id='word_1_281' title='bbox 1052 3558 1140 3618; x_wconf 72' lang='grc' dir='ltr'>ἐπὶ</span> <span class='ocrx_word' id='word_1_282' title='bbox 1161 3563 1250 3618; x_wconf 79' lang='grc' dir='ltr'>τοῦ</span> <span class='ocrx_word' id='word_1_283' title='bbox 1279 3558 1420 3618; x_wconf 89' lang='grc' dir='ltr'>λίθου</span> <span class='ocrx_word' id='word_1_284' title='bbox 1463 3560 1480 3636; x_wconf 92' lang='grc'>(</span> <span class='ocrx_word' id='word_1_285' title='bbox 1504 3560 1577 3617; x_wconf 84' lang='lat' dir='ltr'>cs.</span> <span class='ocrx_word' id='word_1_286' title='bbox 1601 3560 1672 3619; x_wconf 84' lang='lat' dir='ltr'>fr.</span> <span class='ocrx_word' id='word_1_287' title='bbox 1723 3559 1791 3616; x_wconf 82' lang='lat'>13</span> <span class='ocrx_word' id='word_1_288' title='bbox 1815 3556 1870 3636; x_wconf 89' lang='lat'><strong>),</strong></span> 
     </span>
     <span class='ocr_line' id='line_1_37' title="bbox 321 3635 1871 3734; baseline -0.005 -22"><span class='ocrx_word' id='word_1_289' title='bbox 321 3654 411 3730; x_wconf 73' lang='grc' dir='ltr'>ὑφ’</span> <span class='ocrx_word' id='word_1_290' title='bbox 432 3642 478 3734; x_wconf 75' lang='grc' dir='ltr'><strong>ᾧ</strong></span> <span class='ocrx_word' id='word_1_291' title='bbox 497 3650 562 3708; x_wconf 77' lang='grc' dir='ltr'>τὰ</span> <span class='ocrx_word' id='word_1_292' title='bbox 583 3652 793 3726; x_wconf 84' lang='grc' dir='ltr'>ταμιεῖα</span> <span class='ocrx_word' id='word_1_293' title='bbox 826 3649 933 3727; x_wconf 83' lang='lat' dir='ltr'><strong>(sic</strong></span> <span class='ocrx_word' id='word_1_294' title='bbox 954 3648 1084 3706; x_wconf 87' lang='lat' dir='ltr'><strong>cod.</strong></span> <span class='ocrx_word' id='word_1_295' title='bbox 1114 3648 1359 3720; x_wconf 81' lang='lat' dir='ltr'><strong>Schotti3</strong></span> <span class='ocrx_word' id='word_1_296' title='bbox 1381 3648 1581 3722; x_wconf 84' lang='lat' dir='ltr'>reliqui</span> <span class='ocrx_word' id='word_1_297' title='bbox 1601 3646 1679 3725; x_wconf 78' lang='grc' dir='ltr'>ἐφ’</span> <span class='ocrx_word' id='word_1_298' title='bbox 1697 3635 1742 3728; x_wconf 74' lang='grc' dir='ltr'><em>ᾧ</em></span> <span class='ocrx_word' id='word_1_299' title='bbox 1759 3643 1871 3724; x_wconf 86' lang='grc' dir='ltr'>τε),</span> 
     </span>
     <span class='ocr_line' id='line_1_38' title="bbox 322 3730 1870 3819; baseline -0.006 -21"><span class='ocrx_word' id='word_1_300' title='bbox 322 3737 675 3819; x_wconf 82' lang='grc' dir='ltr'>συμφυλάξειν</span> <span class='ocrx_word' id='word_1_301' title='bbox 723 3735 838 3803; x_wconf 76' lang='grc' dir='ltr'>τοὺς</span> <span class='ocrx_word' id='word_1_302' title='bbox 884 3734 1099 3812; x_wconf 88' lang='grc' dir='ltr'>νόμους,</span> <span class='ocrx_word' id='word_1_303' title='bbox 1144 3733 1235 3793; x_wconf 80' lang='grc' dir='ltr'>καὶ</span> <span class='ocrx_word' id='word_1_304' title='bbox 1282 3731 1358 3810; x_wconf 73' lang='grc' dir='ltr'>μὴ</span> <span class='ocrx_word' id='word_1_305' title='bbox 1399 3732 1788 3812; x_wconf 75' lang='grc' dir='ltr'>δωροδοκήσειν,</span> <span class='ocrx_word' id='word_1_306' title='bbox 1836 3730 1870 3803; x_wconf 76' lang='grc' dir='ltr'><strong>ἢ</strong></span> 
     </span>
     <span class='ocr_line' id='line_1_39' title="bbox 321 3813 1870 3907; baseline -0.006 -20"><span class='ocrx_word' id='word_1_307' title='bbox 321 3831 549 3907; x_wconf 76' lang='grc' dir='ltr'>χρυσοῦν</span> <span class='ocrx_word' id='word_1_308' title='bbox 593 3824 873 3903; x_wconf 77' lang='grc' dir='ltr'>ἀνδριάντα</span> <span class='ocrx_word' id='word_1_309' title='bbox 922 3823 1194 3881; x_wconf 58' lang='grc' dir='ltr'>ἀποῦσαν</span> <span class='ocrx_word' id='word_1_310' title='bbox 1245 3813 1358 3880; x_wconf 71' lang='grc' dir='ltr'>εἶτα</span> <span class='ocrx_word' id='word_1_311' title='bbox 1403 3822 1631 3880; x_wconf 78' lang='grc' dir='ltr'>ἐντεῦθεν</span> <span class='ocrx_word' id='word_1_312' title='bbox 1662 3822 1734 3887; x_wconf 81' lang='grc' dir='ltr'>εἰς</span> <span class='ocrx_word' id='word_1_313' title='bbox 1776 3817 1870 3891; x_wconf 78' lang='grc' dir='ltr'>τὴν</span> 
     </span>
     <span class='ocr_line' id='line_1_40' title="bbox 323 3907 1867 3992; baseline -0.005 -20"><span class='ocrx_word' id='word_1_314' title='bbox 323 3913 605 3992; x_wconf 74' lang='grc' dir='ltr'>ἀκρόπολιν</span> <span class='ocrx_word' id='word_1_315' title='bbox 629 3910 923 3977; x_wconf 76' lang='grc' dir='ltr'>ἀνελθόντες</span> <span class='ocrx_word' id='word_1_316' title='bbox 950 3907 1152 3986; x_wconf 86' lang='grc' dir='ltr'>ὤμνυον</span> <span class='ocrx_word' id='word_1_317' title='bbox 1189 3907 1376 3970; x_wconf 74' lang='grc' dir='ltr'>ταῦτά.</span> <span class='ocrx_word' id='word_1_318' title='bbox 1415 3914 1478 3968; x_wconf 87' lang='lat' dir='ltr'>V.</span> <span class='ocrx_word' id='word_1_319' title='bbox 1510 3910 1777 3966; x_wconf 85' lang='lat' dir='ltr'><strong>Dinarch.</strong></span> <span class='ocrx_word' id='word_1_320' title='bbox 1804 3911 1867 3966; x_wconf 90' lang='lat' dir='ltr'>C.</span> 
     </span>
    </p>
   </div>
   <div class='ocr_carea' id='block_1_6' title="bbox 323 3996 1868 4077">
    <p class='ocr_par' dir='ltr' id='par_1_8' title="bbox 323 3996 1868 4077">
     <span class='ocr_line' id='line_1_41' title="bbox 323 3996 1868 4077; baseline -0.007 -15"><span class='ocrx_word' id='word_1_321' title='bbox 323 4005 569 4077; x_wconf 72' lang='lat' dir='ltr'><strong>Aristog.</strong></span> <span class='ocrx_word' id='word_1_322' title='bbox 607 4002 640 4076; x_wconf 87' lang='lat'>§</span> <span class='ocrx_word' id='word_1_323' title='bbox 691 4019 780 4070; x_wconf 87' lang='lat'>17.</span> <span class='ocrx_word' id='word_1_324' title='bbox 821 4011 896 4044; x_wconf 81' lang='lat'>&#39;--</span> <span class='ocrx_word' id='word_1_325' title='bbox 940 4025 965 4050; x_wconf 75' lang='lat'>«</span> <span class='ocrx_word' id='word_1_326' title='bbox 1007 4001 1118 4055; x_wconf 92' lang='lat' dir='ltr'>Pro</span> <span class='ocrx_word' id='word_1_327' title='bbox 1152 3997 1252 4054; x_wconf 80' lang='grc' dir='ltr'>ὑπὸ</span> <span class='ocrx_word' id='word_1_328' title='bbox 1291 3996 1476 4074; x_wconf 79' lang='grc' dir='ltr'>βουλῆς</span> <span class='ocrx_word' id='word_1_329' title='bbox 1515 3997 1696 4052; x_wconf 82' lang='lat' dir='ltr'>codex</span> <span class='ocrx_word' id='word_1_330' title='bbox 1732 3999 1868 4052; x_wconf 80' lang='lat' dir='ltr'><strong>Lex.</strong></span> 
     </span>
    </p>
   </div>
   <div class='ocr_carea' id='block_1_7' title="bbox 331 4113 804 4129">
    <p class='ocr_par' dir='ltr' id='par_1_9' title="bbox 331 4113 804 4129">
     <span class='ocr_line' id='line_1_42' title="bbox 331 4113 804 4129; baseline 0 1787"><span class='ocrx_word' id='word_1_331' title='bbox 331 4113 804 4129; x_wconf 95' lang='lat' dir='ltr'> </span> 
     </span>
    </p>
   </div>
   <div class='ocr_carea' id='block_1_8' title="bbox 320 4247 1877 4935">
    <p class='ocr_par' dir='ltr' id='par_1_10' title="bbox 320 4247 1877 4782">
     <span class='ocr_line' id='line_1_43' title="bbox 385 4247 1876 4315; baseline -0.007 -9"><span class='ocrx_word' id='word_1_332' title='bbox 385 4253 736 4305; x_wconf 74' lang='lat' dir='ltr'><strong>Thesmothetae</strong></span> <span class='ocrx_word' id='word_1_333' title='bbox 745 4289 762 4315; x_wconf 89' lang='lat'><strong>,</strong></span> <span class='ocrx_word' id='word_1_334' title='bbox 791 4249 1148 4303; x_wconf 76' lang='lat' dir='ltr'><strong>Atheniensium</strong></span> <span class='ocrx_word' id='word_1_335' title='bbox 1177 4249 1501 4311; x_wconf 77' lang='lat' dir='ltr'><strong>magistratus,</strong></span> <span class='ocrx_word' id='word_1_336' title='bbox 1517 4259 1721 4296; x_wconf 87' lang='lat' dir='ltr'><strong>numero</strong></span> <span class='ocrx_word' id='word_1_337' title='bbox 1739 4247 1876 4296; x_wconf 87' lang='lat' dir='ltr'><strong>erant</strong></span> 
     </span>
     <span class='ocr_line' id='line_1_44' title="bbox 320 4322 1873 4394; baseline -0.007 -11"><span class='ocrx_word' id='word_1_338' title='bbox 320 4345 437 4394; x_wconf 76' lang='lat' dir='ltr'><strong>sex,</strong></span> <span class='ocrx_word' id='word_1_339' title='bbox 463 4344 522 4381; x_wconf 79' lang='lat' dir='ltr'>ex</span> <span class='ocrx_word' id='word_1_340' title='bbox 537 4343 709 4381; x_wconf 81' lang='lat' dir='ltr'><strong>novem</strong></span> <span class='ocrx_word' id='word_1_341' title='bbox 726 4326 1062 4389; x_wconf 74' lang='lat' dir='ltr'><strong>archontibus,</strong></span> <span class='ocrx_word' id='word_1_342' title='bbox 1082 4338 1204 4391; x_wconf 79' lang='lat' dir='ltr'><strong>quos</strong></span> <span class='ocrx_word' id='word_1_343' title='bbox 1224 4324 1412 4376; x_wconf 74' lang='lat' dir='ltr'><strong>dIcunt.</strong></span> <span class='ocrx_word' id='word_1_344' title='bbox 1434 4327 1618 4376; x_wconf 75' lang='lat' dir='ltr'><strong>Nomen</strong></span> <span class='ocrx_word' id='word_1_345' title='bbox 1642 4322 1752 4373; x_wconf 87' lang='lat' dir='ltr'><strong>inde</strong></span> <span class='ocrx_word' id='word_1_346' title='bbox 1768 4335 1873 4372; x_wconf 86' lang='lat' dir='ltr'><strong>sor-</strong></span> 
     </span>
     <span class='ocr_line' id='line_1_45' title="bbox 321 4400 1876 4472; baseline -0.005 -13"><span class='ocrx_word' id='word_1_347' title='bbox 321 4409 400 4459; x_wconf 83' lang='lat' dir='ltr'><strong>titi</strong></span> <span class='ocrx_word' id='word_1_348' title='bbox 415 4410 554 4471; x_wconf 87' lang='lat' dir='ltr'><strong>sunt,</strong></span> <span class='ocrx_word' id='word_1_349' title='bbox 575 4407 704 4472; x_wconf 83' lang='lat' dir='ltr'><strong>qnod</strong></span> <span class='ocrx_word' id='word_1_350' title='bbox 721 4408 883 4470; x_wconf 80' lang='lat' dir='ltr'><strong>legum</strong></span> <span class='ocrx_word' id='word_1_351' title='bbox 897 4418 1063 4457; x_wconf 85' lang='lat' dir='ltr'><strong>curam</strong></span> <span class='ocrx_word' id='word_1_352' title='bbox 1075 4403 1344 4467; x_wconf 78' lang='lat' dir='ltr'><strong>habebant3</strong></span> <span class='ocrx_word' id='word_1_353' title='bbox 1363 4415 1474 4453; x_wconf 83' lang='lat' dir='ltr'>nam</span> <span class='ocrx_word' id='word_1_354' title='bbox 1489 4400 1652 4466; x_wconf 75' lang='grc' dir='ltr'>θεσμο(</span> <span class='ocrx_word' id='word_1_355' title='bbox 1664 4438 1681 4464; x_wconf 95' lang='grc'>,</span> <span class='ocrx_word' id='word_1_356' title='bbox 1697 4403 1752 4450; x_wconf 83' lang='lat' dir='ltr'>nt</span> <span class='ocrx_word' id='word_1_357' title='bbox 1767 4403 1876 4451; x_wconf 84' lang='lat' dir='ltr'><strong>ante</strong></span> 
     </span>
     <span class='ocr_line' id='line_1_46' title="bbox 322 4480 1874 4552; baseline -0.006 -13"><span class='ocrx_word' id='word_1_358' title='bbox 322 4488 560 4552; x_wconf 79' lang='lat' dir='ltr'><strong>diximus,</strong></span> <span class='ocrx_word' id='word_1_359' title='bbox 596 4487 958 4552; x_wconf 71' lang='lat' dir='ltr'><strong>appellabantur</strong></span> <span class='ocrx_word' id='word_1_360' title='bbox 981 4485 1126 4549; x_wconf 73' lang='lat' dir='ltr'><strong>leges.</strong></span> <span class='ocrx_word' id='word_1_361' title='bbox 1175 4484 1238 4535; x_wconf 82' lang='lat' dir='ltr'>ui</span> <span class='ocrx_word' id='word_1_362' title='bbox 1263 4480 1523 4547; x_wconf 73' lang='lat' dir='ltr'><strong>quotannis</strong></span> <span class='ocrx_word' id='word_1_363' title='bbox 1552 4481 1682 4544; x_wconf 77' lang='lat' dir='ltr'><strong>leges</strong></span> <span class='ocrx_word' id='word_1_364' title='bbox 1711 4493 1874 4530; x_wconf 87' lang='lat' dir='ltr'><strong>emen·</strong></span> 
     </span>
     <span class='ocr_line' id='line_1_47' title="bbox 323 4557 1876 4625; baseline -0.006 -9"><span class='ocrx_word' id='word_1_365' title='bbox 323 4565 530 4625; x_wconf 81' lang='lat' dir='ltr'><strong>dabant,</strong></span> <span class='ocrx_word' id='word_1_366' title='bbox 555 4567 612 4615; x_wconf 89' lang='lat' dir='ltr'>ut</span> <span class='ocrx_word' id='word_1_367' title='bbox 629 4564 793 4614; x_wconf 67' lang='lat' dir='ltr'><strong>(locust</strong></span> <span class='ocrx_word' id='word_1_368' title='bbox 813 4562 1059 4614; x_wconf 76' lang='lat' dir='ltr'><strong>AEschines</strong></span> <span class='ocrx_word' id='word_1_369' title='bbox 1079 4562 1130 4612; x_wconf 89' lang='lat' dir='ltr'>in</span> <span class='ocrx_word' id='word_1_370' title='bbox 1146 4561 1361 4611; x_wconf 87' lang='lat' dir='ltr'><strong>oratione</strong></span> <span class='ocrx_word' id='word_1_371' title='bbox 1387 4558 1499 4610; x_wconf 79' lang='lat' dir='ltr'><strong>adv.</strong></span> <span class='ocrx_word' id='word_1_372' title='bbox 1517 4557 1876 4621; x_wconf 82' lang='lat' dir='ltr'><strong>ctesiphontem</strong></span> 
     </span>
     <span class='ocr_line' id='line_1_48' title="bbox 325 4634 1877 4705; baseline -0.007 -11"><span class='ocrx_word' id='word_1_373' title='bbox 325 4645 377 4694; x_wconf 86' lang='lat' dir='ltr'>et</span> <span class='ocrx_word' id='word_1_374' title='bbox 393 4642 748 4705; x_wconf 82' lang='lat' dir='ltr'><strong>Theophrastus</strong></span> <span class='ocrx_word' id='word_1_375' title='bbox 763 4642 813 4692; x_wconf 91' lang='lat' dir='ltr'>in</span> <span class='ocrx_word' id='word_1_376' title='bbox 826 4642 948 4692; x_wconf 86' lang='lat' dir='ltr'><strong>libro</strong></span> <span class='ocrx_word' id='word_1_377' title='bbox 963 4640 1106 4691; x_wconf 80' lang='lat' dir='ltr'><strong>tertio</strong></span> <span class='ocrx_word' id='word_1_378' title='bbox 1125 4638 1188 4689; x_wconf 83' lang='lat' dir='ltr'>de</span> <span class='ocrx_word' id='word_1_379' title='bbox 1206 4634 1600 4700; x_wconf 48' lang='lat' dir='ltr'><strong>Legionem&amp;</strong></span> <span class='ocrx_word' id='word_1_380' title='bbox 1618 4647 1785 4685; x_wconf 88' lang='lat' dir='ltr'><strong>eorum</strong></span> <span class='ocrx_word' id='word_1_381' title='bbox 1803 4648 1877 4684; x_wconf 89' lang='lat' dir='ltr'>re-</span> 
     </span>
     <span class='ocr_line' id='line_1_49' title="bbox 325 4715 1388 4782; baseline -0.008 -10"><span class='ocrx_word' id='word_1_382' title='bbox 325 4722 488 4771; x_wconf 67' lang='lat' dir='ltr'><strong>cuset</strong></span> <span class='ocrx_word' id='word_1_383' title='bbox 511 4719 788 4771; x_wconf 82' lang='lat' dir='ltr'><strong>Aristoteles</strong></span> <span class='ocrx_word' id='word_1_384' title='bbox 809 4718 858 4768; x_wconf 88' lang='lat' dir='ltr'>in</span> <span class='ocrx_word' id='word_1_385' title='bbox 877 4720 994 4782; x_wconf 75' lang='lat' dir='ltr'><strong>nep.</strong></span> <span class='ocrx_word' id='word_1_386' title='bbox 1015 4715 1388 4768; x_wconf 78' lang='lat' dir='ltr'><strong>Atheniensium.</strong></span> 
     </span>
    </p>

    <p class='ocr_par' dir='ltr' id='par_1_11' title="bbox 389 4870 1877 4935">
     <span class='ocr_line' id='line_1_50' title="bbox 389 4870 1877 4935; baseline -0.009 1"><span class='ocrx_word' id='word_1_387' title='bbox 389 4883 662 4935; x_wconf 82' lang='lat' dir='ltr'><strong>secundnm</strong></span> <span class='ocrx_word' id='word_1_388' title='bbox 678 4880 980 4935; x_wconf 75' lang='lat' dir='ltr'><strong>Aristotelem</strong></span> <span class='ocrx_word' id='word_1_389' title='bbox 997 4874 1352 4932; x_wconf 62' lang='lat' dir='ltr'><strong>Thesmotheta&#39;i</strong></span> <span class='ocrx_word' id='word_1_390' title='bbox 1368 4891 1430 4928; x_wconf 80' lang='lat' dir='ltr'>ex</span> <span class='ocrx_word' id='word_1_391' title='bbox 1446 4889 1622 4927; x_wconf 78' lang='lat' dir='ltr'><strong>novem</strong></span> <span class='ocrx_word' id='word_1_392' title='bbox 1639 4870 1877 4925; x_wconf 84' lang='lat' dir='ltr'><strong>archonti·</strong></span> 
     </span>
    </p>
   </div>
   <div class='ocr_carea' id='block_1_9' title="bbox 326 4954 1878 5102">
    <p class='ocr_par' dir='ltr' id='par_1_12' title="bbox 326 4954 1878 5102">
     <span class='ocr_line' id='line_1_51' title="bbox 326 4954 1878 5022; baseline -0.008 -7"><span class='ocrx_word' id='word_1_393' title='bbox 326 4962 571 5015; x_wconf 80' lang='lat' dir='ltr'><strong>huserant</strong></span> <span class='ocrx_word' id='word_1_394' title='bbox 584 4976 671 5014; x_wconf 79' lang='lat' dir='ltr'>sex</span> <span class='ocrx_word' id='word_1_395' title='bbox 695 4973 900 5013; x_wconf 87' lang='lat' dir='ltr'><strong>numero</strong></span> <span class='ocrx_word' id='word_1_396' title='bbox 919 4962 1045 5022; x_wconf 84' lang='lat' dir='ltr'><strong>(non</strong></span> <span class='ocrx_word' id='word_1_397' title='bbox 1060 4959 1378 5009; x_wconf 87' lang='lat' dir='ltr'><strong>annumerato</strong></span> <span class='ocrx_word' id='word_1_398' title='bbox 1395 4955 1602 5018; x_wconf 83' lang='lat' dir='ltr'><strong>scriba).</strong></span> <span class='ocrx_word' id='word_1_399' title='bbox 1630 4954 1723 5014; x_wconf 88' lang='lat' dir='ltr'>Qui</span> <span class='ocrx_word' id='word_1_400' title='bbox 1745 4956 1878 5005; x_wconf 83' lang='lat' dir='ltr'><strong>sorte</strong></span> 
     </span>
     <span class='ocr_line' id='line_1_52' title="bbox 328 5030 1876 5102; baseline -0.008 -11"><span class='ocrx_word' id='word_1_401' title='bbox 328 5041 478 5091; x_wconf 61' lang='lat' dir='ltr'><strong>crati</strong></span> <span class='ocrx_word' id='word_1_402' title='bbox 496 5053 528 5090; x_wconf 80' lang='lat' dir='ltr'>a</span> <span class='ocrx_word' id='word_1_403' title='bbox 545 5041 716 5090; x_wconf 80' lang='lat' dir='ltr'><strong>senatu</strong></span> <span class='ocrx_word' id='word_1_404' title='bbox 734 5039 1107 5102; x_wconf 79' lang='lat' dir='ltr'><strong>quingentorum</strong></span> <span class='ocrx_word' id='word_1_405' title='bbox 1131 5036 1182 5085; x_wconf 87' lang='lat' dir='ltr'>et</span> <span class='ocrx_word' id='word_1_406' title='bbox 1211 5047 1241 5084; x_wconf 90' lang='lat' dir='ltr'>a</span> <span class='ocrx_word' id='word_1_407' title='bbox 1257 5032 1512 5084; x_wconf 83' lang='lat' dir='ltr'><strong>dicasterio</strong></span> <span class='ocrx_word' id='word_1_408' title='bbox 1529 5044 1731 5082; x_wconf 78' lang='lat' dir='ltr'><strong>examen</strong></span> <span class='ocrx_word' id='word_1_409' title='bbox 1750 5030 1876 5080; x_wconf 84' lang='lat' dir='ltr'><strong>subi-</strong></span> 
     </span>
    </p>
   </div>
   <div class='ocr_carea' id='block_1_10' title="bbox 328 5107 1879 5181">
    <p class='ocr_par' dir='ltr' id='par_1_13' title="bbox 328 5107 1879 5181">
     <span class='ocr_line' id='line_1_53' title="bbox 328 5107 1879 5181; baseline -0.006 -14"><span class='ocrx_word' id='word_1_410' title='bbox 328 5117 476 5179; x_wconf 78' lang='lat' dir='ltr'><strong>bant,</strong></span> <span class='ocrx_word' id='word_1_411' title='bbox 505 5131 605 5181; x_wconf 85' lang='lat' dir='ltr'>quo</span> <span class='ocrx_word' id='word_1_412' title='bbox 630 5114 1060 5179; x_wconf 75' lang='lat' dir='ltr'><strong>interrogabantur,</strong></span> <span class='ocrx_word' id='word_1_413' title='bbox 1081 5112 1290 5176; x_wconf 80' lang='lat' dir='ltr'><strong>quinam·</strong></span> <span class='ocrx_word' id='word_1_414' title='bbox 1309 5122 1479 5161; x_wconf 85' lang='lat' dir='ltr'><strong>eorum</strong></span> <span class='ocrx_word' id='word_1_415' title='bbox 1511 5111 1697 5172; x_wconf 81' lang='lat' dir='ltr'><strong>patres,</strong></span> <span class='ocrx_word' id='word_1_416' title='bbox 1722 5107 1879 5169; x_wconf 69' lang='lat' dir='ltr'><strong>cuius-</strong></span> 
     </span>
    </p>
   </div>
   <div class='ocr_carea' id='block_1_11' title="bbox 3394 378 3503 430">
    <p class='ocr_par' dir='ltr' id='par_1_14' title="bbox 3394 378 3503 430">
     <span class='ocr_line' id='line_1_54' title="bbox 3394 378 3503 430; baseline 0.018 -2"><span class='ocrx_word' id='word_1_417' title='bbox 3394 378 3503 430; x_wconf 75' lang='lat'>1¹5</span> 
     </span>
    </p>
   </div>
   <div class='ocr_carea' id='block_1_12' title="bbox 1949 481 3511 1780">
    <p class='ocr_par' dir='ltr' id='par_1_15' title="bbox 1949 481 3511 1780">
     <span class='ocr_line' id='line_1_55' title="bbox 1955 481 3508 566; baseline 0.003 -24"><span class='ocrx_word' id='word_1_418' title='bbox 1955 486 2124 542; x_wconf 84' lang='lat' dir='ltr'><strong>Rhet.</strong></span> <span class='ocrx_word' id='word_1_419' title='bbox 2146 481 2272 564; x_wconf 67' lang='grc' dir='ltr'>ὑπὲρ</span> <span class='ocrx_word' id='word_1_420' title='bbox 2294 487 2348 562; x_wconf 88' lang='grc' dir='ltr'>β.</span> <span class='ocrx_word' id='word_1_421' title='bbox 2374 518 2453 529; x_wconf 91' lang='grc'>-</span> <span class='ocrx_word' id='word_1_422' title='bbox 2478 487 2663 543; x_wconf 86' lang='lat' dir='ltr'><strong>Verba</strong></span> <span class='ocrx_word' id='word_1_423' title='bbox 2682 481 2827 555; x_wconf 75' lang='grc' dir='ltr'>πλὴν</span> <span class='ocrx_word' id='word_1_424' title='bbox 2847 490 2936 545; x_wconf 74' lang='grc' dir='ltr'>τοῦ</span> <span class='ocrx_word' id='word_1_425' title='bbox 2963 485 3312 566; x_wconf 77' lang='grc' dir='ltr'>γραμματέως</span> <span class='ocrx_word' id='word_1_426' title='bbox 3338 508 3508 548; x_wconf 82' lang='lat' dir='ltr'><strong>revo-</strong></span> 
     </span>
     <span class='ocr_line' id='line_1_56' title="bbox 1954 570 3505 647; baseline 0.005 -20"><span class='ocrx_word' id='word_1_427' title='bbox 1954 571 2133 628; x_wconf 84' lang='lat' dir='ltr'><strong>canda</strong></span> <span class='ocrx_word' id='word_1_428' title='bbox 2154 573 2418 629; x_wconf 79' lang='lat' dir='ltr'><strong>videntur</strong></span> <span class='ocrx_word' id='word_1_429' title='bbox 2439 585 2568 647; x_wconf 89' lang='lat' dir='ltr'><strong>post</strong></span> <span class='ocrx_word' id='word_1_430' title='bbox 2594 570 2739 630; x_wconf 81' lang='grc' dir='ltr'>αὗτοὶ</span> <span class='ocrx_word' id='word_1_431' title='bbox 2768 570 2823 641; x_wconf 74' lang='grc' dir='ltr'>ἓξ</span> <span class='ocrx_word' id='word_1_432' title='bbox 2840 570 2979 637; x_wconf 84' lang='grc' dir='ltr'>ὄντες</span> <span class='ocrx_word' id='word_1_433' title='bbox 3003 591 3019 632; x_wconf 73' lang='lat'>2</span> <span class='ocrx_word' id='word_1_434' title='bbox 3041 593 3154 647; x_wconf 93' lang='lat' dir='ltr'>quo</span> <span class='ocrx_word' id='word_1_435' title='bbox 3184 578 3332 633; x_wconf 86' lang='lat' dir='ltr'><strong>enim</strong></span> <span class='ocrx_word' id='word_1_436' title='bbox 3354 597 3505 634; x_wconf 89' lang='lat' dir='ltr'><strong>nunc</strong></span> 
     </span>
     <span class='ocr_line' id='line_1_57' title="bbox 1953 659 3504 735; baseline 0.005 -22"><span class='ocrx_word' id='word_1_437' title='bbox 1953 659 2216 733; x_wconf 84' lang='lat' dir='ltr'><strong>leguntur</strong></span> <span class='ocrx_word' id='word_1_438' title='bbox 2257 660 2387 716; x_wconf 93' lang='lat' dir='ltr'><strong>loco</strong></span> <span class='ocrx_word' id='word_1_439' title='bbox 2407 702 2423 730; x_wconf 92' lang='lat'><strong>,</strong></span> <span class='ocrx_word' id='word_1_440' title='bbox 2477 661 2706 716; x_wconf 87' lang='lat' dir='ltr'><strong>turbant</strong></span> <span class='ocrx_word' id='word_1_441' title='bbox 2757 662 3114 731; x_wconf 84' lang='lat' dir='ltr'><strong>sententiam;</strong></span> <span class='ocrx_word' id='word_1_442' title='bbox 3160 673 3504 735; x_wconf 84' lang='lat' dir='ltr'><strong>postremum</strong></span> 
     </span>
     <span class='ocr_line' id='line_1_58' title="bbox 1952 736 3506 823; baseline 0.004 -22"><span class='ocrx_word' id='word_1_443' title='bbox 1952 756 2082 820; x_wconf 87' lang='lat' dir='ltr'><strong>post</strong></span> <span class='ocrx_word' id='word_1_444' title='bbox 2120 744 2296 803; x_wconf 85' lang='grc' dir='ltr'>πάντα</span> <span class='ocrx_word' id='word_1_445' title='bbox 2344 736 2432 804; x_wconf 69' lang='grc' dir='ltr'>οὖν</span> <span class='ocrx_word' id='word_1_446' title='bbox 2476 747 2758 805; x_wconf 80' lang='lat' dir='ltr'><strong>desideres</strong></span> <span class='ocrx_word' id='word_1_447' title='bbox 2791 751 2979 805; x_wconf 78' lang='grc' dir='ltr'>ταῦτα.</span> <span class='ocrx_word' id='word_1_448' title='bbox 3012 750 3137 804; x_wconf 87' lang='lat' dir='ltr'>Jam</span> <span class='ocrx_word' id='word_1_449' title='bbox 3182 767 3318 806; x_wconf 75' lang='lat' dir='ltr'><strong>vero</strong></span> <span class='ocrx_word' id='word_1_450' title='bbox 3347 751 3506 823; x_wconf 90' lang='lat' dir='ltr'><strong>quod</strong></span> 
     </span>
     <span class='ocr_line' id='line_1_59' title="bbox 1953 832 3508 913; baseline 0.005 -26"><span class='ocrx_word' id='word_1_451' title='bbox 1953 832 2109 907; x_wconf 86' lang='lat' dir='ltr'><strong>apud</strong></span> <span class='ocrx_word' id='word_1_452' title='bbox 2147 835 2496 890; x_wconf 75' lang='lat' dir='ltr'><strong>Dinarchum</strong></span> <span class='ocrx_word' id='word_1_453' title='bbox 2519 845 2600 891; x_wconf 85' lang='lat' dir='ltr'>est</span> <span class='ocrx_word' id='word_1_454' title='bbox 2616 875 2633 905; x_wconf 91' lang='lat'><strong>,</strong></span> <span class='ocrx_word' id='word_1_455' title='bbox 2664 834 2710 891; x_wconf 79' lang='grc' dir='ltr'>εἷ</span> <span class='ocrx_word' id='word_1_456' title='bbox 2743 832 2809 891; x_wconf 81' lang='grc' dir='ltr'>τὰ</span> <span class='ocrx_word' id='word_1_457' title='bbox 2832 832 2947 913; x_wconf 68' lang='grc' dir='ltr'>ἱερὰ</span> <span class='ocrx_word' id='word_1_458' title='bbox 2970 836 3188 913; x_wconf 67' lang='grc' dir='ltr'>πατρὶξὶα</span> <span class='ocrx_word' id='word_1_459' title='bbox 3219 832 3357 893; x_wconf 84' lang='grc' dir='ltr'>ἔστιν</span> <span class='ocrx_word' id='word_1_460' title='bbox 3374 879 3389 906; x_wconf 92' lang='grc'>,</span> <span class='ocrx_word' id='word_1_461' title='bbox 3412 856 3508 894; x_wconf 82' lang='lat' dir='ltr'><strong>cx-</strong></span> 
     </span>
     <span class='ocr_line' id='line_1_60' title="bbox 1951 921 3507 999; baseline 0.003 -24"><span class='ocrx_word' id='word_1_462' title='bbox 1951 921 2313 994; x_wconf 87' lang='lat' dir='ltr'><strong>plicationem</strong></span> <span class='ocrx_word' id='word_1_463' title='bbox 2339 923 2622 996; x_wconf 87' lang='lat' dir='ltr'><strong>accipiunt</strong></span> <span class='ocrx_word' id='word_1_464' title='bbox 2648 922 2838 994; x_wconf 85' lang='lat' dir='ltr'><strong>abiis,</strong></span> <span class='ocrx_word' id='word_1_465' title='bbox 2861 942 2985 997; x_wconf 80' lang='lat' dir='ltr'>quae</span> <span class='ocrx_word' id='word_1_466' title='bbox 3002 923 3093 979; x_wconf 89' lang='lat' dir='ltr'>hic</span> <span class='ocrx_word' id='word_1_467' title='bbox 3118 927 3507 999; x_wconf 84' lang='lat' dir='ltr'><strong>grammaticus</strong></span> 
     </span>
     <span class='ocr_line' id='line_1_61' title="bbox 1953 1006 3507 1090; baseline 0.003 -27"><span class='ocrx_word' id='word_1_468' title='bbox 1953 1019 2010 1063; x_wconf 91' lang='lat' dir='ltr'>et</span> <span class='ocrx_word' id='word_1_469' title='bbox 2034 1009 2237 1064; x_wconf 85' lang='lat' dir='ltr'><strong>Pollux</strong></span> <span class='ocrx_word' id='word_1_470' title='bbox 2262 1009 2473 1066; x_wconf 85' lang='lat' dir='ltr'><strong>habent</strong></span> <span class='ocrx_word' id='word_1_471' title='bbox 2504 1029 2519 1067; x_wconf 77' lang='lat' dir='ltr'><strong><em>z</em></strong></span> <span class='ocrx_word' id='word_1_472' title='bbox 2548 1008 2593 1065; x_wconf 80' lang='grc' dir='ltr'>εἶ</span> <span class='ocrx_word' id='word_1_473' title='bbox 2622 1006 2890 1068; x_wconf 82' lang='grc' dir='ltr'>Ἀπόλλων</span> <span class='ocrx_word' id='word_1_474' title='bbox 2915 1007 3053 1067; x_wconf 69' lang='grc' dir='ltr'>ἔστιν</span> <span class='ocrx_word' id='word_1_475' title='bbox 3074 1010 3242 1077; x_wconf 77' lang='grc' dir='ltr'>αὐτοῖς</span> <span class='ocrx_word' id='word_1_476' title='bbox 3268 1014 3507 1090; x_wconf 77' lang='grc' dir='ltr'>πατρῷος</span> 
     </span>
     <span class='ocr_line' id='line_1_62' title="bbox 1951 1091 3505 1171; baseline 0.002 -21"><span class='ocrx_word' id='word_1_477' title='bbox 1951 1091 2044 1151; x_wconf 81' lang='grc' dir='ltr'>καὶ</span> <span class='ocrx_word' id='word_1_478' title='bbox 2075 1095 2140 1153; x_wconf 90' lang='grc' dir='ltr'>Ζ.</span> <span class='ocrx_word' id='word_1_479' title='bbox 2169 1091 2243 1165; x_wconf 60' lang='grc' dir='ltr'>ἅς</span> <span class='ocrx_word' id='word_1_480' title='bbox 2274 1106 2472 1153; x_wconf 87' lang='lat' dir='ltr'><strong>contra</strong></span> <span class='ocrx_word' id='word_1_481' title='bbox 2511 1114 2576 1153; x_wconf 87' lang='lat' dir='ltr'>ea</span> <span class='ocrx_word' id='word_1_482' title='bbox 2602 1097 2847 1153; x_wconf 84' lang='lat' dir='ltr'><strong>Pollucis</strong></span> <span class='ocrx_word' id='word_1_483' title='bbox 2873 1096 2919 1153; x_wconf 78' lang='grc' dir='ltr'>εἰ</span> <span class='ocrx_word' id='word_1_484' title='bbox 2942 1092 3001 1152; x_wconf 88' lang='grc' dir='ltr'>τὸ</span> <span class='ocrx_word' id='word_1_485' title='bbox 3021 1095 3231 1171; x_wconf 85' lang='grc' dir='ltr'>τίμημα</span> <span class='ocrx_word' id='word_1_486' title='bbox 3258 1094 3392 1155; x_wconf 68' lang='grc' dir='ltr'>ἔστιν</span> <span class='ocrx_word' id='word_1_487' title='bbox 3416 1097 3505 1154; x_wconf 81' lang='grc' dir='ltr'>αὖ·</span> 
     </span>
     <span class='ocr_line' id='line_1_63' title="bbox 1950 1181 3509 1257; baseline 0.001 -19"><span class='ocrx_word' id='word_1_488' title='bbox 1950 1188 2074 1252; x_wconf 84' lang='grc' dir='ltr'>τοῖς,</span> <span class='ocrx_word' id='word_1_489' title='bbox 2093 1183 2391 1257; x_wconf 84' lang='lat' dir='ltr'><strong>explicatio</strong></span> <span class='ocrx_word' id='word_1_490' title='bbox 2419 1193 2497 1239; x_wconf 87' lang='lat' dir='ltr'>est</span> <span class='ocrx_word' id='word_1_491' title='bbox 2524 1181 2672 1255; x_wconf 86' lang='lat' dir='ltr'><strong>ejus,</strong></span> <span class='ocrx_word' id='word_1_492' title='bbox 2698 1185 2759 1237; x_wconf 89' lang='lat' dir='ltr'>in</span> <span class='ocrx_word' id='word_1_493' title='bbox 2778 1202 2894 1257; x_wconf 85' lang='lat' dir='ltr'>quo</span> <span class='ocrx_word' id='word_1_494' title='bbox 2924 1202 3053 1239; x_wconf 87' lang='lat' dir='ltr'>cum</span> <span class='ocrx_word' id='word_1_495' title='bbox 3076 1185 3186 1241; x_wconf 88' lang='lat' dir='ltr'>hoc</span> <span class='ocrx_word' id='word_1_496' title='bbox 3213 1186 3393 1241; x_wconf 83' lang='lat' dir='ltr'><strong>lexico</strong></span> <span class='ocrx_word' id='word_1_497' title='bbox 3411 1186 3509 1241; x_wconf 90' lang='lat' dir='ltr'>Di·</span> 
     </span>
     <span class='ocr_line' id='line_1_64' title="bbox 1951 1265 3506 1346; baseline 0.003 -21"><span class='ocrx_word' id='word_1_498' title='bbox 1951 1270 2191 1326; x_wconf 84' lang='lat' dir='ltr'><strong>narchus</strong></span> <span class='ocrx_word' id='word_1_499' title='bbox 2208 1271 2515 1344; x_wconf 81' lang='lat' dir='ltr'><strong>conspirat,</strong></span> <span class='ocrx_word' id='word_1_500' title='bbox 2542 1269 2588 1326; x_wconf 78' lang='lat' dir='ltr'>si</span> <span class='ocrx_word' id='word_1_501' title='bbox 2607 1265 2672 1326; x_wconf 76' lang='grc' dir='ltr'>τὰ</span> <span class='ocrx_word' id='word_1_502' title='bbox 2689 1267 2812 1340; x_wconf 79' lang='grc' dir='ltr'>τέλη</span> <span class='ocrx_word' id='word_1_503' title='bbox 2836 1269 3005 1341; x_wconf 78' lang='grc' dir='ltr'>τελεῖ;</span> <span class='ocrx_word' id='word_1_504' title='bbox 3036 1271 3279 1346; x_wconf 86' lang='lat' dir='ltr'><strong>denique</strong></span> <span class='ocrx_word' id='word_1_505' title='bbox 3304 1273 3506 1329; x_wconf 80' lang='lat' dir='ltr'><strong>Dinar-</strong></span> 
     </span>
     <span class='ocr_line' id='line_1_65' title="bbox 1952 1352 3508 1435; baseline 0.003 -23"><span class='ocrx_word' id='word_1_506' title='bbox 1952 1355 2043 1412; x_wconf 86' lang='lat' dir='ltr'><strong>chi</strong></span> <span class='ocrx_word' id='word_1_507' title='bbox 2063 1356 2107 1413; x_wconf 86' lang='grc' dir='ltr'>εἷ</span> <span class='ocrx_word' id='word_1_508' title='bbox 2121 1353 2211 1422; x_wconf 76' lang='grc' dir='ltr'>τὰς</span> <span class='ocrx_word' id='word_1_509' title='bbox 2228 1354 2497 1435; x_wconf 86' lang='grc' dir='ltr'>στρατείας</span> <span class='ocrx_word' id='word_1_510' title='bbox 2518 1352 2649 1434; x_wconf 78' lang='grc' dir='ltr'>ὑπὲρ</span> <span class='ocrx_word' id='word_1_511' title='bbox 2670 1357 2760 1425; x_wconf 74' lang='grc' dir='ltr'>τῆς</span> <span class='ocrx_word' id='word_1_512' title='bbox 2775 1353 2972 1423; x_wconf 88' lang='grc' dir='ltr'>πόλεως</span> <span class='ocrx_word' id='word_1_513' title='bbox 2999 1355 3364 1435; x_wconf 78' lang='grc' dir='ltr'>ἐστράτευνται</span> <span class='ocrx_word' id='word_1_514' title='bbox 3378 1403 3395 1435; x_wconf 88' lang='grc'>,</span> <span class='ocrx_word' id='word_1_515' title='bbox 3410 1378 3508 1416; x_wconf 75' lang='lat' dir='ltr'><strong>vc·-</strong></span> 
     </span>
     <span class='ocr_line' id='line_1_66' title="bbox 1949 1442 3511 1524; baseline 0.003 -26"><span class='ocrx_word' id='word_1_516' title='bbox 1949 1445 2067 1499; x_wconf 86' lang='lat' dir='ltr'><strong>rius</strong></span> <span class='ocrx_word' id='word_1_517' title='bbox 2079 1443 2302 1499; x_wconf 83' lang='lat' dir='ltr'><strong>videtur</strong></span> <span class='ocrx_word' id='word_1_518' title='bbox 2315 1462 2483 1517; x_wconf 86' lang='lat' dir='ltr'><strong>quam</strong></span> <span class='ocrx_word' id='word_1_519' title='bbox 2498 1453 2593 1499; x_wconf 84' lang='lat' dir='ltr'>aut</span> <span class='ocrx_word' id='word_1_520' title='bbox 2605 1445 2849 1503; x_wconf 83' lang='lat' dir='ltr'><strong>Pollucis</strong></span> <span class='ocrx_word' id='word_1_521' title='bbox 2863 1444 2909 1508; x_wconf 74' lang='grc' dir='ltr'>εἰ</span> <span class='ocrx_word' id='word_1_522' title='bbox 2927 1442 3291 1524; x_wconf 74' lang='grc' dir='ltr'>ἐστρατεύοντο</span> <span class='ocrx_word' id='word_1_523' title='bbox 3306 1444 3511 1524; x_wconf 82' lang='grc' dir='ltr'>[ἐστρά-</span> 
     </span>
     <span class='ocr_line' id='line_1_67' title="bbox 1949 1523 3511 1608; baseline 0.004 -23"><span class='ocrx_word' id='word_1_524' title='bbox 1949 1549 2156 1586; x_wconf 84' lang='grc' dir='ltr'>τευνται</span> <span class='ocrx_word' id='word_1_525' title='bbox 2185 1529 2342 1586; x_wconf 90' lang='lat' dir='ltr'><strong>dedit</strong></span> <span class='ocrx_word' id='word_1_526' title='bbox 2364 1527 2638 1606; x_wconf 85' lang='lat' dir='ltr'><strong>Bekker.]</strong></span> <span class='ocrx_word' id='word_1_527' title='bbox 2660 1523 2789 1607; x_wconf 74' lang='grc' dir='ltr'>ὑπὲρ</span> <span class='ocrx_word' id='word_1_528' title='bbox 2811 1532 2903 1601; x_wconf 78' lang='grc' dir='ltr'>τῆς</span> <span class='ocrx_word' id='word_1_529' title='bbox 2930 1528 3202 1608; x_wconf 89' lang='grc' dir='ltr'>πατρίδος,</span> <span class='ocrx_word' id='word_1_530' title='bbox 3225 1543 3321 1590; x_wconf 87' lang='lat' dir='ltr'>aut</span> <span class='ocrx_word' id='word_1_531' title='bbox 3346 1533 3511 1606; x_wconf 77' lang='lat' dir='ltr'><strong>hujus</strong></span> 
     </span>
     <span class='ocr_line' id='line_1_68' title="bbox 1950 1612 3501 1696; baseline 0.002 -22"><span class='ocrx_word' id='word_1_532' title='bbox 1950 1618 2297 1693; x_wconf 82' lang='lat' dir='ltr'><strong>grammatici</strong></span> <span class='ocrx_word' id='word_1_533' title='bbox 2324 1613 2417 1681; x_wconf 76' lang='grc' dir='ltr'>τὰς</span> <span class='ocrx_word' id='word_1_534' title='bbox 2440 1612 2566 1696; x_wconf 75' lang='grc' dir='ltr'>ὑπὲρ</span> <span class='ocrx_word' id='word_1_535' title='bbox 2602 1614 2846 1694; x_wconf 85' lang='grc' dir='ltr'>πατρίδος</span> <span class='ocrx_word' id='word_1_536' title='bbox 2867 1638 2982 1696; x_wconf 91' lang='grc' dir='ltr'>στρ.</span> <span class='ocrx_word' id='word_1_537' title='bbox 3015 1616 3438 1696; x_wconf 78' lang='grc' dir='ltr'>ἐστρατεύσαντο.</span> <span class='ocrx_word' id='word_1_538' title='bbox 3477 1647 3501 1671; x_wconf 77' lang='grc' dir='ltr'>υ</span> 
     </span>
     <span class='ocr_line' id='line_1_69' title="bbox 1950 1704 3430 1780; baseline 0.001 -19"><span class='ocrx_word' id='word_1_539' title='bbox 1950 1708 2040 1763; x_wconf 88' lang='lat' dir='ltr'>M.</span> <span class='ocrx_word' id='word_1_540' title='bbox 2079 1709 2157 1763; x_wconf 86' lang='lat' dir='ltr'>H.</span> <span class='ocrx_word' id='word_1_541' title='bbox 2204 1706 2408 1764; x_wconf 82' lang='lat' dir='ltr'><strong>Meier.</strong></span> <span class='ocrx_word' id='word_1_542' title='bbox 2455 1705 2676 1780; x_wconf 83' lang='lat' dir='ltr'><strong>Fragm.</strong></span> <span class='ocrx_word' id='word_1_543' title='bbox 2718 1704 2827 1761; x_wconf 84' lang='lat' dir='ltr'><strong>lex.</strong></span> <span class='ocrx_word' id='word_1_544' title='bbox 2871 1706 3061 1779; x_wconf 59' lang='lat' dir='ltr'><strong>Rhet.</strong></span> <span class='ocrx_word' id='word_1_545' title='bbox 3090 1704 3215 1763; x_wconf 76' lang='lat' dir='ltr'><strong>Hal.</strong></span> <span class='ocrx_word' id='word_1_546' title='bbox 3265 1706 3430 1774; x_wconf 76' lang='lat'><strong>1844.</strong></span> 
     </span>
    </p>
   </div>
   <div class='ocr_carea' id='block_1_13' title="bbox 2683 1854 2776 1917">
    <p class='ocr_par' dir='ltr' id='par_1_16' title="bbox 2683 1854 2776 1917">
     <span class='ocr_line' id='line_1_70' title="bbox 2683 1854 2776 1917; baseline 0.065 -7"><span class='ocrx_word' id='word_1_547' title='bbox 2683 1854 2776 1917; x_wconf 82' lang='lat'>31.</span> 
     </span>
    </p>
   </div>
   <div class='ocr_carea' id='block_1_14' title="bbox 1954 1989 3513 3205">
    <p class='ocr_par' dir='ltr' id='par_1_17' title="bbox 1954 1989 3509 2417">
     <span class='ocr_line' id='line_1_71' title="bbox 2033 1989 3509 2074; baseline 0.005 -28"><span class='ocrx_word' id='word_1_548' title='bbox 2033 1989 2465 2066; x_wconf 80' lang='lat' dir='ltr'><strong>Harpocration.</strong></span> <span class='ocrx_word' id='word_1_549' title='bbox 2485 2010 2539 2048; x_wconf 75' lang='lat' dir='ltr'>v.</span> <span class='ocrx_word' id='word_1_550' title='bbox 2561 1989 2928 2070; x_wconf 87' lang='grc' dir='ltr'>Δωροξενία</span> <span class='ocrx_word' id='word_1_551' title='bbox 2953 2010 2968 2050; x_wconf 76' lang='lat' dir='ltr'><em>z</em></span> <span class='ocrx_word' id='word_1_552' title='bbox 3026 1991 3131 2052; x_wconf 75' lang='grc' dir='ltr'>Καὶ</span> <span class='ocrx_word' id='word_1_553' title='bbox 3162 1993 3509 2074; x_wconf 77' lang='grc' dir='ltr'>Ἀριστοτέλης</span> 
     </span>
     <span class='ocr_line' id='line_1_72' title="bbox 1954 2074 3509 2159; baseline 0.004 -25"><span class='ocrx_word' id='word_1_554' title='bbox 1954 2077 1998 2134; x_wconf 83' lang='grc' dir='ltr'>δ’</span> <span class='ocrx_word' id='word_1_555' title='bbox 2023 2077 2076 2134; x_wconf 71' lang='grc' dir='ltr'>ἐν</span> <span class='ocrx_word' id='word_1_556' title='bbox 2090 2080 2156 2155; x_wconf 84' lang='grc' dir='ltr'>τῇ</span> <span class='ocrx_word' id='word_1_557' title='bbox 2189 2074 2473 2148; x_wconf 82' lang='grc' dir='ltr'>Ἀθηναίων</span> <span class='ocrx_word' id='word_1_558' title='bbox 2497 2076 2733 2158; x_wconf 71' lang='grc' dir='ltr'>πολιτεία</span> <span class='ocrx_word' id='word_1_559' title='bbox 2749 2077 2868 2158; x_wconf 78' lang='grc' dir='ltr'>περὶ</span> <span class='ocrx_word' id='word_1_560' title='bbox 2883 2081 2985 2137; x_wconf 89' lang='grc' dir='ltr'>τῶν</span> <span class='ocrx_word' id='word_1_561' title='bbox 3005 2082 3325 2155; x_wconf 84' lang='grc' dir='ltr'>θεσμοθετῶν</span> <span class='ocrx_word' id='word_1_562' title='bbox 3342 2079 3509 2159; x_wconf 84' lang='grc' dir='ltr'>λέγων</span> 
     </span>
     <span class='ocr_line' id='line_1_73' title="bbox 1958 2160 3507 2247; baseline 0.004 -26"><span class='ocrx_word' id='word_1_563' title='bbox 1958 2162 2143 2243; x_wconf 86' lang='grc' dir='ltr'>γράφει</span> <span class='ocrx_word' id='word_1_564' title='bbox 2166 2161 2335 2222; x_wconf 84' lang='grc' dir='ltr'>τουτί·</span> <span class='ocrx_word' id='word_1_565' title='bbox 2379 2190 2405 2214; x_wconf 73' lang='grc' dir='ltr'><strong>κ</strong></span> <span class='ocrx_word' id='word_1_566' title='bbox 2441 2162 2561 2223; x_wconf 74' lang='grc' dir='ltr'>Εἰσὶ</span> <span class='ocrx_word' id='word_1_567' title='bbox 2592 2162 2648 2222; x_wconf 64' lang='grc' dir='ltr'>δὲ</span> <span class='ocrx_word' id='word_1_568' title='bbox 2683 2163 2773 2222; x_wconf 83' lang='grc' dir='ltr'>καὶ</span> <span class='ocrx_word' id='word_1_569' title='bbox 2800 2164 2997 2247; x_wconf 81' lang='grc' dir='ltr'>γραφαὶ</span> <span class='ocrx_word' id='word_1_570' title='bbox 3032 2166 3161 2247; x_wconf 79' lang='grc' dir='ltr'>πρὸς</span> <span class='ocrx_word' id='word_1_571' title='bbox 3198 2165 3409 2244; x_wconf 72' lang='grc' dir='ltr'>αὐτοὺς,</span> <span class='ocrx_word' id='word_1_572' title='bbox 3435 2160 3507 2227; x_wconf 72' lang='grc' dir='ltr'>ὧν</span> 
     </span>
     <span class='ocr_line' id='line_1_74' title="bbox 1954 2248 3507 2335; baseline 0.005 -29"><span class='ocrx_word' id='word_1_573' title='bbox 1954 2249 2283 2330; x_wconf 79' lang='grc' dir='ltr'>παράστασις</span> <span class='ocrx_word' id='word_1_574' title='bbox 2297 2248 2523 2326; x_wconf 86' lang='grc' dir='ltr'>τίθεται,</span> <span class='ocrx_word' id='word_1_575' title='bbox 2542 2248 2708 2318; x_wconf 81' lang='grc' dir='ltr'>ξενίας</span> <span class='ocrx_word' id='word_1_576' title='bbox 2728 2251 2819 2310; x_wconf 77' lang='grc' dir='ltr'>καὶ</span> <span class='ocrx_word' id='word_1_577' title='bbox 2833 2251 3134 2333; x_wconf 85' lang='grc' dir='ltr'>δωροξενίας</span> <span class='ocrx_word' id='word_1_578' title='bbox 3146 2298 3161 2319; x_wconf 85' lang='grc'>,</span> <span class='ocrx_word' id='word_1_579' title='bbox 3187 2253 3250 2311; x_wconf 79' lang='grc' dir='ltr'>ἄν</span> <span class='ocrx_word' id='word_1_580' title='bbox 3264 2278 3339 2321; x_wconf 92' lang='grc' dir='ltr'>τις</span> <span class='ocrx_word' id='word_1_581' title='bbox 3367 2256 3507 2335; x_wconf 79' lang='grc' dir='ltr'>δῶρα</span> 
     </span>
     <span class='ocr_line' id='line_1_75' title="bbox 1956 2333 3412 2417; baseline 0 -23"><span class='ocrx_word' id='word_1_582' title='bbox 1956 2333 2070 2401; x_wconf 73' lang='grc' dir='ltr'>δοὺς</span> <span class='ocrx_word' id='word_1_583' title='bbox 2098 2334 2340 2415; x_wconf 77' lang='grc' dir='ltr'>ἀποφύγῃ</span> <span class='ocrx_word' id='word_1_584' title='bbox 2362 2334 2459 2408; x_wconf 77' lang='grc' dir='ltr'>τὴν</span> <span class='ocrx_word' id='word_1_585' title='bbox 2481 2335 2826 2417; x_wconf 78' lang='grc' dir='ltr'>συκοφαντίαν</span> <span class='ocrx_word' id='word_1_586' title='bbox 2853 2339 2990 2415; x_wconf 85' lang='lat' dir='ltr'><strong>(scr.</strong></span> <span class='ocrx_word' id='word_1_587' title='bbox 3015 2338 3111 2410; x_wconf 86' lang='grc' dir='ltr'>τὴν</span> <span class='ocrx_word' id='word_1_588' title='bbox 3134 2338 3352 2417; x_wconf 86' lang='grc' dir='ltr'>ξενίαν).</span> <span class='ocrx_word' id='word_1_589' title='bbox 3386 2366 3412 2394; x_wconf 65' lang='grc' dir='ltr'>ε</span> 
     </span>
    </p>

    <p class='ocr_par' dir='ltr' id='par_1_18' title="bbox 1955 2422 3513 3024">
     <span class='ocr_line' id='line_1_76' title="bbox 2034 2422 3510 2504; baseline 0.005 -24"><span class='ocrx_word' id='word_1_590' title='bbox 2034 2425 2197 2481; x_wconf 90' lang='lat' dir='ltr'><strong>Idem</strong></span> <span class='ocrx_word' id='word_1_591' title='bbox 2229 2445 2287 2482; x_wconf 75' lang='lat' dir='ltr'>v.</span> <span class='ocrx_word' id='word_1_592' title='bbox 2322 2422 2663 2502; x_wconf 85' lang='grc' dir='ltr'>Παράστασις</span> <span class='ocrx_word' id='word_1_593' title='bbox 2708 2427 2884 2483; x_wconf 81' lang='lat' dir='ltr'><strong>verba</strong></span> <span class='ocrx_word' id='word_1_594' title='bbox 2935 2429 3249 2485; x_wconf 81' lang='lat' dir='ltr'><strong>Aristotelis</strong></span> <span class='ocrx_word' id='word_1_595' title='bbox 3288 2430 3510 2504; x_wconf 86' lang='lat' dir='ltr'><strong>plenius</strong></span> 
     </span>
     <span class='ocr_line' id='line_1_77' title="bbox 1956 2505 3511 2592; baseline 0.005 -24"><span class='ocrx_word' id='word_1_596' title='bbox 1956 2512 2185 2569; x_wconf 79' lang='lat' dir='ltr'><strong>exhibet</strong></span> <span class='ocrx_word' id='word_1_597' title='bbox 2208 2513 2284 2568; x_wconf 86' lang='lat' dir='ltr'>ita</span> <span class='ocrx_word' id='word_1_598' title='bbox 2324 2531 2340 2567; x_wconf 71' lang='grc' dir='ltr'>τ</span> <span class='ocrx_word' id='word_1_599' title='bbox 2376 2536 2402 2562; x_wconf 71' lang='grc' dir='ltr'>α</span> <span class='ocrx_word' id='word_1_600' title='bbox 2431 2510 2552 2571; x_wconf 76' lang='grc' dir='ltr'>Εἰσὶ</span> <span class='ocrx_word' id='word_1_601' title='bbox 2581 2509 2636 2569; x_wconf 72' lang='grc' dir='ltr'>δὲ</span> <span class='ocrx_word' id='word_1_602' title='bbox 2670 2511 2868 2591; x_wconf 82' lang='grc' dir='ltr'>γραφαὶ</span> <span class='ocrx_word' id='word_1_603' title='bbox 2904 2511 3031 2592; x_wconf 77' lang='grc' dir='ltr'>πρὸς</span> <span class='ocrx_word' id='word_1_604' title='bbox 3058 2512 3271 2586; x_wconf 73' lang='grc' dir='ltr'>αὐτοὺς,</span> <span class='ocrx_word' id='word_1_605' title='bbox 3298 2505 3372 2574; x_wconf 71' lang='grc' dir='ltr'>ὧν</span> <span class='ocrx_word' id='word_1_606' title='bbox 3402 2538 3511 2575; x_wconf 87' lang='grc' dir='ltr'>πα-</span> 
     </span>
     <span class='ocr_line' id='line_1_78' title="bbox 1958 2596 3505 2683; baseline 0.003 -28"><span class='ocrx_word' id='word_1_607' title='bbox 1958 2596 2208 2677; x_wconf 85' lang='grc' dir='ltr'>ράστασις</span> <span class='ocrx_word' id='word_1_608' title='bbox 2232 2596 2464 2671; x_wconf 83' lang='grc' dir='ltr'>τίθεται,</span> <span class='ocrx_word' id='word_1_609' title='bbox 2498 2596 2659 2666; x_wconf 79' lang='grc' dir='ltr'>ξενίας</span> <span class='ocrx_word' id='word_1_610' title='bbox 2691 2598 2781 2658; x_wconf 77' lang='grc' dir='ltr'>καὶ</span> <span class='ocrx_word' id='word_1_611' title='bbox 2805 2598 3104 2679; x_wconf 85' lang='grc' dir='ltr'>δωροξενίας</span> <span class='ocrx_word' id='word_1_612' title='bbox 3120 2643 3137 2673; x_wconf 91' lang='grc'>,</span> <span class='ocrx_word' id='word_1_613' title='bbox 3174 2598 3236 2658; x_wconf 84' lang='grc' dir='ltr'>ἄν</span> <span class='ocrx_word' id='word_1_614' title='bbox 3265 2624 3340 2668; x_wconf 92' lang='grc' dir='ltr'>τις</span> <span class='ocrx_word' id='word_1_615' title='bbox 3364 2603 3505 2683; x_wconf 80' lang='grc' dir='ltr'>δῶρα</span> 
     </span>
     <span class='ocr_line' id='line_1_79' title="bbox 1959 2682 3509 2770; baseline 0.004 -29"><span class='ocrx_word' id='word_1_616' title='bbox 1959 2682 2074 2750; x_wconf 77' lang='grc' dir='ltr'>δοὺς</span> <span class='ocrx_word' id='word_1_617' title='bbox 2100 2682 2345 2765; x_wconf 78' lang='grc' dir='ltr'>ἀποφύγῃ</span> <span class='ocrx_word' id='word_1_618' title='bbox 2386 2682 2479 2754; x_wconf 74' lang='grc' dir='ltr'>τὴν</span> <span class='ocrx_word' id='word_1_619' title='bbox 2518 2684 2703 2759; x_wconf 83' lang='grc' dir='ltr'>ξενίαν,</span> <span class='ocrx_word' id='word_1_620' title='bbox 2731 2683 2822 2744; x_wconf 84' lang='grc' dir='ltr'>καὶ</span> <span class='ocrx_word' id='word_1_621' title='bbox 2844 2687 3236 2767; x_wconf 79' lang='grc' dir='ltr'>ψευδεγγραφῆς</span> <span class='ocrx_word' id='word_1_622' title='bbox 3267 2688 3360 2747; x_wconf 84' lang='grc' dir='ltr'>καὶ</span> <span class='ocrx_word' id='word_1_623' title='bbox 3386 2692 3509 2770; x_wconf 80' lang='grc' dir='ltr'>ψευ-</span> 
     </span>
     <span class='ocr_line' id='line_1_80' title="bbox 1957 2769 3507 2855; baseline 0.003 -25"><span class='ocrx_word' id='word_1_624' title='bbox 1957 2769 2234 2843; x_wconf 79' lang='grc' dir='ltr'>δοκλητίας</span> <span class='ocrx_word' id='word_1_625' title='bbox 2250 2770 2341 2829; x_wconf 79' lang='grc' dir='ltr'>καὶ</span> <span class='ocrx_word' id='word_1_626' title='bbox 2359 2770 2675 2850; x_wconf 83' lang='grc' dir='ltr'>βουλεύσεως</span> <span class='ocrx_word' id='word_1_627' title='bbox 2685 2771 2776 2831; x_wconf 78' lang='grc' dir='ltr'>καὶ</span> <span class='ocrx_word' id='word_1_628' title='bbox 2788 2772 3042 2854; x_wconf 80' lang='grc' dir='ltr'>ἀγραφίου</span> <span class='ocrx_word' id='word_1_629' title='bbox 3054 2773 3315 2855; x_wconf 77' lang='grc' dir='ltr'>(ἀργυρίου</span> <span class='ocrx_word' id='word_1_630' title='bbox 3334 2779 3507 2834; x_wconf 84' lang='lat' dir='ltr'><strong>codd.</strong></span> 
     </span>
     <span class='ocr_line' id='line_1_81' title="bbox 1955 2857 3513 2940; baseline 0.003 -24"><span class='ocrx_word' id='word_1_631' title='bbox 1955 2861 2209 2934; x_wconf 78' lang='lat' dir='ltr'><strong>plurimi,</strong></span> <span class='ocrx_word' id='word_1_632' title='bbox 2229 2857 2448 2940; x_wconf 78' lang='grc' dir='ltr'>γραφίας</span> <span class='ocrx_word' id='word_1_633' title='bbox 2471 2860 2688 2937; x_wconf 86' lang='lat' dir='ltr'><strong>Suidas)</strong></span> <span class='ocrx_word' id='word_1_634' title='bbox 2728 2858 2819 2917; x_wconf 75' lang='grc' dir='ltr'>καὶ</span> <span class='ocrx_word' id='word_1_635' title='bbox 2843 2858 3094 2939; x_wconf 79' lang='grc' dir='ltr'>μοιχείας.</span> <span class='ocrx_word' id='word_1_636' title='bbox 3116 2886 3140 2912; x_wconf 81' lang='lat'>¹·</span> <span class='ocrx_word' id='word_1_637' title='bbox 3160 2863 3369 2921; x_wconf 85' lang='lat' dir='ltr'><strong>Eadem</strong></span> <span class='ocrx_word' id='word_1_638' title='bbox 3390 2866 3513 2922; x_wconf 90' lang='lat' dir='ltr'><strong>Sui-</strong></span> 
     </span>
     <span class='ocr_line' id='line_1_82' title="bbox 1959 2945 3351 3024; baseline 0.003 -19"><span class='ocrx_word' id='word_1_639' title='bbox 1959 2948 2058 3005; x_wconf 83' lang='lat' dir='ltr'>das</span> <span class='ocrx_word' id='word_1_640' title='bbox 2081 2968 2138 3005; x_wconf 75' lang='lat' dir='ltr'>v.</span> <span class='ocrx_word' id='word_1_641' title='bbox 2173 2945 2529 3015; x_wconf 81' lang='grc' dir='ltr'>Κατάστασις.</span> <span class='ocrx_word' id='word_1_642' title='bbox 2559 2949 2686 3006; x_wconf 78' lang='lat' dir='ltr'><strong>Alia</strong></span> <span class='ocrx_word' id='word_1_643' title='bbox 2710 2951 3044 3024; x_wconf 86' lang='lat' dir='ltr'><strong>supplentur</strong></span> <span class='ocrx_word' id='word_1_644' title='bbox 3066 2970 3098 3008; x_wconf 88' lang='lat' dir='ltr'>e</span> <span class='ocrx_word' id='word_1_645' title='bbox 3125 2951 3351 3013; x_wconf 82' lang='lat' dir='ltr'><strong>Photio.</strong></span> 
     </span>
    </p>

    <p class='ocr_par' dir='ltr' id='par_1_19' title="bbox 1960 3034 3513 3205">
     <span class='ocr_line' id='line_1_83' title="bbox 2036 3034 3507 3113; baseline 0.002 -19"><span class='ocrx_word' id='word_1_646' title='bbox 2036 3039 2175 3094; x_wconf 87' lang='lat' dir='ltr'><strong>Lex.</strong></span> <span class='ocrx_word' id='word_1_647' title='bbox 2200 3037 2437 3093; x_wconf 83' lang='lat' dir='ltr'><strong>Rhetor.</strong></span> <span class='ocrx_word' id='word_1_648' title='bbox 2455 3034 2557 3112; x_wconf 88' lang='lat' dir='ltr'>(ad</span> <span class='ocrx_word' id='word_1_649' title='bbox 2571 3037 2779 3093; x_wconf 87' lang='lat' dir='ltr'><strong>calcem</strong></span> <span class='ocrx_word' id='word_1_650' title='bbox 2805 3038 2992 3093; x_wconf 84' lang='lat' dir='ltr'><strong>Photii</strong></span> <span class='ocrx_word' id='word_1_651' title='bbox 3012 3037 3174 3113; x_wconf 82' lang='lat' dir='ltr'><strong>Lex.)</strong></span> <span class='ocrx_word' id='word_1_652' title='bbox 3193 3058 3256 3113; x_wconf 90' lang='lat' dir='ltr'>p.</span> <span class='ocrx_word' id='word_1_653' title='bbox 3279 3039 3416 3112; x_wconf 78' lang='lat'><strong>674,</strong></span> <span class='ocrx_word' id='word_1_654' title='bbox 3434 3040 3469 3097; x_wconf 88' lang='lat'>8</span> <span class='ocrx_word' id='word_1_655' title='bbox 3493 3061 3507 3097; x_wconf 90' lang='lat'><strong>:</strong></span> 
     </span>
     <span class='ocr_line' id='line_1_84' title="bbox 1960 3119 3513 3205; baseline 0.003 -25"><span class='ocrx_word' id='word_1_656' title='bbox 1960 3120 2147 3188; x_wconf 87' lang='grc' dir='ltr'>Ξενίας</span> <span class='ocrx_word' id='word_1_657' title='bbox 2171 3119 2345 3203; x_wconf 74' lang='grc' dir='ltr'>γραφὴ</span> <span class='ocrx_word' id='word_1_658' title='bbox 2369 3121 2461 3181; x_wconf 77' lang='grc' dir='ltr'>καὶ</span> <span class='ocrx_word' id='word_1_659' title='bbox 2502 3119 2800 3202; x_wconf 82' lang='grc' dir='ltr'>δωροξενίας</span> <span class='ocrx_word' id='word_1_660' title='bbox 2825 3122 3074 3204; x_wconf 73' lang='grc' dir='ltr'>διαφέρει.</span> <span class='ocrx_word' id='word_1_661' title='bbox 3160 3124 3513 3205; x_wconf 82' lang='grc' dir='ltr'>Ἀριστοτέλης</span> 
     </span>
    </p>
   </div>
   <div class='ocr_carea' id='block_1_15' title="bbox 1958 3209 3508 3292">
    <p class='ocr_par' dir='ltr' id='par_1_20' title="bbox 1958 3209 3508 3292">
     <span class='ocr_line' id='line_1_85' title="bbox 1958 3209 3508 3292; baseline 0.003 -23"><span class='ocrx_word' id='word_1_662' title='bbox 1958 3213 2011 3269; x_wconf 76' lang='grc' dir='ltr'>ἐν</span> <span class='ocrx_word' id='word_1_663' title='bbox 2044 3213 2111 3290; x_wconf 79' lang='grc' dir='ltr'>τῇ</span> <span class='ocrx_word' id='word_1_664' title='bbox 2144 3209 2424 3282; x_wconf 81' lang='grc' dir='ltr'>Ἀθηναίων</span> <span class='ocrx_word' id='word_1_665' title='bbox 2455 3209 2689 3290; x_wconf 73' lang='grc' dir='ltr'>πολιτεία</span> <span class='ocrx_word' id='word_1_666' title='bbox 2712 3210 2869 3290; x_wconf 83' lang='grc' dir='ltr'>φησὶ,</span> <span class='ocrx_word' id='word_1_667' title='bbox 2903 3210 3022 3292; x_wconf 77' lang='grc' dir='ltr'>περὶ</span> <span class='ocrx_word' id='word_1_668' title='bbox 3047 3216 3152 3271; x_wconf 87' lang='grc' dir='ltr'>τῶν</span> <span class='ocrx_word' id='word_1_669' title='bbox 3180 3216 3508 3291; x_wconf 86' lang='grc' dir='ltr'>θεσμοθετῶν</span> 
     </span>
    </p>
   </div>
   <div class='ocr_carea' id='block_1_16' title="bbox 1931 3292 3510 3379">
    <p class='ocr_par' dir='ltr' id='par_1_21' title="bbox 1931 3292 3510 3379">
     <span class='ocr_line' id='line_1_86' title="bbox 1931 3292 3510 3379; baseline 0.003 -24"><span class='ocrx_word' id='word_1_670' title='bbox 1931 3294 2346 3374; x_wconf 73' lang='grc' dir='ltr'>’διαλεγόμενος-</span> <span class='ocrx_word' id='word_1_671' title='bbox 2371 3324 2397 3348; x_wconf 73' lang='grc' dir='ltr'>κ</span> <span class='ocrx_word' id='word_1_672' title='bbox 2440 3295 2563 3356; x_wconf 74' lang='grc' dir='ltr'>Εἰσὶ</span> <span class='ocrx_word' id='word_1_673' title='bbox 2601 3296 2657 3355; x_wconf 75' lang='grc' dir='ltr'>δὲ</span> <span class='ocrx_word' id='word_1_674' title='bbox 2684 3296 2775 3356; x_wconf 78' lang='grc' dir='ltr'>καὶ</span> <span class='ocrx_word' id='word_1_675' title='bbox 2810 3298 3008 3379; x_wconf 77' lang='grc' dir='ltr'>γραφαὶ</span> <span class='ocrx_word' id='word_1_676' title='bbox 3036 3298 3163 3377; x_wconf 81' lang='grc' dir='ltr'>πρὸς</span> <span class='ocrx_word' id='word_1_677' title='bbox 3200 3300 3410 3374; x_wconf 77' lang='grc' dir='ltr'>αὐτοὺς,</span> <span class='ocrx_word' id='word_1_678' title='bbox 3437 3292 3510 3359; x_wconf 67' lang='grc' dir='ltr'>ὧν</span> 
     </span>
    </p>
   </div>
   <div class='ocr_carea' id='block_1_17' title="bbox 1958 3381 3513 3984">
    <p class='ocr_par' dir='ltr' id='par_1_22' title="bbox 1958 3381 3513 3638">
     <span class='ocr_line' id='line_1_87' title="bbox 1958 3381 3508 3466; baseline 0.003 -25"><span class='ocrx_word' id='word_1_679' title='bbox 1958 3382 2289 3464; x_wconf 79' lang='grc' dir='ltr'>παράστασις</span> <span class='ocrx_word' id='word_1_680' title='bbox 2317 3381 2543 3457; x_wconf 87' lang='grc' dir='ltr'>τίθεται,</span> <span class='ocrx_word' id='word_1_681' title='bbox 2574 3381 2739 3452; x_wconf 81' lang='grc' dir='ltr'>ξενίας</span> <span class='ocrx_word' id='word_1_682' title='bbox 2753 3383 2847 3443; x_wconf 77' lang='grc' dir='ltr'>καὶ</span> <span class='ocrx_word' id='word_1_683' title='bbox 2870 3384 3199 3466; x_wconf 78' lang='grc' dir='ltr'>δωροξενίας·</span> <span class='ocrx_word' id='word_1_684' title='bbox 3221 3384 3387 3454; x_wconf 84' lang='grc' dir='ltr'>ξενίας</span> <span class='ocrx_word' id='word_1_685' title='bbox 3412 3387 3508 3462; x_wconf 74' lang='grc' dir='ltr'>μὲν</span> 
     </span>
     <span class='ocr_line' id='line_1_88' title="bbox 1960 3462 3513 3552; baseline 0.002 -22"><span class='ocrx_word' id='word_1_686' title='bbox 1960 3469 2050 3530; x_wconf 78' lang='grc' dir='ltr'>ἐάν</span> <span class='ocrx_word' id='word_1_687' title='bbox 2076 3494 2154 3537; x_wconf 91' lang='grc' dir='ltr'>τις</span> <span class='ocrx_word' id='word_1_688' title='bbox 2172 3474 2530 3551; x_wconf 78' lang='grc' dir='ltr'>κατηγορῆται</span> <span class='ocrx_word' id='word_1_689' title='bbox 2565 3468 2701 3540; x_wconf 81' lang='grc' dir='ltr'>ξένος</span> <span class='ocrx_word' id='word_1_690' title='bbox 2736 3462 2885 3545; x_wconf 72' lang='grc' dir='ltr'>εἶναι,</span> <span class='ocrx_word' id='word_1_691' title='bbox 2913 3470 3211 3552; x_wconf 82' lang='grc' dir='ltr'>δωροξενίας</span> <span class='ocrx_word' id='word_1_692' title='bbox 3241 3471 3297 3531; x_wconf 81' lang='grc' dir='ltr'>δὲ</span> <span class='ocrx_word' id='word_1_693' title='bbox 3318 3471 3407 3532; x_wconf 76' lang='grc' dir='ltr'>ἐάν</span> <span class='ocrx_word' id='word_1_694' title='bbox 3436 3498 3513 3541; x_wconf 91' lang='grc' dir='ltr'>τις</span> 
     </span>
     <span class='ocr_line' id='line_1_89' title="bbox 1960 3555 2933 3638; baseline -0.005 -22"><span class='ocrx_word' id='word_1_695' title='bbox 1960 3560 2100 3638; x_wconf 84' lang='grc' dir='ltr'>δῶρα</span> <span class='ocrx_word' id='word_1_696' title='bbox 2120 3556 2287 3624; x_wconf 78' lang='grc' dir='ltr'>διδοὺς</span> <span class='ocrx_word' id='word_1_697' title='bbox 2306 3555 2547 3638; x_wconf 77' lang='grc' dir='ltr'>ἀποφύγῃ</span> <span class='ocrx_word' id='word_1_698' title='bbox 2575 3556 2671 3629; x_wconf 75' lang='grc' dir='ltr'>τὴν</span> <span class='ocrx_word' id='word_1_699' title='bbox 2699 3557 2884 3627; x_wconf 86' lang='grc' dir='ltr'>ξενίαν.</span> <span class='ocrx_word' id='word_1_700' title='bbox 2909 3586 2933 3611; x_wconf 64' lang='lat' dir='ltr'><strong>s</strong></span> 
     </span>
    </p>

    <p class='ocr_par' dir='ltr' id='par_1_23' title="bbox 1960 3636 3513 3984">
     <span class='ocr_line' id='line_1_90' title="bbox 2045 3636 3512 3731; baseline 0.003 -27"><span class='ocrx_word' id='word_1_701' title='bbox 2045 3643 2183 3725; x_wconf 79' lang='grc' dir='ltr'>Πρὸς</span> <span class='ocrx_word' id='word_1_702' title='bbox 2210 3642 2411 3717; x_wconf 75' lang='grc' dir='ltr'>αὐτοὺς,</span> <span class='ocrx_word' id='word_1_703' title='bbox 2433 3636 2507 3703; x_wconf 70' lang='grc' dir='ltr'>ὧν</span> <span class='ocrx_word' id='word_1_704' title='bbox 2533 3644 2891 3725; x_wconf 88' lang='grc' dir='ltr'>παράστασις]</span> <span class='ocrx_word' id='word_1_705' title='bbox 2912 3650 3125 3720; x_wconf 84' lang='lat' dir='ltr'><strong>Meier:;</strong></span> <span class='ocrx_word' id='word_1_706' title='bbox 3142 3650 3325 3708; x_wconf 87' lang='lat' dir='ltr'><strong>codex</strong></span> <span class='ocrx_word' id='word_1_707' title='bbox 3350 3672 3366 3708; x_wconf 70' lang='grc' dir='ltr'><strong><em>ι</em></strong></span> <span class='ocrx_word' id='word_1_708' title='bbox 3394 3656 3512 3731; x_wconf 90' lang='grc' dir='ltr'>περὶ</span> 
     </span>
     <span class='ocr_line' id='line_1_91' title="bbox 1962 3724 3513 3815; baseline 0.003 -24"><span class='ocrx_word' id='word_1_709' title='bbox 1962 3734 2131 3799; x_wconf 76' lang='grc' dir='ltr'>αὐτοῖς</span> <span class='ocrx_word' id='word_1_710' title='bbox 2156 3724 2228 3791; x_wconf 65' lang='grc' dir='ltr'>ὧν</span> <span class='ocrx_word' id='word_1_711' title='bbox 2256 3730 2603 3812; x_wconf 86' lang='grc' dir='ltr'>περιστάσεις.</span> <span class='ocrx_word' id='word_1_712' title='bbox 2628 3735 2811 3792; x_wconf 84' lang='lat' dir='ltr'><strong>Verba</strong></span> <span class='ocrx_word' id='word_1_713' title='bbox 2839 3733 3001 3802; x_wconf 87' lang='grc' dir='ltr'>ξενίας</span> <span class='ocrx_word' id='word_1_714' title='bbox 3028 3732 3188 3812; x_wconf 79' lang='grc' dir='ltr'>μὲν...</span> <span class='ocrx_word' id='word_1_715' title='bbox 3213 3736 3513 3815; x_wconf 84' lang='grc' dir='ltr'>δωροξενίας</span> 
     </span>
     <span class='ocr_line' id='line_1_92' title="bbox 1960 3818 3509 3900; baseline 0.001 -22"><span class='ocrx_word' id='word_1_716' title='bbox 1960 3818 2016 3878; x_wconf 70' lang='grc' dir='ltr'>δὲ</span> <span class='ocrx_word' id='word_1_717' title='bbox 2052 3821 2206 3896; x_wconf 85' lang='lat' dir='ltr'><strong>apud</strong></span> <span class='ocrx_word' id='word_1_718' title='bbox 2240 3822 2747 3896; x_wconf 85' lang='lat' dir='ltr'><strong>Harpocrationem</strong></span> <span class='ocrx_word' id='word_1_719' title='bbox 2797 3821 3057 3879; x_wconf 86' lang='lat' dir='ltr'><strong>librarius</strong></span> <span class='ocrx_word' id='word_1_720' title='bbox 3100 3825 3321 3893; x_wconf 84' lang='lat' dir='ltr'><strong>omisit,</strong></span> <span class='ocrx_word' id='word_1_721' title='bbox 3350 3835 3509 3900; x_wconf 87' lang='lat' dir='ltr'><strong>patet</strong></span> 
     </span>
     <span class='ocr_line' id='line_1_93' title="bbox 1961 3906 3513 3984; baseline 0.001 -19"><span class='ocrx_word' id='word_1_722' title='bbox 1961 3927 2210 3982; x_wconf 83' lang='lat' dir='ltr'><strong>quonam</strong></span> <span class='ocrx_word' id='word_1_723' title='bbox 2232 3909 2441 3965; x_wconf 84' lang='lat' dir='ltr'><strong>erroris</strong></span> <span class='ocrx_word' id='word_1_724' title='bbox 2461 3926 2687 3983; x_wconf 85' lang='lat' dir='ltr'><strong>genere.</strong></span> <span class='ocrx_word' id='word_1_725' title='bbox 2728 3910 2840 3964; x_wconf 91' lang='lat' dir='ltr'>Pro</span> <span class='ocrx_word' id='word_1_726' title='bbox 2880 3906 3042 3973; x_wconf 79' lang='grc' dir='ltr'>διδοὺς</span> <span class='ocrx_word' id='word_1_727' title='bbox 3083 3929 3152 3966; x_wconf 83' lang='lat' dir='ltr'>ex</span> <span class='ocrx_word' id='word_1_728' title='bbox 3190 3913 3513 3984; x_wconf 87' lang='lat' dir='ltr'><strong>Harpocra-</strong></span> 
     </span>
    </p>
   </div>
   <div class='ocr_carea' id='block_1_18' title="bbox 1961 3990 3514 4070">
    <p class='ocr_par' dir='ltr' id='par_1_24' title="bbox 1961 3990 3514 4070">
     <span class='ocr_line' id='line_1_94' title="bbox 1961 3990 3514 4070; baseline 0.002 -19"><span class='ocrx_word' id='word_1_729' title='bbox 1961 3998 2116 4052; x_wconf 89' lang='lat' dir='ltr'><strong>tione</strong></span> <span class='ocrx_word' id='word_1_730' title='bbox 2136 3995 2531 4070; x_wconf 86' lang='lat' dir='ltr'><strong>reponendum</strong></span> <span class='ocrx_word' id='word_1_731' title='bbox 2554 3990 2669 4059; x_wconf 78' lang='grc' dir='ltr'>δοὺς</span> <span class='ocrx_word' id='word_1_732' title='bbox 2688 4005 2874 4052; x_wconf 82' lang='lat' dir='ltr'><strong>censet</strong></span> <span class='ocrx_word' id='word_1_733' title='bbox 2896 3998 3153 4055; x_wconf 71' lang='lat' dir='ltr'><strong>MeieruS.</strong></span> <span class='ocrx_word' id='word_1_734' title='bbox 3177 3996 3338 4053; x_wconf 89' lang='lat' dir='ltr'><strong>Idem</strong></span> <span class='ocrx_word' id='word_1_735' title='bbox 3362 4017 3375 4051; x_wconf 89' lang='lat'>:</span> <span class='ocrx_word' id='word_1_736' title='bbox 3410 4023 3433 4045; x_wconf 73' lang='grc' dir='ltr'>ιι</span> <span class='ocrx_word' id='word_1_737' title='bbox 3453 3996 3514 4054; x_wconf 90' lang='lat' dir='ltr'>Si</span> 
     </span>
    </p>
   </div>
   <div class='ocr_carea' id='block_1_19' title="bbox 3131 4112 3375 4121">
    <p class='ocr_par' dir='ltr' id='par_1_25' title="bbox 3131 4112 3375 4121">
     <span class='ocr_line' id='line_1_95' title="bbox 3131 4112 3375 4121; baseline 0 1795"><span class='ocrx_word' id='word_1_738' title='bbox 3131 4112 3375 4121; x_wconf 95' lang='lat' dir='ltr'> </span> 
     </span>
    </p>
   </div>
   <div class='ocr_carea' id='block_1_20' title="bbox 1961 4156 3518 5237">
    <p class='ocr_par' dir='ltr' id='par_1_26' title="bbox 1961 4156 3515 4454">
     <span class='ocr_line' id='line_1_96' title="bbox 1961 4156 3513 4223; baseline 0.001 -15"><span class='ocrx_word' id='word_1_739' title='bbox 1961 4171 2074 4208; x_wconf 85' lang='lat' dir='ltr'>nam</span> <span class='ocrx_word' id='word_1_740' title='bbox 2090 4157 2216 4208; x_wconf 87' lang='lat' dir='ltr'><strong>demi</strong></span> <span class='ocrx_word' id='word_1_741' title='bbox 2235 4160 2393 4208; x_wconf 81' lang='lat' dir='ltr'><strong>essent</strong></span> <span class='ocrx_word' id='word_1_742' title='bbox 2404 4194 2420 4221; x_wconf 88' lang='lat'><strong>,</strong></span> <span class='ocrx_word' id='word_1_743' title='bbox 2440 4170 2559 4207; x_wconf 89' lang='lat' dir='ltr'>num</span> <span class='ocrx_word' id='word_1_744' title='bbox 2579 4156 2746 4219; x_wconf 82' lang='lat' dir='ltr'><strong>Apollo</strong></span> <span class='ocrx_word' id='word_1_745' title='bbox 2764 4156 2877 4219; x_wconf 85' lang='lat' dir='ltr'><strong>ipsis</strong></span> <span class='ocrx_word' id='word_1_746' title='bbox 2892 4158 3016 4207; x_wconf 86' lang='lat' dir='ltr'><strong>esset</strong></span> <span class='ocrx_word' id='word_1_747' title='bbox 3035 4157 3270 4208; x_wconf 84' lang='lat' dir='ltr'><strong>Patricius</strong></span> <span class='ocrx_word' id='word_1_748' title='bbox 3286 4162 3335 4209; x_wconf 83' lang='lat' dir='ltr'>et</span> <span class='ocrx_word' id='word_1_749' title='bbox 3354 4160 3513 4223; x_wconf 75' lang='lat' dir='ltr'><strong>,iuppi-</strong></span> 
     </span>
     <span class='ocr_line' id='line_1_97' title="bbox 1963 4232 3515 4300; baseline 0.001 -15"><span class='ocrx_word' id='word_1_750' title='bbox 1963 4236 2039 4285; x_wconf 83' lang='lat' dir='ltr'>ter</span> <span class='ocrx_word' id='word_1_751' title='bbox 2055 4237 2291 4296; x_wconf 77' lang='lat' dir='ltr'><strong>Heraeus,</strong></span> <span class='ocrx_word' id='word_1_752' title='bbox 2305 4247 2423 4284; x_wconf 87' lang='lat' dir='ltr'>num</span> <span class='ocrx_word' id='word_1_753' title='bbox 2440 4236 2661 4297; x_wconf 80' lang='lat' dir='ltr'><strong>parentes</strong></span> <span class='ocrx_word' id='word_1_754' title='bbox 2672 4246 2784 4283; x_wconf 82' lang='lat' dir='ltr'><strong>suos</strong></span> <span class='ocrx_word' id='word_1_755' title='bbox 2802 4233 2925 4284; x_wconf 84' lang='lat' dir='ltr'><strong>bene</strong></span> <span class='ocrx_word' id='word_1_756' title='bbox 2941 4232 3174 4284; x_wconf 83' lang='lat' dir='ltr'><strong>haherent</strong></span> <span class='ocrx_word' id='word_1_757' title='bbox 3184 4271 3200 4297; x_wconf 93' lang='lat'><strong>,</strong></span> <span class='ocrx_word' id='word_1_758' title='bbox 3218 4247 3515 4300; x_wconf 84' lang='lat' dir='ltr'><strong>censumque</strong></span> 
     </span>
     <span class='ocr_line' id='line_1_98' title="bbox 1961 4311 3514 4379; baseline -0.001 -15"><span class='ocrx_word' id='word_1_759' title='bbox 1961 4313 2231 4375; x_wconf 76' lang='lat' dir='ltr'><strong>solverent,</strong></span> <span class='ocrx_word' id='word_1_760' title='bbox 2254 4314 2304 4362; x_wconf 87' lang='lat' dir='ltr'>et</span> <span class='ocrx_word' id='word_1_761' title='bbox 2325 4326 2414 4375; x_wconf 86' lang='lat' dir='ltr'>pro</span> <span class='ocrx_word' id='word_1_762' title='bbox 2429 4311 2584 4376; x_wconf 79' lang='lat' dir='ltr'><strong>patria</strong></span> <span class='ocrx_word' id='word_1_763' title='bbox 2618 4311 2918 4361; x_wconf 81' lang='lat' dir='ltr'><strong>militassent.</strong></span> <span class='ocrx_word' id='word_1_764' title='bbox 2944 4313 3059 4362; x_wconf 78' lang='lat' dir='ltr'><strong>Hoec</strong></span> <span class='ocrx_word' id='word_1_765' title='bbox 3080 4311 3243 4362; x_wconf 89' lang='lat' dir='ltr'><strong>omnia</strong></span> <span class='ocrx_word' id='word_1_766' title='bbox 3276 4313 3514 4379; x_wconf 79' lang='grc' dir='ltr'>ἀνάκρισιν</span> 
     </span>
     <span class='ocr_line' id='line_1_99' title="bbox 1963 4388 2921 4454; baseline -0.002 -14"><span class='ocrx_word' id='word_1_767' title='bbox 1963 4389 2383 4454; x_wconf 78' lang='lat' dir='ltr'><strong>(inquisitionem)</strong></span> <span class='ocrx_word' id='word_1_768' title='bbox 2402 4388 2576 4441; x_wconf 85' lang='lat' dir='ltr'><strong>merito</strong></span> <span class='ocrx_word' id='word_1_769' title='bbox 2592 4388 2921 4440; x_wconf 82' lang='lat' dir='ltr'><strong>nominabant.</strong></span> 
     </span>
    </p>

    <p class='ocr_par' dir='ltr' id='par_1_27' title="bbox 1962 4532 3518 5155">
     <span class='ocr_line' id='line_1_100' title="bbox 2026 4532 3517 4620; baseline -0.001 -11"><span class='ocrx_word' id='word_1_770' title='bbox 2026 4532 2305 4610; x_wconf 58' lang='lat' dir='ltr'><strong>Aristoteles</strong></span> <span class='ocrx_word' id='word_1_771' title='bbox 2318 4556 2368 4608; x_wconf 88' lang='lat' dir='ltr'>in</span> <span class='ocrx_word' id='word_1_772' title='bbox 2382 4560 2497 4620; x_wconf 67' lang='grc' dir='ltr'>Περ.</span> <span class='ocrx_word' id='word_1_773' title='bbox 2521 4552 2882 4608; x_wconf 79' lang='lat' dir='ltr'><strong>Atheniensium</strong></span> <span class='ocrx_word' id='word_1_774' title='bbox 2905 4552 2966 4604; x_wconf 85' lang='lat' dir='ltr'>de</span> <span class='ocrx_word' id='word_1_775' title='bbox 2983 4554 3337 4606; x_wconf 85' lang='lat' dir='ltr'><strong>Thesmothetis</strong></span> <span class='ocrx_word' id='word_1_776' title='bbox 3353 4555 3517 4608; x_wconf 82' lang='lat' dir='ltr'><strong>dicens</strong></span> 
     </span>
     <span class='ocr_line' id='line_1_101' title="bbox 1962 4629 3518 4696; baseline 0 -11"><span class='ocrx_word' id='word_1_777' title='bbox 1962 4634 2129 4685; x_wconf 82' lang='lat' dir='ltr'><strong>scribit</strong></span> <span class='ocrx_word' id='word_1_778' title='bbox 2155 4635 2262 4686; x_wconf 80' lang='lat' dir='ltr'><strong>haec</strong></span> <span class='ocrx_word' id='word_1_779' title='bbox 2294 4653 2308 4685; x_wconf 74' lang='grc' dir='ltr'>ι</span> <span class='ocrx_word' id='word_1_780' title='bbox 2334 4654 2359 4677; x_wconf 76' lang='grc' dir='ltr'>α</span> <span class='ocrx_word' id='word_1_781' title='bbox 2394 4634 2616 4685; x_wconf 80' lang='lat' dir='ltr'><strong>Actiones</strong></span> <span class='ocrx_word' id='word_1_782' title='bbox 2647 4630 2776 4695; x_wconf 78' lang='lat' dir='ltr'><strong>apud</strong></span> <span class='ocrx_word' id='word_1_783' title='bbox 2802 4643 2885 4681; x_wconf 83' lang='lat' dir='ltr'>eos</span> <span class='ocrx_word' id='word_1_784' title='bbox 2909 4629 3228 4682; x_wconf 84' lang='lat' dir='ltr'><strong>intenduntur</strong></span> <span class='ocrx_word' id='word_1_785' title='bbox 3254 4632 3305 4682; x_wconf 88' lang='lat' dir='ltr'>in</span> <span class='ocrx_word' id='word_1_786' title='bbox 3339 4634 3518 4696; x_wconf 89' lang='lat' dir='ltr'><strong>quibus</strong></span> 
     </span>
     <span class='ocr_line' id='line_1_102' title="bbox 1966 4709 3516 4776; baseline 0 -14"><span class='ocrx_word' id='word_1_787' title='bbox 1966 4713 2224 4764; x_wconf 82' lang='lat' dir='ltr'><strong>Parastasis</strong></span> <span class='ocrx_word' id='word_1_788' title='bbox 2235 4713 2335 4764; x_wconf 77' lang='lat' dir='ltr'><strong>sive</strong></span> <span class='ocrx_word' id='word_1_789' title='bbox 2348 4712 2647 4764; x_wconf 82' lang='lat' dir='ltr'><strong>sacramenta</strong></span> <span class='ocrx_word' id='word_1_790' title='bbox 2656 4709 3039 4772; x_wconf 83' lang='lat' dir='ltr'><strong>deponebantur,</strong></span> <span class='ocrx_word' id='word_1_791' title='bbox 3060 4710 3422 4774; x_wconf 78' lang='lat' dir='ltr'><strong>peregrinitatis,</strong></span> <span class='ocrx_word' id='word_1_792' title='bbox 3440 4726 3516 4776; x_wconf 84' lang='lat' dir='ltr'>pe·</span> 
     </span>
     <span class='ocr_line' id='line_1_103' title="bbox 1966 4786 3516 4855; baseline -0.001 -14"><span class='ocrx_word' id='word_1_793' title='bbox 1966 4790 2253 4855; x_wconf 76' lang='lat' dir='ltr'><strong>regrinitatis</strong></span> <span class='ocrx_word' id='word_1_794' title='bbox 2270 4790 2397 4841; x_wconf 88' lang='lat' dir='ltr'><strong>dono</strong></span> <span class='ocrx_word' id='word_1_795' title='bbox 2413 4790 2612 4840; x_wconf 62' lang='lat' dir='ltr'><strong>tentatas</strong></span> <span class='ocrx_word' id='word_1_796' title='bbox 2626 4788 2704 4852; x_wconf 82' lang='lat' dir='ltr'>(et</span> <span class='ocrx_word' id='word_1_797' title='bbox 2718 4786 2849 4837; x_wconf 86' lang='lat' dir='ltr'><strong>illius</strong></span> <span class='ocrx_word' id='word_1_798' title='bbox 2869 4787 3067 4851; x_wconf 85' lang='lat' dir='ltr'><strong>quidem</strong></span> <span class='ocrx_word' id='word_1_799' title='bbox 3081 4824 3098 4850; x_wconf 93' lang='lat'><strong>,</strong></span> <span class='ocrx_word' id='word_1_800' title='bbox 3118 4788 3158 4838; x_wconf 88' lang='lat' dir='ltr'>si</span> <span class='ocrx_word' id='word_1_801' title='bbox 3172 4788 3283 4852; x_wconf 85' lang='lat' dir='ltr'><strong>quis</strong></span> <span class='ocrx_word' id='word_1_802' title='bbox 3307 4791 3516 4852; x_wconf 82' lang='lat' dir='ltr'><strong>peregri·</strong></span> 
     </span>
     <span class='ocr_line' id='line_1_104' title="bbox 1965 4864 3517 4931; baseline -0.002 -11"><span class='ocrx_word' id='word_1_803' title='bbox 1965 4883 2059 4920; x_wconf 89' lang='lat' dir='ltr'>nus</span> <span class='ocrx_word' id='word_1_804' title='bbox 2073 4882 2176 4921; x_wconf 78' lang='lat' dir='ltr'><strong>ease</strong></span> <span class='ocrx_word' id='word_1_805' title='bbox 2192 4871 2468 4931; x_wconf 82' lang='lat' dir='ltr'><strong>accusatur,</strong></span> <span class='ocrx_word' id='word_1_806' title='bbox 2488 4868 2633 4931; x_wconf 83' lang='lat' dir='ltr'><strong>hujus</strong></span> <span class='ocrx_word' id='word_1_807' title='bbox 2651 4879 2765 4917; x_wconf 81' lang='lat' dir='ltr'><strong>vero</strong></span> <span class='ocrx_word' id='word_1_808' title='bbox 2776 4902 2791 4929; x_wconf 92' lang='lat'><strong>,</strong></span> <span class='ocrx_word' id='word_1_809' title='bbox 2831 4866 2871 4917; x_wconf 85' lang='lat' dir='ltr'>si</span> <span class='ocrx_word' id='word_1_810' title='bbox 2907 4867 3016 4930; x_wconf 86' lang='lat' dir='ltr'><strong>quis</strong></span> <span class='ocrx_word' id='word_1_811' title='bbox 3055 4864 3180 4917; x_wconf 82' lang='lat' dir='ltr'><strong>dona</strong></span> <span class='ocrx_word' id='word_1_812' title='bbox 3197 4866 3357 4917; x_wconf 86' lang='lat' dir='ltr'><strong>dando</strong></span> <span class='ocrx_word' id='word_1_813' title='bbox 3393 4867 3517 4917; x_wconf 83' lang='lat' dir='ltr'><strong>hauc</strong></span> 
     </span>
     <span class='ocr_line' id='line_1_105' title="bbox 1966 4945 3516 5012; baseline -0.002 -15"><span class='ocrx_word' id='word_1_814' title='bbox 1966 4947 2312 5012; x_wconf 78' lang='lat' dir='ltr'><strong>peregrinitatis</strong></span> <span class='ocrx_word' id='word_1_815' title='bbox 2338 4947 2577 4998; x_wconf 87' lang='lat' dir='ltr'><strong>actionem</strong></span> <span class='ocrx_word' id='word_1_816' title='bbox 2596 4945 2811 4996; x_wconf 76' lang='lat' dir='ltr'><strong>devitare</strong></span> <span class='ocrx_word' id='word_1_817' title='bbox 2844 4945 3051 5008; x_wconf 74' lang='lat' dir='ltr'><strong>studet),</strong></span> <span class='ocrx_word' id='word_1_818' title='bbox 3085 4946 3218 4997; x_wconf 64' lang='lat' dir='ltr'><strong>falsae</strong></span> <span class='ocrx_word' id='word_1_819' title='bbox 3249 4945 3516 5007; x_wconf 82' lang='lat' dir='ltr'><strong>relationis,</strong></span> 
     </span>
     <span class='ocr_line' id='line_1_106' title="bbox 1965 5024 3518 5088; baseline -0.003 -10"><span class='ocrx_word' id='word_1_820' title='bbox 1965 5028 2210 5078; x_wconf 71' lang='lat' dir='ltr'><strong>ementitae</strong></span> <span class='ocrx_word' id='word_1_821' title='bbox 2256 5026 2523 5087; x_wconf 85' lang='lat' dir='ltr'><strong>citationis,</strong></span> <span class='ocrx_word' id='word_1_822' title='bbox 2557 5024 2835 5076; x_wconf 86' lang='lat' dir='ltr'><strong>insidiarum</strong></span> <span class='ocrx_word' id='word_1_823' title='bbox 2850 5063 2864 5088; x_wconf 89' lang='lat'><strong>,</strong></span> <span class='ocrx_word' id='word_1_824' title='bbox 2878 5025 3044 5075; x_wconf 76' lang='lat' dir='ltr'><strong>‘deleti</strong></span> <span class='ocrx_word' id='word_1_825' title='bbox 3076 5025 3282 5075; x_wconf 87' lang='lat' dir='ltr'><strong>nominis</strong></span> <span class='ocrx_word' id='word_1_826' title='bbox 3308 5027 3357 5074; x_wconf 87' lang='lat' dir='ltr'>et</span> <span class='ocrx_word' id='word_1_827' title='bbox 3389 5024 3518 5074; x_wconf 80' lang='lat' dir='ltr'><strong>adul·</strong></span> 
     </span>
     <span class='ocr_line' id='line_1_107' title="bbox 1969 5105 2159 5155; baseline -0.005 0"><span class='ocrx_word' id='word_1_828' title='bbox 1969 5105 2100 5155; x_wconf 77' lang='lat' dir='ltr'><strong>lerii.</strong></span> <span class='ocrx_word' id='word_1_829' title='bbox 2136 5126 2159 5148; x_wconf 67' lang='grc' dir='ltr'>υ</span> 
     </span>
    </p>

    <p class='ocr_par' dir='ltr' id='par_1_28' title="bbox 3218 5201 3262 5237">
     <span class='ocr_line' id='line_1_108' title="bbox 3218 5201 3262 5237; baseline 0 0"><span class='ocrx_word' id='word_1_830' title='bbox 3218 5201 3262 5237; x_wconf 80' lang='lat' dir='ltr'>a.</span> 
     </span>
    </p>
   </div>
  </div>
 </body>
</html>
