4016 5916
1634 320 2123 382 FRAGMENTA.

276 458 430 520 ἲδίαν
474 456 677 537 ἑκάστῳ
725 453 898 537 φωνὴν
944 456 1145 527 δοῦναι,
1188 452 1265 511 διὸ
1312 451 1373 522 δὴ
1417 449 1705 512 Βαδυλῶνα
1742 452 1835 525 τὴν

276 547 443 606 πόλιν
465 548 744 619 κληθῆναι·
771 543 903 620 μετὰ
927 543 982 602 δὲ
1009 543 1096 601 τὸν
1126 539 1496 616 κατακλυσμὸν
1522 543 1724 601 Τιτᾶνα
1745 540 1838 600 καὶ

281 633 582 714 Προμηθέα
614 632 867 712 γινέσθαι.
899 659 925 683 n
1015 629 1124 691 Καὶ
1149 627 1216 688 τὰ
1241 627 1335 706 μὲν
1367 632 1459 700 τῆς
1497 628 1836 708 πυργοποιίας

279 722 619 800 Ἀλέξανδρος
642 725 809 779 ταῦτα
839 721 1113 799 μαρτυρῶν
1137 717 1227 775 καὶ
1257 715 1408 783 αὐτὸς
1431 715 1721 775 Βαὸυλῶνα
1752 715 1838 775 διὰ

277 809 384 881 τὴν
405 810 651 888 σύγχυσιν
679 810 931 879 κληθῆναι
950 805 1044 877 τὴν
1063 803 1165 884 πρὸ
1190 805 1396 863 πολλῶν
1427 804 1689 885 μυριάδων
1708 806 1835 864 ἑτῶν

275 896 734 974 μυθολογουμένην
762 897 887 974 παρ’
912 895 1083 958 αὐτοῖς
1109 891 1553 971 βεβασιλευκέναι.

368 988 635 1043 Eusebius
662 989 818 1042 Arm.
851 1003 913 1058 p.
949 1002 1016 1054 17
1044 984 1155 1038 mai
1180 999 1195 1040 t

363 1075 681 1130 Alexandri
704 1071 1073 1143 Polrhistoris
1096 1071 1168 1124 de
1189 1074 1349 1125 tzaris
1369 1070 1633 1139 oedificio.

363 1163 586 1234 Sibylla
612 1165 698 1214 ait
734 1177 921 1214 omnes
954 1157 1201 1213 homines
1241 1177 1354 1212 una
1393 1159 1588 1233 lingua
1617 1169 1830 1215 utentes

278 1257 478 1305 turrim
513 1250 669 1303 illam
706 1249 1065 1302 celsissimam
1092 1251 1426 1316 extruxisse,
1463 1259 1524 1301 ut
1550 1252 1608 1301 in
1636 1249 1835 1302 coelum

276 1339 706 1394 conscenderent
718 1355 736 1389 .·
755 1337 930 1390 Deum
944 1351 1074 1392 vero
1071 1331 1441 1404 fortissimum
1453 1346 1620 1391 vento
1633 1333 1836 1407 afflato

275 1427 517 1481 eandem
558 1429 749 1478 turrim
772 1424 1061 1493 dejecisse,
1101 1423 1555 1496 peculiaremque
1599 1426 1837 1496 siugulis

283 1530 590 1568 sermonem
620 1512 900 1580 tribuisse,
938 1511 1168 1583 ideoque
1203 1522 1263 1564 et
1282 1511 1468 1566 urbem
1494 1512 1836 1584 Babylonem

278 1620 399 1656 esse
414 1602 782 1675 appellatam.
809 1601 954 1655 Mox
964 1600 1364 1672 postdiluvium
1397 1601 1653 1654 Titanum
1674 1612 1838 1674 atque

277 1689 665 1744 Prometheum
698 1692 967 1742 exstitisse
991 1707 1011 1739 .-
1042 1698 1157 1741 tum
1194 1692 1365 1742 etiam
1393 1708 1432 1741 a
1466 1689 1662 1742 Titano
1695 1689 1838 1743 bello

274 1778 577 1832 Saturnum
603 1795 719 1831 esse
746 1781 1072 1851 appetitum.
1113 1777 1200 1831 De
1233 1780 1393 1831 tiaris
1422 1777 1667 1851 aedificio
1693 1776 1835 1832 hac·-

275 1877 752 2001 tenfshonsonant
795 1943 927 1998 huic
972 1945 1102 1998 loco
1144 1943 1369 2018 Joseph.
1416 1945 1607 2017 Antiq.
1658 1947 1719 2013 I,
1768 1952 1832 2015 43

277 2032 481 2087 Euseb.
509 2034 568 2090 P.
595 2033 660 2086 E.
689 2032 798 2101 IX,
831 2037 896 2096 τί.
924 2028 1012 2105 (p.
1042 2038 1172 2101 417,
1196 2029 1299 2106 B);
1323 2032 1600 2105 Epiphan.
1630 2034 1834 2090 naeres.

279 2122 334 2190 13
354 2118 547 2193 Cyrill.
570 2122 638 2174 In
656 2120 863 2174 Julian.
887 2118 936 2176 Ι.
965 2137 1025 2192 p.
1055 2118 1195 2191 9ed.
1222 2120 1395 2192 Lip5.5
1422 2120 1658 2177 Cedren.
1678 2139 1736 2194 p.
1768 2140 1787 2174 ι
1807 2141 1828 2176 1

273 2208 373 2265 ed.
404 2210 577 2265 Paris,
602 2207 707 2272 164
719 2227 769 2277 7,
785 2208 990 2280 aliique
1011 2208 1325 2281 scriptores,
1355 2225 1497 2280 quos
1519 2208 1667 2262 inter
1686 2209 1837 2264 Cho-

281 2297 525 2351 renensis
541 2297 747 2350 Hister.
773 2298 819 2363 1,
845 2294 901 2351 8.
921 2297 1043 2350 Jam
1058 2306 1114 2350 et
1135 2296 1195 2348 in
1213 2291 1489 2367 Sibyllino
1505 2295 1652 2350 libro
1672 2299 1833 2351 tertio

281 2402 337 2440 v.
374 2383 444 2441 35
474 2402 595 2457 sqq.
623 2385 738 2439 haec
759 2383 1040 2438 habentur
1071 2403 1084 2437 :
1119 2379 1309 2439 ὁπόταν
1352 2381 1581 2458 μεγάλου
1614 2386 1727 2440 θεοῦ
1753 2405 1834 2440 τε·

282 2467 732 2527 λέωνταιάπειλαὶ
759 2491 810 2525 κ.
845 2492 901 2527 τ.
933 2469 993 2527 λ.
1031 2492 1053 2522 ι
1087 2472 1224 2525 Mn.
1260 2470 1346 2528 Cf.
1378 2471 1638 2544 Abydeni
1663 2473 1734 2527 fr.
1774 2473 1828 2531 5.

1014 2612 1103 2650 11.

361 2715 550 2788 Pergit
585 2713 853 2770 Eusebius
889 2732 951 2786 p.
990 2733 1053 2784 17
1093 2733 1108 2768 ε
1156 2716 1454 2769 Praedictis
1490 2727 1672 2770 autem
1709 2715 1834 2772 liceo

281 2804 441 2858 addit
465 2804 610 2856 idem
631 2801 946 2873 Polyliistor
972 2821 990 2855 .·
1014 2826 1037 2851 ι
1061 2804 1196 2857 Post
1209 2804 1472 2857 diluvium
1494 2809 1834 2877 imperitasse

283 2893 485 2965 regioni
505 2888 896 2944 Chaldoeorum
917 2891 966 2944 E
968 2894 1181 2944 nexium
1212 2887 1471 2968 (Εὐήχοον
1496 2887 1693 2969 Sync.)
1721 2912 1831 2948 ne-

281 2984 356 3033 ris
381 2989 637 3051 quattuor
665 2999 683 3030 .·
704 2980 835 3033 inde
862 2984 1150 3053 imperium
1186 2991 1474 3054 exceptum
1502 3000 1540 3034 a
1549 2981 1685 3052 filio
1712 2989 1831 3052 esus

285 3066 644 3123 Chomasbelo
671 3071 815 3121 neris
852 3078 1109 3139 quattuor
1133 3086 1255 3122 cum
1291 3073 1453 3123 sou-sis
1486 3074 1739 3142 quinque.
1779 3074 1832 3125 A

285 3157 350 3209 X
345 3154 552 3209 isuthro
578 3166 634 3208 et
653 3174 691 3208 a
717 3154 945 3223 diluvio,
965 3156 1138 3210 donec
1177 3156 1338 3211 Medi
1368 3156 1709 3226 Babylonem
1737 3177 1830 3211 oc-

286 3252 579 3315 cuparunt,
637 3260 908 3297 summam
953 3260 1146 3315 regum
1191 3261 1293 3297 sex
1336 3262 1508 3317 supra
1553 3249 1829 3319 octoginta

287 3339 544 3402 supputat
573 3328 913 3399 Polrhistor‚
945 3331 1286 3404 singulosque
1312 3335 1632 3387 nominatim
1661 3352 1694 3387 e
1720 3335 1824 3389 Be·

288 3423 393 3471 rosi
423 3418 558 3471 libro
583 3430 843 3471 recenset.
871 3419 961 3472 Ex
986 3418 1178 3473 horum
1214 3432 1397 3474 autem
1417 3425 1661 3475 omnium
1682 3435 1826 3476 ceta·-

291 3506 431 3561 tibus
459 3516 567 3558 tres
588 3505 866 3573 myriades
895 3523 1160 3559 annorum
1183 3507 1424 3578 conficit,
1449 3520 1830 3583 praetereaque

290 3611 461 3646 annos
491 3606 574 3647 ter
597 3593 749 3645 mille
771 3603 832 3645 et
854 3609 1017 3646 unum
1043 3611 1212 3666 supra
1230 3600 1543 3666 nonaginta
1568 3594 1666 3670 (ι).
1707 3598 1834 3651 Post

290 3678 386 3733 hos
412 3684 508 3753 qui
524 3683 854 3733 successione
876 3684 1190 3735 inconcussa
1210 3700 1436 3755 regnum
1456 3683 1827 3756 obtinuerant,

289 3768 576 3841 derepente
601 3767 800 3821 Medos
822 3768 1062 3821 collectis
1081 3772 1248 3842 copiis
1264 3770 1606 3841 Babylonem
1627 3778 1833 3845 cepisse

289 3861 392 3921 ait,
434 3856 612 3928 ibique
637 3856 709 3909 de
723 3859 839 3908 suis
864 3866 1124 3926 tyrannos
1160 3862 1522 3913 constituisse.
1553 3862 1700 3914 Hinc
1728 3880 1830 3914 no-

290 3949 436 3997 mina
457 3961 666 4017 quoque
698 3954 1050 4013 tyrannorum
1079 3945 1370 4001 Medorum
1398 3947 1649 4002 edisserit
1679 3959 1821 4016 octo,

227 4089 236 4097 ‚
290 4050 565 4105 annosque
588 4049 771 4086 eorum
795 4036 994 4105 viginti
1012 4044 1272 4105 quattuor
1292 4052 1462 4108 supra
1483 4035 1740 4090 ducentos
1764 4055 1833 4090 ac

292 4134 468 4172 amus
488 4119 741 4173 undecim
767 4137 924 4190 reges
945 4130 1003 4174 et
1024 4138 1201 4175 annos
1220 4121 1363 4198 [octo
1385 4140 1554 4195 supra
1589 4125 1828 4195 quadra-

3373 348 3484 398 :203

1931 453 2231 514 Chaldaeos
2299 476 2455 533 teges
2516 461 2892 532 quadraginta
2939 482 3027 518 not
3032 482 3154 530 ·,em
3212 485 3490 544 annosque

1926 546 2354 618 quadringentos
2373 558 2428 600 et
2450 559 2570 601 octo
2586 566 2757 621 supra
2771 555 3195 624 quinquaginta.
3279 557 3481 614 Postea

1926 643 1981 684 et
2022 630 2263 687 Arabes·
2284 651 2471 687 novem
2504 653 2681 709 reges,
2728 654 3009 709 annosque
3048 641 3302 695 ducentos
3348 665 3488 717 qua-

1927 718 2197 788 draginta
2261 726 2513 793 quinque.
2597 722 2798 776 Horum
2850 742 3115 780 annorum
3180 738 3489 788 recensione

1922 809 2239 878 perscripta
2254 845 2273 875 ,
2320 808 2393 861 de
2438 808 2813 864 Samiramide
2851 829 3063 884 quoque
3115 830 3315 872 narrat
3364 839 3489 892 qua:

1929 895 2221 965 imperavit
2242 896 2483 966 Assyriis
2516 892 2613 971 (α).
2642 898 2979 972 Rursumque
2999 902 3257 958 distincte
3282 907 3489 961 admo-

1925 979 2056 1033 dum
2077 986 2303 1036 nomina
2320 1000 2510 1054 regum
2530 985 2906 1060 quadruvium
2920 993 3163 1063 quinque
3177 1009 3477 1063 enumerat,

1927 1070 2097 1140 iisque
2141 1087 2317 1124 annos
2354 1071 2542 1125 tribuit
2568 1077 2770 1144 viginti
2789 1092 2892 1127 sea.-
2931 1095 3100 1150 supra
3143 1085 3304 1154 quin„
3281 1094 3485 1141 acutos.

1927 1154 2061 1207 Post
2081 1154 2177 1210 lios
2196 1161 2281 1210 ait
2297 1163 2571 1212 exstitisse
2599 1157 2990 1216 Chaldoeorum
3014 1183 3228 1239 regem,
3270 1169 3362 1224 cui
3386 1189 3489 1224 no·

1926 1259 2050 1294 men
2078 1241 2294 1298 Phulus
2320 1257 2493 1299 erat:
2523 1265 2685 1319 quem
2727 1249 3091 1306 Hebraeorum
3139 1273 3351 1328 quoque
3387 1257 3485 1311 ln·-

1925 1334 2094 1384 storia
2130 1346 2422 1400 memorat,
2474 1353 2740 1409 quemque
2779 1341 2906 1392 item
2945 1338 3182 1396 Phulum
3209 1347 3483 1419 appellat.

1926 1416 2027 1470 Hic
2063 1418 2327 1475 Judoeam
2362 1424 2618 1476 invasisse
2656 1424 2873 1481 dicitur.
2918 1426 3132 1481 Deinde
3170 1429 3491 1502 Polrhistor

1925 1503 2348 1561 Senecheribum
2370 1526 2540 1582 regno
2544 1513 2787 1583 potitum
2807 1529 2924 1566 esse
2942 1516 3062 1566 ait:
3083 1533 3241 1588 quem
3264 1520 3487 1591 quidem

1927 1591 2282 1649 Hebraeorum
2295 1596 2421 1650 libri
2432 1608 2754 1670 regnantem
2774 1595 3053 1668 referunt
3030 1617 3338 1675 imperante
3357 1608 3408 1660 E
3408 1627 3488 1662 ze·

1927 1677 2060 1732 chia
2088 1693 2144 1735 et
2152 1683 2523 1756 pmpleetante
2544 1687 2719 1742 Isaia.
2746 1691 2843 1740 Ait
2862 1699 3047 1742 autem
3062 1691 3262 1748 diserte
3280 1695 3488 1751 divinus

1930 1765 2070 1820 liber
2096 1765 2303 1843 (Regg.
2342 1771 2571 1842 1V‚18‚
2623 1770 2724 1846 13)
2762 1792 2776 1827 ε
2818 1797 2842 1822 α
2886 1779 3048 1833 Anno
3073 1782 3486 1851 quartodecimo

1927 1852 2188 1908 Ezechias
2216 1862 2365 1928 regis
2400 1859 2711 1913 ascendisse
2749 1859 3175 1919 Senecheribum
3216 1869 3300 1922 ad
3327 1870 3486 1924 urbes·

1926 1941 2149 1995 Judaeoe
2160 1950 2414 2013 munitaS,
2440 1963 2641 2018 easque
2659 1951 2935 2020 cepisse.»
2965 1949 3133 2021 Cujus
3152 1959 3236 2008 rei
3245 1969 3487 2030 peracta

1925 2026 2181 2096 historia,
2234 2031 2479 2087 subdit.-
2524 2032 2672 2090 «Et
2709 2042 2961 2109 regnavit
2983 2041 3299 2097 Asordanes
3318 2044 3486 2117 filius

1925 2120 2047 2185 ejus
2060 2135 2165 2189 pro
2188 2136 2250 2171 eo
2276 2116 2427 2193 (cap
2464 2138 2550 2192 19,
2580 2119 2758 2195 37).»
2768 2077 3093 2198 &Rursusque
3113 2147 3379 2202 pergens,
3414 2151 3484 2187 ea

1926 2212 2246 2276 tempestate
2262 2210 2343 2259 ait
2364 2219 2664 2278 aegrotasse
2682 2209 2981 2264 Ezechiam
3002 2213 3078 2286 (c.
3108 2231 3200 2284 20,
3231 2217 3308 2288 7).
3348 2220 3484 2275 Tum
3586 2279 3591 2282 ,

1925 2296 2096 2346 etiam
2114 2293 2410 2349 ordinatim
2431 2296 2620 2349 codem
2651 2308 2891 2369 tempore
2914 2301 3328 2358 Marudaclium
3352 2307 3485 2360 Bal·

1924 2379 2129 2434 danem
2160 2382 2589 2453 Babyloniorum
2616 2402 2802 2455 regem
2841 2390 3052 2440 misisse
3083 2402 3325 2446 oratores
3359 2412 3481 2447 cum

1933 2467 2107 2520 literis
2130 2480 2184 2522 et
2202 2470 2514 2523 muneribus
2534 2471 2616 2524 ad
2637 2472 2937 2527 Ezechiam
2964 2473 3045 2547 (c.
3074 2493 3168 2544 πο,
3209 2476 3321 2552 12).
3346 2480 3483 2535 Hcec

1926 2554 2157 2609 tradunt
2182 2556 2537 2612 Hebraeorum
2554 2562 2858 2631 scripturae.
2880 2562 2957 2614 Et
2976 2562 3187 2634 quidem
3206 2565 3483 2621 Seneche-

1925 2642 2119 2710 ribam,
2139 2663 2259 2698 cum
2278 2646 2565 2717 cujusfilio
2580 2648 2871 2702 Asordane
2884 2668 2984 2703 nec
2997 2669 3105 2704 non
3124 2653 3479 2709 Biarudacho

1925 2729 2209 2799 Baldane,
2255 2732 2684 2788 ·Clmldoeorum
2740 2753 2951 2808 quoque
3001 2737 3473 2814 historiographus

1924 2829 2238 2870 memorat:
2266 2835 2388 2870 cum
2420 2821 2611 2891 quibus
2636 2825 2808 2874 etiam
2849 2823 3467 2894 Nabuchodonosorum,

1922 2907 2001 2956 uti
2042 2921 2173 2958 mox
2212 2906 2436 2963 dicetur.
2486 2908 2606 2961 Hac
2648 2919 2831 2963 autem
2867 2916 3079 2966 ratione
3096 2914 3167 2968 de
3210 2918 3274 2967 iis
3299 2913 3482 2970 scribit

1927 2988 1996 3065 (v.
2024 2991 2094 3046 fr.
2127 2990 2240 3068 η).

2002 3073 2078 3154 (1)
2110 3080 2241 3135 Haee
2265 3081 2613 3138 emendanda
2638 3100 2709 3137 ex
2732 3084 2993 3156 Syncello
3024 3104 3086 3159 p.
3117 3087 3209 3158 78,
3230 3089 3313 3147 C.
3343 3087 3483 3145 ’·Αλέ

1923 3160 2130 3242 ξανδρος
2164 3167 2190 3222 ὁ
2214 3164 2520 3246 Πολυΐστωρ
2547 3168 2607 3224 ἐκ
2634 3169 2783 3225 τουδε
2807 3191 2895 3226 του
2915 3170 3041 3251 βυε’
3062 3178 3310 3249 κοσμικοῧ
3339 3173 3479 3242 ἔτους

1925 3248 2166 3325 βούλεται
2196 3251 2354 3309 πάλιν
2382 3252 2476 3323 τὴν
2526 3253 2672 3339 perd·
2685 3254 2773 3312 τὸν
2802 3256 3170 3333 κατακλυσμὸν
3195 3262 3297 3317 τῶν
3330 3262 3483 3321 Χαλ-

1922 3336 2079 3395 δαίων
2129 3338 2397 3415 βασιλείαν
2436 3328 2819 3420 κατάρξασθαι,
2853 3345 3149 3421 μυθολογῶν
3191 3345 3277 3402 δια
3306 3346 3480 3422 σάρων

1921 3426 2011 3480 καὶ
2037 3423 2205 3504 νήρων
2230 3425 2317 3484 καὶ
2346 3424 2561 3485 σώσσων
2601 3427 3024 3505 βεὸασιλευκέναι
3068 3431 3350 3489 Χαλδαίων
3382 3434 3475 3491 καὶ

1923 3511 2119 3583 Μήδων
2165 3514 2392 3591 βασιλεῖς
2455 3514 2544 3572 πσ’
2588 3517 2641 3573 ἐν
2687 3516 3002 3595 τρισμυρίοις
3047 3514 3181 3575 ἔτεσι
3227 3518 3317 3577 καὶ
3384 3520 3480 3598 ,84

1928 3602 2215 3711 (3Η409ο),
2239 3603 2373 3658 τοῦτ’
2412 3600 2549 3660 ἔστιν
2584 3603 2636 3659 ἐν
2681 3602 2854 3681 σάροις
2894 3602 2941 3660 θ’
2970 3603 3058 3661 καὶ
3085 3601 3257 3682 νῆροις
3297 3606 3348 3684 β’
3380 3606 3472 3665 καὶ

1924 3684 2143 3753 σώσσοις
2162 3686 2236 3757 η’.
2329 3686 2456 3746 Ἀπὸ
2484 3687 2538 3745 δὲ
2575 3711 2754 3747 τουτου
2777 3712 2865 3747 του
2902 3689 3087 3769 χρόνου
3110 3693 3212 3748 τῶν
3243 3692 3340 3758 πς’
3363 3691 3481 3771 (δυο

1928 3773 2181 3853 (δεύτερον
2227 3777 2377 3852 libri)
2430 3776 2523 3851 μὲν
2572 3776 2852 3836 Χαλδαίων
2911 3777 3186 3856 βασιλέων,
3237 3779 3470 3861 Εὗηχίου

1923 3860 2014 3919 καὶ
2048 3860 2449 3938 Χωμασὸήλου,
2497 3862 2584 3920 τπδ’
2632 3864 2683 3922 δὲ
2728 3864 2957 3943 Μήδων)
3004 3864 3352 3947 Ζωροάστρην
3391 3868 3481 3926 καὶ

1927 3948 2043 4016 τους
2086 3952 2200 4025 μετ’
2233 3950 2387 4008 αὐτὸν
2432 3950 2487 4019 ζ’
2534 3952 2812 4011 Χαλδαίων
2856 3955 3083 4031 βασιλεῖς
3117 3953 3339 4032 εἰσάγει,
3389 3957 3476 4025 ἔτη

1930 4036 2294 4116 κρατησαντας
2322 4037 2514 4108 ὴλιακα
2543 4039 2619 4119 ρ4’
2622 4086 2637 4112 ,
2664 4044 2691 4097 ὁ
2719 4039 2869 4107 αὐτὸς
2910 4041 3215 4119 Πολυΐστωρ
3234 4087 3250 4118 ,
3278 4043 3371 4100 οὔκ
3402 4043 3478 4100 ἔτι

1925 4123 2011 4182 διὰ
2039 4125 2212 4205 σάρων
2245 4125 2335 4183 καὶ
2358 4125 2527 4206 νήρων
2551 4127 2641 4185 καὶ
2666 4126 2883 4186 σώσσων
2910 4128 3000 4186 καὶ
3025 4133 3114 4199 τῆς
3150 4131 3331 4199 λοιπῆς
3358 4129 3479 4187 ἀλό-

289 4212 468 4278 ginta.
495 4207 623 4259 llaec
650 4224 718 4260 ex
745 4209 1015 4282 margine.
1046 4210 1114 4261 In
1139 4209 1270 4264 cod.
1318 4209 1554 4285 lacuna]
1593 4231 1606 4265 ε
1634 4222 1745 4264 tum
1779 4224 1836 4267 et
1923 4234 2018 4288 γου
2044 4215 2258 4288 μυθικῆς
2281 4212 2530 4293 ἱστορίας,
2562 4212 2697 4271 ἀλλὰ
2726 4212 2810 4271 διὰ
2841 4216 3069 4283 ἡλιακῶν
3096 4217 3240 4274 ἐτῶν.

297 4388 578 4449 Babylonem
619 4386 681 4435 ab
704 4389 844 4437 enata
865 4387 914 4436 in
949 4401 1005 4437 ea
1039 4389 1318 4438 confusione
1349 4391 1606 4439 vocitatam
1643 4392 1833 4454 scribit,

295 4478 436 4529 quam
473 4464 668 4528 ipsemet
690 4466 802 4515 ante
832 4465 991 4528 plures
1012 4465 1247 4528 myriadas
1263 4478 1498 4516 annornm
1529 4468 1620 4517 sub
1639 4468 1835 4530 imperio

296 4542 655 4605 Babyloniorum
675 4541 806 4606 lingit
822 4542 1072 4593 exstitisse.

1023 4689 1107 4738 11.

278 4867 290 4878 ‚
352 4814 425 4864 Ab
460 4828 585 4864 anno
620 4817 853 4878 praesente
888 4813 1055 4864 mundi
1101 4818 1221 4864 2405
1260 4813 1526 4864 Alexander
1571 4814 1838 4877 Polyhisior

300 4892 623 4942 Chaldaeorum
647 4906 845 4955 regnum
882 4893 989 4954 post
1018 4891 1250 4940 diluvium
1274 4890 1552 4941 continuata
1575 4892 1693 4942 serie
1725 4906 1837 4955 pro·

300 4973 512 5034 pagatum
536 4985 777 5021 resumere
791 4972 1005 5031 molitur,
1026 4970 1264 5031 octoginta
1283 4984 1366 5018 sex
1390 4970 1723 5020 Chaldaeorum
1744 4974 1837 5022 Me·

301 5048 559 5110 dor-umque
592 5061 721 5110 reges
746 5061 831 5111 per
850 5046 1089 5110 quandam
1116 5050 1367 5108 Sarorum,
1393 5051 1623 5097 Nerorum
1650 5050 1698 5098 et
1727 5054 1837 5098 Sos-

301 5137 455 5175 sorum
473 5124 642 5175 seriem
657 5126 793 5177 annis
807 5124 1019 5175 millibus
1036 5124 1226 5189 triginta
1242 5126 1468 5187 quattuor
1490 5127 1537 5175 et
1556 5126 1808 5188 nonaginta
1822 5161 1837 5186 ‚

1871 4382 1883 4397 ’
1923 4396 2017 4444 hoc
2044 4399 2117 4445 eet
2147 4396 2266 4445 saris
2291 4409 2464 4445 novem
2482 4438 2496 4459 ,
2526 4399 2651 4447 neris
2672 4397 2863 4448 duobus
2880 4400 2928 4465 et
2967 4400 3106 4447 sossis
3131 4402 3241 4448 octo
3264 4413 3481 4461 regnasse

1924 4475 2239 4522 commentus.
2274 4474 2344 4522 Ab
2374 4477 2589 4536 tempore
2618 4476 2858 4537 octoginta
2887 4489 2970 4524 sex
3004 4478 3308 4537 praelatorum
3335 4478 3481 4539 (quo-

1924 4562 2032 4599 rum
2051 4549 2175 4611 duo,
2198 4551 2435 4600 Euecliius
2453 4552 2631 4611 scilicet
2649 4554 2697 4600 et
2723 4551 3066 4601 Choma-<belus
3081 4589 3095 4613 ,
3113 4553 3448 4603 chaldam-um
3463 4591 3477 4615 ,

1926 4628 2095 4691 reliqui
2127 4630 2368 4692 octoginta
2401 4634 2629 4693 quattuor
2672 4631 2919 4679 Medorum
2948 4645 3080 4692 reges
3112 4635 3273 4691 erant)
3302 4637 3478 4682 Zoroa-

1923 4707 2070 4755 strem
2097 4708 2145 4755 et
2167 4708 2347 4769 septeni
2367 4706 2700 4757 Chaldaeorum
2729 4720 2861 4769 reges
2874 4720 2985 4756 eum
3003 4712 3231 4770 sequutus
3254 4711 3389 4758 annis
3407 4726 3478 4757 ›o·

1926 4784 2104 4834 laribus
2140 4792 2226 4836 190
2249 4785 2558 4848 imperantes,
2583 4799 2680 4835 non
2704 4785 2902 4836 ulterius
2931 4787 3079 4848 sariS,
3112 4789 3236 4839 neris
3261 4791 3309 4839 et
3340 4791 3480 4837 sessis

1927 4863 2178 4925 reliquisve
2213 4865 2439 4915 fabulosae
2470 4866 2678 4914 historiae
2712 4866 3109 4925 absurditatibu5‚
3149 4867 3230 4916 sed
3271 4867 3479 4929 legitimo

1923 4941 2150 4990 solarium
2185 4955 2417 4991 annorum
2458 4956 2601 4993 cursu
2635 4942 2792 4992 habita
2829 4943 3109 4993 numerandi
3147 4944 3352 5006 ratione,
3384 4947 3477 4993 Po·

1928 5022 2130 5084 lybistor
2153 5021 2277 5072 idem
2304 5022 2503 5072 inducit.
