4016 5916
1653 384 2154 446 FRAGMENTA.
3356 392 3388 442 4
3401 392 3462 442 21

284 545 396 600 ρον·
429 512 515 580 οἶα
556 520 620 578 τὰ
658 523 761 580 τῶν
795 516 1148 599 χρυσωρόχων
1185 513 1493 597 μυρμήκων,
1529 513 1619 573 καὶ
1661 514 1831 573 ἄλλων
1922 514 1984 590 (7)
2021 511 2214 593 τάφρον
2239 508 2294 570 δὲ
2317 509 2726 590 περιὸεὸλῆσθαι
2758 513 2823 589 τῇ
2855 508 2975 566 πόλι
3005 506 3063 567 τὸ
3091 498 3233 588 εἶρος
3258 507 3476 576 ἐξάπλε·

282 609 475 689 θηρίων
490 631 546 667 τε
568 607 657 667 καὶ
675 606 959 686 ἀνθρώπων
978 603 1310 685 ἰδιομόρφων,
1331 601 1420 660 καὶ
1440 601 1689 679 δυνάμεσί
1703 625 1832 659 τισιν
1921 603 2060 680 θρον,
2083 599 2144 657 τὸ
2170 596 2225 657 δὲ
2251 597 2403 676 βάθος
2421 595 2696 676 τριήκοντα
2729 595 2944 674 πήχεων
2958 617 2972 632 ·
2995 593 3217 675 πύργους
3245 595 3299 654 δὲ
3329 596 3478 656 {680-

284 693 707 773 ὃξηλλαγμέιων·
735 696 805 759 ὡς
830 690 946 758 τοὺς
968 693 1145 770 Σῆρας
1173 688 1487 770 μακροὸίους
1515 688 1670 770 φασὶ,
1701 688 1836 768 πέρα
1925 685 2163 758 μήκοντα
2189 683 2278 742 καὶ
2301 682 2666 749 πεντακοσίους
2689 682 2892 762 ἐπέχειν
2919 681 2977 740 τὸ
2999 686 3168 761 τεῖχος
3195 683 3283 741 καὶ
3311 682 3481 750 πύλας

282 784 375 840 καὶ
420 780 693 840 διακοσίων
734 781 861 837 ἐτῶν
896 777 1323 856 παρατείνοντας.
1371 775 1597 855 Λέγουσι
1643 775 1697 834 δὲ
1747 775 1836 834 καὶ

285 868 714 949 ἀριστοκρατικήν
742 891 854 926 τινα
882 866 1116 936 σύνταξιν
1145 865 1407 933 πολιτείας
1432 865 1606 924 αὐτόθι
1629 866 1686 923 ἐκ
1711 887 1835 923 πεν-

283 956 622 1036 τακισχιλίων
652 956 939 1033 βουλευτῶν
959 956 1303 1025 συνεστῶσαν,
1322 944 1393 1012 ὧν
1424 951 1642 1012 ἕκαστον
1665 950 1831 1032 παρέ-

284 1049 470 1123 χεσθαι
499 1046 571 1123 τῷ
598 1044 749 1122 κοινῷ
775 1040 1321 1121 ἕλέφαντα.8εφιίῑιιι·
1373 1042 1445 1097 fr.
1487 1059 1577 1099 ιο.

1012 1171 1103 1229 26.

365 1300 586 1355 Arrian.
619 1296 747 1352 1nd.
781 1315 832 1353 c.
863 1314 930 1351 ro
954 1314 969 1351 ε
996 1292 1216 1371 Λέγεται
1236 1290 1290 1350 δὲ
1313 1291 1403 1350 καὶ
1424 1290 1576 1366 τάδε,
1600 1289 1836 1368 μνημήια

285 1382 364 1441 ὅτι
387 1380 542 1442 Ἰνδοὶ
561 1381 666 1447 τοῖς
686 1377 1054 1450 τελευτήσασιν
1074 1381 1130 1438 οὐ
1149 1377 1427 1452 ποιέουσιν,
1450 1375 1583 1435 ἀλλὰ
1609 1374 1701 1441 τὰς
1725 1378 1837 1454 ἀρε·

284 1470 376 1536 τὰς
397 1467 498 1549 γὰρ
533 1471 635 1526 τῶν
663 1468 858 1546 ἀνδρῶν
896 1464 1073 1533 ἱκανὰς
1101 1471 1150 1533 ἐς
1183 1464 1395 1543 μνήμην
1420 1463 1642 1522 τίθενται
1676 1470 1837 1522 τοῖσιν

286 1559 618 1629 ἀποθανοῦσι,
636 1553 724 1614 καὶ
744 1553 835 1622 τὰς
851 1551 989 1635 ᾠδὰς
1008 1552 1066 1612 αἲ
1083 1555 1307 1613 αὐτοῖαν
1325 1550 1619 1633 ἐπᾴδονται.
1647 1551 1713 1629 (2)
1737 1552 1840 1610 Πο-

284 1644 407 1702 λίων
444 1643 499 1702 δὲ
539 1641 752 1721 ἀριθμὸν
793 1644 887 1701 οὔκ
916 1631 1045 1700 εἶναι
1077 1639 1140 1700 ἂν
1174 1639 1385 1721 ἀτρεκὲς
1408 1637 1705 1718 ἀναγράψαι
1734 1641 1836 1696 τῶν

288 1731 515 1792 Ἰνδικῶν
535 1732 637 1788 ὑπὸ
652 1726 870 1800 πλήθεος
885 1751 898 1766 ·
924 1727 1059 1787 ἀλλὰ
1078 1726 1179 1809 γὰρ
1197 1726 1316 1788 ὅσαι
1330 1723 1731 1805 παραποτάμιαι
1755 1728 1839 1785 αὖ·

286 1816 471 1889 τέωνῆ
495 1817 951 1896 παραθαλάσσιαι,
981 1814 1173 1880 ταύτας
1198 1812 1292 1891 μὲν
1327 1812 1527 1881 ξυλίνας
1555 1810 1838 1871 ποιέεσθαι·

288 1907 350 1984 (a)
390 1906 448 1963 οὗ
489 1903 589 1982 γὰρ
626 1894 755 1962 εἶναι
787 1906 847 1963 ἐκ
872 1902 1085 1962 πλίνθου
1116 1900 1421 1979 ποιεομένας
1452 1897 1724 1980 διαρκέσαι
1752 1898 1837 1958 ἐπὶ

286 1991 471 2072 χρόνον
494 1996 580 2049 τοῦ
616 2014 672 2049 τε
696 1990 876 2058 ὕδατος
903 1989 1054 2050 ἕνεκα
1082 1995 1171 2048 τοῦ
1205 1987 1256 2057 ἐξ
1292 1991 1541 2069 οὐρανοῦ,
1566 1986 1657 2046 καὶ
1683 1985 1762 2046 ὅτι
1793 1989 1840 2046 οἱ

288 2077 512 2155 ποταμοὶ
539 2079 766 2136 αὐτοῖσιν
797 2076 1204 2156 θπερὸάλλοντες
1227 2072 1356 2155 ὑπὲρ
1379 2073 1471 2143 τὰς
1498 2073 1656 2155 ὄχθας
1683 2063 1844 2152 έμπιζ

289 2167 451 2223 πλᾶσι
479 2168 566 2222 τοῦ
596 2161 778 2231 ὕδατος
804 2164 869 2222 τὰ
907 2163 1080 2223 πεδία.
1170 2162 1230 2241 (ε)
1258 2158 1423 2221 Ὅσαι
1463 2161 1517 2220 δὲ
1550 2164 1602 2220 ἐν
1631 2164 1841 2242 ὑπερδε·

290 2251 436 2321 ξίοισί
454 2275 508 2311 τε
521 2252 609 2310 καὶ
634 2251 937 2332 μετεώροισι
950 2251 1151 2311 τόποισι
1166 2249 1256 2310 καὶ
1271 2249 1520 2311 τούτοισιν
1547 2252 1838 2329 ὑψηλοῖσιν,

288 2339 573 2421 ᾠκισμέναι
614 2340 740 2413 εἰσὶ,
782 2340 976 2406 ταύτας
1012 2338 1065 2398 δὲ
1103 2341 1162 2398 έκ
1198 2338 1411 2398 πλίνθου
1449 2362 1505 2397 τε
1548 2338 1637 2398 καὶ
1673 2341 1841 2412 πηλοῦ

290 2425 570 2485 ποιέεσθαι·
592 2426 654 2508 (ε)
671 2427 918 2505 μεγίστην
931 2426 984 2486 δὲ
995 2427 1143 2486 πόλιν
1154 2429 1207 2486 ἐν
1221 2425 1458 2487 Ἰνδοῖσιν
1480 2416 1610 2484 εἶναι
1627 2426 1841 2503 Παλίμ·

297 2513 457 2593 6οθρα
483 2514 823 2592 καλεομένην,
858 2517 910 2573 ἐν
934 2519 998 2595 τῇ
1022 2512 1269 2595 Πρασίων
1299 2518 1386 2595 γῇ,
1404 2513 1490 2573 ἵνα
1510 2516 1563 2572 αἱ
1586 2512 1847 2591 συμὸολαί

292 2603 391 2659 εἰσι
413 2605 503 2660 τοῦ
534 2624 591 2660 τε
618 2600 936 2683 Ἐραννοὸόα
976 2605 1214 2676 ποταμοῦ
1238 2600 1328 2659 καὶ
1356 2606 1445 2660 τοῦ
1474 2599 1723 2679 Γάγγεω·
1756 2607 1845 2660 τοῦ

294 2687 390 2766 μὲν
419 2689 664 2768 Γάγγεω,
691 2695 779 2749 τοῦ
805 2689 1048 2769 μεγίστου
1074 2692 1350 2766 ποταμῶν·
1371 2693 1399 2748 ὁ
1422 2686 1475 2748 δὲ
1497 2687 1846 2768 Ἐραννοὸόας

290 2777 457 2858 τρίτος
479 2776 573 2854 μὲν
605 2776 665 2835 ἂν
697 2776 775 2849 εἴη
811 2781 913 2836 τῶν
953 2777 1132 2837 Ἰνδῶν
1162 2779 1435 2853 ποταμῶν,
1466 2775 1634 2851 μέζων
1660 2775 1713 2834 δὲ
1741 2779 1846 2834 τῶν

294 2865 428 2943 ἄλλῃ
453 2864 542 2924 καὶ
564 2856 734 2931 οἶτος·
760 2863 894 2923 ἀλλὰ
915 2863 1191 2946 ξυγχωρεέι
1210 2863 1359 2931 αὐτὸς
1380 2867 1455 2945 τῷ
1476 2864 1659 2943 Γάγγῃ
1673 2909 1687 2934 ,
1713 2865 1849 2921 ἐπει·

292 2951 384 3010 δὰν
416 2950 652 3030 ἕμόάλλῃ
679 2953 727 3018 ἐς
762 2950 916 3011 αὗτδν
940 2949 998 3010 τὸ
1023 2951 1179 3033 ὕδωρ.
1266 2950 1330 3031 (ο)
1361 2949 1467 3011 Καὶ
1492 2950 1633 3029 λέγει
1662 2953 1850 3030 Μεγα-

294 3040 495 3114 σθένης,
535 3046 698 3116 μ’ἧκος
739 3039 830 3117 μὲν
878 3038 1083 3119 ἐπέχειν
1116 3038 1210 3111 τὴν
1248 3038 1399 3097 πόλιν
1435 3038 1554 3097 κατ’
1599 3038 1849 3119 ἑκατέρην

292 3116 387 3189 τὴν
428 3119 654 3198 πλευρὴν
682 3117 868 3198 ἵναπερ
898 3118 1199 3198 μακροτάτη
1238 3115 1370 3188 αὐτὴ
1399 3120 1592 3188 ἑωυτῆς
1630 3116 1848 3196 ᾤκισται

295 3206 346 3272 ἒς
368 3204 683 3284 ὀγδοήκοντα
709 3206 943 3271 σταδίους
978 3204 1038 3263 τὸ
1065 3204 1118 3263 δὲ
1152 3204 1346 3271 πλάτος
1384 3206 1435 3271 ἐς
1456 3204 1847 3263 πεντεκαίδεκα·

303 3376 402 3434 tur,
430 3372 512 3421 sed
536 3374 727 3434 propter
746 3373 1054 3435 ignorantiam
1085 3376 1134 3423 et
1152 3374 1544 3437 longinquitatem
1577 3373 1786 3423 inflatius
1804 3378 1851 3423 et

294 3450 618 3514 portentoeius
638 3450 799 3498 omnia
823 3452 1110 3499 narrantur:
1149 3454 1203 3500 ut
1237 3464 1349 3513 quae
1366 3451 1428 3501 de
1457 3451 1668 3502 formicis
1696 3451 1850 3513 perbi-

297 3528 478 3578 bentur
498 3538 672 3575 aurum
690 3525 1024 3576 effodientibus
1052 3527 1102 3576 et
1118 3527 1180 3577 de
1196 3527 1361 3578 bestiis
1382 3530 1486 3580 aliis
1503 3528 1629 3580 etde
1644 3524 1850 3577 homini-

298 3605 393 3655 bus
407 3641 421 3666 ,
446 3602 533 3666 qui
550 3602 813 3665 peculiares
834 3602 1065 3665 quasdam
1081 3604 1256 3655 formas
1268 3608 1319 3656 et
1338 3607 1601 3669 singulares
1620 3606 1746 3654 vires
1763 3605 1851 3653 ba·

300 3683 484 3733 beant:
512 3693 627 3731 nam
663 3683 799 3730 Seres
822 3682 925 3730 tam
949 3680 1222 3744 longinquae
1251 3682 1479 3734 dicuntur
1500 3684 1642 3743 vitae,
1678 3685 1731 3731 ut
1761 3681 1853 3731 du·

301 3759 614 3809 centesimum
638 3770 816 3807 annum
835 3757 1084 3808 excedant.
1103 3761 1281 3809 Ferunt
1298 3760 1445 3811 etiam
1468 3761 1709 3824 quendam
1727 3759 1853 3823 opti-

305 3837 505 3887 matium
546 3833 762 3884 ordinem
790 3834 1133 3897 rempublicam
1161 3836 1424 3899 gubernare
1446 3851 1474 3887 e
1501 3838 1715 3901 quinque
1740 3835 1851 3886 mil·

303 3913 429 3961 libus
443 3910 823 3960 consiliariorum
840 3912 1134 3962 constantem
1147 3947 1161 3973 ,
1182 3925 1388 3975 quornm
1417 3915 1619 3977 quisque
1635 3913 1853 3975 elephan-

302 3993 409 4039 tum
439 3988 711 4050 reipublicoe
728 3987 957 4051 praebeat.

368 4154 609 4204 Feruntur
641 4154 785 4203 etiarn
816 4153 924 4203 haec
948 4172 960 4203 z
988 4155 1095 4204 Non
1127 4153 1333 4205 condere
1367 4153 1512 4204 Indos
1548 4155 1858 4203 monumenta

1922 771 2180 851 τέσσαρας
2207 770 2297 830 καὶ
2332 769 2598 843 ἑξήκοντα.
2683 769 2748 850 (8)
2790 760 2945 830 Εἶναι
2982 767 3037 828 δὲ
3067 768 3156 827 καὶ
3195 769 3310 828 τόδε
3343 770 3478 847 μέγα

1925 861 1976 916 ἐν
2004 863 2071 938 τῇ
2101 858 2275 919 Ἰνδῶν
2296 861 2393 938 γῇ,
2419 857 2620 925 πάντας
2647 855 2836 923 Ἰνδοὺς
2858 847 2990 914 εἶναι
3017 855 3308 936 ἐλευθέρους
3325 902 3343 934 ,
3365 856 3481 916 οὐδέ

1926 969 2038 1003 τινα
2068 947 2248 1004 δοῦλον
2282 935 2413 1003 εἶναι
2443 943 2600 1005 Ἰνδόν
2622 967 2635 982 ·
2671 949 2822 1003 τοῦτο
2858 942 2952 1020 μὲν
2994 944 3480 1021 Λακεδαιμονίοισιν

1927 1034 1975 1099 ἐς
2010 1032 2168 1092 ταύτὸ
2191 1031 2462 1109 συμὸαίνει
2491 1030 2581 1090 καὶ
2607 1031 2831 1092 Ἰνδοῖσι.
2917 1032 2977 1108 (υ)
3022 1031 3479 1108 Λακεδαιμονίοισι

1927 1118 2022 1196 μέν
2040 1143 2099 1196 γε
2120 1123 2166 1178 οἱ
2192 1118 2396 1187 εἵλωτες
2423 1118 2595 1178 δοῦλοί
2619 1121 2717 1178 εἰσι
2735 1117 2827 1178 καὶ
2853 1116 2920 1177 τὰ
2937 1117 3130 1178 δούλων
3161 1119 3479 1198 ἐργάζονται·

1925 1207 2134 1267 Ἰνδοῖσι
2164 1206 2216 1265 δὲ
2247 1207 2362 1265 οὐδὲ
2387 1205 2541 1272 ἄλλος
2570 1205 2746 1272 δοῦλός
2780 1206 2892 1264 ἐστι
2930 1204 3058 1283 μήτι
3090 1227 3150 1284 γε
3184 1203 3360 1265 Ἰνδῶν
3388 1228 3482 1271 τις.

2660 1348 2755 1400 27.

2005 1449 2206 1503 Strabo
2233 1449 2357 1517 XV,
2380 1467 2440 1521 p.
2475 1435 2787 1521 709-71o
2821 1464 2835 1503 t
2875 1444 3114 1510 Εὗτελεῖς
3142 1442 3194 1502 δὲ
3222 1444 3357 1503 κατὰ
3388 1444 3482 1516 τὴν

1928 1532 2129 1592 δίαιταν
2152 1534 2198 1591 οἱ
2222 1532 2372 1592 Ἰνδοὶ
2395 1530 2585 1599 πάντες
2601 1575 2616 1604 ,
2648 1533 2846 1609 μᾶλλον
2875 1531 2921 1589 δ’
2947 1534 3000 1589 ἕν
3027 1532 3139 1597 ταῖς
3163 1531 3480 1611 στρατείαις·

1929 1622 2034 1679 οὐδ’
2059 1618 2202 1699 ὄχλῳ
2221 1622 2447 1700 περιττῷ
2469 1618 2744 1698 χαίρουσι·
2768 1618 2945 1698 διόπερ
2969 1618 3301 1694 εὖκοσμοῦσι.
3331 1619 3487 1683 nki-

1928 1731 2025 1779 στη
2055 1708 2104 1765 δ’
2132 1705 2390 1786 ἕπιχειρία
2414 1704 2533 1785 περὶ
2557 1706 2650 1773 τὰς
2676 1705 2888 1771 κλοπάς.
2921 1703 3229 1781 Γενομένους
3252 1704 3486 1783 (γενόμε-

1927 1813 2010 1859 νος
2057 1795 2206 1867 conj.
2259 1793 2402 1870 Cas.)
2441 1793 2488 1849 δ’
2527 1782 2616 1850 οὗν
2654 1793 2707 1849 ἐν
2741 1794 2816 1872 τῷ
2849 1789 3235 1872 Σανδροκόττου
3270 1813 3487 1870 στρατο-

1926 1880 2069 1961 πέδῳ
2093 1880 2249 1960 φησὶν
2274 1883 2302 1938 ὁ
2333 1883 2386 1940 Μ
2406 1884 2602 1958 εγασθ
2618 1878 2791 1952 ένης,
2818 1877 3198 1959 τετταράκοντα
3224 1878 3485 1959 μυριάδων

1928 1966 2153 2037 πλήθους
2179 1967 2479 2049 ἱδρυμένου,
2500 1967 2762 2046 μηδεμίαν
2787 1967 2986 2046 ἡμέραν
3011 1967 3133 2025 ἰδεῖν
3163 1966 3486 2045 ἄνηνεγμένα

1928 2053 2210 2132 κλέμματα
2232 2055 2481 2113 πλειόνων
2509 2052 2544 2126 ἢ
2571 2053 2846 2113 διακοσίων
2875 2056 3125 2134 δραχμῶν
3152 2052 3298 2126 ἄξια,
3327 2053 3486 2134 ἅγρά·

1933 2164 2044 2221 φοις
2072 2140 2162 2200 καὶ
2185 2146 2350 2199 ταῦτα
2369 2139 2544 2216 νόμοις
2569 2141 2874 2220 χρωμένοις.
2915 2143 2981 2217 (2)
3015 2139 3155 2201 Οὐδὲ
3182 2138 3283 2219 γὰρ
3307 2141 3485 2220 γράμ-

1933 2251 2077 2305 ματα
2103 2228 2290 2287 εἰδέναι
2318 2227 2525 2301 αὐτοὺς,
2554 2229 2671 2286 ἀλλ’
2697 2227 2803 2285 ἀπὸ
2824 2225 3033 2304 μνήμης
3054 2224 3251 2284 ἕκαστα
3277 2227 3484 2285 διοικεῖ·

1932 2320 2052 2376 σθαι
2085 2317 2152 2395 (⁶)
2171 2339 2186 2354 ·
2215 2307 2272 2374 εὗ
2315 2316 2561 2396 πράττειν
2605 2317 2650 2373 δ’
2684 2315 2826 2392 ὅμως
2854 2314 2939 2374 διὰ
2969 2315 3062 2385 τὴν
3095 2312 3369 2384 ἁπλότητα
3396 2313 3485 2372 καὶ

1995 2457 2057 2518 (*)
2100 2455 2504 2507 Schwanbeckius
2535 2456 2568 2505 Ι.
2597 2455 2632 2506 l.
2660 2469 2707 2518 p.
2738 2462 2787 2504 51
2823 2470 2836 2504 z
2864 2473 2889 2499 «ι
2915 2458 3079 2517 Neque
3100 2454 3181 2517 qui
3210 2467 3303 2502 uon
3347 2454 3482 2514 igno·

1940 2529 2016 2576 rat
2037 2527 2371 2588 antiquitatem
2401 2526 2647 2587 Indicam,
2680 2525 2797 2588 quin
2831 2538 2914 2586 per
2947 2537 3156 2574 errorem
3180 2522 3354 2573 dixerit
3385 2523 3489 2585 ille,

1933 2596 2064 2659 apud
2084 2596 2225 2646 indos
2245 2596 2577 2659 scriptasteges
2596 2610 2694 2646 non
2715 2596 2893 2655 valere,
2910 2595 3044 2645 facile
3060 2594 3315 2644 dubitabit.
3342 2594 3492 2655 Cujus

1935 2664 2111 2714 erroris
2133 2677 2276 2714 causa
2297 2667 2456 2728 potest
2476 2665 2655 2728 duplex
2687 2665 2832 2715 fuisse
2855 2684 2868 2713 ε
2898 2677 3010 2713 nam
3041 2677 3137 2713 non
3169 2662 3313 2711 modo
3334 2662 3494 2713 adbuc

1938 2733 2277 2797 peregrinaturi
2305 2747 2431 2797 aegre
2460 2733 2656 2784 obvenit
2678 2734 2867 2783 occasio
2902 2734 3102 2795 scriptas
3122 2731 3247 2794 leges
3267 2731 3492 2792 videndi,

1936 2818 2089 2869 quum
2111 2805 2390 2859 Bralunanoe
2421 2805 2468 2854 in
2492 2804 2725 2855 memoria
2755 2802 2963 2852 habeant
2986 2803 3142 2864 legum
3165 2800 3377 2850 eodicem
3408 2814 3495 2850 ne-

1936 2888 2031 2937 que
2053 2875 2101 2923 in
2124 2873 2357 2937 judicium
2379 2874 2657 2937 apportent,
2682 2871 2766 2922 sed
2792 2873 2938 2922 etiam
2968 2872 3072 2922 ludi
3108 2884 3220 2920 cum
3247 2871 3496 2921 manifesta

1936 2944 2145 3007 quadam
2165 2957 2307 2995 causa
2327 2944 2474 3007 legem
2494 2945 2735 3008 appellant
2753 2944 2947 2994 smiriel
2969 2943 3032 3006 (i.
3055 2955 3094 2993 e.
3116 2943 3272 3004 μνήμη
3286 2979 3299 3004 ,
3319 2953 3497 2991 memo·

1939 3016 2007 3063 ria
2022 3016 2071 3076 );
2096 3015 2259 3077 itaque
2275 3015 2357 3077 qui
2378 3014 2523 3077 hujus
2538 3015 2605 3064 rei
2625 3015 2818 3076 ignarus
2838 3015 2969 3073 erat,
2996 3013 3259 3062 necessario
3293 3014 3340 3060 in
3369 3012 3498 3060 hunc

1941 3085 2137 3134 modum
2181 3085 2489 3134 ratiocinatus
2513 3086 2612 3141 est,
2635 3084 2835 3146 scriptas
2871 3096 2967 3132 non
3000 3084 3188 3132 exstare
3228 3082 3377 3144 legeS,
3416 3081 3498 3130 ubi

1941 3154 2211 3214 iudicentur
2228 3169 2290 3204 ex
2308 3155 2537 3204 memoria
2554 3154 2734 3203 omnia.
2801 3154 2969 3215 ltaque
2987 3153 3129 3201 etiam
3149 3152 3395 3201 Nearchus
3413 3165 3493 3213 ap.

1945 3223 2102 3273 strab.
2127 3237 2174 3286 p.
2194 3228 2285 3274 716
2304 3223 2681 3286 mutendit,·rob;
2694 3222 2862 3285 νόμους
2884 3222 3111 3285 ἀγράφους
3130 3222 3272 3282 εἶναι,
3297 3224 3344 3271 et
3370 3220 3498 3283 quod

1938 3376 1986 3424 et
2010 3375 2164 3437 major
2186 3376 2270 3423 hic
2292 3389 2486 3438 quoque
2513 3374 2719 3429 aliarum
2738 3376 2973 3423 terrarum
2997 3372 3181 3433 fluviis,
3217 3372 3300 3422 sed
3343 3370 3497 3435 Gangi

1938 3452 2096 3513 cedit,
2116 3465 2267 3515 quum
2287 3453 2336 3501 in
2358 3466 2469 3501 eum
2498 3465 2675 3514 aquam
2693 3464 2830 3500 suam
2848 3450 3096 3499 immittat.
3161 3450 3228 3511 (6)
3262 3449 3336 3498 Ait
3355 3462 3498 3511 porro

1937 3528 2265 3591 Megasthenes
2296 3528 2642 3591 longitudinem
2683 3526 2817 3577 urbis
2845 3539 2948 3576 esee
2980 3525 3043 3575 ab
3078 3527 3282 3587 utroque
3323 3524 3496 3584 latere,

1941 3619 2040 3668 qua
2056 3606 2325 3668 longissime
2343 3605 2604 3667 habitatur,
2623 3605 2884 3655 stadiorum
2905 3617 3052 3664 cxxx,
3074 3603 3375 3652 latitudinem
3395 3616 3494 3664 ιν,

1942 3685 2010 3747 (7)
2030 3685 2299 3747 fossamque
2331 3684 2436 3733 urbi
2463 3682 2861 3743 circumductam,
2882 3680 3133 3731 latitudine
3152 3693 3236 3730 sex
3252 3679 3494 3742 jugerum,

1940 3760 2192 3810 altitudine
2224 3761 2500 3810 cubitorum
2539 3774 2666 3823 xxx;
2700 3772 2891 3808 murum
2931 3760 3087 3807 turres
3117 3756 3295 3806 habere
3337 3770 3463 3805 nan
3482 3795 3495 3818 ‚

1943 3840 2104 3900 portas
2122 3849 2254 3886 um
2283 3837 2351 3899 (8)
2368 3839 2471 3887 Hoc
2488 3836 2632 3887 etiam
2652 3849 2752 3886 esse
2772 3833 3081 3884 memorabile
3100 3837 3149 3882 in
3169 3832 3319 3895 india,
3335 3847 3500 3883 omnes

1942 3913 2379 3965 indosliberosesse
2392 3952 2407 3978 ,
2423 3927 2580 3977 neque
2592 3914 2744 3963 ullum
2757 3913 2954 3962 omnino
2973 3911 3145 3961 indum
3164 3924 3359 3961 servum
3375 3925 3493 3961 ease.

1946 3994 2056 4049 Qua
2078 3990 2331 4054 quidemin
2350 4006 2400 4041 re
2426 3991 2557 4043 Indis
2570 4004 2680 4039 cum
2702 3987 3068 4040 Lacedaemoniis
3088 3987 3325 4037 convenit.
3337 3988 3404 4050 (9)
3417 3992 3498 4039 La-

1944 4069 2248 4120 oedmnoniis
2263 4071 2426 4119 tamen
2465 4056 2658 4119 Helotee
2679 4069 2802 4119 servi
2849 4071 2990 4129 eunt,
3024 4066 3308 4128 serviliaque
3339 4067 3501 4116 munia

1943 4146 2123 4197 obeunt
2144 4166 2157 4195 ι
2184 4146 2312 4196 indis
2330 4160 2446 4195 vero
2473 4159 2628 4208 neque
2645 4145 2768 4194 alius
2784 4158 2950 4193 servus
2967 4146 3065 4205 est,
3083 4142 3260 4192 nedum
3274 4143 3499 4193 Indorum

309 4230 530 4291 mortuis3
548 4230 749 4280 virtutes
765 4230 891 4280 enim
912 4229 1127 4279 virorum
1145 4231 1207 4280 ad
1225 4229 1596 4294 perpetuandam
1614 4232 1722 4293 post
1735 4243 1858 4279 mor·
1947 4223 2219 4286 quisqmm·

308 4310 410 4358 tem
433 4308 713 4357 memoriam
726 4308 947 4358 sumcere
958 4307 1252 4370 existimant,
1272 4309 1323 4357 et
1334 4307 1543 4357 carmina
1559 4309 1706 4370 atque
1723 4306 1858 4369 odas,

309 4397 421 4449 quai
443 4384 671 4434 ineorum
698 4384 926 4434 honorem
959 4387 1215 4435 canuntur.
1283 4385 1353 4447 (2)
1374 4384 1575 4435 Urbium
1595 4397 1709 4434 vero
1728 4383 1861 4434 indi·

2010 4388 2114 4438 Indi
2133 4389 2180 4437 in
2201 4389 2331 4438 victu
2367 4388 2570 4450 frugales
2587 4306 3013 4451 sunffpraesertim
3037 4386 3084 4436 in
3108 4387 3302 4448 castris,
3325 4388 3373 4435 et
3388 4387 3502 4448 quia

310 4476 477 4513 carum
494 4475 862 4526 numerumprae
877 4462 1187 4513 multitudine
1199 4465 1498 4526 compertum
1522 4476 1617 4512 non
1640 4474 1864 4512 esseoeas
1948 4466 2312 4529 supervacaneis
2344 4478 2440 4514 non
2479 4464 2798 4527 delectentur,
2837 4465 3011 4513 ornatu
3043 4463 3246 4525 eleganti
3283 4464 3497 4511 utantur.

311 4555 426 4592 vero
442 4554 555 4605 quae
572 4542 713 4603 juxta
730 4541 928 4591 flumina
945 4544 1033 4592 aut
1056 4554 1187 4591 mare
1203 4542 1308 4592 sitm
1343 4541 1468 4603 sint,
1491 4555 1555 4592 ex
1584 4541 1737 4604 lignea
1758 4554 1862 4591 ma·

310 4618 433 4669 teria
448 4620 746 4669 constructas
771 4632 903 4681 eese3
928 4619 997 4681 (3)
1016 4618 1311 4681 nequeenim
1330 4654 1346 4680 ,
1377 4619 1417 4669 εἰ
1445 4632 1507 4668 ex
1532 4619 1681 4669 latere
1699 4620 1863 4669 eonfe-

316 4697 410 4745 ctae
426 4698 613 4757 enauit,
633 4696 772 4759 longo
796 4698 1011 4759 tempore
1028 4695 1310 4757 duraturas,
1323 4697 1430 4746 tum
1452 4696 1645 4758 propter
1663 4696 1864 4758 imbres,

314 4774 421 4821 tum
439 4772 568 4834 quod
597 4784 763 4822 amnes
786 4771 1020 4836 superatis
1038 4771 1153 4834 ripis
1180 4771 1323 4834 plana
1343 4771 1450 4821 loca
1484 4785 1611 4834 aqua
1638 4771 1863 4836 repleant.

316 4850 523 4912 (1.)οω
540 4850 713 4900 veroin
742 4849 1065 4914 superioribus
1080 4852 1130 4899 et
1151 4849 1508 4900 sublimioribus
1538 4851 1870 4914 precipueque

317 4928 431 4977 altis
446 4928 565 4977 locis
581 4927 747 4990 positas
764 4927 887 4989 sint,
912 4940 975 4976 ex
998 4925 1228 4976 lateribus
1252 4929 1301 4976 et
1320 4928 1555 4978 omento
1581 4927 1729 4977 tactas
1749 4940 1867 4978 ease.

319 5004 388 5065 (5)
406 5001 665 5053 unimam
680 5004 842 5052 antem
860 5002 990 5065 apud
1008 5000 1153 5052 Indos
1171 5001 1339 5052 urbem
1368 5016 1472 5054 ease
1487 5003 1811 5054 Palimbothra
1823 5003 1872 5053 in

321 5079 595 5129 Prasiorum
622 5078 813 5140 tinibus,
832 5078 896 5129 ad
916 5078 1212 5129 Erannoboae
1229 5082 1278 5130 et
1291 5081 1467 5143 Gangis
1484 5080 1736 5130 numinum
1755 5093 1873 5130 con-

322 5157 567 5207 fluentem.
594 5170 652 5207 ac
676 5154 865 5220 Ganges
886 5156 1083 5220 quidem
1100 5158 1339 5208 maximus
1358 5160 1573 5209 omnium
1594 5158 1844 5209 fluminum
1856 5173 1872 5221 ;

326 5233 636 5285 Erannoboas
665 5237 827 5285 autem
846 5236 1018 5286 tertius
1036 5234 1234 5287 tortasse
1250 5235 1394 5287 fuerit
1421 5235 1570 5288 lndioe
1588 5235 1840 5286 fluminum
1856 5271 1873 5298 ,

1950 4547 2100 4596 Furta
2117 4544 2245 4608 apud
2270 4558 2353 4594 eos
2380 4556 2587 4606 perrara.
2629 4546 2796 4605 ltaque
2825 4556 2907 4593 eos
2932 4541 3083 4604 quiin
3102 4542 3270 4591 castris
3294 4540 3502 4592 Sandra-

1951 4624 2068 4674 cotti
2107 4622 2311 4683 suerint,
2358 4632 2650 4682 quamquam
2690 4620 2754 4669 ibi
2799 4619 3258 4683 quadringentorum
3295 4618 3501 4668 millium

1953 4701 2189 4750 collocata
2211 4696 2472 4747 multitudo
2484 4697 2608 4745 esset
2624 4733 2639 4758 ,
2660 4696 2844 4746 nullam
2862 4701 3024 4746 tamen
3041 4693 3168 4744 diem
3186 4694 3386 4755 vidisse,
3410 4707 3506 4756 qua

1954 4777 2082 4826 ultra
2103 4775 2418 4824 ducentarum
2435 4772 2773 4822 drachmarum
2787 4772 2993 4836 pretinm
3006 4771 3135 4821 furto
3152 4772 3307 4821 essent
3324 4770 3505 4833 ablata;

1954 4854 2101 4916 idque
2136 4850 2263 4914 apud
2295 4849 2437 4901 indo·
2479 4848 2582 4898 fleri
2620 4850 2706 4913 qui
2729 4863 2828 4900 non
2862 4848 3048 4912 scriptis
3081 4849 3281 4896 utantur
3306 4847 3502 4909 legibus».

1957 4931 2026 4991 (2)
2057 4934 2223 4992 Neque
2234 4928 2361 4977 enim
2381 4927 2542 4978 literas
2563 4941 2645 4978 eos
2661 4940 2800 4977 nosse
2816 4963 2832 4989 ,
2853 4925 2935 4977 aed
2951 4925 3228 4975 memoriter
3245 4925 3405 4975 omnia
3420 4924 3502 4974 ad·

1957 5006 2225 5055 ministrare
2241 5042 2256 5067 ,
2283 5008 2333 5054 et
2366 5005 2676 5055 nihilominus
2696 5016 2772 5053 ree
2787 5003 2846 5054 iis
2879 5015 3099 5066 prospere
3119 5000 3373 5051 succedere
3392 5014 3503 5063 pro·

1958 5086 2064 5146 pter
2076 5082 2426 5146 simplicitatem
2442 5084 2491 5132 et
2509 5082 2621 5132 vitae
2640 5081 3096 5144 tmgalitatem3nam
3115 5081 3275 5129 vinnm
3294 5092 3376 5129 eos
3392 5093 3506 5127 non·

1959 5159 2048 5208 nisi
2069 5159 2119 5210 in
2133 5159 2373 5209 sacrificiis
2383 5159 2563 5221 bibere,
2579 5157 2740 5207 bibere
2762 5170 2875 5208 vero
2888 5172 2944 5207 ex
2959 5171 3102 5220 oryza
3119 5158 3387 5206 consectum
3402 5156 3505 5205 loco

1960 5235 2143 5287 bordei.
2166 5236 2342 5287 eibum
2363 5249 2557 5300 quoque
2574 5247 2744 5299 magna
2766 5248 2828 5286 ex
2845 5237 2980 5298 parte
2994 5247 3189 5299 oryzam
3214 5247 3317 5285 ease
3345 5232 3499 5284 sorbi-
