4016 5916
414 410 447 461 4
538 427 583 455 <.
788 436 789 439 =
1203 413 1206 416 ’
1670 401 1978 463 CADMUS
2021 402 2388 464 MILESIUS.

405 536 593 595 storiis
625 539 850 608 Atticis»,
905 540 1276 613 quae....eidem
1326 542 1543 595 auctori
1561 542 1961 596 aascribuntur.

405 629 592 701 Quare
611 628 715 681 nisi
738 628 1022 700 putaveris
1043 628 1226 682 Attica
1247 645 1476 700 quoque
1499 628 1813 701 argumenti
1836 644 1970 682 ero-

407 717 505 770 tici
526 715 718 785 fuisse,
746 724 808 769 ut
835 715 1076 770 aliorum
1096 713 1421 783 Rhodiaca,
1446 715 1753 785 Milesiaca,
1782 715 1968 787 Baby-

407 803 625 858 loniaca
645 813 753 858 etc.
741 844 779 871 .‚
795 803 1062 875 proclivis
1074 801 1399 872 conjectura
1418 812 1524 871 est,
1545 820 1655 876 pro
1677 798 1841 858 Λύσιν
1857 814 1960 858 etc.

407 892 543 945 olim
576 890 736 946 fuisse
775 886 959 948 Κτίσιν
1007 888 1227 944 ἰωνικῶν
1273 887 1334 965 (*)
1377 885 1579 945 πόλεων
1610 890 1662 946 ἐν
1708 886 1849 966 βιὸλ.
1898 887 1964 965 δ’,

407 968 653 1050 ideoque
677 977 907 1033 Suidam
947 988 1279 1049 corruptum
1321 978 1545 1031 titulum
1577 967 1794 1050 ponere
1823 976 1965 1049 ejus·

408 1066 539 1119 dem
563 1068 777 1139 operis,
814 1063 972 1138 quod
995 1083 1254 1152 perverse
1278 1064 1511 1130 dederat
1525 1064 1829 1120 Pandionis
1846 1063 1964 1119 filio

412 1152 456 1226 (*
458 1152 524 1229 *)‚
553 1154 764 1227 Orphei
787 1146 1090 1208 coaetaneo.
1116 1149 1230 1208 Sed
1245 1151 1317 1208 de
1336 1153 1423 1207 his
1440 1152 1668 1208 sortasse
1682 1152 1844 1208 aliter
1865 1163 1967 1208 sta·

409 1243 490 1295 tui
510 1243 701 1314 possit.

489 1326 837 1385 Monendum
864 1330 1012 1385 enim
1038 1339 1120 1385 est
1137 1328 1209 1384 de
1234 1329 1420 1384 verbis
1442 1348 1455 1383 ε
1481 1324 1633 1393 Τινὲς
1664 1326 1717 1385 δὲ
1745 1325 1965 1386 Λυκῖνον

411 1413 629 1489 Κάδμον
660 1412 975 1494 ἀνέγραψαν.
1009 1416 1261 1474 Eudocia
1293 1417 1465 1472 habet
1499 1413 1590 1473 καὶ
1625 1419 1845 1474 Λυκῖνον
1874 1437 1965 1471 και

410 1505 454 1561 Κ
467 1500 655 1585 ἄδμονς
683 1514 811 1559 ante
832 1501 1047 1583 Κάδμον
1074 1505 1349 1577 particula
1369 1502 1461 1559 καὶ
1489 1515 1572 1559 est
1594 1506 1759 1559 etiam
1788 1505 1847 1558 in
1868 1502 1961 1559 ed.

410 1574 643 1686 Medio}
671 1576 857 1667 (Hinc
900 1591 1277 1647 Bernhardius
1305 1590 1505 1647 dedit.
1534 1594 1598 1647 T.
1628 1587 1683 1647 δὲ
1710 1590 1799 1647 καὶ
1826 1594 1960 1649 Λυκ.

415 1709 630 1784 Κάδμον
672 1706 779 1786 ἔγρ.
796 1708 839 1785 );
884 1708 1014 1764 cod.
1054 1712 1145 1765 V.
1187 1709 1420 1765 λυκκῖνον
1458 1691 1695 1785 Κάδμον.
1736 1712 1966 1767 Suboese

394 1786 758 1854 ‘Bi-ruhardio
794 1796 1019 1851 videtur
1060 1816 1073 1850 ε
1106 1793 1237 1860 τινὲς
1270 1793 1325 1851 δὲ
1354 1794 1579 1854 Λυκίνου
1609 1794 1827 1872 Κάδμον
1853 1794 1965 1854 νέον

412 1888 552 1959 (sive
574 1882 851 1963 νεώτερον)
872 1880 1191 1962 ἀνέγραψαν.
1218 1886 1491 1940 Kiisterus
1513 1904 1621 1959 pro
1648 1888 1867 1943 Λυκῖνον
1890 1887 1963 1941 le-

411 1973 658 2047 gendum
687 1973 989 2047 proposuit
1014 1968 1226 2029 Λύκιον.
1268 1970 1393 2049 (***)
1423 1977 1504 2029 Ac
1539 1992 1669 2030 sane
1695 1975 1963 2047 patriam,

344 2104 349 2109 .
410 2081 529 2116 non
541 2079 678 2117 vero
694 2071 911 2133 patrem
931 2059 1167 2115 indicari
1182 2060 1357 2115 literae
1376 2061 1693 2134 superstites
1702 2072 1962 2136 arguunt.

410 2150 713 2204 Lenissima
729 2148 1039 2203 mutatione
1060 2147 1225 2203 scribi
1245 2149 1455 2221 possit.
1493 2149 1565 2206 T.
1599 2145 1644 2203 δ’
1672 2144 1967 2205 Ἐλευσῒνον

473 2332 516 2394 (*
518 2334 534 2395 )
556 2283 755 2405 Propius
771 2330 831 2380 ad
851 2330 1025 2382 ductus
1037 2330 1286 2381 literarum
1300 2331 1547 2381 accederet
1564 2330 1603 2380 si
1621 2330 1727 2394 quis
1746 2343 1832 2392 pro
1851 2330 1966 2392 ἐρω-

409 2408 551 2450 τικῶν
575 2393 714 2452 scribi
740 2402 885 2452 wellet
904 2407 1148 2465 κρητικῶν.
1171 2400 1302 2451 [dem
1324 2399 1498 2451 deinde
1518 2400 1648 2464 apud
1663 2399 1860 2451 suidam
1882 2412 1969 2462 pro

411 2476 610 2521 Λυκῖνον
635 2475 885 2535 reponeret
918 2473 1139 2522 Λυκτιον.

474 2544 560 2605 (**)
597 2536 850 2592 Pandionis
891 2542 1041 2605 patris
1078 2554 1255 2590 nomen
1299 2540 1618 2590 clarissimum
1667 2540 1835 2589 fictum
1867 2551 1971 2589 esse

409 2611 506 2672 jam
527 2611 716 2660 monuit
734 2612 1019 2663 'Welekerus
1035 2612 1083 2661 in
1110 2611 1328 2661 seebodii
1348 2610 1531 2660 Archiv
1557 2616 1690 2671 18:30,
1720 2623 1768 2671 p.
1795 2616 1873 2660 70.

477 2683 598 2741 (***)
620 2682 824 2731 :Kfisteri
861 2681 1186 2743 conjecturam
1227 2680 1267 2729 si
1293 2680 1586 2742 probaveris,
1627 2680 1784 2742 putari
1821 2679 1969 2742 possit

410 2750 607 2800 suidam
622 2751 822 2814 ’Κάδμον
840 2752 1032 2810 Λύκιον,
1051 2751 1087 2799 i.
1110 2764 1152 2800 e.
1179 2750 1280 2814 ὄρος
1302 2749 1476 2806 Λυκίας
1500 2749 1545 2798 in
1568 2750 1720 2812 Lyciae
1739 2752 1787 2799 ct
1817 2749 1966 2810 Phry-

2075 531 2308 616 Κάδμον.
2341 542 2624 600 Eleusinio
2657 554 2925 615 praeterea
2961 540 3102 599 bene
3130 548 3496 602 convenirent
3523 549 3642 603 Hi-

2067 618 2473 685 storiae‘Atticae
2495 627 2609 705 (Cf.
2642 630 2928 686 Atthidem
2955 632 3340 707 Melesagorae‚
3368 636 3464 708 qui
3495 638 3632 691 item

2069 717 2379 771 Eleusinius
2391 734 2423 771 a
2437 716 2721 771 nonnullis
2739 712 3069 794 dicebatur).
3092 718 3201 774 Sed
3217 718 3632 777 dubitationem

2068 813 2298 859 movent
2309 802 2595 876 particulae
2607 799 2696 857 καὶ
2705 820 2796 876 ap.
2810 804 3121 860 Eudoeiam
3135 806 3265 860 etin
3280 806 3415 861 edit.
3439 805 3595 862 Med.
3612 851 3629 878 ‚

2067 901 2236 964 atque
2262 911 2290 947 ο
2318 909 2486 964 supra
2508 892 2775 964 scriptum
2803 892 2862 945 in
2889 892 3019 947 cod.
3053 893 3120 948 V.
3163 894 3247 947 Ex
3291 897 3632 968 comparatis

2062 1010 2398 1079 lectionibus
2420 1005 2509 1065 καὶ
2535 991 2749 1083 Κάδμὲν
2765 1021 2823 1064 et
2843 1006 3080 1084 Κάδμον,
3100 1012 3310 1065 erueris
3327 1008 3416 1066 καὶ
3447 1011 3631 1081 Κῶον,

2061 1098 2175 1152 sive
2200 1098 2244 1151 is
2269 1096 2508 1153 Cadmus
2525 1096 2695 1152 fuerit
2714 1115 2785 1152 ex
2807 1095 3104 1152 Herodoto
3133 1108 3298 1152 notus
3318 1099 3432 1153 sive
3459 1099 3626 1157 alius·

2064 1185 2147 1238 Ex
2185 1184 2260 1241 K.
2294 1182 2533 1242 ΛΥκῖνον
2562 1185 2651 1238 vel
2679 1203 2749 1239 ex
2776 1182 3070 1241 ΛΥΚκῑνον
3107 1183 3242 1238 item
3275 1185 3474 1258 aliquis
3514 1187 3625 1240 eli-

2063 1273 2171 1326 ciat
2211 1271 2339 1329 KAl
2374 1271 2542 1349 Κῷον,
2579 1283 2746 1344 atque
2780 1270 3063 1344 duplicem
3102 1270 3348 1343 ejusdem
3378 1274 3631 1329 nominis

2058 1361 2403 1414 mentionem
2432 1377 2463 1414 e
2501 1368 2634 1413 nota
2670 1358 2963 1433 marginali
3002 1360 3062 1412 in
3094 1369 3311 1414 textum
3344 1360 3631 1434 irrepsisse

2058 1456 2276 1501 statuat.
2303 1443 2417 1502 Sed
2437 1447 2549 1501 hoc
2576 1447 2895 1501 violentius.
2920 1447 3101 1520 Igitur
3135 1448 3449 1520 scripserim
3472 1443 3630 1512 Τινὲς

2049 1529 2224 1590 δὲκαὶ
2243 1531 2542 1592 Ἐλευο-ἶνον
2559 1531 2650 1589 καὶ
2671 1533 2819 1591 Κῶον
2838 1529 3155 1609 ἀνέγραψαν.
3171 1536 3315 1588 Tum
3335 1534 3629 1590 Eleusinio

2063 1621 2356 1676 tribuerim
2374 1622 2584 1677 Atticas
2612 1622 2888 1675 historias.
2911 1620 3123 1677 Cadmo
3138 1633 3322 1675 autem
3348 1640 3415 1675 ex
3435 1622 3628 1677 Ascle·

2059 1708 2352 1781 piadarum
2382 1710 2562 1763 insula
2584 1707 2830 1763 oriundo
2864 1708 3100 1762 alterum
3130 1728 3273 1782 opus
3301 1708 3628 1764 vindicave-

2058 1797 2199 1869 rim,
2230 1796 2387 1870 quod
2416 1796 2614 1851 Suidas
2643 1797 2896 1850 nominat
2924 1790 3113 1858 Λύσεις
3143 1793 3332 1869 (ἰάσεις
3351 1796 3399 1870 Ρ)
3440 1797 3628 1873 ἐρωτι-

2062 1883 2165 1938 κῶν
2218 1881 2549 1960 (πυρωτικῶν
2567 1883 2608 1958 Ρ)
2638 1883 2845 1951 παθῶν,
2878 1882 3150 1955 quodque
3189 1882 3261 1938 ad
3299 1895 3476 1938 artem
3501 1903 3627 1940 me-

2063 1969 2245 2025 dicam
2280 1970 2608 2044 pertinuisse
2650 1970 2973 2042 conjeceris.
3012 1970 3285 2026 Cadmum
3323 1972 3474 2031 hunc
3507 1990 3626 2026 esse

2061 2059 2221 2112 illum
2239 2057 2518 2114 Herodoti
2540 2058 2769 2112 minime
2784 2057 3088 2125 contendo,
3113 2059 3212 2112 etsi
3226 2058 3631 2131 Hippolochus-

2064 2163 2322 2218 quoque‚
2370 2164 2499 2200 cum
2538 2164 2654 2217 quo
2679 2143 2921 2201 Cadmus
2942 2145 3194 2201 Coorum
3239 2147 3461 2200 civitate
3505 2146 3624 2200 ali-

2064 2243 2336 2305 quantum
2358 2232 2637 2306 praefuisse
2661 2230 2869 2287 dicitur
2902 2230 2996 2305 (in
3016 2233 3348 2306 Hippocrat.
3383 2234 3487 2306 Ep.
3517 2251 3546 2302 7
3564 2234 3580 2305 )
3598 2274 3624 2299 ,

2061 2331 2182 2374 erat
2213 2319 2539 2394 Asclepiada
2575 2316 2660 2395 (*).
2696 2322 2771 2374 At
2813 2320 2944 2373 satis
2992 2328 3100 2391 est,
3152 2320 3377 2394 opinor,
3426 2319 3622 2391 conje-

2063 2418 2373 2463 cturarum.

2059 2545 2150 2607 giae
2169 2543 2402 2604 confiniis,
2438 2556 2583 2605 quem
2606 2542 2653 2592 in
2694 2542 2880 2594 Lexicis
2909 2545 3162 2594 auctorum
3180 2557 3376 2594 suorum
3397 2545 3622 2593 notatum

2061 2612 2310 2675 invenerit,
2342 2613 2499 2662 virum
2527 2626 2629 2662 esse
2645 2615 2901 2664 censuisse.

2123 2684 2185 2744 (*)
2221 2683 2563 2743 [epicharmum
2580 2696 2777 2745 quoque
2795 2686 3004 2746 poetam,
3029 2684 3241 2746 quicum
3266 2681 3451 2734 Cadmo
3474 2682 3525 2731 in
3543 2682 3607 2734 δῦ

2060 2751 2220 2802 ciliam
2240 2752 2510 2816 transjecit,
2535 2753 2779 2802 medicum
2799 2753 2944 2804 ruisse
2965 2755 3168 2803 constat.
