4016 5916
1442 403 1793 464 vlTARUM
1840 404 2340 466 FRAGMENTA.

332 533 531 615 σφοδρά
558 557 635 600 τις
657 534 858 612 ἐγένετο
884 534 974 592 καὶ
1003 532 1224 613 ἄκρατος
1254 537 1288 604 ἡ
1330 533 1599 613 φιλοτιμία
1635 535 1793 594 αὐτοῦ
1821 557 1878 593 τε

331 625 441 682 ἐκεῖ
465 621 718 703 διέτριὸον
744 625 859 699 μετ’
887 621 1149 692 ἀλλήλων.
1175 620 1456 700 Προῖόντος
1476 619 1531 680 δὲ
1554 625 1645 679 τοῦ
1670 621 1879 702 χρόνου,

329 714 421 770 τοῦ
452 709 695 778 Κύλωνος
726 708 817 768 καὶ
845 712 946 768 τῶν
980 712 1094 786 μετ’
1129 709 1326 767 ἐκείνου
1371 708 1724 787 τεταγμένων,
1746 708 1880 769 ὥστε

330 798 578 857 διατεῖναι
608 795 766 876 μέχρι
791 800 893 855 τῶν
930 795 1239 855 τελευταίων
1272 796 1661 876 Πυθαγορείων.
1688 796 1756 856 ‘0
1784 796 1880 874 μὲν

327 874 415 943 οὐν
447 883 758 963 Πυθαγόρας
794 881 879 942 διὰ
915 882 1109 955 ταύτην
1140 881 1236 955 τὴν
1260 883 1431 942 αἰτίαν
1466 886 1693 956 ἀπῆλθεν
1722 888 1793 953 εἷς
1820 885 1878 944 τὸ

331 969 713 1044 Μεταπόντιον,
738 972 893 1030 κάκεῖ
910 969 1117 1050 λέγεται
1144 969 1505 1052 καταστρέψαι
1530 970 1617 1031 τὸν
1651 972 1781 1049 βίον.
1808 976 1879 1031 ot

328 1058 383 1117 δὲ
414 1057 698 1119 Κυλώνειοι
731 1055 997 1136 λεγόμενοι
1027 1057 1283 1117 διετέλουν
1319 1057 1445 1138 πρὸς
1481 1056 1600 1126 τοὺς
1632 1061 1872 1137 Πυθαγο-

329 1148 489 1228 ρείους
524 1145 883 1216 στάσ·.άζοντες
921 1144 1012 1205 καὶ
1052 1154 1228 1206 πᾶσαν
1272 1143 1644 1221 ἐνδεικνύμενοι
1683 1146 1877 1224 δυσμέ-

326 1257 494 1295 νειαν·
528 1234 642 1293 ἀλλ’
669 1232 810 1311 ὅμως
837 1233 1112 1315 ἐπεκράτει
1148 1232 1305 1314 μέχρι
1331 1230 1466 1301 τινὸς
1488 1236 1523 1305 ἡ
1550 1234 1655 1292 τῶν
1694 1235 1876 1292 Πυθα-

324 1322 538 1404 γορείων
566 1320 951 1399 καλοκαγαθία,
979 1320 1069 1379 καὶ
1092 1325 1126 1393 ἡ
1150 1315 1483 1379 τῶνπλεόνων
1497 1322 1667 1380 αὐτῶν
1693 1321 1876 1398 βούλη·

324 1432 433 1483 σις,
461 1407 597 1469 ὥστε
638 1408 724 1467 ὑπ’
759 1407 963 1467 ἐκείνων
1010 1409 1390 1485 οἰκονομεῖσθαι
1436 1406 1713 1486 βούλεσθαι
1753 1409 1873 1489 περὶ

328 1496 419 1563 τὰς
448 1494 744 1568 πολιτείας,
765 1494 911 1564 τέλος
934 1495 989 1555 δὲ
1019 1498 1090 1562 εἰς
1119 1500 1363 1555 τοσοῦτον
1381 1493 1727 1555 ἐπεὸούλευσε
1764 1500 1872 1565 τοῖς

326 1585 593 1666 ἀνδράσιν,
642 1582 778 1643 ὥστε
821 1585 874 1643 ἐν
921 1587 984 1659 τῇ
1040 1582 1281 1649 Μίλωνος
1337 1581 1475 1664 οἰκίᾳ
1534 1584 1586 1641 ἐν
1641 1583 1874 1663 Κρότωνι

328 1671 732 1750 συνεδρευόντων
783 1674 888 1730 τῶν
934 1669 1322 1749 Πυθαγορείων,
1359 1669 1450 1730 καὶ
1486 1671 1873 1751 βουλευομένων

321 1756 443 1838 περὶ
463 1760 762 1834 πολεμικῶν
786 1759 1090 1836 (πολιτικῶν
1111 1758 1262 1832 conj.
1284 1759 1503 1835 Mahn.)
1526 1759 1871 1837 πραγμάτων,

325 1843 617 1925 ὁφάψαντες
657 1845 755 1917 τὴν
789 1843 958 1904 οἰκίαν
994 1843 1325 1904 κατέκαυσαν
1356 1843 1473 1911 τοὺς
1518 1843 1707 1924 ἄνδρας
1735 1848 1873 1919 πλὴν

323 1932 481 2004 δυοῖν,
506 1931 794 2012 Ἀρχίππου
814 1953 871 1990 τε
893 1930 985 1990 καὶ
1007 1931 1251 1999 Λύσιδος·
1276 1922 1415 1990 οὗτοι
1439 1931 1541 2011 γὰρ
1566 1931 1873 1995 τελεώτατοι

328 2017 611 2096 (νεώτατοι
642 2020 866 2098 Bentl.)
892 2017 1034 2086 ὄντες
1068 2018 1158 2078 καὶ
1187 2017 1589 2100 εὐρωστότατοι,
1620 2020 1870 2090 διεξεπαί·

323 2128 480 2166 σαντο
507 2106 604 2176 ἔξω
622 2131 749 2175 πως.
766 2106 1054 2184 Γενομένου
1075 2106 1130 2165 δὲ
1148 2105 1363 2183 τούτου,
1399 2106 1489 2166 καὶ
1511 2106 1662 2185 λόγον
1691 2108 1872 2168 οὐδένα

323 2195 687 2272 ποιησαμένων
707 2198 809 2254 τῶν
838 2196 1045 2254 πολλῶν
1065 2195 1187 2274 περὶ
1212 2201 1303 2255 τοῦ
1336 2193 1628 2271 συμὸάντος
1645 2195 1838 2263 πάθους
1852 2241 1868 2269 ,

324 2281 625 2341 ἐπαύσαντο
657 2286 747 2353 τῆς
780 2282 1079 2359 ἐπιμελείας
1105 2285 1154 2341 οἱ
1193 2281 1561 2363 Πυθαγόρειοι·
1598 2282 1788 2356 συνέόη
1818 2285 1870 2343 δὲ

322 2374 476 2428 τοῦτο
500 2370 566 2427 δι’
594 2368 886 2448 ἀμφοτέρας
922 2368 1013 2435 τὰς
1046 2369 1246 2443 αἰτίας,
1272 2369 1357 2428 διά
1388 2392 1446 2428 τε
1472 2368 1566 2441 τὴν
1594 2369 1872 2452 ὀλιγωρίαν

320 2460 426 2516 τῶν
460 2458 660 2517 πόλεων
704 2459 823 2533 (τοῦ
850 2455 1081 2517 τοιούτου
1113 2456 1214 2536 γὰρ
1251 2457 1343 2517 καὶ
1375 2458 1682 2531 τηλικούτου
1720 2483 1872 2539 γενο-

322 2543 480 2623 μένου
505 2544 701 2611 πάθους
719 2544 965 2623 οὐδεμίαν
991 2543 1303 2627 ἐπιστροφὴν
1327 2544 1672 2626 ἐποιήσαντο)
1703 2547 1788 2605 διά
1814 2570 1871 2606 τε

321 2634 416 2704 τὴν
439 2631 704 2693 ἀπώλειαν
726 2636 828 2693 τῶν
849 2633 1313 2712 ἡγεμονικωτάτων
1336 2635 1534 2715 ἀνδρῶν
1547 2658 1561 2672 ·
1580 2637 1682 2693 τῶν
1706 2636 1760 2694 δὲ
1782 2634 1873 2694 δύο

321 2725 424 2781 τῶν
469 2721 878 2802 περισωθέντων,
926 2724 1233 2803 ἀμφοτέρων
1284 2721 1624 2804 Ταραντίνων
1679 2723 1871 2795 ὄντων,

322 2812 350 2868 δ
371 2808 466 2887 μὲν
494 2808 787 2890 Ἄρχιππος
817 2808 1146 2889 ἀνεχώρησεν
1175 2811 1246 2878 εἰς
1269 2808 1521 2889 Τάραντα
1537 2855 1553 2883 ,
1579 2814 1607 2868 ὁ
1637 2809 1691 2868 δὲ
1712 2809 1873 2877 Λύσις

323 2896 550 2976 μισήσας
580 2897 675 2970 τὴν
712 2896 991 2978 ὀλιγωρίαν
1016 2900 1213 2978 ἀπ’ἥρεν
1249 2900 1319 2966 εἰς
1348 2896 1443 2968 τὴν
1477 2895 1712 2958 Ἑλλάδα
1733 2942 1750 2973 ,
1781 2898 1872 2956 καὶ

325 2989 377 3044 ἐν
420 2982 608 3067 Ἀχαίᾳ
655 2985 881 3065 διέτριὸε
919 2991 986 3067 τῇ
1030 2988 1494 3067 Πελοποννησιακῇ
1513 3010 1527 3024 ·
1575 2987 1755 3045 ἔπειτα
1803 2989 1873 3055 εἰς

323 3073 510 3144 Θῆὅας
539 3072 900 3154 μετῳκίσατο,
950 3076 1177 3146 σπουδῆς
1207 3072 1339 3141 τινὸς
1379 3078 1683 3153 γενομένης·
1715 3067 1872 3153 οὗπερ

324 3158 525 3238 ἐγένετο
550 3160 949 3237 Ἐπαμινώνδας
973 3160 1257 3243 ἀκροατὴς,
1275 3161 1365 3220 καὶ
1384 3161 1586 3241 πατέρα
1600 3162 1688 3220 τὸν
1709 3161 1872 3223 Λύσιν

326 3248 594 3307 ἐκάλεσεν·
613 3240 712 3307 ὦδε
741 3248 830 3307 καὶ
854 3248 942 3307 τὸν
973 3248 1084 3328 βίον
1111 3248 1479 3329 κατέστρεψεν.
1504 3253 1577 3309 Oi
1615 3248 1670 3307 δὲ
1695 3248 1872 3307 λοιποὶ

324 3338 427 3394 τῶν
454 3335 819 3416 Πυθαγορείων
850 3335 1153 3407 ἀπέστησαν
1189 3341 1280 3407 τ’ἧς
1307 3335 1566 3409 Ἰταλίας,
1599 3337 1736 3407 πλὴν
1762 3336 1873 3415 ’Ap-

323 3506 488 3568 itaque
504 3504 595 3554 bac
612 3504 672 3555 de
690 3517 855 3555 caussa
874 3508 1207 3568 Metapontum
1220 3518 1273 3555 sc
1293 3504 1499 3555 contulit
1510 3540 1526 3565 ,
1549 3504 1710 3566 ibique
1723 3504 1871 3552 vitam

325 3579 534 3631 {inivisse
555 3580 743 3631 dicitur.
766 3581 963 3632 Interim
982 3581 1167 3644 cylenii
1190 3584 1359 3631 contra
1380 3581 1701 3644 Pythagoreos
1722 3582 1876 3630 insur-

322 3671 463 3722 gere,
489 3661 537 3707 et
554 3657 709 3708 inoesti
733 3657 881 3708 animi
898 3658 1189 3709 documenta
1205 3658 1349 3709 edere
1366 3672 1463 3708 non
1478 3658 1836 3708 intermiserunt
1858 3676 1871 3707 ι

323 3734 411 3787 sed
434 3734 581 3785 nihilo
604 3734 764 3785 minus
787 3738 951 3785 tamen
969 3734 1267 3798 aliquamdiu
1288 3737 1694 3800 Pythagoreorum
1719 3734 1875 3783 virtus

324 3815 604 3866 inconcussa
628 3814 785 3876 stetit,
803 3815 1149 3878 civitatumque
1166 3814 1225 3865 iis
1248 3815 1578 3866 benevolentia
1597 3815 1874 3865 conservata

325 3895 398 3943 est
423 3907 436 3941 ε
465 3892 534 3942 ita
561 3896 615 3942 ut
637 3905 727 3943 nec
743 3892 806 3942 ab
835 3893 941 3942 aliis
964 3906 1041 3943 res
1060 3904 1171 3943 suas
1187 3892 1505 3943 administrari
1527 3892 1744 3956 publicas
1766 3903 1871 3940 sus-

325 3970 571 4020 tinuerint.
609 3969 701 4020 Sed
749 3969 943 4019 tandem
976 3982 1036 4020 eo
1071 3970 1392 4034 cyloneorum
1424 3970 1607 4020 insidi-'e
1642 3982 1870 4032 prorupe-

326 4051 466 4109 runt,
505 4049 562 4097 ut
591 4046 793 4096 domum
823 4046 1039 4109 Milonis,
1072 4046 1123 4097 in
1158 4060 1258 4110 qua
1290 4046 1601 4110 Pythagorei,
1635 4046 1697 4097 de
1732 4046 1874 4096 rebus

326 4124 390 4174 ad
432 4124 618 4174 bonum
660 4122 910 4187 pubiicum
945 4123 1292 4187 pertinentibus
1334 4124 1664 4186 deliberaturi,
1709 4136 1874 4173 conse-

324 4202 520 4262 derant,
556 4200 663 4264 igne
685 4199 900 4263 subjecto
930 4214 1041 4251 cum
1075 4200 1189 4264 ipsis
1211 4200 1325 4251 viris
1347 4200 1724 4263 combusserint,
1758 4200 1873 4250 duo·

324 4280 418 4331 bus
458 4282 644 4330 tantum
671 4280 869 4343 elapsis,
897 4279 1136 4344 Archippo
1167 4282 1217 4331 et
1245 4280 1414 4344 Lyside
1452 4300 1465 4329 :
1499 4280 1549 4330 hi
1572 4280 1701 4330 enim
1728 4280 1872 4341 Justae

322 4357 483 4408 aetatis
518 4357 683 4421 vigore
723 4356 1000 4421 viribusque
1039 4357 1273 4421 pollentes
1288 4395 1303 4420 ,
1338 4370 1423 4421 per
1454 4358 1613 4420 ignem
1650 4370 1703 4406 se
1745 4357 1873 4408 foras

322 4434 671 4498 proripuerunt.
691 4438 850 4493 Quum
869 4448 984 4484 vero
1002 4436 1174 4498 vulgus
1196 4434 1373 4485 civium
1394 4434 1456 4484 ad
1483 4435 1665 4484 tantam
1683 4434 1868 4485 cladem

322 4511 601 4561 conniveret
617 4549 632 4572 ,
671 4511 955 4575 Pythagorei
991 4524 1184 4561 omnem
1219 4511 1499 4575 reipublicoe
1531 4510 1750 4573 gerendae
1782 4526 1871 4560 cu·

322 4600 429 4637 ram
467 4586 779 4651 abieceruut3
823 4587 968 4652 idque
1010 4588 1074 4638 ob
1114 4587 1356 4650 duplicem
1396 4586 1694 4650 potissimum
1729 4602 1871 4639 caus·

322 4677 425 4714 sam
456 4683 469 4713 ε
498 4667 605 4715 tum
630 4664 761 4728 quod
787 4666 917 4716 cives
944 4668 1094 4715 tantae
1121 4665 1407 4716 calamitatis
1433 4664 1617 4715 nullam
1640 4667 1873 4717 rationem

323 4741 622 4803 habuisseut;
645 4746 751 4792 tum
770 4742 902 4806 quod
920 4742 953 4792 ii
976 4741 1277 4803 interiissent,
1299 4741 1383 4806 qui
1400 4740 1460 4792 ad
1475 4740 1688 4805 publicas
1703 4756 1780 4793 res
1797 4742 1874 4793 ad·

326 4818 666 4873 ministrandas
682 4822 897 4872 maxime
919 4822 1111 4872 merant
1136 4820 1311 4872 idonei.
1337 4821 1410 4871 llii
1434 4822 1596 4871 autem
1621 4822 1708 4884 qui
1734 4836 1761 4872 e
1786 4837 1871 4886 pe-

323 4897 476 4947 riculo
497 4898 616 4948 salvi
634 4901 907 4961 evaserunt,
926 4898 1071 4949 ambo
1088 4898 1333 4950 Tarentini
1350 4902 1487 4949 erant
1511 4917 1524 4948 ε
1544 4900 1592 4948 et
1610 4900 1874 4964 Archippus

323 4973 521 5037 quidem
542 4975 591 5024 in
610 4976 814 5037 patriam
841 4976 983 5027 rediit
1009 4995 1023 5027 z
1052 4975 1184 5039 Lysis
1200 4989 1317 5026 vero
1338 4976 1611 5038 neglectum
1634 4976 1707 5027 sui
1732 4990 1872 5041 pero·

322 5063 406 5101 sus
433 5051 485 5101 in
509 5053 747 5102 Groeciam
773 5053 946 5116 solvit,
967 5056 1017 5103 et
1043 5054 1094 5103 in
1119 5053 1295 5104 Achaia
1316 5053 1630 5116 Peloponnesi
1661 5067 1872 5105 commo·

325 5131 461 5179 ratus
479 5132 553 5180 est
586 5150 601 5182 ι
635 5129 769 5181 unde
798 5132 1034 5183 incertmn
1069 5145 1168 5195 quo
1194 5131 1468 5196 adspirante
1502 5133 1664 5182 favore
1688 5132 1875 5184 Thebas

322 5207 680 5269 commigravit,
718 5209 880 5272 ibique
914 5209 1291 5272 numinondaru
1325 5209 1595 5259 auditorem
1628 5209 1824 5272 babuit,
1844 5223 1872 5260 a

3398 423 3508 475 275

1969 536 2130 615 χύτου
2150 542 2242 595 τοῦ
2274 535 2617 618 Ταραντίνου.
2643 537 3011 617 Ἀθροισθέντες
3040 538 3093 598 δὲ
3113 541 3184 607 εἰς
3201 545 3259 600 τὸ
3278 541 3513 623 Ῥήγιον,

1969 624 2059 682 καὶ
2102 629 2205 683 τῶν
2236 623 2630 702 πολιτευμάτων
2673 623 2760 682 ἐπὶ
2796 623 2857 683 τὸ
2891 633 3067 706 χεῖρον
3099 626 3514 704 προὸαινόντων·

1966 700 2102 782 ἦσαν
2122 709 2176 769 δὲ
2200 714 2247 771 οἱ
2274 711 2672 771 σπουδαιότατοί
2688 735 2744 771 τε
2774 711 2987 788 (τότεῖ)
3011 712 3234 774 Φάντων
3255 715 3344 773 καὶ
3365 716 3518 797 Ἔχε·

1966 797 2162 874 κράτης
2175 799 2275 857 οιαὶ
2301 797 2675 876 Πολύμναστος
2701 799 2791 858 καὶ
2811 801 3033 870 Διοκλῆς
3059 799 3332 878 Φλιάσιοι,
3363 805 3521 864 Ξενό-

1966 888 2108 965 φιλος
2128 886 2181 944 δὲ
2212 885 2501 953 Χαλκιδεὺς
2518 889 2621 944 τῶν
2650 885 2752 944 άπὸ
2789 884 3003 967 Θρᾴκης
3034 888 3362 948 Χαλκιδέων·
3387 891 3517 973 ἐφύ-

1963 971 2127 1041 λαξαν
2161 972 2255 1050 μὲν
2300 965 2387 1033 οὗν
2423 972 2492 1034 τὰ
2538 973 2589 1042 ἐξ
2629 976 2798 1054 ἀρχῆς
2832 973 2934 1047 ἤθη
2974 974 3065 1032 καὶ
3097 973 3161 1033 τὰ
3192 977 3515 1054 μαθήματα,

1962 1060 2134 1121 καίτοι
2169 1063 2505 1134 ἐκλειπούσης
2534 1066 2626 1133 τῆς
2653 1062 2918 1143 αἱρέσεως,
2949 1062 3045 1130 ἕως
3080 1066 3296 1141 εὐγενῶς
3330 1069 3516 1145 ἠφανί·

1963 1153 2183 1220 σθησαν.
2212 1152 2395 1209 Ταῦτα
2425 1148 2519 1228 μὶν
2551 1140 2639 1209 οὐν
2670 1149 3005 1231 Ἀριστόξενος
3031 1152 3304 1232 διηγεῖται.

2043 1263 2070 1288 ι
2087 1239 2272 1296 Verba
2298 1239 2564 1316 προϊόντος
2575 1241 2666 1296 τοῦ
2681 1237 2868 1318 χρόνου
2882 1262 2936 1300 κ.
2951 1263 3001 1298 τ.
3025 1239 3075 1299 λ.
3093 1243 3293 1298 seriem
3308 1247 3515 1301 oratio-

1962 1328 2048 1383 nis
2075 1328 2307 1382 omnino
2338 1329 2757 1402 interrumpunt
2776 1373 2792 1401 ‚
2839 1349 2942 1386 nec
2970 1331 3162 1386 locum
3186 1331 3281 1387 hic
3305 1332 3518 1390 habere

1961 1424 2226 1486 possunt3
2261 1432 2385 1488 quae
2418 1413 2666 1489 proinde
2697 1416 3013 1473 Obrechtus
3040 1418 3248 1473 rectius
3274 1420 3516 1476 collocat

1960 1512 2091 1573 post
2116 1501 2212 1556 illa
2244 1519 2367 1574 quae
2390 1502 2582 1576 paullo
2600 1515 2732 1576 post
2749 1514 3081 1577 sequuntur,
3109 1504 3212 1560 τῶν
3235 1503 3340 1560 ἀπὸ
3372 1502 3517 1585 Θρά-

1961 1606 2056 1656 κης
2087 1581 2421 1646 Χαλκιδέων.
2452 1613 2477 1638 ¹·
2499 1589 2754 1646 Kos-mn.
2783 1590 2864 1644 Eo
2894 1608 3012 1644 non
3039 1609 3181 1665 opus
3202 1602 3299 1650 est.

2701 1710 2790 1750 12.

2039 1789 2284 1863 Diogen.
2314 1790 2384 1845 L.
2405 1790 2535 1845 VIII
2550 1830 2567 1858 ,
2590 1785 2684 1859 45,
2703 1800 3002 1863 postquam
3026 1789 3246 1847 dixerat
3263 1789 3518 1850 floruisse

1959 1875 2203 1931 scholam
2219 1875 2549 1951 Pythagorae
2575 1895 2752 1951 usque
2778 1877 2851 1933 ad
2866 1879 3282 1953 generationem
3308 1899 3517 1937 nonam

1960 1963 2048 2018 vel
2078 1962 2352 2019 decimam
2369 2004 2386 2033 ,
2407 1962 2633 2037 subjicit
2662 1982 2677 2020 t
2710 1964 3015 2024 Τελευταῖοι
3043 1962 3144 2043 γὰρ
3164 1964 3395 2043 ἐγένοντο
3414 1971 3514 2025 τῶν

1963 2047 2347 2128 Πυθαγορείων,
2387 2047 2473 2116 οὓς
2518 2047 2608 2108 καὶ
2658 2049 2995 2129 Ἀριστόξενος
3051 2041 3152 2110 εἶδε
3169 2096 3186 2127 ,
3235 2052 3517 2135 Ξενόφιλός

1960 2134 2005 2192 θ’
2029 2137 2056 2192 ὁ
2071 2134 2364 2202 Χαλκιδεὺς
2381 2136 2486 2195 ἀπὸ
2505 2134 2720 2220 Θρᾴκης
2743 2136 2832 2197 καὶ
2849 2137 3076 2198 Φάντων
3101 2141 3128 2196 ὁ
3150 2141 3404 2207 Φλιάσιος
3424 2141 3514 2201 καὶ

1959 2224 2180 2295 Διοκλῆς
2215 2221 2305 2281 καὶ
2338 2223 2742 2300 Πολύμναστος,
2773 2224 3025 2285 Φλιάσιοι
3052 2227 3142 2284 καὶ
3168 2227 3344 2287 αὐτοί·
3378 2219 3514 2300 ἦσαν

1959 2309 2005 2367 δ’
2035 2310 2287 2388 ἀκροαταὶ
2315 2310 2586 2370 Φιλολάου
2620 2311 2710 2369 καὶ
2745 2311 2974 2393 Εὐρύτου
3020 2316 3122 2371 τῶν
3150 2314 3512 2395 Ταραντίνων.

1960 2400 2027 2457 V.
2054 2401 2299 2456 Clinton.
2333 2400 2402 2458 F.
2439 2402 2509 2456 H.
2540 2401 2614 2457 ad
2639 2421 2848 2457 annum
2885 2410 3021 2475 472·

2442 2540 2616 2600 3102
2660 2540 3031 2602 ΑΡΧΥΤΟΥ.

2690 2697 2713 2734 1
2724 2678 2780 2735 3.

2039 2807 2282 2881 Diogen.
2305 2807 2367 2865 L.
2399 2808 2566 2877 VIII,
2601 2825 2675 2879 79
2707 2824 2721 2864 ε
2746 2804 2996 2884 Ἀρχύτας
3025 2809 3373 2890 Μνησαγόρου
3400 2812 3514 2870 Τα-

1966 2891 2220 2972 ραντῖνος,
2263 2895 2333 2958 ὣς
2378 2891 2424 2951 δ’
2459 2891 2830 2974 Ἀριστόξενος,
2868 2893 3165 2970 Ἑστιαίου,
3221 2900 3514 2978 Πυθαγορι-

1959 2979 2045 3045 κὸς
2087 2979 2177 3038 καὶ
2217 2981 2390 3047 αὐτός.
2440 2984 2524 3039 Cf.
2571 2982 2770 3039 Suidas
2809 3002 2824 3039 z
2868 2981 3151 3062 Ἀρχύτας,
3194 2988 3514 3067 ’Ταραντῖνος

1962 3064 2225 3125 Ἑστιαίου
2256 3066 2360 3133 υἱὸς
2386 3066 2423 3138 ἢ
2459 3067 2784 3149 Μνησάρχου
2818 3067 2854 3140 ἢ
2895 3071 3272 3153 Μνασαγόρου,
3301 3072 3511 3154 φιλόσο-

1962 3177 2053 3235 φος
2083 3153 2459 3234 Πυθαγορικός.

2693 3243 2784 3303 14.

2039 3340 2278 3413 Diogen.
2301 3341 2366 3395 L.
2395 3341 2549 3411 VIII,
2567 3339 2639 3395 82
2671 3359 2685 3395 :
2717 3337 2822 3397 Τὸν
2844 3337 2897 3395 δὲ
2920 3339 3277 3419 Πυθαγορικὸν
3302 3339 3515 3420 (Rp-ffi-

1962 3516 2062 3565 quo
2099 3507 2150 3553 et
2185 3516 2356 3564 pareus
2386 3504 2621 3554 salutatus
2651 3507 2750 3566 est3
2785 3518 2843 3554 ac
2874 3504 3068 3554 tandem
3101 3505 3274 3554 ibidem
3307 3508 3513 3555 mortem

1962 3579 2098 3629 obiit.
2141 3578 2329 3643 Reliqui
2371 3580 2655 3643 Pythagorei
2693 3584 2872 3644 praeter
2905 3580 3161 3643 Archytam
3198 3582 3512 3631 Tarentinum

1965 3657 2102 3706 ltalia
2133 3659 2467 3720 excesserunt,
2494 3660 2544 3707 ct
2568 3657 2801 3720 Rhegium
2834 3657 3128 3708 confluentes
3158 3657 3223 3707 ibi
3256 3671 3355 3708 una
3379 3671 3514 3708 com-

1961 3736 2136 3785 morati
2157 3738 2287 3785 suut.
2316 3735 2565 3798 Temporis
2589 3739 2751 3787 autem
2773 3749 3021 3799 progressu
3046 3749 3197 3799 quum
3230 3737 3280 3786 in
3306 3737 3518 3787 deterius

1963 3813 2215 3863 civitatum
2226 3812 2574 3863 administratio
2587 3816 2819 3876 vergeret,
2830 3812 3060 3876 praecipui
3070 3826 3238 3863 eorum
3251 3817 3367 3863 tuuc
3379 3818 3516 3864 erant

1964 3890 2177 3952 Phanto,
2208 3890 2523 3950 Echecrates,
2559 3890 2923 3954 Polymuaslus,
2955 3890 3175 3952 Diocles,
3213 3890 3434 3953 puliani,
3466 3894 3517 3942 et

1963 3967 2257 4031 xenophilus
2282 3965 2607 4017 chalcidensis
2632 3980 2662 4017 e
2681 3966 2885 4016 Thracia
2906 3992 2971 4004 —
2996 3966 3046 4016 bi
3072 3966 3218 4029 igitur
3239 3967 3288 4015 in
3306 3967 3516 4030 pristinis

1963 4046 2273 4097 nihilomiuus
2303 4045 2532 4096 institutis
2557 4043 2824 4109 studiisque
2859 4046 3195 4108 perstiterunt,
3215 4044 3370 4096 donec
3399 4046 3517 4095 deii·

1962 4124 2119 4174 ciente
2143 4126 2302 4186 secta,
2350 4136 2462 4173 cum
2492 4121 2633 4173 laude
2661 4122 3014 4173 interciderent.
3047 4125 3149 4172 Hoc
3178 4121 3324 4172 modo
3353 4135 3430 4173 res
3454 4123 3517 4172 ab

1962 4202 2246 4253 Aristoxeno
2265 4203 2502 4252 narratur.
2700 4267 2765 4317 ¹²

2026 4360 2258 4411 Postremi
2278 4359 2679 4423 Pythagoreorum
2697 4394 2711 4417 ,
2736 4371 2859 4420 quos
2875 4357 2994 4407 vidit
3016 4357 3160 4407 etiam
3188 4357 3515 4415 Aristoxenus,

1963 4438 2159 4488 suerunt
2200 4435 2496 4502 Xenophilus
2544 4434 2870 4485 Chalcidensis
2912 4447 2974 4483 ex
3014 4434 3213 4483 Thracia
3232 4469 3247 4494 ,
3296 4432 3514 4483 Pbauton

1963 4515 2223 4577 PhliasiuS,
2245 4517 2393 4577 atque
2421 4512 2612 4563 Diocles
2628 4514 2679 4561 et
2701 4511 3033 4574 Polymnastus
3046 4547 3061 4572 ,
3080 4510 3224 4560 etiam
3244 4510 3330 4572 ipsi
3352 4509 3512 4560 Phlia-

1960 4594 2037 4656 sii,
2060 4594 2303 4644 auditores
2328 4606 2442 4643 vero
2456 4589 2660 4643 Philolai
2681 4591 2731 4640 et
2752 4589 2922 4653 Euryti
2944 4588 3330 4641 Tarentinorum.

2417 4708 2598 4769 VITA
2647 4704 3056 4766 ARCHYTAE.

2694 4842 2782 4892 13.

2025 4950 2257 5012 Archytas
2271 4952 2561 5011 Mnesagorae
2579 4946 2705 4997 iilius
2721 4946 3024 5010 Tarentinus,
3044 4945 3117 4996 uti
3131 4958 3247 4996 vero
3267 4944 3513 4995 Aristoxe-

1962 5041 2073 5090 nus,
2097 5025 2286 5078 liestiaei
2307 5025 2457 5087 tilius,
2476 5024 2574 5088 ipse
2590 5037 2784 5087 quoque
2803 5023 3158 5088 Pythagoricus.

2701 5116 2787 5167 14.

2028 5210 2287 5273 Archytam
2309 5208 2664 5273 Pythagoreum
2697 5207 3009 5258 Aristoxenus
3027 5207 3172 5258 refert
3189 5216 3342 5269 quum
3365 5214 3508 5253 exer·

3250 5290 3312 5330 ιε.
