4016 5916
518 368 629 419 ⁴60

1843 350 2368 411 IlIERONYMUS.

516 488 722 542 dorum
763 496 987 540 centum
1022 484 1411 558 duodeviginti
1444 479 1537 556 (Ἴ.
1569 481 1830 538 Diodoro
1858 481 2070 554 pariter
2160 478 2276 550 ejus
2302 479 2425 534 vitae
2458 489 2741 553 tempora,
2775 478 2834 533 in
2863 479 3068 552 quibus
3087 481 3423 554 Hieronymi
3460 486 3775 557 quadam

514 587 578 621 ac
602 565 901 620 Plutarcho
925 575 1057 619 teste
1079 564 1360 621 Menelaus
1381 579 1511 617 cum
1529 562 1808 635 sexaginta
1834 559 2069 614 navibus

519 652 796 707 Salamine
820 651 1080 716 inclusus,
1100 669 1129 704 a
1161 649 1463 705 Ptolemaeo
1498 649 1728 715 accitur,
1757 645 1909 720 apud
1927 646 2066 702 Dio-

513 741 721 795 dorum
753 749 939 795 autem
967 737 1126 812 (XX,
1162 732 1262 810 49)
1301 754 1417 792 non
1449 754 1519 791 eo
1552 734 1819 803 consili0,
1849 743 1914 788 ut
1942 728 2065 788 ὅταν

514 825 744 901 μάλιστα
786 823 1033 881 σύστασιν
1079 827 1107 879 ὁ
1155 824 1294 900 ἀγὼν
1343 820 1441 901 ἔχῃ
1488 824 1762 896 impetum
1807 823 1866 875 in
1911 830 2067 896 terga

513 915 758 970 hostium
799 914 1005 969 faceret
1032 909 1341 983 (Plutarch.
1373 913 1537 966 Dem.
1583 928 1635 964 c.
1674 907 1800 981 16).
1833 909 1901 963 Et
1928 908 2066 964 Dio-

513 1004 687 1058 dorus
709 1012 895 1058 tamen
914 1012 970 1056 et
991 999 1319 1055 Plutarchus
1344 997 1538 1053 decem
1557 996 1793 1051 navibus
1814 995 2067 1069 produnt

511 1090 782 1146 Demetrii
811 1089 1125 1144 Menelaum
1143 1128 1158 1156 ‚
1188 1086 1490 1159 quominus
1525 1102 1692 1158 opem
1721 1082 1893 1138 ferret
1928 1083 2065 1136 Pto-

513 1180 744 1250 lemaeo,
780 1174 1151 1251 praepeditum
1185 1190 1319 1228 esse.
1350 1174 1436 1228 De
1478 1172 1644 1226 classe
1685 1181 1870 1225 autem
1899 1170 2067 1243 AEgy·

509 1266 691 1338 ptiaca
727 1283 757 1319 a
785 1262 1044 1319 Diodoro
1072 1261 1207 1328 XX,
1234 1258 1305 1315 52
1346 1258 1713 1333 quadraginta
1741 1275 1907 1311 naves
1937 1256 2063 1331 (τῶν

511 1352 726 1428 μακρῶν
753 1345 1055 1425 αὔτανδροι)
1082 1359 1259 1420 captae
1278 1364 1388 1401 esse
1413 1346 1690 1412 seruntur,
1714 1363 1744 1399 a
1763 1342 2064 1398 Plutarcho

510 1439 705 1514 (Dem.
765 1438 861 1513 16)
904 1437 1267 1510 septuaginta.
1313 1432 1423 1489 Sed
1469 1432 1796 1487 Plutarchus
1847 1441 1910 1484 ut
1946 1430 2066 1483 aliis

509 1526 675 1582 etiam
702 1523 1027 1580 auctoribus
1049 1540 1218 1596 quam
1246 1520 1534 1576 Diodorus
1559 1537 1695 1574 usus
1722 1536 1834 1573 esse
1860 1527 2064 1572 statua·

511 1625 622 1681 tur,
649 1612 724 1668 ad
750 1611 991 1668 eundem
1036 1620 1220 1664 tamen
1261 1609 1378 1663 haec
1400 1626 1505 1662 nos
1539 1605 1750 1662 fontem
1778 1606 2061 1680 rejiciunt.

507 1703 592 1756 De
619 1701 923 1755 Ptoiemaeo
948 1700 1047 1773 qui
1065 1699 1282 1774 regium
1303 1707 1432 1771 post
1473 1697 1734 1770 proelium
1770 1693 1918 1749 istud
1958 1695 2061 1768 Cy·

509 1790 695 1862 prium
720 1805 929 1843 nomen
949 1786 1202 1860 accipere
1231 1803 1349 1840 non
1373 1783 1743 1851 dubitaverit,
1771 1782 2065 1838 Diodorus

507 1878 645 1946 XX,
675 1875 792 1932 53:
821 1872 889 1934 ‘O
914 1873 967 1931 δὲ
987 1876 1309 1948 Πτολεμαῖος
1321 1869 1463 1930 οὐδὲν
1485 1874 1549 1948 τῇ
1569 1872 1714 1950 ψυγῇ
1735 1869 2064 1935 ταπεινωθεις

508 1959 592 2019 διὰ
620 1960 713 2032 τὴν
725 1953 885 2034 ἧτταν
904 1962 1021 2022 κτλ.
1032 1961 1386 2038 ;Plutarchus
1402 1959 1563 2016 Dem.
1587 1978 1639 2014 c.
1667 1959 1767 2014 18:
1797 1959 1865 2021 ὡς
1881 1955 1955 2032 μὴ
1983 1957 2065 2013 δο-

508 2053 616 2108 κεῖν
633 2073 720 2108 του
731 2071 1056 2130 φρονηματος
1071 2047 1306 2129 ὑφίεσθαι
1323 2045 1406 2104 διὰ
1430 2037 1574 2116 τὴνῗ
1540 2069 1700 2116 ητταν
1729 2045 1846 2120 ι“*).
1864 2049 1947 2102 De
1965 2065 2064 2102 ex·

505 2131 796 2205 peditione
806 2131 876 2187 ab
889 2131 1199 2204 Antigono
1186 2148 1245 2184 tn
1259 2128 1564 2222 AEgyptum
1577 2127 1718 2181 facta
1738 2127 1926 2181 Plutar
1930 2126 2065 2180 chus

510 2229 562 2268 c.
603 2228 711 2285 19:
751 2206 901 2273 αὐτὸς
937 2207 1030 2284 μὲν
1069 2207 1209 2284 ἄγων
1236 2209 1366 2285 πεζῇ
1389 2205 1483 2275 τὴν
1509 2203 1742 2279 δύναμιν,
1774 2200 2064 2281 Δημητρίῳ

511 2294 563 2355 δὲ
590 2295 801 2377 μεγάλῳ
830 2295 997 2354 στόλω
1028 2293 1446 2373 παραπλέοντας,
1471 2294 1759 2350 Diodorus
1775 2294 1912 2367 XX,
1946 2293 2056 2363 73:

510 2388 660 2451 αὐτὸς
700 2384 793 2462 μὲν
835 2376 920 2442 ουν
959 2407 1049 2443 του
1077 2387 1232 2450 πεζοῦ
1276 2380 1662 2461 στρατεύματος
1707 2378 2062 2456 ἀφηνούμενος

507 2495 701 2551 προηγε
727 2472 812 2530 διὰ
826 2476 917 2542 τ’ἧς
944 2472 1171 2541 κοίλης
1138 2468 1345 2546 ἁ.υρίας,
1371 2467 1506 2546 ἔχων
1529 2464 1710 2535 πεζους
1738 2465 1832 2542 μὲν
1851 2466 2061 2534 πλείους

505 2563 606 2618 τῶν
647 2558 1083 2639 ὀκτακισμυρίων,
1143 2560 1323 2621 ἱππεῖς
1368 2556 1422 2612 δὲ
1464 2553 1582 2633 περὶ
1623 2553 2057 2635 ὀκτακισχιλίους,

506 2645 785 2727 ἐλέφαντας
816 2645 870 2705 δὲ
906 2645 1042 2724 τρισὶ
1083 2642 1289 2708 πλείους
1331 2645 1433 2700 τῶν
1482 2640 1819 2720 ὀγδοήκοντα.
1867 2643 1961 2721 Τῷ
2001 2641 2056 2698 δὲ

504 2732 792 2814 Δημητρίῳ
807 2730 1069 2811 παραδοὺς
1087 2729 1174 2787 τὸν
1192 2728 1372 2788 στόλον
1397 2727 1636 2796 συνέταξε
1657 2729 2057 2807 συμπαραπλεῖν

506 2820 621 2895 ἅμα
661 2817 982 2899 πορευομένῃ
1010 2820 1073 2892 τῇ
1106 2815 1356 2892 δυνάμει,
1405 2814 1910 2896 παρεσκευασμένων
1952 2817 2055 2870 τῶν

504 2907 723 2965 ἁπασῶν
745 2908 872 2963 νεῶν
896 2907 1110 2984 μακρῶν
1134 2901 1228 2981 μὲν
1252 2901 1434 2961 ἑκατὸν
1465 2900 1783 2972 πεντήκοντα
1808 2903 1925 2963 κτλ.
1966 2903 2051 2963 cf.

504 2999 701 3052 etiam:
723 2990 1027 3072 Δημητρίου
1046 2993 1267 3069 χειμῶνι
1289 2990 1378 3048 καὶ
1396 2988 1618 3047 κλύδωνι
1644 2988 1858 3071 μεγάλῳ
1881 2992 2056 3048 κινδυ-

502 3077 778 3147 νεύσαντος
797 3082 867 3146 εἷς
889 3079 1074 3144 τόπους
1103 3077 1375 3154 ἀλιμένους
1392 3078 1481 3136 καὶ
1502 3076 1766 3156 χαλεποὺς
1785 3080 2056 3159 ἐκριφῆναι

503 3168 654 3244 apud
677 3169 1037 3225 Plutarchum
1066 3160 1196 3224 cum
1222 3167 1464 3225 Diodor.
1493 3168 1630 3240 XX,
1660 3174 1753 3238 74.
1790 3168 1884 3238 76.

582 3281 607 3307 a
631 3260 716 3313 De
738 3257 1031 3313 obsidione
1067 3257 1303 3311 civitatis
1317 3255 1677 3310 Rhodiorum
1702 3274 1733 3311 a
1760 3259 2051 3314 Demetrio

500 3356 749 3420 suscepta
775 3347 1090 3400 consentire
1125 3343 1391 3398 videntur
1418 3344 1706 3400 Diodorus
1742 3364 1805 3401 ac
1834 3347 2050 3401 Plutar-

501 3430 635 3488 chus
663 3444 812 3489 certe
831 3436 888 3487 in
917 3450 1017 3503 eo,
1049 3432 1205 3505 quod
1232 3432 1443 3506 singula
1483 3433 1576 3486 ille
1597 3432 1869 3507 helepolis
1903 3436 2055 3490 istius

500 3521 668 3575 latera
699 3518 910 3597 πήχεων
947 3517 1130 3595 σχεδὸν
1167 3516 1485 3585 πεντήκοντα
1504 3562 1519 3591 ,
1548 3520 1641 3573 hic
1660 3562 1675 3587 ,
1703 3524 1948 3577 auctoris
1969 3524 2054 3577 sui

498 3608 668 3662 verba
697 3607 940 3663 fortassis
983 3608 1296 3681 religiosius
1331 3617 1575 3676 secutuS,
1599 3603 1740 3663 ὀκτὼ
1754 3604 1846 3664 καὶ
1867 3627 2052 3664 τεττα-

500 3692 723 3770 ράκοντα
753 3693 967 3771 πήχεων
991 3694 1153 3749 fuisse
1182 3692 1444 3762 tradidit,
1479 3693 1552 3749 de
1580 3700 1838 3751 tabulatis
1862 3709 2049 3752 autem

499 3782 766 3836 machinae
806 3782 947 3853 ejuS,
997 3799 1243 3855 quorum
1286 3781 1346 3835 in
1392 3781 1745 3836 altitudinem
1791 3785 2053 3840 circuitus

497 3872 842 3924 contractior
882 3867 1044 3925 fuisse
1075 3869 1306 3939 dicitur,
1347 3886 1489 3925 voce
1525 3881 1765 3943 uterque
1795 3869 2050 3928 συννεύειν

496 3974 624 4011 usus
652 3965 731 4012 est
762 3955 900 4034 sm).

576 4067 599 4091 a
619 4045 689 4099 In
714 4045 932 4117 reliqua
953 4044 1224 4099 Demetrii
1241 4044 1379 4112 vita,
1412 4045 1634 4116 qualem
1663 4044 1816 4118 apud
1837 4045 2048 4102 Plutar-

497 4129 665 4185 chum
689 4129 1022 4203 descriptam
1053 4131 1350 4199 habemus,
1379 4132 1503 4203 quis
1532 4150 1663 4187 usus
1709 4132 1877 4189 fuerit
1927 4137 2053 4189 Hie-

496 4219 717 4292 ronymi
732 4218 1010 4286 Cardiani,
1030 4220 1089 4272 in
1107 4217 1295 4273 medio
1320 4218 1755 4292 relinquendum
1770 4240 1881 4276 esse
1895 4222 2049 4276 vide-

495 4316 610 4360 tur.
640 4307 726 4361 De
760 4307 870 4359 vita
890 4315 1075 4360 autem
1101 4305 1299 4378 Pyrrhi
1325 4324 1442 4360 non
1481 4308 1807 4364 Plutarchus
1836 4321 2051 4364 tantum

496 4410 624 4447 eum
639 4392 909 4459 laudavit,
930 4391 1029 4448 sed
1052 4393 1218 4447 etiam
1231 4394 1540 4450 Pausanias,
1557 4396 1688 4451 Non
1710 4407 1837 4450 sunt
1868 4408 2051 4452 tamen

493 4481 598 4534 nisi
635 4482 722 4536 vel
764 4482 971 4535 Italicae
996 4476 1201 4553 Pyrrhi
1242 4480 1631 4554 expeditiones
1669 4485 1760 4538 vel
1801 4496 2048 4539 extrema

558 4615 621 4677 ζ’)
651 4616 755 4666 Alio
793 4614 935 4666 etiam
969 4616 1099 4665 fonte
1122 4629 1267 4678 quam
1301 4617 1538 4666 Diodorus
1553 4618 1705 4667 utitur
1724 4618 1930 4680 Polyaen.
1961 4621 2049 4679 lv,

494 4688 543 4747 7,
569 4691 614 4735 7.
635 4689 695 4733 ν.
714 4688 940 4750 Droysen.
964 4685 1212 4736 Alexand.
1232 4698 1283 4749 p.
1305 4689 1412 4737 454.

557 4756 645 4818 (“)
687 4759 756 4804 Ex
775 4756 942 4806 eodem
972 4758 1265 4819 Hieronymo
1282 4756 1496 4806 hausisse
1511 4758 1703 4807 videtur
1721 4759 1919 4821 Appian.
1940 4762 2046 4821 Syr.

495 4836 538 4873 e.
563 4829 622 4875 54
645 4844 658 4875 ι
686 4825 842 4875 ἀνεῖπε
865 4827 913 4875 δὲ
930 4828 1009 4875 καὶ
1035 4828 1320 4889 Πτολεμαῖον
1341 4828 1367 4876 ὁ
1393 4828 1564 4884 οἰκεῖος
1587 4827 1732 4876 αὐτοῦ
1751 4830 1944 4890 στρατὸς
1961 4832 2049 4893 βα·

495 4897 646 4957 σιλὲα,
674 4899 737 4953 ὡς
755 4897 820 4961 μή
842 4914 885 4947 τι
909 4898 984 4947 διὰ
1007 4898 1090 4954 τὴν
1112 4896 1266 4957 ἧσσαν
1287 4898 1572 4960 μειονεκτοίη
1596 4903 1689 4948 τῶν
1720 4899 2043 4957 νενικηκότων.

557 4965 670 5027 (Μ)
689 4968 871 5017 Bellum
892 4968 1160 5016 hoooontra
1181 4967 1389 5017 Rhodios
1403 4971 1589 5029 gestum
1619 4968 1855 5018 Diodorus
1883 4981 2048 5018 narra·

493 5035 567 5084 vit
609 5036 846 5087 Rhodium
875 5041 1066 5085 secutus
1096 5040 1369 5095 auctorem,
1403 5041 1640 5088 zenonem
1671 5039 1838 5100 procul
1883 5038 2045 5089 dubio.

495 5104 615 5154 vide
631 5107 815 5156 Praesat.
834 5106 894 5156 ad
920 5106 1425 5156 Pseudocallisthenem
1440 5120 1489 5169 p.
1513 5115 1587 5158 2³.

2158 568 2384 640 vestigia
2412 566 2931 639 deprehenduntur.
2965 568 3161 638 Neque
3193 587 3336 623 unus
3359 570 3420 624 in
3447 572 3568 628 illis
3598 576 3771 631 Hie-

2157 671 2423 726 ronymus
2451 654 2730 709 Plutarchi
2769 664 2969 708 auctor
2996 652 3128 723 fuit,
3172 657 3270 727 qui
3308 658 3526 729 passim
3559 663 3769 717 etiam

2158 751 2560 795 commemoret
2578 742 2910 813 Dionysium
2921 740 3401 798 Halicarnasseum
3422 755 3635 801 etcum
3654 768 3739 804 re
3752 782 3771 796 -

2158 827 2345 900 liquiis
2360 828 2504 902 ejus,
2533 846 2656 900 quae
2684 838 2914 882 servatae
2936 838 3083 897 sunt,
3117 829 3457 903 plerumque
3487 840 3763 909 conspi-

2157 925 2264 970 ret.
2292 915 2378 975 cf.
2407 914 2548 970 Plut.
2572 913 2772 986 Pyrrh.
2814 911 2878 967 13
2898 923 2953 967 et
2976 915 3211 986 Dionys.
3239 916 3397 971 XVII
3417 958 3437 986 ,
3479 920 3583 974 13.
3629 942 3651 975 1
3672 929 3715 987 4
3742 942 3767 995 ς

2156 1000 2304 1058 Plut.
2338 1020 2389 1056 e.
2422 1002 2487 1056 16
2513 1013 2569 1058 et
2594 1002 2768 1057 Dion.
2791 1001 2985 1071 XVII,
3010 997 3097 1055 15.
3138 1000 3407 1070 163Plut.
3444 1007 3538 1064 16.
3577 1027 3647 1079 17
3693 1022 3765 1065 et

2156 1087 2326 1145 Dion.
2350 1089 2564 1157 XVIII,
2594 1094 2738 1152 1—4
2761 1107 2776 1156 ;
2799 1088 2945 1143 Plut.
2973 1106 3046 1142 20
3068 1089 3234 1143 Dion.
3254 1089 3477 1160 XVIII,
3500 1093 3757 1166 8—26;

2156 1175 2303 1232 Plut.
2329 1195 2375 1232 c.
2410 1176 2473 1231 13
2493 1186 2546 1231 et
2574 1177 2743 1231 Dion.
2772 1174 2934 1242 XIX,
2963 1173 3139 1229 6—8.
3170 1179 3240 1230 At
3265 1187 3321 1230 et
3345 1178 3467 1251 ipse
3492 1180 3765 1240 sortasse

2156 1265 2454 1337 Dionysius
2474 1267 2820 1337 Hieronymo
2839 1281 2970 1318 usus
2997 1274 3098 1319 est.
3130 1263 3303 1335 Hujus
3323 1276 3519 1322 tamen
3547 1288 3752 1342 quan-

2158 1369 2326 1422 quam
2358 1353 2585 1406 miniine
2606 1350 2902 1426 ignorabat
2926 1351 3201 1419 historias,
3242 1352 3301 1404 in
3325 1353 3507 1410 rebus
3534 1366 3753 1414 tamen

2158 1439 2355 1511 Pyrrhi
2382 1439 2767 1494 tradendisvix
2788 1439 2843 1492 in
2854 1456 3013 1493 usum
3032 1455 3255 1493 vocasse
3270 1438 3524 1497 videtur.
3546 1446 3753 1502 Libro

2156 1526 2334 1595 XIX,
2370 1546 2429 1581 11
2477 1526 2549 1582 ad
2586 1526 3119 1582 commentariorum
3156 1526 3327 1608 ipsius
3369 1530 3525 1603 regis
3554 1542 3751 1605 atque

2156 1614 2397 1668 Proxeni
2414 1614 2799 1669 auctoritatem
2814 1623 3107 1686 provocat.
3131 1612 3347 1684 Quibus
3358 1622 3563 1672 tamen
3588 1638 3743 1676 num

2154 1702 2284 1756 solis
2309 1721 2437 1757 usus
2472 1703 2640 1758 fuerit
2669 1701 2946 1771 sontibus,
2970 1700 3099 1773 jure
3120 1699 3492 1764 dubitaveris,
3537 1707 3743 1765 Immo

2155 1789 2255 1844 nisi
2281 1791 2478 1845 miram
2498 1790 2664 1864 plane
2690 1790 2843 1844 istius
2867 1789 3109 1844 Proxeni
3136 1786 3299 1844 fuisse
3318 1795 3743 1852 auctoritatem

2154 1887 2378 1947 statuas,
2414 1875 2695 1932 Romanos
2741 1871 3065 1949 Dionysium
3108 1891 3368 1932 auctores
3402 1896 3479 1934 eo
3508 1886 3743 1940 certius

2155 1974 2237 2018 est
2256 1976 2508 2020 secutum
2536 1979 2677 2030 esse,
2723 1980 2838 2034 quo
2876 1963 3106 2018 uberius
3131 1964 3199 2018 ab
3241 1965 3305 2018 iis
3332 1963 3406 2018 de
3436 1965 3528 2021 his
3554 1965 3745 2028 rebus

2157 2050 2421 2106 traditum
2469 2068 2580 2105 esse
2620 2047 2860 2106 ridetur.
2896 2050 3134 2106 Accedit
3168 2050 3325 2123 quod
3366 2067 3737 2114 commenta.

2155 2138 2368 2191 riorum
2389 2140 2675 2213 regiorum
2701 2137 3081 2191 testimonium
3101 2138 3158 2190 in
3176 2137 3262 2190 his
3290 2137 3430 2208 ipsis
3450 2136 3741 2212 neglexit,

2153 2225 2212 2278 in
2241 2227 2444 2298 quibus
2470 2243 2635 2300 grave
2674 2223 2811 2278 illud
2843 2226 3097 2297 inprimis
3128 2235 3180 2277 et
3234 2224 3599 2278 luculentum
3628 2227 3736 2282 ha·

2152 2310 2401 2367 bendum
2428 2323 2561 2367 erat.
2585 2313 2813 2384 Eorum
2834 2312 2981 2365 enim
3009 2311 3106 2383 qui
3128 2311 3185 2362 in
3204 2310 3419 2382 proeliis
3442 2329 3477 2366 a
3504 2311 3743 2385 Pyrrho

2154 2419 2282 2454 cum
2306 2401 2576 2456 Romanis
2600 2398 2903 2454 commissis
2922 2398 3246 2464 ceciderint,
3272 2417 3585 2454 numerum
3604 2402 3745 2457 Plu-

2154 2480 2375 2534 tarchus
2418 2481 2493 2535 ita
2541 2477 2836 2545 indicavit,
2895 2485 2961 2530 ut
3012 2478 3268 2549 Dionysii
3322 2479 3729 2536 testimonium

2153 2568 2465 2622 testimonio
2509 2565 2868 2637 Hieronymi,
2910 2564 3100 2637 utqui
3142 2568 3566 2621 commentariis
3611 2569 3736 2624 istis

2152 2671 2276 2708 usus
2304 2654 2513 2721 suisset,
2545 2661 2875 2725 opponeret.
2906 2652 3026 2705 Hos
3053 2659 3236 2704 autem
3263 2651 3310 2705 si
3337 2653 3464 2725 quis
3500 2670 3617 2725 pro
3636 2655 3729 2726 je-

2150 2742 2279 2813 iuna
2308 2740 2551 2815 quadam
2595 2739 2942 2814 singulorum
2987 2739 3261 2793 factorum
3293 2744 3733 2798 enumeratione

2148 2830 2440 2898 babuerit,
2473 2829 2543 2884 ab
2567 2828 2689 2901 ipso
2717 2827 2946 2881 sortasse
2988 2827 3264 2899 Dionysio
3291 2827 3439 2883 XIX
3459 2869 3475 2896 ,
3512 2847 3538 2884 1
3556 2848 3579 2883 1
3633 2849 3728 2886 er-

2146 2918 2289 2974 roris
2316 2916 2698 2973 convincatur.

2225 3022 2250 3047 ι
2267 2999 2354 3052 De
2384 2997 2552 3051 rebus
2588 3013 2620 3051 a
2641 2993 2856 3067 Pyrrho
2893 2995 2953 3047 in
2975 2993 3159 3050 Sicilia
3185 2995 3374 3069 gestis,
3401 2993 3473 3049 de
3517 2997 3729 3069 quibus

2148 3086 2556 3157 Hieronymum
2579 3100 2697 3137 non
2725 3080 2912 3137 minus
2940 3080 3209 3135 credibile
3234 3091 3314 3136 est
3345 3082 3519 3156 egisse
3548 3102 3719 3157 quam

2146 3171 2217 3227 de
2266 3173 2498 3241 Italicis,
2543 3170 2838 3226 observatu
2886 3178 3036 3223 certe
3085 3186 3204 3222 non
3256 3167 3555 3244 indignum
3606 3183 3719 3237 est,

2147 3260 2505 3315 Plutarchum
2530 3278 2579 3316 c.
2612 3261 2840 3321 22-24
2890 3273 3009 3310 non
3044 3253 3334 3311 dissentire
3361 3274 3393 3311 a
3416 3256 3706 3319 Diodoro.

2145 3366 2309 3420 quem
2344 3348 2745 3420 Hieronymum
2796 3344 3147 3419 potissimum
3175 3343 3236 3397 in
3284 3344 3405 3398 aliis
3431 3344 3575 3399 locis
3602 3346 3713 3400 sibi

2144 3434 2344 3489 ducem
2366 3434 2614 3490 sumsisse
2636 3431 3002 3507 cognovimus
3017 3472 3034 3500 ,
3058 3440 3255 3485 contra
3274 3432 3414 3485 alios
3430 3432 3711 3487 Justinum

2144 3531 2399 3575 auctores
2426 3518 2621 3575 sectari
2646 3516 2909 3592 (XXIII,
2944 3515 3036 3590 3),
3066 3518 3173 3571 nisi
3203 3518 3556 3591 negligentiae
3591 3519 3719 3591 ejus

2144 3606 2440 3662 tribuenda
2476 3616 2625 3675 sunt,
2650 3606 2711 3660 in
2750 3603 2955 3678 quibus
2990 3604 3097 3659 alia
3124 3621 3291 3676 quam
3330 3605 3424 3658 ille
3452 3604 3707 3663 tradidit.

2143 3695 2226 3750 Cf.
2258 3695 2499 3751 Diodor.
2525 3694 2726 3761 XXII,
2755 3692 2791 3748 8
2814 3710 2939 3765 sqq.
2959 3702 3013 3747 et
3033 3692 3235 3746 lustin.
3265 3692 3493 3759 XXIII,
3528 3692 3581 3749 3.

2221 3785 2322 3837 «In
2334 3779 3437 3855 expeditionePyrrhiinPeloponnesum
3451 3790 3707 3838 etmorte

2143 3869 2259 3940 ejus
2283 3868 2649 3924 describenda
2674 3885 2812 3923 num
2832 3864 3161 3940 Hieronymi
3181 3868 3534 3940 potissimum
3576 3870 3709 3924 Plu—

2142 3957 2364 4012 tarchus
2381 3957 2605 4030 vestigia
2634 3955 2921 4031 presserit,
2959 3965 3039 4009 est
3066 3954 3294 4009 fortasse
3333 3972 3435 4010 cur
3474 3954 3699 4011 dubite-

2141 4063 2283 4099 mus.
2326 4046 2531 4099 Praeter
2554 4044 2962 4115 Hieronymum
2991 4042 3142 4096 enim
3179 4040 3427 4097 laudavit
3464 4042 3701 4115 Phylar—

2142 4133 2307 4187 chum
2325 4174 2339 4200 ,
2363 4150 2531 4204 quem
2566 4130 2627 4184 in
2658 4129 2836 4203 Agide
2861 4126 2934 4184 'et
2968 4128 3267 4184 Cleomene
3291 4137 3541 4184 secutum
3571 4146 3703 4185 eum

2144 4220 2395 4292 inprimis
2440 4236 2552 4273 esse
2591 4226 2825 4274 constat.
2869 4215 3034 4288 Cujus
3074 4216 3283 4271 rationi
3316 4225 3467 4271 certe
3513 4215 3713 4273 laudes

2143 4316 2521 4359 consentaneae
2545 4315 2704 4373 sunt,
2743 4303 2946 4374 quibus
2972 4302 3123 4375 apud
3162 4303 3525 4358 Plutarchum
3566 4322 3699 4357 mu·-

2143 4394 2341 4447 lierum
2360 4393 2754 4465 Spartanarum
2783 4390 3058 4445 fortitudo
3089 4389 3400 4462 extollitur,
3431 4389 3701 4462 adjuncto

2140 4480 2301 4534 simul
2330 4480 2578 4535 Acrotati
2620 4489 2675 4532 et
2702 4477 3022 4533 Chelonidis
3052 4494 3278 4544 amore,
3315 4494 3554 4550 quaeque
3585 4496 3701 4532 non

2142 4567 2324 4620 minus
2368 4564 2519 4639 apud
2551 4565 2825 4619 Iustinum
2859 4564 3124 4638 (xxm,
3171 4560 3233 4637 4)
3274 4563 3561 4638 leguntur,
3603 4567 3703 4635 qui

2141 4652 2512 4726 Phylarchum
2538 4670 2655 4725 prae
2684 4651 2880 4706 ceteris
2906 4651 3229 4706 auctoribus
3262 4653 3591 4723 expressisse
3618 4652 3705 4704 vi-

2143 4740 2309 4796 detur
2335 4744 2351 4811 (
2352 4738 2420 4816 *.)
2445 4739 2677 4795 Accedit
2721 4738 2881 4811 quod
2910 4738 3087 4812 (Plut.
3106 4756 3154 4795 c.
3181 4737 3284 4810 ²7)
3320 4739 3706 4810 Hieronymus

2200 4900 2265 4961 (⁴¹)
2292 4903 2494 4950 Pausau.
2523 4903 2573 4961 1,
2603 4906 2688 4959 13,
2712 4907 2755 4949 5.
2786 4906 2844 4958 6,
2865 4911 3008 4961 quem
3036 4897 3084 4946 in
3110 4897 3212 4947 aliis
3234 4901 3366 4947 certe
3392 4898 3513 4947 loris
3532 4900 3703 4949 Hiero·

2139 4983 2284 5032 aymo
2303 4982 2440 5019 usum
2465 4982 2566 5020 esse
2582 4972 2787 5029 constat,
2808 4981 2903 5018 non
2923 4966 3177 5017 mulierum
3197 4969 3545 5028 spartanamm
3562 4970 3709 5019 istam

2139 5040 2494 5100 tortitudinem,
2526 5039 2608 5090 sed
2637 5039 2855 5101 Antigoni
2875 5038 3136 5087 adventum
3170 5037 3334 5085 fecisse
3366 5034 3514 5098 dicit,
3542 5040 3599 5088 ut
3642 5040 3709 5088 de

2136 5112 2303 5172 Sparta
2331 5109 2536 5172 Pyrrhus
2558 5109 2793 5160 recederet
