4016 5916
1610 443 2106 505 FRAGMENTA.

337 587 474 658 Quae
497 587 584 640 vel
605 587 682 641 sic
709 583 1020 640 intercedat
1052 583 1196 636 inter
1221 592 1476 636 auctores
1501 578 1816 633 differentia

254 686 317 732 et
353 675 625 729 dissensus
646 691 713 729 ex
741 673 858 745 ipsa
886 670 1075 725 tabula
1098 669 1344 742 colligas,
1386 666 1713 722 Accuratius
1746 664 1817 719 de

253 762 346 822 his
390 761 633 836 disputat
667 759 998 826 Bunsenius,
1042 754 1114 811 ad
1148 773 1316 828 quem
1359 755 1625 809 lectorem
1667 752 1816 808 rele-

252 867 470 922 gamus».
1690 886 1695 890 .

337 934 509 1007 Quod
525 933 768 1007 singulos
789 930 954 1002 hujus
976 929 1242 1002 dynastiae
1262 946 1421 1002 reges
1446 928 1664 1000 attinet,
1686 945 1817 981 mo-

253 1033 527 1078 numenta
566 1019 813 1093 probant
863 1017 967 1071 sub
1012 1035 1190 1091 regno
1233 1015 1520 1070 Sesortesis
1551 1018 1724 1088 primi
1764 1022 1819 1068 et

255 1119 407 1163 artes
448 1107 699 1181 inprimis
726 1104 977 1162 floruisse
1011 1116 1179 1179 atque
1202 1103 1473 1158 ditionem
1497 1103 1643 1156 ultra
1682 1098 1820 1155 fines

256 1195 487 1272 AEgypti
519 1212 624 1268 per
645 1192 885 1248 Nubiam
904 1191 1146 1264 aliasque
1173 1191 1432 1264 regiones
1452 1190 1659 1244 vicinas
1679 1205 1816 1262 per-

257 1284 484 1337 tinuisse
511 1281 592 1356 (v.
630 1282 869 1336 Bunsen.
901 1298 953 1347 p.
987 1277 1173 1350 307.).

337 1369 631 1423 Sesortosis
671 1366 937 1422 secundus
975 1375 1056 1420 est
1104 1365 1324 1419 celeber
1370 1363 1460 1418 ille
1510 1381 1607 1418 rex
1651 1380 1819 1435 quem

255 1456 439 1512 Graeci
487 1455 758 1510 Sesostrin
805 1452 992 1507 dicere
1034 1453 1233 1506 solent.
1273 1448 1572 1523 Maneth0‚
1619 1459 1819 1523 utpote

262 1544 583 1617 AEgyptius‚
606 1543 834 1596 nomine
853 1540 1174 1595 Graecanico
1199 1550 1426 1594 eatenus
1450 1549 1665 1593 tantum
1692 1555 1822 1591 usus

261 1632 464 1699 suerit,
502 1640 775 1703 quatenus
819 1626 1204 1682 demonstrare
1239 1625 1449 1680 studuit
1494 1625 1567 1681 ad
1608 1626 1822 1679 huncce

258 1718 525 1789 dynastiae
551 1715 898 1771 duodecimae
917 1732 1133 1788 regem,
1159 1732 1274 1768 non
1306 1725 1444 1767 vero
1484 1701 1555 1767 ad
1584 1714 1821 1766 Ramsen

259 1804 526 1877 dynastiae
558 1802 1015 1870 undevicesimae,
1039 1802 1135 1872 qui
1164 1799 1317 1855 haud
1344 1801 1418 1854 ita
1441 1800 1680 1854 multum
1696 1810 1823 1854 ante

260 1893 528 1947 Troicum
551 1890 761 1945 bellum
783 1889 951 1957 vixit,
982 1887 1273 1944 referenda
1305 1906 1441 1956 esse,
1470 1906 1593 1960 quae
1621 1887 1693 1942 de
1710 1888 1821 1943 Se-

262 1976 501 2032 sostride
528 1975 679 2051 apud
703 1975 925 2031 Graecos
965 1975 1478 2030 circumferrentur.
1521 1972 1662 2032 Cum
1705 1975 1820 2029 Ma·

263 2065 605 2119 nethoniana
634 2062 929 2117 traditione
966 2061 1340 2118 conferendus
1375 2073 1456 2116 est
1495 2062 1826 2134 Apollonius

263 2149 543 2219 Rhodius,
564 2151 662 2223 qui
691 2150 748 2203 in
766 2151 979 2223 Argon.
998 2151 1092 2218 lV,
1123 2149 1236 2222 259
1258 2168 1383 2222 sqq.
1413 2149 1484 2204 de
1499 2148 1822 2218 Sesostride,

267 2239 368 2293 etsi
409 2255 527 2293 non
566 2236 855 2294 nominato
880 2254 1012 2310 rege
1034 2277 1050 2305 ,
1094 2237 1170 2292 ita
1202 2237 1479 2310 loquitur,
1506 2246 1569 2291 ut
1596 2236 1826 2309 expedi·

268 2326 448 2381 tiones
492 2324 608 2396 ejus
653 2323 926 2395 urbesque
965 2342 1069 2396 per
1112 2326 1295 2379 Asiam
1352 2324 1604 2379 conditas
1641 2324 1829 2379 multis

264 2413 462 2468 seculis
481 2412 823 2484 antiquiores
840 2411 1327 2484 esse'navigatione
1352 2413 1723 2484 Argonautica
1744 2414 1825 2465 in·

271 2492 606 2566 telligantur.
638 2491 895 2546 Ceterum
924 2488 995 2544 de
1024 2488 1349 2544 confusione
1377 2490 1697 2544 Sesostridis
1725 2490 1829 2562 dy-

268 2580 455 2634 nastiae
478 2579 680 2644 tertiae,
712 2578 1066 2652 legislatoris,
1097 2587 1264 2649 atque
1288 2578 1471 2631 Nostri
1499 2588 1555 2631 et
1584 2579 1827 2632 Rames-

268 2666 342 2719 sis
366 2664 581 2738 dynast.
613 2665 755 2720 XIX
780 2664 910 2718 vide
938 2666 1173 2719 Bunsen.
1202 2683 1258 2736 p.
1294 2663 1407 2736 319
1435 2683 1559 2737 sqq.
1596 2667 1674 2719 Ac
1715 2666 1829 2737 ipse

274 2753 499 2808 sortasse
526 2752 913 2807 Eratosthenes
943 2769 1060 2805 non
1097 2750 1169 2806 de
1196 2752 1631 2806 Manethoniano
1662 2769 1822 2825 rege,

273 2841 371 2896 sed
395 2840 466 2895 de
488 2859 556 2894 eo
576 2881 591 2908 ,
623 2858 790 2911 quem
813 2839 989 2894 Graeci
1019 2849 1319 2906 noverant,
1350 2839 1656 2894 Sesostride
1675 2840 1828 2913 cogi·

276 2929 431 2987 tavit.
458 2960 535 2970 —
564 2926 734 3001 Quod
763 2927 1019 2984 Sesostris
1038 2937 1227 2982 noster
1252 2945 1381 2981 cum
1411 2925 1632 2985 Osiride
1668 2946 1828 2982 com-

276 3023 529 3096 ponitur,
561 3021 621 3075 id
666 3021 739 3075 ita
761 3017 1155 3093 explicandum
1194 3036 1307 3073 esse
1334 3017 1580 3087 videtur,
1614 3030 1677 3073 ut
1702 3031 1832 3093 post

275 3108 579 3177 Osiridem,
635 3109 735 3180 qui
780 3126 1002 3162 omnem
1050 3105 1247 3161 orbem
1271 3116 1543 3161 terrarum
1586 3107 1829 3181 subegit,

276 3196 461 3252 nullus
514 3194 682 3249 fuerit
732 3213 831 3249 rex
888 3195 1179 3268 AEgyptius
1197 3234 1211 3261 ,
1259 3195 1355 3266 qui
1405 3194 1583 3268 gloria
1633 3195 1834 3253 bellica

277 3301 406 3339 eum
425 3282 741 3355 aequaverit.
762 3280 929 3353 Quod
946 3280 1017 3337 de
1031 3291 1237 3337 statura
1258 3282 1403 3357 regis
1428 3280 1661 3342 affertur
1681 3284 1841 3359 apud·

282 3369 607 3437 Eusebium,
643 3387 819 3441 quum
870 3370 929 3422 in
963 3368 1227 3423 Africano
1272 3371 1558 3443 Syncellus
1583 3391 1701 3427 non
1748 3374 1831 3427 le-

279 3458 417 3531 gisse
446 3455 721 3523 videatur,
750 3456 977 3509 sortasse
1000 3473 1069 3510 ex
1092 3456 1391 3512 Herodoto
1420 3458 1478 3511 in
1497 3458 1711 3513 fontem
1732 3460 1835 3514 Eu·

279 3543 417 3599 sehii
460 3543 673 3597 illatum
718 3554 799 3596 est
834 3541 1100 3619 (Bunsen.
1146 3561 1204 3616 p.
1259 3542 1367 3599 322
1386 3544 1428 3619 ).
1470 3546 1836 3601 Monumenta

283 3630 446 3702 hujus
485 3630 640 3704 regni
668 3628 975 3683 admodum
1017 3646 1161 3684 rara.
1209 3630 1399 3685 Unum
1432 3642 1615 3687 tamen
1629 3650 1835 3706 super-

284 3729 394 3788 oet,
442 3735 557 3790 quo
609 3716 855 3789 populus
880 3717 1132 3770 virorum
1154 3727 1373 3771 staturae
1415 3735 1665 3791 procerae
1692 3718 1839 3773 albi-

284 3822 394 3878 que
417 3803 652 3870 coloris,
685 3812 964 3875 tamquam
993 3800 1244 3858 devictus
1265 3822 1296 3858 a
1330 3821 1460 3876 rege
1481 3844 1497 3871 ,
1528 3822 1837 3876 repraesen-

286 3902 433 3947 tatur
455 3890 648 3969 {Buns.
682 3907 739 3962 p.
766 3887 931 3964 323).
1776 3948 1783 3955 ,

361 3979 900 4033 Mares-Amenemes
933 3976 1045 4043 111,
1076 3976 1189 4029 sive
1226 3977 1509 4028 Ra-u-ma
1554 3976 1839 4029 Anemen-

287 4064 400 4131 the,
427 4063 727 4136 labyrinthi
761 4072 1093 4129 exstructor,
1122 4060 1274 4134 apud
1308 4062 1699 4115 Manethonem
1735 4080 1839 4115 au-

289 4150 370 4206 dit
392 4152 657 4205 Lemures
680 4150 1030 4222 (Lampares.
1064 4147 1343 4201 Lachares
1358 4148 1403 4222 ).
1428 4149 1596 4219 Quod
1616 4166 1839 4217 nomen,

288 4238 567 4293 Bunseuio
616 4236 834 4307 judice,
880 4237 951 4290 ab
998 4237 1121 4308 ipso
1166 4235 1485 4307 labyrintho
1537 4239 1593 4291 in
1654 4254 1839 4310 regem

291 4323 607 4379 translatum
665 4320 908 4375 videtur.
963 4321 1185 4375 Scilicet
1236 4320 1581 4392 labyrinthus
1628 4324 1837 4377 dictum

294 4411 459 4465 suerit
482 4411 778 4475 Rumor-es,
806 4408 842 4464 i.
873 4425 921 4464 e.
956 4417 1146 4479 porta,
1175 4407 1375 4462 domus
1406 4409 1664 4478 Man-fidis,
1690 4409 1841 4465 unde

294 4496 524 4551 evaserit
552 4493 813 4566 deinceps
842 4496 1123 4549 Lamares.
1144 4493 1404 4548 Diodoro
1429 4498 1484 4563 1,
1513 4498 1580 4550 61
1614 4514 1709 4550 rex
1749 4497 1840 4551 di·-

295 4585 439 4638 citur
455 4583 661 4636 Marus
686 4581 774 4634 vel
798 4582 1055 4646 Mamm
1090 4579 1237 4634 idem
1268 4582 1324 4647 1,
1349 4600 1421 4653 97
1458 4583 1621 4653 (coll.
1652 4584 1711 4653 1,
1736 4582 1839 4657 89)

295 4670 365 4725 ab
384 4670 505 4725 aliis
526 4670 750 4723 Marum
770 4686 978 4741 regem,
999 4666 1071 4720 ab
1094 4666 1214 4721 aliis
1230 4668 1493 4721 Mendem
1516 4666 1575 4739 (i.
1602 4686 1650 4722 e.
1672 4673 1843 4722 Ame-

298 4753 524 4831 nemhe)
551 4756 661 4825 dici
685 4754 876 4813 tradit.
898 4753 1067 4827 Apud
1091 4755 1425 4810 Strabonem
1452 4756 1708 4828 Epitome
1745 4756 1845 4810 ha·-

300 4845 391 4898 bet
418 4838 687 4916 Μαῗνδης,
731 4853 910 4896 textus
954 4852 1144 4896 noster
1186 4840 1427 4915 Ἰμοὶνδης
1471 4851 1525 4896 et
1565 4839 1845 4915 Ἰσμάνδης

302 4931 400 5001 (cf.
423 4932 664 4984 Bunsen.
690 4931 767 4986 11.
791 4929 1005 5002 praefat.
1032 4948 1093 5002 p.
1120 4930 1165 4986 X
1183 4927 1223 5005 ).
1254 4931 1595 5002 Corruptum
1624 4929 1848 4985 Maridis

302 5035 503 5072 nomen
532 5018 695 5071 etiam
719 5016 869 5089 apud
906 5017 1143 5071 Plinium
1173 5036 1286 5071 esse
1313 5017 1536 5072 videtur
1563 5020 1619 5071 in
1666 5020 1735 5074 Η.
1778 5019 1846 5075 Ν.

301 5104 565 5172 XXXVI,
594 5123 641 5157 c.
684 5102 773 5171 13,
794 5104 892 5157 ubi
920 5105 1121 5177 Lyceas
1134 5106 1447 5159 Naucratita
1473 5105 1849 5177 labyrinthum

301 5190 493 5255 dixisse
523 5190 697 5245 fertur
718 5192 1035 5264 sepulcrum
1064 5192 1337 5249 Moeridis,
1370 5194 1625 5247 Ceterum
1657 5192 1728 5247 de
1769 5196 1849 5247 la·

3354 450 3468 500 565

1905 575 2174 648 byrintho
2250 593 2343 630 use
2393 574 2608 630 disserit
2653 575 2892 630 Bunsen.
2937 593 2995 646 p.
3061 571 3344 642 327·3-'40·
3389 601 3468 613 —-

1906 662 2077 734 Quod
2118 662 2189 718 de
2230 659 2657 736 Scemiophride
2704 660 3213 735 (Sebeknophride‚
3247 670 3311 714 ut
3332 662 3469 715 scri·

1906 748 2155 804 bendum
2179 758 2336 822 putat
2357 747 2571 821 Frui‘n.)
2596 766 2780 803 sorore
2799 765 2889 819 ap.
2916 748 3308 801 Manethonem
3331 746 3474 801 Afri-

1907 837 2031 890 cani
2062 837 2246 908 legere
2272 845 2381 908 est,
2401 852 2654 890 errorem
2686 852 2801 889 esse
2826 846 3228 906 excerptorum
3259 835 3472 890 ssunse-

1910 922 2033 975 nius
2059 933 2237 995 putat.

2185 1082 2462 1137 DECIMA
2503 1079 2776 1137 TERTIA
2819 1081 2964 1134 DYN
2973 1079 3202 1136 ASTIA.

2646 1224 2737 1279 38.

2249 1349 2644 1404 SECUNDUM
2690 1348 3008 1402 AFRICAN
3020 1348 3060 1402 U
3072 1348 3122 1401 M
3132 1390 3144 1403 .

1988 1479 2276 1552 Syncellus
2291 1497 2354 1552 p.
2376 1478 2412 1533 6
2424 1498 2443 1532 1
2458 1519 2473 1548 ,
2491 1482 2537 1534 Α
2559 1495 2572 1535 2
2590 1478 2639 1535 Τ
2643 1473 3012 1556 ρισκαιδικάτη
3026 1473 3300 1532 δυναστεία
3321 1479 3476 1533 Aaou·

1910 1565 2134 1621 πολιτῶν
2160 1561 2418 1642 βασιλέων
2460 1562 2523 1633 ξ’,
2563 1560 2613 1621 οἳ
2666 1560 3009 1620 ἐὸασίλευσαν
3046 1560 3137 1632 ἔτη
3186 1561 3297 1639 υνγ’
3349 1561 3369 1640 [
3398 1565 3476 1618 sic

1911 1653 2039 1714 cod.
2059 1654 2134 1722 B;
2162 1650 2276 1730 ρπδ’
2298 1652 2428 1710 cod.
2463 1653 2508 1709 A
2533 1662 2586 1707 et
2613 1652 2807 1720 Goar.‚
2833 1653 2932 1724 ‘lui
2956 1650 3186 1724 quidem
3215 1668 3481 1706 numerus

1911 1758 1978 1796 ex
1998 1750 2263 1813 sequente
2286 1739 2419 1813 dyn.
2445 1740 2556 1794 huc
2573 1737 2976 1813 aberraverit}

2649 1867 2740 1940 39.

2287 1993 2684 2050 SECUNDUM
2731 1993 3112 2050 EUSESIUM.

1996 2122 2196 2176 Euseb.
2227 2121 2434 2176 Chron.
2488 2140 2542 2193 p.
2585 2141 2661 2194 99
2696 2139 2709 2174 ε
2745 2121 2932 2174 Tertia
2958 2120 3181 2175 decima
3218 2121 3483 2191 (hausein

1916 2208 2349 2281 Diospolitarum
2409 2210 2520 2262 LX
2566 2227 2755 2281 regum
2772 2248 2787 2274 ,
2831 2213 2928 2281 qui
2980 2219 3282 2278 tegmtrum
3319 2213 3485 2260 anuis

1919 2295 2276 2351 CCCCLIII
2301 2295 2318 2367 (
2339 2294 2448 2362 454
2490 2296 2774 2351 Samuelis.
2793 2293 2836 2370 ).

1995 2382 2265 2438 Eusebius
2307 2384 2547 2456 Syncelli
2581 2383 2652 2438 ad
2679 2382 2916 2437 verbum
2947 2380 3140 2436 eadem
3183 2381 3354 2434 habet
3394 2391 3480 2433 at-

1919 2487 2031 2542 que
2059 2468 2368 2527 Africanus.

2000 2549 2068 2601 In
2091 2549 2377 2620 Excerptis
2419 2549 2681 2603 Barbaris
2707 2549 2835 2602 loco
2861 2545 3199 2602 duodecimo
3243 2545 3481 2618 ponitur

1913 2646 2157 2707 potestas
2185 2635 2621 2688 Bubus-canorum
2667 2653 2797 2687 cum
2819 2634 2975 2690 annis
3009 2633 3189 2690 CLIII
3231 2629 3478 2706 (453?).

1918 2722 2054 2792 Quae
2081 2721 2191 2775 huc
2215 2720 2442 2776 sortasse
2463 2720 2756 2775 referenda
2780 2731 2877 2776 est.
2897 2722 2962 2776 V.
2987 2719 3215 2774 Boeckh.
3244 2737 3302 2791 p.
3345 2737 3365 2772 1
3381 2717 3476 2772 56.

2000 2806 2089 2862 Ad
2112 2807 2256 2862 hanc
2289 2807 2595 2881 dynastiam
2626 2808 2935 2862 Bunsenius
2979 2808 3261 2880 pertinere
3301 2816 3485 2860 censet

1924 2894 2303 2950 Eratosthenis
2329 2913 2487 2971 reges
2514 2905 2848 2970 postremos.

2660 3029 2754 3087 [00.

2411 3151 3002 3216 ERATDSTRENES.

2000 3281 2290 3355 syncellus
2309 3278 2630 3355 chronogr.
2663 3300 2722 3354 p.
2766 3282 2872 3335 123
2901 3299 2916 3335 ε

2006 3368 2264 3426 xxxvl.
2310 3365 2565 3435 Θηὸαίων
2589 3364 2673 3434 λς’
2693 3364 2996 3423 ἐὸασίλιυσι
3015 3363 3257 3443 Easdem
3289 3364 3483 3441 (Bam.

1926 3454 2231 3532 Σιφθᾶς),
2264 3452 2325 3529 [ὁ
2367 3452 2455 3509 καὶ
2505 3450 2745 3530 Ἑρμῆς]
2793 3451 2900 3517 υἱὸς
2943 3448 3262 3529 Ἡφαίστου,
3302 3448 3393 3519 ἔτη
3428 3448 3488 3507 ε’.

1924 3542 2034 3599 Τοῦ
2061 3539 2116 3597 δὲ
2145 3540 2342 3615 κόσμου
2370 3531 2433 3605 ἦν
2454 3538 2563 3605 ἔτος
2584 3538 2760 3617 psum&

2003 3628 2275 3684 XXXVI.
2352 3625 2450 3701 (Ρ.
2517 3626 2684 3699 147.)
2733 3622 2991 3694 Θηδαίων
3040 3624 3116 3689 λζ’
3186 3622 3490 3680 ἕδασίλευσε

1927 3718 1986 3775 Φ
2004 3713 2257 3792 ρουορῶ
2296 3713 2502 3785 (Buns.
2535 3708 2789 3788 Φουορῶ)
2811 3710 2923 3780 ἤτοι
2948 3712 3148 3783 Νεῖλος,
3173 3708 3261 3781 ἔτη
3287 3709 3326 3767 ε’
3351 3714 3489 3785 (scr.

1931 3805 1988 3863 20'
2007 3804 2047 3881 ).
2076 3804 2188 3861 Τοῦ
2218 3799 2271 3857 δὲ
2292 3788 2577 3871 κόσμουῆν
2603 3797 2711 3864 ἔτος
2733 3796 2988 3881 ,γωγωπΝ
3021 3798 3155 3873 (scr.
3181 3797 3428 3875 ,γωγωζῖἴ
3449 3796 3487 3873 ).

2012 3889 2310 3951 xxxvn.
2357 3885 2610 3957 Θηὸαίων
2634 3886 2720 3955 λη’
2767 3884 3070 3943 ἐδασίλευσε
3094 3885 3494 3963 Ἀμουθαρταῖος

1931 3980 2124 4055 (Buns,
2167 3972 2580 4051 Ἀμυντιμαῖος),
2602 3970 2692 4043 ἔτη
2723 3970 2812 4047 Εγ’.
2841 3974 2950 4032 Τοῦ
2987 3971 3041 4029 δὲ
3063 3972 3261 4046 κόσμου
3288 3962 3353 4042 ἦν
3385 3970 3493 4036 ἔτος

1931 4074 2062 4143 ,γπι
2098 4061 2133 4123 ’.

2011 4087 2233 4230 Σιγφθᾶς,
2283 4151 2321 4204 i.
2369 4168 2417 4206 e.
2469 4149 2720 4222 si-ptale‚
2767 4147 2911 4203 filius
2959 4149 3258 4222 Hephaesti.
3310 4147 3494 4202 Verba

1930 4242 1957 4296 ὁ
1985 4238 2075 4295 καὶ
2101 4235 2304 4314 Ἑρμῆς
2325 4238 2425 4291 nisi
2455 4237 2723 4311 glossema
2747 4245 2894 4303 sunt,
2917 4248 3045 4308 post
3071 4234 3177 4298 υἱὸς
3200 4232 3491 4313 Ἡφαίστου

1938 4326 2227 4401 ponenda.
2259 4355 2334 4367 —-
2362 4324 2604 4399 Φουορῶ,
2623 4326 2660 4377 i.
2679 4322 2959 4397 e.ph-1‘or,
3000 4324 3027 4378 ὁ
3051 4322 3256 4388 Νεῖλος.
3283 4323 3494 4377 —Nm

1940 4434 2069 4468 meu
2101 4414 2247 4485 regis
2273 4413 2540 4485 postremi
2563 4407 2924 4483 Ἀμυντιμαῖος
2959 4410 3030 4482 (i.
3050 4429 3103 4465 e.
3126 4411 3200 4464 ab
3229 4414 3490 4473 ducente,

1944 4500 2234 4555 Ammonis
2246 4516 2440 4566 uxore,
2454 4498 2618 4551 datus
2630 4497 2894 4569 ),scripsit
2905 4498 3227 4553 Bunsenius.
3241 4495 3497 4551 Statueus

1933 4589 2082 4641 enim
2136 4586 2336 4639 seriem
2383 4585 2853 4639 Eratosthenicam
2875 4626 2891 4652 ,
2938 4584 3157 4656 qualem
3207 4584 3496 4656 Syncellus

1935 4672 2114 4735 dedit,
2140 4672 2422 4745 pertinere
2436 4689 2613 4743 usque
2633 4670 2705 4725 ad
2730 4682 2944 4743 tempus
2988 4689 3102 4743 quo
3141 4681 3299 4725 vetus
3331 4672 3493 4744 AEgy·

1935 4762 2180 4833 ptiorum
2206 4777 2437 4832 regnum
2457 4758 2815 4813 aPastoribus
2824 4758 3151 4813 dissolutum
3173 4770 3271 4825 est,
3291 4777 3496 4813 nomen

1936 4848 2082 4921 regis
2121 4848 2387 4919 postremi
2425 4864 2455 4901 e
2501 4846 2749 4918 Josepho
2786 4844 3100 4899 eruendum
3146 4863 3258 4899 esse
3309 4857 3492 4917 putat.

1937 4935 2158 4989 Scilicet
2186 4952 2360 5006 quum
2402 4933 2473 4988 de
2507 4943 2791 5006 pastorum
2816 4932 3100 4987 invasione
3121 4932 3355 5004 loquens
3373 4932 3498 4986 Ma-

1946 5020 2117 5075 n’etho
2138 5039 2226 5092 ap.
2260 5020 2489 5092 Josepli.
2521 5021 2586 5074 C.
2619 5020 2826 5092 Apion.
2851 5018 3038 5072 dicat:
3077 5015 3321 5093 Ἐγένετο
3347 5020 3492 5094 βασι·

1939 5105 2053 5170 λεὺς
2082 5109 2208 5179 ἡμῖν
2231 5103 2435 5181 Τίμαος
2483 5104 2741 5179 (Τίμαιος
2769 5106 3000 5177 Euscb.)
3028 5104 3209 5179 ὄνομα,
3258 5108 3362 5179 legi
3393 5125 3494 5178 pr«.

1940 5196 2027 5249 his
2049 5195 2166 5249 vult
2190 5214 2204 5248 ι
2241 5190 2440 5269 ἐγένετο
2465 5189 2707 5267 βασιλεὺς
2724 5189 3067 5266 Ἀμυντίμαος
3104 5190 3496 5267 maenium<
