4016 5916
1707 354 2204 417 FRAGMENTA.

3376 370 3482 423 431

289 486 486 546 ἵππων·
540 486 831 563 πέμπτοι
872 487 917 544 δ’
968 484 1234 563 ἆρμάτων·
1287 484 1470 543 ἕκτοι
1526 483 1580 542 δὲ
1634 482 1855 564 ἔλεφάν-
1950 484 2118 564 ἐκείνῃ
2144 485 2228 544 τὸν
2265 490 2396 566 θῆρα
2425 485 2686 559 ἰθύνοντα,
2716 490 2782 551 ὡς
2823 485 2960 545 οἴακι
2989 491 3111 545 ναῧν
3140 486 3512 567 κυὸερνητικὸν

298 600 417 634 των.
450 574 724 636 Βασιλικοί
750 597 803 632 τε
834 573 1053 649 σταθμοὶ
1080 572 1170 631 καὶ
1196 568 1373 638 ἵπποις
1395 570 1484 631 καὶ
1508 570 1723 652 θηρίοις·
1758 576 1854 651 βα·

298 662 495 720 σιλικὸν
522 661 574 719 δὲ
599 661 688 719 καὶ
715 659 1110 742 ὁπλοφυλάκιον·
1134 659 1456 741 παραδίδωσι
1478 658 1581 739 γὰρ
1624 662 1652 716 ὁ
1694 681 1858 739 στρα-

299 749 488 822 τιώτης
518 748 611 821 τήν
653 772 711 809 τε
748 747 936 819 σκευὴν
988 750 1059 815 εἰς
1106 746 1166 805 τὸ
1213 745 1590 826 ὁπλοφυλάκων
1638 745 1727 804 καὶ
1767 745 1855 803 τὸν

296 835 457 894 ἵππον
487 838 554 902 εἷς
582 835 666 894 τὸν
690 836 903 893 ἱππῶνα
933 833 1022 893 καὶ
1057 834 1116 892 τὸ
1144 832 1317 915 θηρίον
1357 832 1564 909 ὁμοίως.
1612 835 1857 912 Χρῶνται

298 925 344 981 δ’
364 923 699 1002 ἀχαλινώτοις
716 945 730 959 ·
745 920 810 979 τὰ
830 923 873 979 δ’
891 919 1104 1000 ἅρματα
1121 923 1172 979 ἐν
1193 925 1304 989 ταῖς
1323 923 1452 986 ὁδοῖς
1478 921 1590 999 βόες
1604 918 1856 979 ἕλκουσιν·

301 1005 348 1059 οἱ
380 1004 431 1060 δὲ
458 1000 612 1059 ἵπποι
642 1000 744 1058 ἀπὸ
773 999 984 1082 φορὸιᾶς
1013 999 1226 1078 ἄγονται
1258 1005 1346 1058 τοῦ
1378 997 1451 1076 μὴ
1482 999 1855 1079 παρεμπίπρα·

302 1094 420 1147 σθαι
462 1087 526 1146 τὰ
563 1089 721 1159 σκέλη
754 1085 884 1164 μηδὲ
913 1086 971 1144 τὸ
999 1085 1258 1167 πρόθυμον
1286 1087 1454 1144 αὐτῶν
1493 1087 1592 1143 ὑπὸ
1627 1094 1731 1153 τοῖς
1759 1085 1858 1167 ἅρ-

303 1198 461 1251 μασιν
487 1174 864 1250 ἀμὸλύνεσθαι.
895 1171 1009 1241 Δύα
1027 1173 1070 1232 δ’
1098 1175 1225 1232 εἰσὶν
1250 1173 1333 1231 ἐπὶ
1357 1177 1430 1253 τῷ
1469 1172 1665 1254 ἅρματι
1688 1196 1858 1254 παρα-

303 1262 459 1319 cutm
480 1262 605 1339 πρὸς
621 1261 813 1340 ἡνιόχῳ
829 1284 840 1296 ·
861 1264 887 1318 ὃ
908 1260 962 1318 δὲ
984 1265 1073 1318 τοῦ
1100 1260 1369 1341 ἐλέφαντος
1388 1259 1585 1340 ἡνίοχος
1600 1260 1859 1340 τέταρτος,

298 1352 432 1426 τρεῖς
456 1348 497 1405 δ’
524 1351 570 1406 οἱ
600 1346 688 1404 ἀπ’
720 1350 877 1405 αὐτοῦ
903 1345 1203 1415 τοξεύοντες.
1232 1347 1501 1423 Sequitur
1524 1358 1719 1426 fragm.
1759 1369 1854 1408 αα.

298 1443 383 1494 De
425 1441 645 1494 ratione
675 1458 785 1511 qua
827 1457 1002 1511 equos
1031 1450 1086 1493 et
1121 1439 1446 1513 elephantos
1473 1439 1602 1494 Indi
1631 1448 1857 1512 regant,

300 1526 556 1599 pluribus
585 1527 699 1599 agit
724 1525 973 1580 AElianus
1000 1525 1146 1580 XIII
1164 1567 1180 1595 ,
1214 1544 1281 1599 9,
1311 1526 1407 1598 qui
1448 1525 1859 1599 megasthenem

296 1614 499 1686 procul
553 1613 730 1668 dubio
788 1614 1079 1687 exscripsit
1134 1630 1148 1666 :
1174 1610 1390 1669 ’Ἵππον
1441 1609 1494 1667 δὲ
1545 1609 1646 1687 ἄρα
1695 1609 1861 1668 Ἰνδὸν

298 1706 582 1776 κατασχεῖν
630 1698 718 1754 καὶ
755 1698 1071 1777 ἀνακροῦσαι
1103 1699 1453 1776 προπηδῶντα
1496 1696 1585 1755 καὶ
1620 1696 1859 1754 ἐκθέοντα

299 1786 357 1843 οὖ
385 1785 573 1850 παντὸς
604 1776 683 1856 ἦν,
729 1784 864 1842 ἀλλὰ
890 1787 990 1842 τῶν
1024 1788 1083 1843 ἐκ
1111 1784 1294 1851 παιδὸς
1332 1783 1545 1843 ἱππείαν
1578 1785 1859 1842 πεπαιδευ-

302 1871 488 1948 μένων.
520 1875 570 1931 Τ
575 1877 693 1928 οῦτο
717 1870 817 1950 γὰρ
848 1873 1019 1937 αὐτοῖς
1049 1870 1188 1930 ἔστιν
1214 1874 1265 1929 ἐν
1296 1869 1427 1945 ἔθει,
1456 1873 1658 1950 χαλινῷ
1684 1869 1860 1948 ἄρχειν

304 1964 473 2021 αὐτῶν
504 1962 592 2019 καὶ
620 1962 876 2041 ῥυθμίζειν
909 1962 1089 2029 αὐτοὺς
1116 1962 1204 2021 καὶ
1230 1962 1432 2021 ἰθύνειν·
1467 1967 1649 2040 κημοῖς
1679 1961 1732 2020 δὲ
1763 1961 1862 2040 ἄρα

305 2056 606 2131 κεντρωτοῖς
642 2048 929 2108 ἇκόλαστόν
954 2073 1011 2108 τε
1040 2049 1215 2130 ἔχουσι
1245 2049 1340 2122 τὴν
1368 2053 1623 2130 γλῶτταν,
1651 2049 1741 2109 καὶ
1768 2048 1862 2122 τὴν

306 2138 547 2218 ὑπερῴαν
593 2135 958 2196 άὸασάνιστον·
1015 2137 1363 2215 ἀναγκάζουσι
1409 2138 1463 2198 δὲ
1504 2139 1686 2205 αὐτοὺς
1727 2135 1865 2215 ὅμως

307 2224 412 2283 οἵδε
454 2227 500 2282 οἱ
530 2224 622 2295 τὴν
652 2225 867 2283 ἱππείαν
897 2226 1138 2307 σοφισταὶ
1180 2228 1506 2308 περικυκλεῖν
1532 2228 1621 2285 καὶ
1670 2227 1863 2305 περιδι-

307 2316 503 2371 νεῖσθαι
543 2313 593 2379 ἐς
620 2311 808 2370 ταύτὸν
843 2312 1240 2395 στρεφομένους,
1262 2314 1351 2372 καὶ
1392 2306 1525 2393 ᾗπερ
1550 2304 1680 2372 εἶδον
1710 2311 1862 2371 ἀστό-

310 2423 455 2476 μους.
488 2402 582 2459 Δεῖ
605 2396 658 2457 δὲ
679 2399 779 2479 ἄρα
810 2403 883 2480 τῷ
906 2406 1056 2459 τοῦτο
1085 2399 1323 2479 δράσοντι
1348 2400 1436 2459 καὶ
1461 2400 1639 2481 ῥώμης
1656 2403 1864 2479 χειρῶν,

309 2487 397 2545 καὶ
423 2485 711 2562 ἐπιστήμης
735 2478 792 2546 εὗ
822 2486 963 2564 μάλα
990 2490 1224 2560 ἱππικῆς.
1250 2491 1543 2567 Πειρῶνται
1566 2487 1620 2546 δὲ
1644 2491 1690 2546 οἱ
1711 2486 1866 2568 προή·

310 2597 481 2641 κοντες
504 2577 574 2643 εἰς
599 2574 755 2655 ἄκρον
778 2577 935 2647 τῆσδε
964 2579 1055 2648 τῆς
1087 2575 1266 2655 σοφίας
1293 2575 1385 2634 καὶ
1411 2573 1554 2656 ἅρμα
1585 2574 1745 2642 οὕτως
1771 2598 1865 2634 πε·

313 2664 567 2741 ρικυκλεῖν
592 2663 681 2720 καὶ
707 2660 990 2744 περιάγειν·
1008 2662 1087 2734 εἴη
1106 2664 1150 2720 δ’
1171 2661 1234 2722 ἂν
1256 2656 1407 2731 ἆθλος
1431 2664 1524 2722 οὐκ
1546 2661 1870 2742 εὐκαταφρό-

309 2772 483 2821 νητος,
510 2749 789 2828 ἁδηφάγων
817 2748 994 2810 ἵππων
1017 2749 1267 2829 τέτρωρον
1288 2749 1642 2831 περιστρέφειν
1664 2749 1866 2830 ῥαδίως.

311 2835 472 2915 Φέρει
493 2835 545 2894 δὲ
569 2835 628 2894 τὸ
649 2835 792 2915 ἅρμα
813 2835 1123 2919 παραὸάτας
1145 2836 1233 2895 καὶ
1262 2835 1371 2898 δύο.
1393 2836 1459 2896 Ὁ
1477 2837 1528 2895 δὲ
1551 2835 1871 2918 στρατιώτης

314 2923 495 2999 ἐλέφας
523 2921 606 2981 ἐπὶ
630 2928 719 2981 τοῦ
745 2923 1063 3001 καλουμένου
1088 2922 1340 3006 θωρακίου
1358 2970 1374 2999 ,
1401 2925 1433 2994 ἢ
1459 2921 1548 2981 καὶ
1571 2922 1633 2994 νὴ
1658 2922 1757 2984 Δία
1779 2928 1868 2981 τοῦ

319 3009 475 3069 ιώτου
512 3016 706 3089 γυμνοῦ
750 3011 838 3070 καὶ
880 3012 1171 3095 ἐλευθέρου,
1209 3011 1525 3088 πολεμιστὰς
1566 3010 1658 3089 μὲν
1708 3019 1868 3091 τρεῖς,

315 3100 439 3178 παρ’
472 3098 693 3178 ἑκάτερα
723 3098 1036 3177 βάλλοντας,
1072 3100 1161 3159 καὶ
1188 3100 1272 3158 τὸν
1310 3100 1479 3178 τρίτον
1517 3100 1752 3158 κατόπιν·
1784 3098 1863 3158 τέ-

318 3207 494 3264 ταρτον
534 3185 586 3242 δὲ
629 3185 717 3243 τὸν
758 3186 852 3257 τὴν
883 3187 1052 3266 ἅρπην
1083 3187 1370 3268 κατέχοντα
1415 3187 1499 3245 διὰ
1535 3192 1745 3269 χειρῶν,
1777 3188 1869 3245 καὶ

316 3351 552 3411 beantes,
577 3366 791 3401 seor-*um
832 3369 954 3403 nova
988 3370 1015 3404 a
1046 3357 1318 3406 veteribus:
1354 3370 1465 3418 quae
1485 3358 1568 3419 qui
1604 3357 1875 3419 miscuerit,

330 3429 532 3477 multam
556 3431 799 3492 persolvit.
832 3433 965 3481 sexti
991 3434 1039 3480 ct
1057 3433 1212 3482 ultimi
1245 3434 1547 3483 venditarum
1568 3447 1728 3483 rerum
1753 3434 1878 3483 deci-

330 3518 435 3557 mas
453 3506 647 3567 exigunt
690 3525 702 3556 =
731 3509 778 3557 et
809 3509 891 3570 qui
928 3509 1145 3571 vectigali
1180 3510 1524 3573 rempublicam
1556 3510 1876 3575 defraudat-it,

331 3582 485 3645 capite
502 3583 741 3645 plectitur.
808 3589 875 3633 Ac
901 3585 1122 3645 privatim
1149 3586 1341 3649 quidem
1364 3587 1533 3649 singuli
1549 3588 1656 3637 boec
1672 3591 1873 3650 curant,

317 3658 508 3721 publice
540 3672 656 3708 vero
690 3664 737 3709 et
762 3660 949 3723 privata
970 3664 1017 3711 et
1042 3662 1198 3712 civilia
1229 3665 1277 3714 et
1301 3665 1543 3727 publicam
1600 3665 1874 3729 supellecti-

317 3737 411 3786 lem
434 3741 484 3787 et
502 3741 660 3801 pretia
687 3742 734 3786 et
758 3742 912 3788 iorum
932 3742 979 3789 et
1004 3744 1168 3803 portus
1192 3744 1240 3792 et
1262 3756 1416 3794 sacra.

378 3816 488 3863 Post
515 3813 647 3863 urbis
671 3815 921 3875 praefectos
950 3819 1021 3866 cst
1051 3820 1248 3868 tertium
1283 3819 1564 3882 collegium,
1587 3820 1715 3883 quod
1750 3821 1875 3870 circa

316 3904 417 3939 rem
436 3891 692 3941 militarem
712 3896 945 3956 versatur,
964 3894 1023 3943 ad
1047 3894 1251 3945 cundem
1286 3896 1481 3946 modum
1500 3898 1549 3946 in
1579 3899 1873 3960 quinternio·

321 3981 405 4015 nes
422 3982 503 4017 sex
519 3969 743 4029 divisum,
760 3984 967 4032 quorum
987 3986 1138 4021 unum
1159 3973 1425 4036 adjungunt
1443 3974 1606 4023 classis
1624 3976 1874 4036 praetect03

319 4044 581 4093 secuudum
614 4046 688 4105 ei,
729 4047 811 4109 qui
848 4048 1001 4098 bobus
1034 4052 1234 4112 praeest,
1267 4050 1445 4113 quibus
1468 4050 1785 4100 instrumenta
1821 4054 1870 4101 et

323 4119 502 4169 cibaria
518 4123 566 4169 et
589 4122 683 4171 alia
702 4124 883 4173 militiae
903 4127 1163 4175 necessaria
1179 4130 1448 4189 portantur.
1462 4127 1614 4177 Iidem
1634 4128 1875 4177 ministros

324 4198 569 4261 praebent,
588 4201 670 4263 qui
689 4202 927 4265 tympanis
950 4206 998 4254 et
1015 4205 1348 4254 tintinnabulis
1367 4207 1587 4266 utuntur,
1610 4206 1723 4255 item
1748 4207 1858 4267 equi

320 4289 461 4326 sones
477 4279 525 4326 et
553 4280 886 4330 machinarum
908 4283 1066 4333 fabros
1084 4321 1097 4343 ,
1122 4287 1169 4331 et
1196 4283 1367 4331 horum
1388 4283 1608 4332 famulos.
1631 4286 1777 4332 Porro
1795 4296 1875 4346 pa·

320 4353 559 4406 bulatores
578 4357 856 4419 pabulatum
877 4361 937 4409 ad
958 4363 1331 4410 tintinnabulum
1353 4362 1578 4420 mittunt,
1608 4363 1805 4422 praemio
1832 4365 1880 4411 et

318 4432 550 4494 supplicio
587 4435 880 4485 celeritatem
904 4443 951 4488 et
986 4439 1290 4488 securitatem
1310 4453 1392 4488 eos
1425 4437 1876 4489 condocefecienteS.

321 4508 468 4558 Tertii
488 4510 702 4571 peditum
722 4525 889 4562 curam
907 4514 1113 4575 babent3
1132 4515 1289 4577 quarti
1314 4528 1566 4577 equorum,
1591 4515 1745 4578 quinti
1765 4529 1871 4563 cur-

252 4577 262 4587 ’
324 4599 490 4646 ruum,
510 4588 631 4637 sexti
645 4588 1023 4653 elephantorum.
1045 4591 1189 4654 Equis
1207 4604 1263 4640 ac
1285 4591 1453 4640 ceteris
1470 4592 1632 4641 bestiis
1647 4592 1772 4654 regia
1786 4596 1877 4641 sta·

322 4660 439 4710 bula
461 4665 574 4712 sunt
596 4679 609 4711 :
634 4668 707 4715 est
725 4665 869 4716 etiam
891 4669 1071 4730 regium
1094 4668 1533 4729 armamentarium,
1557 4670 1606 4718 in
1627 4683 1723 4732 quo
1744 4684 1877 4720 arma

325 4737 660 4792 adservantur.
684 4746 802 4793 Nam
814 4747 948 4795 miles
966 4746 1261 4794 armaturam
1282 4745 1329 4794 in
1341 4748 1759 4798 armamentarium
1774 4750 1874 4799 red·

323 4814 410 4877 dit,
438 4830 618 4881 equum
648 4821 695 4869 in
714 4822 891 4883 equile,
916 4821 1223 4886 elephantum
1254 4823 1302 4871 in
1322 4836 1462 4872 suum
1483 4824 1595 4873 item
1618 4826 1876 4876 stabulum.

328 4892 413 4942 His
434 4896 641 4947 utuntur
658 4897 939 4949 infrenibus.
1006 4902 1190 4950 Currus
1203 4914 1231 4948 a
1249 4900 1404 4967 bobus
1425 4901 1473 4950 in
1494 4900 1662 4952 itinere
1681 4903 1881 4954 trahun-

328 4972 408 5018 tur
419 4986 436 5032 ;
459 4973 572 5034 equi
590 4975 797 5036 capistro
811 4975 1073 5040 ducuntur,
1094 4990 1155 5027 ne
1172 4977 1351 5026 femora
1368 4980 1586 5027 curribus
1602 4979 1880 5040 iunctorum

327 5045 618 5112 intertrigine
636 5051 888 5116 laedantur,
905 5068 1026 5104 nere
1044 5068 1211 5105 eorum
1232 5056 1524 5106 alacritatem
1548 5072 1717 5108 currus
1738 5059 1883 5110 bebe-

1949 571 2112 652 ἄνδρα
2135 574 2224 632 καὶ
2251 573 2532 646 ἐπιστάτην
2558 579 2646 645 τῆς
2666 573 2807 641 νεώς.

2126 764 2135 772 ,
2678 709 2770 778 37.

2028 824 2229 879 Strabo
2269 824 2396 898 XV,
2443 829 2549 893 704
2597 821 2883 896 (pra-cedit
2926 821 3224 896 fragmenti
3274 822 3346 878 36
3394 825 3510 879 ini-

1950 913 2125 988 tium)
2153 932 2166 967 ι
2192 909 2385 969 Ἵππον
2429 908 2483 967 δὲ
2528 908 2618 967 καὶ
2647 907 2900 989 ἐλέφαντα
2931 910 3130 991 τρέφειν
3178 913 3270 970 οὐκ
3317 907 3508 977 ἔξεστιν

1949 997 2147 1076 ἰδιώτῃ·
2172 996 2436 1076 βασιλικὸν
2458 996 2501 1054 δ’
2521 995 2761 1075 ἑκάτερον
2785 996 3083 1075 νενόμισται
3099 998 3157 1058 τὸ
3181 1004 3358 1078 κτῆμα
3380 1046 3396 1080 ,
3418 1001 3508 1058 καὶ

1949 1085 2076 1145 εἰσὶν
2103 1086 2271 1143 αὐτῶν
2297 1083 2631 1160 ἐπιμεληταί.

2026 1171 2182 1250 Θήρα
2229 1171 2282 1230 δὲ
2312 1174 2413 1228 τῶν
2444 1171 2632 1250 θηρίων
2669 1171 2863 1230 τούτοιν
2892 1173 3082 1235 τοιάδε.
3113 1173 3316 1254 Χωρίον
3358 1175 3508 1256 ψιλὸν

1950 1257 2068 1317 ὅσον
2092 1259 2350 1340 τεττάρων
2387 1257 2420 1328 ἢ
2445 1258 2597 1317 πέντε
2619 1258 2838 1317 σταδίων
2864 1258 3040 1342 τάφρῳ
3064 1262 3506 1343 περιχαράξαντες

1954 1346 2132 1426 βαθείᾳ
2151 1392 2166 1421 ,
2197 1352 2474 1427 γεφυροῦσι
2499 1345 2590 1416 τὴν
2621 1346 2816 1405 εἴσοδον
2837 1348 3132 1428 στενωτάτῃ
3158 1351 3352 1431 γεφύρᾳ
3375 1375 3386 1387 ·
3416 1342 3508 1409 εἶτ’

1951 1436 2216 1514 εἶσαφιᾶσι
2246 1433 2451 1506 θηλείας
2494 1433 2587 1501 τὰς
2631 1434 2972 1514 ἡμερωτάτας
3014 1446 3147 1515 τρεῖς
3178 1436 3211 1508 ἢ
3237 1439 3507 1519 τέτταρας·

1952 1519 2098 1578 αὐτοὶ
2128 1521 2174 1577 δ’
2200 1522 2252 1578 ἐν
2280 1519 2548 1588 καλυὸίοις
2575 1529 2816 1598 κρυπτοῖς
2853 1523 3202 1595 ὗποκάθηνται
3231 1528 3512 1605 λοχῶντες·

1950 1607 2148 1687 ἡμέρας
2188 1606 2282 1683 μὲν
2323 1598 2410 1666 οῧν
2447 1610 2505 1667 οὗ
2529 1609 2802 1688 προσίασιν
2831 1612 2878 1668 οῖ
2906 1609 3103 1690 ἄγριοι·
3126 1613 3326 1694 νύκτωρ
3357 1616 3400 1672 δ’
3431 1614 3513 1693 ἐφ’

1952 1694 2042 1752 ἕνα
2071 1700 2336 1755 ποιοῦνται
2363 1693 2457 1766 τὴν
2499 1694 2717 1755 εἴσοδον·
2749 1696 3008 1756 εἰσιόντων
3034 1698 3086 1757 δὲ
3104 1748 3119 1774 ,
3149 1700 3377 1760 κλείουσι
3409 1701 3504 1773 τὴν

1952 1781 2147 1841 εἴσοδον
2173 1783 2356 1863 λάθρα·
2385 1773 2495 1842 εἶτα
2519 1787 2621 1842 τῶν
2640 1784 2847 1865 ἡμέρων
2878 1787 3112 1858 ἀθλητῶν
3141 1787 3253 1856 τοὺς
3275 1791 3505 1867 ἀλκιμω·

1952 1869 2137 1936 τάτους
2165 1870 2480 1948 εἰσάγοντες,
2515 1870 2855 1951 διαμάχονται
2886 1873 3013 1953 πρὸς
3039 1873 3250 1949 αὐτοὺς,
3282 1876 3393 1954 ἅμα
3417 1875 3508 1936 καὶ

1952 1960 2003 2015 λι
2008 1961 2092 2039 μῷ
2107 1966 2530 2025 καταπονοῦντες·
2547 1960 2648 2031 ἤδη
2668 1959 2721 2018 δὲ
2737 1959 3038 2038 καμνόντων
3054 1965 3100 2022 οῖ
3117 1965 3512 2044 εὗθαρσέστατοι

1952 2049 2055 2104 τῶν
2078 2044 2301 2125 ἡνιόχων
2320 2045 2483 2127 λάθρα
2504 2046 2928 2121 καταὸαίνοντες,
2944 2050 3276 2110 ὑποδύνουσιν
3298 2050 3514 2120 ἕκαστος

1953 2138 2019 2212 τῇ
2047 2134 2233 2215 γαστρὶ
2257 2141 2345 2193 τοῦ
2370 2137 2556 2194 οἰκείου
2585 2135 2850 2216 ὀχήματος
2867 2156 2880 2170 ·
2905 2138 3141 2218 δρμώμει
3152 2162 3203 2206 ος
3222 2140 3267 2198 δ’
3287 2140 3520 2216 ἐνθένδε,

1955 2220 2195 2279 ὃποδύνει
2219 2225 2292 2299 τῷ
2321 2221 2512 2302 ἆγρίῳ,
2536 2227 2626 2280 καὶ
2647 2221 2890 2298 σύμποδα
2921 2225 3130 2300 δεσμεῖ·
3158 2226 3433 2304 γενομένου
3458 2229 3510 2288 δὲ

1957 2308 2162 2380 τούτου,
2205 2309 2470 2367 κελεύουσι
2498 2318 2600 2376 τοῖς
2621 2314 2870 2382 τιθασοῖς,
2911 2310 3121 2370 τύπτειν
3158 2313 3274 2380 τοὺς
3307 2338 3510 2390 συμπο-

1956 2397 2246 2468 δισθέντας,
2292 2395 2386 2465 ἕως
2434 2396 2498 2456 ἂν
2551 2397 2777 2456 πέσωσιν
2825 2401 2895 2467 εἰς
2944 2399 3037 2470 τὴν
3088 2404 3202 2478 γῆν·
3250 2402 3515 2461 πεσόντων

1957 2487 2001 2544 δ’
2046 2481 2352 2563 ὠμοῧοΐνοις
2405 2488 2558 2562 ἱμᾶσι
2598 2486 3089 2566 προσλαμὸάνονται
3131 2487 3249 2555 τοὺς
3291 2491 3516 2568 αὐχένας

1958 2577 2125 2636 αὐτῶν
2146 2572 2271 2651 πρὸς
2293 2571 2407 2640 τοὺς
2430 2577 2532 2630 τῶν
2556 2577 2797 2632 τιθασῶν·
2834 2572 2917 2631 ἵνα
2941 2574 2994 2633 δὲ
3018 2574 3091 2651 μὴ
3113 2575 3376 2653 σειόμεναι
3400 2576 3511 2645 τοὺς

1959 2661 2255 2720 ἀναὸαίνειν
2281 2663 2363 2719 ἐπ’
2405 2659 2587 2724 αὐτοὺς
2616 2663 3001 2739 ἐπιχειροῦντας
3030 2661 3380 2738 ἀποσείοιντο,
3412 2673 3516 2732 τοῖς

1957 2749 2238 2829 τραχήλοις
2267 2751 2435 2806 αὐτῶν
2463 2746 2815 2824 ἐμὸάλλονται
2841 2747 3015 2828 κύκλῳ
3049 2749 3245 2826 τομὰς,
3277 2751 3365 2808 καὶ
3396 2776 3496 2810 κατ

1960 2835 2121 2902 αὐτὰς
2147 2833 2265 2902 τοὺς
2303 2834 2522 2913 ἱμάντας
2549 2833 2911 2915 περιτιθέασιν,
2945 2832 3069 2892 ὥσθ’
3097 2839 3184 2893 ὑπ’
3216 2838 3494 2916 ἀλγηδόνα»

1961 2923 2113 2984 εἴκειν
2138 2927 2240 2992 τοῖς
2262 2925 2468 3001 δεσμοῖς
2482 2969 2498 3001 ,
2521 2923 2610 2983 καὶ
2629 2921 2927 3003 ἡσυχάζειν·
2952 2925 3052 2981 τῶν
3073 2923 3118 2982 δ’
3139 2924 3371 2984 ἁλόντων
3394 2928 3503 2986 ἀπο

1960 3011 2195 3081 λέξαντες
2240 3009 2356 3080 τοὺς
2390 3008 2765 3090 πρεσὸυτέρους
2802 3009 2836 3079 ἢ
2881 3010 3156 3090 νεωτέρους
3183 3014 3522 3093 τῆς“χρείας,

1960 3099 2077 3173 τοὺς
2116 3098 2322 3166 λοιποὺς
2353 3097 2635 3176 ἀπάγουσιν
2676 3100 2745 3165 εἰς
2796 3096 2912 3165 τοὺς
2954 3097 3240 3176 σταθμούς·
3269 3101 3516 3172 δήσαντες

1966 3186 2021 3245 δὲ
2051 3185 2165 3253 τοὺς
2212 3187 2305 3263 μὲν
2349 3186 2513 3252 πόδας
2556 3185 2684 3264 πρὸς
2715 3186 3006 3259 ἀλλήλω,
3050 3184 3165 3253 τοὺς
3206 3185 3262 3245 δὲ
3288 3176 3513 3256 αὐχένας

2696 3378 2783 3425 37.

2029 3498 2217 3557 Equum
2239 3496 2287 3544 et
2327 3494 2630 3555 elephantum
2668 3492 2852 3554 privato
2887 3492 3065 3540 homini
3100 3493 3225 3541 alere
3245 3492 3469 3541 nonlicet
3499 3506 3518 3541 ε

1966 3575 2226 3635 utrumque
2249 3572 2375 3624 enim
2397 3572 2517 3633 regis
2534 3570 2763 3634 possessio
2783 3573 3019 3631 censetur,
3031 3569 3417 3632 suntqueharum
3437 3585 3514 3621 re-

1965 3667 2072 3703 rum
2092 3654 2352 3702 curatores.

2028 3729 2341 3792 Elephantum
2379 3728 2540 3777 autem
2577 3726 2646 3775 sic
2680 3727 2934 3777 venantur.
3001 3728 3181 3776 Locum
3216 3726 3424 3789 aliquem
3456 3726 3518 3776 ab

1964 3809 2094 3859 omui
2119 3811 2369 3870 purgatum
2393 3806 2593 3857 materia
2611 3842 2625 3865 ‚
2643 3807 2873 3868 quattuor
2891 3808 2976 3855 aut
2999 3806 3212 3868 quinque
3232 3805 3516 3867 stadiorum,

1966 3884 2200 3949 profunda
2226 3886 2348 3935 fossa
2382 3882 2699 3935 circumdant.
2735 3885 2859 3933 Tum
2886 3883 3147 3945 ingressum
3179 3884 3324 3945 ponte
3366 3895 3518 3944 angu-

1964 3965 2168 4015 stissimo
2181 3963 2401 4026 jungunt.
2427 3961 2606 4013 Deinde
2618 3966 2712 4011 tres
2727 3963 3022 4024 quattuorve
3039 3961 3313 4024 elephantos
3323 3962 3520 4010 feminas

1965 4042 2026 4091 de
2045 4042 2302 4091 mansuetis
2325 4041 2590 4091 immittunt
2621 4059 2632 4088 ε
2672 4038 2762 4101 ipsi
2780 4039 2830 4089 in
2860 4038 3065 4100 tuguriis
3094 4039 3272 4088 occulti
3294 4038 3517 4086 insidian-

1968 4124 2062 4170 tur.
2128 4125 2216 4171 Per
2233 4121 2361 4171 diem
2385 4121 2624 4169 silvestres
2645 4130 2744 4167 non
2787 4120 3050 4179 accedunt,
3077 4119 3217 4167 nocte
3235 4121 3396 4167 autem
3419 4117 3520 4167 sin-

1965 4200 2163 4263 gulatim
2187 4199 2426 4249 introeunt
2453 4199 2658 4262 :quibus
2681 4200 2900 4262 ingressis
2924 4202 3172 4249 venatores
3193 4200 3313 4248 clam
3334 4186 3522 4250 aditum

1966 4278 2243 4328 occludunt.
2281 4281 2450 4328 Postea
2485 4279 2744 4328 nonnullos
2765 4292 2793 4328 e
2820 4279 3061 4328 cicuribus
3083 4278 3399 4328 certatoribus
3429 4280 3523 4327 for-

1968 4358 2170 4407 tissimos
2190 4355 2545 4407 introducentes
2579 4369 2691 4405 cum
2723 4356 2782 4405 iis
2812 4358 3049 4418 pugnant,
3069 4355 3209 4405 simul
3231 4356 3375 4405 etiam
3399 4357 3523 4405 same

1967 4439 2251 4501 defatigant.
2311 4442 2472 4497 Quum
2511 4450 2624 4485 vero
2657 4438 2759 4498 iam
2801 4437 2971 4487 defessi
3007 4437 3211 4496 fuerint,
3253 4439 3522 4500 aurigarum

1967 4514 2293 4575 audacissimi,
2333 4514 2458 4563 clam
2478 4514 2817 4563 descendentes
2834 4518 2882 4563 et
2909 4514 2982 4562 sui
3019 4514 3220 4576 quisque
3259 4514 3524 4576 elephantis

1970 4596 2159 4643 uterum
2177 4592 2435 4643 subeuntes
2450 4629 2463 4653 ‚
2487 4592 2740 4654 compedes
2763 4593 2855 4642 illis
2879 4593 3108 4653 injiciunt.
3173 4595 3282 4650 Quo
3306 4593 3432 4642 facto
3457 4594 3519 4642 ci·

1969 4684 2107 4720 ουτω
2129 4670 2351 4732 instigant
2376 4670 2430 4718 ut
2463 4669 2648 4718 vinctos
2669 4669 2951 4731 verberent,
2985 4682 3238 4732 quousque
3267 4670 3316 4719 in
3345 4672 3522 4720 terram

1969 4750 2158 4800 cadant.
2221 4749 2482 4811 Postquam
2518 4747 2820 4809 ceciderunt,
2845 4746 3038 4797 bubulis
3070 4749 3184 4797 loris
3207 4760 3375 4798 eorum
3401 4749 3526 4799 colla

1969 4828 2029 4877 ad
2050 4828 2340 4877 domitorum
2359 4825 2660 4889 adstringunt
2681 4846 2695 4878 ι
2715 4830 2763 4877 et
2782 4840 2842 4877 ne
2858 4826 3160 4877 adscensores
3177 4830 3403 4878 excutere
3420 4842 3523 4891 pos·

1971 4906 2092 4967 sint,
2126 4905 2251 4956 colla
2272 4903 2695 4967 circumcidentes,
2734 4905 2784 4954 in
2812 4905 3005 4955 caesuris
3025 4905 3216 4955 vincula
3242 4905 3522 4968 imponunt,

1973 4984 2026 5031 ut
2051 4996 2150 5045 proe
2177 4982 2341 5033 dolore
2359 4981 2565 5031 vinculis
2593 4981 2765 5031 cedant
2782 4984 2830 5031 et
2861 4980 3070 5044 quietem
3102 4985 3258 5045 agant.
3289 4984 3356 5032 De
3377 4983 3528 5046 captis

1970 5062 2233 5123 seliguntur
2255 5062 2530 5124 quicunque
2560 5062 2634 5111 rel
2658 5062 2789 5110 senio
2808 5062 2883 5111 vel
2915 5062 3114 5122 juventa
3141 5062 3332 5112 inutiles
3361 5067 3475 5113 sunt
3510 5077 3523 5110 :

327 5124 449 5173 tent.
512 5129 697 5178 Currus
715 5132 890 5191 praeter
909 5133 1125 5196 aurigam
1146 5136 1360 5184 vectores
1378 5134 1677 5198 duosliabet,
1697 5136 1884 5200 elephas
1971 5138 2139 5202 reliqui
2193 5139 2242 5188 in
2281 5137 2469 5187 stabula
2505 5137 2765 5199 ducuntur,
2797 5141 2846 5188 et
2878 5138 3078 5201 pedibus
3118 5138 3319 5189 invicem
3355 5140 3528 5189 vinctis

326 5197 543 5264 aurigam
563 5207 611 5255 et
628 5207 727 5257 tres
751 5208 1038 5270 saginarios.

1971 5230 2028 5265 ac
2042 5216 2166 5266 collo
2176 5216 2238 5266 ad
2251 5216 2526 5267 columnam
2542 5216 2696 5266 valide
2709 5215 2904 5266 infixam
2919 5218 3044 5270 fame
3057 5214 3314 5268 domantur
3328 5236 3341 5268 ι
3357 5216 3526 5268 deinde
