4016 5916
447 391 555 441 244

522 513 680 567 Idem
710 513 768 586 1,
801 518 867 577 41
902 531 915 570 ε
949 510 1298 579 Στασιάζεται
1319 510 1372 569 δὲ
1398 510 1487 570 καὶ
1518 511 1637 591 περὶ
1658 516 1747 569 τοῦ
1772 513 1994 593 ἀριθμοῦ

445 599 682 656 αὐτῶν...
710 597 1100 685 Δικαίαρχος-,δὲ
1127 599 1380 679 τέσσαρας
1402 597 1841 676 ὁμολογουμένους
1867 602 1994 674 ἡμῖν

442 683 789 764 παραδίδωσι,
817 686 1024 758 Θαλῆν,
1050 685 1268 757 Βίαντα,
1293 684 1552 746 Πιττακὸν
1569 731 1585 762 ,
1609 684 1848 745 Σόλωνα.
1874 684 1996 745 Ἀλ-

443 773 562 837 λους
595 770 650 829 δὲ
687 771 928 847 ὀνομάζει
953 771 1031 844 ἓξ,
1070 764 1143 831 ὧν
1175 771 1483 842 ἐκλέξασθαι
1508 781 1670 853 τρεῖς,
1699 773 1998 854 Ἀριστόδη-

444 882 571 933 μον,
604 857 917 940 Πάμφιλον,
967 860 1207 920 Χείλωνα
1249 861 1688 937 Λακεδαιμόνιον,
1724 860 1989 922 Κλεόὸου·

445 945 560 1019 λον,
590 944 930 1027 Ἀνάχαρσιν,
959 945 1302 1028 Περίανδρον.

1176 1114 1269 1172 29.

919 1237 1019 1291 DE
1058 1234 1521 1292 PYTHAGORA.

526 1377 808 1451 Porphyr.
828 1378 940 1432 vit.
963 1377 1125 1449 Pyth.
1146 1394 1209 1449 p.
1240 1375 1311 1441 34
1342 1395 1355 1430 :
1387 1371 1541 1432 Ἐπεὶ
1566 1372 1621 1431 δὲ
1649 1377 1742 1444 τῆς
1773 1373 1996 1441 Ἰταλίας

395 1518 406 1529 ‚
444 1458 637 1528 *πιὸὰς
669 1462 723 1519 ἐν
770 1460 1004 1541 Κρότωνι
1041 1459 1272 1538 ἐγένετο,
1314 1457 1471 1540 φησὶν
1508 1464 1536 1518 ὁ
1565 1460 1904 1542 Δικαίαρχος,
1931 1464 2000 1529 ὣς

451 1547 630 1626 ἀνδρὸς
659 1547 973 1628 ἀφικομένου
1019 1547 1359 1605 πολυπλάνου
1400 1569 1457 1605 τε
1495 1547 1585 1607 καὶ
1622 1555 1867 1628 περιττοῦ
1908 1548 1998 1607 καὶ

447 1634 586 1692 κατὰ
608 1633 703 1706 τὴν
729 1633 863 1693 ἰδίαν
887 1635 1037 1716 φύσιν
1061 1633 1159 1693 ὑπὸ
1192 1639 1285 1706 τῆς
1305 1632 1467 1714 τύχης
1491 1625 1550 1694 εὗ
1575 1635 1996 1716 κεχορηγημένον

452 1722 574 1796 (τήν
605 1744 661 1779 τε
685 1720 785 1802 γὰρ
807 1721 946 1781 ἰδέαν
969 1713 1099 1780 εἶναι
1124 1720 1406 1802 ἐλευθέριον
1426 1723 1513 1780 καὶ
1542 1724 1707 1799 μέγαν
1722 1768 1736 1795 ,
1763 1723 1919 1802 χάριν
1943 1746 1998 1782 τε

447 1808 697 1880 πλείστην
735 1808 825 1867 καὶ
854 1808 1050 1886 κόσμον
1093 1807 1179 1868 ἐπί
1210 1832 1266 1867 τε
1296 1814 1391 1882 τῆς
1424 1815 1595 1891 φωνῆς
1623 1810 1713 1869 καὶ
1737 1815 1826 1869 τοῦ
1850 1811 2000 1883 ἤθους

448 1894 537 1951 καὶ
565 1895 773 1953 ἐπὶτῶν
808 1894 980 1953 ἄλλων
1008 1896 1252 1954 ἁπάντων
1277 1895 1474 1976 ἔχειν),
1499 1896 1661 1964 οὕτως
1701 1898 1999 1969 διατεθῆναι

447 1982 541 2050 τὴν
584 1983 961 2064 Κροτωνιατῶν
997 1980 1176 2057 πόλιν,
1208 1981 1333 2041 ὥστ’
1372 1983 1484 2042 ἐπεὶ
1526 1982 1585 2042 τὸ
1619 1987 1723 2042 τῶν
1748 1982 1999 2062 γερόντων

345 2100 357 2115 ·
450 2071 657 2147 ἀρχεῖον
688 2068 1066 2149 ἐψυχαγώγησε
1087 2069 1257 2129 πολλὰ
1281 2070 1370 2129 καὶ
1406 2070 1544 2130 καλὰ
1575 2070 1861 2149 διαλεχθεὶς
1890 2072 1999 2138 τοῖς

449 2155 580 2221 νέοις
608 2155 765 2215 πάλιν
791 2155 1049 2229 ἡὸητικὰς
1076 2157 1359 2230 ἐποιήσατο
1381 2156 1739 2238 παραινέσεις,
1768 2157 1867 2216 ὑπὸ
1896 2161 1997 2216 τῶν

452 2244 718 2324 ἀρχόντων
762 2244 1076 2310 κελευσθείς·
1112 2245 1246 2321 μετὰ
1283 2243 1339 2304 δὲ
1372 2251 1538 2303 ταῦτα
1578 2253 1681 2311 τοῖς
1718 2245 1899 2304 παισὶν
1939 2246 1998 2303 ἐκ

449 2337 553 2391 τῶν
586 2332 960 2391 διδασκαλείων
988 2331 1184 2413 ἀθρόως
1221 2333 1576 2403 συνελθοῦσιν,
1607 2322 1717 2389 εἶτα
1748 2336 1863 2397 ταῖς
1902 2354 2001 2410 γυ-

448 2418 604 2488 ναιξί·
634 2417 724 2477 καὶ
752 2420 1008 2497 γυναικῶν
1038 2418 1286 2496 σύλλογος
1314 2420 1455 2499 αὐτῷ
1488 2418 1899 2488 κατεσκευάσθη.

1178 2559 1272 2614 3ο.

528 2698 737 2755 Gellius
774 2699 942 2756 Noct.
981 2699 1101 2751 Att.
1134 2698 1240 2765 IV,
1295 2714 1318 2750 1
1335 2715 1357 2750 ι
1405 2715 1419 2753 :
1459 2697 1836 2772 Pythagoram
1883 2715 2003 2753 vero

450 2790 626 2857 ipsum
646 2788 813 2838 sicuti
828 2783 1042 2837 celebre
1065 2793 1149 2837 est
1171 2782 1524 2855 Euphorbum
1545 2790 1733 2857 primo
1751 2801 1812 2837 se
1815 2781 2005 2852 fuisse

448 2874 731 2925 dfete'tasse
755 2888 775 2923 .·
800 2875 878 2924 ica
899 2868 1022 2923 ltaec
1043 2875 1342 2925 remotiora
1367 2882 1499 2924 sunt
1516 2869 1606 2927 luis·
1614 2913 1634 2938 ,
1659 2886 1788 2944 quoe
1809 2871 1999 2926 Clear-

449 2960 586 3013 chus
612 2969 669 3012 et
704 2956 1073 3018 Dicaearchus
1109 2963 1394 3013 memoria?
1425 2958 1797 3024 tradiderunt,
1826 2953 2002 3024 fuisse

448 3064 573 3100 eum
579 3055 783 3119 postea
794 3046 1172 3116 Pyr-andrum,
1196 3046 1396 3099 deinde
1418 3045 1743 3100 Callicleam
1761 3087 1778 3115 ,
1800 3046 2006 3101 deinde

433 3132 721 3203 seminam
765 3130 1006 3206 pulchra
1034 3128 1202 3202 sace’e
1251 3137 1587 3188 meretricem
1603 3173 1621 3199 ,
1668 3137 1758 3186 cui
1802 3149 2000 3186 nomen

434 3217 641 3290 suerat
673 3219 855 3273 Alce!

512 3384 761 3433 Dissensus
786 3384 928 3433 etiam
947 3385 1020 3433 est
1054 3381 1115 3432 de
1138 3397 1339 3433 numero
1363 3384 1658 3446 Sapientum.
1696 3384 1999 3432 Dicaearchus

451 3464 681 3523 quattuor
714 3461 965 3522 tamquam
1000 3461 1221 3510 omnium
1253 3473 1485 3510 consensu
1517 3460 1642 3510 iuter
1671 3473 1754 3510 eos
1788 3461 2003 3523 receptos

449 3538 658 3599 praehet,
677 3536 951 3597 Thaletem,
972 3538 1190 3588 Biantem
1205 3575 1219 3600 ,
1242 3539 1507 3599 Pittacum,
1546 3537 1801 3599 Solonem;
1831 3539 2004 3600 praeter

449 3618 535 3665 hos
557 3616 675 3665 alios
690 3624 777 3666 sex
789 3615 1033 3677 nominat,
1048 3629 1111 3667 ex
1127 3618 1304 3680 quibus
1328 3620 1426 3667 tres
1442 3616 1746 3679 eligerentur,
1763 3616 2002 3667 Aristode-

449 3706 584 3741 mum
602 3729 616 3754 ‚
632 3693 956 3755 Pamphilum,
972 3693 1220 3744 chilonem
1245 3692 1654 3744 Lacedaemonium
1666 3730 1682 3757 ,
1698 3693 2001 3757 cleobulum,

451 3768 768 3832 Anacharsin,
794 3769 1125 3820 Periandr-um.

512 3933 806 3995 Pythagoras
835 3931 884 3982 in
902 3933 1090 3983 ltaliam
1115 3933 1375 3996 protectus*
1391 3933 1477 3983 ubi
1496 3935 1756 3985 Crotonem
1788 3936 2002 4000 venerat,

453 4009 777 4071 (Dicaearchus
792 4008 898 4072 ait),
920 4011 1088 4072 utpote
1102 4009 1177 4059 vir
1202 4009 1354 4073 quiin
1378 4009 1631 4061 Itineribus
1648 4011 1748 4062 suis
1765 4012 1915 4061 multa
1933 4013 2000 4061 vi·

451 4087 595 4137 disset
608 4089 658 4136 et
679 4086 873 4149 insignis
889 4086 1030 4149 plane
1046 4087 1169 4137 esset
1181 4123 1196 4147 ,
1212 4089 1446 4149 praeterea
1466 4087 1611 4137 etiam
1626 4090 1848 4138 naturam
1867 4102 2003 4139 suam

452 4163 653 4227 egregiis
665 4162 862 4213 dotibus
877 4164 1113 4222 &fortuna
1135 4163 1420 4214 instructam
1434 4164 1633 4214 haberet
1654 4164 1673 4227 (
1686 4178 1797 4214 nam
1818 4167 2005 4216 statura

452 4244 553 4291 erat
567 4239 734 4304 grandi
757 4241 808 4290 et
821 4239 1015 4290 liberale
1034 4242 1084 4290 et
1102 4239 1361 4303 ingenuum
1379 4240 1496 4304 quid
1509 4254 1610 4304 prae
1629 4254 1682 4292 se
1700 4242 1899 4307 ferente,
1922 4256 2007 4293 vo-

452 4318 518 4367 cis
532 4317 676 4367 ettam
689 4317 739 4366 et
753 4329 943 4365 morum
962 4318 1329 4379 ceterorumque
1354 4317 1510 4368 multa
1531 4319 1681 4380 gratia
1700 4319 2006 4384 multumque

453 4394 598 4444 decus
619 4393 777 4456 erat),
802 4393 862 4443 de
884 4393 1272 4445 crotoniatarum
1296 4394 1417 4444 urbe
1440 4395 1509 4444 ita
1526 4394 1777 4458 disposuit,
1796 4399 1852 4447 ut
1874 4399 2005 4461 post·

453 4484 599 4533 quam
622 4472 867 4521 seniorum
888 4469 1142 4533 collegium
1173 4469 1336 4519 multis
1375 4471 1425 4520 et
1454 4472 1651 4535 egregiis
1681 4471 1842 4523 verbis
1871 4474 2005 4525 oble-

452 4550 625 4599 ctasset
639 4585 655 4611 ,
669 4547 840 4599 deinde
857 4547 919 4598 ad
935 4548 1139 4610 iuvenes
1160 4549 1515 4601 adhortationes
1537 4551 1719 4602 faceret
1742 4551 1878 4614 jussu
1905 4566 2004 4603 ma-

455 4627 766 4688 gistratuum,
793 4628 902 4688 post
929 4625 1038 4677 hoec
1054 4625 1200 4677 etiam
1230 4626 1292 4676 ad
1322 4641 1498 4690 pueros
1527 4641 1556 4678 e
1590 4628 1717 4678 ludis
1754 4631 2005 4682 confertim

455 4703 821 4763 concurrentes,
856 4704 1099 4764 postremo
1125 4703 1186 4752 ad
1214 4703 1440 4767 feminas,
1472 4707 1620 4768 atque
1638 4706 1874 4769 colloquia
1893 4722 2005 4758 cum

456 4776 736 4827 mulieribus
760 4775 978 4828 habenda
992 4779 1214 4831 instituit.

1208 4864 1298 4915 30.

517 4939 753 4991 Hesiodus
763 4977 778 5003 ,
799 4941 1105 4993 Dicaearchus
1115 4980 1130 5004 .
1147 4925 1424 5006 clearchus,
1440 4947 1779 5011 callimachus,
1796 4948 1875 4998 alii
1891 4962 2007 4999 non·

458 5017 578 5069 nulli
621 5017 682 5068 de
712 5018 891 5068 Tiresia
925 5024 1123 5072 narrant
1156 5022 1279 5073 haec.
1314 5024 1574 5086 Tiresiam,
1618 5025 1788 5076 Eueris
1824 5023 2004 5088 tilium,

456 5096 610 5158 aiunt,
636 5095 684 5145 in
703 5096 898 5160 cyllene
926 5098 1139 5150 Arcadioe
1177 5103 1337 5151 monte
1373 5105 1599 5153 coeuntes
1618 5105 1857 5166 serpentes
1885 5116 2003 5154 con-

1617 381 2047 442 DlCAEARCHI
2090 379 2446 440 MESSENII

2143 513 2379 592 ‘Eodem
2405 515 2534 569 loco
2560 513 2912 569 Dicaearchus
2938 515 3273 584 narraverit,
3299 533 3421 588 quae
3447 512 3517 570 de
3540 516 3639 572 Ti-

2087 602 2238 655 resiae
2282 611 2338 656 et
2389 601 2570 656 Caenei
2618 600 3198 655 transfor-mationibus
3237 618 3304 656 ex
3351 619 3420 655 eo
3460 601 3638 657 refert

2085 687 2358 761 Phlegon.
2393 688 2596 743 Mirab.
2640 705 2690 742 c.
2722 693 2755 753 4
2781 706 2796 741 :
2828 682 3050 765 Ἱστορεῖ
3076 684 3128 742 δὲ
3158 684 3247 743 καὶ
3274 683 3515 751 Ἡσίοδος
3544 687 3638 745 καὶ

2086 771 2404 851 Δικαίαρχος
2429 772 2518 831 καὶ
2551 770 2869 853 Κλείταρχος
2890 772 2911 850 (
2924 776 2965 830 l.
2991 769 3292 853 Κλέαρχος)
3320 770 3410 831 καὶ
3439 772 3639 831 Καλλί-

2090 882 2258 939 μαχος
2280 860 2371 918 καὶ
2395 859 2545 919 ἄλλοι
2571 859 2700 926 τινὲς
2725 859 2844 942 περὶ
2874 858 3143 940 Τειρεσίου
3176 859 3319 918 τάδε.
3356 860 3638 941 Τειρεσίαν

2087 945 2174 1002 τὸν
2205 945 2438 1027 Εὐήρους
2461 949 2513 1004 ἐν
2541 947 2592 1006 Ἀ
2603 946 2788 1027 ρκαδίᾳ
2814 947 2977 1028 ἄνδρα
3006 945 3127 1005 ὄντα
3164 948 3217 1004 ἐν
3240 949 3316 1026 τῷ
3342 946 3450 1024 ὄρει
3480 950 3555 1028 τῷ
3586 950 3642 1007 ἐν

2089 1033 2338 1113 Κυλλήνῃ
2368 1033 2504 1115 ὄφεις
2532 1034 2704 1093 ἰδόντα
2729 1033 3006 1114 ὀχεύοντας
3027 1037 3226 1114 τρῶσαι
3246 1033 3333 1093 τὸν
3357 1032 3528 1115 ἕτερον
3545 1034 3642 1093 καὶ

2088 1125 2417 1201 παραχρῆμα
2457 1120 2773 1198 μεταὸαλεῑν
2817 1118 2913 1192 τὴν
2954 1119 3117 1199 ζδέαν·
3168 1121 3405 1198 γενέσθαι
3442 1120 3545 1202 γὰρ
3586 1122 3642 1189 ἐξ

2090 1206 2270 1286 ἀνδρὸς
2291 1216 2511 1286 γυναῖκα
2535 1208 2625 1267 καὶ
2644 1212 2897 1289 μιχθῆναι
2916 1207 3083 1287 ἀνδρί.
3113 1210 3224 1268 Τοῦ
3245 1207 3298 1267 δὲ
3319 1207 3643 1277 Ἀπόλλωνος

2090 1295 2233 1376 αὐτῷ
2272 1294 2590 1375 χρήσαντος,
2631 1298 2700 1363 ὡς
2729 1294 2817 1355 ἐὰν
2862 1295 3094 1376 τηρήσας
3130 1294 3406 1375 ὀχεύοντας
3448 1298 3644 1373 ὁμοίως

2088 1382 2266 1464 τρώσῃ
2312 1381 2397 1441 τὸν
2435 1381 2558 1460 ἕνα,
2608 1381 2753 1441 ἔσται
2794 1371 2896 1449 οἷος
2936 1374 3029 1456 ἦν,
3068 1382 3510 1462 παραφυλάξαντα
3551 1384 3643 1443 τὸν

2087 1471 2364 1550 Τειρεσίαν
2394 1476 2612 1544 ποιῆσαι
2640 1470 2704 1530 τὰ
2732 1469 2833 1530 ὑπὸ
2855 1476 2945 1529 τοῦ
2977 1475 3091 1530 θεοῦ
3122 1471 3337 1553 ρηθέντα
3362 1471 3453 1530 καὶ
3480 1470 3645 1540 οὕτως

2088 1557 2404 1634 κομίσασθαι
2431 1557 2524 1631 τὴν
2549 1556 2775 1639 ἀρχαίαν
2794 1557 2963 1638 φύσιν.
2984 1555 3102 1624 Διὸς
3131 1557 3184 1615 δὲ
3206 1557 3468 1636 ἐρίσαντος
3487 1556 3644 1640 Ἥρα

2089 1645 2178 1704 καὶ
2215 1645 2472 1726 φαμένου,
2511 1647 2564 1703 ἐν
2604 1646 2717 1713 ταῖς
2756 1644 3046 1712 συνουσίαις
3073 1646 3394 1704 πλεονεκτεῖν
3425 1643 3520 1718 τὴν
3547 1670 3643 1724 γυ-

2088 1734 2243 1792 ναῖκα
2269 1739 2359 1792 τοῦ
2401 1733 2582 1814 ἀνδρὸς
2607 1739 2698 1808 τῆς
2725 1737 2826 1792 τῶν
2870 1732 3180 1814 ἀφροδισίων
3206 1734 3391 1806 ἡδονῆς
3431 1733 3523 1793 καὶ
3549 1740 3648 1807 τῆς

2087 1817 2260 1900 Ἥρας
2283 1819 2580 1901 φασκούσης
2597 1819 2661 1878 τὰ
2687 1818 2894 1878 ἐναντία
2910 1863 2925 1890 ,
2945 1818 3087 1887 δόξαι
3110 1821 3281 1886 αὐτοῖς
3300 1824 3645 1901 μεταπεμψα-

2091 1908 2260 1985 μένοις
2279 1906 2485 1988 ἐρέσθαι
2503 1907 2589 1965 τὀν
2608 1905 2882 1987 Τειρεσίαν
2899 1951 2917 1982 ,
2938 1904 3024 1964 διὰ
3043 1905 3100 1964 τὸ
3121 1909 3222 1963 τῶν
3245 1905 3450 1987 τρόπων
3470 1909 3647 1986 ἀμφο-

2089 1992 2252 2075 τέρων
2278 1998 2641 2075 πεπειρᾶσθαι.
2671 1994 2777 2053 Τὸν
2800 1992 2853 2050 δὲ
2881 1990 3212 2073 ἐρωτώμενον
3238 1992 3605 2075 ἀποφήνασθαι
3625 2039 3643 2071 ,

2092 2082 2220 2141 διότι
2249 2085 2441 2161 μοιρῶν
2470 2081 2598 2140 δέκα
2625 2080 2711 2140 τὸν
2737 2080 2896 2160 ἄνδρα
2926 2080 3202 2161 τέρπεσθαι
3235 2079 3331 2153 τὴν
3361 2080 3521 2158 μίαν,
3547 2081 3645 2153 τὴν

2092 2167 2145 2226 δὲ
2169 2176 2390 2245 γυναῖκα
2417 2166 2508 2235 τὰς
2531 2166 2696 2229 ἐννέα.
2722 2164 2837 2238 Τὴν
2863 2165 2918 2225 δὲ
2935 2166 3112 2248 Ἥραν
3134 2170 3455 2247 ὀργισθεῖσαν
3475 2192 3645 2228 κατα-

2090 2252 2235 2323 νύξαι
2272 2257 2430 2315 αὐτοῦ
2465 2254 2582 2322 τοὺς
2610 2252 2904 2336 ὀφθαλμοὺς
2931 2254 3021 2314 καὶ
3053 2258 3272 2326 ποιῆσαι
3298 2255 3491 2338 τυφλὸν
3508 2301 3524 2330 ,
3553 2255 3646 2315 τὸν

2092 2341 2146 2399 δὲ
2176 2339 2278 2400 Δία
2308 2341 2640 2423 δωρήσασθαι
2678 2343 2821 2421 αὐτῷ
2852 2342 2947 2414 τὴν
2978 2341 3236 2419 μαντικὴν
3268 2343 3359 2402 καὶ
3384 2347 3526 2423 βιοῦν
3555 2342 3647 2404 ἐπὶ

2090 2428 2267 2506 γενεὰς
2290 2428 2444 2489 ἑπτά.

2167 2518 2258 2575 ld.
2285 2521 2365 2575 ib.
2395 2539 2446 2575 c.
2481 2518 2514 2576 5
2539 2539 2554 2579 t
2580 2518 2649 2579 Oi
2682 2517 2864 2577 αὐτοὶ
2894 2521 3155 2600 ἱστοροῦσι
3183 2516 3321 2577 κατὰ
3343 2518 3437 2589 τὴν
3467 2518 3645 2580 Λαπί-

2093 2610 2193 2663 θων
2214 2604 2394 2685 χώραν
2413 2602 2650 2684 γενέσθαι
2670 2603 2881 2685 Ἐλάτῳ
2901 2608 2974 2685 τῷ
2999 2607 3205 2683 βασιλεῖ
3224 2604 3481 2686 θυγατέρα
3496 2652 3512 2684 ,
3527 2609 3646 2665 ὀνο·

2093 2691 2387 2768 μαζομένην
2445 2691 2694 2752 Καινίδα·
2746 2692 2912 2771 ταύτῃ
2966 2692 3022 2750 δὲ
3074 2695 3379 2753 Ποσειδῶνα
3426 2692 3642 2769 μιγέντα

2094 2778 2499 2856 ἐπαγγείλασθαι
2518 2778 2752 2849 ποιήσειν
2779 2776 2990 2850 αὖτὴνὸ
3015 2778 3075 2838 διν
3101 2780 3249 2859 ἐθέλῃ
3264 2827 3279 2854 ,
3298 2779 3390 2852 τὴν
3414 2780 3468 2838 δὲ
3489 2779 3646 2848 ἀξιῶ-

2094 2889 2182 2924 σαι
2202 2863 2525 2942 μεταλλάξαι
2549 2864 2707 2937 αὖτὴν
2737 2868 2807 2932 εἰς
2829 2866 3026 2947 ἄνδρα,
3057 2868 3277 2939 ποιῆσαί
3301 2891 3358 2927 τε
3394 2867 3644 2946 ἄτρωτον.

2090 2954 2196 3013 Τοῦ
2225 2950 2279 3011 δὲ
2305 2955 2627 3021 Ποσειδῶνος
2641 2952 2777 3013 κατὰ
2801 2950 2860 3014 τὸ
2887 2953 3098 3024 ἄξιωθὲν
3117 2953 3457 3029 ποιήσαντος,
3485 2980 3643 3035 μετο-

2091 3045 2414 3119 νομασθῆναι
2442 3040 2664 3102 Καινέα.

2169 3135 2386 3186 Locum
2427 3131 2499 3187 de
2538 3132 2739 3189 Caeneo
2776 3134 2961 3189 omisit
2991 3133 3262 3205 Fuhrius;
3311 3135 3543 3190 alterum
3569 3134 3645 3191 de

2094 3219 2300 3274 Tiresia
2335 3218 2574 3275 Fuhrius
2618 3219 2691 3274 ad
2739 3218 2861 3277 Βίον
2909 3217 3191 3290 Ἑλλάδος,
3242 3222 3528 3278 Fabricius
3568 3222 3642 3278 ad

2090 3384 2296 3445 spesisse
2314 3385 2437 3432 etex
2471 3383 2528 3433 iis
2553 3385 2756 3433 alterum
2788 3385 3085 3446 vulnerasse,
3117 3399 3272 3449 eoque
3290 3388 3434 3447 sacto,
3459 3389 3645 3436 mutata

2094 3462 2244 3510 forma
2280 3474 2308 3511 e
2338 3463 2442 3511 viro
2468 3463 2673 3515 evasisse
2697 3463 2946 3514 mulierem
2978 3467 3028 3514 et
3054 3476 3167 3514 cum
3184 3464 3291 3514 viro
3312 3465 3639 3516 concubuisse.

2093 3537 2274 3588 Deinde
2295 3552 2445 3602 quum
2478 3539 2705 3602 Apollinis
2736 3540 2932 3590 oraculo
2963 3540 3161 3591 edoctus
3191 3544 3315 3592 esset
3352 3556 3405 3592 se
3438 3542 3644 3606 priscam

2093 3616 2294 3664 sormam
2317 3618 2738 3679 recuperaturum,
2762 3617 2801 3668 si
2821 3618 2995 3667 iterum
3022 3618 3178 3667 coitus
3197 3619 3488 3681 serpentium
3517 3621 3643 3669 tcm-

2091 3706 2207 3755 pore
2217 3692 2470 3743 observato
2482 3730 2496 3754 ,
2512 3693 2714 3744 alterum
2730 3707 2896 3744 eorum
2912 3695 3186 3746 vulneraret
3198 3732 3212 3757 ‚
3227 3695 3390 3745 fecisse
3402 3709 3515 3745 eum
3529 3709 3642 3760 quie

2092 3773 2211 3822 deus
2241 3772 2482 3835 jussisset,
2511 3775 2659 3836 atque
2686 3774 2754 3823 ita
2781 3774 2992 3837 pristinae
3019 3775 3205 3822 natura*
3225 3787 3324 3825 esse
3347 3775 3639 3825 restitutum.

2092 3852 2204 3899 Post
2217 3850 2324 3899 hoec
2339 3864 2492 3914 quum
2512 3850 2620 3900 Jovi
2640 3863 2750 3900 cum
2766 3854 2953 3901 sunone
2971 3850 3219 3901 altercatio
3232 3839 3378 3910 esset,
3406 3863 3501 3914 qua
3537 3852 3642 3914 ipse

2093 3926 2426 3990 contenderet,
2446 3928 2495 3976 in
2510 3928 2640 3977 coitu
2663 3927 2911 3978 mulierem
2931 3929 3000 3978 rei
3018 3940 3233 3979 venerem
3245 3927 3472 3988 maiorem
3486 3940 3637 3991 quam

2092 4003 2251 4054 virum
2268 4005 2511 4069 percipere
2544 4005 2843 4068 voluptatem
2857 4041 2874 4068 ,
2895 4003 3011 4054 dum
3036 4009 3166 4056 Juno
3184 4002 3473 4055 contrarium
3497 4005 3637 4054 affir-

2092 4083 2246 4132 maret
2280 4096 2293 4130 :
2331 4082 2568 4145 placuisse
2599 4081 2712 4143 ipsis
2737 4081 3017 4132 arcessitum
3057 4082 3346 4144 interrogare
3379 4081 3639 4146 Tiresiam,

2093 4161 2268 4223 quippe
2289 4160 2372 4224 qui
2398 4159 2650 4224 utriusque
2678 4160 2873 4209 rationis
2904 4160 3033 4210 hand
3057 4161 3304 4225 imperitus
3324 4163 3465 4212 esset.
3496 4161 3641 4212 illum

2092 4250 2209 4286 vero
2239 4237 2566 4301 respondisse,
2603 4235 2645 4286 si
2666 4236 2832 4287 decem
2856 4239 3014 4288 essent
3043 4238 3303 4301 voluptatis
3331 4240 3517 4302 partes,
3543 4253 3645 4290 una

2098 4327 2263 4364 earum
2303 4315 2396 4366 frui
2418 4315 2578 4364 virum
2591 4350 2608 4377 ,
2644 4313 2838 4377 reliquis
2855 4327 3028 4365 novem
3055 4315 3322 4366 mulierem.
3342 4319 3646 4381 Quapropter

2091 4392 2262 4441 iratam
2288 4394 2526 4442 ,lunonem
2548 4390 2713 4441 oculos
2743 4391 2786 4442 ei
2808 4393 3171 4454 compunxisse,
3206 4396 3378 4443 Jovem
3405 4407 3521 4444 vero
3555 4407 3645 4458 pro

2092 4467 2354 4537 luminibus
2366 4467 2598 4531 ademptis
2611 4468 2898 4518 vaticinandi
2910 4469 3081 4535 artem,
3099 4469 3347 4533 vitamque
3367 4484 3451 4534 per
3462 4474 3646 4535 septem

2092 4546 2414 4610 generationes
2427 4547 2471 4596 ei
2489 4547 2786 4596 concessisse.

2157 4706 2309 4756 iidem
2324 4707 2518 4756 narrant
2533 4706 2580 4757 in
2599 4707 2909 4769 Lapitharum
2928 4707 3055 4758 terra
3069 4708 3209 4757 Elato
3221 4705 3318 4769 regi
3333 4705 3480 4755 filiam
3504 4703 3643 4753 misse

2095 4783 2339 4833 Caenidem
2364 4783 2583 4846 nomine,
2615 4784 2691 4833 cui
2712 4786 2960 4848 Neptunus
2993 4783 3283 4848 promisisset
3312 4796 3364 4833 se
3382 4780 3640 4831 concubitu

2095 4860 2300 4922 potitum
2326 4859 2568 4910 facturum
2586 4873 2688 4911 esse
2704 4873 2809 4911 eam
2833 4859 3154 4924 quodcunque
3167 4861 3265 4923 ipsa
3279 4858 3495 4922 ,ἰοῦσι-εις
3518 4857 3644 4907 hanc

2093 4960 2210 4997 vero
2249 4946 2439 5010 petiisse
2468 4949 2525 4997 ut
2569 4948 2618 4998 in
2668 4947 2828 4998 virum
2867 4948 3016 5011 ipsam
3053 4949 3265 4998 mutaret
3303 4947 3450 5010 atque
3478 4945 3644 4996 invul-

2092 5025 2355 5076 nerabilem
2395 5026 2629 5078 redderet.
2650 5026 2791 5086 Quod
2832 5041 2983 5091 quum
3011 5027 3197 5078 fecisset
3236 5029 3510 5090 Neptunus,
3531 5027 3642 5075 (2oe-

2095 5105 2254 5156 uidem
2269 5104 2489 5168 deinceps
2502 5107 2687 5156 mutato
2701 5105 2893 5156 nomine
2905 5106 3187 5170 appellatam
3204 5118 3309 5158 esse
3324 5108 3567 5156 Caeneum.

3671 5166 3702 5178 ..-

3675 5185 3682 5192 s
