4016 5916
517 429 630 480 556

506 561 730 612 Armen.
760 570 869 626 pro
895 549 1089 605 diebus
1114 555 1374 603 numerat
1397 563 1603 612 annos,
1637 543 1795 598 scioli
1823 553 1903 597 est
1928 560 2064 596 mu-

505 643 661 698 tatio.
688 640 871 714 Reges
887 642 1128 712 quinque
1143 653 1272 690 cum
1287 633 1549 702 Eusebio,
1572 649 1691 686 non
1708 635 2067 705 septuaginta

504 740 633 776 cum
659 718 924 775 Africano
947 713 1330 771 numerandos
1358 730 1473 768 esse
1493 711 1611 766 fere
1637 727 1830 765 omnes
1853 719 2063 764 statue-

506 818 637 862 runt
653 848 670 877 ‚
715 805 814 879 qui
837 804 1066 876 antiqua
1091 802 1210 857 11εο
1245 801 1317 857 ad
1343 819 1489 855 verae
1514 798 1760 853 historiae
1792 795 2066 871 probabi-

505 896 717 950 litatem
739 907 1086 964 eomponere
1113 889 1358 945 student.
1383 889 1466 943 Ac
1498 885 1806 941 Bunsenius
1836 883 2065 956 quidem

506 984 581 1037 ita
608 998 730 1036 rem
750 978 995 1052 explicat
1011 987 1075 1032 ut
1094 994 1162 1031 ex
1180 977 1341 1031 litera
1371 971 1411 1029 ε’
1440 992 1508 1028 ex
1533 983 1692 1046 parte
1708 970 1891 1026 deleta
1914 968 2067 1041 apud

507 1068 833 1125 Africanum
882 1065 1118 1120 evaserit
1158 1063 1322 1118 litera
1343 1057 1405 1117 0'.
1451 1060 1603 1115 Nihil
1645 1057 1846 1113 dubito
1865 1098 1881 1126 ‚
1929 1057 2071 1129 quin

508 1156 783 1212 Eusebius
823 1153 985 1209 sicuti
1015 1151 1310 1209 Africanus
1335 1147 1588 1205 statuerit
1624 1156 1837 1201 certum
1864 1162 2071 1199 nume—

509 1261 639 1298 rum
653 1259 850 1316 reg-um
868 1257 1125 1314 regnasse
1138 1255 1244 1312 per
1254 1235 1497 1292 eundem
1511 1251 1808 1289 numerum
1824 1231 2066 1287 dierum.

510 1331 710 1402 Itaque
730 1345 836 1402 pro
867 1322 905 1381 ε’
934 1326 1126 1400 potius
1151 1322 1320 1378 fuerit
1337 1316 1406 1377 οε’
1439 1317 1490 1395 (7
1501 1318 1581 1396 5).
1606 1318 1789 1392 quue
1816 1336 1885 1373 eo
1909 1334 2074 1372 com-

490 1417 791 1491 probatur
841 1412 999 1486 quod
1052 1411 1164 1466 hoe
1205 1418 1421 1465 tantum
1461 1406 1641 1462 modo
1688 1406 1815 1461 erui
1859 1405 2077 1478 possint

512 1522 672 1577 reges
710 1521 812 1574 ¹92
832 1543 848 1569 ,
871 1518 1014 1572 quos
1034 1500 1221 1572 primo
1246 1507 1400 1552 tomo
1426 1515 1457 1551 a
1477 1494 1814 1550 Manethone
1834 1492 2075 1548 recensi-

517 1602 601 1646 tos
620 1605 733 1644 esse
759 1588 1029 1643 Eusebius
1047 1585 1218 1641 tradit
1248 1581 1346 1658 (8.
1371 1601 1431 1658 9.
1457 1581 1515 1640 8.
1551 1601 1641 1652 17.
1675 1580 1768 1639 31.
1797 1578 1889 1649 75.
1923 1580 1981 1636 5.
2016 1585 2074 1643 4.

523 1695 614 1750 19.
648 1674 913 1750 16:192
933 1672 975 1749 ).
1006 1705 1083 1714 —
1105 1672 1362 1728 Ceterum
1394 1688 1571 1744 quum
1592 1669 1682 1725 vel
1706 1669 1957 1741 quinque
1980 1684 2079 1721 re·-

515 1782 610 1840 ges
636 1766 729 1819 vix
756 1781 859 1837 per
890 1779 962 1832 70
989 1759 1107 1816 dies
1128 1759 1446 1834 regnarint,
1478 1757 1719 1813 Bunsen.
1753 1772 1823 1811 ex
1840 1771 2078 1810 numero

521 1847 622 1918 κζ’,
648 1851 746 1922 qui
762 1867 962 1923 regum
988 1856 1067 1902 est
1085 1846 1364 1919 sequentis
1389 1843 1652 1917 dynastiae
1669 1884 1686 1913 ,
1708 1842 1934 1898 assumit
1957 1842 2082 1896 lite·

518 1956 635 1993 ram
654 1935 723 2007 x',
747 1936 992 2008 ideoque
1013 1933 1276 2008 dynastiae
1298 1933 1522 1987 tribuit:
1543 1948 1720 1986 annos
1736 1947 1832 1999 20,
1848 1930 1967 1984 dies
1985 1946 2080 1999 70.

518 2027 697 2082 Porro
723 2043 895 2097 quum
923 2021 1056 2078 alias
1078 2020 1343 2076 Manetho
1373 2018 1620 2075 Africani
1648 2016 1766 2072 dies
1787 2033 2084 2071 numerare

519 2130 632 2167 non
656 2111 863 2180 soleat,
919 2108 1029 2165 hoc
1059 2118 1246 2163 tamen
1276 2106 1405 2162 loeo
1445 2114 1748 2179 propterea
1789 2103 1850 2158 id
1877 2103 2083 2159 sactum

520 2216 663 2272 esse,
696 2196 856 2271 quod
880 2214 1024 2252 unus
1051 2213 1082 2252 e
1107 2193 1336 2272 regibus
1359 2193 1524 2265 hujus
1548 2192 1685 2266 dyn.
1719 2209 1825 2266 per
1854 2207 1927 2262 70
1956 2201 2084 2246 tan-

523 2298 644 2341 tum
662 2285 780 2341 dies
808 2294 1109 2360 regnasset.
1164 2284 1300 2354 Quae
1325 2282 1518 2354 quanti
1541 2278 1796 2336 facienda
1828 2280 1972 2349 sint,
2021 2287 2084 2333 tu

521 2370 730 2430 videas.
766 2401 840 2414 —
857 2371 1117 2428 Ceterum
1143 2368 1439 2425 Boeckhius
1460 2369 1520 2422 in
1543 2385 1821 2423 annorum
1850 2384 2089 2440 compu-

525 2460 734 2515 tatione
774 2476 878 2534 pro
899 2456 1101 2514 diebus
1129 2474 1204 2529 7o
1237 2457 1430 2531 posuit
1451 2475 1659 2512 annum
1676 2496 1694 2526 ,
1721 2454 1989 2529 quoniam
2010 2455 2088 2509 sic

525 2547 750 2601 demum
795 2542 1031 2602 conflari
1078 2546 1254 2620 possit
1303 2561 1519 2600 summa
1571 2561 1850 2599 annorum
1897 2540 2050 2597 2300
2065 2581 2084 2613 ‚

525 2645 667 2706 quot
682 2635 740 2687 in
754 2634 941 2707 primo
952 2632 1101 2688 libro
1123 2632 1388 2687 Manetho
1406 2649 1752 2688 enumerasse
1765 2629 1990 2687 dieitur.
2012 2658 2087 2670 —

524 2720 738 2790 Quodsi
754 2737 899 2774 verae
912 2718 1159 2774 historiae
1173 2719 1366 2775 colore
1384 2718 1588 2775 tradita
1604 2718 1920 2773 illuminare
1930 2716 2087 2784 velis,

526 2808 773 2880 cogitare
795 2806 928 2861 licet
944 2816 1075 2879 post
1101 2816 1345 2861 mortem
1375 2805 1685 2862 Nitocridis
1713 2800 1967 2882 ἀναρχίαν
1993 2803 2092 2857 ob·

529 2893 750 2947 tinuisse
799 2909 905 2966 per
949 2891 1069 2947 dies
1125 2891 1228 2964 75,
1260 2892 1465 2968 quibus
1505 2909 1736 2969 magnus
1766 2891 2089 2967 principum

528 2998 789 3073 numqus
808 2998 1047 3054 regnum
1077 2981 1453 3054 appetiissent.

941 3136 1230 3194 OCTAVA
1268 3138 1660 3197 DYNASTIA.

1264 3257 1361 3319 25.

975 3400 1125 3460 SEC.
1174 3398 1634 3457 AFRICANUM.

608 3543 847 3617 Syncell.
877 3560 937 3616 p.
974 3540 1070 3611 58,
1095 3540 1139 3600 C
1167 3559 1181 3596 t
1211 3534 1406 3615 Ὀγδόη
1431 3536 1703 3595 δυναστεία
1735 3539 1789 3596 Μ
1805 3559 1830 3595 ε
1844 3560 1926 3617 μφ
1944 3541 2090 3596 ιτῶν

533 3634 610 3707 βα
625 3625 864 3686 σιλὲων
894 3626 1000 3700 κζ’,
1026 3624 1075 3685 οἳ
1094 3624 1405 3685 ἐὸασίλευ
1420 3647 1451 3683 σ
1466 3647 1541 3681 αν
1575 3623 1665 3697 ἔτη
1691 3623 1837 3705 ρμς’.
1856 3625 2090 3685 Γίνονται

531 3715 622 3776 σὺν
636 3724 739 3805 τοῖς
754 3714 1181 3798 προτεταγμένοις
1192 3713 1284 3786 ἔτη
1305 3710 1473 3796 'uffo'
1491 3716 1592 3772 τῶν
1608 3710 1744 3773 ὀκτὼ
1757 3714 2086 3774 δυναστειῶν.

1261 3856 1358 3912 26.

1007 3979 1155 4036 SEC.
1197 3975 1593 4033 EUSEBIUM.

612 4110 769 4167 Idem
803 4128 864 4185 p.
901 4108 999 4183 59,
1042 4112 1092 4166 A
1122 4127 1138 4168 ε
1168 4102 1365 4181 Ὀγδόη
1404 4101 1677 4162 δυναστεία
1719 4105 2088 4186 Μεμφιτῶν

534 4192 869 4275 βασιλέων
894 4194 1097 4271 πέντε,
1126 4191 1177 4253 οἳ
1202 4192 1544 4252 ἐδασίλευσαν
1570 4191 1660 4265 ἔτη
1688 4194 1891 4253 ἑκατόν.
1920 4192 2091 4253 Γίνον-

1620 405 2117 467 MANETHONIS
2156 404 2628 465 SEBENNYTAE

2156 554 2341 599 censet
2365 542 2593 600 Boeckh.
2628 561 2687 617 p.
2725 540 2853 608 154.
2887 542 3057 617 Apud
3095 543 3294 602 Euseb.
3333 547 3513 601 Arm.
3555 564 3778 605 ποκα

2157 648 2314 705 reges
2337 640 2628 704 ponuntur
2644 647 2753 704 pro
2775 630 3044 703 quinque.
3073 634 3182 688 Per
3205 651 3474 688 errorem
3493 646 3572 689 ut
3592 635 3784 690 vide-

2160 729 2251 774 tur
2272 717 2326 776 Θ
2344 726 2722 792 permutatum
2741 737 2870 774 cum
2893 718 2962 777 E.
2985 719 3253 776 Similiter
3273 720 3345 780 fr.
3377 720 3456 777 32
3481 740 3588 796 ap.
3619 725 3782 796 Syn·

2160 806 2360 862 cellum
2389 803 2509 865 OG'
2535 824 2644 879 pro
2678 803 2811 863 OE'.
2839 807 3151 865 Barbarus:
3179 807 3472 864 Similiter
3497 812 3780 866 alicu-um

2159 894 2589 967 quattuordecim
2627 912 2804 950 annos
2843 895 2959 952 CX
2955 896 3018 953 L.
3054 897 3204 951 Anni
3239 909 3466 953 centnm
3519 899 3782 955 Eusebii

2162 991 2281 1035 tum
2308 983 2368 1035 in
2389 981 2493 1036 hac
2519 992 2635 1036 tum
2665 982 2724 1035 in
2746 992 3014 1055 sequente
3034 981 3285 1056 dynastia
3305 986 3633 1059 scriptoris
3663 1004 3778 1042 ne-

2161 1068 2438 1143 gligentiae
2462 1067 2756 1126 debentur.
2786 1069 3094 1125 Bunsenius
3126 1088 3236 1145 pro
3267 1069 3348 1138 κζ’
3377 1073 3640 1147 regibus
3669 1092 3778 1130 ar·

2161 1156 2333 1211 bitrio
2362 1175 2465 1211 suo
2497 1167 2754 1211 numerat
2772 1154 2840 1222 ζ’.

2613 1278 2815 1333 NONA
2868 1279 3265 1335 DYNASTIA.

2893 1454 2988 1507 27.

2613 1569 2761 1627 SEC.
2812 1570 3270 1628 AFRICANUM.

2249 1711 2486 1783 Syncell.
2517 1729 2576 1784 p.
2623 1708 2697 1785 59
2720 1712 2763 1766 B
2788 1730 2801 1764 :
2826 1707 3070 1782 Ἐνάτη
3118 1709 3498 1767 δυναστεία
3545 1711 3776 1792 εΗρα-

2172 1797 2622 1853 κλεοπολιτῶν
2674 1795 2982 1874 βασιλέων
3041 1795 3138 1869 ιθ’,
3178 1793 3237 1856 οἳ
3270 1795 3566 1857 ἐὸασίλε
3585 1826 3622 1860 υ
3641 1824 3771 1859 σαν

2175 1882 2282 1956 ἔτη
2322 1883 2433 1940 υθ’·
2454 1872 2525 1940 ὧν
2550 1886 2577 1941 ὅ
2612 1887 2813 1963 πρῶτος
2851 1882 3145 1963 Ἀχθόης,
3183 1884 3488 1952 δεινότατος
3506 1892 3630 1946 τῶν
3673 1889 3778 1967 πρὸ

2175 1972 2330 2028 αὐτοῦ
2353 1969 2624 2048 γενόμενος
2647 1972 2751 2038 τοῖς
2775 1974 2826 2030 ἐν
2871 1971 3018 2052 πάσῃ
3054 1970 3310 2053 Αἰγύπτῳ
3367 1973 3527 2032 κακὰ
3599 1977 3783 2055 εἰργέ-

2176 2080 2302 2117 σατο
2317 2102 2333 2134 ,
2364 2057 2574 2138 ὕστερον
2599 2056 2652 2116 δὲ
2673 2057 2835 2141 μανία
2853 2059 3125 2139 περιέπεσε
3161 2058 3252 2118 καὶ
3272 2059 3376 2119 ὑπὸ
3407 2064 3778 2141 κροκοδείλου

2157 2147 2439 2228 διεφθάρη.
2469 2150 2575 2206 Pro
2600 2146 2675 2207 00¹
2696 2152 3004 2207 Bunsenius
3024 2152 3191 2208 vellet
3211 2149 3290 2206 σθ’
3315 2148 3338 2227 (
3357 2171 3481 2223 ²07
3503 2154 3550 2227 ).

2908 2280 3001 2338 28.

2665 2402 2815 2474 SEC.
2860 2403 3251 2459 EUSEBIUM.

2256 2523 2414 2578 Idem
2444 2542 2503 2597 p.
2551 2523 2626 2579 60
2647 2565 2662 2593 ‚
2699 2527 2749 2579 A
2800 2520 3079 2594 εἘνᾶτη
3126 2522 3283 2598 δυνα
3301 2520 3511 2580 στεία
3559 2522 3777 2605 (Ηρα-

2179 2608 2611 2684 κλεοπολιτῶν
2653 2607 2978 2688 βασιλέων
3007 2608 3387 2689 τεσσάρων,
3423 2608 3494 2669 οἳ
3529 2612 3778 2690 361²&-

2177 2696 2418 2754 λευσαν
2453 2696 2563 2769 ἔτη
2614 2697 2872 2757 ἑκατόν·
2922 2689 2994 2757 ὦν
3036 2701 3233 2778 πρῶτος
3275 2695 3608 2776 Ἀχθώης
3657 2702 3774 2780 (sie

2180 2786 2310 2843 cod.
2349 2788 2441 2860 13„
2466 2805 2575 2862 vgo
2593 2780 2848 2865 Ἄχθος),
2873 2783 3156 2851 δεινότατος
3186 2788 3289 2844 τῶν
3335 2782 3445 2866 πρὸ
3476 2788 3661 2848 αὗτοῧ
3685 2813 3773 2868 γε·

2180 2871 2416 2949 νόμενος,
2446 2882 2551 2940 τοῖς
2574 2875 2626 2932 ἔν
2652 2873 2798 2956 πάσῃ
2826 2873 3077 2956 Αἰγύπτῳ
3099 2871 3237 2932 κακὰ
3262 2873 3592 2953 εἰργάσατο,
3625 2877 3776 2937 ὕστε-

2184 2983 2268 3040 ρον
2295 2960 2347 3019 δὲ
2371 2963 2534 3043 μανίᾳ
2557 2960 2832 3045 περιέπεσε
2865 2964 2956 3023 καὶ
2984 2965 3083 3023 ὑπὸ
3104 2962 3445 3043 κροκοδείλου
3469 2964 3768 3046 διεφθάρη.

2258 3053 2461 3109 Euseb.
2493 3054 2703 3111 Chron.
2733 3074 2791 3129 p.
2822 3075 2895 3130 97
2923 3074 2937 3110 ε
2960 3056 3127 3111 Nona
3146 3054 3423 3125 dynastia
3447 3056 3773 3115 Heracleo·

2174 3142 2478 3213 politarum
2501 3143 2603 3196 IV
2609 3160 2820 3218 regum,
2845 3147 3011 3198 annis
3026 3142 3091 3200 C.
3112 3142 3321 3197 Horum
3332 3149 3579 3218 primus
3599 3146 3776 3202 Oche·-

2181 3233 2290 3283 toe's
2308 3233 2640 3283 soevissImus
2668 3229 3019 3302 regumfuit‚
3042 3235 3138 3304 qui
3169 3230 3282 3286 sibi
3301 3247 3762 3305 proecessemnt,

2181 3320 2593 3391 uniuersumque
2611 3320 2907 3393 Egyptum
2921 3320 3064 3373 dit-is
3072 3319 3505 3375 calamitatibus
3521 3320 3771 3392 affecit.

2180 3405 2341 3459 Idem
2373 3405 2608 3479 dem'que
2646 3412 2884 3462 vesanIa
2911 3418 3187 3482 correptus
3210 3419 3296 3461 est
3324 3419 3387 3463 et
3407 3428 3450 3464 α
3473 3413 3772 3469 crocodilo

2174 3505 2504 3568 peremptus.

2258 3582 2533 3657 Excerpta
2554 3582 2799 3639 Barbara
2830 3583 2870 3638 l.
2896 3584 2937 3643 l.
2973 3595 3269 3641 numerant
3306 3603 3514 3661 regum
3550 3591 3774 3664 111·ςὶηεὶ

2183 3669 2323 3745 (pro
2353 3671 2735 3749 undeviginti)
2763 3690 2938 3728 annos
2976 3678 3110 3746 409.

2600 3838 2880 3923 DljzcfflA
2916 3837 3303 3893 DYNAs‘nA,

2910 3977 3002 4032 29·

2640 4083 2784 4140 SEC.
2815 4082 3260 4140 AFRICANUM.

2260 4208 2500 4282 Syncell.
2531 4227 2594 4283 p.
2620 4207 2714 4283 59,
2740 4212 2818 4267 B:
2841 4208 3048 4280 Δεκάτη
3074 4207 3350 4266 δυναστεία
3369 4209 3454 4270 Ἣ
3475 4234 3506 4290 ρ
3523 4214 3772 4274 ακλεο-

531 4306 618 4342 ται
644 4281 735 4342 σὺν
758 4290 865 4352 τοῖς
895 4281 1326 4363 προτιταγμὲνοῑς
1349 4279 1442 4353 ἔτη
1466 4271 1674 4359 ἆφ5η’
1696 4282 1799 4370 τῷ*
1827 4282 1965 4339 ὂκῖὼ
1999 4282 2087 4339 δυ·
2181 4297 2470 4354 πολιτῶν
2497 4297 2829 4375 βασιλέων
2856 4295 2971 4370 ιθ’,
2995 4297 3045 4355 οἳ
3067 4296 3415 4355 ἕδασίλευσαν
3439 4298 3540 4373 ἔτη
3579 4300 3726 4381 ρπε’.

531 4373 801 4432 ναστειῶν.
833 4374 1007 4448 (Male
1028 4373 1115 4428 his
1144 4371 1460 4446 junguntur
1492 4388 1615 4443 quae
1641 4381 1954 4441 sequuntur
1991 4389 2086 4444 ap.

533 4464 701 4535 Sync.
736 4478 751 4514 z
779 4461 896 4517 κατ’
929 4454 1253 4537 Ἀφρικανόν.
1288 4460 1445 4514 Patet
1478 4457 1596 4512 haec
1625 4474 1738 4512 esse
1764 4457 2089 4530 inscriptio-

533 4566 659 4604 nem
685 4565 881 4603 eorum
898 4585 918 4618 ,
952 4565 1076 4620 quae
1097 4554 1409 4618 sequuntur
1440 4542 1512 4599 de
1538 4541 1674 4617 dyn.
1700 4542 1834 4618 IX.)

612 4642 881 4699 Eusebius
893 4642 1102 4700 Chron.
1118 4657 1133 4698 :
1148 4642 1357 4697 Octava
1371 4641 1634 4712 dynastia
1651 4638 2086 4712 Memphitm-um

533 4731 637 4785 IX
684 4727 798 4806 (ita
834 4739 1049 4805 textus3
1090 4747 1285 4804 margo
1328 4723 1559 4803 rm)
1596 4744 1822 4800 regum,
1862 4744 2087 4800 quorum

531 4819 836 4873 dominatio
853 4834 1028 4873 annos
1044 4828 1259 4873 centum
1283 4818 1580 4890 occupavit.

612 4903 783 4978 Apud
828 4904 1155 4961 Africanum
1197 4905 1243 4960 si
1282 4903 1660 4959 numeraveris
1707 4919 1883 4958 annos
1943 4900 2083 4971 146,

536 5010 752 5046 summa
793 5009 1070 5048 annorum
1100 4991 1247 5047 soret
1276 4990 1422 5058 1643
1451 4988 1467 5068 (
1495 4991 1838 5064 1497-1-146
1859 4988 1904 5065 );
1938 4991 2088 5063 Syn-

534 5078 703 5132 cellus
721 5087 985 5152 supputat
1007 5097 1098 5134 an.
1138 5078 1306 5152 1639.
1328 5080 1510 5153 Igitur
1536 5078 1799 5151 dynastiae
1822 5078 1954 5135 VIII
1982 5077 2087 5131 tri-

2908 4453 3000 4510 30.

2662 4587 2808 4645 SEC.
2853 4587 3238 4646 EUSEBIUM.

2256 4727 2434 4785 Idem.
2459 4746 2517 4801 p.
2545 4727 2700 4797 60‚B
2725 4746 2739 4783 z
2771 4725 2978 4798 Δεκάτη
3017 4724 3290 4784 δυναστεία
3315 4724 3761 4806 Ἡρακλεοπολι-

2178 4814 2279 4869 τῶν
2326 4810 2580 4891 βασιλέων
2629 4813 2707 4885 ιθ’,
2738 4811 2788 4871 οἳ
2829 4814 3171 4873 ἐδασίλευσαν
3211 4811 3300 4883 ἔτη
3346 4814 3490 4893 ρπε’.

2257 4903 2462 4960 Euseb.
2476 4902 2691 4962 Chr-on.
2709 4922 2768 4977 p.
2786 4922 2859 4979 97
2879 4923 2893 4959 τ
2916 4906 3148 4960 Decima
3158 4904 3756 4975 dynastiaHet-acleo-

2171 4992 2476 5064 politamm
2518 4992 2686 5046 XIX
2722 5010 2912 5064 regum
2953 4997 3118 5046 armis
3177 4991 3538 5047 CLXXIV
3588 4996 3749 5071 (187

2180 5078 2775 5154 Samuelis).Excerpt.
2802 5080 2971 5138 Barb.
3002 5081 3036 5136 l.
3063 5079 3102 5135 l.
3137 5090 3436 5135 numerant
3464 5099 3499 5151 7
3549 5102 3753 5158 regum

535 5164 657 5218 buit
693 5182 781 5223 an.
818 5171 945 5231 142.
981 5168 1162 5238 Atque
1192 5165 1302 5220 boc
1331 5184 1439 5238 pro
1464 5183 1600 5220 vero
1619 5163 1943 5219 habendum
1976 5181 2090 5219 esse
2181 5183 2358 5221 annos
2382 5171 2518 5230 204.
