4016 5916
1697 367 2193 430 FRAGMENTA.

3366 382 3472 435 431

281 499 476 559 ἵππων·
530 499 822 576 πέμπτοι
863 501 909 556 δ’
959 496 1224 576 ἁρμάτων·
1278 496 1461 556 ἕκτοι
1516 496 1570 555 δὲ
1624 496 1845 576 ἐλεφάν·
1940 496 2107 576 ἐκείνῃ
2133 497 2218 557 τὸν
2254 502 2386 578 θῆρα
2415 497 2676 571 ἰθύνοντα,
2705 502 2772 564 ὥς
2813 497 2949 558 οἴακι
2980 503 3101 557 ναῦν
3131 498 3502 579 κυὸερνητικὸν

288 613 407 647 των.
440 586 714 648 Βασιλικοί
740 609 794 643 τε
825 585 1044 661 σταθμοὶ
1071 584 1161 643 καὶ
1187 580 1364 651 ἵπποις
1386 583 1475 643 καὶ
1499 583 1714 664 θηρίοις·
1748 589 1843 664 βα-

288 675 485 733 σιλικὸν
513 673 565 732 δὲ
589 673 678 732 καὶ
706 670 1100 754 ὁπλοφυλάκιον·
1124 671 1448 753 παραδίδωσι
1471 671 1572 752 γὰρ
1614 675 1642 729 ὁ
1685 694 1848 752 στρα-

289 761 478 833 τιώτης
509 761 602 834 τήν
644 784 702 820 τε
738 759 926 831 σκευὴν
979 762 1050 827 εἰς
1097 758 1157 818 τὸ
1202 757 1582 838 ὁπλοφυλάκων
1629 759 1717 817 καὶ
1757 758 1845 816 τὸν

286 848 447 907 ἵππον
477 851 546 915 εἷς
573 847 657 907 τὸν
681 849 893 906 ἱππῶνα
924 845 1013 904 καὶ
1048 846 1107 904 τὸ
1135 845 1307 927 θηρίον
1348 845 1555 922 ὁμοίως.
1603 848 1848 925 Χρῶνται

288 938 334 994 δ’
354 936 689 1015 ἀχαλινώτοις
707 958 718 972 ·
735 932 800 992 τὰ
820 935 864 992 δ’
882 932 1094 1014 ἅρματα
1111 935 1162 992 ἐν
1183 937 1294 1001 ταῖς
1314 936 1443 999 ὁδοῖς
1469 933 1581 1012 βόες
1595 931 1846 993 ἕλκουσιν·

291 1018 338 1072 οἱ
371 1017 421 1072 δὲ
448 1012 602 1072 ἵπποι
632 1012 734 1071 ἀπὸ
764 1011 975 1094 φορὸιᾶς
1004 1011 1216 1090 ἄγονται
1248 1017 1336 1071 τοῦ
1368 1010 1442 1088 μὴ
1473 1012 1846 1092 παρεμπίπρα-

292 1106 412 1161 σθαι
453 1100 517 1160 τὰ
554 1101 711 1172 σκέλη
744 1097 875 1175 μηδὲ
904 1098 962 1158 τὸ
990 1098 1249 1179 πρόθυμον
1276 1100 1445 1157 αὐτῶν
1485 1099 1583 1156 ὑπὸ
1618 1107 1723 1165 τοῖς
1749 1097 1849 1178 &p-

294 1211 452 1264 μασιν
478 1187 854 1263 ἀμὸλύνεσθαι.
886 1184 1000 1254 Δύο
1018 1186 1060 1244 δ’
1088 1185 1215 1244 εἰσὶν
1240 1185 1324 1244 ἐπὶ
1348 1188 1420 1265 τῷ
1460 1185 1654 1267 ἅρματι
1678 1209 1848 1267 παρα-

294 1275 451 1332 ὅάται
472 1274 595 1352 π’ρος
612 1273 805 1353 ἡνιόχῳ
820 1297 832 1309 ·
852 1277 878 1331 ὁ
899 1272 953 1330 δὲ
973 1278 1064 1330 τοῦ
1090 1272 1360 1354 ἐλέφαντος
1379 1271 1575 1352 ἡνίοχος
1591 1272 1849 1352 τέταρτος,

290 1365 423 1439 τρεῖς
447 1361 489 1418 δ’
515 1364 561 1419 οἱ
592 1359 679 1417 ἀπ’
711 1363 867 1418 αὐτοῦ
894 1357 1193 1427 τοξεύοντες.
1223 1359 1491 1436 Sequitur
1515 1370 1708 1438 fragm.
1750 1381 1845 1421 αα.

290 1456 374 1507 De
416 1453 635 1507 ratione
665 1471 775 1525 qua
818 1470 993 1524 equos
1021 1462 1077 1506 et
1112 1451 1436 1525 elephantos
1464 1451 1590 1507 Indi
1621 1461 1848 1525 regant,

292 1540 547 1612 pluribus
577 1539 690 1612 agit
714 1539 964 1593 AElianus
990 1537 1136 1592 XIII
1155 1578 1171 1608 ,
1205 1556 1271 1612 9,
1302 1538 1398 1610 qui
1438 1538 1850 1612 Megasthenem

288 1627 490 1699 procul
544 1626 720 1681 dubio
778 1626 1070 1699 exscripsit
1125 1644 1138 1679 :
1164 1622 1380 1681 ’Ἵππον
1431 1620 1484 1680 δὲ
1536 1621 1636 1701 ἄρα
1685 1621 1852 1681 Ἰνδὸν

289 1719 573 1788 κατασχεῖν
621 1711 709 1767 καὶ
746 1710 1062 1789 ἀνακροῦσαι
1093 1711 1444 1788 προπηδῶντα
1487 1709 1575 1767 καὶ
1610 1709 1849 1768 ἐκθέοντα

290 1800 348 1856 οὗ
377 1798 564 1863 παντὸς
594 1789 674 1868 ἦν,
720 1797 855 1854 ἀλλὰ
880 1800 981 1854 τῶν
1015 1800 1074 1856 ἐκ
1101 1796 1284 1863 παιδὸς
1322 1795 1536 1855 ἱππείαν
1568 1798 1851 1855 πεπαιδευ-

293 1883 480 1960 μένων.
511 1887 683 1944 Τοῦτο
708 1883 808 1962 γὰρ
839 1885 1011 1949 αὐτοῖς
1039 1882 1178 1942 ἔστιν
1205 1886 1255 1942 ἐν
1286 1882 1417 1958 ἔθει,
1448 1886 1648 1963 χαλινῷ
1675 1882 1851 1961 ἄρχειν

295 1977 464 2034 αὐτῶν
494 1975 583 2032 καὶ
611 1975 867 2053 ῥυθμίζειν
899 1975 1080 2040 αὐτοὺς
1108 1975 1194 2034 καὶ
1221 1975 1423 2034 ἰθύνειν·
1458 1979 1639 2052 κημοῖς
1669 1973 1723 2033 δὲ
1754 1973 1853 2053 ἄρα

296 2069 596 2143 κεντρωτοῖς
631 2060 920 2120 ἀκόλαστόν
945 2086 1002 2121 τε
1031 2061 1206 2142 ἔχουσι
1235 2062 1331 2135 τὴν
1359 2066 1612 2143 γλῶτταν,
1643 2062 1732 2122 καὶ
1759 2061 1853 2134 τὴν

297 2150 536 2230 ὑπερῴαν
584 2148 950 2208 ἀὸασάνιστον·
1006 2149 1354 2228 ἀναγκάζουσι
1400 2151 1454 2211 δὲ
1496 2151 1677 2217 αὐτοὺς
1718 2147 1856 2228 ὅμως

298 2236 402 2295 οἵδε
445 2239 491 2294 οἱ
521 2236 613 2309 τὴν
643 2239 857 2296 ἱππείαν
888 2239 1129 2320 σοφισταὶ
1171 2241 1496 2321 περικυκλεῒν
1524 2240 1613 2297 καὶ
1661 2240 1854 2318 περιδι-

297 2328 494 2383 νεῖσθαι
534 2326 584 2390 ἐς
612 2325 799 2384 ταύτὸν
834 2324 1230 2408 στρεφομένους,
1253 2326 1342 2384 καὶ
1383 2318 1517 2405 ᾗπερ
1541 2317 1671 2384 εἶδον
1701 2323 1853 2384 ἆστό·

300 2436 446 2489 μους.
479 2415 573 2472 Δεῖ
596 2409 649 2470 δὲ
670 2411 770 2492 ἄρα
801 2416 874 2492 τῷ
897 2418 1047 2471 τοῦτο
1076 2412 1314 2492 δράσοντι
1339 2413 1427 2472 καὶ
1452 2413 1630 2495 ῥώμης
1647 2416 1855 2492 χειρῶν,

300 2501 388 2559 καὶ
413 2499 702 2575 ἐπιστήμης
726 2491 783 2558 εῧ
812 2499 954 2576 μάλα
981 2504 1215 2572 ἱππικῆς.
1241 2504 1534 2580 Πειρῶνται
1558 2500 1611 2559 δὲ
1635 2504 1681 2560 οἱ
1700 2499 1857 2580 προή·

300 2609 471 2655 κοντες
494 2590 565 2654 εἰς
590 2587 745 2668 ἄκρον
768 2589 925 2660 τῆσδε
955 2592 1046 2661 τῆς
1077 2588 1256 2669 σοφίας
1284 2589 1375 2647 καὶ
1402 2586 1546 2669 ἅρμα
1576 2587 1737 2656 οὕτως
1764 2611 1856 2647 πε·

303 2677 559 2753 ρικυκλεῖν
583 2675 672 2733 καὶ
698 2674 980 2756 περιάγειν·
999 2675 1078 2748 εἴη
1090 2678 1140 2734 Ιδ’
1162 2674 1225 2735 ἂν
1247 2669 1398 2743 ἆθλος
1422 2678 1515 2735 οὐκ
1538 2675 1869 2756 εὐκαταφρό-Ι

300 2784 474 2834 νητος,
501 2761 780 2841 ἅδηφάγων
807 2761 984 2823 ἵππων
1007 2763 1259 2842 τέτρωρον
1279 2762 1634 2844 περιστρέφειν
1655 2761 1857 2844 ῥαδίως.

300 2848 463 2928 Φέρει
484 2847 536 2907 δὲ
560 2848 619 2907 τὸ
640 2848 783 2928 ἅρμα
804 2848 1114 2930 παραὸάτας
1135 2849 1223 2908 καὶ
1254 2849 1361 2911 δύο.
1384 2848 1450 2909 Ὁ
1468 2850 1520 2908 δὲ
1542 2849 1862 2930 στρατιώτης

303 2936 485 3012 ἐλέφας
514 2934 598 2993 ἐπὶ
622 2941 710 2994 τοῦ
736 2936 1053 3014 καλουμένου
1077 2935 1332 3019 θωρακίου
1349 2983 1365 3013 ,
1392 2937 1425 3007 ἢ
1449 2935 1540 2995 καὶ
1562 2937 1624 3008 νὴ
1650 2936 1749 2997 Δία
1772 2941 1859 2994 τοῦ

308 3022 466 3081 soi-‚ou
503 3029 697 3101 γυμνοῦ
741 3025 829 3082 καὶ
871 3025 1162 3107 ἐλευθέρου,
1200 3023 1516 3101 πολεμιστὰς
1557 3023 1650 3102 μὲν
1699 3032 1859 3104 τρεῖς,

305 3113 431 3190 παρ’
463 3110 685 3189 ἑκάτερα
714 3112 1028 3189 βάλλοντας,
1063 3113 1152 3171 καὶ
1179 3114 1263 3171 τὸν
1302 3113 1471 3191 τρίτον
1509 3113 1743 3171 κατόπιν·
1775 3111 1857 3171 τέ·

309 3219 486 3277 ταρτον
525 3197 577 3255 δὲ
620 3197 708 3256 τὸν
750 3198 843 3268 τὴν
874 3198 1043 3278 ἅρπην
1074 3200 1361 3281 κατέχοντα
1407 3200 1491 3258 διὰ
1526 3204 1736 3280 χειρῶν,
1769 3200 1861 3258 καὶ

306 3365 543 3423 Ικοηῐεε,
568 3378 783 3413 seor-‚um
822 3381 945 3415 nova
979 3382 1007 3416 a
1037 3370 1309 3419 veteribus:
1345 3382 1456 3431 quae
1477 3369 1559 3432 qui
1597 3369 1866 3431 miscuerit,

320 3441 523 3489 multam
547 3443 791 3504 persolvit.
823 3445 956 3493 Sexti
983 3446 1029 3493 et
1048 3445 1204 3496 ultimi
1237 3447 1538 3497 venditarum
1560 3459 1719 3496 rerum
1744 3446 1869 3495 deci-

319 3530 426 3569 mas
444 3518 639 3579 exigunt
679 3538 693 3569 ι
722 3522 768 3569 et
800 3522 882 3582 qui
920 3521 1136 3583 vectigali
1170 3523 1517 3586 rempublicam
1548 3523 1867 3587 defraudarit,

320 3595 477 3658 capite
493 3596 732 3657 plectitur.
799 3602 866 3646 Ac
892 3599 1113 3658 privatim
1140 3599 1332 3662 quidem
1356 3600 1524 3663 singuli
1540 3600 1647 3650 baec
1664 3603 1864 3662 curant,

306 3671 499 3733 publice
532 3684 647 3721 vero
681 3677 728 3722 et
753 3674 940 3736 privata
962 3678 1009 3724 et
1033 3676 1189 3725 civilia
1221 3678 1269 3727 et
1292 3678 1535 3741 publicam
1591 3678 1866 3741 supellecti-

307 3750 401 3799 lem
426 3752 476 3800 et
493 3753 651 3814 pretia
678 3756 726 3799 et
749 3755 903 3800 torum
923 3755 970 3803 et
995 3757 1159 3816 portus
1183 3758 1232 3805 et
1253 3769 1407 3807 sacra.

369 3828 478 3876 Post
506 3826 638 3875 urbis
662 3828 912 3888 praesectos
942 3832 1012 3879 est
1042 3832 1239 3881 tertium
1274 3832 1554 3895 collegium,
1578 3833 1706 3896 quod
1741 3834 1866 3883 circa

306 3917 407 3953 rem
427 3904 684 3954 militarem
703 3908 936 3970 versatur,
955 3908 1015 3957 ad
1039 3908 1243 3959 eundem
1277 3910 1472 3960 modum
1491 3912 1539 3959 in
1570 3912 1865 3974 quinternio·

312 3994 395 4028 nes
412 3995 493 4030 sex
510 3982 734 4043 divisum,
751 3997 959 4045 quorum
980 3999 1130 4035 unum
1151 3986 1416 4049 adjungunt
1434 3987 1865 4055 classispraetectm

309 4058 573 4107 secundum
606 4059 647 4109 ei
667 4097 680 4120 ‚
720 4061 803 4123 qui
839 4061 993 4112 bobus
1026 4066 1224 4126 praeest,
1258 4063 1436 4126 quibus
1458 4064 1774 4113 instrumenta
1811 4067 1861 4114 et

313 4133 493 4183 cibaria
510 4137 557 4183 et
580 4136 674 4184 alia
694 4138 874 4187 militine
894 4140 1154 4188 necoesaria
1170 4142 1439 4202 portantur.
1453 4140 1604 4190 Iidem
1625 4141 1867 4190 ministros

314 4211 560 4275 praebent,
580 4214 661 4276 qui
681 4217 918 4278 tympanis
941 4220 988 4267 et
1007 4218 1339 4267 tintinnabulis
1359 4219 1578 4279 utuntur,
1601 4218 1714 4268 item
1739 4220 1848 4280 equi

311 4302 452 4339 sones
469 4292 517 4341 et
544 4294 877 4343 machinarum
899 4296 1057 4345 fabros
1074 4335 1088 4357 ,
1113 4299 1160 4346 et
1187 4296 1358 4345 borum
1380 4297 1599 4346 famulos.
1622 4299 1767 4345 Porro
1786 4309 1867 4359 pa·

311 4366 551 4418 bulatores
569 4371 848 4433 pabulatum
868 4374 929 4423 ad
950 4376 1322 4425 tintinnabulum
1344 4375 1569 4433 mittunt,
1599 4376 1796 4437 praemio
1822 4378 1871 4425 et

309 4446 541 4508 supplicio
578 4449 871 4499 celeritatem
895 4454 942 4501 et
976 4453 1281 4501 securitatem
1301 4466 1384 4501 eos
1415 4452 1867 4504 condocefacientes.

313 4523 459 4571 Tertii
478 4524 693 4585 peditum
713 4538 880 4575 curam
898 4527 1103 4589 babent;
1123 4529 1281 4591 quarti
1305 4541 1557 4590 equorum,
1581 4528 1737 4591 quinti
1756 4543 1863 4577 cur-

245 4590 254 4600 “
316 4612 482 4660 ruum,
501 4602 623 4651 sexti
636 4602 1013 4666 elephantorum.
1035 4606 1180 4668 Equis
1197 4618 1254 4653 ac
1277 4605 1445 4654 ceteris
1463 4605 1623 4655 bestiis
1639 4606 1762 4667 regia
1778 4611 1867 4657 sta·

314 4673 431 4723 bula
453 4680 566 4727 sunt
587 4693 600 4725 z
625 4682 698 4729 est
717 4680 861 4730 etiam
882 4683 1062 4744 regium
1085 4682 1524 4743 armamentarium,
1548 4684 1596 4731 in
1617 4697 1714 4746 quo
1734 4697 1869 4733 arma

316 4751 651 4805 adservantur.
674 4761 793 4807 Nam
805 4759 940 4809 miles
958 4760 1254 4808 armaturam
1274 4759 1319 4807 in
1332 4762 1751 4811 armamentarium
1766 4763 1866 4813 red·

315 4827 401 4891 dit,
428 4844 609 4895 equum
641 4834 687 4883 in
705 4835 882 4897 equile,
908 4836 1214 4899 elephantum
1246 4836 1293 4884 in
1313 4850 1453 4886 suum
1474 4837 1587 4887 item
1609 4839 1868 4890 stabulum.

318 4906 405 4956 llis
425 4911 632 4961 utuntur
648 4911 931 4963 infrenibus.
997 4916 1181 4963 Currus
1194 4927 1221 4961 a
1239 4914 1395 4981 bobus
1416 4915 1464 4964 iu
1484 4915 1653 4965 itinere
1671 4917 1873 4968 trabun-

320 4985 427 5045 tur;
450 4986 563 5048 equi
582 4989 788 5050 capistro
802 4988 1064 5053 ducuntur,
1082 5004 1145 5040 ne
1163 4990 1341 5039 femora
1359 4993 1577 5041 curribus
1593 4993 1872 5053 iunctorum

317 5059 609 5125 intertrigine
626 5065 880 5129 laedantur,
896 5082 1017 5118 neve
1036 5082 1201 5118 eorum
1222 5069 1514 5120 alacritatem
1540 5084 1709 5121 currus
1729 5072 1875 5123 bebe-

1938 583 2102 664 ἄνδρα
2125 585 2215 644 καὶ
2241 585 2522 657 ἐπιστάτην
2548 590 2636 657 τῆς
2657 585 2797 653 νεώς.

2117 776 2125 784 ,
2668 721 2759 791 37.

2017 837 2218 892 Strabo
2260 836 2387 909 XV,
2433 841 2540 905 704
2587 833 2873 908 (pra-cedit
2916 834 3216 908 fragmenti
3264 833 3336 889 36
3384 836 3500 890 ini-

1941 925 2115 1000 tium)
2144 945 2157 979 z
2182 921 2375 981 Ἵππον
2419 920 2473 979 δὲ
2519 921 2608 979 καὶ
2637 919 2890 1001 ἐλέφαντα
2921 923 3121 1002 τρέφειν
3167 926 3259 982 οὐκ
3307 919 3498 989 ἔξεστιν

1939 1010 2137 1089 ἰδιώτῃ·
2163 1009 2428 1089 βασιλικὸν
2449 1009 2492 1067 δ’
2511 1007 2752 1087 ἑκάτερον
2775 1007 3074 1086 νενόμισται
3090 1009 3147 1069 τὸ
3171 1016 3348 1089 κτῆμα
3370 1057 3386 1091 ,
3407 1012 3498 1069 καὶ

1940 1097 2066 1157 εἰσὶν
2093 1099 2262 1156 αὐτῶν
2287 1095 2621 1173 ἐπιμεληταί.

2016 1184 2172 1263 Θήρα
2220 1184 2272 1242 δὲ
2303 1187 2404 1241 τῶν
2435 1183 2622 1263 θηρίων
2659 1183 2853 1242 τούτων
2882 1184 3072 1246 τοιάδε.
3103 1184 3306 1266 Χωρίον
3348 1186 3500 1267 ψιλὸν

1940 1270 2058 1330 ὅσον
2083 1273 2340 1352 τεττάρων
2378 1269 2411 1340 ἢ
2437 1269 2587 1329 πέντε
2609 1271 2830 1329 σταδίων
2853 1269 3030 1353 τάφρῳ
3055 1273 3495 1355 περιχαράξαντες

1944 1358 2123 1439 βαθείᾳ
2141 1404 2157 1432 ,
2188 1364 2464 1440 γεφυροῦσι
2490 1358 2581 1428 τὴν
2611 1358 2806 1417 εἴσοδον
2828 1360 3123 1439 στενωτάτῑ·Ι
3148 1361 3343 1441 γεφύρᾳ
3365 1386 3377 1398 ·
3406 1353 3498 1419 εἰτ’

1941 1449 2206 1527 εἷσαφιᾶσι
2237 1445 2442 1518 θηλείας
2485 1446 2577 1512 τὰς
2621 1446 2961 1526 ἡμερωτάτοις
3004 1457 3137 1527 τρεῖς
3168 1447 3201 1519 ἢ
3228 1449 3498 1529 τέτταρας·

1942 1532 2089 1590 αὐτοὶ
2119 1534 2165 1590 δ’
2190 1534 2243 1590 ἐν
2271 1532 2539 1600 καλυὸίοις
2565 1541 2806 1610 κρυπτοῖς
2843 1535 3193 1606 ὃποκάθηνται
3222 1539 3504 1616 λοχῶντες’

1941 1620 2139 1701 ἡμέρας
2179 1619 2273 1696 μὲν
2313 1611 2400 1678 οὖν
2438 1622 2495 1679 οὗ
2519 1621 2792 1700 προσίασιν
2822 1623 2866 1679 οἱ
2896 1621 3093 1701 ἄγριοι·
3116 1623 3316 1705 νύκτωρ
3347 1627 3390 1682 δ’
3423 1624 3505 1703 ἐφ’

1943 1707 2033 1765 ἕνα
2061 1713 2327 1767 ποιοῦνται
2354 1706 2448 1779 τὴν
2489 1706 2707 1767 εἴσοδον·
2740 1708 2998 1768 εἰσιόντων
3024 1709 3076 1768 δὲ
3094 1759 3110 1785 ,
3139 1711 3368 1770 κλείουσι
3401 1711 3494 1783 τὴν

1943 1793 2138 1854 εἴσοδον
2163 1795 2346 1876 λάθρα·
2375 1785 2486 1855 εἶτα
2509 1799 2612 1854 τῶν
2630 1795 2838 1876 ἡμέρων
2868 1799 3102 1868 ἀθλητῶν
3132 1797 3244 1866 τοὺς
3266 1801 3496 1878 ἀλκιμω·

1942 1881 2128 1949 τάτους
2155 1881 2470 1960 εἰσάγοντες,
2505 1882 2846 1963 διαμάχονται
2877 1884 3003 1965 πρὸς
3030 1885 3241 1961 αὐτοὺς,
3273 1886 3385 1964 ἅμα
3409 1885 3500 1946 καὶ

1942 1972 2082 2051 λιμῷ
2098 1977 2520 2038 καταπονοῦντες·
2538 1972 2639 2044 ἤδη
2658 1971 2711 2030 δὲ
2727 1972 3028 2050 καμνόντων
3045 1977 3091 2033 οἱ
3108 1976 3502 2055 εὗθαρσέστατοι

1942 2062 2045 2117 τῶν
2069 2056 2292 2138 ἡνιόχων
2310 2059 2474 2140 λάθρα
2495 2058 2918 2133 καταὸαίνοντες,
2935 2062 3268 2121 ὑποδύνουσιν
3290 2061 3504 2131 ἕκαστος

1944 2151 2010 2224 τῇ
2038 2147 2223 2227 γαστρὶ
2246 2153 2335 2207 τοῦ
2360 2150 2547 2207 οἰκείου
2576 2147 2841 2228 ὀχήματος
2858 2168 2871 2182 ’
2896 2149 3195 2230 ὁρμώμενος
3214 2151 3259 2209 δ’
3278 2150 3512 2227 ἐνθένδε,

1946 2233 2186 2292 ὑποδύνει
2210 2238 2282 2312 τῷ
2312 2233 2502 2314 ἃγρίῳ,
2527 2239 2616 2293 καὶ
2639 2233 2881 2311 σύμποδα
2912 2237 3121 2313 δεσμεῖ·
3150 2237 3425 2316 γενομένου
3449 2240 3502 2299 δὲ

1947 2320 2152 2394 τούτου,
2196 2321 2460 2380 κελεύουσι
2489 2329 2591 2387 τοῖς
2612 2327 2861 2395 τιθασοῖς,
2903 2323 3112 2382 τύπτειν
3149 2325 3266 2392 τοὺς
3298 2349 3502 2401 συμπο-

1947 2410 2237 2482 δισθέντας,
2283 2408 2377 2477 ἕως
2424 2409 2489 2469 ἂν
2542 2409 2768 2469 πέσωσιν
2815 2413 2886 2480 εἰς
2935 2411 3029 2482 τὴν
3080 2417 3194 2490 γῆν·
3243 2414 3505 2472 πεσόντων

1948 2500 1992 2557 δ’
2037 2495 2343 2575 ὧμοῧοΐνοις
2396 2501 2549 2576 ἱμᾶσι
2589 2498 3081 2578 προσλαμὸάνονται
3123 2499 3241 2568 τοὺς
3283 2503 3508 2581 αὐχένας

1949 2589 2117 2650 αὐτῶν
2138 2585 2261 2666 πρὸς
2283 2584 2398 2654 τοὺς
2420 2590 2523 2645 τῶν
2548 2590 2788 2645 τιθασῶν·
2825 2585 2908 2645 ἵνα
2932 2587 2984 2646 δὲ
3009 2587 3082 2665 μὴ
3105 2588 3308 2664 σειόμεν
3320 2613 3367 2646 οι
3392 2588 3502 2657 τοὺς

1950 2674 2246 2733 ἅναὸαίνειν
2272 2677 2354 2732 ἐπ’
2396 2673 2577 2738 αὐτοὺς
2605 2675 2992 2753 ἐπιχειροῦντας
3021 2674 3372 2750 ἀποσείοιντο,
3402 2685 3507 2744 τοῖς

1948 2763 2227 2843 τραχήλοις
2259 2764 2426 2819 αὐτῶν
2453 2760 2805 2838 έμὸάλλονται
2832 2761 3006 2842 κύκλῳ
3040 2762 3236 2840 τομὰς,
3267 2762 3356 2821 καὶ
3386 2788 3487 2822 κατ

1951 2849 2112 2916 αὐτὰς
2138 2846 2254 2915 τοὺς
2293 2847 2512 2927 ἱμάντας
2539 2847 2902 2929 περιτιθέασιν,
2936 2846 3060 2907 ὥσθ’
3087 2852 3176 2907 ὑπ’
3207 2851 3485 2929 ἀλγηδόνα»

1951 2936 2103 2998 εἴκειν
2128 2941 2231 3006 τοῖς
2253 2938 2489 3016 δεσμοῖς,
2512 2937 2600 2997 καὶ
2619 2935 2917 3017 ἡσυχάζειν·
2943 2940 3042 2995 τῶν
3063 2937 3108 2996 δ’
3129 2938 3362 2998 ἁλόντων
3385 2942 3494 2999 ἄπο

1951 3024 2187 3094 λέξαντες
2231 3023 2347 3094 τοὺς
2381 3024 2756 3104 πρεσὸυτέρους
2792 3024 2826 3093 ἢ
2871 3024 3146 3103 νεωτέρους
3173 3028 3512 3107 τῆς“χρείας,

1951 3112 2068 3186 τοὺς
2105 3111 2313 3180 λοιποὺς
2344 3110 2627 3190 ἀπάγουσιν
2667 3113 2736 3178 εἰς
2786 3109 2903 3178 τοὺς
2944 3111 3231 3189 σταθμούς·
3260 3115 3506 3186 δήσαντες

1957 3200 2012 3258 δὲ
2042 3198 2156 3266 τοὺς
2203 3200 2296 3275 μὲν
2341 3199 2504 3264 πόδας
2546 3199 2675 3277 πρὸς
2705 3199 2997 3272 ἀλλήλους,
3041 3198 3156 3265 τοὺς
3197 3199 3252 3258 δὲ
3277 3190 3503 3270 αὐχένας

2687 3391 2774 3438 37.

2021 3511 2208 3570 Equum
2230 3508 2278 3557 et
2317 3506 2621 3567 elephantum
2659 3505 2843 3567 privato
2876 3504 3055 3553 homini
3091 3505 3216 3553 alere
3237 3504 3462 3553 nonlicet
3489 3518 3510 3553 ε

1957 3589 2217 3647 utrumque
2240 3585 2366 3635 enim
2388 3585 2508 3646 regis
2526 3583 2753 3646 possessio
2773 3586 3010 3643 censetur,
3022 3582 3407 3645 suntqueliarum
3429 3597 3505 3633 re·

1957 3680 2064 3715 rum
2084 3667 2342 3715 cui-atores⁸

2019 3742 2332 3804 Elepliantum
2370 3741 2531 3791 autem
2567 3738 2636 3789 sic
2669 3740 2924 3790 venantur.
2991 3741 3172 3788 Locum
3208 3738 3415 3802 aliquem
3447 3739 3509 3789 ab

1955 3822 2086 3871 omni
2110 3823 2360 3883 purgatum
2384 3819 2584 3870 materia
2602 3855 2615 3878 ,
2634 3819 2864 3881 quattuor
2882 3819 2966 3867 aut
2990 3818 3202 3881 quinque
3223 3818 3506 3879 stadiorum,

1958 3897 2191 3962 protunda
2217 3899 2340 3947 fossa
2373 3895 2690 3948 circumdant.
2726 3898 2850 3946 Tum
2877 3896 3138 3957 ingl-meum
3170 3898 3315 3958 ponte
3357 3908 3508 3957 angu-

1955 3978 2160 4027 stissimo
2172 3976 2392 4039 jungunt.
2417 3974 2597 4026 Deinde
2609 3978 2703 4025 tres
2718 3976 3012 4037 quattuorve
3030 3975 3304 4038 elephantes
3315 3975 3511 4023 seminas

1956 4055 2017 4104 de
2036 4055 2293 4104 mansuetis
2315 4054 2580 4105 immittunt
2612 4072 2624 4102 ε
2664 4051 2752 4115 ipsi
2771 4052 2820 4102 in
2851 4052 3056 4114 tuguriis
3084 4052 3262 4101 occulti
3285 4052 3509 4101 insidian-

1959 4137 2053 4183 tur.
2119 4138 2207 4184 Per
2224 4134 2352 4184 diem
2376 4134 2615 4183 silvestres
2636 4144 2736 4180 non
2778 4134 3041 4193 accedunt,
3068 4133 3209 4181 nocte
3225 4134 3387 4180 autem
3410 4132 3511 4180 sin-

1956 4214 2154 4276 gulatim
2177 4213 2418 4262 introeunt
2444 4214 2649 4276 :quibus
2671 4214 2890 4276 ingressis
2915 4217 3163 4263 venatoroe
3184 4214 3305 4262 clam
3326 4200 3514 4263 aditum*

1957 4291 2235 4342 occludunt.
2272 4296 2441 4342 Postea
2479 4293 2735 4342 nonnullos
2755 4306 2784 4343 e
2811 4293 3052 4342 cicuribus
3073 4292 3390 4342 certatoribus
3421 4293 3515 4341 for·

1959 4371 2162 4420 tissimus
2182 4369 2536 4420 introducentes
2571 4383 2682 4420 cum
2714 4370 2772 4419 iis
2803 4372 3040 4432 pugnant,
3060 4370 3199 4419 simul
3222 4370 3366 4419 etiam
3389 4370 3515 4419 fame

1959 4453 2243 4515 defatigant.
2303 4456 2465 4512 Quum
2502 4465 2615 4500 vero
2648 4452 2750 4512 iam
2792 4451 2960 4502 defessi
2999 4452 3202 4510 suerint,
3243 4453 3513 4514 aurigarum

1959 4528 2285 4590 audacissimi,
2325 4528 2450 4577 clam
2469 4528 2874 4577 descendenteect
2900 4528 2972 4576 sui
3009 4528 3210 4590 quisque
3251 4529 3514 4591 elephantis

1960 4610 2150 4657 uterum
2168 4607 2454 4667 subeuntes,
2478 4607 2731 4668 compedes
2753 4607 2845 4656 illis
2869 4607 3099 4667 injiciunt.
3163 4609 3272 4664 Quo
3297 4607 3423 4656 facto
3448 4609 3510 4656 ci·

1961 4699 2099 4734 cures
2121 4684 2343 4746 instigant
2367 4686 2422 4733 ut
2454 4683 2639 4732 vinctos
2661 4683 2942 4744 verberent,
2976 4696 3228 4745 quousque
3258 4684 3307 4733 in
3335 4686 3513 4734 terram

1960 4763 2149 4813 cadant.
2212 4763 2473 4824 Postquam
2509 4760 2811 4823 ceciderunt,
2836 4760 3028 4811 bubulis
3061 4762 3174 4812 loris
3198 4774 3366 4812 eorum
3392 4764 3514 4814 colla

1960 4842 2020 4891 ad
2041 4842 2331 4891 domitorum
2351 4839 2652 4902 adstringunt
2672 4860 2685 4892 ι
2706 4843 2754 4890 et
2772 4854 2832 4891 ne
2849 4840 3151 4891 adscensores
3168 4842 3394 4891 excutere
3411 4856 3514 4905 pos·

1962 4919 2084 4980 sint,
2118 4918 2241 4969 colla
2263 4917 2685 4981 circumcidentes,
2725 4918 2775 4967 in
2802 4917 2995 4968 caesuris
3017 4919 3208 4968 vincula
3233 4919 3513 4981 imponunt,

1964 5000 2018 5045 ut
2042 5009 2141 5058 prae
2167 4995 2332 5046 dolore
2351 4994 2556 5045 vinculis
2584 4994 2754 5045 cedant
2773 4997 2821 5045 et
2852 4994 3061 5057 quietem
3092 4997 3249 5058 agant.
3280 4997 3347 5045 De
3368 4997 3518 5060 captis

1961 5076 2223 5137 seliguntur
2244 5075 2522 5137 quicunque
2550 5076 2623 5124 vel
2649 5074 2779 5125 senio
2799 5075 2874 5125 vel
2906 5075 3104 5136 iuventa
3131 5075 3323 5125 inutiles
3352 5080 3466 5126 sunt
3501 5090 3515 5124 ι

318 5138 439 5187 tent.
503 5143 688 5191 Currus
706 5145 881 5205 praeter
900 5146 1115 5209 aurigam
1137 5148 1351 5197 vectores
1369 5147 1488 5198 duos
1506 5149 1668 5210 babet,
1689 5150 1875 5213 elephas
1962 5152 2130 5216 reliqui
2184 5152 2233 5201 in
2272 5151 2458 5201 stabula
2495 5150 2755 5212 ducuntur,
2788 5154 2836 5201 et
2869 5150 3068 5214 pedibus
3107 5152 3310 5202 invicem
3346 5152 3522 5202 vinctis

317 5212 534 5278 aurigam
554 5221 602 5269 et
620 5221 719 5270 tres
743 5221 1030 5284 sagittarios-

1963 5242 2020 5279 ac
2034 5229 2157 5280 collo
2166 5229 2229 5280 ad
2242 5229 2516 5280 columnam
2533 5229 2687 5280 valide
2699 5228 2894 5280 infixam
2911 5231 3034 5283 lame
3047 5228 3305 5281 domantur
3319 5251 3333 5282 ι
3348 5230 3518 5281 deinde
