4016 5916
560 434 715 477 XXVI

562 538 842 605 κούσαντος
860 582 876 608 ,
901 542 1186 618 ὓποκριθεὶς
1204 541 1274 606 ὡς
1303 540 1449 619 φίλον
1478 540 1732 601 συνέλαὸε
1752 542 1839 601 τὸν
1860 544 2080 624 βασιλέα
2094 571 2106 582 ·

557 624 648 680 καὶ
675 623 790 683 τότε
811 624 906 701 μὲν
935 625 1097 697 δήσας
1126 627 1538 706 παρεφύλαττεν,
1557 629 1768 710 ὕστερον
1805 631 1860 688 δὲ
1889 634 2105 693 ἀνεῖλεν.

557 710 786 787 Ὁμοίως
803 712 858 770 δὲ
879 712 968 771 καὶ
983 711 1036 772 Ἄ
1046 716 1175 781 ζιζος
1198 714 1333 771 κατὰ
1355 714 1449 782 τὰς
1467 715 1744 793 γενομένας
1762 718 1848 776 ἐπὶ
1869 723 2109 799 μερισμῷ

557 803 647 869 τῆς
676 802 940 878 Συριακῆς
969 799 1234 878 βασιλείας
1262 801 1546 875 συνθέσεις,
1576 804 1862 863 ἐπεὸάλετο
1891 808 2106 886 δολοφο-

552 891 710 955 νῆσαι
724 886 810 942 τὸν
835 885 1106 946 Φίλιππον
1120 910 1132 923 ·
1150 890 1178 944 ὃ
1193 887 1246 945 δὲ
1263 889 1663 968 προαισθόμενος
1686 892 1780 962 τὴν
1804 892 2106 967 ἔπιὸουλὴν,

562 972 747 1051 ἔφυγεν
774 975 844 1039 εἷς
863 972 958 1043 τὴν
988 972 1318 1052 Ἀντιόχειαν.

632 1062 858 1121 XXXV.
900 1059 1029 1120 (Ότι
1046 1059 1181 1118 κατὰ
1216 1060 1311 1132 τὴν
1340 1060 1558 1139 Ῥώμην
1595 1064 1881 1132 Κατιλίνας
1905 1090 1978 1132 τις
2001 1089 2101 1124 κα-

548 1145 655 1223 τάχ
659 1169 783 1224 ρεως
826 1146 892 1223 (ι)
930 1145 1021 1204 καὶ
1065 1146 1288 1213 Λέντλος
1304 1192 1322 1225 ,
1371 1152 1399 1206 ὁ
1447 1150 1847 1226 ἐπικαλούμενος
1885 1152 2104 1232 Σούρας,

551 1233 875 1311 ἀθροίσαντες
902 1231 1058 1312 ὄχλον
1095 1234 1167 1313 (2)
1199 1233 1486 1294 ἀπόστασιν
1510 1236 1829 1312 ἐμελέτησαν
1852 1236 1989 1296 κατὰ
2014 1245 2106 1311 τῆς

550 1319 840 1395 συγκλήτου
865 1318 1049 1398 τοιῷδέ
1063 1342 1164 1377 τινι
1184 1320 1384 1401 τρόπῳ.
1429 1322 1743 1393 Μελλούσης
1766 1324 1900 1390 τινὸς
1927 1328 2103 1405 ἑορτῆς

548 1396 711 1477 εἶναι,
737 1405 853 1464 καθ’
870 1406 935 1476 ἣν
961 1403 1074 1472 ἔθος
1104 1398 1167 1478 ἦν
1190 1406 1306 1473 τοὺς
1343 1410 1829 1488 πατρωνευομένους
1861 1411 1962 1469 ὑπὸ
1998 1416 2102 1469 τῶν

550 1494 603 1549 ἐν
630 1494 912 1571 ὑπεροχαῖς
938 1492 1099 1550 ὄντων
1124 1492 1259 1561 ξὲνια
1288 1493 1533 1569 πέμπειν,
1564 1495 1652 1553 καί
1683 1495 1768 1553 διὰ
1798 1495 1994 1566 ταύτην
2020 1500 2100 1554 αἰ-

549 1577 664 1635 τίαν
691 1580 756 1636 δι’
777 1578 900 1648 ὅλης
917 1584 1010 1650 τῆς
1028 1579 1206 1645 νυκτὸς
1225 1584 1485 1660 ἆνεῶχθαι
1508 1580 1601 1647 τὰς
1624 1582 1788 1648 οἰκίας
1814 1582 2101 1657 συνέὸαινε,

546 1665 813 1724 συνέθεντο
830 1657 915 1724 οὖν
936 1665 1074 1724 κατὰ
1089 1671 1267 1727 τοῦτον
1283 1667 1370 1727 τὸν
1393 1667 1570 1748 καιρὸν
1591 1667 1898 1744 εἰσπέμπειν
1919 1673 1989 1736 εἰς
2007 1671 2101 1738 τὰς

542 1753 646 1807 τῶν
691 1750 1168 1828 ἐπιδουλευομένων
1197 1755 1362 1821 οἰκίας
1396 1753 1512 1821 τοὺς
1548 1755 1896 1835 προσάξοντας
1928 1760 2102 1825 αὐτοῖς

543 1835 634 1902 τὰς
655 1838 862 1917 χεῖρας·
891 1836 978 1904 οὓς
1006 1837 1107 1896 ἔδει
1134 1838 1229 1909 τὴν
1257 1838 1351 1915 μὲν
1375 1840 1665 1920 φαντασίαν
1685 1841 1840 1922 χάριν
1872 1848 1964 1914 τῆς
1993 1849 2097 1902 τῶν

542 1920 717 1990 ξενίων
758 1925 999 2003 εἰσφορᾶς
1037 1925 1345 1993 ἀνυπόπτως
1380 1927 1699 1995 εἰσελθόντας
1708 1975 1724 2000 ,
1760 1928 1849 1987 καὶ
1891 1929 2098 1999 ἀδήλως

542 2009 967 2088 παρεζωσμένους
991 2010 1138 2091 ξίφη,
1161 2013 1251 2070 καὶ
1273 2017 1391 2071 κατ’
1414 2013 1616 2090 ὀλίγους
1634 2015 1713 2094 ἐφ’
1736 2014 1930 2093 ἑκάστῃ
1958 2017 2095 2097 οἰκίᾳ

545 2097 985 2176 μεμερισμένους,
1020 2101 1102 2178 ὑφ’
1130 2097 1219 2157 ἕνα
1248 2099 1338 2158 καί
1367 2098 1455 2158 τὸν
1480 2099 1632 2157 αὐτὸν
1670 2101 1848 2180 καιρὸν
1882 2103 2095 2161 ἅπασαν

548 2184 732 2262 σχεδὸν
760 2184 854 2257 τὴν
871 2186 1160 2264 σύγκλητον
1189 2188 1410 2245 ἀνελεῖν.
1492 2189 1691 2246 Τοῦτον
1715 2187 1770 2245 δὲ
1796 2188 1882 2246 τὸν
1904 2189 2095 2268 τρόπον

542 2272 976 2349 διεσκευασμένης
992 2277 1084 2343 τῆς
1104 2272 1407 2346 ἐπιδουλῆς,
1429 2273 1733 2352 παραδόξως
1755 2275 2092 2347 διεσώθησαν.

540 2356 747 2418 Ὄντων
774 2359 877 2439 γὰρ
916 2360 1170 2419 πλειόνων
1205 2359 1237 2431 ἢ
1273 2360 1694 2441 τεσσαρακοσίων
1732 2366 1834 2421 τῶν
1877 2363 1963 2421 ἐπὶ
1996 2363 2091 2433 τὴν

539 2445 744 2525 σφαγὴν
763 2445 1119 2525 τεταγμένων,
1149 2447 1240 2505 ἕνα
1264 2446 1458 2506 τούτων
1494 2449 1815 2523 διακείμενον
1838 2451 2094 2528 ἐρωτικῶς

537 2533 664 2612 πρός
690 2556 806 2592 τινα
831 2534 1112 2607 παιδίσκην
1139 2536 1229 2591 καὶ
1248 2536 1349 2593 ὑπὸ
1381 2534 1573 2607 ταύτης
1596 2537 2091 2616 παραθεωρούμενον

536 2620 810 2687 πλεονάκις
826 2620 995 2699 λέγειν
1013 2621 1194 2700 [φασὶν
1210 2618 1313 2699 ὅτι]
1328 2622 1389 2701 (a)
1407 2624 1521 2698 μετ’
1541 2622 1715 2700 ὀλίγας
1729 2623 1926 2703 ἡμέρας
1943 2623 2091 2683 ἔσται

535 2711 624 2764 τοῦ
663 2707 957 2783 πνεύματος
1002 2710 1162 2778 αὐτῆς
1199 2706 1390 2787 κύριος.
1487 2709 1598 2780 Τῆς
1641 2709 1696 2767 δὲ
1732 2711 2093 2786 θαυμαζούσης

536 2791 595 2851 τὸ
620 2792 771 2871 ῥηθὲν
799 2793 891 2851 καὶ
914 2794 989 2870 μὴ
1014 2793 1302 2870 δυναμένης
1318 2800 1505 2867 νοῆσαι
1525 2794 1618 2866 τὴν
1634 2795 1803 2855 αἰτίαν
1827 2800 1918 2868 τῆς
1932 2797 2091 2874 ἁμίλ-

533 2882 651 2958 λης,
672 2879 760 2939 τὸν
776 2878 870 2957 μὲν
888 2880 1153 2940 νεανίσκον
1174 2879 1344 2958 μένειν
1365 2883 1450 2941 ἐπὶ
1468 2888 1559 2955 τῆς
1574 2882 1869 2950 ἀνατάσεως
1890 2884 1975 2964 (4),
1994 2885 2089 2957 τὴν

532 2967 588 3025 δὲ
619 2967 755 3026 κατὰ
774 2967 869 3039 τὴν
894 2968 1283 3050 συμπεριφορὰν
1318 2971 1410 3029 καὶ
1437 2970 1531 3044 τὴν
1572 2971 1686 3048 μετ’
1714 2972 1869 3029 αὐτοῦ
1898 2973 2087 3050 μέθην,

532 3052 947 3134 ὑποκριναμένην
975 3055 1361 3135 κεχαρισμένας
1388 3058 1592 3131 ὁμιλίας
1623 3058 1686 3135 (a)
1720 3056 1888 3125 ἀξιοῦν
1917 3061 2087 3131 δηλῶ-

533 3164 651 3213 σαι,
675 3139 792 3200 τίνα
812 3142 937 3199 ποτὲ
959 3147 1077 3202 νοῦν
1103 3141 1213 3222 ἔχει
1234 3142 1293 3202 τὸ
1314 3143 1493 3224 ῥηθέν·
1520 3143 1606 3202 τὸν
1630 3145 1683 3203 δὲ
1709 3144 1794 3203 διὰ
1811 3147 1898 3204 τὸν
1916 3146 2086 3221 ἔρωτα

535 3230 842 3310 βουλόμενον
886 3231 1050 3309 ταύτῃ
1098 3229 1445 3309 χαρίσασθαι,
1488 3242 1661 3291 πᾶσαν
1706 3230 1801 3303 τὴν
1830 3233 2079 3304 ἀλήθειαν

533 3322 785 3393 μηνῦσαι.
805 3319 857 3377 Τ
857 3314 919 3386 ὴν
935 3315 990 3374 δὲ
1007 3317 1443 3396 προᾶποιηθεῑσαν
1459 3318 1572 3395 μετ’
1589 3319 1784 3386 εὖνοίας
1805 3318 1895 3377 καὶ
1916 3328 2085 3399 χαρᾶς

533 3404 770 3483 δεδέχθαι
796 3404 886 3463 τὸν
928 3403 1100 3479 λόγον,
1148 3408 1442 3475 σιωπῆσαν
1483 3411 1549 3486 τῇ
1592 3408 1647 3464 δὲ
1683 3406 1928 3487 ὑστεραία
1957 3406 2083 3488 πρὸς

533 3490 628 3560 τὴν
652 3495 742 3548 τοῦ
764 3488 962 3548 tantm
990 3488 1284 3570 Κικέρωνος
1302 3496 1522 3568 γυναῖκα
1550 3492 1972 3565 καταντήσασαν,
1996 3493 2085 3551 καὶ

533 3579 650 3635 κατ’
674 3576 807 3636 ἰδίαν
838 3580 1199 3657 διαλεχθεῖσαν
1230 3578 1350 3657 περὶ
1376 3578 1592 3652 τούτων,
1625 3581 1941 3658 ἀπαγγεῖλαι
1966 3579 2084 3646 τοὺς

538 3663 783 3745 ῥηθέντας
822 3663 1004 3741 λόγους
1043 3665 1143 3723 ὑπὸ
1169 3669 1260 3724 τοῦ
1302 3667 1588 3726 νεανίσκου.
1672 3666 1779 3727 Καὶ
1815 3669 1981 3745 τούτῳ
2007 3670 2084 3744 τῷ

530 3751 708 3831 τρόπῳ
735 3750 959 3832 φανερὰν
979 3750 1217 3829 γενέσθαι
1249 3750 1344 3823 τὴν
1374 3753 1569 3811 τούτων
1593 3752 1942 3838 συνωμοσίαν.
1972 3754 2082 3813 Τὸν

530 3838 584 3896 δὲ
608 3836 675 3896 τὰ
695 3836 789 3914 μὲν
809 3837 1061 3897 ἀνατάσει
1079 3839 1168 3897 καὶ
1187 3837 1356 3919 φόὸῳ,
1381 3838 1449 3898 τὰ
1473 3839 1526 3898 δὲ
1554 3840 1886 3919 παρακλήσει
1901 3843 2081 3920 φιλαν-

528 3926 721 4005 θρώπῳ
755 3926 1089 4006 χρησάμενον
1130 3931 1315 4004 μαθεῖν
1343 3927 1571 4007 ἀκριὸῶς
1608 3928 1737 4008 παρ’
1779 3930 1947 3986 αὐτῶν
1985 3924 2080 3997 τὴν

526 4010 651 4086 ὅλην
687 4013 987 4085 ἐπιὸουλήν.
1250 4029 1263 4036 “

571 4192 775 4238 ‘ruoz
808 4194 932 4238 ΤΗΣ
968 4192 1249 4239 ΙΣΤΟΡῙΔΣ
1288 4192 1587 4238 ΔΙΟΔΩΡΟΥ
1621 4191 2022 4238 ΣΙΚΕΛῙΩῙὈΥ.

1318 422 1415 481 ΕΚ
1469 423 1639 482 ΤΗΣ-
1664 425 2026 485 ΙΣΤΟΡΙΑΣ
2080 430 2460 493 ΔΙΟΔΩΡΟΥ
2503 437 2988 501 ΣΙΚΕΛΙΩΤΟΥ.

2198 559 2477 626 simulabat,
2502 578 2613 615 eum
2638 570 3023 632 oemprehendit,
3059 575 3108 621 et
3129 577 3242 621 tuine
3275 576 3469 635 quidem
3507 577 3554 625 in
3578 580 3748 627 custo·

2198 665 2325 714 (liam
2352 665 2508 728 dedit,
2538 667 2710 718 deinde
2727 684 2840 721 vero
2864 674 3111 724 interfecit.
3142 676 3367 726 Similiter
3406 680 3551 728 etiam
3577 682 3749 730 Azizus

2199 779 2261 815 ex
2279 768 2431 831 pactis
2452 783 2563 832 qum
2595 771 2657 821 de
2678 772 2935 824 dividendo
2967 789 3111 837 regno
3137 778 3286 839 syrim
3311 780 3545 842 fecerant,
3574 783 3749 844 Phiiip-

2198 886 2313 934 pum
2336 874 2460 923 clam
2482 875 2701 925 occidere
2726 877 2892 928 voluit
2931 880 2993 928 At
3029 881 3272 944 Phiiippus
3293 882 3484 934 insidias
3515 884 3749 936 odoratus

2198 975 2308 1036 tuga
2333 976 2485 1026 evasit
2504 977 2820 1029 Antiochiam.
3557 960 3566 969 ⁸

2257 1084 2453 1131 xxxv.
2488 1086 2654 1133 Romoe
2685 1084 2889 1135 catilina
2907 1099 3007 1137 aere
3026 1089 3183 1138 alieno
3213 1103 3403 1152 pressus
3431 1096 3480 1142 et
3511 1096 3749 1144 Lentutus

2193 1196 2508 1254 cognomento
2525 1197 2647 1245 Sura
2677 1197 2971 1258 plebeiorum
2989 1200 3185 1250 turbam
3212 1206 3551 1265 congregantes
3573 1209 3747 1255 eontra

2193 1303 2409 1350 senatum
2437 1314 2631 1352 movere
2654 1304 2932 1355 seditionem
2951 1308 3270 1358 moliebantur
3303 1311 3431 1360 bunc
3451 1312 3502 1361 in
3519 1314 3742 1367 modum.

2195 1410 2407 1459 instabat
2428 1410 2529 1460 dies
2555 1412 2702 1461 festus
2716 1447 2731 1473 ,
2752 1426 2850 1474 quo
2875 1413 3072 1463 clientes
3086 1413 3215 1463 dona
3233 1416 3423 1466 mittere
3444 1419 3659 1480 patronis
3671 1434 3744 1469 so·

2193 1519 2373 1581 lebant3
2393 1522 2441 1570 et
2459 1523 2708 1583 propterea
2724 1535 2805 1584 per
2826 1522 2980 1571 totam
2993 1525 3183 1572 noctem
3202 1523 3376 1575 domus
3388 1530 3567 1589 apertm
3583 1532 3740 1581 eraint.

2199 1630 2285 1679 lita
2331 1632 2471 1692 igitur
2491 1633 2845 1694 opportunitate
2878 1634 3109 1684 utendum
3143 1648 3245 1685 esse
3265 1639 3564 1702 statuerunt,
3603 1646 3658 1691 ut
3697 1644 3743 1691 iu

2189 1740 2315 1790 aedoe
2336 1754 2529 1801 corum,
2543 1742 2718 1804 quibus
2740 1742 2929 1792 insidias
2952 1745 3217 1807 struebant,
3239 1758 3539 1808 percussores
3559 1750 3742 1800 immit-

2188 1855 2372 1913 terent,
2395 1852 2482 1914 qui
2498 1852 2588 1902 sub
2608 1853 2763 1915 specie
2786 1853 3086 1903 serendorum
3109 1854 3343 1905 donorum
3372 1858 3494 1908 citra
3515 1862 3742 1924 suspicio—

2187 1973 2299 2009 nem
2317 1961 2509 2023 ingressi
2533 1962 2582 2011 et
2605 1961 2808 2012 latenter
2838 1962 3004 2025 gladiis
3039 1964 3184 2014 cincti
3202 1969 3350 2027 atque
3379 1966 3446 2016 ita
3464 1967 3738 2029 distributi,

2187 2075 2243 2121 ut
2278 2073 2414 2133 pauci
2457 2074 2651 2135 singulis
2681 2074 2899 2124 domibus
2932 2075 3295 2136 assignarentur,
3331 2090 3427 2126 uno
3465 2079 3736 2142 eodemqm=

2185 2180 2411 2242 temporis
2432 2184 2677 2231 momento
2698 2184 2852 2231 totum
2885 2196 3020 2245 poene
3036 2187 3254 2233 senatum
3277 2185 3586 2236 trucidarent.
3617 2192 3730 2238 lusi·

2184 2289 2371 2338 diarum
2390 2290 2572 2340 ratione
2598 2303 2666 2340 sic
2683 2292 2971 2353 composita,
2998 2296 3170 2355 practer
3201 2294 3471 2356 opinionem
3494 2301 3736 2347 senatores

2181 2400 2355 2449 servati
2377 2402 2507 2450 sunt.
2534 2400 2718 2451 Etenim
2742 2415 2893 2463 quum
2932 2415 3077 2465 supra
3090 2403 3604 2480 quadringentos'caedi
3629 2421 3733 2469 per-

2182 2510 2376 2573 agendae
2410 2511 2620 2575 proet‘ecti
2678 2513 2858 2573 essent,
2886 2513 3058 2562 accidit
3094 2515 3148 2563 ut
3172 2527 3297 2565 unus
3319 2528 3486 2564 eorum
3510 2529 3540 2564 a
3571 2517 3728 2578 puella

2181 2633 2325 2682 quam
2360 2619 2632 2683 deperiebat
2661 2619 2916 2682 despectus
2949 2623 3124 2671 iterum
3148 2635 3206 2671 ac
3235 2624 3411 2686 saepius
3443 2625 3487 2674 ei
3514 2624 3694 2674 diceret
3717 2647 3727 2674 :

2182 2749 2204 2772 «ι
2230 2730 2395 2780 Paucis
2411 2729 2580 2779 diebus
2597 2731 2704 2792 post
2724 2730 2883 2780 anima
2901 2732 2986 2779 tua
3006 2730 3056 2778 in
3075 2742 3180 2779 mea
3199 2731 3289 2780 erit
3310 2734 3564 2792 potestate.
3594 2751 3618 2773 u
3646 2735 3735 2780 De-

2179 2843 2382 2891 mirante
2403 2841 2485 2890 ilia
2498 2840 2683 2891 dictum
2696 2853 2754 2890 ac
2772 2854 2964 2890 causam
2978 2842 3251 2891 certaminis
3264 2842 3440 2891 trustra
3460 2848 3726 2906 quaerente,

2173 2954 2400 3017 juvenem
2419 2952 2468 3002 in
2487 2950 2677 3002 'minaoe
2694 2951 2910 3003 oratione
2925 2966 3013 3002 sua
3030 2965 3369 3016 perseverasse,
3386 2954 3595 3015 pueliam
3617 2969 3730 3003 vero

2180 3064 2304 3112 inter
2317 3063 2566 3125 amplexus
2583 3064 2632 3111 et
2650 3061 2826 3111 amoris
2845 3062 3122 3112 ebrietatem
3135 3061 3356 3111 simulate
3374 3062 3520 3124 gratis
3537 3063 3726 3112 blandi·

2177 3175 2349 3225 mentis
2366 3186 2501 3222 usam
2521 3184 2735 3234 rogasse,
2760 3173 2814 3220 ut
2835 3184 3028 3222 sensum
3051 3171 3167 3220 dicti
3187 3171 3312 3220 iliius
3336 3170 3424 3219 sibi
3444 3172 3722 3232 exponeret.

2177 3286 2321 3336 Ilium
2335 3283 2583 3334 cedentem
2600 3281 2749 3331 amori
2764 3283 2813 3331 et
2835 3282 3005 3331 amicae
3028 3282 3403 3344 gratificaturum
3420 3281 3573 3330 totam
3589 3294 3689 3329 rem
3706 3316 3721 3340 ,

2174 3401 2286 3450 quae
2316 3388 2466 3447 esset,
2486 3384 2741 3448 aperuisse.
2762 3383 2977 3434 Puellam
3011 3383 3314 3433 simulantem
3345 3387 3532 3445 gratum
3552 3383 3641 3433 sibi
3674 3386 3722 3432 et

2172 3489 2346 3553 gaudio
2365 3501 2634 3538 sermonem
2648 3500 2768 3550 esse,
2781 3489 2900 3536 tunc
2914 3487 3105 3549 quidem
3123 3486 3343 3548 tacuisse,
3363 3487 3590 3548 postridie
3608 3501 3722 3534 vero

2175 3606 2376 3643 uxorem
2410 3590 2652 3643 ciceronis
2686 3590 2894 3640 consutis
2919 3590 3197 3640 convenisse
3223 3601 3281 3638 ac
3310 3587 3462 3637 solam
3480 3602 3593 3637 cum
3621 3590 3720 3638 sota

2172 3695 2456 3744 collocutam
2466 3690 3073 3753 dixisseeiqualesjuvenis
3083 3692 3162 3741 ilie
3173 3705 3414 3741 sermones
3422 3692 3710 3753 protulisset.

2170 3801 2328 3860 Atque
2350 3796 2422 3847 sic
2445 3795 2823 3858 eonjurationem
2843 3807 2945 3845 esse
2975 3796 3276 3858 patefactam.
3315 3796 3575 3845 Consulem
3604 3809 3717 3845 vero

2170 3903 2342 3966 partim
2366 3899 2506 3951 minis
2528 3902 2577 3949 et
2600 3903 2749 3959 metu,
2763 3899 2940 3962 partim
2958 3900 3084 3949 eomi
3103 3900 3432 3950 exhortatione
3446 3901 3717 3961 coniuratos

2168 4007 2439 4069 adduxisse,
2455 4007 2512 4055 ut
2524 4004 2585 4054 de
2594 4004 2726 4054 omni
2737 4003 3011 4054 insidiarum
3029 4004 3212 4055 ratione
3222 4005 3475 4055 certiorem
3488 4006 3709 4055 tacerent.

2403 4181 2572 4224 1³1le
2607 4179 2915 4222 111810131213
2957 4178 3213 4222 monum
3255 4172 3480 4222 smum.

527 4435 713 4497 λαρχος.
734 4434 794 4484 At
807 4447 983 4485 nomen
1002 4436 1170 4493 Ἀζιζος
1189 4436 1335 4486 babes
1352 4438 1439 4486 XX
1454 4470 1469 4495 ,
1489 4440 1585 4498 7,8.
1612 4435 1815 4486 Alterius
1838 4434 2005 4485 Arabis
2026 4447 2200 4484 nomen
2217 4434 2344 4496 apud
2362 4434 2622 4496 Josephum
2638 4436 2814 4496 xviii,
2831 4436 2908 4494 5,4
2927 4435 2978 4483 et
2991 4435 3119 4495 xix,
3139 4439 3187 4496 8,
3214 4440 3230 4482 Ι
3250 4437 3323 4484 est
3341 4435 3710 4497 Σαμψιγέραμος,

527 4503 659 4564 quod
678 4504 862 4563 reposui
882 4518 933 4552 n.
948 4504 981 4552 Ι.
1004 4541 1016 4556 .
1032 4505 1112 4553 ubi
1129 4505 1282 4554 codex
1301 4525 1313 4553 ι
1334 4506 1717 4568 Σαμψυιιέραμος.
1734 4507 1975 4555 —insere
1990 4506 2306 4567 fragmentum
2325 4506 2436 4552 ante
2454 4503 2535 4553 tib.
2553 4505 2653 4562 XL,
2673 4514 2716 4552 e.
2741 4510 2787 4552 α.

589 4572 781 4621 XXXV.
816 4573 926 4623 Ful.
952 4578 1056 4632 ¹87,
1101 4580 1151 4624 to
1168 4587 1216 4622 r.
1235 4599 1295 4614 -
1316 4577 1423 4634 ¹87,
1444 4580 1471 4622 8
1492 4588 1591 4624 vso.
1612 4600 1677 4610 —
1694 4578 1765 4624 De
1787 4588 1838 4623 re
1856 4577 2042 4623 constat
2061 4576 2268 4624 abunde.
2294 4576 2477 4623 Locum
2497 4586 2545 4621 n.
2570 4585 2693 4634 pone
2709 4575 2822 4621 ante
2851 4571 2936 4620 tib.
2966 4574 3076 4630 XL.
3095 4586 3138 4620 c.
3162 4578 3218 4631 5,
3245 4573 3326 4622 ubi
3350 4573 3462 4620 item
3484 4571 3544 4621 de
3575 4574 3706 4622 Cati-

527 4641 624 4691 lina
646 4656 804 4692 sermo
826 4645 913 4692 eet.
928 4649 1049 4692 —¹.
1070 4660 1180 4692 κατ
1194 4643 1382 4706 ἀχρεω
1398 4644 1447 4707 ς]
1467 4645 1737 4707 κατάχρεων
1754 4644 1865 4695 cod.
1884 4675 1937 4684 —
1965 4652 2014 4693 2.
2032 4645 2101 4707 61
2114 4646 2208 4693 λον
2223 4643 2242 4705 ]
2259 4642 2410 4704 ὄχλων
2434 4642 2612 4690 cod.-
2634 4649 2678 4690 3.
2698 4641 2878 4703 φασὶν
2902 4641 3024 4704 ὅτι]
3043 4640 3257 4703 supplevi
3296 4672 3358 4684 --
3377 4642 3711 4705 4.(ὶνατάσεως]

527 4711 829 4771 ἀναστάσεως
846 4712 953 4762 cod.
978 4715 1091 4762 Mox
1117 4726 1204 4776 pro
1227 4714 1370 4762 αὑτοῦ
1393 4714 1556 4763 malim
1574 4715 1730 4771 αὐτῆς.
1755 4740 1814 4750 -
1837 4722 1880 4764 5.
1900 4731 2008 4777 κεχ
2023 4729 2106 4778 αρ.
2132 4715 2205 4774 ὀμ
2219 4712 2301 4761 ιλὶ
2317 4710 2423 4774 ας].
2451 4713 2817 4774 Κεχαρισμέναις
2848 4712 3047 4772 ὁμιλίαις
3063 4713 3230 4761 codex.
