4016 5916
503 435 612 484 3³2

1809 423 1955 482 LEO
1997 423 2385 485 PELLAEUS.

500 567 610 602 non
647 565 685 599 a
705 552 912 618 poetis,
954 550 1060 600 secl
1080 551 1333 616 mysticis
1351 563 1535 600 eorum
1562 546 1736 599 literis
1757 551 2043 600 memorioe
2135 545 2236 600 ubi
2252 550 2399 605 Voss,
2426 548 2567 603 nist.
2600 565 2656 619 p.
2681 552 2792 616 474
2813 546 2980 602 scrib.
3008 545 3237 617 conjicit
3270 547 3328 600 in
3356 523 3509 620 &iou-
3543 547 3694 625 Προ-

500 635 771 688 mandata
800 638 934 698 sint,
971 638 1113 689 sicut
1152 635 1338 688 Leone
1375 634 1660 688 sacerdote
1676 634 1944 706 prodente
1969 634 2054 686 ad

501 717 891 794 Olympiadem
908 722 1101 775 scribit
1123 720 1465 787 Alexander,
1506 723 1697 792 legant
1712 725 1810 793 qui
1825 723 2043 775 volunt.

499 807 584 864 Cf.
612 809 775 861 etiam
796 807 956 863 Idem
972 810 1057 862 De
1081 825 1235 863 cons·
1258 808 1471 880 Evang.
1500 808 1526 860 1
1544 846 1560 875 ,
1594 806 1688 864 23.

1246 917 1302 976 5.

580 1033 865 1087 Arnobius
888 1034 986 1101 IV,
1014 1050 1089 1106 29
1114 1051 1128 1089 ε
1154 1033 1448 1087 Possumus
1477 1033 1697 1105 quidem
1714 1030 1819 1087 Ιιοι·
1847 1038 1905 1085 in
1935 1034 2052 1086 loco

500 1139 689 1174 omnes
729 1126 885 1187 istos,
918 1121 1077 1174 nobis
1114 1139 1249 1192 quos
1282 1120 1542 1173 inducitis
1577 1131 1745 1193 atque
1791 1121 2053 1192 appella-

504 1212 571 1260 tis
596 1209 724 1260 deos
738 1249 750 1272 ,
801 1197 1052 1261 homines
1063 1203 1252 1276 fuisse
1278 1217 1604 1272 monstrare,
1643 1207 1743 1259 vel
1774 1209 2048 1279 Agrigen-

503 1297 619 1346 tino
663 1293 971 1347 Euhemero
999 1296 1338 1366 replicato...
1382 1294 1479 1348 vel
1516 1294 1805 1365 Nicagora
1850 1293 2053 1364 Cyprio

502 1380 604 1433 vel
645 1380 858 1436 Pelloeo
906 1382 1087 1434 Leone
1126 1381 1228 1433 vel
1272 1378 1571 1451 Cyrenensi
1624 1378 1909 1433 Theodoro
1955 1381 2058 1433 vel

504 1469 766 1539 Hippone
803 1485 875 1520 ac
909 1466 1162 1538 Diagora
1198 1468 1392 1521 Meliis
1426 1467 1525 1520 vel
1557 1467 1868 1520 auctoribus
1916 1468 2054 1520 aliis

504 1554 676 1610 mille.

582 1641 695 1694 Pro
731 1641 1022 1711 Nicagora
1046 1639 1303 1696 nonnulli
1331 1638 1599 1694 exhibent
1621 1640 1931 1706 Nicanore,
1970 1650 2054 1693 at·

506 1743 617 1796 que
645 1727 721 1779 ita
754 1727 922 1779 etiam
949 1727 1123 1782 Clem.
1164 1726 1253 1780 Al.
1296 1726 1390 1782 Pr.
1430 1743 1496 1790 2,
1525 1742 1583 1796 p.
1618 1744 1670 1794 7,
1708 1744 1812 1797 ια,
1849 1726 1949 1797 qui
1985 1743 2055 1779 ex

506 1811 762 1865 Arnobio
794 1830 891 1866 sua
913 1812 1197 1884 petiverit.
1242 1813 1409 1867 Hunc
1433 1810 1774 1864 Nicanorem
1798 1810 2051 1865 Lobeck.

508 1899 879 1971 Aglaopham.
910 1917 969 1972 p.
1008 1917 1157 1954 1000
1181 1899 1423 1953 eundem
1451 1914 1565 1951 esse
1588 1908 1773 1951 censet
1797 1916 1925 1952 cum
1952 1915 2053 1964 eo,

416 2011 423 2016 -
508 1986 604 2057 qui
633 2004 727 2058 ap.
748 1987 921 2042 schol.
943 1987 1213 2059 A'pollon.
1239 1985 1257 2059 (
1281 1986 1350 2043 fr.
1389 2004 1410 2039 1
1441 1984 1459 2058 )
1491 1997 1854 2042 memoratur.
1886 1983 2056 2055 Quod

507 2073 643 2125 mihi
671 2091 787 2127 non
822 2074 1112 2144 persuasit.
1145 2074 1287 2128 Nam
1315 2073 1629 2143 Nicogaras
1661 2088 1851 2124 veram
1871 2070 2057 2124 nomi-

508 2160 597 2212 nis
619 2157 859 2213 sormam
888 2158 1005 2229 jam
1055 2158 1189 2214 inde
1235 2158 1489 2232 colligas,
1535 2155 1694 2228 quod
1723 2157 1954 2212 nomina
1996 2158 2060 2210 in

509 2242 701 2323 αγόρας
743 2246 1049 2301 desinentia
1087 2244 1242 2318 apud
1279 2244 1514 2317 Cyprios
1551 2254 1680 2297 sunt
1718 2242 2057 2316 frequentis-

510 2334 668 2389 sima.
693 2333 914 2389 Deinde
957 2351 1095 2387 vero
1117 2334 1462 2404 Nicagoram
1493 2330 1564 2385 de
1591 2331 1765 2403 Cypri
1791 2331 1920 2384 loco
1944 2331 2060 2384 lau·

509 2419 608 2473 dat
632 2419 901 2494 Antigon.
926 2421 1056 2475 Mir.
1093 2419 1201 2490 173
1239 2417 1257 2494 (
1284 2416 1388 2488 157
1418 2419 1717 2474 Westerm.
1743 2416 1760 2492 )
1793 2434 1809 2474 z
1844 2413 1976 2493 Περὶ
2002 2412 2059 2472 δὲ

508 2507 601 2574 τῆς
629 2506 680 2562 ἐν
712 2504 878 2583 Κιτίῳ
914 2503 1135 2580 (λίμνης
1176 2500 1554 2580 Καλλίμαχός)
1592 2523 1781 2580 φησιν,
1816 2500 2057 2575 Νικαγό-

516 2613 610 2668 ραν
642 2591 871 2668 (εἰπεῖν)
892 2635 908 2663 ,
937 2590 1015 2648 ὅτι
1036 2589 1369 2666 ἄνιμηθείσης
1392 2590 1476 2646 ἐπ’
1509 2587 1679 2666 ὀλίγον
1703 2593 1797 2658 τῆς
1822 2592 1917 2667 γῆς
1939 2588 2060 2655 ἅλες

510 2678 848 2755 εὑρίσκονται.
877 2679 960 2735 Cf.
988 2679 1134 2735 Plin.
1180 2677 1245 2733 31
1269 2722 1285 2748 ,
1327 2696 1381 2747 7.
1410 2679 1493 2733 Ex
1522 2696 1637 2749 quo
1661 2678 1789 2732 loco
1825 2689 2061 2760 apparet

509 2767 842 2840 Nicagoram
867 2765 1143 2837 scripsisse
1166 2775 1293 2819 ante
1320 2763 1742 2834 Callimachum5
1764 2776 2058 2844 nequenta-

510 2870 639 2905 men
665 2853 844 2906 multo
867 2853 1152 2923 antiquior
1179 2850 1514 2908 Callimacho
1535 2848 1722 2904 fuerit.
1745 2849 1909 2905 Adde
1925 2852 2060 2905 Ful·

2137 630 2341 704 μηθὲως
2361 634 2521 690 libro,
2555 634 2807 689 Fortasse
2829 643 2950 688 erat
2975 633 3036 687 in
3059 629 3196 709 Περὶ
3220 634 3312 700 τῆς
3337 629 3593 706 Ἡμιθέας
3623 637 3696 689 li-

2139 720 2252 777 bro.
2276 750 2357 762 —
2382 720 2586 775 Schol.-
2610 720 2800 793 Apoll.
2842 720 2954 776 Rh.
2982 720 3074 793 11,
3104 719 3220 793 269
3254 738 3270 775 τ
3301 718 3605 795 Νικαγόρας
3634 719 3695 778 δὲ

2140 804 2294 883 φησὶν
2325 802 2428 861 ἀπὸ
2449 810 2552 863 τῶν
2592 802 2838 863 ἄντοίκων
2879 803 3032 860 αὐτὸν
3080 803 3199 880 (τὸν
3224 805 3442 878 Νεῖλον)
3484 810 3611 886 ῥεῖν.
3639 811 3702 864 Is

2139 912 2275 946 num
2290 894 2440 949 idem
2460 895 2530 951 N.
2551 896 2621 948 sit
2639 913 2712 948 an
2729 894 2869 948 alius
2884 894 3094 950 nescio,
3116 894 3273 948 Alius
3292 906 3373 948 est
3389 896 3698 970 Nicagoras

2140 981 2488 1036 Atheniensis
2522 982 2795 1054 sophista,
2824 982 2922 1053 qui
2961 980 3065 1034 sub
3092 980 3355 1054 Philippo
3391 983 3698 1040 Romano-

2141 1085 2268 1120 rum
2315 1068 2654 1140 imperatore
2688 1065 2902 1124 floruit.
2933 1067 3001 1124 V.
3031 1066 3227 1122 Suidas
3276 1085 3330 1122 v.
3366 1064 3697 1146 Νικαγόρας

2139 1155 2295 1209 Voss.
2320 1155 2461 1211 Hist.
2480 1155 2578 1210 Gr.
2599 1173 2661 1228 p.
2685 1152 2823 1223 287.
2845 1154 3175 1226 Nicagoram
3196 1154 3410 1208 Zeliten
3425 1194 3441 1222 ,
3458 1155 3698 1212 Alexan-

2142 1239 2234 1293 dri
2274 1242 2573 1313 aequalem‚
2621 1250 2897 1296 memorat
2928 1239 3181 1295 Clemens
3208 1233 3300 1298 AI.
3328 1242 3516 1297 Protr.
3544 1261 3595 1301 e.
3629 1249 3696 1312 4,

2143 1345 2200 1400 p.
2245 1328 2313 1382 16
2348 1328 2503 1401 Sylb.
2537 1348 2551 1383 :
2583 1326 2653 1386 Τί
2695 1322 2884 1384 δεῖκαὶ
2927 1323 3222 1405 Νικαγόρου
3265 1328 3581 1401 μεμνῆσθαι.
3609 1361 3695 1373 -

2143 1411 2384 1485 Ζελείτης
2409 1412 2469 1470 τὸ
2507 1411 2650 1491 γένος
2676 1402 2739 1483 ἦν
2780 1409 2917 1469 κατὰ
2949 1409 3066 1477 τοὺς
3099 1410 3430 1491 Ἀλεξάνδρου
3470 1414 3697 1491 γεγονὼς

2142 1496 2374 1577 χρόνους.
2396 1532 2477 1545 -
2498 1498 2700 1579 Ἑρμῆς
2720 1498 3130 1578 προσηγορεύετο
3150 1502 3176 1556 ὁ
3198 1498 3492 1579 Νικαγόρας
3513 1501 3604 1559 καὶ
3623 1506 3695 1581 τῇ

2145 1587 2303 1665 στολῇ
2331 1591 2420 1644 τοῦ
2443 1584 2640 1665 Ἑρμοῦ
2664 1586 2944 1664 ἐκέχρητο,
2971 1587 3038 1653 ὡς
3067 1586 3220 1652 αὐτὸς
3247 1590 3517 1666 μαρτυρεῖ.

2223 1811 2478 1883 Hyginus
2503 1810 2660 1864 Poet.
2704 1818 2916 1864 astron.
2945 1809 3001 1862 11
3019 1847 3037 1874 ,
3082 1824 3157 1862 20
3196 1826 3210 1862 :
3246 1809 3330 1862 De
3359 1808 3691 1866 Hammonis

2142 1900 2440 1950 simulacro
2479 1898 2657 1962 Leon,
2715 1899 2809 1968 qui
2850 1913 2939 1949 res
2987 1897 3291 1968 AEgrptias
3332 1901 3680 1970 conscripsit,

2144 1989 2231 2037 ait
2258 2003 2277 2036 .·
2309 1985 2490 2053 Quum
2513 1983 2682 2036 Liber
2699 1984 3001 2054 AEgyptum
3020 1992 3079 2035 et
3097 1984 3337 2055 reliquos
3340 1984 3498 2054 fines
3520 2002 3696 2056 regem

2150 2084 2388 2140 teneret,
2413 2082 2471 2125 et
2489 2074 2679 2125 omnia
2690 2075 2913 2144 primus
2939 2056 3253 2124 hoininibus
3272 2072 3572 2126 ostendisse
3599 2075 3696 2128 di-

2145 2171 2365 2224 ceretur,
2417 2158 2779 2212 Hammonem
2823 2157 3096 2230 quendam
3139 2173 3215 2211 ex
3240 2152 3434 2227 Africa
3471 2166 3698 2216 venisse

2146 2255 2202 2298 et
2242 2247 2460 2317 pecoris
2504 2243 2907 2296 multitudinem
2943 2244 3025 2296 ad
3059 2243 3316 2297 Liberum
3350 2245 3682 2314 adduxisse,
3741 2257 3754 2272 '

2147 2349 2252 2403 quo
2255 2327 2504 2399 facilius‘
2508 2340 2566 2383 et
2579 2335 2699 2398 ejus
2715 2334 2905 2401 gratia
2925 2340 3166 2384 uteretur
3177 2341 3236 2385 et
3248 2331 3472 2404 aliquid
3473 2336 3696 2403 primus

2149 2422 2415 2472 invenisse
2433 2417 2723 2474 diceretur.
2749 2417 2953 2489 Itaque
2964 2433 3077 2491 pro
3103 2416 3365 2488 beneficio
3387 2422 3512 2486 ejus
3526 2419 3702 2474 Liber

2147 2508 2500 2557 existimatur
2518 2520 2714 2574 agrum
2748 2502 2995 2568 dedisse,
3028 2507 3122 2575 qui
3144 2513 3230 2555 est
3247 2514 3433 2556 eontra
3465 2503 3686 2558 Thebas

2150 2593 2474 2663 AEgyptias;
2522 2600 2582 2643 et
2603 2592 2700 2661 qui
2722 2590 3026 2657 simulacra
3046 2587 3283 2658 faciunt
3321 2592 3682 2658 Hammonis,

2147 2684 2335 2751 eapite
2383 2688 2608 2732 cornuto
2659 2681 2964 2743 instituunt,
3023 2687 3088 2730 ut
3135 2675 3386 2730 homines
3423 2685 3698 2733 memoria

2149 2776 2390 2832 teneant,
2429 2783 2553 2818 eum
2572 2768 2816 2837 primum
2837 2781 3010 2837 pecus
3027 2764 3345 2819 ostendisse.
3376 2765 3489 2834 Qui
3503 2778 3694 2822 autem

2148 2850 2346 2906 Libero
2393 2849 2621 2920 sactum
2666 2852 2961 2906 voluerunt
2999 2854 3288 2922 assignare
3303 2892 3318 2917 ,
3383 2853 3536 2923 quod
3580 2872 3694 2918 non

510 2948 664 3013 gent.
699 2939 875 3011 Myth.
905 2939 994 3011 11,
1022 2938 1056 2993 8
1084 2922 1156 2994 de
1186 2937 1522 2994 Prometheo
1553 2953 1568 2995 ι
1603 2938 1863 3009 Quamvis
1884 2940 2058 2994 Nica·
2142 2942 2368 3011 petierit
2388 2938 2463 2992 ab
2486 2939 2819 3003 Hammone,
2850 2936 2954 2990 sed
2971 2937 3114 2991 ultro
3133 2940 3210 2990 sit
3243 2937 3327 2990 ad
3359 2954 3484 2992 eum
3515 2939 3696 2994 addu-

508 3043 679 3098 ἔοι-ω·
705 3031 763 3079 in
791 3025 1198 3080 Disthemithea
1219 3025 1359 3081 libro
1384 3041 1543 3098 quem
1579 3030 1803 3099 scripsit
1809 3031 2059 3099 primum
2148 3039 2287 3094 ctus,
2319 3027 2503 3081 Liberi
2524 3037 2745 3080 cornuta
2777 3025 3072 3078 simulacra
3082 3020 3348 3092 fecerunt
3365 3035 3424 3078 et
3452 3029 3690 3082 arietem

515 3113 673 3165 illum
699 3110 1149 3187 (Prometheum)
1165 3109 1449 3182 formasse
1468 3111 1674 3167 idolum
1702 3110 1911 3181 reserat
1923 3126 2057 3184 etc.‚
2149 3118 2434 3168 memorioe
2456 3131 2626 3167 causa
2652 3117 2797 3167 inter
2815 3112 3004 3166 sidera
3018 3110 3202 3184 fixum
3225 3112 3506 3166 dixerunt.
