4016 5916
558 418 634 475 „2
1698 471 1704 478 θ
1996 397 2305 459 nmoms

554 528 889 609 τραγήμασιν
912 529 1133 610 ἰσχάδας
1156 530 1407 605 Ἀττικὰς,
1426 535 1714 614 ἐρωτῆσαι,
1742 536 1977 596 ποδαπαὶ
1995 529 2117 598 εἶεν.

2290 543 2652 620 Ἀμμωνιακὸν
2681 552 2752 608 L.
2782 554 3170 611 consentiente
3191 558 3479 615 Eustathio
3502 579 3562 634 p.
3602 565 3787 636 1550,

554 616 712 678 Ἐπεὶ
746 616 799 677 δὲ
828 616 1047 678 ἐπύθετο
1067 618 1119 686 ἐξ
1149 619 1401 693 Ἀθηνῶν,
1419 625 1523 686 τοῖς
1548 628 1860 703 ἆγορασταῖς
1885 626 2116 686 ἐκέλευεν
2212 651 2264 689 2.
2289 629 2685 709 Ἀμμωνιακοὺς
2706 640 2776 698 V.

557 704 711 783 (τοὺς
733 708 823 784 ἀγ.
859 704 1123 767 exustum?
1150 712 1360 787 Schw.)
1385 711 1661 786 ὠνεῖσθαι,
1693 711 1789 780 ἕως
1820 712 1882 772 ἂν
1913 714 2117 783 ἐξουσία

552 792 768 872 γένηται
812 798 954 877 αὑτῷ
985 796 1280 875 λαμὸάνειν
1317 798 1442 858 ὅταν
1466 799 1652 879 ἐθέλῃ,
1693 800 1784 860 καὶ
1813 800 1889 881 μὴ
1921 803 2116 885 ἀγορά-

553 886 673 951 ζειν.
695 882 921 962 Λέγεται
949 882 1004 943 δὲ
1028 883 1118 943 τὸν
1147 887 1390 966 εὐνοῦχον
1416 887 1655 959 ἐπίτηδες
1688 894 1843 948 τοῦτο
1861 895 2113 969 ποιῆσαι,

553 968 640 1028 ἵνα
666 971 823 1030 αὐτὸν
862 971 1141 1053 ὑπομνήσῃ
1170 976 1263 1045 τῆς
1290 973 1376 1033 ἐπὶ
1405 974 1498 1043 τὰς
1521 975 1735 1047 Ἀθήνας
1759 978 2054 1057 στρατείας.
2085 1006 2111 1031 ν

2945 755 3036 811 16.

2283 888 2571 946 Plutarch.
2599 892 2760 949 Alex.
2798 913 2848 950 c.
2885 895 2958 952 36
2990 916 3003 951 x
3036 893 3229 954 Δείνων
3266 894 3324 956 δέ
3350 921 3477 980 φησι
3511 903 3606 963 καὶ
3635 905 3789 988 ὕδωρ

2207 972 2315 1031 ἀπό
2355 998 2412 1033 τε
2455 980 2546 1034 τοῦ
2575 975 2766 1038 Νείλου
2794 979 2886 1039 καὶ
2915 986 3005 1040 τοῦ
3039 978 3255 1064 Ἴστρου
3293 987 3427 1062 μετὰ
3455 993 3561 1050 τῶν
3597 994 3783 1055 ἄλλων

632 1060 844 1116 Eadem
869 1061 943 1117 de
982 1063 1175 1119 Xerxe
1199 1082 1333 1138 rege
1369 1077 1561 1122 narrat
1591 1067 1879 1123 Plutarch.
1931 1071 2110 1143 Regg.
2205 1063 2708 1140 μεταπεμπομένους
2735 1068 2809 1150 εἷς
2836 1066 2931 1140 τὴν
2958 1068 3124 1147 γάζαν
3158 1073 3495 1136 ἀποτίθεσθαι
3529 1080 3651 1149 τοὺς
3681 1087 3783 1163 βα-

550 1149 973 1225 Apophthegm.
1008 1169 1067 1224 p.
1106 1151 1233 1223 173,
1273 1153 1347 1222 C,
1379 1173 1499 1208 non
1530 1156 1823 1210 nominato
1854 1167 2108 1212 auctore.
2205 1151 2394 1222 σιλεῑς,
2435 1143 2541 1210 οἶον
2598 1151 3066 1233 ἐκὸεὸαιουμὲνους
3105 1159 3166 1217 τὸ
3207 1160 3421 1239 μέγεθος
3467 1172 3562 1241 τῆς
3607 1173 3788 1252 ἀρχῆς

1287 1282 1378 1337 13.

629 1412 818 1468 Schol.
859 1413 1144 1469 Theocrit.
1183 1416 1271 1484 11,
1311 1434 1416 1486 107
1462 1435 1476 1471 :
1520 1411 1650 1476 Ὅτι
1689 1414 1740 1474 δὲ
1777 1420 1830 1476 αἱ
1873 1416 2115 1479 Ἀττικαὶ

552 1496 762 1577 ἰσχάδες
792 1498 991 1572 ἡδεῖαι,
1020 1499 1110 1558 καὶ
1131 1500 1324 1560 Δείνων
1355 1512 1633 1583 μαρτυρεῖ.

1286 1652 1379 1712 14.

1004 1774 1051 1828 E
1092 1775 1316 1831 LIBRO
1356 1776 1647 1835 TERTIO.

2202 1236 2294 1295 καὶ
2321 1236 2382 1296 τὸ
2403 1237 2657 1320 κυριεύειν
2687 1242 2955 1303 ἁπάντων.
2988 1249 3071 1305 Cf.
3103 1252 3350 1310 Brisson.
3376 1257 3432 1325 I,
3466 1276 3518 1316 c.
3555 1258 3655 1317 83.

2939 1432 3029 1483 17.

2278 1569 2577 1627 Athenaeus
2595 1574 2765 1650 xm,
2792 1596 2850 1651 p.
2875 1575 3009 1650 556,
3029 1581 3072 1635 B
3100 1600 3114 1636 ε
3139 1581 3301 1661 Παρὰ
3322 1584 3375 1642 δὲ
3394 1585 3624 1668 Πέρσαις
3651 1594 3783 1652 ἄνέ-

2201 1672 2356 1731 χεται
2400 1659 2434 1727 ἡ
2469 1657 2712 1735 βασίλεια
2754 1667 2846 1721 τοῦ
2882 1664 3111 1734 πλήθους
3151 1670 3256 1727 τῶν
3290 1673 3663 1751 παλλακίδων,
3690 1680 3783 1739 διὰ

2200 1738 2259 1796 τὸ
2290 1743 2361 1808 ὡς
2389 1742 2644 1817 δεσπότην
2674 1744 2854 1827 ἄρχειν
2883 1753 2975 1822 τῆς
3015 1758 3251 1831 γαμετῆς
3284 1755 3373 1816 τὸν
3406 1763 3666 1839 βασιλέα,
3698 1766 3779 1825 ἔτι

2204 1825 2259 1883 δὲ
2291 1826 2384 1885 καὶ
2417 1827 2504 1887 διὰ
2542 1829 2603 1889 τὸ
2646 1832 2739 1903 τὴν
2767 1836 3039 1914 βασιλίδα,
3082 1838 3152 1907 ὥς
3178 1865 3305 1922 φησι
3349 1846 3547 1907 Δείνων
3584 1853 3638 1910 ἐν
3667 1862 3781 1923 τοῖς

626 1911 925 1967 Athenaeus
947 1914 1063 1984 XI',
1085 1933 1141 1987 p.
1168 1912 1300 1985 503,
1320 1917 1365 1972 F
1394 1937 1407 1972 :
1434 1913 1628 1975 Δείνων
1655 1918 1709 1975 ἐν
1730 1917 1887 1999 τρίτῳ
1909 1922 2105 2000 Περσι-
2206 1906 2505 1986 Περσαῠῖς,
2537 1910 2636 1968 ὕπὸ
2666 1914 2767 1970 τῶν
2807 1917 3147 1979 παλλακίδων
3169 1924 3575 2002 θρησκεύεσθαι·
3605 1955 3779 2014 προσ-

546 1999 652 2055 κῶν
683 1995 839 2078 φησὶν
867 1995 1054 2066 οὕτως·
1088 2026 1110 2051 «
1146 1994 1309 2060 Ἐστι
1331 2000 1385 2059 δὲ
1414 2002 1711 2075 ποτίὸαζις,
1755 2005 1908 2085 ἄρτος
1940 2009 2109 2089 κρίθι-
2204 1998 2553 2072 κυνοῧσῑγθῧν
2582 1999 2763 2071 “5²5⁹-

546 2107 632 2151 νος
658 2086 749 2142 καὶ
779 2083 990 2165 πύρινος
1018 2086 1200 2160 ὀπτὸς,
1225 2087 1315 2146 καὶ
1345 2089 1674 2184 κυπαρίσσου
1702 2092 1952 2175 στέφανος
1971 2143 1985 2168 ,
2015 2098 2105 2157 καὶ

546 2161 679 2238 οἶνος
720 2172 1037 2253 κεκραμένος
1066 2175 1118 2233 ἐν
1167 2177 1257 2257 ᾠῷ
1298 2179 1515 2257 χρυσῷ,
1558 2185 1617 2237 οὓ
1665 2182 1815 2250 αὐτὸς
1860 2184 2103 2264 βασιλεὺς

544 2257 699 2320 τίνει.
737 2286 761 2313 ¹>

623 2350 725 2405 His
769 2351 984 2425 reliqua
1030 2352 1342 2430 fragmenta
1387 2375 1511 2430 quae
1561 2369 1690 2413 sunt
1738 2357 1809 2414 de
1850 2360 2103 2415 moribus

544 2436 778 2493 Persicis
799 2439 1101 2516 subjungO.

1281 2529 1366 2591 15.

619 2615 917 2717 Athenaeus
940 2664 1024 2731 11,
1051 2682 1108 2736 p.
1133 2664 1204 2734 67
1224 2666 1381 2735 A,B:
1408 2661 1641 2734 Κτησίας
1661 2666 1708 2723 δ’
1733 2666 1786 2723 ἐν
1819 2666 2103 2749 Καρμανία

540 2746 670 2823 φησὶ
703 2744 935 2823 γίνεσθαι
958 2745 1130 2806 ἔλαιον
1169 2750 1470 2823 ἀκάνθινον,
1509 2742 1552 2831 ᾧ
1582 2756 1813 2830 χρῆσθαι
1845 2756 2098 2832 βασιλέα’

538 2831 592 2898 ὃς
622 2833 711 2889 καὶ
734 2832 1038 2911 καταλέγων
1059 2836 1112 2891 ἐν
1135 2839 1211 2916 τῷ
1240 2836 1371 2916 περὶ
1399 2840 1502 2895 τῶν
1525 2838 1664 2898 κατὰ
1689 2837 1785 2911 τὴν
1814 2839 1989 2900 Ἀσίαν
2012 2842 2100 2924 φό-

540 2940 643 2996 ρων
672 2918 832 3000 τρίτῳ
871 2920 1059 3001 βιὸλίῳ
1097 2923 1272 2982 πάντα
1304 2923 1371 2982 τὰ
1398 2927 1475 3005 τῷ
1519 2927 1726 3005 βασιλεῖ
1754 2951 2101 3010 παρασκευα-

538 3006 729 3082 ζόμενα
768 3007 854 3066 ἐπὶ
888 3009 947 3066 τὸ
990 3010 1195 3069 δεῖπνον
1226 3010 1350 3070 οὔτε
1390 3013 1658 3094 πεπέρεως
1686 3015 1950 3094 μέμνηται
1986 3019 2103 3079 οὔτε

536 3094 707 3167 ὄξους,
755 3092 783 3152 ὃ
824 3095 980 3172 μόνον
1023 3095 1232 3177 ἄριστόν
1263 3102 1374 3159 ἐστι
1414 3105 1517 3160 τῶν
1553 3104 1895 3181 ἡδυσμάτων.
1937 3107 2098 3167 Ἀλλὰ

537 3180 643 3257 μὴν
679 3181 794 3240 οὐδὲ
822 3184 1018 3244 Δείνων
1046 3188 1098 3244 ἐν
1129 3192 1193 3266 τῇ
1240 3191 1479 3270 Περσικῇ
1528 3193 1897 3276 πραγματείᾳ·
1941 3195 1997 3262 ὅς
2037 3196 2100 3275 γέ

536 3292 662 3349 φησι
710 3270 800 3329 καὶ
843 3271 946 3330 ἅλα
990 3272 1354 3351 Ἀμμωνιακὸν
1399 3279 1497 3336 ἀπ’
1545 3279 1813 3358 Αἰγύπτου
1862 3282 2101 3362 ἀναπέμ-

532 3362 722 3416 πεσθαι
753 3361 987 3438 βασιλεῖ,
1014 3363 1101 3420 καὶ
1130 3362 1268 3445 ὕδωρ
1299 3368 1355 3425 ἐκ
1377 3373 1466 3426 τοῦ
1491 3367 1701 3430 Νείλου.

2934 2096 3022 2153 18.

2271 2234 2568 2292 Athenaeus
2588 2239 2702 2294 XII
2720 2280 2736 2309 ,
2761 2258 2826 2314 p.
2857 2239 2990 2314 514,
3012 2244 3061 2299 A
3094 2264 3109 2300 z
3143 2244 3250 2304 Καὶ
3269 2244 3329 2305 τὸ
3353 2250 3675 2331 παράσημον
3698 2257 3777 2317 δὲ»

2191 2315 2220 2374 ὃ
2246 2319 2537 2379 ἐπετίθεντο
2571 2327 2636 2403 τῇ
2664 2326 2868 2406 κεφαλῇ
2900 2330 2948 2386 οἱ
2975 2331 3078 2387 τῶν
3106 2333 3326 2414 Περσῶν
3358 2340 3613 2416 βασιλεῖς,
3645 2346 3760 2405 οὐδ’

2194 2405 2320 2465 αὐτὸ
2355 2411 2565 2488 ἠρνεῖτο
2592 2411 2689 2484 τὴν
2719 2418 2812 2487 τῆς
2849 2417 3170 2488 ἡδυπαθείας
3213 2423 3523 2486 ἀπόλαυσιν.
3576 2435 3761 2493 Κατε-

2204 2496 2486 2565 σκευάζετο
2516 2497 2637 2581 γὰρ,
2667 2500 2737 2569 ὥς
2769 2526 2897 2583 φησι
2931 2506 3156 2581 Δείνων,
3195 2514 3254 2570 ἐκ
3287 2512 3520 2595 σμύρνης
3556 2521 3775 2581 καὶτοῦ

2197 2586 2520 2663 καλουμένου
2550 2589 2802 2661 λαὸύζου.
2842 2595 3061 2671 Εὗώδης
3084 2598 3128 2657 δ’
3149 2600 3288 2660 ἐστὶν
3319 2608 3350 2675 ἡ
3381 2605 3608 2677 λάὸυζος
3626 2656 3645 2687 ‚
3672 2613 3768 2671 καὶ

2191 2674 2596 2755 πολυτιμότερον
2641 2682 2732 2750 τῆς
2771 2681 3022 2762 σμύρνης.
3063 2684 3257 2747 Ὁπότε
3303 2691 3357 2749 δὲ
3392 2693 3485 2753 καὶ
3520 2697 3630 2756 ἀπὸ
3668 2706 3765 2759 τοῦ

2198 2759 2430 2839 ἅρματος
2458 2766 2655 2840 κατίοι,
2680 2769 2841 2848 φησὶ,
2882 2773 3150 2850 βασιλεὺς,
3181 2775 3301 2835 οὔτε
3338 2783 3635 2854 καθήλλετο
3656 2787 3768 2846 ὅλί·

2194 2870 2287 2924 γου
2312 2848 2455 2917 ὄντος
2483 2852 2570 2912 ἐπὶ
2597 2852 2693 2929 τὴν
2716 2861 2814 2933 γῆν
2836 2864 2927 2917 τοῦ
2947 2858 3138 2942 ὕψους,
3163 2862 3281 2924 οὔτε
3306 2867 3391 2925 διὰ
3411 2875 3602 2952 χειρῶν
3628 2877 3763 2956 ἐρει·

2196 2934 2439 3012 δόμενος,
2482 2942 2599 3002 ἀλλ’
2638 2943 2720 3003 ἀεὶ
2760 2948 2901 3029 αὐτῷ
2937 2956 3161 3030 χρυσοῦς
3191 2952 3364 3036 δίφρος
3399 2958 3626 3041 ἐτίθετο,
3670 2966 3768 3024 καὶ

2192 3024 2359 3107 τούτῳ
2390 3028 2673 3089 ἐπιόαίνων
2718 3033 2931 3113 κατῄει·
2984 3039 3074 3098 καὶ
3116 3044 3144 3098 ὃ
3172 3045 3431 3121 βασιλέως
3458 3049 3769 3134 διφροφόρος

2192 3112 2262 3177 εἷς
2285 3119 2432 3173 τοῦτο
2453 3113 2651 3176 εἵπετο.

2272 3205 2408 3274 Quae
2446 3220 2760 3280 sequuntur
2795 3213 2927 3270 vide
2962 3217 3021 3270 in
3064 3218 3262 3294 fragm.
3300 3224 3615 3285 Heraclidis
3646 3231 3763 3287 Cu-

2193 3307 2365 3346 mam.

2066 3488 3745 3533 —m-——Q-

526 3515 618 3573 'rex
652 3523 836 3585 cuiates
860 3526 956 3575 inae
994 3531 1152 3578 essent
1195 3549 1207 3578 ι
1233 3543 1482 3594 quumque
1510 3533 1821 3585 intellexisset
1850 3549 1914 3585 ex
1959 3538 2097 3586 Athe·

530 3601 606 3650 nis
628 3614 758 3663 esse,
771 3603 928 3653 vetuit
950 3617 1011 3653 ne
1024 3607 1224 3667 posthac
1243 3609 1552 3660 obsonatores
1568 3615 1810 3675 emerent,
1831 3613 1985 3664 donec
2007 3614 2095 3677 ipsi

530 3680 740 3739 potestas
760 3680 882 3730 foret
911 3682 1153 3744 sumendi,
1176 3684 1216 3733 si
1233 3686 1399 3747 vellet,
1419 3700 1517 3736 non
1535 3693 1738 3751 emptas.
1757 3691 1905 3740 Aiunt
1930 3694 2095 3742 autem

529 3756 750 3806 consulto
774 3756 825 3806 id
839 3758 1116 3808 eunuchum
1141 3761 1326 3825 secisse,
1347 3777 1445 3826 quo
1473 3763 1521 3813 in
1542 3768 1824 3817 memoriam
1847 3773 2097 3821 revocaret

529 3833 626 3896 regi
662 3833 1016 3896 expeditionem
1052 3836 1284 3888 adversus
1317 3841 1526 3891 Athenas
1542 3844 1906 3906 suscipiendam.

587 4015 764 4066 Dulces
781 4029 884 4067 esse
903 4015 1083 4066 caricas
1104 3942 1288 4071 Attica:
1302 3941 1425 4072 {ino
1445 4036 1639 4088 quoque
1661 4027 1881 4077 testatur.

1261 4115 1346 4166 14.

982 4238 1028 4291 E
1063 4237 1284 4294 LiBRo
1321 4241 1607 4299 TERTIO.

583 4336 709 4386 Dino
725 4338 850 4389 libro
859 4340 1002 4390 tertio
1021 4344 1198 4392 Rerum
1220 4347 1473 4398 Persarum
1491 4346 1556 4396 lta
1567 4347 1735 4399 scribit
1757 4369 1770 4400 ε
1790 4370 1815 4394 α
1826 4352 1912 4402 Est
1923 4355 2086 4405 autem

519 4415 762 4466 Potibazis
788 4418 924 4479 panis
942 4418 1208 4471 hordaceus
1228 4425 1277 4471 et
1296 4423 1511 4474 triticeus
1541 4425 1725 4488 coctus‘,
1748 4430 1796 4477 et
1814 4437 2087 4494 cupressina

520 4502 725 4553 corona,
743 4494 792 4542 et
818 4493 986 4544 vinum
1012 4496 1221 4548 mixtum
1240 4499 1290 4550 in
1313 4513 1459 4551 aureo
1495 4515 1617 4565 ovo,
1645 4502 1706 4553 de
1741 4518 1840 4568 quo
1871 4508 1973 4572 ipse
2000 4525 2087 4563 rex

520 4581 658 4632 bibit.
683 4603 708 4626 ι»

1265 4693 1349 4744 15.

582 4778 768 4829 ctesias
789 4779 860 4830 ait
880 4781 928 4831 in
952 4784 1208 4837 Carmania
1232 4790 1394 4842 oleum
1420 4807 1447 4844 e
1467 4796 1603 4859 spina
1635 4796 1767 4864 fieri,
1792 4814 1888 4863 quo
1913 4804 2084 4854 utatur

517 4867 622 4904 rex.
650 4855 785 4906 Idem
813 4858 937 4909 libro
959 4861 1104 4912 tertio
1122 4863 1183 4915 de
1205 4867 1396 4920 tribulis
1418 4860 1537 4935 quoe'
1553 4875 1603 4924 in
1640 4876 1748 4928 Asia
1783 4879 2079 4946 penduntur,

518 4934 680 4984 omnia
699 4948 949 4989 recensens
966 4953 1077 5003 qum
1094 4943 1156 4992 ad
1182 4959 1369 4998 coenam
1391 4955 1488 5014 regi
1513 4957 1765 5018 parantur,
1789 4971 1879 5008 nee
1905 4960 2082 5023 piperis

515 5014 810 5066 mentionem
860 5019 1001 5085 facit,
1057 5034 1148 5072 nec
1205 5028 1356 5089 aceti,
1407 5033 1537 5094 quod
1586 5037 1659 5085 est
1707 5038 1870 5088 tamen
1923 5052 2079 5091 unum

514 5091 731 5141 omnium
766 5095 1183 5149 condimentorum
1221 5105 1484 5171 optimum;
1521 5109 1605 5160 sed
1639 5125 1701 5162 ne
1734 5115 1856 5164 Dino
1883 5116 2077 5179 quidem

513 5169 564 5219 in
601 5170 786 5221 Persica
819 5173 1039 5238 historia,
1065 5177 1149 5241 qui
1178 5181 1343 5231 tamen
1374 5186 1422 5234 et
1449 5185 1595 5237 salem
1624 5193 1988 5244 Ammoniacnm
2013 5209 2075 5247 ex

2191 3546 2395 3670 A-lzlgypto
2410 3545 2472 3594 ad
2492 3560 2651 3610 regem
2674 3549 2803 3602 mitti
2825 3553 3023 3606 solitum
3048 3567 3399 3615 commemorat
3422 3569 3471 3617 et
3497 3582 3675 3632 aquam
3694 3588 3757 3623 ex

2185 3623 2225 3669 N
2232 3621 2242 3632 ⁰
2263 3634 2309 3671 o.
3154 3638 3158 3642 “

2966 3718 3018 3768 6.

2244 3789 2370 3837 Dino
2387 3794 2548 3842 narrat
2572 3807 2748 3859 aquam
2776 3719 2970 3864 quoqule
3002 3815 3064 3852 ex
3094 3805 3201 3854 Nilo
3228 3809 3277 3858 et
3299 3822 3361 3859 ex
3386 3813 3510 3861 Istro
3531 3814 3752 3867 haustam

2184 3863 2309 3915 inter
2327 3871 2486 3918 cetera
2501 3884 2634 3934 reges
2652 3875 2811 3925 afferri
2826 3877 3017 3936 jussisse
3035 3884 3085 3930 et
3103 3880 3151 3931 in
3168 3884 3447 3939 thesaurum
3463 3892 3757 3957 condidisse,

2182 3944 2548 3996 attestarentur
2563 3952 2694 4013 regni
2723 3955 3101 4015 magnitudinem
3126 3974 3273 4024 seque
3289 3967 3506 4018 omnium
3527 3969 3753 4024 dominos

2181 4031 2300 4070 esse.

2912 4115 2933 4165 1
2944 4116 2996 4165 7.

2242 4186 2379 4248 Apud
2415 4191 2582 4239 Persas
2617 4192 2776 4255 regina
2817 4196 2995 4252 multas
3034 4201 3226 4265 pellices
3260 4207 3462 4272 tolerat,
3505 4212 3620 4275 quia
3658 4229 3751 4266 rex

2178 4262 2317 4311 uxori
2351 4264 2500 4315 veluti
2532 4265 2755 4319 dominus
2778 4270 3008 4337 imperat,
3038 4291 3127 4329 nec
3158 4295 3255 4332 non
3280 4287 3558 4353 propterea,
3584 4293 3753 4356 quod,

2175 4338 2384 4468 ἴὲἓιέριρ
2403 4340 2451 4391 in
2473 4344 2671 4395 Persicis
2686 4348 2849 4411 refert,
2864 4353 3072 4415 reginam
3088 4365 3380 4412 venerantur
3392 4365 3585 4428 pellices
3599 4372 3748 4432 atque

2233 4583 2295 4630 Et
2315 4581 2472 4644 ipsum
2492 4583 2698 4651 insigne,
2721 4590 2852 4653 quod
2874 4596 3019 4658 capiti
3040 4597 3319 4661 impositum
3342 4609 3592 4667 gestabant
3622 4614 3741 4662 Per·

2169 4671 2331 4709 sarum
2356 4675 2515 4726 reges,
2536 4666 2796 4730 voluptatis
2823 4672 3039 4724 studium
3068 4689 3168 4739 quo
3188 4679 3478 4734 tenebantur
3504 4687 3738 4741 declarat.

2175 4738 2470 4790 Instructam
2495 4743 2623 4793 enim
2651 4749 2779 4810 erat,
2807 4751 2863 4798 ut
2889 4749 2958 4800 ait
2988 4752 3138 4817 Dino,
3165 4769 3227 4807 ex
3257 4761 3454 4822 myrrha
3485 4767 3533 4814 et
3567 4779 3629 4816 ex
3663 4767 3738 4817 la-

2168 4816 2319 4880 byzo,
2344 4831 2455 4881 quae
2486 4826 2691 4874 vocatur
2726 4846 2739 4876 ε
2770 4830 2843 4878 est
2871 4832 3034 4881 autem
3052 4832 3253 4898 labyzus
3270 4839 3667 4909 fragrantissima,
3686 4849 3739 4896 et

2167 4895 2416 4956 pretiosior
2447 4900 2658 4962 myrrha.
2738 4906 2936 4965 Quoties
2967 4921 3082 4958 vero
3121 4909 3183 4963 de
3219 4928 3362 4966 curru
3378 4953 3395 4981 ,
3426 4919 3612 4984 inquit,
3646 4923 3737 4972 de-

2166 4971 2418 5024 scenderet
2438 4977 2542 5038 rex,
2558 4991 2715 5043 neque
2735 4981 2998 5046 desiliebat,
3016 4987 3204 5040 etiamsi
3222 4993 3391 5057 exigna
3409 4996 3534 5046 soret
3551 5012 3579 5047 a
3602 5001 3737 5050 terra

2166 5047 2390 5112 altitudo,
2411 5065 2568 5115 neque
2587 5058 2808 5111 manibus
2825 5062 3087 5114 astantium
3108 5065 3421 5136 innitebatur,
3440 5074 3525 5123 sed
3543 5089 3733 5140 semper

2166 5126 2494 5186 apponebatur
2527 5144 2671 5183 aurea
2703 5136 2847 5200 sella,
2882 5138 2963 5187 cui
3001 5139 3083 5190 ille
3114 5141 3338 5198 insistens
3377 5149 3700 5206 descendebat
3710 5172 3732 5218 3

2163 5201 2304 5264 eujus
2322 5204 2390 5254 rei
2410 5219 2556 5258 causa
2579 5221 2767 5276 semper
2784 5217 2993 5278 gestator
3010 5219 3153 5281 regia
3174 5223 3306 5274 0011ae
3327 5228 3635 5290 sequebatur.
