4016 5916
551 434 667 491 ²52

547 554 595 613 δ’
641 550 861 618 ἐκείνους
909 548 1215 630 ἰλέγχοντας
1240 548 1490 618 ἐξετάζειν
1530 545 1850 629 Δικαίαρχόν
1897 571 1955 607 τε
2001 546 2095 613 καὶ

554 636 926 719 Ἐρατοσθένη,
954 635 1041 694 τὸν
1076 637 1367 694 τελευταῖον
1396 634 1931 715 πραγματευσάμενον
1971 632 2094 713 περὶ

546 724 912 805 γεωγραφίας,
958 721 1051 781 καὶ
1102 720 1338 800 Πυθέαν,
1387 721 1469 803 ὑφ’
1521 712 1580 779 οὗ
1633 724 2094 802 παρακρουσθῆναι

547 811 797 885 πολλοὺς,
819 808 948 882 ὅλην
982 808 1077 888 μὶν
1099 806 1194 881 τὴν
1223 807 1575 890 Βρεττανικὴν
1605 807 1833 885 ἕμόαδὸν
1861 808 2092 867 ἐπελθεῖν

546 899 868 981 φάσκοντος,
905 895 999 967 τὴν
1040 895 1094 955 δὲ
1127 895 1435 977 περίμετρον
1464 894 1712 954 πλειόνων
1749 893 1786 966 ἢ
1830 894 2093 974 τεττάρων

542 979 1995 1153 2²:52ae,mezzffssscmfim
2020 978 2095 1135 {i

548 1160 666 1221 οὔτε
692 1164 762 1238 γῆ
785 1160 902 1218 καθ’
923 1156 1085 1231 αὑτὴν
1106 1161 1337 1240 ὑπῆρχεν
1359 1157 1434 1217 ἔτι
1449 1156 1565 1217 οὔτε
1584 1156 1817 1217 θάλαττα
1839 1155 1944 1217 οὔτ’
1965 1155 2091 1236 ἀὴρ,

544 1246 685 1307 ἀλλὰ
713 1244 977 1327 σύγκριμά
1009 1267 1061 1302 τι
1105 1245 1163 1304 ἐκ
1189 1243 1386 1303 τούτων
1417 1243 1671 1323 πλεύμονι
1698 1242 1959 1324 θαλαττίῳ
1990 1244 2091 1302 ἔοι-

546 1334 665 1407 κὸς,
693 1336 747 1393 έν
771 1324 816 1415 ᾧ
852 1354 981 1414 φησι
1016 1330 1110 1403 τὴν
1140 1335 1236 1410 γῆν
1263 1331 1355 1391 καὶ
1380 1329 1475 1403 τὴν
1503 1332 1764 1392 θάλατταν
1794 1331 2092 1407 αἰωρεῖσθαι

542 1421 637 1480 καὶ
664 1421 733 1480 τὰ
759 1419 1068 1498 σύμπαντα,
1093 1418 1185 1478 καὶ
1221 1424 1397 1479 τοῦτον
1425 1421 1496 1484 ὡς
1524 1417 1588 1477 ἂν
1612 1416 1801 1496 δεσμὸν
1829 1407 1960 1476 εἶναι
1987 1421 2090 1476 τῶν

539 1508 703 1586 ὅλων,
735 1505 867 1585 μήτε
892 1504 1140 1587 πορευτὸν
1170 1504 1303 1584 μήτε
1323 1504 1527 1564 πλωτὸν
1551 1504 1881 1585 ὑπάρχοντα·
1909 1504 1969 1564 τὸ
1996 1503 2092 1582 μὲν

549 1586 636 1655 οὗν
656 1598 733 1676 τῷ
761 1593 1012 1672 πλεύμονι
1040 1592 1199 1660 έοικὸς
1223 1591 1375 1660 αὐτὸς
1393 1592 1709 1673 ἑωρακέναι,
1734 1592 1903 1651 τᾶλλα
1924 1592 1978 1652 δὲ
2003 1594 2091 1651 λε’-

540 1705 654 1759 γειν
694 1681 745 1750 ἐξ
776 1684 957 1753 ἀκοῆς.
989 1683 1179 1741 Ταῦτα
1210 1679 1304 1758 μὲν
1338 1679 1404 1739 τὰ
1439 1685 1529 1739 τοῦ
1564 1679 1794 1754 Πυθέου,
1829 1678 1920 1739 καὶ
1962 1679 2091 1739 διότι

538 1767 839 1828 έπανελθὼν
884 1766 1080 1827 ἐνθένδε
1114 1775 1289 1826 πᾶσαν
1338 1765 1545 1827 ἐπέλθοι
1572 1764 1668 1838 τὴν
1705 1774 2087 1847 παρωκεανῖτιν

538 1859 635 1928 τῆς
667 1854 924 1936 Εὐρώπης
951 1855 1055 1914 ἀπὸ
1076 1853 1339 1934 Γαδείρων
1362 1853 1457 1921 ἕως
1479 1854 1756 1921 Τανάϊδος.

623 1942 775 2014 Φησὶ
811 1943 855 2002 δ’
883 1933 970 2001 οὐν
1013 1941 1041 1997 δ
1096 1940 1355 2009 Πολύόιος
1382 1941 1600 2001 άπιστον
1632 1940 1723 1999 καὶ
1750 1939 1875 1999 αὐτὸ
1906 1945 2058 1998 τοῦτο
2073 1984 2089 2012 ,

546 2032 656 2098 πῶς
685 2027 864 2109 ἰδιώτῃ
903 2028 1159 2109 ἀνθρώπῳ
1182 2029 1272 2088 καὶ
1303 2026 1487 2101 πένητι
1519 2028 1585 2086 τὰ
1608 2032 1837 2087 τοσαῦτα
1868 2026 2088 2097 διαστή-

542 2138 690 2193 ματα
716 2113 901 2174 πλωτὰ
928 2114 1020 2173 καὶ
1045 2113 1274 2195 πορευτὰ
1296 2115 1494 2195 γένοιτο
1509 2138 1523 2150 ·
1552 2114 1642 2174 τὸν
1666 2113 1710 2173 δ’
1739 2112 2087 2194 Ἐρατοσθένη

540 2200 963 2283 διαπορήσαντα,
992 2203 1037 2260 εἰ
1062 2201 1167 2284 χρὴ
1196 2202 1456 2261 πιστεύειν
1482 2201 1709 2273 τούτοις,
1730 2200 1870 2279 ὅμως
1891 2199 2011 2279 περί
2033 2223 2087 2257 τε

544 2293 634 2360 τῆς
666 2293 1013 2369 Βρεττανικῆς
1033 2288 1434 2349 πεπιστευκέναι
1461 2289 1551 2347 καὶ
1572 2292 1674 2347 τῶν
1696 2286 1834 2347 κατὰ
1862 2287 2087 2366 Γάδειρα

535 2378 634 2436 καὶ
660 2376 752 2448 τὴν
778 2376 1039 2458 Ἰὅηρίαψ
1068 2376 1200 2437 πολὺ
1229 2376 1286 2436 δέ
1317 2401 1444 2459 φησι
1469 2375 1668 2455 βέλτιον
1695 2380 1771 2456 τῷ
1804 2374 2089 2456 Μεσσηνίῳ

533 2465 800 2524 πιστεύειν
848 2463 884 2536 ἢ
912 2463 1095 2545 τούτῳ.
1130 2463 1199 2525 Ὁ
1224 2463 1401 2541 μέντοι
1427 2487 1486 2543 γε
1526 2466 1597 2530 εἷς
1624 2462 1749 2540 μίαν
1777 2461 1956 2543 χώραν
1992 2461 2087 2532 τὴν

543 2550 828 2632 Παγχαίαν
854 2549 997 2629 λέγει
1022 2553 1274 2610 πλεῦσαι·
1304 2555 1332 2609 ὁ
1356 2549 1410 2610 δὲ
1434 2549 1526 2609 καὶ
1562 2549 1719 2630 μέχρι
1746 2552 1849 2608 τῶν
1880 2553 1969 2607 τοῦ
1999 2548 2090 2607 κό·

536 2660 680 2715 σμου
694 2637 935 2718 περάτων
958 2636 1381 2697 κατωπτευκέναι
1395 2636 1489 2709 τὴν
1503 2636 1851 2718 προσάρκτιον
1864 2641 1958 2708 τῆς
1983 2635 2089 2696 Εὐ·

544 2725 721 2806 ρώπης
746 2734 943 2797 πᾶσαν,
963 2725 1029 2795 ἣν
1058 2724 1161 2783 οὐδ’
1195 2722 1257 2783 ἂν
1280 2728 1356 2805 τῷ
1384 2723 1576 2808 Ἑρμῇ
1594 2723 1869 2783 πιστεύσαι
1902 2746 1979 2790 τις
2000 2721 2088 2781 λέ·

533 2832 701 2888 γοντι.
721 2809 1069 2890 Ἐρατοσθένη
1095 2809 1150 2868 δὲ
1179 2809 1265 2869 τὸν
1292 2810 1386 2888 μὲν
1408 2809 1682 2890 Εὐήμερον
1706 2812 1958 2889 Βεργαῒον
1983 2833 2085 2868 κα-

542 2899 672 2975 λεῖν,
701 2894 881 2976 Πυθέα
901 2895 956 2954 δὲ
976 2894 1234 2955 πιστεύειν
1253 2941 1270 2975 ,
1299 2896 1390 2955 καὶ
1413 2900 1579 2955 ταῦτα
1609 2895 1740 2973 μηδὲ
1763 2895 2088 2977 Δικαιάρχου

532 2982 926 3050 πιστεύσαντος.
952 2984 1031 3044 Τὸ
1056 2983 1150 3061 μὲν
1174 2975 1261 3042 οὗν
1281 2983 1411 3061 μηδὲ
1427 2985 1747 3064 Δικαιάρχου
1770 2984 2089 3043 πιστεύσαν-

532 3146 608 3196 ait
628 3146 798 3197 missos
814 3148 968 3197 facere
980 3184 995 3209 ,
1017 3148 1065 3197 in
1079 3161 1163 3198 eos
1182 3150 1344 3199 autem
1361 3149 1605 3213 inquirere
1621 3149 1764 3212 velle,
1779 3163 1809 3199 a
1826 3146 2000 3213 quibus
2017 3151 2087 3199 ilii

541 3224 653 3274 sunt
679 3224 975 3287 reprehensi,
997 3227 1053 3274 ut
1070 3225 1399 3276 Dicaearchum
1416 3231 1464 3276 et
1489 3226 1877 3288 Eratosthenem,
1900 3227 1987 3290 qui
2008 3227 2088 3277 ul·

540 3301 687 3351 timus
702 3301 1033 3364 geographiam
1053 3303 1295 3366 tractarit,
1314 3306 1364 3354 et
1387 3304 1634 3367 Pytheam,
1651 3304 1735 3367 qui
1749 3304 1914 3355 multis
1928 3304 2088 3369 impo-

536 3377 689 3429 suerit
713 3396 726 3428 :
751 3378 882 3428 hunc
915 3379 1042 3429 enim
1066 3380 1338 3444 perhibere,
1361 3383 1514 3431 totam
1550 3381 1745 3444 quidem
1778 3381 2077 3433 Britanniam

536 3454 740 3518 pedibus
756 3469 808 3506 se
824 3468 1109 3522 peragrasse,
1126 3458 1361 3509 ambitum
1375 3462 1537 3510 autem
1550 3458 1719 3510 insula}
1741 3459 1974 3523 maiorem
1987 3473 2091 3511 osse

529 3533 856 3597 quadraginta
883 3534 1147 3585 stadiorum
1175 3536 1386 3586 millibus
1407 3539 1547 3587 :tum
1565 3536 1626 3588 de
1651 3537 1806 3588 Thule
1831 3538 1881 3588 et
1898 3537 2000 3588 istis
2019 3537 2087 3587 lo·

539 3609 609 3659 cis
634 3609 701 3660 ita
731 3624 954 3674 narrare,
979 3625 1135 3675 neque
1162 3613 1424 3663 terramibi
1455 3627 1597 3676 porro
1627 3626 1753 3675 esse,
1779 3627 1936 3677 neque
1956 3627 2089 3665 mare

546 3698 703 3748 neque
724 3699 884 3737 aerem
913 3701 1025 3752 quas
1049 3689 1238 3753 proprie
1261 3692 1517 3754 vocantur,
1555 3690 1640 3741 sed
1659 3690 1904 3754 quippiam
1930 3704 1993 3741 ex
2015 3690 2089 3740 his

536 3764 818 3812 concretum
831 3800 848 3826 ,
876 3764 1115 3826 pulmonis
1140 3765 1311 3816 marini
1331 3766 1511 3830 simile,
1535 3766 1585 3817 in
1602 3780 1700 3829 qno
1731 3768 1861 3817 terra
1885 3769 1935 3817 et
1955 3779 2089 3817 mare

539 3840 687 3902 atque
712 3841 932 3892 universa
952 3836 1184 3893 'sublimia
1208 3840 1471 3907 pendeant,
1497 3845 1687 3908 hocque
1707 3856 1807 3895 esse
1832 3845 1968 3907 quasi
1983 3845 2090 3894 vin-

532 3918 706 3968 -culum
724 3920 935 3970 universi
948 3958 964 3984 ,
998 3935 1153 3986 neque
1166 3922 1366 3985 pedibus
1386 3935 1629 3973 accessum
1641 3960 1656 3986 ,
1676 3936 1833 3986 neque
1853 3923 2085 3986 navibus5

539 4007 597 4045 ao
614 3997 857 4060 pulmonis
873 3997 1028 4050 simile
1044 3999 1164 4050 illud
1178 4000 1401 4064 seipsum
1416 4001 1603 4063 vidisse;
1623 4003 1780 4051 cetera
1799 4001 1964 4050 auditu
1982 4014 2088 4064 per·

539 4075 679 4135 cepta
695 4074 885 4125 referre.
908 4078 1026 4126 Haec
1044 4076 1273 4140 Pytheam
1301 4076 1488 4138 dicere,
1503 4077 1648 4140 idque
1664 4077 1838 4127 addere
1852 4114 1867 4139 ,
1886 4076 1995 4128 inde
2015 4090 2087 4127 re-

541 4158 730 4199 versum
758 4150 993 4215 quidquid
1011 4155 1216 4217 Europae
1242 4155 1487 4217 regionum
1505 4157 1579 4204 est
1599 4153 1662 4203 ad
1679 4157 1927 4205 Oceanum
1954 4166 2086 4217 pera·

532 4239 696 4288 grasse
709 4264 723 4285 ,
742 4241 770 4276 a
789 4227 1002 4279 Gadibus
1025 4230 1086 4279 ad
1106 4230 1287 4280 Tanain
1304 4243 1472 4293 usque.

604 4305 828 4368 Polybius
848 4311 1012 4375 autem
1036 4308 1081 4358 id
1105 4322 1297 4372 quoque
1317 4308 1591 4360 incredibile
1611 4309 1679 4359 ait
1701 4322 1827 4371 esse,
1847 4309 2086 4372 privatum

536 4383 812 4447 homiuem,
837 4398 1043 4448 etnnque
1081 4399 1366 4449 pauperem,
1395 4388 1585 4436 tantum
1620 4386 1759 4450 spatii
1786 4386 1902 4435 mari
1940 4388 2084 4437 terra·

534 4473 633 4522 que
650 4460 872 4513 obivisse.
895 4463 1254 4515 Eratosthenem
1280 4467 1442 4515 autem
1478 4464 1779 4515 dubitantem
1803 4465 1939 4515 hisne
1963 4469 2088 4517 esset

414 4528 419 4541 ”
538 4535 657 4587 tides
673 4538 968 4603 adhibenda,
987 4542 1149 4592 tamen
1172 4554 1283 4604 quoe
1305 4540 1366 4592 de
1392 4541 1663 4603 Britannia,
1694 4541 1905 4593 Gadibus
1934 4546 1984 4593 et
2007 4544 2089 4594 Hi-

528 4616 775 4675 spaniaab
796 4631 854 4668 eo
874 4618 1098 4670 dicuntur
1119 4620 1371 4672 credidisse
1405 4640 1418 4671 ι
1439 4621 1591 4671 multo
1612 4622 1775 4671 autem
1792 4620 1975 4685 (inquit
1992 4625 2086 4671 Po·

535 4693 729 4756 tybius)
762 4699 1023 4757 prestabat
1068 4701 1298 4750 Messenio
1328 4700 1550 4764 credere,
1583 4712 1730 4764 quam
1754 4700 1962 4764 Pytheoe.
1999 4700 2088 4750 lile

531 4770 667 4820 enim
682 4774 868 4823 tantum
884 4789 1030 4827 unam
1049 4778 1096 4828 in
1115 4779 1352 4842 regionem
1373 4780 1654 4830 Pancltoeam
1673 4792 1725 4830 se
1737 4777 1982 4842 navigasse
1997 4778 2083 4839 ⁸115

534 4845 622 4895 ‘hic
660 4842 1075 4911 septentrionalem
1110 4858 1351 4919 Europam
1374 4857 1645 4907 universam
1690 4868 1842 4919 nsque
1875 4856 1937 4905 ad
1968 4855 2089 4906 ilnes

542 4923 709 4973 mundi
736 4927 1044 4988 perlustrasse
1064 4931 1208 4996 dicit,
1242 4933 1372 4996 quod
1408 4948 1471 4984 ne
1500 4933 1738 4985 Mercurio
1778 4932 1973 4995 quidem
2008 4931 2084 4982 di-

534 5001 667 5051 centi
709 5002 941 5055 crederes.
991 5009 1183 5058 interim
1221 5010 1606 5072 Eratosthenem,
1639 5009 1724 5073 qui
1762 5009 2085 5060 Euhemerum

544 5078 792 5141 Bergaeum
810 5083 1013 5144 appellet
1026 5121 1039 5143 ,
1075 5085 1268 5148 Pytheas
1291 5086 1502 5146 credere,
1521 5091 1668 5149 atque
1695 5087 1786 5135 hoc
1803 5100 1864 5137 ne
1882 5087 2084 5137 Dicoear·

533 5156 633 5203 ‹tiu›
652 5159 846 5220 quidem
869 5160 1109 5213 credente.
1135 5162 1189 5213 ld
1217 5163 1412 5225 quidem
1435 5163 1692 5215 ridiculum
1715 5166 1815 5225 est,
1842 5163 1973 5228 quod
1999 5163 2085 5214 Di-

1720 418 2165 482 mcAEARcm
2209 420 2499 483 MESSEN
2509 422 2566 481 ΙΙ

2182 568 2287 624 τος,
2322 548 2547 625 γελοῖον·
2583 545 2761 628 ὥσπερ
2784 547 2961 628 ἐκείνῳ
2989 549 3167 609 κανόνι
3192 548 3493 631 χρήσασθαι
3519 555 3735 636 προσῆ-

2184 657 2294 709 κον,
2331 635 2448 694 καθ’
2496 626 2556 695 οὗ
2603 634 2875 704 τοσούτους
2918 635 3159 716 έλέγχους
3207 636 3359 705 αὐτὸς
3390 639 3741 722 προφέρεται·

2184 720 2586 801 Ἐρατοσθένους
2620 721 2673 782 δὲ
2721 722 2922 802 εἴρηται
2953 727 2987 794 ἡ
3025 723 3146 805 περὶ
3171 723 3239 783 τὰ
3281 727 3498 807 ἑσπέρια
3538 728 3630 786 καὶ
3667 729 3742 788 τὰ

2184 808 2407 890 ἀρκτικὰ
2430 814 2523 882 τῆς
2545 808 2800 890 Εὐρώπης
2826 809 3025 888 ἄγνοια.
3046 811 3184 870 Ἀλλ’
3206 810 3387 892 ἐκείνῳ
3409 813 3504 889 μὲν
3530 814 3620 874 καὶ
3639 819 3738 876 Δι-

2181 895 2423 978 καιάρχῳ
2459 895 2767 975 συγγνώμη,
2809 899 2916 965 τοῖς
2954 897 3028 976 μὴ
3065 899 3332 958 κατιδοῦσι
3374 900 3493 968 τοὺς
3533 900 3736 971 τόπους

2182 982 2433 1051 ἐκείνους·
2458 983 2707 1065 Πολυόίῳ
2727 984 2782 1043 δὲ
2805 984 2896 1043 καὶ
2913 986 3246 1064 Ποσειδωνίῳ
3265 984 3342 1054 τίς
3358 985 3423 1045 ἂν
3451 989 3731 1066 συγγνοίη;

2184 1067 2342 1130 Ἀλλὰ
2375 1067 2479 1146 μὴν
2518 1069 2779 1138 Πολύόιός
2800 1070 2862 1148 γέ
2886 1071 3026 1131 ἔστιν
3046 1075 3075 1130 ὀ
3099 1072 3514 1150 λαοδογματικὰς
3550 1078 3733 1135 καλῶν

2182 1157 2487 1237 ἀποφάσεις,
2508 1155 2568 1223 ἃς
2591 1162 2855 1216 ποιοῦνται
2875 1157 3116 1238 περὶτῶν
3138 1159 3192 1217 ἐν
3208 1159 3407 1226 τούτοις
3427 1168 3533 1228 τοῖς
3553 1163 3734 1230 τόποις

2182 1242 2548 1320 διαστημάτων
2586 1245 2676 1304 καὶ
2711 1246 2764 1303 ἐν
2802 1243 2977 1311 ἄλλοις
3012 1245 3251 1318 πολλοῖς,
3286 1247 3403 1304 ἀλλ’
3428 1248 3534 1305 οὐδ’
3564 1250 3617 1307 ἰν
3656 1240 3732 1316 οἷς

2187 1328 2410 1397 ἐκείνους
2438 1330 2639 1410 ἐλέγχει
2653 1330 2974 1411 καθαρεύων.
3005 1334 3118 1391 Τοῦ
3135 1336 3257 1409 γοῦν
3280 1332 3601 1414 Δικαιάρχου
3625 1360 3731 1411 μυ-

2182 1416 2316 1498 ρίους
2338 1416 2434 1496 μὲν
2460 1418 2687 1486 εἰπόντος
2710 1419 2829 1485 τοὺς
2852 1418 2938 1477 ἐπὶ
2964 1417 3173 1488 Στήλας
3194 1417 3300 1478 ἀπὸ
3326 1423 3418 1491 τῆς
3446 1422 3724 1482 Πελοπον-

2180 1503 2338 1576 νήσου
2358 1504 2623 1574 σταδίους,
2646 1505 2854 1573 πλείους
2876 1504 2931 1565 δὲ
2953 1503 3148 1563 τούτων
3173 1502 3291 1572 τοὺς
3316 1507 3501 1566 ἐπὶτὸν
3521 1508 3731 1590 Ἀδρίαν

2181 1589 2339 1669 μέχρι
2380 1595 2473 1650 τοῦ
2506 1595 2676 1669 μυχοῦ
2691 1634 2710 1668 ,
2748 1596 2839 1650 τοῦ
2869 1589 2915 1649 δ’
2950 1590 3037 1648 ἐπὶ
3084 1591 3294 1662 Στήλας
3334 1592 3394 1651 τὸ
3438 1593 3598 1675 μέχρι
3634 1603 3729 1655 τοῦ

2185 1681 2430 1757 Πορθμοῦ
2453 1675 2767 1758 τρισχιλίους
2795 1676 3102 1756 ἀποδόντος,
3122 1681 3193 1744 ὡς
3213 1677 3445 1756 γίνεσθαι
3469 1681 3527 1740 τὸ
3544 1683 3729 1742 λοιπὸν

2179 1764 2597 1844 ἕπτακισχιλίους
2610 1764 2670 1823 τὸ
2689 1764 2794 1824 ἀπὸ
2809 1768 2951 1845 Πορθ
3020 1770 3055 1823 ῦ
3070 1763 3226 1846 μέχρι
3244 1768 3479 1838 Στηλῶν·
3494 1767 3611 1837 τούς
3627 1769 3728 1846 μὲν

2179 1850 2495 1931 τρισχιλίους
2510 1853 2598 1909 ἐᾶν
2614 1874 2788 1932 φησιν,
2808 1845 2946 1910 sisse
2996 1849 3357 1928 λαμὸάνονται
3375 1852 3477 1914 εἴτε
3497 1855 3592 1931 μὴ,
3609 1855 3730 1924 τούς

2178 1938 2223 1997 δ’
2247 1938 2666 2018 ἑπτακισχιλίους
2691 1936 2994 2017 οὐδετέρως,
3029 1936 3144 1997 οὐδὲ
3172 1936 3268 2010 τὴν
3293 1941 3558 2021 παραλίαν
3577 1944 3744 2020 έκμε-.

2177 2030 2399 2106 τροῦντι,
2418 2024 2535 2085 οὔτε
2562 2025 2658 2097 τὴν
2681 2024 2767 2083 διὰ
2791 2022 2951 2102 μέσου
2969 2029 3060 2082 τοῦ
3078 2024 3351 2103 πελάγους.
3368 2026 3483 2100 Τὴν
3506 2028 3600 2105 μὲν
3622 2028 3729 2109 γὰρ

2178 2111 2444 2193 παραλίαν
2474 2111 2696 2173 ἰοικέναι
2725 2112 2939 2189 μάλιστ’
2969 2110 3198 2192 άμὸλεία
3235 2113 3435 2193 γωνία,
3469 2112 3728 2197 βεῆηκυίᾳ

2179 2199 2267 2258 ἐπί
2287 2221 2343 2258 τε
2361 2204 2452 2259 τοῦ
2470 2202 2718 2280 Πορθμοῦ
2735 2198 2947 2259 καὶτῶν
2965 2199 3202 2273 Στηλῶν,
3221 2201 3450 2282 κορυφὴν
3464 2202 3511 2260 δ’
3530 2203 3728 2282 ἐχούσῃ

2179 2284 2444 2366 Νάρὸωνα
2461 2308 2475 2323 ·
2494 2283 2630 2346 ὥστε
2660 2284 2997 2345 συνίστασθαι
3018 2285 3267 2366 τρίγωνον
3302 2287 3455 2366 βάσιν
3486 2287 3609 2369 ἕχον
3631 2289 3727 2361 τὴν

2178 2372 2263 2432 διὰ
2292 2378 2383 2433 τοῦ
2419 2371 2675 2452 πελάγους
2702 2374 2923 2445 εὐθεῖαν,
2955 2371 3179 2453 πλευρὰς
3202 2373 3257 2433 δὲ
3290 2374 3387 2443 τὰς
3418 2375 3510 2448 τὴν
3531 2377 3727 2455 γωνίαν

2178 2460 2428 2527 ποιούσας
2456 2461 2551 2532 τὴν
2592 2462 2885 2540 λεχθεῖσαν,
2922 2450 2996 2518 ὧν
3021 2464 3057 2532 ἡ
3092 2459 3187 2539 μὲν
3221 2460 3324 2521 ἀπὸ
3352 2468 3441 2522 τοῦ
3477 2467 3728 2543 Πορθμοῦ

2180 2547 2338 2628 μέχρι
2384 2546 2667 2627 Νάρὸωνος
2708 2546 2904 2628 μυρίων
2934 2547 3043 2607 έστὶ
3079 2547 3171 2607 καὶ
3200 2549 3452 2608 πλειόνων
3484 2548 3521 2621 ἢ
3550 2553 3730 2610 διακο-

2181 2635 2305 2694 σίων
2335 2634 2421 2693 ἐπὶ
2444 2643 2552 2703 τοῖς
2569 2635 2786 2715 χιλίοις,
2810 2640 2845 2706 ἡ
2865 2631 2920 2692 δὲ
2940 2633 3097 2706 λοιπὴ
3124 2639 3296 2717 μικρῷ
3319 2635 3545 2715 [λοιπὸν]
3576 2638 3731 2695 ἐλατ-

2178 2721 2339 2781 τόνων
2358 2720 2393 2794 ἢ
2408 2723 2809 2802 ὀκτακισχιλίων
2822 2745 2836 2761 ·
2850 2721 2941 2781 καὶ
2963 2720 3067 2800 μὴν
3081 2724 3324 2783 πλεῖστον
3346 2722 3439 2798 μὲν
3457 2722 3730 2802 διάστημα

2179 2808 2282 2868 ἀπὸ
2300 2812 2391 2881 τῆς
2413 2809 2668 2891 Εὐρώπης
2687 2809 2771 2869 ἐπὶ
2791 2808 2885 2882 τὴν
2900 2809 3104 2883 Λιὸύην
3122 2811 3487 2890 ὁμολογεῖσθαι
3499 2810 3639 2870 κατὰ
3665 2812 3730 2871 τὸ

2178 2895 2503 2976 Τυρρηνικὸν
2519 2897 2745 2976 πέλαγος
2762 2895 2986 2956 σταδίων
3002 2899 3060 2957 οὐ
3077 2896 3325 2958 πλειόνων
3345 2894 3380 2969 ἢ
3400 2897 3725 2979 τρισχιλίων,

2180 2983 2315 3043 κατὰ
2327 2984 2384 3043 τὸ
2399 2985 2696 3065 Σαρδώνιον
2707 2984 2761 3043 δὲ
2770 2983 3057 3062 λαμόάνειν
3074 2984 3400 3063 συναγωγήν.
3413 2985 3551 3046 Ἀλλ’
3569 2984 3728 3059 ἔστω,

2176 3151 2451 3201 caearchum
2492 3152 2698 3214 proten-t,
2730 3152 2869 3215 quasi
2893 3164 3009 3202 vero
3032 3151 3286 3203 conveniat
3302 3165 3414 3202 eum
3444 3151 3593 3202 veluti
3615 3165 3729 3200 nor·

2176 3241 2305 3277 mam
2338 3228 2667 3291 sequi,quem
2702 3228 2802 3292 ipse
2821 3228 3046 3292 Polybius
3078 3231 3152 3280 tot
3178 3228 3619 3292 reprehensionibus
3655 3229 3727 3277 in·

2175 3305 2330 3354 cessit.
2360 3303 2553 3355 Dictum
2572 3306 2645 3355 est
2657 3307 2822 3355 autem
2840 3318 2987 3368 quam
3001 3304 3145 3355 tuerit
3176 3305 3512 3356 Eratosthenes
3535 3305 3728 3367 ignarus

2175 3379 2482 3432 occiduamm
2501 3383 2552 3432 et
2568 3381 3009 3444 septentrionalium
3045 3385 3253 3445 Europae
3277 3382 3503 3446 partium.
3542 3383 3726 3431 verum

2175 3456 2287 3508 huic
2312 3457 2506 3521 quidem
2529 3460 2579 3509 et
2603 3458 2883 3510 Dicaearcho
2901 3457 3058 3509 danda
3090 3459 3162 3508 est
3187 3459 3357 3521 venia,
3389 3458 3475 3523 qui
3501 3458 3606 3508 loca
3631 3458 3725 3508 ista

2174 3548 2273 3585 non
2290 3534 2601 3599 inspexerunt
2621 3553 2635 3585 ε
2665 3534 2748 3585 sed
2769 3534 2965 3597 Polybio
2983 3537 3035 3585 et
3067 3534 3322 3585 Posidonio
3344 3535 3453 3598 quis
3482 3535 3725 3599 ignoscat?

2175 3610 2320 3674 Atqui
2338 3610 2378 3661 is
2392 3614 2465 3662 est
2488 3610 2738 3674 Polybius,
2758 3610 2842 3675 qui
2858 3623 2967 3675 quae
2980 3609 3041 3661 de
3057 3609 3232 3659 horum
3250 3610 3467 3660 locorum
3489 3610 3725 3661 distantiis

2174 3689 2224 3738 et
2248 3687 2353 3739 aliis
2375 3689 2539 3739 multis
2572 3687 2642 3738 illi
2672 3688 2950 3751 proferunt,
2973 3700 3004 3736 a
3024 3686 3167 3750 vulgo
3193 3689 3449 3750 conceptas
3476 3688 3726 3750 opiniones

2173 3767 2340 3827 νόσοις
2358 3778 2511 3829 quum
2529 3766 2650 3815 nein
2677 3765 2750 3815 his
2765 3763 2985 3828 quidem,
3011 3765 3060 3815 in
3078 3762 3255 3828 quibus
3266 3764 3373 3814 illos
3399 3764 3723 3827 reprehendit,

2173 3842 2291 3893 vitio
2304 3847 2478 3894 careat.
2501 3848 2661 3905 Quum
2679 3843 2807 3893 enim
2827 3842 3135 3893 Dicaearchus
3147 3855 3176 3892 a
3198 3842 3518 3905 Peloponneso
3536 3841 3597 3890 ad
3621 3846 3725 3893 co-

2171 3921 2366 3974 lumnas
2396 3922 2549 3973 stadia
2583 3925 2804 3974 numeret
2832 3921 2991 3973 decies
3019 3922 3150 3972 mille
3161 3957 3176 3984 ,
3200 3920 3272 3970 his
3301 3919 3436 3982 plura
3467 3932 3622 3983 usque
3654 3922 3723 3971 ad

2174 3996 2394 4049 intimum
2427 3998 2656 4050 Adriatici
2677 3999 2811 4049 sinus
2844 4012 3112 4061 recessum,
3131 4000 3180 4049 et
3205 3995 3297 4047 tria
3322 3994 3473 4045 miliia
3508 3996 3722 4059 assignet

2173 4075 2424 4126 intervallo
2440 4076 2572 4139 quod
2591 4076 2846 4139 porrigitur
2868 4089 3034 4127 versus
3051 4076 3312 4127 Columnas
3338 4085 3490 4135 usque
3506 4072 3571 4123 ad
3600 4076 3721 4124 Fre-

2171 4155 2279 4203 tum
2291 4187 2306 4214 ,
2325 4156 2381 4203 ut
2398 4152 2515 4202 nant
2540 4153 2601 4203 de
2617 4154 2777 4203 cetero
2793 4166 2821 4201 a
2840 4155 2983 4203 Freto
3001 4165 3152 4215 usque
3168 4151 3231 4201 ad
3250 4148 3507 4201 columnas
3531 4150 3722 4200 stadio·

2175 4243 2283 4279 rum
2297 4232 2476 4293 septem
2496 4229 2644 4279 millia
2664 4229 2918 4292 :Polybius
2935 4230 3031 4291 ait,
3051 4229 3112 4278 de
3133 4227 3287 4278 tribus
3303 4226 3513 4277 millibus
3539 4240 3592 4278 se
3623 4241 3722 4278 non

2172 4306 2441 4369 disputare,
2466 4318 2640 4356 verene
2660 4320 2723 4356 an
2742 4306 2860 4356 salso
2874 4307 3133 4370 ponantur,
3154 4304 3238 4355 sed
3255 4304 3347 4355 ista
3369 4306 3549 4368 septem
3570 4304 3722 4355 millia

2172 4396 2328 4446 neque
2341 4382 2592 4432 maritimae
2615 4394 2713 4432 oroe
2728 4394 2965 4431 mensuroe
2976 4418 2991 4444 ,
3010 4393 3168 4444 neque
3184 4394 3268 4444 per
3291 4378 3504 4430 medium
3525 4379 3722 4443 pelagus

2171 4462 2331 4513 ductat
2356 4462 2496 4513 lineoe
2526 4460 2824 4526 respondere.
2858 4464 2977 4512 Nam
3001 4473 3139 4511 oram
3170 4459 3460 4510 maritimam
3501 4472 3602 4510 esse
3634 4473 3721 4522 ap-

2171 4540 2324 4603 prime
2336 4539 2540 4590 similem
2552 4538 2726 4602 angulo
2743 4538 2935 4600 obtuso,
2960 4541 3103 4589 Freto
3121 4540 3170 4588 et
3186 4538 3438 4588 Columnis
3460 4536 3713 4598 insistenti,

2172 4618 2307 4679 cuius
2323 4620 2491 4667 vertex
2506 4617 2568 4667 sit
2582 4616 2740 4668 Narbo
2760 4637 2774 4668 ε
2789 4616 2859 4667 ita
2876 4617 2931 4667 ut
2944 4617 3263 4666 constituatur
3276 4615 3560 4678 triangulus,
3580 4615 3722 4676 cuius

2171 4693 2298 4744 basis
2313 4694 2374 4745 sit
2392 4696 2522 4744 recta
2542 4693 2664 4743 linea
2687 4706 2772 4757 per
2790 4692 2943 4744 altum
2968 4692 3114 4743 ducta
3131 4705 3294 4756 mare,
3309 4692 3461 4743 latera
3485 4692 3645 4741 antem
3665 4692 3722 4741 iis

2173 4772 2309 4822 tineis
2329 4772 2615 4833 efficiantur,
2633 4784 2746 4836 quae
2762 4771 2946 4821 diuum
2962 4771 3217 4822 includunt
3234 4771 3485 4834 angulum,
3509 4783 3721 4833 quorum

2171 4854 2302 4917 quod
2322 4856 2599 4905 aFretoest
2631 4853 2901 4906 Narbonem
2928 4866 3109 4916 usqne,
3137 4852 3290 4902 stadia
3321 4850 3471 4901 habet
3497 4848 3725 4899 undecies

2171 4930 2304 4980 mille
2328 4929 2535 4982 ducenta
2557 4933 2607 4981 et
2636 4929 2841 4993 amplius
2855 4968 2872 4995 ,
2891 4930 3097 4980 alterum
3127 4928 3290 4994 paullo
3316 4927 3478 4977 minus
3497 4928 3573 4977 est
3610 4929 3725 4976 orto

2173 5007 2438 5059 stadiorum
2453 5008 2662 5059 millibus
2692 5021 2779 5059 :ac
2795 5008 3123 5069 longissimum
3142 5007 3338 5071 quidem
3369 5004 3432 5055 ab
3453 5006 3643 5066 Europa
3660 5002 3725 5052 ad

2172 5085 2379 5137 Africam
2401 5085 2704 5136 intervallum
2737 5084 3003 5135 secundum
3035 5097 3167 5134 mare
3202 5083 3505 5145 Tyrrhenum
3536 5080 3586 5128 iu
3610 5092 3727 5129 con-

2174 5164 2291 5213 fesso
2320 5161 2480 5211 haberi
2507 5174 2602 5211 non
2637 5161 2841 5224 amplius
2861 5173 2962 5210 esse
2987 5163 3060 5210 ter
3081 5160 3210 5210 mille
3226 5157 3414 5219 stadiis,
3435 5157 3596 5208 minus
3622 5156 3724 5204 tieri
