<?xml version="1.0" encoding="UTF-8"?>
<!DOCTYPE html PUBLIC "-//W3C//DTD XHTML 1.0 Transitional//EN"
    "http://www.w3.org/TR/xhtml1/DTD/xhtml1-transitional.dtd">
<html xmlns="http://www.w3.org/1999/xhtml" xml:lang="en" lang="en">
 <head>
  <title>
</title>
<meta http-equiv="Content-Type" content="text/html;charset=utf-8" />
  <meta name='ocr-system' content='tesseract 3.04.00' />
  <meta name='ocr-capabilities' content='ocr_page ocr_carea ocr_par ocr_line ocrx_word'/>
</head>
<body>
  <div class='ocr_page' id='page_1' title='image "./fragmentahistor00mgoog_0560.png"; bbox 0 0 4016 5916; ppageno 0'>
   <div class='ocr_carea' id='block_1_1' title="bbox 0 2877 3 3729">
    <p class='ocr_par' dir='ltr' id='par_1_1' title="bbox 0 2877 3 3729">
     <span class='ocr_line' id='line_1_1' title="bbox 0 2877 3 3729; baseline 0 0"><span class='ocrx_word' id='word_1_1' title='bbox 0 2877 3 3729; x_wconf 95' lang='lat' dir='ltr'><strong> </strong></span> 
     </span>
    </p>
   </div>
   <div class='ocr_carea' id='block_1_2' title="bbox 511 381 624 431">
    <p class='ocr_par' dir='ltr' id='par_1_2' title="bbox 511 381 624 431">
     <span class='ocr_line' id='line_1_2' title="bbox 511 381 624 431; baseline -0.009 0"><span class='ocrx_word' id='word_1_2' title='bbox 511 381 624 431; x_wconf 75' lang='lat'><strong>⁴84</strong></span> 
     </span>
    </p>
   </div>
   <div class='ocr_carea' id='block_1_3' title="bbox 1862 360 2434 424">
    <p class='ocr_par' dir='ltr' id='par_1_3' title="bbox 1862 360 2434 424">
     <span class='ocr_line' id='line_1_3' title="bbox 1862 360 2434 424; baseline -0.005 -2"><span class='ocrx_word' id='word_1_3' title='bbox 1862 362 2175 424; x_wconf 76' lang='lat' dir='ltr'><strong>numnis</strong></span> <span class='ocrx_word' id='word_1_4' title='bbox 2216 360 2434 421; x_wconf 83' lang='lat' dir='ltr'><strong>SAMn</strong></span> 
     </span>
    </p>
   </div>
   <div class='ocr_carea' id='block_1_4' title="bbox 509 483 3783 579">
    <p class='ocr_par' dir='ltr' id='par_1_4' title="bbox 509 483 3783 579">
     <span class='ocr_line' id='line_1_4' title="bbox 509 483 3783 579; baseline -0.003 -23"><span class='ocrx_word' id='word_1_5' title='bbox 509 500 674 579; x_wconf 67' lang='grc' dir='ltr'>φυλῆς</span> <span class='ocrx_word' id='word_1_6' title='bbox 701 487 833 554; x_wconf 69' lang='grc' dir='ltr'>εἶναι</span> <span class='ocrx_word' id='word_1_7' title='bbox 862 493 1126 571; x_wconf 78' lang='grc' dir='ltr'>ἀνάθημα.</span> <span class='ocrx_word' id='word_1_8' title='bbox 1152 521 1177 544; x_wconf 67' lang='lat' dir='ltr'>n</span> <span class='ocrx_word' id='word_1_9' title='bbox 1261 493 1368 553; x_wconf 79' lang='grc' dir='ltr'><strong>Καὶ</strong></span> <span class='ocrx_word' id='word_1_10' title='bbox 1397 490 1549 557; x_wconf 76' lang='grc' dir='ltr'>αὐτὸς</span> <span class='ocrx_word' id='word_1_11' title='bbox 1578 489 1869 561; x_wconf 78' lang='grc' dir='ltr'>Ἀνδοκίδης</span> <span class='ocrx_word' id='word_1_12' title='bbox 1904 492 1958 546; x_wconf 83' lang='grc' dir='ltr'><strong>ἐν</strong></span> <span class='ocrx_word' id='word_1_13' title='bbox 1995 494 2071 570; x_wconf 80' lang='grc' dir='ltr'><strong>τῷ</strong></span> <span class='ocrx_word' id='word_1_14' title='bbox 2162 488 2470 568; x_wconf 84' lang='grc' dir='ltr'>προστίθησι</span> <span class='ocrx_word' id='word_1_15' title='bbox 2489 485 2714 561; x_wconf 76' lang='grc' dir='ltr'>τούτοις,</span> <span class='ocrx_word' id='word_1_16' title='bbox 2747 488 2920 544; x_wconf 77' lang='grc' dir='ltr'>αὐλεῖν</span> <span class='ocrx_word' id='word_1_17' title='bbox 2946 483 3039 561; x_wconf 83' lang='grc' dir='ltr'><strong>μὲν</strong></span> <span class='ocrx_word' id='word_1_18' title='bbox 3062 485 3284 565; x_wconf 75' lang='grc' dir='ltr'>εἰρεσίαν</span> <span class='ocrx_word' id='word_1_19' title='bbox 3314 490 3421 554; x_wconf 84' lang='grc' dir='ltr'>τοῖς</span> <span class='ocrx_word' id='word_1_20' title='bbox 3450 485 3783 548; x_wconf 69' lang='grc' dir='ltr'>ἐλαύνουσι</span> 
     </span>
    </p>
   </div>
   <div class='ocr_carea' id='block_1_5' title="bbox 513 578 2075 838">
    <p class='ocr_par' dir='ltr' id='par_1_5' title="bbox 513 578 2075 838">
     <span class='ocr_line' id='line_1_5' title="bbox 515 578 2073 664; baseline -0.008 -17"><span class='ocrx_word' id='word_1_21' title='bbox 515 586 646 664; x_wconf 73' lang='grc' dir='ltr'>Περὶ</span> <span class='ocrx_word' id='word_1_22' title='bbox 674 586 776 643; x_wconf 86' lang='grc' dir='ltr'><strong>τῶν</strong></span> <span class='ocrx_word' id='word_1_23' title='bbox 805 581 1104 662; x_wconf 77' lang='grc' dir='ltr'>μυστηρίων</span> <span class='ocrx_word' id='word_1_24' title='bbox 1131 578 1210 639; x_wconf 75' lang='grc' dir='ltr'><strong>ὅτι</strong></span> <span class='ocrx_word' id='word_1_25' title='bbox 1235 584 1331 651; x_wconf 72' lang='grc' dir='ltr'><strong>τῆς</strong></span> <span class='ocrx_word' id='word_1_26' title='bbox 1358 580 1602 656; x_wconf 82' lang='grc' dir='ltr'>Αἰγηίδος</span> <span class='ocrx_word' id='word_1_27' title='bbox 1626 578 1706 649; x_wconf 83' lang='grc' dir='ltr'><strong>εἴη</strong></span> <span class='ocrx_word' id='word_1_28' title='bbox 1736 580 1794 636; x_wconf 79' lang='grc' dir='ltr'><strong>τὸ</strong></span> <span class='ocrx_word' id='word_1_29' title='bbox 1825 578 2073 652; x_wconf 77' lang='grc' dir='ltr'>ἀνάθημα</span> 
     </span>
     <span class='ocr_line' id='line_1_6' title="bbox 513 662 2075 748; baseline -0.007 -17"><span class='ocrx_word' id='word_1_30' title='bbox 513 674 560 731; x_wconf 86' lang='grc' dir='ltr'><strong>εἴ</strong></span> <span class='ocrx_word' id='word_1_31' title='bbox 591 696 734 745; x_wconf 86' lang='grc' dir='ltr'>ηκεν,</span> <span class='ocrx_word' id='word_1_32' title='bbox 774 670 909 730; x_wconf 82' lang='grc' dir='ltr'>ὥστε</span> <span class='ocrx_word' id='word_1_33' title='bbox 933 674 961 728; x_wconf 81' lang='grc' dir='ltr'><strong><em>ὃ</em></strong></span> <span class='ocrx_word' id='word_1_34' title='bbox 986 674 1171 748; x_wconf 79' lang='grc' dir='ltr'>Δοῦρις</span> <span class='ocrx_word' id='word_1_35' title='bbox 1201 666 1585 747; x_wconf 74' lang='grc' dir='ltr'>αὐτοσχεδιάζει</span> <span class='ocrx_word' id='word_1_36' title='bbox 1614 665 1904 725; x_wconf 77' lang='grc' dir='ltr'>Ἀνδοκίδου</span> <span class='ocrx_word' id='word_1_37' title='bbox 1949 662 2075 723; x_wconf 74' lang='grc' dir='ltr'>αὐτὸ</span> 
     </span>
     <span class='ocr_line' id='line_1_7' title="bbox 519 758 861 838; baseline -0.012 -19"><span class='ocrx_word' id='word_1_38' title='bbox 519 785 541 819; x_wconf 89' lang='grc' dir='ltr'><strong>ε</strong></span> <span class='ocrx_word' id='word_1_39' title='bbox 568 784 649 819; x_wconf 91' lang='grc' dir='ltr'><strong>ναι</strong></span> <span class='ocrx_word' id='word_1_40' title='bbox 672 758 861 838; x_wconf 81' lang='grc' dir='ltr'>λέγων.</span> 
     </span>
    </p>
   </div>
   <div class='ocr_carea' id='block_1_6' title="bbox 854 888 1733 967">
    <p class='ocr_par' dir='ltr' id='par_1_6' title="bbox 854 888 1733 967">
     <span class='ocr_line' id='line_1_8' title="bbox 854 888 1733 967; baseline -0.005 -20"><span class='ocrx_word' id='word_1_41' title='bbox 854 891 953 949; x_wconf 84' lang='lat'><strong>63.</strong></span> <span class='ocrx_word' id='word_1_42' title='bbox 990 890 1118 967; x_wconf 88' lang='lat' dir='ltr'><strong>(Ol.</strong></span> <span class='ocrx_word' id='word_1_43' title='bbox 1155 909 1254 965; x_wconf 82' lang='lat'><strong>91,</strong></span> <span class='ocrx_word' id='word_1_44' title='bbox 1283 910 1350 961; x_wconf 81' lang='lat'><strong>23</strong></span> <span class='ocrx_word' id='word_1_45' title='bbox 1380 909 1429 945; x_wconf 89' lang='lat' dir='ltr'><strong>a.</strong></span> <span class='ocrx_word' id='word_1_46' title='bbox 1463 891 1522 947; x_wconf 88' lang='lat' dir='ltr'><strong>C.</strong></span> <span class='ocrx_word' id='word_1_47' title='bbox 1558 888 1733 964; x_wconf 77' lang='lat'><strong>415.)</strong></span> 
     </span>
    </p>
   </div>
   <div class='ocr_carea' id='block_1_7' title="bbox 513 1022 2080 2324">
    <p class='ocr_par' dir='ltr' id='par_1_7' title="bbox 513 1022 2080 2324">
     <span class='ocr_line' id='line_1_9' title="bbox 594 1022 2080 1104; baseline -0.003 -17"><span class='ocrx_word' id='word_1_48' title='bbox 594 1032 873 1088; x_wconf 78' lang='lat' dir='ltr'>Plutarch.</span> <span class='ocrx_word' id='word_1_49' title='bbox 913 1031 1120 1104; x_wconf 84' lang='lat' dir='ltr'><strong>Agesil.</strong></span> <span class='ocrx_word' id='word_1_50' title='bbox 1167 1048 1216 1086; x_wconf 90' lang='lat' dir='ltr'><strong>c.</strong></span> <span class='ocrx_word' id='word_1_51' title='bbox 1263 1027 1295 1082; x_wconf 80' lang='lat'>3</span> <span class='ocrx_word' id='word_1_52' title='bbox 1332 1047 1345 1084; x_wconf 74' lang='grc' dir='ltr'>ε</span> <span class='ocrx_word' id='word_1_53' title='bbox 1395 1025 1765 1092; x_wconf 81' lang='grc' dir='ltr'>Βασιλεύοντος</span> <span class='ocrx_word' id='word_1_54' title='bbox 1794 1025 1838 1082; x_wconf 87' lang='grc' dir='ltr'>δ’</span> <span class='ocrx_word' id='word_1_55' title='bbox 1875 1022 2080 1101; x_wconf 82' lang='grc' dir='ltr'>Ἄγιδος</span> 
     </span>
     <span class='ocr_line' id='line_1_10' title="bbox 520 1111 2076 1193; baseline -0.006 -17"><span class='ocrx_word' id='word_1_56' title='bbox 520 1111 646 1189; x_wconf 64' lang='grc' dir='ltr'>ἧκεν</span> <span class='ocrx_word' id='word_1_57' title='bbox 675 1115 1004 1186; x_wconf 70' lang='grc' dir='ltr'>Ἀλκιὸιάδης</span> <span class='ocrx_word' id='word_1_58' title='bbox 1035 1118 1093 1173; x_wconf 87' lang='grc' dir='ltr'><strong>ἐκ</strong></span> <span class='ocrx_word' id='word_1_59' title='bbox 1121 1113 1364 1180; x_wconf 79' lang='grc' dir='ltr'>Σικελίας</span> <span class='ocrx_word' id='word_1_60' title='bbox 1391 1113 1554 1193; x_wconf 77' lang='grc' dir='ltr'>φυγὰς</span> <span class='ocrx_word' id='word_1_61' title='bbox 1581 1116 1651 1179; x_wconf 88' lang='grc' dir='ltr'><strong>εἰς</strong></span> <span class='ocrx_word' id='word_1_62' title='bbox 1675 1111 2047 1188; x_wconf 81' lang='grc' dir='ltr'>Λακεδαίμονα</span> <span class='ocrx_word' id='word_1_63' title='bbox 2064 1136 2076 1148; x_wconf 92' lang='grc'><em>·</em></span> 
     </span>
     <span class='ocr_line' id='line_1_11' title="bbox 517 1197 2079 1283; baseline -0.003 -22"><span class='ocrx_word' id='word_1_64' title='bbox 517 1204 608 1263; x_wconf 74' lang='grc' dir='ltr'><strong>καὶ</strong></span> <span class='ocrx_word' id='word_1_65' title='bbox 636 1202 819 1283; x_wconf 85' lang='grc' dir='ltr'>χρόνον</span> <span class='ocrx_word' id='word_1_66' title='bbox 844 1200 989 1261; x_wconf 79' lang='grc' dir='ltr'>οὔπω</span> <span class='ocrx_word' id='word_1_67' title='bbox 1015 1198 1178 1259; x_wconf 76' lang='grc' dir='ltr'>πολὺν</span> <span class='ocrx_word' id='word_1_68' title='bbox 1199 1203 1250 1259; x_wconf 86' lang='grc' dir='ltr'><strong>ἐν</strong></span> <span class='ocrx_word' id='word_1_69' title='bbox 1278 1204 1345 1280; x_wconf 80' lang='grc' dir='ltr'><strong>τῇ</strong></span> <span class='ocrx_word' id='word_1_70' title='bbox 1369 1201 1517 1258; x_wconf 89' lang='grc' dir='ltr'>πόλει</span> <span class='ocrx_word' id='word_1_71' title='bbox 1545 1199 1737 1278; x_wconf 88' lang='grc' dir='ltr'>διάγων</span> <span class='ocrx_word' id='word_1_72' title='bbox 1759 1197 1928 1257; x_wconf 77' lang='grc' dir='ltr'>αἰτίαν</span> <span class='ocrx_word' id='word_1_73' title='bbox 1955 1197 2079 1278; x_wconf 78' lang='grc' dir='ltr'>ἔσχε</span> 
     </span>
     <span class='ocr_line' id='line_1_12' title="bbox 518 1286 2080 1373; baseline -0.003 -25"><span class='ocrx_word' id='word_1_74' title='bbox 518 1297 584 1373; x_wconf 78' lang='grc' dir='ltr'><strong>τῇ</strong></span> <span class='ocrx_word' id='word_1_75' title='bbox 613 1290 818 1369; x_wconf 75' lang='grc' dir='ltr'>γυναικὶ</span> <span class='ocrx_word' id='word_1_76' title='bbox 856 1296 944 1348; x_wconf 72' lang='grc' dir='ltr'><strong>τοῦ</strong></span> <span class='ocrx_word' id='word_1_77' title='bbox 995 1287 1251 1368; x_wconf 84' lang='grc' dir='ltr'>βασιλέως</span> <span class='ocrx_word' id='word_1_78' title='bbox 1290 1288 1499 1368; x_wconf 76' lang='grc' dir='ltr'>Τιμαίᾳ</span> <span class='ocrx_word' id='word_1_79' title='bbox 1538 1295 1784 1347; x_wconf 89' lang='grc' dir='ltr'>συνεῖναι.</span> <span class='ocrx_word' id='word_1_80' title='bbox 1869 1286 1978 1348; x_wconf 80' lang='grc' dir='ltr'><strong>Καὶ</strong></span> <span class='ocrx_word' id='word_1_81' title='bbox 2021 1286 2080 1344; x_wconf 85' lang='grc' dir='ltr'><strong>τὸ</strong></span> 
     </span>
     <span class='ocr_line' id='line_1_13' title="bbox 515 1364 2068 1459; baseline -0.006 -21"><span class='ocrx_word' id='word_1_82' title='bbox 515 1375 753 1459; x_wconf 81' lang='grc' dir='ltr'>γεννηθὲν</span> <span class='ocrx_word' id='word_1_83' title='bbox 773 1376 826 1445; x_wconf 81' lang='grc' dir='ltr'><strong>ἐξ</strong></span> <span class='ocrx_word' id='word_1_84' title='bbox 853 1380 1009 1447; x_wconf 69' lang='grc' dir='ltr'>αὐτῆς</span> <span class='ocrx_word' id='word_1_85' title='bbox 1025 1374 1296 1456; x_wconf 78' lang='grc' dir='ltr'>παιδάριον</span> <span class='ocrx_word' id='word_1_86' title='bbox 1322 1377 1415 1433; x_wconf 81' lang='grc' dir='ltr'><strong>οὐκ</strong></span> <span class='ocrx_word' id='word_1_87' title='bbox 1438 1373 1535 1455; x_wconf 84' lang='grc' dir='ltr'>ἔφη</span> <span class='ocrx_word' id='word_1_88' title='bbox 1557 1371 1826 1452; x_wconf 82' lang='grc' dir='ltr'>γινώσκειν</span> <span class='ocrx_word' id='word_1_89' title='bbox 1845 1376 1873 1432; x_wconf 83' lang='grc' dir='ltr'><strong>ὃ</strong></span> <span class='ocrx_word' id='word_1_90' title='bbox 1890 1364 2037 1451; x_wconf 67' lang='grc' dir='ltr'>Ἄγις</span> <span class='ocrx_word' id='word_1_91' title='bbox 2054 1417 2068 1442; x_wconf 90' lang='grc'>,</span> 
     </span>
     <span class='ocr_line' id='line_1_14' title="bbox 517 1459 2078 1540; baseline -0.003 -18"><span class='ocrx_word' id='word_1_92' title='bbox 517 1466 632 1523; x_wconf 80' lang='grc' dir='ltr'>ἀλλ’</span> <span class='ocrx_word' id='word_1_93' title='bbox 666 1465 717 1534; x_wconf 84' lang='grc' dir='ltr'><strong>ἐξ</strong></span> <span class='ocrx_word' id='word_1_94' title='bbox 746 1463 1073 1526; x_wconf 73' lang='grc' dir='ltr'>Ἀλκιὸιάδου</span> <span class='ocrx_word' id='word_1_95' title='bbox 1106 1460 1391 1540; x_wconf 82' lang='grc' dir='ltr'>γεγονέναι.</span> <span class='ocrx_word' id='word_1_96' title='bbox 1422 1464 1594 1540; x_wconf 73' lang='grc' dir='ltr'>Τοῦτο</span> <span class='ocrx_word' id='word_1_97' title='bbox 1616 1459 1672 1519; x_wconf 74' lang='grc' dir='ltr'>δὲ</span> <span class='ocrx_word' id='word_1_98' title='bbox 1702 1462 1760 1520; x_wconf 82' lang='grc' dir='ltr'>οὗ</span> <span class='ocrx_word' id='word_1_99' title='bbox 1789 1459 1925 1519; x_wconf 87' lang='grc' dir='ltr'>πάνυ</span> <span class='ocrx_word' id='word_1_100' title='bbox 1954 1461 2078 1519; x_wconf 88' lang='grc' dir='ltr'>δυσ-</span> 
     </span>
     <span class='ocr_line' id='line_1_15' title="bbox 516 1544 2078 1630; baseline -0.004 -19"><span class='ocrx_word' id='word_1_101' title='bbox 516 1552 680 1618; x_wconf 80' lang='grc' dir='ltr'>κόλως</span> <span class='ocrx_word' id='word_1_102' title='bbox 711 1549 803 1623; x_wconf 70' lang='grc' dir='ltr'><strong>τὴν</strong></span> <span class='ocrx_word' id='word_1_103' title='bbox 841 1551 1077 1630; x_wconf 88' lang='grc' dir='ltr'>Τιμαίαν</span> <span class='ocrx_word' id='word_1_104' title='bbox 1116 1550 1337 1628; x_wconf 80' lang='grc' dir='ltr'>ἐνεγκεῖν</span> <span class='ocrx_word' id='word_1_105' title='bbox 1379 1547 1506 1629; x_wconf 76' lang='grc' dir='ltr'>φησὶ</span> <span class='ocrx_word' id='word_1_106' title='bbox 1546 1552 1763 1626; x_wconf 72' lang='grc' dir='ltr'>Δοῦρις,</span> <span class='ocrx_word' id='word_1_107' title='bbox 1807 1544 1943 1606; x_wconf 75' lang='grc' dir='ltr'>ἀλλὰ</span> <span class='ocrx_word' id='word_1_108' title='bbox 1986 1546 2078 1605; x_wconf 79' lang='grc' dir='ltr'><strong>καὶ</strong></span> 
     </span>
     <span class='ocr_line' id='line_1_16' title="bbox 514 1633 2076 1721; baseline -0.005 -21"><span class='ocrx_word' id='word_1_109' title='bbox 514 1640 877 1721; x_wconf 83' lang='grc' dir='ltr'>ψιθυρίζουσαν</span> <span class='ocrx_word' id='word_1_110' title='bbox 923 1638 1053 1698; x_wconf 82' lang='grc' dir='ltr'>οἴκοι</span> <span class='ocrx_word' id='word_1_111' title='bbox 1083 1640 1211 1715; x_wconf 81' lang='grc' dir='ltr'>πρὸς</span> <span class='ocrx_word' id='word_1_112' title='bbox 1238 1634 1331 1704; x_wconf 76' lang='grc' dir='ltr'><strong>τὰς</strong></span> <span class='ocrx_word' id='word_1_113' title='bbox 1367 1634 1632 1701; x_wconf 76' lang='grc' dir='ltr'>εἱλωτίδας</span> <span class='ocrx_word' id='word_1_114' title='bbox 1654 1633 1988 1707; x_wconf 80' lang='grc' dir='ltr'>Ἀλκιὸιάδην</span> <span class='ocrx_word' id='word_1_115' title='bbox 2019 1634 2076 1692; x_wconf 85' lang='grc' dir='ltr'><strong>τὸ</strong></span> 
     </span>
     <span class='ocr_line' id='line_1_17' title="bbox 515 1720 2076 1806; baseline -0.006 -19"><span class='ocrx_word' id='word_1_116' title='bbox 515 1729 741 1800; x_wconf 84' lang='grc' dir='ltr'>παιδίον,</span> <span class='ocrx_word' id='word_1_117' title='bbox 768 1730 826 1802; x_wconf 60' lang='grc' dir='ltr'><strong>οἷς</strong></span> <span class='ocrx_word' id='word_1_118' title='bbox 861 1725 1219 1806; x_wconf 76' lang='grc' dir='ltr'>Λεωτυχίδην,</span> <span class='ocrx_word' id='word_1_119' title='bbox 1249 1727 1446 1783; x_wconf 84' lang='grc' dir='ltr'>καλεῖν.</span> <span class='ocrx_word' id='word_1_120' title='bbox 1534 1720 1640 1783; x_wconf 78' lang='grc' dir='ltr'><strong>Καὶ</strong></span> <span class='ocrx_word' id='word_1_121' title='bbox 1668 1720 1844 1798; x_wconf 82' lang='grc' dir='ltr'>μέντοι</span> <span class='ocrx_word' id='word_1_122' title='bbox 1871 1721 1961 1780; x_wconf 77' lang='grc' dir='ltr'><strong>καὶ</strong></span> <span class='ocrx_word' id='word_1_123' title='bbox 1988 1723 2076 1779; x_wconf 77' lang='grc' dir='ltr'><strong>τὸν</strong></span> 
     </span>
     <span class='ocr_line' id='line_1_18' title="bbox 515 1808 2077 1894; baseline -0.006 -19"><span class='ocrx_word' id='word_1_124' title='bbox 515 1813 849 1886; x_wconf 76' lang='grc' dir='ltr'>Ἀλκιὸιάδην</span> <span class='ocrx_word' id='word_1_125' title='bbox 896 1811 1048 1872; x_wconf 74' lang='grc' dir='ltr'>αὐτὸν</span> <span class='ocrx_word' id='word_1_126' title='bbox 1097 1814 1155 1870; x_wconf 77' lang='grc' dir='ltr'>οὗ</span> <span class='ocrx_word' id='word_1_127' title='bbox 1197 1811 1324 1893; x_wconf 79' lang='grc' dir='ltr'>πρὸς</span> <span class='ocrx_word' id='word_1_128' title='bbox 1363 1809 1511 1894; x_wconf 76' lang='grc' dir='ltr'>ὕὸριν</span> <span class='ocrx_word' id='word_1_129' title='bbox 1552 1810 1712 1891; x_wconf 90' lang='grc' dir='ltr'>φάναι</span> <span class='ocrx_word' id='word_1_130' title='bbox 1755 1813 1821 1888; x_wconf 78' lang='grc' dir='ltr'><strong>τῇ</strong></span> <span class='ocrx_word' id='word_1_131' title='bbox 1868 1808 2077 1889; x_wconf 72' lang='grc' dir='ltr'>Τιμαίᾳ</span> 
     </span>
     <span class='ocr_line' id='line_1_19' title="bbox 516 1893 2073 1980; baseline -0.006 -19"><span class='ocrx_word' id='word_1_132' title='bbox 516 1901 839 1975; x_wconf 79' lang='grc' dir='ltr'>πλησιάζειν,</span> <span class='ocrx_word' id='word_1_133' title='bbox 865 1900 1001 1959; x_wconf 80' lang='grc' dir='ltr'>ἀλλὰ</span> <span class='ocrx_word' id='word_1_134' title='bbox 1026 1897 1460 1980; x_wconf 65' lang='grc' dir='ltr'>’φιλοτιμούμενον</span> <span class='ocrx_word' id='word_1_135' title='bbox 1495 1893 1859 1977; x_wconf 84' lang='grc' dir='ltr'>βασιλεύεσθαι</span> <span class='ocrx_word' id='word_1_136' title='bbox 1889 1898 2073 1975; x_wconf 81' lang='grc' dir='ltr'>Σπαρ-</span> 
     </span>
     <span class='ocr_line' id='line_1_20' title="bbox 515 1983 2074 2063; baseline -0.004 -15"><span class='ocrx_word' id='word_1_137' title='bbox 515 1989 696 2056; x_wconf 86' lang='grc' dir='ltr'>τιάτας</span> <span class='ocrx_word' id='word_1_138' title='bbox 722 1986 822 2047; x_wconf 73' lang='grc' dir='ltr'><strong>ὑπὸ</strong></span> <span class='ocrx_word' id='word_1_139' title='bbox 850 1991 952 2046; x_wconf 87' lang='grc' dir='ltr'><strong>τῶν</strong></span> <span class='ocrx_word' id='word_1_140' title='bbox 982 1986 1032 2054; x_wconf 74' lang='grc' dir='ltr'><strong>ἐξ</strong></span> <span class='ocrx_word' id='word_1_141' title='bbox 1056 1990 1242 2045; x_wconf 75' lang='grc' dir='ltr'>ἑαυτοῦ</span> <span class='ocrx_word' id='word_1_142' title='bbox 1269 1983 1574 2063; x_wconf 82' lang='grc' dir='ltr'>γεγονότων.</span> <span class='ocrx_word' id='word_1_143' title='bbox 1604 1986 1765 2043; x_wconf 81' lang='lat' dir='ltr'><strong>Conf.</strong></span> <span class='ocrx_word' id='word_1_144' title='bbox 1794 1987 2074 2042; x_wconf 83' lang='lat' dir='ltr'>Plutarch.</span> 
     </span>
     <span class='ocr_line' id='line_1_21' title="bbox 513 2072 2072 2151; baseline -0.003 -15"><span class='ocrx_word' id='word_1_145' title='bbox 513 2083 601 2136; x_wconf 85' lang='lat' dir='ltr'><strong>Dc</strong></span> <span class='ocrx_word' id='word_1_146' title='bbox 628 2081 798 2136; x_wconf 89' lang='lat' dir='ltr'><strong>anim.</strong></span> <span class='ocrx_word' id='word_1_147' title='bbox 831 2088 1014 2151; x_wconf 82' lang='lat' dir='ltr'><strong>tranq.</strong></span> <span class='ocrx_word' id='word_1_148' title='bbox 1042 2096 1102 2151; x_wconf 88' lang='lat' dir='ltr'><strong>p.</strong></span> <span class='ocrx_word' id='word_1_149' title='bbox 1133 2076 1268 2146; x_wconf 72' lang='lat'><strong>467,</strong></span> <span class='ocrx_word' id='word_1_150' title='bbox 1299 2074 1569 2149; x_wconf 83' lang='lat' dir='ltr'><strong>Lysandr.</strong></span> <span class='ocrx_word' id='word_1_151' title='bbox 1596 2092 1646 2131; x_wconf 88' lang='lat' dir='ltr'><strong>c.</strong></span> <span class='ocrx_word' id='word_1_152' title='bbox 1670 2091 1766 2142; x_wconf 82' lang='lat'><strong>22,</strong></span> <span class='ocrx_word' id='word_1_153' title='bbox 1794 2072 2072 2132; x_wconf 88' lang='lat' dir='ltr'><strong>Alcibiad.</strong></span> 
     </span>
     <span class='ocr_line' id='line_1_22' title="bbox 518 2156 2068 2240; baseline -0.003 -17"><span class='ocrx_word' id='word_1_154' title='bbox 518 2165 614 2225; x_wconf 74' lang='lat'><strong>23.</strong></span> <span class='ocrx_word' id='word_1_155' title='bbox 635 2168 905 2240; x_wconf 86' lang='lat' dir='ltr'><strong>Xenoph.</strong></span> <span class='ocrx_word' id='word_1_156' title='bbox 932 2167 1154 2223; x_wconf 84' lang='lat' dir='ltr'><strong>Hellen.</strong></span> <span class='ocrx_word' id='word_1_157' title='bbox 1193 2164 1314 2232; x_wconf 90' lang='lat'>111,</span> <span class='ocrx_word' id='word_1_158' title='bbox 1353 2163 1385 2218; x_wconf 83' lang='lat'>3</span> <span class='ocrx_word' id='word_1_159' title='bbox 1407 2206 1422 2232; x_wconf 86' lang='lat'><strong>,</strong></span> <span class='ocrx_word' id='word_1_160' title='bbox 1461 2183 1509 2220; x_wconf 89' lang='lat'><strong>1.</strong></span> <span class='ocrx_word' id='word_1_161' title='bbox 1541 2193 1620 2205; x_wconf 96' lang='lat'>—</span> <span class='ocrx_word' id='word_1_162' title='bbox 1647 2156 1949 2237; x_wconf 77' lang='grc' dir='ltr'>εἱλωτίδας]</span> <span class='ocrx_word' id='word_1_163' title='bbox 1980 2160 2068 2218; x_wconf 88' lang='lat' dir='ltr'><strong>Cf.</strong></span> 
     </span>
     <span class='ocr_line' id='line_1_23' title="bbox 516 2255 1139 2324; baseline -0.01 -12"><span class='ocrx_word' id='word_1_164' title='bbox 516 2255 740 2313; x_wconf 68' lang='lat' dir='ltr'><strong>Mulier.</strong></span> <span class='ocrx_word' id='word_1_165' title='bbox 776 2256 903 2310; x_wconf 84' lang='lat' dir='ltr'><strong>Dor.</strong></span> <span class='ocrx_word' id='word_1_166' title='bbox 935 2255 1018 2324; x_wconf 90' lang='grc' dir='ltr'>ΙΙ,</span> <span class='ocrx_word' id='word_1_167' title='bbox 1044 2258 1139 2318; x_wconf 77' lang='lat'><strong>41.</strong></span> 
     </span>
    </p>
   </div>
   <div class='ocr_carea' id='block_1_8' title="bbox 856 2405 1731 2487">
    <p class='ocr_par' dir='ltr' id='par_1_8' title="bbox 856 2405 1731 2487">
     <span class='ocr_line' id='line_1_24' title="bbox 856 2405 1731 2487; baseline -0.005 -19"><span class='ocrx_word' id='word_1_168' title='bbox 856 2413 953 2478; x_wconf 78' lang='lat'><strong>64.</strong></span> <span class='ocrx_word' id='word_1_169' title='bbox 1004 2410 1129 2487; x_wconf 90' lang='grc'><strong>(01.</strong></span> <span class='ocrx_word' id='word_1_170' title='bbox 1159 2413 1267 2484; x_wconf 86' lang='grc'>93,</span> <span class='ocrx_word' id='word_1_171' title='bbox 1305 2427 1367 2480; x_wconf 83' lang='grc' dir='ltr'>ι;</span> <span class='ocrx_word' id='word_1_172' title='bbox 1399 2425 1451 2467; x_wconf 90' lang='lat' dir='ltr'><strong>a.</strong></span> <span class='ocrx_word' id='word_1_173' title='bbox 1479 2409 1540 2465; x_wconf 89' lang='lat' dir='ltr'><strong>C.</strong></span> <span class='ocrx_word' id='word_1_174' title='bbox 1573 2405 1731 2483; x_wconf 74' lang='lat'><strong>408.)</strong></span> 
     </span>
    </p>
   </div>
   <div class='ocr_carea' id='block_1_9' title="bbox 514 2531 2079 3319">
    <p class='ocr_par' dir='ltr' id='par_1_9' title="bbox 514 2531 2079 3319">
     <span class='ocr_line' id='line_1_25' title="bbox 593 2531 2072 2613; baseline -0.009 -4"><span class='ocrx_word' id='word_1_175' title='bbox 593 2553 872 2609; x_wconf 65' lang='lat' dir='ltr'><strong>Plutarch.</strong></span> <span class='ocrx_word' id='word_1_176' title='bbox 905 2550 1090 2606; x_wconf 63' lang='lat' dir='ltr'><strong>Alcis.</strong></span> <span class='ocrx_word' id='word_1_177' title='bbox 1123 2568 1175 2606; x_wconf 76' lang='lat' dir='ltr'><strong>c.</strong></span> <span class='ocrx_word' id='word_1_178' title='bbox 1210 2548 1284 2604; x_wconf 78' lang='lat'><strong>32</strong></span> <span class='ocrx_word' id='word_1_179' title='bbox 1305 2531 1326 2604; x_wconf 67' lang='grc' dir='ltr'>ἰ</span> <span class='ocrx_word' id='word_1_180' title='bbox 1373 2543 1443 2604; x_wconf 79' lang='lat' dir='ltr'><strong>‘o</strong></span> <span class='ocrx_word' id='word_1_181' title='bbox 1472 2541 1514 2600; x_wconf 75' lang='grc' dir='ltr'><strong>δ’</strong></span> <span class='ocrx_word' id='word_1_182' title='bbox 1544 2540 1905 2613; x_wconf 52' lang='lat' dir='ltr'><strong>meantem,</strong></span> <span class='ocrx_word' id='word_1_183' title='bbox 1950 2542 2072 2598; x_wconf 60' lang='grc' dir='ltr'>ἰδεῖν</span> 
     </span>
     <span class='ocr_line' id='line_1_26' title="bbox 514 2622 2079 2708; baseline -0.007 -12"><span class='ocrx_word' id='word_1_184' title='bbox 514 2660 571 2696; x_wconf 84' lang='grc' dir='ltr'><strong>τε</strong></span> <span class='ocrx_word' id='word_1_185' title='bbox 597 2638 766 2696; x_wconf 87' lang='grc' dir='ltr'>ποθῶν</span> <span class='ocrx_word' id='word_1_186' title='bbox 797 2636 900 2706; x_wconf 86' lang='grc' dir='ltr'><strong>ἤδη</strong></span> <span class='ocrx_word' id='word_1_187' title='bbox 928 2632 996 2692; x_wconf 74' lang='grc' dir='ltr'><strong>τὰ</strong></span> <span class='ocrx_word' id='word_1_188' title='bbox 1024 2632 1152 2691; x_wconf 83' lang='grc' dir='ltr'>οἴκοι</span> <span class='ocrx_word' id='word_1_189' title='bbox 1180 2630 1274 2690; x_wconf 70' lang='grc' dir='ltr'><strong>καὶ</strong></span> <span class='ocrx_word' id='word_1_190' title='bbox 1306 2629 1382 2690; x_wconf 83' lang='grc' dir='ltr'><strong>ἔτι</strong></span> <span class='ocrx_word' id='word_1_191' title='bbox 1409 2632 1610 2707; x_wconf 79' lang='grc' dir='ltr'>μᾶλλον</span> <span class='ocrx_word' id='word_1_192' title='bbox 1645 2622 1862 2706; x_wconf 77' lang='grc' dir='ltr'>ὀφθῆναι</span> <span class='ocrx_word' id='word_1_193' title='bbox 1894 2629 2079 2708; x_wconf 82' lang='grc' dir='ltr'>βουλό·</span> 
     </span>
     <span class='ocr_line' id='line_1_27' title="bbox 515 2706 2075 2792; baseline -0.006 -19"><span class='ocrx_word' id='word_1_194' title='bbox 515 2738 665 2792; x_wconf 87' lang='grc' dir='ltr'>μενος</span> <span class='ocrx_word' id='word_1_195' title='bbox 686 2716 791 2781; x_wconf 79' lang='grc' dir='ltr'>τοῖς</span> <span class='ocrx_word' id='word_1_196' title='bbox 817 2712 1002 2771; x_wconf 85' lang='grc' dir='ltr'>πολίτά</span> <span class='ocrx_word' id='word_1_197' title='bbox 1012 2736 1052 2778; x_wconf 90' lang='grc' dir='ltr'><strong>ις</strong></span> <span class='ocrx_word' id='word_1_198' title='bbox 1074 2709 1351 2783; x_wconf 84' lang='grc' dir='ltr'>νενικηκὼς</span> <span class='ocrx_word' id='word_1_199' title='bbox 1377 2710 1493 2775; x_wconf 80' lang='grc' dir='ltr'>τοὺς</span> <span class='ocrx_word' id='word_1_200' title='bbox 1512 2706 1792 2786; x_wconf 88' lang='grc' dir='ltr'>πολεμίους</span> <span class='ocrx_word' id='word_1_201' title='bbox 1813 2706 2075 2766; x_wconf 84' lang='grc' dir='ltr'>τοσαυτά·</span> 
     </span>
     <span class='ocr_line' id='line_1_28' title="bbox 515 2793 2075 2881; baseline -0.005 -21"><span class='ocrx_word' id='word_1_202' title='bbox 515 2825 595 2870; x_wconf 86' lang='grc' dir='ltr'><strong>κις</strong></span> <span class='ocrx_word' id='word_1_203' title='bbox 632 2801 835 2881; x_wconf 76' lang='grc' dir='ltr'>ἀνήχθη</span> <span class='ocrx_word' id='word_1_204' title='bbox 857 2846 873 2876; x_wconf 92' lang='grc'>,</span> <span class='ocrx_word' id='word_1_205' title='bbox 899 2802 1116 2865; x_wconf 83' lang='grc' dir='ltr'>πολλαῖς</span> <span class='ocrx_word' id='word_1_206' title='bbox 1158 2798 1252 2875; x_wconf 86' lang='grc' dir='ltr'><strong>μὲν</strong></span> <span class='ocrx_word' id='word_1_207' title='bbox 1289 2796 1473 2856; x_wconf 77' lang='grc' dir='ltr'>ἀσπίσι</span> <span class='ocrx_word' id='word_1_208' title='bbox 1496 2795 1587 2854; x_wconf 76' lang='grc' dir='ltr'><strong>καὶ</strong></span> <span class='ocrx_word' id='word_1_209' title='bbox 1621 2796 1871 2877; x_wconf 78' lang='grc' dir='ltr'>λαφύροις</span> <span class='ocrx_word' id='word_1_210' title='bbox 1897 2793 2075 2874; x_wconf 77' lang='grc' dir='ltr'>κύκλῳ</span> 
     </span>
     <span class='ocr_line' id='line_1_29' title="bbox 518 2881 2076 2969; baseline -0.006 -21"><span class='ocrx_word' id='word_1_211' title='bbox 518 2888 925 2969; x_wconf 83' lang='grc' dir='ltr'>κεκοσμημένων</span> <span class='ocrx_word' id='word_1_212' title='bbox 952 2890 1055 2945; x_wconf 88' lang='grc' dir='ltr'><strong>τῶν</strong></span> <span class='ocrx_word' id='word_1_213' title='bbox 1085 2885 1327 2945; x_wconf 82' lang='grc' dir='ltr'>Ἀττικῶν</span> <span class='ocrx_word' id='word_1_214' title='bbox 1364 2883 1608 2966; x_wconf 78' lang='grc' dir='ltr'>τριήρων,</span> <span class='ocrx_word' id='word_1_215' title='bbox 1638 2881 1834 2948; x_wconf 75' lang='grc' dir='ltr'>πολλὰς</span> <span class='ocrx_word' id='word_1_216' title='bbox 1861 2881 1907 2939; x_wconf 79' lang='grc' dir='ltr'>δ’</span> <span class='ocrx_word' id='word_1_217' title='bbox 1929 2882 2076 2961; x_wconf 77' lang='grc' dir='ltr'>ἐφελ-</span> 
     </span>
     <span class='ocr_line' id='line_1_30' title="bbox 516 2969 2078 3055; baseline -0.006 -19"><span class='ocrx_word' id='word_1_218' title='bbox 516 2978 728 3053; x_wconf 85' lang='grc' dir='ltr'>κόμενος</span> <span class='ocrx_word' id='word_1_219' title='bbox 752 2973 1138 3055; x_wconf 77' lang='grc' dir='ltr'>αἰχμαλώτους,</span> <span class='ocrx_word' id='word_1_220' title='bbox 1159 2972 1236 3032; x_wconf 84' lang='grc' dir='ltr'><strong>ἔτι</strong></span> <span class='ocrx_word' id='word_1_221' title='bbox 1259 2972 1310 3031; x_wconf 85' lang='grc' dir='ltr'>δὲ</span> <span class='ocrx_word' id='word_1_222' title='bbox 1332 2972 1496 3031; x_wconf 88' lang='grc' dir='ltr'>πλείω</span> <span class='ocrx_word' id='word_1_223' title='bbox 1518 2970 1742 3047; x_wconf 87' lang='grc' dir='ltr'>κομίζων</span> <span class='ocrx_word' id='word_1_224' title='bbox 1768 2969 2078 3051; x_wconf 74' lang='grc' dir='ltr'>ἀκροστόλια</span> 
     </span>
     <span class='ocr_line' id='line_1_31' title="bbox 516 3047 2077 3143; baseline -0.004 -21"><span class='ocrx_word' id='word_1_225' title='bbox 516 3068 618 3122; x_wconf 86' lang='grc' dir='ltr'><strong>τῶν</strong></span> <span class='ocrx_word' id='word_1_226' title='bbox 644 3063 1032 3143; x_wconf 73' lang='grc' dir='ltr'>διεφθαρμένων</span> <span class='ocrx_word' id='word_1_227' title='bbox 1057 3060 1145 3119; x_wconf 75' lang='grc' dir='ltr'>ὑπ’</span> <span class='ocrx_word' id='word_1_228' title='bbox 1166 3062 1325 3118; x_wconf 72' lang='grc' dir='ltr'>αὐτοῦ</span> <span class='ocrx_word' id='word_1_229' title='bbox 1346 3058 1435 3118; x_wconf 78' lang='grc' dir='ltr'><strong>καὶ</strong></span> <span class='ocrx_word' id='word_1_230' title='bbox 1449 3054 1871 3138; x_wconf 77' lang='grc' dir='ltr'>κεκρατημένων.</span> <span class='ocrx_word' id='word_1_231' title='bbox 1898 3047 2077 3117; x_wconf 54' lang='grc' dir='ltr'><strong>τἨσαν</strong></span> 
     </span>
     <span class='ocr_line' id='line_1_32' title="bbox 518 3143 2077 3231; baseline -0.005 -21"><span class='ocrx_word' id='word_1_232' title='bbox 518 3153 619 3231; x_wconf 81' lang='grc' dir='ltr'>γὰρ</span> <span class='ocrx_word' id='word_1_233' title='bbox 667 3153 760 3209; x_wconf 79' lang='grc' dir='ltr'><strong>οὔκ</strong></span> <span class='ocrx_word' id='word_1_234' title='bbox 804 3148 1045 3215; x_wconf 84' lang='grc' dir='ltr'>ἐλάττους</span> <span class='ocrx_word' id='word_1_235' title='bbox 1090 3146 1480 3229; x_wconf 74' lang='grc' dir='ltr'>συναμφότεραι</span> <span class='ocrx_word' id='word_1_236' title='bbox 1533 3143 1830 3207; x_wconf 88' lang='grc' dir='ltr'>διακοσίων.</span> <span class='ocrx_word' id='word_1_237' title='bbox 1914 3143 1977 3204; x_wconf 71' lang='grc' dir='ltr'>Ἃ</span> <span class='ocrx_word' id='word_1_238' title='bbox 2023 3143 2077 3202; x_wconf 83' lang='grc' dir='ltr'>δὲ</span> 
     </span>
     <span class='ocr_line' id='line_1_33' title="bbox 521 3222 2073 3319; baseline -0.005 -21"><span class='ocrx_word' id='word_1_239' title='bbox 521 3244 705 3319; x_wconf 79' lang='grc' dir='ltr'>Δοῦρις</span> <span class='ocrx_word' id='word_1_240' title='bbox 724 3240 752 3296; x_wconf 84' lang='grc' dir='ltr'><strong>ὃ</strong></span> <span class='ocrx_word' id='word_1_241' title='bbox 782 3237 983 3313; x_wconf 84' lang='grc' dir='ltr'>Σάμιος</span> <span class='ocrx_word' id='word_1_242' title='bbox 1000 3282 1014 3308; x_wconf 94' lang='grc'>,</span> <span class='ocrx_word' id='word_1_243' title='bbox 1044 3234 1373 3295; x_wconf 72' lang='grc' dir='ltr'>Ἀλκιὸιάδου</span> <span class='ocrx_word' id='word_1_244' title='bbox 1401 3233 1613 3317; x_wconf 79' lang='grc' dir='ltr'>φάσκων</span> <span class='ocrx_word' id='word_1_245' title='bbox 1642 3232 1890 3312; x_wconf 81' lang='grc' dir='ltr'>ἀπόγονος</span> <span class='ocrx_word' id='word_1_246' title='bbox 1907 3222 2040 3291; x_wconf 70' lang='grc' dir='ltr'>εἶναι</span> <span class='ocrx_word' id='word_1_247' title='bbox 2056 3276 2073 3305; x_wconf 85' lang='grc'>,</span> 
     </span>
    </p>
   </div>
   <div class='ocr_carea' id='block_1_10' title="bbox 516 3400 2081 3780">
    <p class='ocr_par' dir='ltr' id='par_1_10' title="bbox 516 3400 2081 3690">
     <span class='ocr_line' id='line_1_34' title="bbox 518 3400 2077 3467; baseline -0.003 -12"><span class='ocrx_word' id='word_1_248' title='bbox 518 3420 619 3455; x_wconf 76' lang='lat' dir='ltr'><strong>esse</strong></span> <span class='ocrx_word' id='word_1_249' title='bbox 636 3400 893 3456; x_wconf 86' lang='lat' dir='ltr'><strong>Andocidis</strong></span> <span class='ocrx_word' id='word_1_250' title='bbox 920 3404 1006 3455; x_wconf 81' lang='lat' dir='ltr'><strong>sed</strong></span> <span class='ocrx_word' id='word_1_251' title='bbox 1029 3403 1233 3467; x_wconf 78' lang='lat' dir='ltr'><strong>AEgeidis</strong></span> <span class='ocrx_word' id='word_1_252' title='bbox 1250 3404 1407 3454; x_wconf 86' lang='lat' dir='ltr'><strong>tribus</strong></span> <span class='ocrx_word' id='word_1_253' title='bbox 1424 3404 1694 3455; x_wconf 84' lang='lat' dir='ltr'><strong>donarium.</strong></span> <span class='ocrx_word' id='word_1_254' title='bbox 1717 3424 1744 3449; x_wconf 69' lang='grc' dir='ltr'><strong><em>υ</em></strong></span> <span class='ocrx_word' id='word_1_255' title='bbox 1766 3406 1824 3454; x_wconf 80' lang='lat' dir='ltr'><strong>Et</strong></span> <span class='ocrx_word' id='word_1_256' title='bbox 1843 3403 1946 3466; x_wconf 86' lang='lat' dir='ltr'><strong>ipse</strong></span> <span class='ocrx_word' id='word_1_257' title='bbox 1976 3407 2077 3452; x_wconf 85' lang='lat' dir='ltr'><strong>Au·</strong></span> 
     </span>
     <span class='ocr_line' id='line_1_35' title="bbox 517 3479 2078 3546; baseline 0 -17"><span class='ocrx_word' id='word_1_258' title='bbox 517 3483 712 3534; x_wconf 68' lang='lat' dir='ltr'><strong>clocides</strong></span> <span class='ocrx_word' id='word_1_259' title='bbox 728 3483 778 3533; x_wconf 89' lang='lat' dir='ltr'><strong>in</strong></span> <span class='ocrx_word' id='word_1_260' title='bbox 796 3480 1013 3532; x_wconf 87' lang='lat' dir='ltr'><strong>oratione</strong></span> <span class='ocrx_word' id='word_1_261' title='bbox 1034 3486 1102 3533; x_wconf 89' lang='lat' dir='ltr'><strong>De</strong></span> <span class='ocrx_word' id='word_1_262' title='bbox 1118 3483 1358 3546; x_wconf 76' lang='lat' dir='ltr'><strong>mysteriis</strong></span> <span class='ocrx_word' id='word_1_263' title='bbox 1378 3482 1497 3533; x_wconf 84' lang='lat' dir='ltr'><strong>dicit</strong></span> <span class='ocrx_word' id='word_1_264' title='bbox 1512 3495 1615 3533; x_wconf 85' lang='lat' dir='ltr'><strong>esse</strong></span> <span class='ocrx_word' id='word_1_265' title='bbox 1632 3494 1745 3532; x_wconf 91' lang='lat' dir='ltr'><strong>eum</strong></span> <span class='ocrx_word' id='word_1_266' title='bbox 1769 3481 1974 3543; x_wconf 79' lang='lat' dir='ltr'><strong>AEgeidis</strong></span> <span class='ocrx_word' id='word_1_267' title='bbox 1991 3479 2078 3529; x_wconf 83' lang='lat' dir='ltr'><strong>do-</strong></span> 
     </span>
     <span class='ocr_line' id='line_1_36' title="bbox 518 3559 2081 3623; baseline -0.001 -12"><span class='ocrx_word' id='word_1_268' title='bbox 518 3563 726 3611; x_wconf 86' lang='lat' dir='ltr'><strong>narium.</strong></span> <span class='ocrx_word' id='word_1_269' title='bbox 765 3561 1042 3612; x_wconf 82' lang='lat' dir='ltr'><strong>Hariolatur</strong></span> <span class='ocrx_word' id='word_1_270' title='bbox 1063 3560 1208 3623; x_wconf 84' lang='lat' dir='ltr'><strong>igitur</strong></span> <span class='ocrx_word' id='word_1_271' title='bbox 1230 3561 1403 3621; x_wconf 88' lang='lat' dir='ltr'><strong>Duris,</strong></span> <span class='ocrx_word' id='word_1_272' title='bbox 1432 3563 1514 3623; x_wconf 87' lang='lat' dir='ltr'><strong>qui</strong></span> <span class='ocrx_word' id='word_1_273' title='bbox 1553 3574 1664 3610; x_wconf 89' lang='lat' dir='ltr'><strong>eum</strong></span> <span class='ocrx_word' id='word_1_274' title='bbox 1691 3559 1947 3611; x_wconf 81' lang='lat' dir='ltr'><strong>Andocidis</strong></span> <span class='ocrx_word' id='word_1_275' title='bbox 1979 3571 2081 3609; x_wconf 73' lang='lat' dir='ltr'><strong>esse</strong></span> 
     </span>
     <span class='ocr_line' id='line_1_37' title="bbox 516 3641 602 3690; baseline 0.012 -1"><span class='ocrx_word' id='word_1_276' title='bbox 516 3641 602 3690; x_wconf 87' lang='lat' dir='ltr'><strong>ait.</strong></span> 
     </span>
    </p>

    <p class='ocr_par' dir='ltr' id='par_1_11' title="bbox 1257 3728 1346 3780">
     <span class='ocr_line' id='line_1_38' title="bbox 1257 3728 1346 3780; baseline -0.011 0"><span class='ocrx_word' id='word_1_277' title='bbox 1257 3728 1346 3780; x_wconf 81' lang='lat'><strong>63.</strong></span> 
     </span>
    </p>
   </div>
   <div class='ocr_carea' id='block_1_11' title="bbox 516 3842 2080 3984">
    <p class='ocr_par' dir='ltr' id='par_1_12' title="bbox 516 3842 2080 3984">
     <span class='ocr_line' id='line_1_39' title="bbox 585 3842 2080 3907; baseline -0.002 -13"><span class='ocrx_word' id='word_1_278' title='bbox 585 3844 733 3907; x_wconf 84' lang='lat' dir='ltr'><strong>Agide</strong></span> <span class='ocrx_word' id='word_1_279' title='bbox 756 3846 982 3906; x_wconf 77' lang='lat' dir='ltr'><strong>regnante</strong></span> <span class='ocrx_word' id='word_1_280' title='bbox 1009 3842 1276 3894; x_wconf 75' lang='lat' dir='ltr'><strong>Alcibiades</strong></span> <span class='ocrx_word' id='word_1_281' title='bbox 1293 3857 1355 3893; x_wconf 83' lang='lat' dir='ltr'><strong>ex</strong></span> <span class='ocrx_word' id='word_1_282' title='bbox 1373 3843 1531 3894; x_wconf 87' lang='lat' dir='ltr'><strong>Sicilia</strong></span> <span class='ocrx_word' id='word_1_283' title='bbox 1550 3843 1663 3893; x_wconf 83' lang='lat' dir='ltr'><strong>exui</strong></span> <span class='ocrx_word' id='word_1_284' title='bbox 1687 3842 2080 3892; x_wconf 71' lang='lat' dir='ltr'><strong>Lacedaemonem</strong></span> 
     </span>
     <span class='ocr_line' id='line_1_40' title="bbox 516 3920 2073 3984; baseline -0.002 -13"><span class='ocrx_word' id='word_1_285' title='bbox 516 3922 650 3971; x_wconf 76' lang='lat' dir='ltr'><strong>venit</strong></span> <span class='ocrx_word' id='word_1_286' title='bbox 664 3959 680 3984; x_wconf 88' lang='lat'><strong>,</strong></span> <span class='ocrx_word' id='word_1_287' title='bbox 693 3934 851 3984; x_wconf 86' lang='lat' dir='ltr'><strong>neque</strong></span> <span class='ocrx_word' id='word_1_288' title='bbox 866 3921 951 3971; x_wconf 89' lang='lat' dir='ltr'><strong>diu</strong></span> <span class='ocrx_word' id='word_1_289' title='bbox 976 3920 1041 3970; x_wconf 89' lang='lat' dir='ltr'><strong>ibi</strong></span> <span class='ocrx_word' id='word_1_290' title='bbox 1076 3920 1167 3971; x_wconf 76' lang='lat' dir='ltr'><strong>fuit</strong></span> <span class='ocrx_word' id='word_1_291' title='bbox 1182 3957 1199 3984; x_wconf 94' lang='lat'>,</span> <span class='ocrx_word' id='word_1_292' title='bbox 1230 3933 1384 3984; x_wconf 87' lang='lat' dir='ltr'><strong>quum</strong></span> <span class='ocrx_word' id='word_1_293' title='bbox 1405 3933 1572 3969; x_wconf 86' lang='lat' dir='ltr'><strong>rumor</strong></span> <span class='ocrx_word' id='word_1_294' title='bbox 1590 3920 1805 3982; x_wconf 80' lang='lat' dir='ltr'><strong>exstitit,</strong></span> <span class='ocrx_word' id='word_1_295' title='bbox 1828 3932 1941 3970; x_wconf 89' lang='lat' dir='ltr'><strong>eum</strong></span> <span class='ocrx_word' id='word_1_296' title='bbox 1961 3933 2073 3969; x_wconf 90' lang='lat' dir='ltr'><strong>cum</strong></span> 
     </span>
    </p>
   </div>
   <div class='ocr_carea' id='block_1_12' title="bbox 2123 3508 2130 3697">
    <p class='ocr_par' dir='ltr' id='par_1_13' title="bbox 2123 3508 2130 3697">
     <span class='ocr_line' id='line_1_41' title="bbox 2123 3508 2130 3697; baseline 0 0"><span class='ocrx_word' id='word_1_297' title='bbox 2123 3508 2130 3697; x_wconf 95' lang='lat' dir='ltr'><strong> </strong></span> 
     </span>
    </p>
   </div>
   <div class='ocr_carea' id='block_1_13' title="bbox 2122 3700 2130 3957">
    <p class='ocr_par' dir='ltr' id='par_1_14' title="bbox 2122 3700 2130 3957">
     <span class='ocr_line' id='line_1_42' title="bbox 2122 3700 2130 3957; baseline 0 1959"><span class='ocrx_word' id='word_1_298' title='bbox 2122 3700 2130 3957; x_wconf 95' lang='lat' dir='ltr'><strong> </strong></span> 
     </span>
    </p>
   </div>
   <div class='ocr_carea' id='block_1_14' title="bbox 2164 571 3869 2030">
    <p class='ocr_par' dir='ltr' id='par_1_15' title="bbox 2164 571 3869 1871">
     <span class='ocr_line' id='line_1_43' title="bbox 2165 571 3869 656; baseline -0.002 -19"><span class='ocrx_word' id='word_1_299' title='bbox 2165 576 2491 656; x_wconf 77' lang='grc' dir='ltr'>Χρυσόγονον</span> <span class='ocrx_word' id='word_1_300' title='bbox 2525 574 2611 631; x_wconf 81' lang='grc' dir='ltr'><strong>τὸν</strong></span> <span class='ocrx_word' id='word_1_301' title='bbox 2641 572 2975 646; x_wconf 85' lang='grc' dir='ltr'>Πυθιονίκην,</span> <span class='ocrx_word' id='word_1_302' title='bbox 3008 571 3233 631; x_wconf 81' lang='grc' dir='ltr'>κελεύειν</span> <span class='ocrx_word' id='word_1_303' title='bbox 3265 571 3316 630; x_wconf 80' lang='grc' dir='ltr'>δὲ</span> <span class='ocrx_word' id='word_1_304' title='bbox 3348 576 3786 646; x_wconf 73' lang='grc' dir='ltr'>Καλλιππίδην</span> <span class='ocrx_word' id='word_1_305' title='bbox 3860 603 3869 610; x_wconf 95' lang='grc'>·</span> 
     </span>
     <span class='ocr_line' id='line_1_44' title="bbox 2164 657 3775 740; baseline -0.001 -19"><span class='ocrx_word' id='word_1_306' title='bbox 2164 663 2253 721; x_wconf 82' lang='grc' dir='ltr'><strong>τὸν</strong></span> <span class='ocrx_word' id='word_1_307' title='bbox 2287 665 2390 721; x_wconf 85' lang='grc' dir='ltr'><strong>τῶν</strong></span> <span class='ocrx_word' id='word_1_308' title='bbox 2427 662 2728 740; x_wconf 79' lang='grc' dir='ltr'>τραγῳδιῶν</span> <span class='ocrx_word' id='word_1_309' title='bbox 2779 657 3082 740; x_wconf 78' lang='grc' dir='ltr'>ὑποκριτὴν,</span> <span class='ocrx_word' id='word_1_310' title='bbox 3129 659 3315 717; x_wconf 83' lang='grc' dir='ltr'>στατὸν</span> <span class='ocrx_word' id='word_1_311' title='bbox 3371 660 3462 718; x_wconf 82' lang='grc' dir='ltr'><strong>καὶ</strong></span> <span class='ocrx_word' id='word_1_312' title='bbox 3516 659 3775 729; x_wconf 66' lang='grc' dir='ltr'>ξυστίδα</span> 
     </span>
     <span class='ocr_line' id='line_1_45' title="bbox 2166 744 3783 833; baseline -0.001 -25"><span class='ocrx_word' id='word_1_313' title='bbox 2166 748 2256 808; x_wconf 80' lang='grc' dir='ltr'><strong>καὶ</strong></span> <span class='ocrx_word' id='word_1_314' title='bbox 2283 747 2371 806; x_wconf 79' lang='grc' dir='ltr'><strong>τὸν</strong></span> <span class='ocrx_word' id='word_1_315' title='bbox 2403 747 2559 807; x_wconf 75' lang='grc' dir='ltr'>ἄλλον</span> <span class='ocrx_word' id='word_1_316' title='bbox 2604 747 2879 825; x_wconf 82' lang='grc' dir='ltr'>ἐναγώνιον</span> <span class='ocrx_word' id='word_1_317' title='bbox 2907 744 3277 826; x_wconf 78' lang='grc' dir='ltr'>ἀμπεχόμενον</span> <span class='ocrx_word' id='word_1_318' title='bbox 3312 745 3542 824; x_wconf 87' lang='grc' dir='ltr'>κόσμον,</span> <span class='ocrx_word' id='word_1_319' title='bbox 3585 750 3783 833; x_wconf 65' lang='lat' dir='ltr'><strong>lez-{cp</strong></span> 
     </span>
     <span class='ocr_line' id='line_1_46' title="bbox 2167 833 3771 916; baseline 0.001 -22"><span class='ocrx_word' id='word_1_320' title='bbox 2167 836 2212 894; x_wconf 89' lang='grc' dir='ltr'>δ’</span> <span class='ocrx_word' id='word_1_321' title='bbox 2240 836 2476 916; x_wconf 78' lang='grc' dir='ltr'>ἁλουργῷ</span> <span class='ocrx_word' id='word_1_322' title='bbox 2501 833 2596 907; x_wconf 84' lang='grc' dir='ltr'><strong>τὴν</strong></span> <span class='ocrx_word' id='word_1_323' title='bbox 2631 833 2921 914; x_wconf 87' lang='grc' dir='ltr'>ναυαρχίδα</span> <span class='ocrx_word' id='word_1_324' title='bbox 2950 834 3331 915; x_wconf 76' lang='grc' dir='ltr'>προσφέρεσθαι</span> <span class='ocrx_word' id='word_1_325' title='bbox 3357 843 3463 901; x_wconf 83' lang='grc' dir='ltr'>τοῖς</span> <span class='ocrx_word' id='word_1_326' title='bbox 3490 837 3771 913; x_wconf 78' lang='grc' dir='ltr'>λιμέσιν,</span> 
     </span>
     <span class='ocr_line' id='line_1_47' title="bbox 2167 919 3774 1002; baseline 0.002 -21"><span class='ocrx_word' id='word_1_327' title='bbox 2167 921 2342 1002; x_wconf 80' lang='grc' dir='ltr'>ὥσπερ</span> <span class='ocrx_word' id='word_1_328' title='bbox 2370 924 2429 979; x_wconf 83' lang='grc' dir='ltr'><strong>ἐκ</strong></span> <span class='ocrx_word' id='word_1_329' title='bbox 2459 921 2614 996; x_wconf 76' lang='grc' dir='ltr'>μέθης</span> <span class='ocrx_word' id='word_1_330' title='bbox 2654 921 3098 998; x_wconf 80' lang='grc' dir='ltr'>ἐπικωμάζοντος,</span> <span class='ocrx_word' id='word_1_331' title='bbox 3130 919 3246 979; x_wconf 82' lang='grc' dir='ltr'>οὔτε</span> <span class='ocrx_word' id='word_1_332' title='bbox 3273 922 3452 983; x_wconf 87' lang='grc' dir='ltr'>Θεόπο</span> <span class='ocrx_word' id='word_1_333' title='bbox 3496 946 3598 990; x_wconf 81' lang='grc' dir='ltr'><strong>πος</strong></span> <span class='ocrx_word' id='word_1_334' title='bbox 3638 924 3774 984; x_wconf 79' lang='grc' dir='ltr'>οὔτ’</span> 
     </span>
     <span class='ocr_line' id='line_1_48' title="bbox 2165 1006 3769 1090; baseline 0.001 -21"><span class='ocrx_word' id='word_1_335' title='bbox 2165 1009 2390 1090; x_wconf 86' lang='grc' dir='ltr'>Ἔφορος</span> <span class='ocrx_word' id='word_1_336' title='bbox 2415 1007 2530 1067; x_wconf 84' lang='grc' dir='ltr'>οὔτε</span> <span class='ocrx_word' id='word_1_337' title='bbox 2570 1008 2814 1087; x_wconf 80' lang='grc' dir='ltr'>Ξενοφῶν</span> <span class='ocrx_word' id='word_1_338' title='bbox 2844 1008 3119 1088; x_wconf 76' lang='grc' dir='ltr'>γέγραφεν·</span> <span class='ocrx_word' id='word_1_339' title='bbox 3149 1006 3256 1064; x_wconf 85' lang='grc' dir='ltr'>οὔτ’</span> <span class='ocrx_word' id='word_1_340' title='bbox 3285 1008 3418 1074; x_wconf 82' lang='grc' dir='ltr'>εἰκὸς</span> <span class='ocrx_word' id='word_1_341' title='bbox 3483 1033 3511 1065; x_wconf 94' lang='grc' dir='ltr'><strong>ν</strong></span> <span class='ocrx_word' id='word_1_342' title='bbox 3563 1009 3769 1077; x_wconf 80' lang='grc' dir='ltr'>οὕτως</span> 
     </span>
     <span class='ocr_line' id='line_1_49' title="bbox 2168 1093 3773 1180; baseline -0.001 -25"><span class='ocrx_word' id='word_1_343' title='bbox 2168 1101 2481 1177; x_wconf 72' lang='grc' dir='ltr'>ἐντρυφῆσαι</span> <span class='ocrx_word' id='word_1_344' title='bbox 2529 1098 2633 1163; x_wconf 80' lang='grc' dir='ltr'>τοῖς</span> <span class='ocrx_word' id='word_1_345' title='bbox 2670 1096 2956 1166; x_wconf 81' lang='grc' dir='ltr'>Ἀθηναίοις</span> <span class='ocrx_word' id='word_1_346' title='bbox 2991 1093 3124 1173; x_wconf 76' lang='grc' dir='ltr'>μετὰ</span> <span class='ocrx_word' id='word_1_347' title='bbox 3175 1093 3337 1175; x_wconf 77' lang='grc' dir='ltr'>φυγὴν</span> <span class='ocrx_word' id='word_1_348' title='bbox 3378 1094 3471 1153; x_wconf 76' lang='grc' dir='ltr'><strong>καὶ</strong></span> <span class='ocrx_word' id='word_1_349' title='bbox 3522 1120 3773 1180; x_wconf 63' lang='grc' dir='ltr'>συμφο-</span> 
     </span>
     <span class='ocr_line' id='line_1_50' title="bbox 2171 1183 3769 1264; baseline 0.001 -21"><span class='ocrx_word' id='word_1_350' title='bbox 2171 1185 2259 1264; x_wconf 83' lang='grc' dir='ltr'><strong>ρὰς</strong></span> <span class='ocrx_word' id='word_1_351' title='bbox 2306 1184 2563 1250; x_wconf 86' lang='grc' dir='ltr'>τοσαύτας</span> <span class='ocrx_word' id='word_1_352' title='bbox 2612 1183 3013 1263; x_wconf 79' lang='grc' dir='ltr'>κατερχόμενον.</span> <span class='ocrx_word' id='word_1_353' title='bbox 3060 1188 3145 1242; x_wconf 82' lang='lat' dir='ltr'><strong>Ex</strong></span> <span class='ocrx_word' id='word_1_354' title='bbox 3192 1184 3411 1242; x_wconf 88' lang='lat' dir='ltr'><strong>Duride</strong></span> <span class='ocrx_word' id='word_1_355' title='bbox 3473 1187 3769 1245; x_wconf 77' lang='lat' dir='ltr'><strong>hauserit</strong></span> 
     </span>
     <span class='ocr_line' id='line_1_51' title="bbox 2166 1269 3773 1349; baseline 0 -17"><span class='ocrx_word' id='word_1_356' title='bbox 2166 1277 2463 1332; x_wconf 77' lang='lat' dir='ltr'><strong>Athenaeus</strong></span> <span class='ocrx_word' id='word_1_357' title='bbox 2481 1275 2609 1344; x_wconf 89' lang='lat' dir='ltr'>XII,</span> <span class='ocrx_word' id='word_1_358' title='bbox 2631 1294 2692 1349; x_wconf 90' lang='lat' dir='ltr'><strong>p.</strong></span> <span class='ocrx_word' id='word_1_359' title='bbox 2723 1272 2864 1344; x_wconf 81' lang='lat'>535,</span> <span class='ocrx_word' id='word_1_360' title='bbox 2890 1275 2950 1331; x_wconf 90' lang='lat' dir='ltr'><strong>C.</strong></span> <span class='ocrx_word' id='word_1_361' title='bbox 2975 1269 3061 1331; x_wconf 73' lang='lat' dir='ltr'><strong>Cf!</strong></span> <span class='ocrx_word' id='word_1_362' title='bbox 3077 1274 3324 1331; x_wconf 88' lang='lat' dir='ltr'><strong>Diodor.</strong></span> <span class='ocrx_word' id='word_1_363' title='bbox 3355 1273 3533 1344; x_wconf 85' lang='lat' dir='ltr'>XIII,</span> <span class='ocrx_word' id='word_1_364' title='bbox 3561 1276 3675 1346; x_wconf 85' lang='lat'><strong>68,</strong></span> <span class='ocrx_word' id='word_1_365' title='bbox 3692 1290 3773 1332; x_wconf 85' lang='lat' dir='ltr'><strong>ut</strong></span> 
     </span>
     <span class='ocr_line' id='line_1_52' title="bbox 2166 1357 3767 1441; baseline 0.002 -24"><span class='ocrx_word' id='word_1_366' title='bbox 2166 1364 2382 1418; x_wconf 83' lang='lat' dir='ltr'><strong>mittam</strong></span> <span class='ocrx_word' id='word_1_367' title='bbox 2409 1363 2657 1435; x_wconf 86' lang='lat' dir='ltr'><strong>reliquos</strong></span> <span class='ocrx_word' id='word_1_368' title='bbox 2679 1363 2740 1416; x_wconf 88' lang='lat' dir='ltr'><strong>in</strong></span> <span class='ocrx_word' id='word_1_369' title='bbox 2763 1379 2825 1416; x_wconf 88' lang='lat' dir='ltr'><strong>rc</strong></span> <span class='ocrx_word' id='word_1_370' title='bbox 2849 1363 3151 1417; x_wconf 84' lang='lat' dir='ltr'><strong>notissima.</strong></span> <span class='ocrx_word' id='word_1_371' title='bbox 3170 1357 3610 1419; x_wconf 60' lang='grc' dir='ltr'>ι--Ἀλκιὸιάδου</span> <span class='ocrx_word' id='word_1_372' title='bbox 3640 1363 3767 1441; x_wconf 71' lang='grc' dir='ltr'>φοί-</span> 
     </span>
     <span class='ocr_line' id='line_1_53' title="bbox 2167 1437 3767 1526; baseline 0.001 -21"><span class='ocrx_word' id='word_1_373' title='bbox 2167 1471 2306 1506; x_wconf 85' lang='grc' dir='ltr'>σκων</span> <span class='ocrx_word' id='word_1_374' title='bbox 2330 1447 2578 1522; x_wconf 79' lang='grc' dir='ltr'>ἀπόγονος</span> <span class='ocrx_word' id='word_1_375' title='bbox 2590 1437 3096 1526; x_wconf 62' lang='grc' dir='ltr'>εἶναι]ιιΡιεριιῑαιιιί</span> <span class='ocrx_word' id='word_1_376' title='bbox 3118 1451 3300 1521; x_wconf 87' lang='lat' dir='ltr'><strong>patria</strong></span> <span class='ocrx_word' id='word_1_377' title='bbox 3323 1458 3619 1505; x_wconf 77' lang='lat' dir='ltr'><strong>extorrem</strong></span> <span class='ocrx_word' id='word_1_378' title='bbox 3642 1452 3767 1506; x_wconf 76' lang='lat' dir='ltr'><strong>diu</strong></span> 
     </span>
     <span class='ocr_line' id='line_1_54' title="bbox 2169 1535 3757 1611; baseline 0 -19"><span class='ocrx_word' id='word_1_379' title='bbox 2169 1539 2227 1592; x_wconf 91' lang='lat' dir='ltr'><strong>in</strong></span> <span class='ocrx_word' id='word_1_380' title='bbox 2250 1540 2415 1594; x_wconf 86' lang='lat' dir='ltr'><strong>Samo</strong></span> <span class='ocrx_word' id='word_1_381' title='bbox 2440 1535 2786 1594; x_wconf 81' lang='lat' dir='ltr'><strong>Alcibiadem</strong></span> <span class='ocrx_word' id='word_1_382' title='bbox 2809 1537 2980 1611; x_wconf 81' lang='lat' dir='ltr'><strong>egisse</strong></span> <span class='ocrx_word' id='word_1_383' title='bbox 2999 1579 3016 1610; x_wconf 90' lang='lat'>,</span> <span class='ocrx_word' id='word_1_384' title='bbox 3047 1546 3222 1592; x_wconf 82' lang='lat' dir='ltr'><strong>casira</strong></span> <span class='ocrx_word' id='word_1_385' title='bbox 3241 1536 3411 1591; x_wconf 88' lang='lat' dir='ltr'><strong>etiam</strong></span> <span class='ocrx_word' id='word_1_386' title='bbox 3428 1535 3720 1596; x_wconf 81' lang='lat' dir='ltr'><strong>habuisse</strong></span> <span class='ocrx_word' id='word_1_387' title='bbox 3739 1587 3757 1609; x_wconf 84' lang='lat'><strong>,</strong></span> 
     </span>
     <span class='ocr_line' id='line_1_55' title="bbox 2165 1623 3761 1699; baseline 0.003 -20"><span class='ocrx_word' id='word_1_388' title='bbox 2165 1623 2474 1680; x_wconf 88' lang='lat' dir='ltr'><strong>attendenti</strong></span> <span class='ocrx_word' id='word_1_389' title='bbox 2501 1623 2740 1678; x_wconf 83' lang='lat' dir='ltr'><strong>maxime</strong></span> <span class='ocrx_word' id='word_1_390' title='bbox 2762 1624 2980 1697; x_wconf 84' lang='lat' dir='ltr'><strong>generis</strong></span> <span class='ocrx_word' id='word_1_391' title='bbox 3008 1624 3495 1697; x_wconf 82' lang='lat' dir='ltr'><strong>propinquitatem</strong></span> <span class='ocrx_word' id='word_1_392' title='bbox 3512 1666 3531 1694; x_wconf 86' lang='lat'>‚</span> <span class='ocrx_word' id='word_1_393' title='bbox 3562 1644 3761 1699; x_wconf 81' lang='lat' dir='ltr'><strong>quam</strong></span> 
     </span>
     <span class='ocr_line' id='line_1_56' title="bbox 2165 1708 3759 1780; baseline 0.001 -12"><span class='ocrx_word' id='word_1_394' title='bbox 2165 1710 2370 1768; x_wconf 85' lang='lat' dir='ltr'><strong>Duridi</strong></span> <span class='ocrx_word' id='word_1_395' title='bbox 2402 1711 2606 1766; x_wconf 77' lang='lat' dir='ltr'><strong>scimus</strong></span> <span class='ocrx_word' id='word_1_396' title='bbox 2642 1728 2771 1778; x_wconf 80' lang='lat' dir='ltr'><strong>cum</strong></span> <span class='ocrx_word' id='word_1_397' title='bbox 2812 1708 3104 1765; x_wconf 83' lang='lat' dir='ltr'><strong>Alcibiade</strong></span> <span class='ocrx_word' id='word_1_398' title='bbox 3149 1710 3548 1780; x_wconf 69' lang='lat' dir='ltr'><strong>intercessisse,</strong></span> <span class='ocrx_word' id='word_1_399' title='bbox 3596 1716 3759 1770; x_wconf 83' lang='lat' dir='ltr'><strong>mihi</strong></span> 
     </span>
     <span class='ocr_line' id='line_1_57' title="bbox 2166 1794 3743 1871; baseline 0.001 -18"><span class='ocrx_word' id='word_1_400' title='bbox 2166 1815 2283 1853; x_wconf 89' lang='lat' dir='ltr'><strong>non</strong></span> <span class='ocrx_word' id='word_1_401' title='bbox 2306 1798 2579 1853; x_wconf 86' lang='lat' dir='ltr'><strong>absonum</strong></span> <span class='ocrx_word' id='word_1_402' title='bbox 2597 1797 2777 1851; x_wconf 79' lang='lat' dir='ltr'><strong>visum</strong></span> <span class='ocrx_word' id='word_1_403' title='bbox 2801 1794 2912 1871; x_wconf 48' lang='lat' dir='ltr'><strong>est,</strong></span> <span class='ocrx_word' id='word_1_404' title='bbox 2936 1794 3036 1851; x_wconf 88' lang='lat' dir='ltr'><strong>sed</strong></span> <span class='ocrx_word' id='word_1_405' title='bbox 3060 1795 3369 1852; x_wconf 85' lang='lat' dir='ltr'><strong>admodum</strong></span> <span class='ocrx_word' id='word_1_406' title='bbox 3392 1798 3743 1871; x_wconf 85' lang='lat' dir='ltr'><strong>probabile,</strong></span> 
     </span>
    </p>

    <p class='ocr_par' dir='ltr' id='par_1_16' title="bbox 2166 1882 3759 2030">
     <span class='ocr_line' id='line_1_58' title="bbox 2166 1882 3759 1956; baseline 0.001 -15"><span class='ocrx_word' id='word_1_407' title='bbox 2166 1887 2227 1940; x_wconf 88' lang='lat' dir='ltr'><strong>in</strong></span> <span class='ocrx_word' id='word_1_408' title='bbox 2264 1885 2579 1941; x_wconf 63' lang='lat' dir='ltr'><strong>Samiorum</strong></span> <span class='ocrx_word' id='word_1_409' title='bbox 2626 1884 2944 1939; x_wconf 71' lang='lat' dir='ltr'><strong>Ameah&#39;bus</strong></span> <span class='ocrx_word' id='word_1_410' title='bbox 2984 1883 3264 1956; x_wconf 84' lang='lat' dir='ltr'><strong>prolixius</strong></span> <span class='ocrx_word' id='word_1_411' title='bbox 3310 1883 3383 1939; x_wconf 87' lang='lat' dir='ltr'><strong>de</strong></span> <span class='ocrx_word' id='word_1_412' title='bbox 3428 1882 3759 1942; x_wconf 82' lang='lat' dir='ltr'><strong>Alcibiade</strong></span> 
     </span>
     <span class='ocr_line' id='line_1_59' title="bbox 2166 1972 3051 2030; baseline 0.002 -2"><span class='ocrx_word' id='word_1_413' title='bbox 2166 1973 2330 2030; x_wconf 83' lang='lat' dir='ltr'><strong>fuisse</strong></span> <span class='ocrx_word' id='word_1_414' title='bbox 2356 1982 2643 2029; x_wconf 86' lang='lat' dir='ltr'><strong>narratum</strong></span> <span class='ocrx_word' id='word_1_415' title='bbox 2674 1995 2697 2019; x_wconf 73' lang='grc' dir='ltr'>υ</span> <span class='ocrx_word' id='word_1_416' title='bbox 2733 1972 3051 2030; x_wconf 83' lang='lat' dir='ltr'><strong>Hullemcm.</strong></span> 
     </span>
    </p>
   </div>
   <div class='ocr_carea' id='block_1_15' title="bbox 2508 2088 3377 2170">
    <p class='ocr_par' dir='ltr' id='par_1_17' title="bbox 2508 2088 3377 2170">
     <span class='ocr_line' id='line_1_60' title="bbox 2508 2088 3377 2170; baseline 0.005 -23"><span class='ocrx_word' id='word_1_417' title='bbox 2508 2091 2605 2149; x_wconf 81' lang='lat'><strong>65.</strong></span> <span class='ocrx_word' id='word_1_418' title='bbox 2654 2092 2774 2166; x_wconf 92' lang='lat' dir='ltr'><strong>(Ol.</strong></span> <span class='ocrx_word' id='word_1_419' title='bbox 2808 2099 2878 2166; x_wconf 76' lang='lat'><strong>94</strong></span> <span class='ocrx_word' id='word_1_420' title='bbox 2904 2134 2919 2161; x_wconf 87' lang='lat'>,</span> <span class='ocrx_word' id='word_1_421' title='bbox 2956 2111 3009 2162; x_wconf 78' lang='lat'><strong>13</strong></span> <span class='ocrx_word' id='word_1_422' title='bbox 3040 2110 3094 2148; x_wconf 89' lang='lat' dir='ltr'><strong>a.</strong></span> <span class='ocrx_word' id='word_1_423' title='bbox 3124 2092 3187 2149; x_wconf 89' lang='lat' dir='ltr'><strong>C.</strong></span> <span class='ocrx_word' id='word_1_424' title='bbox 3218 2088 3377 2170; x_wconf 71' lang='grc'>404.)</span> 
     </span>
    </p>
   </div>
   <div class='ocr_carea' id='block_1_16' title="bbox 2167 2209 3753 2904">
    <p class='ocr_par' dir='ltr' id='par_1_18' title="bbox 2167 2209 3753 2904">
     <span class='ocr_line' id='line_1_61' title="bbox 2246 2209 3753 2288; baseline 0.001 -19"><span class='ocrx_word' id='word_1_425' title='bbox 2246 2214 2525 2270; x_wconf 84' lang='lat' dir='ltr'><strong>Plutarch.</strong></span> <span class='ocrx_word' id='word_1_426' title='bbox 2560 2216 2690 2287; x_wconf 75' lang='lat' dir='ltr'><strong>Lys.</strong></span> <span class='ocrx_word' id='word_1_427' title='bbox 2729 2233 2780 2267; x_wconf 88' lang='lat' dir='ltr'><strong>c.</strong></span> <span class='ocrx_word' id='word_1_428' title='bbox 2821 2212 2888 2267; x_wconf 80' lang='lat'><strong>18</strong></span> <span class='ocrx_word' id='word_1_429' title='bbox 2922 2229 2938 2269; x_wconf 70' lang='grc' dir='ltr'><strong>τ</strong></span> <span class='ocrx_word' id='word_1_430' title='bbox 2977 2209 3114 2270; x_wconf 87' lang='grc' dir='ltr'>Τότε</span> <span class='ocrx_word' id='word_1_431' title='bbox 3165 2217 3324 2288; x_wconf 88' lang='lat' dir='ltr'><strong>(post</strong></span> <span class='ocrx_word' id='word_1_432' title='bbox 3366 2230 3619 2287; x_wconf 80' lang='lat' dir='ltr'><strong>pugnam</strong></span> <span class='ocrx_word' id='word_1_433' title='bbox 3662 2214 3753 2270; x_wconf 81' lang='lat' dir='ltr'><strong>acl</strong></span> 
     </span>
     <span class='ocr_line' id='line_1_62' title="bbox 2167 2290 3749 2377; baseline 0 -19"><span class='ocrx_word' id='word_1_434' title='bbox 2167 2304 2597 2377; x_wconf 81' lang='lat' dir='ltr'><strong>AEgospotamos</strong></span> <span class='ocrx_word' id='word_1_435' title='bbox 2629 2298 2967 2376; x_wconf 81' lang='lat' dir='ltr'><strong>pugnatam)</strong></span> <span class='ocrx_word' id='word_1_436' title='bbox 3009 2296 3052 2355; x_wconf 80' lang='grc' dir='ltr'>δ’</span> <span class='ocrx_word' id='word_1_437' title='bbox 3081 2290 3168 2356; x_wconf 73' lang='grc' dir='ltr'><strong>οὗν</strong></span> <span class='ocrx_word' id='word_1_438' title='bbox 3206 2301 3234 2354; x_wconf 84' lang='grc' dir='ltr'><strong>ὁ</strong></span> <span class='ocrx_word' id='word_1_439' title='bbox 3281 2296 3586 2376; x_wconf 81' lang='grc' dir='ltr'>Λύσανδρος</span> <span class='ocrx_word' id='word_1_440' title='bbox 3613 2297 3749 2358; x_wconf 76' lang='grc' dir='ltr'>ὅσον</span> 
     </span>
     <span class='ocr_line' id='line_1_63' title="bbox 2167 2383 3747 2466; baseline -0.001 -21"><span class='ocrx_word' id='word_1_441' title='bbox 2167 2389 2329 2453; x_wconf 77' lang='grc' dir='ltr'>οὐδεὶς</span> <span class='ocrx_word' id='word_1_442' title='bbox 2346 2390 2449 2445; x_wconf 87' lang='grc' dir='ltr'><strong>τῶν</strong></span> <span class='ocrx_word' id='word_1_443' title='bbox 2464 2385 2684 2466; x_wconf 85' lang='grc' dir='ltr'>πρόσθεν</span> <span class='ocrx_word' id='word_1_444' title='bbox 2707 2385 2979 2455; x_wconf 77' lang='grc' dir='ltr'>Ἑλλήνων</span> <span class='ocrx_word' id='word_1_445' title='bbox 3000 2384 3227 2457; x_wconf 78' lang='grc' dir='ltr'>δυνηθεὶς</span> <span class='ocrx_word' id='word_1_446' title='bbox 3247 2383 3415 2442; x_wconf 81' lang='grc' dir='ltr'>ἐδόκει</span> <span class='ocrx_word' id='word_1_447' title='bbox 3434 2385 3747 2465; x_wconf 72' lang='grc' dir='ltr'>φρονήματι</span> 
     </span>
     <span class='ocr_line' id='line_1_64' title="bbox 2167 2470 3748 2554; baseline -0.003 -21"><span class='ocrx_word' id='word_1_448' title='bbox 2167 2474 2254 2534; x_wconf 83' lang='grc' dir='ltr'><strong>καὶ</strong></span> <span class='ocrx_word' id='word_1_449' title='bbox 2290 2474 2431 2554; x_wconf 82' lang='grc' dir='ltr'>ὄγκῳ</span> <span class='ocrx_word' id='word_1_450' title='bbox 2474 2473 2667 2549; x_wconf 82' lang='grc' dir='ltr'>μείζονι</span> <span class='ocrx_word' id='word_1_451' title='bbox 2703 2476 2989 2552; x_wconf 73' lang='grc' dir='ltr'>κεχρῆσθαι</span> <span class='ocrx_word' id='word_1_452' title='bbox 3020 2475 3113 2543; x_wconf 73' lang='grc' dir='ltr'><strong>τῆς</strong></span> <span class='ocrx_word' id='word_1_453' title='bbox 3145 2470 3426 2546; x_wconf 83' lang='grc' dir='ltr'>δυνάμεως.</span> <span class='ocrx_word' id='word_1_454' title='bbox 3512 2474 3748 2552; x_wconf 74' lang='grc' dir='ltr'>Πρῶτον</span> 
     </span>
     <span class='ocr_line' id='line_1_65' title="bbox 2168 2556 3745 2641; baseline -0.002 -22"><span class='ocrx_word' id='word_1_455' title='bbox 2168 2561 2262 2639; x_wconf 81' lang='grc' dir='ltr'><strong>μὲν</strong></span> <span class='ocrx_word' id='word_1_456' title='bbox 2290 2561 2411 2641; x_wconf 74' lang='grc' dir='ltr'>γὰρ,</span> <span class='ocrx_word' id='word_1_457' title='bbox 2442 2567 2512 2627; x_wconf 81' lang='grc' dir='ltr'><strong>ὡς</strong></span> <span class='ocrx_word' id='word_1_458' title='bbox 2547 2562 2741 2640; x_wconf 76' lang='grc' dir='ltr'>ἱστορεῖ</span> <span class='ocrx_word' id='word_1_459' title='bbox 2767 2564 2968 2638; x_wconf 76' lang='grc' dir='ltr'>Δοῦρις,</span> <span class='ocrx_word' id='word_1_460' title='bbox 2999 2556 3266 2630; x_wconf 76' lang='grc' dir='ltr'>Ἑλλήνων</span> <span class='ocrx_word' id='word_1_461' title='bbox 3292 2559 3477 2639; x_wconf 81' lang='grc' dir='ltr'>ἐκείνῳ</span> <span class='ocrx_word' id='word_1_462' title='bbox 3504 2560 3601 2617; x_wconf 81' lang='grc' dir='ltr'><strong>καὶ</strong></span> <span class='ocrx_word' id='word_1_463' title='bbox 3633 2563 3745 2639; x_wconf 79' lang='grc' dir='ltr'><strong>βω-</strong></span> 
     </span>
     <span class='ocr_line' id='line_1_66' title="bbox 2168 2643 3736 2726; baseline -0.003 -18"><span class='ocrx_word' id='word_1_464' title='bbox 2168 2650 2292 2726; x_wconf 78' lang='grc' dir='ltr'>μοὺς</span> <span class='ocrx_word' id='word_1_465' title='bbox 2329 2652 2383 2708; x_wconf 78' lang='grc' dir='ltr'><strong>αῖ</strong></span> <span class='ocrx_word' id='word_1_466' title='bbox 2420 2649 2594 2714; x_wconf 88' lang='grc' dir='ltr'>πόλεις</span> <span class='ocrx_word' id='word_1_467' title='bbox 2627 2646 2917 2719; x_wconf 76' lang='grc' dir='ltr'>ἀνέστησαν</span> <span class='ocrx_word' id='word_1_468' title='bbox 2950 2649 3019 2713; x_wconf 81' lang='grc' dir='ltr'><strong>ὥς</strong></span> <span class='ocrx_word' id='word_1_469' title='bbox 3046 2649 3145 2725; x_wconf 81' lang='grc' dir='ltr'><strong>θεῷ</strong></span> <span class='ocrx_word' id='word_1_470' title='bbox 3172 2643 3262 2705; x_wconf 81' lang='grc' dir='ltr'><strong>καὶ</strong></span> <span class='ocrx_word' id='word_1_471' title='bbox 3298 2645 3479 2710; x_wconf 84' lang='grc' dir='ltr'>θυσίας</span> <span class='ocrx_word' id='word_1_472' title='bbox 3522 2645 3736 2720; x_wconf 81' lang='grc' dir='ltr'>ἔθυσαν,</span> 
     </span>
     <span class='ocr_line' id='line_1_67' title="bbox 2167 2724 3744 2817; baseline -0.002 -21"><span class='ocrx_word' id='word_1_473' title='bbox 2167 2740 2236 2805; x_wconf 88' lang='grc' dir='ltr'><strong>εἰς</strong></span> <span class='ocrx_word' id='word_1_474' title='bbox 2274 2736 2328 2796; x_wconf 83' lang='grc' dir='ltr'>δὲ</span> <span class='ocrx_word' id='word_1_475' title='bbox 2365 2740 2569 2817; x_wconf 87' lang='grc' dir='ltr'>πρῶτον</span> <span class='ocrx_word' id='word_1_476' title='bbox 2601 2744 2815 2802; x_wconf 72' lang='grc' dir='ltr'>παιᾶνες</span> <span class='ocrx_word' id='word_1_477' title='bbox 2851 2734 3103 2814; x_wconf 78' lang='grc' dir='ltr'>ᾔσθησαν,</span> <span class='ocrx_word' id='word_1_478' title='bbox 3141 2724 3211 2792; x_wconf 68' lang='grc' dir='ltr'><strong>ὧν</strong></span> <span class='ocrx_word' id='word_1_479' title='bbox 3249 2731 3358 2801; x_wconf 78' lang='grc' dir='ltr'>ἑνὸς</span> <span class='ocrx_word' id='word_1_480' title='bbox 3394 2733 3569 2813; x_wconf 66' lang='grc' dir='ltr'>ἀρχὴν</span> <span class='ocrx_word' id='word_1_481' title='bbox 3606 2737 3744 2793; x_wconf 77' lang='grc' dir='ltr'>ἄπο-</span> 
     </span>
     <span class='ocr_line' id='line_1_68' title="bbox 2169 2822 2794 2904; baseline -0.003 -21"><span class='ocrx_word' id='word_1_482' title='bbox 2169 2824 2548 2904; x_wconf 80' lang='grc' dir='ltr'>μνημονεύουσι</span> <span class='ocrx_word' id='word_1_483' title='bbox 2575 2822 2794 2882; x_wconf 87' lang='grc' dir='ltr'>τοιάνδε·</span> 
     </span>
    </p>
   </div>
   <div class='ocr_carea' id='block_1_17' title="bbox 2351 2946 2981 3083">
    <p class='ocr_par' dir='ltr' id='par_1_19' title="bbox 2351 2946 2981 3083">
     <span class='ocr_line' id='line_1_69' title="bbox 2353 2946 2935 3019; baseline 0.002 -18"><span class='ocrx_word' id='word_1_484' title='bbox 2353 2950 2446 3001; x_wconf 84' lang='grc' dir='ltr'><strong>Τὸν</strong></span> <span class='ocrx_word' id='word_1_485' title='bbox 2469 2946 2682 3004; x_wconf 81' lang='grc' dir='ltr'>Ἑλλάδος</span> <span class='ocrx_word' id='word_1_486' title='bbox 2700 2946 2896 3005; x_wconf 73' lang='grc' dir='ltr'>ἀγαθέας</span> <span class='ocrx_word' id='word_1_487' title='bbox 2909 2982 2935 3019; x_wconf 60' lang='lat'><strong>‚⁶</strong></span> 
     </span>
     <span class='ocr_line' id='line_1_70' title="bbox 2351 3016 2981 3083; baseline -0.006 -14"><span class='ocrx_word' id='word_1_488' title='bbox 2351 3019 2608 3083; x_wconf 82' lang='grc' dir='ltr'>στραταγὸν</span> <span class='ocrx_word' id='word_1_489' title='bbox 2629 3017 2709 3067; x_wconf 82' lang='grc' dir='ltr'><strong>ἀπ’</strong></span> <span class='ocrx_word' id='word_1_490' title='bbox 2733 3016 2981 3081; x_wconf 77' lang='grc' dir='ltr'>εὐρυχόρου</span> 
     </span>
    </p>
   </div>
   <div class='ocr_carea' id='block_1_18' title="bbox 2355 3087 2966 3217">
    <p class='ocr_par' dir='ltr' id='par_1_20' title="bbox 2355 3087 2966 3217">
     <span class='ocr_line' id='line_1_71' title="bbox 2355 3087 2966 3154; baseline -0.008 -15"><span class='ocrx_word' id='word_1_491' title='bbox 2355 3090 2567 3154; x_wconf 79' lang='grc' dir='ltr'>Σπάρτας</span> <span class='ocrx_word' id='word_1_492' title='bbox 2593 3087 2877 3151; x_wconf 75' lang='grc' dir='ltr'>ὓμνήσομεν,</span> <span class='ocrx_word' id='word_1_493' title='bbox 2908 3087 2966 3147; x_wconf 81' lang='grc' dir='ltr'>ὦ,</span> 
     </span>
     <span class='ocr_line' id='line_1_72' title="bbox 2563 3157 2805 3217; baseline -0.008 -9"><span class='ocrx_word' id='word_1_494' title='bbox 2563 3159 2614 3217; x_wconf 73' lang='grc' dir='ltr'><strong>ἰὴ</strong></span> <span class='ocrx_word' id='word_1_495' title='bbox 2632 3157 2805 3207; x_wconf 79' lang='grc' dir='ltr'>Παιάν.</span> 
     </span>
    </p>
   </div>
   <div class='ocr_carea' id='block_1_19' title="bbox 2168 3225 3739 3306">
    <p class='ocr_par' dir='ltr' id='par_1_21' title="bbox 2168 3225 3739 3306">
     <span class='ocr_line' id='line_1_73' title="bbox 2168 3225 3739 3306; baseline -0.004 -15"><span class='ocrx_word' id='word_1_496' title='bbox 2168 3229 2364 3306; x_wconf 80' lang='grc' dir='ltr'>Σάμιοι</span> <span class='ocrx_word' id='word_1_497' title='bbox 2402 3227 2455 3287; x_wconf 73' lang='grc' dir='ltr'>δὲ</span> <span class='ocrx_word' id='word_1_498' title='bbox 2490 3227 2557 3285; x_wconf 80' lang='grc' dir='ltr'><strong>τὰ</strong></span> <span class='ocrx_word' id='word_1_499' title='bbox 2594 3227 2717 3306; x_wconf 83' lang='grc' dir='ltr'>παρ’</span> <span class='ocrx_word' id='word_1_500' title='bbox 2762 3229 2934 3293; x_wconf 69' lang='grc' dir='ltr'>αὑτοῖς</span> <span class='ocrx_word' id='word_1_501' title='bbox 2968 3225 3164 3305; x_wconf 83' lang='grc' dir='ltr'>Ἡραῖα</span> <span class='ocrx_word' id='word_1_502' title='bbox 3202 3225 3509 3305; x_wconf 80' lang='grc' dir='ltr'>Λυσάνδρια</span> <span class='ocrx_word' id='word_1_503' title='bbox 3552 3228 3739 3286; x_wconf 83' lang='grc' dir='ltr'>καλεῖν</span> 
     </span>
    </p>
   </div>
   <div class='ocr_carea' id='block_1_20' title="bbox 2164 3394 3742 4005">
    <p class='ocr_par' dir='ltr' id='par_1_22' title="bbox 2164 3394 3742 4005">
     <span class='ocr_line' id='line_1_74' title="bbox 2175 3394 3741 3458; baseline -0.003 -9"><span class='ocrx_word' id='word_1_504' title='bbox 2175 3399 2464 3449; x_wconf 79' lang='lat' dir='ltr'><strong>Alcibiadem</strong></span> <span class='ocrx_word' id='word_1_505' title='bbox 2498 3399 2746 3447; x_wconf 80' lang='lat' dir='ltr'><strong>auctorem</strong></span> <span class='ocrx_word' id='word_1_506' title='bbox 2782 3397 2956 3457; x_wconf 74' lang='lat' dir='ltr'><strong>refert,</strong></span> <span class='ocrx_word' id='word_1_507' title='bbox 3000 3395 3364 3458; x_wconf 60' lang='lat' dir='ltr'><strong>Chrymonum</strong></span> <span class='ocrx_word' id='word_1_508' title='bbox 3398 3394 3741 3457; x_wconf 69' lang='lat' dir='ltr'><strong>pytinienioem</strong></span> 
     </span>
     <span class='ocr_line' id='line_1_75' title="bbox 2166 3470 3739 3539; baseline -0.003 -13"><span class='ocrx_word' id='word_1_509' title='bbox 2166 3477 2284 3526; x_wconf 84' lang='lat' dir='ltr'><strong>tibia</strong></span> <span class='ocrx_word' id='word_1_510' title='bbox 2316 3475 2587 3539; x_wconf 76' lang='lat' dir='ltr'><strong>praecinisse</strong></span> <span class='ocrx_word' id='word_1_511' title='bbox 2634 3473 2892 3536; x_wconf 79' lang='lat' dir='ltr'><strong>remigibus</strong></span> <span class='ocrx_word' id='word_1_512' title='bbox 2929 3470 3149 3522; x_wconf 87' lang='lat' dir='ltr'><strong>nauticos</strong></span> <span class='ocrx_word' id='word_1_513' title='bbox 3182 3470 3381 3534; x_wconf 81' lang='lat' dir='ltr'><strong>modos,</strong></span> <span class='ocrx_word' id='word_1_514' title='bbox 3410 3471 3739 3536; x_wconf 80' lang='lat' dir='ltr'><strong>Callippidem</strong></span> 
     </span>
     <span class='ocr_line' id='line_1_76' title="bbox 2164 3549 3742 3618; baseline -0.003 -13"><span class='ocrx_word' id='word_1_515' title='bbox 2164 3554 2502 3618; x_wconf 77' lang='lat' dir='ltr'><strong>tragoediarum</strong></span> <span class='ocrx_word' id='word_1_516' title='bbox 2540 3553 2819 3604; x_wconf 79' lang='lat' dir='ltr'><strong>histrionem</strong></span> <span class='ocrx_word' id='word_1_517' title='bbox 2836 3590 2851 3615; x_wconf 90' lang='lat'><strong>,</strong></span> <span class='ocrx_word' id='word_1_518' title='bbox 2884 3552 3011 3602; x_wconf 85' lang='lat' dir='ltr'><strong>stato</strong></span> <span class='ocrx_word' id='word_1_519' title='bbox 3056 3554 3107 3602; x_wconf 86' lang='lat' dir='ltr'><strong>et</strong></span> <span class='ocrx_word' id='word_1_520' title='bbox 3131 3549 3321 3614; x_wconf 75' lang='lat' dir='ltr'><strong>xystide</strong></span> <span class='ocrx_word' id='word_1_521' title='bbox 3351 3553 3616 3613; x_wconf 84' lang='lat' dir='ltr'><strong>ceteroque</strong></span> <span class='ocrx_word' id='word_1_522' title='bbox 3652 3550 3742 3601; x_wconf 84' lang='lat' dir='ltr'><strong>ha·</strong></span> 
     </span>
     <span class='ocr_line' id='line_1_77' title="bbox 2166 3626 3739 3695; baseline -0.003 -14"><span class='ocrx_word' id='word_1_523' title='bbox 2166 3633 2270 3681; x_wconf 86' lang='lat' dir='ltr'><strong>bitu</strong></span> <span class='ocrx_word' id='word_1_524' title='bbox 2310 3630 2630 3693; x_wconf 85' lang='lat' dir='ltr'><strong>instructum,</strong></span> <span class='ocrx_word' id='word_1_525' title='bbox 2668 3644 2767 3695; x_wconf 86' lang='lat' dir='ltr'><strong>quo</strong></span> <span class='ocrx_word' id='word_1_526' title='bbox 2797 3629 2869 3680; x_wconf 89' lang='lat' dir='ltr'><strong>uti</strong></span> <span class='ocrx_word' id='word_1_527' title='bbox 2904 3629 3073 3679; x_wconf 86' lang='lat' dir='ltr'><strong>solent.</strong></span> <span class='ocrx_word' id='word_1_528' title='bbox 3095 3629 3179 3690; x_wconf 85' lang='lat' dir='ltr'><strong>qui</strong></span> <span class='ocrx_word' id='word_1_529' title='bbox 3204 3626 3434 3677; x_wconf 84' lang='lat' dir='ltr'><strong>docendis</strong></span> <span class='ocrx_word' id='word_1_530' title='bbox 3468 3627 3650 3679; x_wconf 75' lang='lat' dir='ltr'><strong>fabulis</strong></span> <span class='ocrx_word' id='word_1_531' title='bbox 3684 3628 3739 3677; x_wconf 86' lang='lat' dir='ltr'><strong>in</strong></span> 
     </span>
     <span class='ocr_line' id='line_1_78' title="bbox 2167 3705 3738 3771; baseline -0.003 -11"><span class='ocrx_word' id='word_1_532' title='bbox 2167 3710 2354 3760; x_wconf 84' lang='lat' dir='ltr'><strong>theatro</strong></span> <span class='ocrx_word' id='word_1_533' title='bbox 2373 3710 2586 3771; x_wconf 83' lang='lat' dir='ltr'><strong>certant,</strong></span> <span class='ocrx_word' id='word_1_534' title='bbox 2610 3708 2843 3771; x_wconf 80' lang='lat' dir='ltr'><strong>remigum</strong></span> <span class='ocrx_word' id='word_1_535' title='bbox 2874 3705 3017 3756; x_wconf 80' lang='lat' dir='ltr'><strong>ruisse</strong></span> <span class='ocrx_word' id='word_1_536' title='bbox 3049 3705 3342 3755; x_wconf 83' lang='lat' dir='ltr'><strong>hortatorem</strong></span> <span class='ocrx_word' id='word_1_537' title='bbox 3362 3742 3377 3767; x_wconf 84' lang='lat'>‚</span> <span class='ocrx_word' id='word_1_538' title='bbox 3410 3718 3587 3755; x_wconf 76' lang='lat' dir='ltr'><strong>navem</strong></span> <span class='ocrx_word' id='word_1_539' title='bbox 3609 3718 3738 3768; x_wconf 62' lang='lat' dir='ltr'><strong>prae-</strong></span> 
     </span>
     <span class='ocr_line' id='line_1_79' title="bbox 2166 3782 3737 3850; baseline -0.004 -13"><span class='ocrx_word' id='word_1_540' title='bbox 2166 3787 2341 3837; x_wconf 86' lang='lat' dir='ltr'><strong>toriam</strong></span> <span class='ocrx_word' id='word_1_541' title='bbox 2376 3786 2613 3850; x_wconf 85' lang='lat' dir='ltr'><strong>explicato</strong></span> <span class='ocrx_word' id='word_1_542' title='bbox 2642 3785 2751 3835; x_wconf 76' lang='lat' dir='ltr'><strong>velo</strong></span> <span class='ocrx_word' id='word_1_543' title='bbox 2778 3796 3018 3847; x_wconf 87' lang='lat' dir='ltr'><strong>purpureo</strong></span> <span class='ocrx_word' id='word_1_544' title='bbox 3052 3782 3098 3832; x_wconf 87' lang='lat' dir='ltr'><strong>in</strong></span> <span class='ocrx_word' id='word_1_545' title='bbox 3126 3785 3320 3846; x_wconf 86' lang='lat' dir='ltr'><strong>portum</strong></span> <span class='ocrx_word' id='word_1_546' title='bbox 3344 3783 3568 3843; x_wconf 78' lang='lat' dir='ltr'><strong>subiisse,</strong></span> <span class='ocrx_word' id='word_1_547' title='bbox 3588 3782 3737 3844; x_wconf 73' lang='lat' dir='ltr'><strong>quasi</strong></span> 
     </span>
     <span class='ocr_line' id='line_1_80' title="bbox 2166 3859 3735 3927; baseline -0.003 -14"><span class='ocrx_word' id='word_1_548' title='bbox 2166 3864 2247 3915; x_wconf 91' lang='lat' dir='ltr'><strong>ilie</strong></span> <span class='ocrx_word' id='word_1_549' title='bbox 2264 3862 2472 3927; x_wconf 77' lang='lat' dir='ltr'><strong>crapulis</strong></span> <span class='ocrx_word' id='word_1_550' title='bbox 2504 3863 2675 3926; x_wconf 86' lang='lat' dir='ltr'><strong>plenus</strong></span> <span class='ocrx_word' id='word_1_551' title='bbox 2704 3875 2761 3913; x_wconf 83' lang='lat' dir='ltr'><strong>ex</strong></span> <span class='ocrx_word' id='word_1_552' title='bbox 2807 3859 3151 3910; x_wconf 64' lang='lat' dir='ltr'><strong>comessatione</strong></span> <span class='ocrx_word' id='word_1_553' title='bbox 3183 3860 3373 3910; x_wconf 84' lang='lat' dir='ltr'><strong>rediret.</strong></span> <span class='ocrx_word' id='word_1_554' title='bbox 3412 3863 3525 3909; x_wconf 76' lang='lat' dir='ltr'><strong>Haec</strong></span> <span class='ocrx_word' id='word_1_555' title='bbox 3561 3871 3735 3922; x_wconf 84' lang='lat' dir='ltr'><strong>neque</strong></span> 
     </span>
     <span class='ocr_line' id='line_1_81' title="bbox 2170 3936 3730 4005; baseline -0.004 -13"><span class='ocrx_word' id='word_1_556' title='bbox 2170 3941 2387 4005; x_wconf 80' lang='lat' dir='ltr'><strong>Ephorus</strong></span> <span class='ocrx_word' id='word_1_557' title='bbox 2399 3953 2556 4003; x_wconf 85' lang='lat' dir='ltr'><strong>neque</strong></span> <span class='ocrx_word' id='word_1_558' title='bbox 2572 3939 2909 4002; x_wconf 85' lang='lat' dir='ltr'><strong>Theopompus</strong></span> <span class='ocrx_word' id='word_1_559' title='bbox 2938 3950 3096 4001; x_wconf 86' lang='lat' dir='ltr'><strong>neque</strong></span> <span class='ocrx_word' id='word_1_560' title='bbox 3129 3936 3391 4002; x_wconf 85' lang='lat' dir='ltr'><strong>Xenophon</strong></span> <span class='ocrx_word' id='word_1_561' title='bbox 3425 3947 3730 3985; x_wconf 84' lang='lat' dir='ltr'><strong>commemo·</strong></span> 
     </span>
    </p>
   </div>
   <div class='ocr_carea' id='block_1_21' title="bbox 518 3982 3735 4080">
    <p class='ocr_par' dir='ltr' id='par_1_23' title="bbox 518 3982 3735 4080">
     <span class='ocr_line' id='line_1_82' title="bbox 518 3982 3735 4080; baseline 0.004 -31"><span class='ocrx_word' id='word_1_562' title='bbox 518 4013 672 4051; x_wconf 78' lang='lat' dir='ltr'><strong>uxore</strong></span> <span class='ocrx_word' id='word_1_563' title='bbox 701 3999 861 4063; x_wconf 78' lang='lat' dir='ltr'><strong>Agidis</strong></span> <span class='ocrx_word' id='word_1_564' title='bbox 881 4012 982 4049; x_wconf 91' lang='lat' dir='ltr'><strong>rem</strong></span> <span class='ocrx_word' id='word_1_565' title='bbox 1003 3999 1196 4050; x_wconf 85' lang='lat' dir='ltr'><strong>habere.</strong></span> <span class='ocrx_word' id='word_1_566' title='bbox 1215 4000 1392 4051; x_wconf 75' lang='lat' dir='ltr'><strong>Filium</strong></span> <span class='ocrx_word' id='word_1_567' title='bbox 1410 3999 1608 4062; x_wconf 83' lang='lat' dir='ltr'><strong>quidem</strong></span> <span class='ocrx_word' id='word_1_568' title='bbox 1630 4012 1691 4049; x_wconf 79' lang='lat' dir='ltr'><strong>ex</strong></span> <span class='ocrx_word' id='word_1_569' title='bbox 1715 4012 1773 4049; x_wconf 86' lang='lat' dir='ltr'><strong>ea</strong></span> <span class='ocrx_word' id='word_1_570' title='bbox 1796 4001 1965 4049; x_wconf 82' lang='lat' dir='ltr'><strong>natum</strong></span> <span class='ocrx_word' id='word_1_571' title='bbox 1993 4012 2078 4048; x_wconf 76' lang='lat' dir='ltr'><strong>rex</strong></span> <span class='ocrx_word' id='word_1_572' title='bbox 2125 3982 2131 4073; x_wconf 71' lang='grc' dir='ltr'>Ι</span> <span class='ocrx_word' id='word_1_573' title='bbox 2170 4024 2304 4079; x_wconf 74' lang='lat' dir='ltr'><strong>rant,</strong></span> <span class='ocrx_word' id='word_1_574' title='bbox 2328 4030 2482 4080; x_wconf 84' lang='lat' dir='ltr'><strong>neque</strong></span> <span class='ocrx_word' id='word_1_575' title='bbox 2503 4029 2619 4067; x_wconf 77' lang='lat' dir='ltr'><strong>vero</strong></span> <span class='ocrx_word' id='word_1_576' title='bbox 2636 4015 2884 4080; x_wconf 80' lang='lat' dir='ltr'><strong>probabile</strong></span> <span class='ocrx_word' id='word_1_577' title='bbox 2905 4017 2978 4064; x_wconf 85' lang='lat' dir='ltr'><strong>est</strong></span> <span class='ocrx_word' id='word_1_578' title='bbox 2997 4012 3286 4065; x_wconf 76' lang='lat' dir='ltr'><strong>Alcibiadem</strong></span> <span class='ocrx_word' id='word_1_579' title='bbox 3304 4013 3517 4076; x_wconf 81' lang='lat' dir='ltr'><strong>adeoper</strong></span> <span class='ocrx_word' id='word_1_580' title='bbox 3544 4012 3735 4063; x_wconf 80' lang='lat' dir='ltr'><strong>luxum</strong></span> 
     </span>
    </p>
   </div>
   <div class='ocr_carea' id='block_1_22' title="bbox 517 4075 3732 4224">
    <p class='ocr_par' dir='ltr' id='par_1_24' title="bbox 517 4075 3732 4224">
     <span class='ocr_line' id='line_1_83' title="bbox 517 4075 3732 4156; baseline 0.001 -17"><span class='ocrx_word' id='word_1_581' title='bbox 517 4090 615 4126; x_wconf 82' lang='grc'><strong>11011</strong></span> <span class='ocrx_word' id='word_1_582' title='bbox 634 4076 829 4140; x_wconf 65' lang='grc' dir='ltr'><strong>88110Ὗῆ</strong></span> <span class='ocrx_word' id='word_1_583' title='bbox 845 4088 991 4127; x_wconf 66' lang='lat' dir='ltr'><strong>mum</strong></span> <span class='ocrx_word' id='word_1_584' title='bbox 1019 4089 1149 4137; x_wconf 58' lang='lat'><strong>³⁸⁸0,</strong></span> <span class='ocrx_word' id='word_1_585' title='bbox 1173 4076 1258 4127; x_wconf 63' lang='lat'><strong>⁸0⁶</strong></span> <span class='ocrx_word' id='word_1_586' title='bbox 1294 4076 1547 4128; x_wconf 63' lang='grc' dir='ltr'><strong>Αῑῢίῧίὸᾶῖδ</strong></span> <span class='ocrx_word' id='word_1_587' title='bbox 1571 4089 1673 4128; x_wconf 69' lang='grc'><strong>11880</strong></span> <span class='ocrx_word' id='word_1_588' title='bbox 1689 4075 1838 4138; x_wconf 58' lang='lat' dir='ltr'><strong>dimi</strong></span> <span class='ocrx_word' id='word_1_589' title='bbox 1860 4089 2017 4145; x_wconf 60' lang='lat' dir='ltr'><strong>mque</strong></span> <span class='ocrx_word' id='word_1_590' title='bbox 2032 4075 2081 4124; x_wconf 69' lang='lat' dir='ltr'><strong>id</strong></span> <span class='ocrx_word' id='word_1_591' title='bbox 2124 4076 2131 4121; x_wconf 77' lang='lat'>¹</span> <span class='ocrx_word' id='word_1_592' title='bbox 2167 4096 2371 4146; x_wconf 71' lang='lat' dir='ltr'><strong>voluisse</strong></span> <span class='ocrx_word' id='word_1_593' title='bbox 2389 4094 2755 4146; x_wconf 80' lang='lat' dir='ltr'><strong>Atheniensibus</strong></span> <span class='ocrx_word' id='word_1_594' title='bbox 2777 4094 3024 4156; x_wconf 82' lang='lat' dir='ltr'><strong>insultare,</strong></span> <span class='ocrx_word' id='word_1_595' title='bbox 3045 4092 3107 4142; x_wconf 91' lang='lat' dir='ltr'><strong>ab</strong></span> <span class='ocrx_word' id='word_1_596' title='bbox 3133 4093 3277 4143; x_wconf 78' lang='lat' dir='ltr'><strong>exilio</strong></span> <span class='ocrx_word' id='word_1_597' title='bbox 3298 4091 3535 4156; x_wconf 83' lang='lat' dir='ltr'><strong>tantisque</strong></span> <span class='ocrx_word' id='word_1_598' title='bbox 3555 4104 3732 4142; x_wconf 71' lang='lat' dir='ltr'><strong>rerer-</strong></span> 
     </span>
     <span class='ocr_line' id='line_1_84' title="bbox 517 4130 2513 4224; baseline 0.002 -19"><span class='ocrx_word' id='word_1_599' title='bbox 517 4156 718 4206; x_wconf 69' lang='lat' dir='ltr'><strong>moioete</strong></span> <span class='ocrx_word' id='word_1_600' title='bbox 737 4154 999 4206; x_wconf 67' lang='lat' dir='ltr'><strong>admodum</strong></span> <span class='ocrx_word' id='word_1_601' title='bbox 1034 4156 1266 4206; x_wconf 67' lang='lat' dir='ltr'><strong>Timaeum</strong></span> <span class='ocrx_word' id='word_1_602' title='bbox 1286 4155 1452 4207; x_wconf 73' lang='lat' dir='ltr'><strong>tunsae</strong></span> <span class='ocrx_word' id='word_1_603' title='bbox 1475 4156 1614 4207; x_wconf 63' lang='lat' dir='ltr'><strong>bure</strong></span> <span class='ocrx_word' id='word_1_604' title='bbox 1630 4155 1825 4217; x_wconf 63' lang='lat' dir='ltr'><strong>scribit,</strong></span> <span class='ocrx_word' id='word_1_605' title='bbox 1854 4155 2082 4217; x_wconf 71' lang='lat' dir='ltr'><strong>domique</strong></span> <span class='ocrx_word' id='word_1_606' title='bbox 2125 4130 2132 4195; x_wconf 63' lang='grc' dir='ltr'><strong><em>ἲ</em></strong></span> <span class='ocrx_word' id='word_1_607' title='bbox 2168 4187 2273 4223; x_wconf 79' lang='lat' dir='ltr'><strong>sum</strong></span> <span class='ocrx_word' id='word_1_608' title='bbox 2296 4172 2513 4224; x_wconf 79' lang='lat' dir='ltr'><strong>miseriis.</strong></span> 
     </span>
    </p>
   </div>
   <div class='ocr_carea' id='block_1_23' title="bbox 518 4231 2082 4528">
    <p class='ocr_par' dir='ltr' id='par_1_25' title="bbox 518 4231 2082 4528">
     <span class='ocr_line' id='line_1_85' title="bbox 518 4231 2080 4296; baseline -0.001 -13"><span class='ocrx_word' id='word_1_609' title='bbox 518 4233 705 4283; x_wconf 88' lang='lat' dir='ltr'><strong>ancillis</strong></span> <span class='ocrx_word' id='word_1_610' title='bbox 729 4246 907 4283; x_wconf 85' lang='lat' dir='ltr'><strong>nomen</strong></span> <span class='ocrx_word' id='word_1_611' title='bbox 940 4233 1074 4296; x_wconf 85' lang='lat' dir='ltr'><strong>pueri</strong></span> <span class='ocrx_word' id='word_1_612' title='bbox 1110 4246 1210 4282; x_wconf 90' lang='lat' dir='ltr'><strong>uon</strong></span> <span class='ocrx_word' id='word_1_613' title='bbox 1255 4232 1595 4296; x_wconf 76' lang='lat' dir='ltr'><strong>Leotychidem</strong></span> <span class='ocrx_word' id='word_1_614' title='bbox 1609 4270 1624 4295; x_wconf 93' lang='lat'><strong><em>,</em></strong></span> <span class='ocrx_word' id='word_1_615' title='bbox 1662 4232 1745 4283; x_wconf 83' lang='lat' dir='ltr'><strong>sed</strong></span> <span class='ocrx_word' id='word_1_616' title='bbox 1784 4231 2080 4282; x_wconf 78' lang='lat' dir='ltr'><strong>Alcibiadem</strong></span> 
     </span>
     <span class='ocr_line' id='line_1_86' title="bbox 519 4308 2082 4373; baseline -0.001 -13"><span class='ocrx_word' id='word_1_617' title='bbox 519 4310 842 4372; x_wconf 75' lang='lat' dir='ltr'><strong>insusurasse3</strong></span> <span class='ocrx_word' id='word_1_618' title='bbox 863 4308 1158 4361; x_wconf 79' lang='lat' dir='ltr'><strong>Alcibiadem</strong></span> <span class='ocrx_word' id='word_1_619' title='bbox 1177 4323 1373 4373; x_wconf 82' lang='lat' dir='ltr'><strong>quoque</strong></span> <span class='ocrx_word' id='word_1_620' title='bbox 1385 4308 1577 4373; x_wconf 81' lang='lat' dir='ltr'><strong>dixisse,</strong></span> <span class='ocrx_word' id='word_1_621' title='bbox 1596 4322 1692 4359; x_wconf 88' lang='lat' dir='ltr'><strong>non</strong></span> <span class='ocrx_word' id='word_1_622' title='bbox 1713 4308 1921 4359; x_wconf 87' lang='lat' dir='ltr'><strong>libidinis</strong></span> <span class='ocrx_word' id='word_1_623' title='bbox 1934 4321 2082 4359; x_wconf 85' lang='lat' dir='ltr'><strong>causa</strong></span> 
     </span>
     <span class='ocr_line' id='line_1_87' title="bbox 520 4385 2081 4449; baseline -0.002 -13"><span class='ocrx_word' id='word_1_624' title='bbox 520 4402 573 4436; x_wconf 86' lang='lat' dir='ltr'><strong>se</strong></span> <span class='ocrx_word' id='word_1_625' title='bbox 598 4400 712 4437; x_wconf 89' lang='lat' dir='ltr'><strong>cum</strong></span> <span class='ocrx_word' id='word_1_626' title='bbox 730 4387 913 4437; x_wconf 82' lang='lat' dir='ltr'><strong>Timaea</strong></span> <span class='ocrx_word' id='word_1_627' title='bbox 930 4386 1124 4449; x_wconf 83' lang='lat' dir='ltr'><strong>coiisse,</strong></span> <span class='ocrx_word' id='word_1_628' title='bbox 1145 4399 1317 4436; x_wconf 75' lang='lat' dir='ltr'><strong>verum</strong></span> <span class='ocrx_word' id='word_1_629' title='bbox 1349 4385 1400 4436; x_wconf 92' lang='lat' dir='ltr'><strong>id</strong></span> <span class='ocrx_word' id='word_1_630' title='bbox 1418 4387 1725 4437; x_wconf 76' lang='lat' dir='ltr'><strong>affectantem</strong></span> <span class='ocrx_word' id='word_1_631' title='bbox 1739 4423 1756 4448; x_wconf 88' lang='lat'><em>,</em></span> <span class='ocrx_word' id='word_1_632' title='bbox 1787 4389 1842 4436; x_wconf 86' lang='lat' dir='ltr'><strong>ut</strong></span> <span class='ocrx_word' id='word_1_633' title='bbox 1863 4385 2081 4449; x_wconf 86' lang='lat' dir='ltr'><strong>Spartani</strong></span> 
     </span>
     <span class='ocr_line' id='line_1_88' title="bbox 521 4464 1220 4528; baseline 0 -15"><span class='ocrx_word' id='word_1_634' title='bbox 521 4465 585 4513; x_wconf 89' lang='lat' dir='ltr'><strong>ab</strong></span> <span class='ocrx_word' id='word_1_635' title='bbox 603 4464 752 4528; x_wconf 87' lang='lat' dir='ltr'><strong>ipsius</strong></span> <span class='ocrx_word' id='word_1_636' title='bbox 767 4465 903 4527; x_wconf 84' lang='lat' dir='ltr'><strong>prole</strong></span> <span class='ocrx_word' id='word_1_637' title='bbox 922 4466 1220 4527; x_wconf 85' lang='lat' dir='ltr'><strong>regerentur.</strong></span> 
     </span>
    </p>
   </div>
   <div class='ocr_carea' id='block_1_24' title="bbox 1249 4564 1339 4616">
    <p class='ocr_par' dir='ltr' id='par_1_26' title="bbox 1249 4564 1339 4616">
     <span class='ocr_line' id='line_1_89' title="bbox 1249 4564 1339 4616; baseline -0.022 0"><span class='ocrx_word' id='word_1_638' title='bbox 1249 4564 1339 4616; x_wconf 75' lang='lat'><strong>64.</strong></span> 
     </span>
    </p>
   </div>
   <div class='ocr_carea' id='block_1_25' title="bbox 522 4696 2081 4838">
    <p class='ocr_par' dir='ltr' id='par_1_27' title="bbox 522 4696 2081 4838">
     <span class='ocr_line' id='line_1_90' title="bbox 582 4696 2081 4763; baseline 0 -16"><span class='ocrx_word' id='word_1_639' title='bbox 582 4696 848 4748; x_wconf 79' lang='lat' dir='ltr'><strong>Alcibiades</strong></span> <span class='ocrx_word' id='word_1_640' title='bbox 873 4700 925 4748; x_wconf 86' lang='lat' dir='ltr'><strong>et</strong></span> <span class='ocrx_word' id='word_1_641' title='bbox 959 4696 1119 4747; x_wconf 82' lang='lat' dir='ltr'><strong>videre</strong></span> <span class='ocrx_word' id='word_1_642' title='bbox 1143 4697 1245 4759; x_wconf 82' lang='lat' dir='ltr'><strong>jam</strong></span> <span class='ocrx_word' id='word_1_643' title='bbox 1282 4697 1556 4749; x_wconf 85' lang='lat' dir='ltr'><strong>desiderans</strong></span> <span class='ocrx_word' id='word_1_644' title='bbox 1578 4697 1784 4761; x_wconf 85' lang='lat' dir='ltr'><strong>patriam</strong></span> <span class='ocrx_word' id='word_1_645' title='bbox 1799 4735 1816 4761; x_wconf 88' lang='lat'>,</span> <span class='ocrx_word' id='word_1_646' title='bbox 1850 4699 1900 4749; x_wconf 88' lang='lat' dir='ltr'><strong>et</strong></span> <span class='ocrx_word' id='word_1_647' title='bbox 1928 4698 2081 4763; x_wconf 83' lang='lat' dir='ltr'><strong>magis</strong></span> 
     </span>
     <span class='ocr_line' id='line_1_91' title="bbox 522 4773 2079 4838; baseline 0.001 -14"><span class='ocrx_word' id='word_1_648' title='bbox 522 4774 668 4824; x_wconf 86' lang='lat' dir='ltr'><strong>etiam</strong></span> <span class='ocrx_word' id='word_1_649' title='bbox 689 4773 838 4823; x_wconf 79' lang='lat' dir='ltr'><strong>videri</strong></span> <span class='ocrx_word' id='word_1_650' title='bbox 870 4786 923 4825; x_wconf 86' lang='lat' dir='ltr'><strong>se</strong></span> <span class='ocrx_word' id='word_1_651' title='bbox 944 4774 1142 4837; x_wconf 87' lang='lat' dir='ltr'><strong>cupiens</strong></span> <span class='ocrx_word' id='word_1_652' title='bbox 1163 4787 1195 4824; x_wconf 90' lang='lat' dir='ltr'><strong>a</strong></span> <span class='ocrx_word' id='word_1_653' title='bbox 1221 4774 1409 4825; x_wconf 83' lang='lat' dir='ltr'><strong>civibus</strong></span> <span class='ocrx_word' id='word_1_654' title='bbox 1436 4775 1563 4836; x_wconf 88' lang='lat' dir='ltr'><strong>suis,</strong></span> <span class='ocrx_word' id='word_1_655' title='bbox 1599 4775 1775 4838; x_wconf 87' lang='lat' dir='ltr'><strong>quibus</strong></span> <span class='ocrx_word' id='word_1_656' title='bbox 1808 4776 1884 4826; x_wconf 89' lang='lat' dir='ltr'><strong>tot</strong></span> <span class='ocrx_word' id='word_1_657' title='bbox 1910 4778 2079 4826; x_wconf 84' lang='lat' dir='ltr'><strong>contra</strong></span> 
     </span>
    </p>
   </div>
   <div class='ocr_carea' id='block_1_26' title="bbox 522 4850 2079 4985">
    <p class='ocr_par' dir='ltr' id='par_1_28' title="bbox 522 4850 2079 4985">
     <span class='ocr_line' id='line_1_92' title="bbox 522 4850 2079 4913; baseline 0.003 -14"><span class='ocrx_word' id='word_1_658' title='bbox 522 4850 684 4900; x_wconf 85' lang='lat' dir='ltr'><strong>hostes</strong></span> <span class='ocrx_word' id='word_1_659' title='bbox 735 4851 994 4913; x_wconf 84' lang='lat' dir='ltr'><strong>peperisset</strong></span> <span class='ocrx_word' id='word_1_660' title='bbox 1034 4850 1289 4911; x_wconf 78' lang='lat' dir='ltr'><strong>victorias,</strong></span> <span class='ocrx_word' id='word_1_661' title='bbox 1340 4850 1550 4902; x_wconf 78' lang='lat' dir='ltr'><strong>Athenas</strong></span> <span class='ocrx_word' id='word_1_662' title='bbox 1585 4854 1806 4902; x_wconf 74' lang='lat' dir='ltr'><strong>revectus</strong></span> <span class='ocrx_word' id='word_1_663' title='bbox 1851 4854 1925 4903; x_wconf 72' lang='lat' dir='ltr'><strong>est</strong></span> <span class='ocrx_word' id='word_1_664' title='bbox 1965 4866 2079 4903; x_wconf 88' lang='lat' dir='ltr'><strong>cum</strong></span> 
     </span>
     <span class='ocr_line' id='line_1_93' title="bbox 523 4920 2077 4985; baseline 0.002 -16"><span class='ocrx_word' id='word_1_665' title='bbox 523 4921 703 4982; x_wconf 83' lang='lat' dir='ltr'><strong>ciasse;</strong></span> <span class='ocrx_word' id='word_1_666' title='bbox 730 4922 866 4970; x_wconf 87' lang='lat' dir='ltr'><strong>erant</strong></span> <span class='ocrx_word' id='word_1_667' title='bbox 879 4923 1043 4971; x_wconf 89' lang='lat' dir='ltr'><strong>autem</strong></span> <span class='ocrx_word' id='word_1_668' title='bbox 1061 4932 1212 4983; x_wconf 84' lang='lat' dir='ltr'><strong>quum</strong></span> <span class='ocrx_word' id='word_1_669' title='bbox 1240 4920 1407 4972; x_wconf 88' lang='lat' dir='ltr'><strong>multis</strong></span> <span class='ocrx_word' id='word_1_670' title='bbox 1424 4921 1601 4984; x_wconf 84' lang='lat' dir='ltr'><strong>clypeis</strong></span> <span class='ocrx_word' id='word_1_671' title='bbox 1623 4925 1671 4971; x_wconf 94' lang='lat' dir='ltr'><strong>et</strong></span> <span class='ocrx_word' id='word_1_672' title='bbox 1687 4922 1846 4984; x_wconf 84' lang='lat' dir='ltr'><strong>spoliis</strong></span> <span class='ocrx_word' id='word_1_673' title='bbox 1863 4923 2077 4985; x_wconf 87' lang='lat' dir='ltr'><strong>undique</strong></span> 
     </span>
    </p>
   </div>
   <div class='ocr_carea' id='block_1_27' title="bbox 522 4995 2081 5216">
    <p class='ocr_par' dir='ltr' id='par_1_29' title="bbox 522 4995 2081 5216">
     <span class='ocr_line' id='line_1_94' title="bbox 524 4995 2081 5061; baseline 0.002 -18"><span class='ocrx_word' id='word_1_674' title='bbox 524 4996 766 5045; x_wconf 78' lang='lat' dir='ltr'><strong>exornatae</strong></span> <span class='ocrx_word' id='word_1_675' title='bbox 801 4996 972 5046; x_wconf 78' lang='lat' dir='ltr'><strong>Atticae</strong></span> <span class='ocrx_word' id='word_1_676' title='bbox 1003 4995 1252 5057; x_wconf 60' lang='lat' dir='ltr'><strong>triremes,</strong></span> <span class='ocrx_word' id='word_1_677' title='bbox 1272 5000 1379 5048; x_wconf 88' lang='lat' dir='ltr'><strong>tum</strong></span> <span class='ocrx_word' id='word_1_678' title='bbox 1417 5010 1643 5060; x_wconf 83' lang='lat' dir='ltr'><strong>magnum</strong></span> <span class='ocrx_word' id='word_1_679' title='bbox 1675 5000 1781 5061; x_wconf 86' lang='lat' dir='ltr'><strong>post</strong></span> <span class='ocrx_word' id='word_1_680' title='bbox 1803 5012 1854 5048; x_wconf 91' lang='lat' dir='ltr'><strong>se</strong></span> <span class='ocrx_word' id='word_1_681' title='bbox 1877 4999 2081 5061; x_wconf 83' lang='lat' dir='ltr'><strong>captiva·</strong></span> 
     </span>
     <span class='ocr_line' id='line_1_95' title="bbox 522 5072 2077 5138; baseline 0.003 -18"><span class='ocrx_word' id='word_1_682' title='bbox 522 5084 633 5120; x_wconf 89' lang='lat' dir='ltr'><strong>rum</strong></span> <span class='ocrx_word' id='word_1_683' title='bbox 655 5084 910 5122; x_wconf 85' lang='lat' dir='ltr'><strong>numerum</strong></span> <span class='ocrx_word' id='word_1_684' title='bbox 933 5072 1182 5135; x_wconf 84' lang='lat' dir='ltr'><strong>trahebat,</strong></span> <span class='ocrx_word' id='word_1_685' title='bbox 1218 5077 1467 5138; x_wconf 82' lang='lat' dir='ltr'><strong>rostraque</strong></span> <span class='ocrx_word' id='word_1_686' title='bbox 1486 5088 1515 5124; x_wconf 83' lang='lat' dir='ltr'><strong>a</strong></span> <span class='ocrx_word' id='word_1_687' title='bbox 1540 5087 1591 5124; x_wconf 85' lang='lat' dir='ltr'><strong>se</strong></span> <span class='ocrx_word' id='word_1_688' title='bbox 1623 5075 1859 5124; x_wconf 73' lang='lat' dir='ltr'><strong>victarum</strong></span> <span class='ocrx_word' id='word_1_689' title='bbox 1898 5077 1948 5123; x_wconf 91' lang='lat' dir='ltr'><strong>et</strong></span> <span class='ocrx_word' id='word_1_690' title='bbox 1977 5087 2077 5136; x_wconf 70' lang='lat' dir='ltr'><strong>1&gt;oe-</strong></span> 
     </span>
     <span class='ocr_line' id='line_1_96' title="bbox 523 5149 2080 5216; baseline 0.001 -17"><span class='ocrx_word' id='word_1_691' title='bbox 523 5149 853 5200; x_wconf 88' lang='lat' dir='ltr'><strong>sumdatarum</strong></span> <span class='ocrx_word' id='word_1_692' title='bbox 870 5150 1069 5200; x_wconf 80' lang='lat' dir='ltr'><strong>navium</strong></span> <span class='ocrx_word' id='word_1_693' title='bbox 1085 5151 1217 5201; x_wconf 85' lang='lat' dir='ltr'><strong>baud</strong></span> <span class='ocrx_word' id='word_1_694' title='bbox 1238 5151 1519 5216; x_wconf 88' lang='lat' dir='ltr'><strong>pauciorum</strong></span> <span class='ocrx_word' id='word_1_695' title='bbox 1538 5151 1759 5203; x_wconf 82' lang='lat' dir='ltr'><strong>ducentis</strong></span> <span class='ocrx_word' id='word_1_696' title='bbox 1780 5166 1942 5203; x_wconf 85' lang='lat' dir='ltr'><strong>seeum</strong></span> <span class='ocrx_word' id='word_1_697' title='bbox 1963 5152 2080 5202; x_wconf 81' lang='lat' dir='ltr'><strong>inie-</strong></span> 
     </span>
    </p>
   </div>
   <div class='ocr_carea' id='block_1_28' title="bbox 2123 4332 2132 4514">
    <p class='ocr_par' dir='ltr' id='par_1_30' title="bbox 2123 4332 2132 4514">
     <span class='ocr_line' id='line_1_97' title="bbox 2123 4332 2132 4514; baseline 0 1402"><span class='ocrx_word' id='word_1_698' title='bbox 2123 4332 2132 4514; x_wconf 95' lang='lat' dir='ltr'><strong> </strong></span> 
     </span>
    </p>
   </div>
   <div class='ocr_carea' id='block_1_29' title="bbox 2899 4257 2986 4306">
    <p class='ocr_par' dir='ltr' id='par_1_31' title="bbox 2899 4257 2986 4306">
     <span class='ocr_line' id='line_1_98' title="bbox 2899 4257 2986 4306; baseline 0 0"><span class='ocrx_word' id='word_1_699' title='bbox 2899 4257 2986 4306; x_wconf 79' lang='lat'><strong>65.</strong></span> 
     </span>
    </p>
   </div>
   <div class='ocr_carea' id='block_1_30' title="bbox 2150 4346 3741 4863">
    <p class='ocr_par' dir='ltr' id='par_1_32' title="bbox 2150 4346 3741 4863">
     <span class='ocr_line' id='line_1_99' title="bbox 2232 4346 3739 4412; baseline -0.002 -13"><span class='ocrx_word' id='word_1_700' title='bbox 2232 4347 2473 4412; x_wconf 79' lang='lat' dir='ltr'><strong>Lysander</strong></span> <span class='ocrx_word' id='word_1_701' title='bbox 2493 4360 2646 4410; x_wconf 87' lang='lat' dir='ltr'><strong>quum</strong></span> <span class='ocrx_word' id='word_1_702' title='bbox 2680 4348 2798 4396; x_wconf 89' lang='lat' dir='ltr'><strong>tunc</strong></span> <span class='ocrx_word' id='word_1_703' title='bbox 2829 4346 2892 4396; x_wconf 85' lang='lat' dir='ltr'><strong>ad</strong></span> <span class='ocrx_word' id='word_1_704' title='bbox 2914 4346 3143 4409; x_wconf 74' lang='lat' dir='ltr'><strong>maiorem</strong></span> <span class='ocrx_word' id='word_1_705' title='bbox 3180 4358 3324 4409; x_wconf 86' lang='lat' dir='ltr'><strong>quam</strong></span> <span class='ocrx_word' id='word_1_706' title='bbox 3363 4346 3493 4397; x_wconf 88' lang='lat' dir='ltr'><strong>ullus</strong></span> <span class='ocrx_word' id='word_1_707' title='bbox 3514 4359 3739 4410; x_wconf 81' lang='lat' dir='ltr'><strong>unquam</strong></span> 
     </span>
     <span class='ocr_line' id='line_1_100' title="bbox 2168 4425 3737 4489; baseline -0.002 -12"><span class='ocrx_word' id='word_1_708' title='bbox 2168 4431 2366 4477; x_wconf 81' lang='lat' dir='ltr'><strong>Graecus</strong></span> <span class='ocrx_word' id='word_1_709' title='bbox 2387 4427 2532 4476; x_wconf 85' lang='lat' dir='ltr'><strong>homo</strong></span> <span class='ocrx_word' id='word_1_710' title='bbox 2553 4425 2815 4489; x_wconf 86' lang='lat' dir='ltr'><strong>potentiam</strong></span> <span class='ocrx_word' id='word_1_711' title='bbox 2840 4425 3159 4488; x_wconf 77' lang='lat' dir='ltr'><strong>pervenisset,</strong></span> <span class='ocrx_word' id='word_1_712' title='bbox 3193 4426 3316 4476; x_wconf 79' lang='lat' dir='ltr'><strong>fastu</strong></span> <span class='ocrx_word' id='word_1_713' title='bbox 3340 4427 3505 4474; x_wconf 83' lang='lat' dir='ltr'><strong>tamen</strong></span> <span class='ocrx_word' id='word_1_714' title='bbox 3534 4425 3737 4475; x_wconf 77' lang='lat' dir='ltr'><strong>videtur</strong></span> 
     </span>
     <span class='ocr_line' id='line_1_101' title="bbox 2168 4501 3739 4567; baseline 0 -14"><span class='ocrx_word' id='word_1_715' title='bbox 2168 4505 2353 4566; x_wconf 77' lang='lat' dir='ltr'><strong>maiori,</strong></span> <span class='ocrx_word' id='word_1_716' title='bbox 2376 4516 2521 4567; x_wconf 82' lang='lat' dir='ltr'><strong>quam</strong></span> <span class='ocrx_word' id='word_1_717' title='bbox 2545 4516 2633 4566; x_wconf 85' lang='lat' dir='ltr'><strong>pro</strong></span> <span class='ocrx_word' id='word_1_718' title='bbox 2650 4516 2736 4552; x_wconf 87' lang='lat' dir='ltr'><strong>sua</strong></span> <span class='ocrx_word' id='word_1_719' title='bbox 2762 4504 2988 4565; x_wconf 81' lang='lat' dir='ltr'><strong>potentia,</strong></span> <span class='ocrx_word' id='word_1_720' title='bbox 3001 4503 3153 4559; x_wconf 81' lang='lat' dir='ltr'><strong>elatus</strong></span> <span class='ocrx_word' id='word_1_721' title='bbox 3170 4501 3329 4551; x_wconf 77' lang='lat' dir='ltr'><strong>fuisse.</strong></span> <span class='ocrx_word' id='word_1_722' title='bbox 3351 4502 3518 4552; x_wconf 86' lang='lat' dir='ltr'><strong>Primo</strong></span> <span class='ocrx_word' id='word_1_723' title='bbox 3536 4503 3671 4552; x_wconf 86' lang='lat' dir='ltr'><strong>enim</strong></span> <span class='ocrx_word' id='word_1_724' title='bbox 3690 4504 3739 4553; x_wconf 78' lang='lat' dir='ltr'><strong>ei</strong></span> 
     </span>
     <span class='ocr_line' id='line_1_102' title="bbox 2168 4578 3737 4643; baseline -0.001 -12"><span class='ocrx_word' id='word_1_725' title='bbox 2168 4585 2448 4631; x_wconf 81' lang='lat' dir='ltr'><strong>Groecorum</strong></span> <span class='ocrx_word' id='word_1_726' title='bbox 2466 4582 2514 4630; x_wconf 89' lang='lat' dir='ltr'><strong>et</strong></span> <span class='ocrx_word' id='word_1_727' title='bbox 2538 4593 2635 4630; x_wconf 80' lang='lat' dir='ltr'><strong>arae</strong></span> <span class='ocrx_word' id='word_1_728' title='bbox 2666 4583 2777 4629; x_wconf 87' lang='lat' dir='ltr'><strong>sunt</strong></span> <span class='ocrx_word' id='word_1_729' title='bbox 2814 4593 2844 4629; x_wconf 89' lang='lat' dir='ltr'><strong>a</strong></span> <span class='ocrx_word' id='word_1_730' title='bbox 2864 4580 3140 4629; x_wconf 77' lang='lat' dir='ltr'><strong>civitatibus</strong></span> <span class='ocrx_word' id='word_1_731' title='bbox 3163 4578 3357 4643; x_wconf 62' lang='lat' dir='ltr'><strong>positas,</strong></span> <span class='ocrx_word' id='word_1_732' title='bbox 3379 4580 3437 4628; x_wconf 87' lang='lat' dir='ltr'><strong>ut</strong></span> <span class='ocrx_word' id='word_1_733' title='bbox 3466 4580 3614 4630; x_wconf 88' lang='lat' dir='ltr'><strong>Duris</strong></span> <span class='ocrx_word' id='word_1_734' title='bbox 3630 4583 3737 4629; x_wconf 81' lang='lat' dir='ltr'><strong>tra·</strong></span> 
     </span>
     <span class='ocr_line' id='line_1_103' title="bbox 2165 4655 3735 4720; baseline -0.001 -13"><span class='ocrx_word' id='word_1_735' title='bbox 2165 4657 2263 4719; x_wconf 88' lang='lat' dir='ltr'><strong>dit,</strong></span> <span class='ocrx_word' id='word_1_736' title='bbox 2286 4660 2517 4720; x_wconf 80' lang='lat' dir='ltr'><strong>tanquam</strong></span> <span class='ocrx_word' id='word_1_737' title='bbox 2531 4657 2649 4719; x_wconf 86' lang='lat' dir='ltr'><strong>deo,</strong></span> <span class='ocrx_word' id='word_1_738' title='bbox 2683 4659 2733 4707; x_wconf 86' lang='lat' dir='ltr'><strong>et</strong></span> <span class='ocrx_word' id='word_1_739' title='bbox 2767 4656 2997 4706; x_wconf 81' lang='lat' dir='ltr'><strong>sacrificia</strong></span> <span class='ocrx_word' id='word_1_740' title='bbox 3032 4660 3228 4719; x_wconf 81' lang='lat' dir='ltr'><strong>peracta</strong></span> <span class='ocrx_word' id='word_1_741' title='bbox 3246 4655 3299 4705; x_wconf 86' lang='lat' dir='ltr'><strong>in</strong></span> <span class='ocrx_word' id='word_1_742' title='bbox 3320 4656 3426 4717; x_wconf 78' lang='lat' dir='ltr'><strong>ejus</strong></span> <span class='ocrx_word' id='word_1_743' title='bbox 3452 4656 3691 4706; x_wconf 87' lang='lat' dir='ltr'><strong>bonorem</strong></span> <span class='ocrx_word' id='word_1_744' title='bbox 3721 4677 3735 4706; x_wconf 89' lang='lat'>:</span> 
     </span>
     <span class='ocr_line' id='line_1_104' title="bbox 2166 4735 3741 4800; baseline 0.002 -17"><span class='ocrx_word' id='word_1_745' title='bbox 2166 4735 2320 4798; x_wconf 80' lang='lat' dir='ltr'><strong>primo</strong></span> <span class='ocrx_word' id='word_1_746' title='bbox 2354 4736 2569 4784; x_wconf 86' lang='lat' dir='ltr'><strong>omnium</strong></span> <span class='ocrx_word' id='word_1_747' title='bbox 2606 4738 2883 4785; x_wconf 82' lang='lat' dir='ltr'><strong>Graecomm</strong></span> <span class='ocrx_word' id='word_1_748' title='bbox 2911 4749 3101 4799; x_wconf 69' lang='lat' dir='ltr'><strong>paeanoe</strong></span> <span class='ocrx_word' id='word_1_749' title='bbox 3118 4738 3233 4786; x_wconf 85' lang='lat' dir='ltr'><strong>sunt</strong></span> <span class='ocrx_word' id='word_1_750' title='bbox 3267 4736 3477 4797; x_wconf 80' lang='lat' dir='ltr'><strong>cantati,</strong></span> <span class='ocrx_word' id='word_1_751' title='bbox 3516 4749 3741 4800; x_wconf 85' lang='lat' dir='ltr'><strong>quorum</strong></span> 
     </span>
     <span class='ocr_line' id='line_1_105' title="bbox 2150 4811 3090 4863; baseline 0.001 -2"><span class='ocrx_word' id='word_1_752' title='bbox 2150 4813 2307 4862; x_wconf 73' lang='lat' dir='ltr'><strong>unius</strong></span> <span class='ocrx_word' id='word_1_753' title='bbox 2328 4812 2421 4862; x_wconf 88' lang='lat' dir='ltr'><strong>hoc</strong></span> <span class='ocrx_word' id='word_1_754' title='bbox 2442 4811 2630 4862; x_wconf 82' lang='lat' dir='ltr'><strong>initium</strong></span> <span class='ocrx_word' id='word_1_755' title='bbox 2653 4815 3090 4863; x_wconf 82' lang='lat' dir='ltr'><strong>commemoratur:</strong></span> 
     </span>
    </p>
   </div>
   <div class='ocr_carea' id='block_1_31' title="bbox 2268 4932 2983 5182">
    <p class='ocr_par' dir='ltr' id='par_1_33' title="bbox 2268 4932 2799 4977">
     <span class='ocr_line' id='line_1_106' title="bbox 2268 4932 2799 4977; baseline 0.002 -1"><span class='ocrx_word' id='word_1_756' title='bbox 2268 4932 2599 4977; x_wconf 83' lang='lat' dir='ltr'><strong>celebrabimus</strong></span> <span class='ocrx_word' id='word_1_757' title='bbox 2617 4932 2799 4977; x_wconf 75' lang='lat' dir='ltr'><strong>inclutae</strong></span> 
     </span>
    </p>

    <p class='ocr_par' dir='ltr' id='par_1_34' title="bbox 2272 5000 2793 5045">
     <span class='ocr_line' id='line_1_107' title="bbox 2272 5000 2793 5045; baseline 0.004 -2"><span class='ocrx_word' id='word_1_758' title='bbox 2272 5001 2458 5045; x_wconf 74' lang='lat' dir='ltr'><strong>Graeciae</strong></span> <span class='ocrx_word' id='word_1_759' title='bbox 2476 5000 2793 5045; x_wconf 76' lang='lat' dir='ltr'><strong>Lacedaemone</strong></span> 
     </span>
    </p>

    <p class='ocr_par' dir='ltr' id='par_1_35' title="bbox 2271 5069 2983 5182">
     <span class='ocr_line' id='line_1_108' title="bbox 2271 5069 2983 5126; baseline -0.003 -13"><span class='ocrx_word' id='word_1_760' title='bbox 2271 5074 2537 5125; x_wconf 76' lang='lat' dir='ltr'><strong>prognatum</strong></span> <span class='ocrx_word' id='word_1_761' title='bbox 2558 5069 2720 5114; x_wconf 85' lang='lat' dir='ltr'><strong>ducem</strong></span> <span class='ocrx_word' id='word_1_762' title='bbox 2734 5070 2790 5113; x_wconf 82' lang='lat' dir='ltr'><strong>ab</strong></span> <span class='ocrx_word' id='word_1_763' title='bbox 2809 5069 2953 5126; x_wconf 78' lang='lat' dir='ltr'><strong>ampla</strong></span> <span class='ocrx_word' id='word_1_764' title='bbox 2968 5080 2983 5110; x_wconf 78' lang='grc' dir='ltr'><strong>ι</strong></span> 
     </span>
     <span class='ocr_line' id='line_1_109' title="bbox 2378 5141 2617 5182; baseline 0 0"><span class='ocrx_word' id='word_1_765' title='bbox 2378 5141 2428 5182; x_wconf 89' lang='lat'><strong>10</strong></span> <span class='ocrx_word' id='word_1_766' title='bbox 2452 5141 2617 5182; x_wconf 76' lang='lat' dir='ltr'><strong>Paeau!</strong></span> 
     </span>
    </p>
   </div>
   <div class='ocr_carea' id='block_1_32' title="bbox 523 5228 3743 5296">
    <p class='ocr_par' dir='ltr' id='par_1_36' title="bbox 523 5228 3743 5296">
     <span class='ocr_line' id='line_1_110' title="bbox 523 5228 3743 5296; baseline 0.002 -16"><span class='ocrx_word' id='word_1_767' title='bbox 523 5228 677 5280; x_wconf 84' lang='lat' dir='ltr'><strong>rebat.</strong></span> <span class='ocrx_word' id='word_1_768' title='bbox 699 5229 842 5280; x_wconf 87' lang='lat' dir='ltr'><strong>Addit</strong></span> <span class='ocrx_word' id='word_1_769' title='bbox 863 5230 938 5280; x_wconf 83' lang='lat' dir='ltr'><strong>his</strong></span> <span class='ocrx_word' id='word_1_770' title='bbox 950 5230 1175 5281; x_wconf 86' lang='lat' dir='ltr'><strong>omnibus</strong></span> <span class='ocrx_word' id='word_1_771' title='bbox 1190 5231 1337 5283; x_wconf 88' lang='lat' dir='ltr'><strong>Duris</strong></span> <span class='ocrx_word' id='word_1_772' title='bbox 1350 5231 1539 5283; x_wconf 84' lang='lat' dir='ltr'><strong>Samius</strong></span> <span class='ocrx_word' id='word_1_773' title='bbox 1553 5268 1569 5295; x_wconf 89' lang='lat'>‚</span> <span class='ocrx_word' id='word_1_774' title='bbox 1595 5231 1679 5296; x_wconf 88' lang='lat' dir='ltr'><strong>qui</strong></span> <span class='ocrx_word' id='word_1_775' title='bbox 1696 5244 1843 5295; x_wconf 79' lang='lat' dir='ltr'><strong>genus</strong></span> <span class='ocrx_word' id='word_1_776' title='bbox 1859 5244 2003 5283; x_wconf 83' lang='lat' dir='ltr'><strong>suum</strong></span> <span class='ocrx_word' id='word_1_777' title='bbox 2019 5232 2081 5283; x_wconf 88' lang='lat' dir='ltr'><strong>ad</strong></span> <span class='ocrx_word' id='word_1_778' title='bbox 2168 5233 2314 5283; x_wconf 83' lang='lat' dir='ltr'><strong>Samii</strong></span> <span class='ocrx_word' id='word_1_779' title='bbox 2335 5233 2506 5284; x_wconf 75' lang='lat' dir='ltr'><strong>festum</strong></span> <span class='ocrx_word' id='word_1_780' title='bbox 2532 5234 2733 5285; x_wconf 75' lang='lat' dir='ltr'><strong>sunonis</strong></span> <span class='ocrx_word' id='word_1_781' title='bbox 2778 5247 2918 5285; x_wconf 85' lang='lat' dir='ltr'><strong>suum</strong></span> <span class='ocrx_word' id='word_1_782' title='bbox 2938 5231 3197 5296; x_wconf 78' lang='lat' dir='ltr'><strong>Lysandria</strong></span> <span class='ocrx_word' id='word_1_783' title='bbox 3239 5233 3516 5285; x_wconf 77' lang='lat' dir='ltr'><strong>vocandum</strong></span> <span class='ocrx_word' id='word_1_784' title='bbox 3552 5248 3743 5287; x_wconf 78' lang='lat' dir='ltr'><strong>sanxe-</strong></span> 
     </span>
    </p>
   </div>
  </div>
 </body>
</html>
