4016 5916
1128 404 1660 480 CYI'HNIORUM,
1703 402 2116 464 NAxtomJM
2170 403 2676 464 RESPUBLICAE.

1039 538 1167 594 166.

401 668 679 742 Diogenes
699 671 885 724 Laert.
934 670 1100 738 VIII,
1155 663 1221 724 13
1259 685 1277 727 t
1318 663 1524 739 Ἀμέλει
1564 662 1655 723 καὶ
1703 664 1881 743 βωμὸν

314 756 676 833 προσκυνῆσαι
702 754 722 831 (
751 753 1059 834 Πυθαγόραν
1084 754 1274 834 φασὶν)
1323 754 1477 832 μόνον
1505 755 1558 812 ἕν
1597 750 1756 832 Δήλῳ
1796 751 1883 811 τὸν

314 837 643 908 ’Λπόλλωνος
667 845 759 900 τοῦ
796 837 1059 921 γενέτορος
1077 885 1093 914 ,
1118 841 1171 908 ὅς
1202 842 1339 900 ἐστιν
1363 840 1571 901 ὄπισθεν
1593 844 1682 899 τοῦ
1708 841 1883 920 Κερα-

320 924 462 985 τίνου
484 970 501 999 ,
533 925 618 986 διὰ
638 926 698 986 τὸ
725 927 913 1010 πυροὺς
951 928 1042 987 καὶ
1069 925 1247 1008 κριθὰς
1270 927 1360 986 καὶ
1399 927 1466 986 τὰ
1503 925 1716 986 πόπανα
1748 926 1881 1003 μόνα

316 1012 552 1073 τίθεσθαι
575 1017 659 1073 ἐπ’
708 1017 866 1075 αὐτοῦ
916 1014 1037 1074 ἄνευ
1067 1014 1252 1096 πυρὸς,
1274 1018 1457 1095 ἱερεῖον
1504 1014 1559 1074 δὲ
1596 1012 1780 1090 μηδὲν,
1813 1011 1884 1081 ὥς

322 1122 481 1181 φησιν
514 1100 885 1182 Ἀριστοτέλης
908 1105 960 1162 ἐν
987 1102 1193 1175 Δηλίων
1224 1101 1484 1183 πολιτεία.

404 1190 492 1247 cf.
536 1192 819 1267 Porphyr.
850 1195 937 1250 De
963 1193 1165 1248 abstin.
1195 1194 1284 1263 11,
1313 1188 1345 1248 5
1366 1203 1423 1247 et
1450 1209 1566 1267 2⁰3
1585 1189 1877 1246 Iamblieh.

320 1279 411 1333 De
437 1279 537 1339 vit.
562 1280 726 1353 Pyt-h.
757 1299 807 1339 c.
836 1277 910 1336 25
931 1291 987 1336 et
1016 1277 1119 1351 353
1144 1280 1344 1337 Cicero
1364 1279 1436 1335 de
1460 1281 1608 1352 Rep.
1640 1279 1749 1347 111,
1786 1294 1808 1332 1
1826 1296 1874 1348 13

322 1365 645 1422 Philostrat.
674 1363 789 1423 vit.
843 1368 1110 1440 Apollon.
1138 1368 1261 1422 init.
1310 1366 1392 1426 De
1425 1366 1588 1444 βωμῷ
1631 1362 1880 1444 κερατείῳ

318 1473 368 1512 s.
393 1451 642 1533 κερατίνῳ
662 1474 718 1510 v.
742 1456 1060 1513 Callimaeh.
1095 1457 1301 1528 Hymn.
1334 1456 1394 1509 in
1424 1454 1614 1528 Apoll.
1636 1451 1708 1508 62
1725 1470 1878 1527 sqq.‚

322 1541 606 1599 Plutarch.
638 1543 840 1598 Moral.
867 1561 922 1617 p.
949 1541 1084 1615 983,
1110 1544 1176 1611 E,
1206 1543 1311 1600 Vit.
1342 1541 1536 1597 Thesei
1565 1559 1615 1598 c.
1639 1558 1733 1596 αι.

927 1677 1265 1740 ΚΥΘΝΙΩΝ

1039 1803 1168 1874 167.

408 1938 825 2011 Harpocration
871 1955 886 1992 :
934 1934 1170 1993 Κύθνιοι.
1215 1930 1548 2008 Δημοσθένης
1575 1932 1630 1989 ἐν
1651 1933 1727 2009 τῷ
1758 1929 1879 2008 περὶ

322 2019 614 2089 συντάξεως
636 2023 709 2099 (§
734 2022 805 2089 34
828 2022 870 2097 ).
904 2019 1100 2087 Κύθνος
1122 2016 1219 2097 μία
1241 2022 1343 2078 τῶν
1376 2016 1663 2078 Κυκλάδων
1687 2016 1877 2089 νήσων,

316 2111 397 2175 ὡς
422 2104 776 2186 Ἀριστοτίλης
803 2108 856 2165 ἐν
885 2111 950 2187 τῇ
981 2106 1215 2167 Κυδνίων
1235 2107 1491 2189 πολιτείᾳ.

408 2196 626 2257 Zeuoh.
650 2201 747 2268 lv,
785 2196 904 2257 83:
936 2199 981 2256 Κ
1000 2196 1241 2255 υθνώλε
1260 2218 1311 2263 ις
1339 2191 1702 2275 συμφοραί·
1729 2197 1879 2252 τοῦτο

3413 416 3522 467 1³5

1971 537 2111 592 Teni
2135 538 2238 592 ins.
2261 577 2277 605 ,
2302 555 2371 592 ex
2409 536 2977 593 Pseudo-Aristotelis
3009 536 3340 612 Θαυμασίοις
3363 537 3522 595 ἀκού·

1972 643 2155 697 σμασι.
2181 626 2386 680 Noster
2402 625 2558 679 loeus
2587 642 2658 679 ex
2683 624 2883 679 eodem
2910 625 3042 680 loeo
3066 623 3292 682 fluxerit
3309 668 3324 695 ‚
3373 628 3528 683 unde

1970 710 2121 767 istud
2162 706 2450 786 θαυμάσιον
2484 710 2567 786 (c.
2604 710 2734 785 33).
2759 713 2870 783 Qui
2910 712 3036 768 sons
3081 732 3217 768 num
3255 712 3525 772 Πολιτεῖαι

1971 816 2045 853 an
2068 797 2223 854 aliud
2241 799 2557 856 Aristotelio
2576 816 2719 873 opus
2739 800 2906 855 fuerit
2918 839 2936 870 ‚
2962 801 3088 873 quis
3124 798 3524 858 affirmaverit?

2562 952 2918 1030 (Mummi.
2943 953 2963 1032 )

2658 1100 2763 1172 167
2793 1102 2855 1156 b.

2051 1238 2264 1293 Plinius
2284 1239 2360 1297 H.
2397 1239 2469 1296 N.
2501 1240 2593 1308 lv,
2621 1237 2693 1293 23
2725 1257 2740 1292 ε
2767 1240 2955 1296 Melos
2969 1279 2989 1307 ,
3015 1246 3182 1313 quam
3205 1242 3529 1295 Aristoteles

1970 1325 2309 1400 Zephyriam
2341 1323 2684 1402 (appellat).
2707 1328 2793 1382 De
2809 1326 2915 1383 hae
2943 1344 3172 1401 quoque
3192 1327 3368 1382 insula
3397 1326 3528 1383 vide

1971 1432 2097 1489 quae
2123 1415 2184 1469 in
2210 1414 2411 1473 Mirah.
2433 1415 2666 1474 Aristot.
2700 1432 2752 1472 e.
2796 1419 2870 1480 44
2895 1415 3181 1490 leg-untur.

2531 1546 2969 1627 [onmium]

2052 1689 2216 1747 Arist.
2242 1690 2360 1744 Pol.
2387 1690 2485 1759 IV,
2510 1688 2563 1760 3,
2592 1707 2649 1763 9.
2677 1689 2809 1771 Vid3
2840 1693 3008 1764 Resp.
3037 1693 3525 1766 Apolloniatarum

1971 1777 2039 1835 fr.
2071 1782 2135 1842 14
2152 1796 2172 1831 1
2185 1819 2199 1833 .

2572 1892 2920 1973 (Kamai)

2049 2022 2218 2096 Apud
2243 2004 2506 2077 Photiurh
2531 2021 2660 2080 eod.
2708 2023 2808 2080 161
2852 2026 3088 2098 Sopater
3110 2026 3423 2083 adhibuisse
3459 2026 3532 2083 ad

1971 2109 2474 2165 consarcinandum
2510 2109 2720 2165 librum
2766 2111 3044 2167 decimum
3071 2112 3278 2169 dicitur
3313 2116 3530 2170 Aristo-

1973 2196 2094 2251 telis
2112 2196 2536 2271 Rempublicam
2554 2195 2601 2253 K
2618 2193 2688 2252 ίω
2702 2219 2745 2253 ν.
2769 2198 3149 2256 Probabiliter
3170 2202 3530 2257 scribendum

327 2286 401 2351 εἷς
426 2282 712 2366 παροιμίαν
734 2274 861 2356 ἦλθε
892 2283 975 2342 διὰ
1001 2281 1067 2342 τὰ
1101 2280 1345 2349 Κυθνίοις
1374 2279 1673 2359 συμὸἄντα.
1728 2280 1879 2352 Φησὶ
1971 2295 2054 2340 est
2074 2281 2244 2342 Κείων
2276 2283 2392 2361 (ef.
2419 2285 2729 2341 Heraclidis
2759 2286 2830 2345 fr.
2859 2306 2889 2357 7
2911 2283 2958 2364 );
2995 2289 3101 2344 nisi
3137 2291 3363 2346 mavelis
3383 2290 3519 2348 Κια-

322 2371 430 2452 γὰρ
459 2368 813 2452 Ἀριστοτέλης
850 2369 986 2430 οὕτω
1012 2373 1190 2437 κακῶς
1226 2366 1409 2436 αὐτούς
1438 2370 1735 2439 διατεθῆναι
1781 2367 1882 2426 ὑπὸ

328 2458 730 2540 Ἀμφιτρύωνος,
760 2455 897 2517 ὥστε
916 2456 1010 2526 τὰς
1034 2457 1269 2537 μεγάλας
1300 2455 1568 2537 συμφορὰς
1590 2455 1884 2523 Κυθνώλεις

324 2547 626 2606 καλεῖσθαι.

411 2659 435 2687 σε
473 2637 587 2693 Pro
623 2636 849 2711 vulgato
884 2632 1173 2700 Κυθνώδεις
1212 2634 1300 2690 bis
1342 2633 1477 2690 dedi
1520 2630 1811 2698 Κυθνώλεις
1865 2653 1878 2688 :

326 2745 387 2783 v.
420 2725 658 2798 Hesyeh.
689 2744 748 2782 v.
785 2721 1080 2795 Κυδνώλης.
1112 2726 1183 2780 Et
1210 2725 1290 2779 sie
1315 2723 1677 2780 scribendum
1719 2723 1887 2778 docet

336 2812 628 2869 Helladius
640 2811 805 2871 Phot.
827 2813 973 2868 Bihl.
992 2831 1051 2887 p.
1076 2810 1220 2868 1588
1239 2810 1370 2890 (533
1390 2809 1885 2887 Bekk.)·Scnmt1·

334 2918 547 2958 otwnt.
578 2899 661 2958 Cf.
683 2900 877 2975 Steph.
918 2900 1024 2958 Th.
1054 2918 1111 2955 v,
1142 2894 1439 2970 Κυθνώλης.
1478 2899 1709 2956 Photius
1734 2899 1771 2956 l.
1799 2899 1839 2955 l.
1869 2914 1885 2957 t

330 2983 552 3065 Ἄργους
574 2982 675 3065 γὰρ
700 2977 763 3057 ἦν
785 2983 975 3066 χωρίον
995 3007 1047 3043 τι
1073 2984 1392 3062 καλούμενον
1417 2983 1655 3055 Κύθνιον,
1686 2976 1746 3044 οὗ
1772 2981 1889 3050 τοὺς

336 3073 527 3154 ἄνδρας
559 3071 687 3131 ποτὲ
727 3069 1053 3153 Ἀμφιτρύων
1081 3074 1252 3131 ἀνεῖλε
1278 3071 1476 3139 πάντας
1493 3114 1510 3144 ,
1536 3070 1672 3143 πλὴν
1701 3071 1889 3151 ὀλίγων

334 3159 496 3218 πάνυ.
544 3164 629 3218 De
676 3162 897 3237 Cythno
941 3163 1123 3219 insula
1166 3161 1240 3223 ef.
1273 3161 1476 3218 Strabo
1516 3163 1603 3231 X,
1641 3181 1702 3237 p.
1748 3160 1884 3233 4853

326 3249 531 3325 Steph.
561 3250 691 3324 Byz.
723 3267 766 3308 s,
790 3267 875 3321 v.;
905 3248 1183 3306 Herodot.
1214 3250 1344 3320 VII,
1375 3267 1481 3323 903
1518 3251 1680 3320 VIII,
1710 3249 1806 3320 67.

916 3377 935 3454 (
955 3375 1268 3437 tamon.
1288 3374 1308 3451 )

1023 3514 1127 3585 ¹67
1161 3533 1212 3569 a.

421 3636 632 3691 Plinius
667 3638 742 3694 H.
773 3636 844 3692 Ν.
876 3637 972 3705 IV,
1008 3653 1076 3690 αι
1120 3654 1134 3690 z
1175 3636 1417 3692 Tenos...
1463 3654 1630 3708 quam
1664 3649 1896 3712 propter

334 3741 613 3798 aquarum
651 3723 1056 3778 abundantiam
1084 3723 1405 3778 Aristoteles
1420 3722 1760 3790 Hydrussam
1789 3744 1891 3798 ap.

334 3811 612 3886 pellatam
638 3816 733 3880 ait,
767 3811 949 3884 aliqui
974 3808 1327 3884 Ophiussam.
1353 3810 1497 3864 Rem
1517 3820 1709 3865 narrat
1727 3812 1892 3865 etiam

338 3900 536 3973 Steph.
566 3900 692 3971 Byz.
720 3917 775 3955 v.
804 3897 993 3967 Τῆνος,
1019 3896 1317 3969 subjiciens
1328 3896 1584 3953 mirabile
1603 3897 1893 3970 quoddam

1055 4068 1174 4121 166.

406 4166 723 4230 Pythagoram
735 4165 928 4217 aiuntin
950 4167 1067 4218 Delo
1084 4167 1234 4217 solam
1251 4166 1481 4230 Apollinis
1493 4165 1720 4229 genitoris
1737 4179 1891 4226 aram,

344 4255 458 4306 qum
474 4256 598 4306 pone
613 4255 749 4292 aram
772 4244 1043 4294 ceratinam
1066 4244 1360 4307 (corneam)
1380 4244 1479 4307 est,
1509 4242 1748 4303 adorasse,
1767 4243 1893 4306 quod

346 4321 642 4371 tnunentum
661 4321 713 4370 et
735 4319 968 4371 hordeum
991 4323 1042 4372 et
1072 4321 1316 4384 placentas
1355 4320 1482 4370 solas
1501 4320 1569 4369 illi
1594 4319 1777 4383 absque
1808 4333 1899 4371 usu

346 4396 467 4458 ignis
500 4397 743 4460 imponere
767 4397 982 4462 soleant,
1006 4401 1219 4449 ceterum
1254 4398 1414 4449 nullas
1430 4397 1677 4459 victimas,
1702 4399 1756 4447 ut
1792 4397 1899 4448 Ari-

336 4473 541 4524 stoteles
562 4473 613 4524 in
636 4473 881 4524 Delion-nm
907 4487 1007 4538 rep.
1028 4478 1249 4526 testatur.

855 4561 1366 4623 CYTHNlORUM
1375 4608 1389 4622 .

1075 4669 1192 4721 167.

414 4768 659 4831 cytinus,
682 4782 779 4819 nna
805 4783 868 4820 ex
891 4768 1177 4833 Cycladibus
1212 4769 1405 4830 insulis,
1435 4770 1493 4818 ut
1526 4769 1800 4820 Aristoteles
1828 4768 1895 4817 alt

352 4845 400 4894 in
420 4845 736 4908 cythniorum
753 4859 854 4909 rep.

418 4923 671 4980 Κυθνώλεις
688 4922 937 4988 συμφοραί.
975 4925 1077 4973 Hoe
1092 4922 1140 4971 in
1156 4922 1461 4985 proverbium
1481 4922 1601 4973 abiit
1626 4924 1821 4987 propter
1840 4936 1898 4973 ea

359 5012 470 5061 quae
478 4999 693 5062 cytlmiis
704 5000 997 5051 aeciderunt.
1014 4999 1141 5051 Dicit
1149 5000 1278 5050 enim
1287 4998 1562 5049 Aristoteles
1574 5003 1675 5050 tam
1685 5000 1809 5051 male
1820 5012 1903 5051 eos

360 5077 589 5126 tractatos
612 5076 677 5126 ab
695 5077 1036 5141 Amphitryone
1061 5090 1163 5127 esse
1177 5113 1190 5138 ,
1213 5077 1268 5125 ut
1304 5089 1487 5139 magnae
1501 5077 1794 5129 calamitates
1814 5094 1901 5127 κυ·

352 5153 540 5209 θνώλεις
564 5153 583 5214 (
595 5156 746 5218 quasi
773 5153 1029 5218 cythnioe)
1046 5158 1348 5205 vocarentur.

1971 2372 2073 2428 νῶν
2107 2370 2179 2449 (v.
2210 2370 2277 2431 fr.
2316 2369 2483 2448 187).

2594 2500 2908 2562 ΝΑΞΙΩΝ.

2696 2647 2717 2682 1
2730 2627 2823 2683 68.

2056 2766 2353 2823 Athenaeus
2371 2768 2526 2837 VIII,
2538 2786 2599 2841 p.
2618 2766 2754 2837 348,
2779 2770 2849 2844 A,
2861 2780 3158 2843 postquam
3173 2787 3239 2826 ex
3259 2770 3531 2826 Clearcho

1977 2862 2034 2908 et
2057 2853 2444 2929 Theophrasto
2473 2855 2735 2910 attulerat
2762 2855 3131 2928 proverbium
3160 2853 3347 2920 Οὐδεὶς
3374 2853 3531 2920 κακὸς

1979 2931 2143 3014 μέγας
2155 2934 2301 3015 ἰχθύς
2322 2939 2412 2997 vel
2434 2936 2615 3016 Μέγας
2629 2937 2791 3006 obesi<
2811 2939 3007 3021 σαπρὸς
3029 2938 3193 3019 ἰχθύς,
3213 2944 3399 3018 pergit
3419 2944 3492 2998 ita
3514 2964 3526 2998 :

1983 3023 2347 3103 Ἀριστοτέλης
2394 3026 2449 3083 ἰν
2474 3030 2540 3107 τῇ
2571 3025 2781 3095 Ναξίων
2821 3028 3071 3105 Πολιτείᾳ
3114 3028 3234 3109 περὶ
3284 3032 3377 3100 τῆς
3429 3052 3535 3088 πα·

1981 3110 2185 3190 ροιμίας
2212 3110 2347 3172 οὕτω
2373 3114 2579 3195 γράφει·
2627 3141 2652 3170 ι
2698 3118 2822 3176 Τῶν
2870 3116 3016 3196 παρὰ
3049 3114 3261 3185 Ναξίοις
3303 3117 3534 3198 εὐπόρων

1980 3201 2029 3257 οἱ
2054 3198 2149 3276 μὲν
2176 3198 2361 3258 πολλοὶ
2383 3199 2442 3259 τὸ
2479 3200 2606 3261 ἄστυ
2636 3200 2828 3280 ἔκουν,
2857 3206 2904 3261 οἱ
2933 3202 2988 3262 δὲ
3017 3203 3166 3262 ἄλλοι
3207 3203 3527 3283 διεσπαρμέ-

1982 3310 2060 3346 νοι
2080 3284 2218 3345 κατὰ
2254 3284 2460 3364 κώμας.
2490 3288 2582 3350 Ἐν
2614 3227 2702 3349 osv
2727 3288 2791 3362 δή
2815 3314 2915 3350 τινι
2938 3294 3042 3350 τῶν
3069 3294 3284 3370 κωμῶν,
3309 3280 3348 3372 ᾗ
3368 3292 3535 3369 ὄνομα

1981 3364 2047 3444 ἧν
2077 3372 2356 3443 Δηστοίδαι
2369 3419 2388 3453 ,
2407 3376 2804 3455 Τελεσταγόρας
2824 3375 2977 3457 ᾤκει,
2993 3374 3239 3446 πλούσιός
3254 3399 3310 3435 τε
3335 3377 3533 3457 σφόδρα

1984 3459 2075 3519 καὶ
2096 3462 2382 3539 εὐδοκιμῶν
2403 3462 2492 3521 καὶ
2507 3461 2797 3540 τιμώμενος
2819 3462 2965 3545 παρὰ
2987 3467 3063 3544 τῷ
3085 3463 3238 3543 δήμῳ
3252 3471 3359 3529 τοῖς
3372 3466 3418 3521 τ’
3437 3464 3533 3522 ἄλ·

1983 3550 2092 3614 λοις
2114 3547 2281 3606 ἅπασι
2313 3547 2402 3607 καὶ
2426 3558 2531 3616 τοῖς
2550 3554 2667 3609 καθ’
2691 3551 2892 3630 ἡμέραν
2922 3551 3294 3628 πεμπομένοις.
3320 3550 3428 3611 Καὶ
3448 3550 3534 3610 ὅτε

1985 3633 2309 3702 καταὸάντες
2325 3638 2383 3695 ἐκ
2401 3640 2492 3708 τῆς
2514 3636 2713 3704 πόλεως
2740 3638 3048 3698 δυσωνοῖντό
3062 3661 3114 3698 τι
3132 3641 3234 3697 τῶν
3255 3637 3537 3715 πωλουμέ-

1985 3747 2110 3800 νων,
2136 3721 2245 3791 ἔθος
2269 3716 2335 3796 ἦν
2357 3724 2462 3791 τοῖς
2490 3727 2723 3790 πωλοῦσι
2741 3725 2926 3805 λέγειν,
2954 3724 3034 3785 ὅτι
3064 3728 3262 3804 μᾶλλον
3292 3724 3355 3784 ἂν
3378 3725 3539 3806 προέ-

1987 3811 2155 3869 λοιντο
2206 3809 2577 3894 ’Τελεσταγόρᾳ
2624 3813 2826 3886 δοῦναι,
2867 3810 2902 3883 ἢ
2943 3812 3188 3873 τοσούτου
3235 3812 3537 3873 ἄναδόσθαι.

1990 3898 2272 3957 Νεανίσκοι
2305 3889 2393 3957 οὖν
2420 3921 2552 3966 τινες
2579 3898 2858 3977 ὠνούμενοι
2892 3899 3058 3979 μέγαν
3101 3899 3269 3981 ἰχθὺν,
3307 3900 3539 3968 εἰπόντος

2555 4070 2982 4130 ΝΑΧῙΟΒΟΜ.

2707 4196 2821 4246 168.

2050 4300 2383 4351 Aristoteleain
2402 4300 2664 4352 Naxiomm
2679 4305 2812 4363 Rep.,
2827 4299 2909 4351 ubi
2926 4301 3165 4364 proverbii
3181 4301 3369 4352 Nullus
3383 4304 3540 4364 piscis

1990 4392 2210 4442 maenus
2225 4383 2303 4430 esc
2313 4381 2483 4430 malus
2499 4380 2743 4442 meminit,
2754 4380 2862 4429 boee
2874 4380 3038 4430 scribit
3049 4393 3103 4428 «ε
3129 4384 3305 4430 Eorum
3316 4379 3401 4443 qui
3412 4379 3541 4443 apud

1987 4458 2166 4509 Naxiae
2186 4457 2323 4520 eopia
2341 4457 2410 4508 rei
2437 4457 2679 4508 tumularis
2707 4456 3041 4518 abundabant,
3066 4457 3147 4507 alii
3173 4457 3455 4507 habitabant
3490 4459 3540 4507 in

1988 4534 2125 4597 urbe,
2149 4534 2230 4585 alii
2248 4547 2332 4598 per
2350 4535 2483 4586 vicos
2510 4534 2710 4598 sparsim
2726 4534 2874 4584 vitam
2891 4534 3108 4598 agebant.
3126 4536 3182 4584 ln
3204 4546 3303 4583 nno
3321 4533 3465 4597 igitur
3481 4548 3545 4584 ex

1987 4611 2133 4674 vieiS,
2157 4611 2236 4662 eui
2255 4611 2468 4663 Lestadoe
2485 4625 2681 4675 nomen,
2705 4611 2951 4662 habitabat
2970 4612 3315 4674 Telestagoras‚
3332 4611 3407 4660 vir
3421 4624 3539 4675 prae·

1986 4688 2122 4739 dives
2145 4692 2194 4739 et
2206 4689 2403 4752 optimae
2420 4689 2548 4753 apud
2565 4703 2733 4740 omnes
2751 4689 2922 4750 famam
2944 4700 3091 4751 quem
3107 4687 3372 4739 honorabat
3390 4701 3544 4752 popu-

1987 4766 2064 4816 lus
2085 4778 2238 4828 quum
2258 4765 2363 4817 aliia
2383 4766 2607 4816 omnibus
2624 4766 2785 4828 rebus,
2813 4767 2919 4815 tum
2938 4765 3094 4816 mimia
3109 4764 3322 4828 quotidie
3339 4766 3545 4816 muneri·

1986 4842 2096 4892 bus.
2123 4844 2183 4892 Et
2198 4842 2238 4892 εἰ
2257 4842 2453 4905 quando
2470 4842 2710 4907 oppidani,
2729 4842 2779 4892 in
2793 4843 2922 4893 vicos
2942 4841 3166 4906 degressi,
3186 4855 3347 4893 einen-e
3358 4843 3544 4906 aliquid

1987 4932 2149 4969 rerum
2163 4919 2404 4969 venalium
2421 4920 2622 4982 vellent,
2640 4919 2723 4971 sed
2743 4918 2942 4970 minoris
2966 4919 3264 4970 liettarentur
3280 4932 3426 4983 quam
3459 4934 3545 4983 par

1987 4998 2112 5047 esset
2124 5030 2141 5057 ‚
2159 4995 2378 5047 solebant
2395 4996 2665 5048 venditores
2684 4995 2985 5061 respondere,
3004 4996 3148 5048 malle
3162 5009 3215 5048 se
3230 4997 3545 5059 Telestagoroe

1987 5074 2105 5125 dare
2120 5087 2268 5139 quam
2277 5087 2335 5125 eo
2348 5075 2504 5138 pretio
2515 5074 2752 5126 addicere.
2775 5073 3044 5139 Aliquando
3061 5074 3205 5136 igitur
3216 5074 3414 5137 invenes
3422 5085 3544 5122 non·

1988 5153 2108 5203 nulli
2118 5166 2341 5216 magnum
2360 5152 2537 5217 piscem
2550 5156 2835 5214 mercantes,
2851 5165 3004 5217 quum
3017 5151 3142 5202 idem
3155 5150 3272 5200 illud
3284 5149 3548 5215 respondis·
