4016 5916
1617 346 2117 408 FRAGMENTA.

221 491 474 536 runtur
502 498 624 552 quae
662 496 731 534 ex
767 480 887 551 ipso
925 481 1275 550 Hieronymo
1308 477 1405 552 (fr.
1455 498 1476 533 1
1505 479 1588 554 α.)
1617 480 1690 535 ab
1717 485 1824 554 Ap·

223 569 440 641 piano
469 578 526 622 et
561 563 816 622 Luciano
858 567 995 621 locis
1020 583 1187 640 supra
1227 564 1464 621 laudatis
1505 566 1828 622 referuntur

233 653 257 729 (
282 654 459 709 adde
482 653 726 710 Diodor.
746 654 972 722 XVIII,
1003 652 1034 707 3
1063 672 1076 706 ε
1109 649 1560 713 Καππαδοκίαν...
1594 650 1825 720 Ἀλέξαν-

235 741 382 817 δρος
414 741 515 798 οὐκ
543 740 762 809 ἐπῆλθεν
786 737 1094 806 ἐκκλεισθεὶς
1116 737 1217 796 ὑπὸ
1238 741 1340 796 τῶν
1363 741 1580 819 καιρῶν,
1606 737 1691 798 ὅτε
1724 739 1826 798 διε-

231 826 491 901 πολέμει
514 823 639 904 πρὸς
666 822 914 904 Δαρεῖον)
946 844 1012 881 ex
1042 825 1243 882 eodem
1276 829 1465 905 omnia
1493 830 1656 884 etiam
1678 829 1830 902 apud

3353 375 3463 423 ⁴57

1925 483 2138 555 tipatro
2162 492 2218 537 et
2239 483 2471 540 Cratero
2509 485 2580 540 de
2613 488 2874 543 Eumenis
2901 492 3179 561 exercitu,
3212 512 3335 566 quae
3374 499 3453 552 Eu

1917 585 2107 623 menes
2134 569 2397 639 instituit,
2443 580 2507 623 ut
2540 573 2728 645 copias
2766 591 2887 628 suas
2922 575 3133 634 Crateri
3175 579 3470 638 adventum

1919 652 2129 710 celaret
2152 653 2325 728 (Plut.
2378 657 2542 710 Eum.
2576 656 2641 726 63
2682 658 2923 716 Diodor.
2953 662 3171 733 XVIII,
3208 666 3345 741 29),
3378 668 3479 724 de-

1919 741 2093 813 nique
2117 740 2188 796 de
2216 753 2398 797 morte
2416 743 2628 799 Crateri
2645 763 2769 817 quae
2785 746 2936 819 apud
2956 748 3277 806 Diodorum
3293 756 3476 824 XVII,

1922 826 2018 897 30,
2053 826 2124 885 cf.
2165 827 2391 886 Cornel.
2424 832 2582 888 Eum.
2617 850 2668 888 c.
2696 839 2752 896 4.

229 914 590 970 Diodorum
620 923 871 987 repetere
889 931 1007 968 non
1029 915 1264 988 amplius
1280 914 1577 974 dubitabis,

349 1027 378 1052 α
415 1005 553 1059 Haec
575 1011 758 1057 autem
788 1019 898 1074 qua
922 999 1036 1057 fide
1071 1002 1398 1058 tribuuntur
1444 1006 1825 1076 Hieronymo,

240 1091 466 1146 eadem
503 1088 831 1164 abroganda
863 1090 915 1144 ei
942 1089 1228 1158 videntur,
1259 1109 1383 1163 quae
1407 1091 1668 1165 leguntur
1681 1091 1829 1165 apud

241 1182 276 1233 J
285 1179 549 1232 ustinum
574 1178 745 1244 XIII,
781 1176 817 1231 6
850 1194 865 1231 ι
917 1179 1146 1232 Interea
1174 1178 1475 1232 Perdiccas
1513 1190 1624 1234 etc.
1654 1197 1830 1250 usque

243 1266 328 1321 ad
356 1265 682 1338 spectacula
704 1260 1049 1333 fruerentur.
1081 1266 1308 1321 Tradita
1343 1266 1463 1321 haec
1493 1265 1563 1321 ab
1588 1284 1658 1322 eo
1694 1268 1830 1321 scri-

243 1363 434 1426 ptore
463 1351 745 1419 videntur,
780 1353 878 1424 qui
917 1352 1201 1408 Perdiccae
1227 1352 1478 1407 infestior
1499 1363 1663 1422 esset,
1707 1355 1833 1408 ani-

245 1440 485 1512 misque
544 1440 800 1512 inprimis
857 1439 1285 1494 commovendis
1337 1437 1614 1505 studeret,
1664 1458 1831 1512 quam

247 1527 567 1601 Phylarchi
606 1526 773 1582 fuisse
808 1528 1085 1582 rationem
1113 1544 1145 1581 e
1176 1527 1414 1600 Polybio
1446 1537 1679 1584 constat.
1722 1528 1830 1581 Ea·

249 1616 396 1671 dem
417 1615 790 1689 discrepantia
824 1616 885 1669 in
920 1616 985 1670 iis
1027 1616 1326 1688 reperitur,
1354 1631 1477 1687 quae
1513 1613 1586 1669 de
1609 1615 1832 1683 Nicaeae,

253 1702 552 1775 Antipatri
577 1699 705 1756 filiae
725 1743 741 1770 ,
773 1711 827 1756 et
856 1701 1194 1775 Cleopatrae,
1237 1700 1547 1757 Alexandri
1590 1703 1830 1770 sororis,

255 1809 288 1844 a
342 1789 614 1844 Perdicca
659 1789 846 1862 petitis
895 1788 1106 1862 nuptiis
1150 1788 1221 1843 ab
1266 1798 1513 1860 utroque
1563 1789 1835 1862 scriptore

259 1879 276 1950 (
296 1878 509 1934 Justin.
537 1877 714 1946 XIII,
740 1877 811 1946 63
840 1875 1086 1931 Diodor.
1115 1877 1329 1950 XVIII,
1363 1875 1464 1946 23)
1495 1876 1830 1936 reseruntur.

257 1964 452 2019 Verba
472 1964 621 2020 enim
642 1965 674 2018 J
677 1963 843 2018 ustini
867 1982 881 2018 ι
913 1959 1086 2034 Quem
1106 1963 1291 2017 dolum
1302 1969 1697 2036 praesentiente
1712 1967 1836 2019 An-

263 2056 473 2125 tipatro
486 2092 506 2118 ,
533 2051 662 2105 dum
682 2052 823 2104 duas
852 2052 1042 2106 eodem
1086 2061 1326 2125 tempore
1360 2067 1559 2106 uxores
1595 2056 1822 2124 quoerit,

262 2152 519 2194 neutram
538 2135 782 2207 obtinuit,
805 2136 965 2192 nullo
981 2136 1156 2192 modo
1176 2138 1518 2193 conveniunt
1530 2157 1560 2192 a
1575 2138 1833 2195 Diodoro

266 2227 487 2283 traditis
503 2269 519 2297 ,
551 2246 584 2283 a
627 2243 743 2301 quo
765 2244 886 2299 qnae
903 2236 1223 2296 narrantur,
1248 2223 1344 2280 hic
1369 2243 1597 2298 quoque
1623 2226 1684 2279 in
1709 2244 1832 2300 gra-

266 2318 400 2371 tiam
451 2317 624 2390 magis
650 2314 927 2370 Perdiccae
957 2312 1107 2368 dicta
1143 2323 1299 2382 sunt,
1330 2330 1398 2367 eo
1419 2315 1584 2369 etiam
1622 2316 1833 2369 Hiero-

265 2405 423 2477 nymi
460 2404 738 2458 rationem
768 2400 1090 2470 referentia,
1122 2400 1281 2474 quod
1323 2419 1419 2456 sua
1453 2402 1616 2456 simul
1665 2402 1832 2457 Anti-

268 2509 424 2565 gono
466 2490 583 2546 laus
627 2489 894 2545 tribuitur
937 2482 1032 2562 (Ὅ
1062 2485 1115 2543 δὲ
1175 2483 1454 2561 Ἀντίγονος
1500 2485 1697 2544 συνέσει
1742 2486 1833 2544 καὶ

272 2576 444 2653 τόλμῃ
476 2574 728 2655 διαφέρων
749 2574 862 2633 κτλ.
884 2595 935 2633 c.
964 2572 1092 2653 23).

357 2689 382 2715 «ι
409 2667 649 2722 Multum
675 2683 805 2721 sane
831 2665 949 2719 haec
987 2664 1218 2737 quaestio
1247 2662 1556 2735 juvaretur,
1598 2664 1643 2720 si
1669 2664 1833 2738 plura

271 2752 543 2826 ejusmodi
563 2752 872 2828 fragmenta
886 2761 1183 2821 exstarent,
1202 2768 1233 2806 e
1248 2751 1452 2824 quibus
1466 2749 1831 2824 Hieronymo,

273 2859 394 2914 quae
412 2850 506 2896 aut
531 2839 817 2897 Diodorus
843 2850 939 2895 aut
956 2839 1285 2895 Plutarchus
1300 2848 1397 2893 aut
1408 2839 1502 2893 alii
1517 2855 1587 2893 ex
1605 2855 1674 2893 eo
1691 2839 1831 2893 hau·

271 2941 484 2998 serunt,
504 2928 792 2986 vindicare
815 2929 1030 2986 liceret.
1081 2928 1210 2983 Hoc
1238 2936 1424 2982 autem
1456 2926 1501 2981 si
1542 2942 1672 2982 usos
1706 2927 1833 2981 illos

273 3032 382 3072 esse
409 3026 652 3085 constat,
691 3014 756 3072 id
791 3032 1019 3090 quoque
1044 3014 1208 3070 statui
1236 3012 1454 3081 licebit,
1483 3012 1830 3086 Hieronymo

273 3121 368 3161 eos
378 3123 493 3178 prae
518 3105 716 3160 ceteris
740 3121 871 3159 usos
898 3120 1040 3171 esse,
1075 3100 1304 3174 ejusque
1335 3100 1451 3155 sere
1471 3102 1698 3174 agnosci
1728 3119 1832 3156 ve-

273 3190 425 3264 stigia
442 3232 458 3259 ‚
515 3191 616 3246 ubi
681 3190 854 3245 verba
911 3207 1110 3244 eorum
1161 3189 1310 3242 inter
1370 3205 1428 3242 se
1486 3189 1826 3262 conspirant.

274 3275 557 3349 Ejusmodi
582 3277 740 3332 locus
757 3277 827 3332 de
861 3276 1162 3331 certamine
1205 3272 1475 3349 singulari
1509 3286 1591 3332 est
1624 3277 1827 3331 Eume-

275 3366 358 3418 nis
401 3374 454 3418 et
473 3363 832 3437 Neoptolemi
862 3361 1012 3435 apud
1047 3361 1367 3417 Diodorum
1399 3363 1625 3431 XVIII,
1660 3362 1725 3417 31
1777 3374 1833 3419 et

277 3452 554 3507 Plutarch.
599 3453 764 3506 Eum.
792 3468 847 3521 7.

354 3561 378 3586 a
391 3538 720 3594 Plutarchus
738 3539 887 3592 enim
905 3554 919 3594 :
936 3532 1049 3602 Τὰς
1066 3533 1211 3605 ἡνίας
1233 3533 1442 3614 ἀφέντες
1460 3533 1700 3605 ἀλλήλων
1722 3536 1833 3593 ἐπε.

279 3621 521 3703 δράξαντο
540 3631 653 3690 ταῖς
674 3620 843 3701 χερσί.
871 3624 1158 3681 Diodorus
1185 3642 1200 3680 t
1230 3625 1365 3688 Ταῖς
1389 3622 1681 3702 ἀριστεραῖς
1706 3645 1831 3703 χερ-

280 3710 355 3768 σὶν
382 3709 594 3791 ἀφέντες
607 3708 699 3776 τὰς
719 3708 869 3781 ἡνίας
884 3709 1124 3779 ἀλλήλων
1144 3708 1442 3790 ἐδράξαντο.
1461 3714 1791 3768 Plutarchus
1812 3732 1827 3768 ι

279 3786 405 3858 Εἶτα
433 3803 460 3857 ὁ
479 3796 574 3874 μὲν
598 3794 840 3873 Εὖμίνης
870 3802 960 3855 τοῦ
985 3796 1356 3873 Νεοπτολέμου
1376 3794 1831 3876 προεξανισταμέ-

281 3910 363 3947 νου
395 3884 485 3955 τὴν
508 3882 687 3962 ἰγνύαν
711 3883 963 3965 ὖπέκοψεν
989 3883 1140 3949 αὑτὸς
1159 3885 1231 3950 εἰς
1257 3882 1405 3962 ὀρθὸν
1439 3882 1639 3959 φθάσας
1664 3905 1829 3942 κατα·

283 3978 470 4045 στ’ἧναι.
499 3972 788 4032 Diodorus
820 3993 835 4028 t
861 3970 931 4031 ‘0
959 3968 1053 4048 μὲν
1086 3969 1323 4047 Εὐμένης
1361 3967 1552 4049 ἔφθασε
1582 3968 1831 4049 πρότερον

284 4058 579 4133 διαναστὰς,
610 4063 702 4117 τοῦ
731 4058 1106 4136 Νεοπτολέμου
1150 4054 1292 4136 ἰγνὺν
1325 4056 1580 4125 πατάξας.
1611 4061 1833 4116 Plutar-

286 4152 409 4207 chus
433 4167 448 4209 :
479 4147 712 4224 Πληγεὶς
737 4146 790 4205 δὲ
817 4146 963 4228 παρὰ
990 4146 1078 4205 τὸν
1117 4144 1382 4226 τράχηλον
1424 4146 1574 4202 ἔπεσε
1609 4146 1699 4203 καὶ
1725 4169 1827 4202 mz-

289 4235 434 4317 ρείθη.
459 4236 748 4293 Diodorus
769 4255 784 4292 ε
806 4233 872 4293 Ὁ
890 4232 1130 4311 Esuba:
1154 4230 1395 4310 δευτέραν
1414 4229 1619 4308 πληγὴν
1639 4232 1726 4289 ἐπὶ
1744 4232 1830 4291 τὸν

286 4321 527 4402 τράχηλον
548 4317 824 4398 ἐπενέγκας
845 4320 1115 4380 ἀπέκτεινε
1143 4318 1229 4377 τὸν
1249 4317 1633 4395 Νεοπτόλεμον.
1654 4323 1722 4376 In
1748 4322 1835 4377 his

289 4422 454 4467 autem
482 4413 946 4487 quiQHieronymi
971 4409 1124 4485 apud
1162 4419 1468 4481 utrumque
1500 4410 1830 4482 scriptorem

286 4516 401 4553 usus
425 4511 534 4568 est,
579 4504 635 4557 in
673 4501 738 4554 iis
763 4501 929 4554 etiam
970 4516 1083 4553 esse
1121 4495 1367 4565 ridetur,
1411 4513 1536 4568 quae
1571 4495 1643 4551 de
1679 4495 1831 4551 bello

287 4586 384 4640 hoc
402 4584 658 4645 Eumenis
680 4588 872 4664 paullo
897 4597 1027 4642 ante
1055 4596 1379 4642 narrantur.
1407 4586 1491 4641 De
1514 4603 1629 4658 quo
1657 4603 1833 4658 quum

287 4672 550 4729 Plutarchi
585 4686 752 4747 atque
777 4674 1013 4746 Nepotis
1032 4671 1233 4745 passim
1267 4672 1553 4744 copiosior
1583 4673 1832 4727 narratio

288 4761 372 4829 sit,
389 4759 444 4815 hi
464 4778 695 4835 quoque
716 4760 937 4834 plenius
957 4777 1368 4831 nonnunquam
1388 4757 1602 4814 referre
1618 4760 1833 4814 Hiero-

289 4865 497 4919 nymum
521 4849 803 4905 videntur.
830 4848 957 4919 Quo
975 4848 1263 4920 pertinent
1290 4864 1413 4918 quse
1447 4844 1519 4901 de
1543 4845 1832 4901 conditio-

289 4935 434 4991 nibus
455 4935 527 4990 ab
567 4938 867 5009 Antipatro
895 4933 1205 5008 propositis
1227 4933 1466 4988 Eumeni
1506 4932 1833 5006 produntur

293 5039 320 5076 a
347 5023 634 5078 Plutarcho
672 5043 724 5080 c.
758 5022 823 5090 5,
869 5018 941 5076 de
986 5018 1191 5092 quibus
1217 5019 1370 5094 apud
1402 5020 1721 5076 Diodorum
1761 5039 1832 5077 ne

293 5109 506 5164 verbum
531 5110 758 5183 quidem
775 5150 790 5178 ,
819 5127 942 5183 quae
965 5106 1264 5181 praetendit
1283 5109 1686 5182 Neoptolemus
1718 5112 1828 5162 An-

1999 938 2024 966 «
2036 915 2360 989 Comparari
2379 935 2557 991 porro
2575 937 2760 993 operae
2772 925 3014 996 pretium
3031 935 3110 980 est
3124 928 3482 983 Plutarchum

1920 1020 1968 1058 c.
1994 1002 2029 1057 8
2054 1016 2110 1058 et
2128 1003 2452 1059 Diodorum
2470 1006 2659 1061 XVIII
2680 1006 2801 1079 ,37.
2827 1009 2929 1064 Ille
2949 1011 3097 1066 enim
3123 1032 3138 1067 z
3163 1008 3301 1069 Ἀλλ’
3326 1014 3369 1069 εἰ
3391 1011 3485 1084 μὲν

1919 1085 2047 1166 ἔφθη
2101 1087 2396 1167 Περδίκκας
2444 1088 2729 1167 πυθόμενος
2757 1090 2851 1163 τὴν
2900 1094 3171 1177 Κρατέρου
3217 1099 3483 1172 τελευτὴν,

1923 1176 2017 1233 οὐκ
2041 1173 2102 1232 ἂν
2141 1176 2295 1242 ἄλλος
2323 1176 2613 1256 ἐπρώτευσε
2644 1180 2988 1240 Μακεδόνων·
3016 1189 3103 1241 νῦν
3132 1185 3180 1243 δ’
3220 1187 3483 1267 ἀνηρημὲ-

1920 1284 2006 1324 νου
2036 1261 2327 1342 Περδίκκου
2350 1262 2485 1322 κατὰ
2517 1264 2696 1323 στάσιν
2726 1268 2778 1325 ἕν
2802 1267 3056 1351 Αἰγύπτῳ
3090 1271 3234 1330 δυσὶν
3267 1252 3487 1353 ἧμέραις

1920 1349 2170 1429 πρότερον
2200 1342 2325 1420 ἧκεν
2371 1342 2516 1420 οὗτος
2543 1356 2570 1411 ὁ
2610 1353 2730 1434 περὶ
2774 1358 2866 1424 τῆς
2906 1356 3082 1437 μα’χης
3122 1359 3272 1436 λόγος
3306 1363 3376 1429 εἰς
3421 1362 3480 1419 τὸ

1924 1428 2290 1506 στρατόπεδον,
2332 1428 2422 1486 καὶ
2446 1429 2572 1511 πρὸς
2598 1432 2755 1511 ὀργὴν
2784 1432 2929 1502 εὐθὺς
2957 1440 3004 1494 οἱ
3047 1439 3345 1506 Μακεδόνες
3381 1441 3485 1498 θά-

1925 1545 2079 1581 νατον
2102 1528 2191 1581 τοῦ
2243 1524 2503 1601 Εὐμένους
2529 1525 2883 1604 κατέγνωσαν.
2921 1533 3030 1591 Hic
3063 1553 3077 1589 ε
3106 1515 3275 1592 Μετὰ.
3290 1533 3344 1593 δὲ
3385 1535 3478 1605 τὴν

1925 1609 2109 1669 τούτου
2144 1610 2387 1682 τελευτὴν
2409 1611 2551 1681 εὐθὺς
2598 1605 2724 1685 ἧκόν
2769 1639 2902 1684 τινες
2932 1618 3371 1697 ἀπαγγέλλοντες,
3405 1621 3486 1680 ὅτι

1924 1696 2265 1778 παρατάξεως
2317 1701 2593 1777 γενομένης
2641 1702 2759 1783 περὶ
2818 1707 3205 1766 Καππαδοκίαν
3251 1709 3486 1785 Εὐμένης

1922 1785 2184 1859 νενίκηκε,
2234 1785 2499 1868 Κράτερος
2550 1786 2605 1846 δὲ
2655 1788 2746 1846 καὶ
2780 1790 3141 1870 Νεοπτόλεμος
3179 1794 3484 1868 ἡττηθέντες

1925 1872 2226 1951 ἀνῄρηνται.
2254 1875 2422 1933 Τοῦτο
2449 1874 2494 1931 δ’
2518 1876 2564 1933 εἰ
2594 1876 2709 1934 δυσὶ
2747 1875 2993 1958 πρότερον
3018 1879 3239 1959 ἡμέραις
3283 1879 3484 1958 ἐγένετο

1927 1963 2020 2030 τῆς
2051 1959 2340 2040 Περδίκκου
2366 1961 2638 2034 τελευτῆς,
2675 1962 2837 2029 οὐδεὶς
2866 1961 2926 2021 ἂν
2957 1965 3212 2043 ἐτόλμησε
3255 1966 3346 2034 τὰς
3369 1971 3483 2047 χεῖ·

1925 2070 2018 2127 ρας
2051 2047 2313 2127 Περδίκκα
2345 2053 2704 2127 προσενεγκεῖν
2733 2050 2818 2108 διὰ
2841 2050 2901 2110 τὸ
2930 2050 3142 2132 μέγεθος
3178 2058 3267 2126 τῆς
3294 2057 3484 2131 εὐημε-

1926 2135 2065 2215 ρίας·
2095 2139 2144 2195 οἱ
2172 2136 2215 2194 δ’
2243 2107 2332 2195 σόν
2362 2137 2659 2206 Μακεδόνες
2684 2138 2962 2215 πυθόμενοι
2998 2139 3064 2197 τὰ
3097 2141 3216 2221 περὶ
3248 2141 3335 2199 τὸν
3374 2144 3481 2203 Εὖ-

1924 2223 2081 2301 μένη,
2109 2222 2446 2303 κατέγνωσαν
2475 2227 2631 2284 αὐτοῦ
2654 2225 2892 2287 θάνατον.
2924 2232 3056 2287 Haec
3083 2232 3254 2306 igitur
3270 2233 3367 2287 ubi
3395 2234 3480 2287 in-

1923 2325 2011 2370 ter
2052 2332 2109 2371 se
2154 2326 2572 2388 comparantur,
2601 2326 2667 2371 ut
2710 2334 2778 2373 ex
2824 2317 3030 2373 eodem
3070 2319 3254 2390 sonte,
3290 2322 3365 2375 ita
3415 2339 3482 2376 ex

1923 2404 2271 2477 Hieronymo
2293 2400 2513 2459 fluxisse
2529 2403 2799 2461 credibile
2820 2414 2917 2464 est.

2001 2514 2027 2541 ι
2045 2492 2181 2563 Quae
2206 2491 2554 2547 machinatus
2577 2499 2659 2545 est
2683 2493 2957 2549 Eumenes
2979 2488 3477 2568 post'intersectum

1921 2578 2353 2651 Neoptolemum
2368 2620 2384 2646 ,
2409 2578 2651 2634 maxime
2669 2589 2734 2633 ut
2756 2579 2958 2634 milites
2977 2582 3037 2634 in
3061 2578 3175 2636 fide
3203 2592 3478 2650 servaret,

1921 2665 2074 2721 bello
2093 2684 2221 2721 cum
2250 2665 2535 2739 Antigono
2550 2664 2896 2734 imminente,
2923 2665 3216 2723 Diodorus
3232 2670 3483 2738 retinuit,

1921 2752 2248 2807 Plutarchus
2266 2769 2317 2808 c.
2350 2753 2387 2807 8
2405 2753 2651 2806 narravit
2688 2752 2947 2826 pluribus
2971 2766 3026 2809 et
3054 2773 3180 2809 cum
3220 2774 3288 2810 eo
3316 2757 3347 2810 J
3352 2757 3480 2810 usti-

1920 2857 2026 2895 nus
2052 2840 2213 2906 xlv,
2245 2857 2295 2896 1.
2317 2840 2471 2909 Quos
2494 2838 2813 2894 notandum
2847 2840 3076 2912 quidem
3100 2851 3179 2895 cst
3208 2843 3266 2895 in
3296 2842 3483 2914 pleris—

1922 2944 2032 3000 que
2061 2926 2408 2994 consentire3
2429 2943 2549 2981 non
2572 2927 2647 2981 ita
2667 2935 2881 2996 tamen,
2914 2929 3052 3001 quin
3085 2927 3244 3001 quod
3280 2930 3339 2983 in
3363 2929 3489 2984 aliis

1921 3032 2152 3089 quoque
2174 3015 2311 3070 locis
2338 3013 2704 3086 conjecimus,
2737 3015 2903 3069 etiam
2943 3016 3035 3071 hic
3057 3034 3221 3071 suum
3241 3028 3481 3089 uterque

1919 3113 2238 3172 auctorem,
2263 3100 2493 3156 fortasse
2536 3101 2865 3157 Plutarchus
2893 3102 3331 3176 Hieronymum,
3381 3106 3483 3159 Ju-

1917 3191 2092 3245 stinus
2138 3188 2512 3262 Phylarchum
2538 3189 2693 3260 sequi
2720 3190 2990 3262 potuerit.
3013 3189 3372 3246 Rhetoricam
3397 3209 3482 3247 ra·

1920 3279 2133 3332 tionem
2163 3276 2255 3332 hic
2284 3293 2515 3348 quoque
2543 3276 2743 3330 Justini
2771 3278 2947 3350 magis
2982 3296 3150 3350 quam
3198 3279 3483 3334 Plutarchi

1921 3366 2103 3421 oratio
2117 3365 2279 3438 sapit.
2296 3363 2512 3429 Retulit
2523 3372 2793 3436 praeterea
2811 3364 2952 3419 alter
2971 3382 3094 3437 quae
3112 3366 3253 3420 alter
3274 3367 3480 3440 omisit,

1917 3470 2105 3525 neque
2130 3450 2331 3506 eodem
2349 3460 2587 3522 uterque
2605 3449 2779 3505 modo
2800 3449 3032 3505 tradidit
3047 3491 3063 3520 ,
3086 3470 3210 3524 quae
3225 3451 3295 3507 ab
3317 3464 3446 3507 utro
3460 3484 3479 3495 ·

1921 3556 2033 3612 que
2050 3537 2253 3593 tradita
2275 3538 2436 3593 simul
2465 3546 2700 3594 exstant.
2784 3536 2991 3592 Contra
3012 3536 3254 3593 eundem
3274 3539 3475 3593 iterum

1926 3625 2215 3683 Plutarchi
2250 3633 2305 3679 et
2343 3622 2588 3680 Diodori
2623 3622 2835 3678 fontem
2868 3624 3139 3696 suspicari
3176 3623 3308 3679 licet
3328 3664 3345 3694 ,
3380 3625 3477 3679 ubi

1928 3713 2000 3768 de
2021 3712 2176 3768 bello
2192 3712 2455 3767 Eumenis
2472 3719 2525 3766 et
2543 3710 2813 3784 Antigoni
2833 3727 2957 3783 quae
2980 3711 3227 3765 narravit
3243 3722 3487 3784 uterque

1927 3817 2336 3875 comparamus.
2363 3797 2561 3855 Clades
2588 3815 2699 3870 qua
2726 3795 3074 3871 Antigonum
3100 3799 3377 3854 Eumenes
3400 3799 3478 3854 af·

1922 3888 2055 3944 fecit
2073 3929 2091 3960 ,
2116 3884 2476 3961 Apollonidis
2499 3883 2787 3955 cujusdam
2815 3884 2886 3938 ab
2913 3884 3201 3958 Antigono
3226 3888 3480 3960 corrupti

1918 3973 2171 4049 perfidiae
2202 3972 2448 4047 (XVIII,
2483 3969 2593 4047 4ο)
2630 3970 2919 4040 tribuitur,
2961 3988 3132 4044 quem
3165 3971 3483 4048 intelligere

1917 4062 2145 4118 videtur
2174 4060 2501 4116 Plutarchus
2527 4077 2578 4116 c.
2607 4076 2644 4131 9
2669 4074 2685 4115 τ
2716 4055 2950 4127 ἡττηθεὶς
2979 4054 3065 4113 ὑπ’
3090 4055 3374 4132 Ἀντιγόνου
3398 4058 3485 4114 διὰ

1921 4143 2203 4225 προδοσίαν
2240 4147 2356 4204 κτλ.
2400 4145 2752 4202 Omittuntur
2790 4164 2927 4200 vero
2968 4144 3121 4218 apud
3160 4144 3479 4201 Diodorum

1921 4255 1971 4294 c.
2016 4240 2089 4302 40
2129 4253 2251 4308 quae
2283 4236 2341 4288 in
2383 4231 2515 4308 fuga
2554 4234 2860 4301 Eumenes,
2899 4232 3035 4288 dum
3074 4234 3262 4307 copias
3292 4250 3481 4288 secum

1919 4323 2155 4379 haberet
2172 4362 2188 4391 ,
2210 4322 2557 4377 machinatus
2576 4329 2686 4394 est,
2714 4330 2769 4373 et
2797 4322 2978 4375 omitti
2998 4329 3264 4392 poterant
3284 4338 3315 4375 a
3337 4320 3474 4375 Dio-

1921 4410 2069 4465 doro
2085 4451 2101 4478 ‚
2132 4427 2307 4483 quum
2331 4407 2405 4463 ad
2442 4407 2704 4463 Eumenis
2731 4408 2906 4481 magis
2929 4406 3285 4462 calliditatem
3309 4425 3479 4480 quam

1921 4497 1993 4553 ad
2016 4514 2205 4553 rerum
2224 4506 2500 4571 gestarum
2519 4495 2793 4553 rationem
2811 4503 2865 4548 et
2883 4511 3088 4548 nexum
3102 4494 3477 4567 pertinerent3

1922 4585 2119 4641 eadem
2137 4602 2274 4640 vero
2304 4583 2375 4639 de
2399 4600 2559 4638 causa
2581 4584 2761 4638 omitti
2784 4584 2877 4636 vix
2895 4590 3159 4654 poterant
3181 4580 3251 4636 ab
3274 4582 3475 4636 Hiero-

1920 4688 2094 4744 nymo
2111 4712 2128 4740 ,
2156 4686 2329 4743 quem
2365 4668 2663 4742 probabile
2692 4680 2772 4724 est
2803 4669 2862 4722 in
2890 4669 2982 4734 iis,
3014 4685 3137 4740 quae
3161 4666 3235 4722 ad
3263 4666 3473 4725 Eume-

1922 4777 2052 4813 nem
2082 4757 2358 4825 facerent,
2379 4756 2634 4830 inprimis
2653 4758 2941 4829 copiosum
2966 4754 3149 4809 fuisse.
3174 4754 3311 4826 Quae
3330 4757 3477 4809 inter

1922 4844 2241 4901 Diodorum
2266 4843 2492 4911 XVIII,
2527 4849 2593 4909 41
2633 4844 2757 4898 init.
2791 4854 2847 4898 et
2875 4841 3233 4898 Plutarchum
3271 4840 3469 4916 (Eum.

1922 4953 1972 4990 c.
2005 4932 2114 5006 ιο)
2146 4931 2409 4987 dissensio
2440 4941 2546 5000 est,
2572 4949 2814 5004 quorum
2836 4931 2930 4984 ille
2954 4930 3257 4985 Eumenem
3284 4940 3475 4984 narrat

1923 5023 2102 5094 ipsum
2126 5020 2414 5074 hortatum
2443 5037 2555 5074 esse
2580 5016 2856 5092 plurimos
2872 5016 3110 5071 militum
3129 5025 3193 5070 ut
3234 5016 3469 5072 decede·

1931 5116 2075 5174 rent,
2095 5106 2184 5160 hic
2204 5124 2301 5161 eos
2325 5105 2585 5161 defecisse
2602 5103 2676 5161 ad
2699 5105 3067 5181 Antigonum,
3100 5104 3317 5159 tollitur
3332 5121 3474 5176 quo·
