4016 5916
475 441 588 492 250

474 558 756 640 Ναυσικάᾳ
794 557 1123 631 ἀνατίθησιν,
1170 560 1240 631 ὣς
1281 554 1504 614 πολίτιδι
1549 552 1898 635 χαριζομένη·
1934 557 2026 613 Δι-

475 647 725 727 καίαρχος
766 645 821 704 δὲ
855 643 1173 711 Σικυωνίοις·
1216 642 1476 709 Ἵππασος
1505 639 1558 701 δὲ
1598 639 2030 719 Λακεδαιμονίοις

476 735 668 807 ταύτην
689 757 745 792 τε
773 731 865 792 καὶ
892 731 958 791 τὰ
989 730 1252 810 γυμνάσια
1282 727 1521 810 πρώτοις.

1203 879 1299 948 49.

554 1013 881 1070 Plutarchus
909 1012 1150 1067 Theseus
1177 1029 1226 1066 c.
1275 1029 1343 1064 21

479 1096 759 1157 ἀποπλέων
794 1098 865 1162 εἶς
890 1098 1062 1167 Δῆλον
1105 1094 1361 1174 κατέσχε,
1396 1094 1486 1152 καὶ
1511 1097 1587 1174 τῷ
1625 1096 1724 1171 θεῷ
1755 1091 1912 1158 θύσας
1938 1092 2029 1149 καὶ

425 1204 432 1212 ·
480 1184 685 1250 ἀναθεὶς
711 1182 772 1242 τὸ
807 1182 1144 1264 Ἀφροδίσιον,
1176 1181 1205 1240 ὃ
1235 1180 1382 1262 παρὰ
1411 1186 1505 1253 τῆς
1531 1179 1800 1261 Ἀριάδνης
1823 1177 2027 1251 ἔλαὸεν,

478 1272 718 1352 ἐχόρευσε
752 1269 888 1348 μετὰ
920 1274 1022 1328 τῶν
1050 1269 1241 1342 ἠϊθέων
1272 1267 1508 1350 χορείαν,
1531 1267 1596 1338 ἣν
1624 1267 1700 1325 ἔτι
1732 1272 1820 1324 νῦν
1851 1267 2027 1324 ἐπιτε-

476 1363 583 1418 λεῖν
613 1357 835 1430 Δηλίους
859 1356 1096 1435 λέγουσι,
1132 1355 1348 1434 μίμημα
1376 1359 1482 1413 τῶν
1522 1356 1575 1412 ἐν
1612 1358 1689 1434 τῷ
1720 1350 2031 1432 Λαὸυρίνθῳ

478 1444 733 1527 περιόδων
761 1445 852 1504 καὶ
876 1443 1131 1517 διεξόδων,
1161 1442 1213 1502 ἔν
1247 1466 1348 1502 τινι
1378 1445 1558 1524 ῥυθμῷ
1594 1438 1896 1521 περιελίξεις
1928 1438 2020 1497 καὶ

479 1533 724 1603 ἀνελίξεις
770 1532 940 1612 ἔχοντι
977 1529 1299 1609 γιγνομένην.
1357 1530 1615 1589 Καλεῖται
1664 1527 1719 1585 δὲ
1771 1526 1830 1584 τὸ
1876 1522 2024 1602 γένος

478 1625 629 1679 τοῦτο
671 1624 766 1691 τῆς
795 1618 1007 1698 χορείας
1048 1615 1399 1689 ὖπὸε’Δηλίων
1442 1614 1684 1695 γέρανος,
1728 1616 1797 1679 ὥς
1835 1613 2035 1693 ἱστορεῖ

479 1709 819 1788 Δικαίαρχος.
859 1704 1145 1785 Ἐχόρευσε
1174 1705 1228 1763 δὲ
1251 1703 1369 1784 περὶ
1392 1702 1478 1762 τὸν
1508 1704 1818 1782 Κερατῶνα,
1853 1700 2029 1780 βωμὸν

480 1799 541 1855 ἐκ
569 1795 800 1876 κεράτων
831 1791 1254 1873 συνηρμοσμένον
1279 1790 1554 1868 εὐωνύμων
1584 1789 1854 1848 ἁπάντων.

1202 1923 1299 1981 50.

561 2077 843 2133 zenobius
868 2076 926 2129 11
948 2115 963 2143 ,
1004 2072 1071 2128 15
1109 2066 1244 2129 :''Ae
1264 2069 1362 2126 ιδε
1388 2064 1464 2124 τὰ
1488 2064 1857 2136 Τέλληνος·
1880 2055 2029 2140 οὗτος

480 2165 509 2220 ὃ
542 2159 750 2230 Τέλλην
795 2157 995 2237 ἐγένετο
1038 2153 1265 2226 αὐλητὴς
1306 2154 1396 2213 καὶ
1436 2155 1610 2229 μελῶν
1658 2147 2032 2210 ἀνυποτάκτων

481 2247 718 2320 ποιητής.
766 2246 1046 2322 Μέμνηται
1088 2245 1245 2301 αὐτοῦ
1291 2239 1609 2320 Δικαίαρχος
1649 2242 1676 2297 ὁ
1718 2235 2031 2308 Μεσσήνιος.

480 2338 566 2394 Cf.
594 2337 853 2411 Apostol.
882 2336 936 2405 1,
969 2332 1071 2402 343
1095 2333 1364 2389 Libanius
1388 2332 1493 2404 Ep.
1529 2328 1642 2394 548
1676 2345 1691 2385 z
1726 2324 1862 2385 Οὐδὲ
1891 2326 1936 2382 εἰ
1965 2321 2032 2381 τὰ

479 2420 741 2495 Τέλληνος
768 2420 884 2503 ᾄδοι
905 2442 1009 2491 τις,
1039 2408 1141 2484 οἶός
1167 2440 1225 2475 τε
1254 2415 1401 2474 ἔσται
1437 2413 1563 2494 πρὸς
1593 2412 1747 2473 αὑτόν
1776 2435 1835 2472 σε
1871 2434 2032 2488 μετα·

482 2514 691 2581 στῆσαι.
718 2509 1002 2567 Plutarch.
1027 2507 1446 2582 Apophthegm.
1476 2523 1538 2578 p.
1574 2503 1701 2579 193,
1726 2506 1768 2560 F
1801 2522 1815 2557 ι
1846 2490 1951 2559 Ἦν
1982 2497 2036 2556 δὲ

485 2594 716 2668 αὐλητὴς
740 2595 767 2651 ὃ
792 2593 883 2671 μὲν
912 2591 1097 2659 Τέλλις
1119 2591 1392 2661 κάκιστος,
1422 2593 1449 2647 ὁ
1474 2589 1518 2647 δ’
1542 2586 1878 2666 Ἀντιγενίδης
1904 2585 2036 2644 κάλ·

481 2686 672 2750 λιστος.
703 2686 911 2741 Contra
945 2680 1156 2737 Zenob.
1196 2683 1255 2760 1,
1287 2679 1359 2745 45
1391 2673 1645 2736 ε’Άειδε
1678 2673 1755 2734 τὰ
1790 2671 2039 2745 Τέλλη·

483 2793 587 2838 νος
607 2792 620 2805 ·
654 2770 740 2827 ἐπὶ
767 2771 870 2826 τῶν
896 2768 1205 2824 σκωπτικῶν
1243 2753 1439 2823 τίθεται
1461 2767 1495 2834 ἠ
1524 2760 1805 2842 παροιμία.
1829 2761 2037 2831 Τίλλην

486 2857 588 2935 γὰρ
623 2854 849 2926 αὐλητὴς
881 2850 1082 2930 ἐγένετο
1119 2852 1209 2910 καὶ
1240 2853 1411 2927 μελῶν
1439 2849 1682 2920 ποιητὴς,
1722 2846 1942 2925 παίγνιά
1981 2868 2038 2905 τε

484 2942 762 3003 κατέλιπεν
795 2939 1152 3022 εὖρυθμότατα
1177 2939 1267 2997 καὶ
1288 2938 1442 3019 χάριν
1463 2936 1650 3017 ἔχοντα
1673 2935 1924 3007 πλείστην
1946 2933 2038 2994 καὶ

485 3028 784 3105 σκώμματα
816 3026 1147 3107 κομψότατα.
1187 3029 1318 3087 vid.
1345 3027 1609 3085 Leutsch.
1630 3027 1670 3081 l.
1700 3027 1737 3083 Ι.
1757 3044 1815 3099 p.
1842 3025 1938 3081 35.
1960 3054 2041 3066 --

1395 1029 1409 1064 z
1456 1006 1553 1065 Ἐκ
1591 1005 1646 1064 δὲ
1683 1010 1776 1076 τῆς
1816 1004 2029 1085 Κρήτης

399 3127 413 3141 “
485 3118 774 3192 subjungo
823 3115 978 3171 aliud
1012 3116 1409 3189 proverbium,
1463 3113 1618 3185 cujus
1661 3112 1891 3168 ubinam
1938 3113 2040 3168 Di·

484 3204 765 3260 caearchus
792 3203 1110 3258 meminerit
1142 3201 1296 3258 haud
1326 3203 1522 3274 liquet.

1219 3356 1312 3413 51.

566 3516 845 3573 zenobius
870 3516 985 3584 111,
1022 3510 1096 3569 65
1135 3510 1278 3570 t'Ev
1306 3509 1476 3590 πίθῳ
1515 3509 1633 3578 τὴν
1672 3474 2043 3588 κεραμείαν

489 3602 824 3682 μανθάνω·
872 3598 1130 3681 παροιμία
1167 3598 1253 3657 ἐπὶ
1286 3601 1389 3656 τῶν
1434 3596 1527 3663 τὰς
1550 3595 1761 3677 πρώτας
1792 3594 2045 3671 μαθήσεις

487 3687 940 3768 ὑπερὸαινόντων,
988 3684 1297 3762 ἁπτομένων
1335 3683 1390 3742 δὲ
1420 3682 1603 3748 εὐθέως
1633 3685 1737 3741 τῶν
1778 3679 2043 3759 μειζόνων,

370 3788 379 3794 “
487 3783 557 3844 ὥς
584 3775 729 3841 εἴτις
767 3774 1044 3849 μανθάνων
1087 3770 1410 3853 κεραμεύειν,
1445 3767 1565 3849 πρὶν
1596 3771 1778 3847 μαθεῖν
1818 3768 2045 3835 πίνακας

486 3864 522 3937 ἢ
547 3863 675 3922 ἄλλο
702 3884 753 3921 τι
781 3864 884 3919 τῶν
923 3862 1119 3940 μικρῶν
1156 3857 1421 3931 πλάττειν,
1445 3858 1581 3937 πίθῳ
1614 3855 1901 3936 ἐγχειροίη.
1948 3860 2041 3916 Δι-

489 3950 738 4031 καίαρχος
780 3948 835 4007 δέ
865 3970 1021 4029 φησιν
1060 3945 1234 4026 ἕτερόν
1278 3969 1330 4005 τι
1360 3946 1547 4018 δηλοῦν
1593 3943 1690 4015 τὴν
1726 3943 2038 4025 παροιμίαν,

490 4038 643 4099 οἱονεὶ
664 4035 757 4109 τὴν
786 4033 1007 4112 μελέτην
1029 4037 1081 4093 ἐν
1106 4037 1210 4100 τοῖς
1230 4032 1422 4110 ὁμοίοις
1449 4034 1523 4110 (l.
1550 4031 1751 4099 οἰκείοις
1778 4053 1847 4089 ex
1868 4037 2038 4107 Hesy-

491 4216 627 4274 tura;
646 4211 954 4263 Dicaearchus
971 4222 1086 4260 vero
1105 4208 1368 4272 Sicyoniis3
1394 4207 1630 4271 Hippasus
1646 4211 1806 4257 autem
1835 4210 1884 4256 et
1902 4206 2046 4268 hujus

493 4294 545 4342 et
574 4289 932 4354 gymnasiorum
962 4285 1144 4351 primos
1163 4286 1386 4336 auctores
1402 4282 1788 4335 Lacedaemonios
1810 4282 2044 4347 perhibet.

551 4455 753 4506 solvens
792 4465 856 4503 ex
910 4452 1051 4502 creta
1091 4450 1266 4500 Delum
1308 4448 1519 4511 appulit,
1560 4447 1644 4497 ubi
1685 4459 1786 4496 rem
1833 4447 2048 4497 divinam

492 4534 602 4582 fecit
621 4530 853 4595 Apollini,
867 4529 1181 4591 dedicatoque
1208 4528 1407 4577 Veneris
1422 4526 1583 4589 signo,
1604 4524 1736 4587 quod
1756 4525 1820 4575 ab
1843 4525 2050 4575 Ariadna

491 4611 764 4672 acceperat,
782 4605 1051 4669 tripudium
1077 4604 1272 4655 saltavit
1289 4614 1402 4653 cum
1429 4602 1784 4665 impuberibus,
1800 4601 1931 4664 quod
1957 4603 2050 4652 hac

493 4688 638 4738 etiam
658 4684 888 4735 memoria
907 4685 1066 4735 rerunt
1082 4683 1242 4735 Delios
1258 4694 1450 4733 servare
1461 4698 1476 4744 3
1501 4680 1636 4744 quod
1656 4680 1707 4729 in
1733 4679 2049 4731 imitationem

494 4766 799 4815 anfractuum
835 4761 1117 4824 Labyriutlii
1145 4763 1194 4812 et
1228 4761 1502 4823 ambagium
1532 4760 1594 4809 ad
1618 4758 1786 4809 modos
1813 4760 2050 4825 quosdam

496 4841 703 4892 musicos
739 4838 1001 4901 peragitur,
1028 4839 1111 4903 qui
1147 4838 1495 4901 implicationes
1522 4839 1572 4888 et
1588 4836 1883 4887 evolutiones
1920 4837 2048 4887 rese·

496 4920 625 4970 runt.
654 4919 758 4969 Hoc
789 4928 937 4978 genus
956 4916 1216 4967 saltationis
1252 4919 1386 4967 Gru-5
1415 4915 1590 4965 dicitur
1620 4928 1649 4964 a
1680 4913 1851 4977 Deliis,
1874 4916 1931 4964 ut
1954 4927 2052 4965 me·

496 4994 664 5045 moriae
688 4991 897 5057 prodidit
927 4992 1250 5044 Dicaearchus.
1285 4992 1488 5043 saltavit
1518 4994 1681 5042 autem
1711 4991 2044 5041 circumaram

498 5077 782 5126 ceratonem
796 5110 810 5134 ,
828 5085 940 5136 quoe
957 5084 1016 5123 ex
1037 5072 1261 5123 cornibus
1280 5074 1406 5134 crat,
1425 5071 1626 5122 sinistris
1646 5070 1898 5133 omnibus,
1913 5084 2051 5121 com-

496 5155 654 5216 pacta.

1658 423 2096 484 DICAEARCHI
2138 421 2487 483 MESSENII

2120 553 2286 631 chio)
2330 554 2618 622 ποιεῖσθαι,
2658 552 2726 615 ὣς
2776 546 3093 628 κυὸερνήτης
3149 545 3237 604 ἐπὶ
3277 550 3372 617 τῆς
3422 546 3546 619 νηὸς
3582 547 3687 609 zat

2119 639 2326 718 ἡνίοχος
2354 637 2440 697 ἐπὶ
2463 640 2570 712 τῶν,
2589 633 2783 696 ἵππων.
2805 636 3182 694 Proverbium
3198 637 3492 710 permultis
3513 657 3683 695 usur·

2119 742 2339 804 patum.
2369 732 2437 782 V.
2470 725 2883 783 Schneidewin>
2916 724 2990 780 ad
3020 725 3082 782 h.
3112 725 3154 781 l.

2595 872 2744 931 ΓΗΣ
2789 870 3195 931 ΠΙΞΡΙΟΔΟΣ.

2198 999 2543 1072 Argumenta
2571 1013 2800 1063 eorum,
2831 1013 2953 1068 quae
2972 1012 3041 1048 ex
3057 992 3298 1048 Periodo
3319 992 3472 1048 orbis
3500 1004 3684 1050 terra·

2120 1104 2243 1140 rum
2260 1086 2432 1158 petita
2449 1094 2578 1139 sunt
2591 1125 2606 1151 ‚
2621 1083 2863 1138 Fuhrius
2875 1082 3066 1154 paucis
3079 1080 3504 1153 comprehendit
3522 1081 3684 1138 hunc

2119 1175 2180 1227 in
2218 1172 2450 1228 modum
2486 1190 2501 1225 :
2549 1193 2574 1222 a
2610 1169 2965 1226 Dicaearchus
2993 1177 3197 1223 terram
3228 1167 3520 1242 globosam
3561 1187 3688 1227 esse

2119 1261 2310 1316 statuit
2356 1259 2468 1334 (sr.
2526 1255 2666 1330 53).
2720 1286 2798 1299 —--
2834 1257 3009 1310 Terra
3059 1254 3378 1310 habitabilis
3434 1253 3689 1312 dimidio

2121 1348 2347 1422 longior
2394 1364 2562 1419 quam
2604 1345 2772 1400 latior
2812 1352 2892 1397 est
2950 1338 3058 1419 (fr.
3102 1339 3242 1419 54).
3289 1342 3519 1397 Terram
3565 1361 3680 1416 per

2121 1437 2322 1491 lineam
2365 1452 2492 1489 cum
2543 1442 2827 1505 aequatore
2875 1429 2934 1485 ἐκ
2975 1425 3314 1506 παραλλήλου
3357 1439 3685 1486 currentem

2121 1531 2357 1587 eamque
2378 1530 2484 1586 per
2510 1511 2770 1567 Herculis
2809 1510 3119 1577 columnas,
3152 1506 3500 1578 Sardiniam,
3535 1509 3685 1565 Sici·

2122 1603 2281 1670 liam,
2309 1601 2787 1673 Peloponnesum,
2819 1597 3067 1665 Cariam,
3097 1596 3356 1669 Lyciam,
3399 1596 3685 1670 Pamphy-

2122 1690 2281 1758 liam,
2310 1688 2560 1745 Ciliciam
2579 1727 2594 1754 ,
2625 1702 2793 1758 super
2814 1686 3062 1738 Taurum
3091 1683 3166 1738 ad
3205 1684 3420 1737 Imaum
3463 1682 3687 1739 ducen-

2124 1787 2237 1831 tem
2266 1777 2326 1829 in
2367 1774 2506 1829 duas
2533 1772 2793 1828 dimidias
2831 1782 3018 1844 partes
3045 1769 3252 1825 divisit.
3291 1771 3380 1826 Ab
3407 1770 3512 1826 hac
3542 1771 3684 1828 inde

2123 1865 2270 1919 linea
2297 1865 2352 1918 et
2378 1881 2407 1916 a
2445 1863 2583 1917 locis
2619 1861 2697 1915 ibi
2723 1860 2919 1933 positis
2948 1859 3111 1913 situm
3139 1859 3490 1931 reliquorum
3519 1860 3684 1914 loco-

2124 1970 2252 2006 rum
2269 1948 2502 2006 definire
2524 1948 2613 2003 vel
2647 1948 2812 2002 etiam
2832 1987 2847 2015 ‚
2878 1947 2923 2001 si
2949 1946 3148 2001 Ukerti
3169 1946 3520 2018 aliorumque
3543 1966 3686 2001 con·

2118 2038 2395 2109 jecturam
2417 2036 2574 2108 sequi
2602 2035 2769 2104 libet,
2796 2053 2891 2089 eos
2918 2033 3097 2103 locoS,
3136 2032 3519 2088 distantiarum
3548 2035 3689 2088 via-

2127 2142 2364 2196 rumque
2393 2122 2717 2178 directionis
2743 2122 2802 2175 in
2841 2120 3133 2176 itineribus
3169 2119 3424 2175 indicatae
3456 2122 3686 2177 ratione

2126 2212 2314 2266 habita
2332 2251 2347 2278 ‚
2377 2210 2438 2263 in
2460 2227 2583 2265 suas
2602 2208 2819 2263 tabulas
2835 2207 3045 2262 referre
3067 2216 3299 2262 conatus
3313 2225 3428 2262 esse
3455 2207 3690 2264 videtur

2130 2297 2243 2373 (fr.
2278 2296 2414 2374 55).
2451 2329 2530 2339 —
2574 2296 2905 2351 Distantiam
2949 2296 3099 2350 inter
3136 2294 3589 2368 Peloponnesum
3626 2307 3689 2352 et

2128 2386 2429 2442 Columnas
2469 2383 2654 2439 decies
2681 2383 2833 2437 mille
2867 2382 3178 2438 stadiorum
3214 2400 3330 2438 esse
3369 2382 3682 2455 judicavit3

2131 2491 2298 2546 quam
2330 2472 2405 2527 ob
2448 2472 2868 2526 aestimationem
2898 2489 2927 2524 a
2959 2470 3226 2543 Polybio,
3260 2471 3364 2543 qui
3382 2488 3501 2526 eam
3528 2471 3688 2542 justo

2129 2562 2410 2616 minorem
2456 2559 2697 2626 censuit,
2735 2558 3107 2631 reprehensus
3140 2568 3241 2613 εει.
3287 2560 3467 2631 Quem
3495 2569 3691 2615 tamen

2131 2647 2337 2705 Strabo
2366 2648 2428 2701 in
2454 2647 2790 2702 contrariam
2816 2655 3035 2719 partem
3057 2646 3370 2718 peccavisse
3396 2658 3453 2701 et
3474 2646 3691 2702 distan-

2131 2738 2265 2793 tiam
2293 2736 2445 2790 illam
2470 2735 2701 2789 nimiam
2738 2734 2987 2789 statuisse
3026 2729 3328 2790 arbitratus
3351 2745 3447 2791 est.
3478 2736 3564 2791 De
3591 2755 3688 2791 re-

2133 2823 2395 2899 gionibus
2443 2823 2686 2894 Europae
2744 2819 3096 2877 occidentem
3143 2832 3200 2876 et
3245 2825 3690 2895 septentrionem

2131 2908 2528 2985 spectantibus,
2552 2927 2583 2964 e
2597 2908 2816 2981 judicio
2838 2907 3066 2982 quidem
3092 2908 3400 2981 Strabonis,
3423 2928 3684 2985 magnam

2132 3016 2248 3071 prae
2276 3014 2333 3051 se
2362 2997 2489 3050 tulit
2508 2997 2905 3070 ignorantiam,
2927 3014 3096 3068 quam
3126 3007 3307 3051 tamen
3333 2999 3694 3072 geographus

2134 3103 2204 3140 eo
2233 3083 2544 3153 excusavit,
2569 3082 2726 3156 quod
2740 3084 2861 3138 illas
2878 3084 2995 3157 ipse
3023 3103 3142 3139 non
3158 3085 3400 3140 vidisset.
3428 3087 3690 3142 Ceterum

2137 3190 2258 3245 quae
2286 3171 2523 3244 Pytheas
2557 3170 2628 3225 de
2661 3171 2768 3225 illis
2802 3170 3070 3227 tractibus
3095 3172 3398 3246 retulerat,
3423 3173 3489 3229 iis
3514 3170 3690 3229 fidem

2133 3258 2345 3313 habere
2387 3256 2665 3312 dubitavit
2710 3255 2816 3329 (fr.
2869 3255 3004 3333 56).
3049 3291 3119 3301 —
3170 3259 3494 3330 Columnas,
3545 3260 3694 3317 sicut

2136 3344 2528 3401 Eratosthenes
2551 3362 2782 3417 quoque
2801 3355 2992 3418 postea
3012 3356 3069 3400 et
3089 3343 3388 3418 Polybius,
3410 3348 3558 3419 circa
3575 3346 3688 3404 sre-

2141 3443 2260 3485 tum
2286 3430 2476 3504 posuit
2499 3428 2606 3504 (fr.
2640 3428 2776 3504 57).
2809 3453 2833 3480 a
2865 3460 2934 3468 —
2958 3432 3115 3487 Nilus
3144 3451 3213 3487 ex
3236 3431 3518 3488 Atlantico
3546 3436 3690 3490 mari

2108 3562 2119 3577 .
2137 3516 2380 3575 refluens
2405 3515 2655 3573 exundat
2684 3517 2704 3591 (
2725 3516 2794 3572 fr.
2829 3513 2900 3583 54
2930 3516 2972 3593 ).

2213 3603 2452 3659 Tabulas
2483 3603 2882 3679 geographicas
2925 3622 2958 3659 a
2995 3605 3322 3663 Dicaearcho
3377 3609 3698 3666 elaboratas

2138 3707 2249 3745 esse
2275 3708 2382 3763 per
2420 3707 2478 3746 se
2515 3688 2824 3745 admodum
2860 3692 3162 3748 verisimile
3204 3703 3308 3764 est,
3348 3712 3694 3768 quamquam

2135 3776 2341 3833 diserto
2364 3787 2618 3833 veterum
2642 3778 2961 3833 testimonio
2995 3797 3084 3834 res
3116 3778 3432 3836 confirmari
3460 3786 3688 3855 nequit.

2134 3864 2444 3941 significari
2471 3884 2612 3921 vero
2650 3866 2865 3921 tabulas
2890 3867 3200 3923 Dicaearchi
3227 3869 3384 3922 multi
3414 3878 3698 3943 putarunt

2134 3954 2264 4008 loco
2294 3954 2563 4029 Diogenis
2589 3955 2797 4009 Laertii
2818 3955 2893 4023 V,
2923 3948 3029 4023 δι’,
3058 3954 3160 4009 ubi
3180 3954 3586 4027 Theophrastus
3624 3957 3692 4011 in

2137 4051 2464 4096 testamento
2479 4041 2698 4112 jussisse
2715 4050 2975 4096 narratur
2993 4042 3054 4095 in
3073 4043 3297 4116 porticu
3315 4041 3543 4115 publice
3567 4045 3704 4098 col-

2870 4210 2959 4260 50.

2203 4313 2340 4361 Cane
2365 4322 2425 4360 ea
2450 4322 2567 4373 quoe
2594 4309 2782 4359 Tollen.
2810 4310 2975 4360 Tollen
2997 4310 3079 4360 hic
3109 4312 3287 4362 tibicen
3303 4313 3407 4363 erat
3428 4313 3478 4362 et
3513 4313 3696 4362 carmi-

2135 4400 2250 4479 uum
2272 4386 2663 4437 inconcinuorum
2686 4388 2843 4449 poeta.
2873 4388 3091 4439 Meminit
3114 4389 3219 4450 eius
3238 4389 3544 4439 nieman-chus
3563 4393 3693 4441 Mes-

2134 4480 2307 4517 senius.

2196 4639 2260 4685 In
2280 4634 2414 4685 dolio
2418 4635 2700 4697 ,timolinam
2725 4635 2878 4686 disco.
2911 4637 3225 4687 proverbium
3248 4637 3426 4687 dicitur
3443 4637 3504 4688 de
3523 4638 3580 4687 iis
3602 4640 3688 4701 qui

2135 4713 2289 4777 prima
2311 4714 2426 4764 artis
2443 4713 2712 4764 rudimenta
2733 4716 3178 4777 praetermittentes,
3212 4720 3399 4777 majora
3428 4716 3591 4767 statim
3613 4729 3706 4780 ag·

2135 4790 2416 4854 gradiuntur
2441 4810 2454 4840 ε
2477 4793 2534 4840 ιιι
2564 4791 2604 4841 εἰ
2628 4792 2739 4854 quis
2760 4791 3004 4855 figulinam
3033 4791 3245 4854 discens,
3270 4793 3404 4857 prius
3432 4807 3579 4857 quam
3610 4807 3697 4843 ur-

2139 4880 2250 4917 ceos
2268 4867 2534 4930 similiaque
2556 4868 2751 4917 vascula
2778 4868 2922 4930 tingat
2936 4903 2953 4930 ,
2976 4868 3106 4918 dolia
3137 4869 3453 4931 aggrediatur.
3478 4871 3706 4922 Dicaear-

2137 4944 2257 4993 chus
2271 4956 2386 4994 vero
2404 4944 2552 4993 alium
2570 4944 2824 5007 proverbio
2840 4957 3033 4994 sensum
3061 4943 3256 5008 tribuit,
3279 4946 3509 4996 nimirum
3527 4958 3699 4998 curam

2138 5022 2282 5072 rebus
2309 5020 2684 5084 uniuscuiusque
2704 5019 3112 5072 accommodatam
3131 5021 3532 5089 impendendam3
3559 5025 3707 5077 verbi

2138 5111 2281 5149 causa
2296 5096 2547 5149 nauclerus
2567 5108 2737 5150 navem
2762 5097 2994 5161 gubernet
3006 5132 3021 5157 ,
3040 5097 3090 5149 et
3112 5110 3262 5162 equos
3277 5096 3460 5162 auriga.
