4016 5916
1404 436 1903 498 DEMOCRITUS
1942 435 2347 496 ABDERlTA.

260 586 449 639 titulis
476 581 841 645 enumeratis»,
874 580 1147 651 Diogenes
1177 576 1335 631 addit
1370 576 1485 629 haec
1516 595 1531 628 2
1561 571 1826 631 Τάττουσι

258 672 321 729 δι’
348 692 484 734 τινες
502 672 617 726 κατ’
649 666 785 724 ἰδίαν
805 667 867 723 ἐκ
890 667 993 722 τῶν
1017 661 1439 738 Ὑπομνημάτων
1458 659 1748 719 καὶταῦτα·

354 810 396 849 t.
437 788 520 848 Τὸ
544 786 663 866 περὶ
686 786 792 842 τῶν
814 786 867 842 ἐν
898 780 1174 842 Βαὸυλῶνι
1190 784 1341 861 ἱερῶν
1370 779 1717 858 γραμμάτων.

347 898 394 935 2.
444 874 575 954 Περὶ
597 876 701 931 τῶν
725 874 778 930 ἕν
803 869 982 950 Μερόῃ
997 871 1147 946 ἱερῶν
1172 868 1500 949 γραμμάτων
1528 868 1613 943 (¹).

354 986 403 1021 a.
446 961 581 1039 Περὶ
610 957 865 1038 ἱστορίης.

356 1071 407 1109 4.
450 1045 748 1111 Χαλδαϊκὸς
772 1045 938 1121 λόγος.

352 1160 398 1197 τι.
438 1132 848 1217 Φρῦφιοςλόγος·

355 1246 401 1284 a.
434 1222 569 1302 Περὶ
596 1225 821 1301 πυρετοῦ
849 1219 939 1277 καὶ
968 1220 1067 1274 τῶν
1091 1215 1196 1273 ἀπὸ
1221 1212 1374 1273 νόσου
1393 1214 1690 1292 βησσόντων
1719 1216 1798 1289 (3¹).

353 1332 399 1371 ⁸1.
438 1307 650 1384 Νομικᾶ
676 1308 843 1366 αἴτια.

350 1420 402 1456 a.
440 1393 673 1474 xapvmt
690 1391 727 1464 ἢ
755 1388 1127 1471 mamam.

356 1508 439 1561 De
466 1503 552 1557 his
594 1499 924 1557 Mullacbius
948 1516 1011 1571 p.
1060 1514 1161 1551 101
1210 1515 1224 1549 :
1265 1520 1287 1556 ᾳ
1322 1497 1387 1550 ln
1423 1497 1835 1550 commentariis

268 1593 476 1647 ethicis
508 1590 701 1663 plures
721 1596 881 1641 erant
906 1584 976 1638 de
1003 1582 1314 1656 peregrinis
1348 1582 1609 1655 gentibus
1634 1581 1798 1654 dispu
1815 1613 1833 1621 -

276 1677 716 1748 tatione5,quas
751 1671 1045 1738 nonnulli,
1068 1680 1132 1722 ut
1162 1687 1229 1722 ex
1258 1669 1512 1741 Diogene
1535 1667 1826 1734 discimuS,

270 1784 305 1819 a
330 1764 559 1835 reliquo
598 1757 1135 1815 commentariorum
1172 1772 1416 1827 corpore
1451 1766 1831 1821 secernenteS,

271 1850 590 1925 peculiares
606 1845 827 1900 libellos
837 1842 1186 1915 judicabant,
1217 1853 1384 1913 atque
1412 1842 1638 1895 nomine
1665 1858 1835 1913 argu-

274 1937 457 1992 menti
504 1946 716 1989 naturae
762 1928 1133 1986 conveniente
1177 1928 1592 2001 appellabant»
1638 1932 1656 1997 (
1680 1926 1831 1982 conf.

276 2026 428 2081 idem
448 2044 511 2098 p.
551 2030 658 2087 ταί.
680 2020 723 2095 ).
744 2017 917 2092 Quod
942 2036 1060 2072 non
1073 2018 1341 2091 persuasit
1355 2017 1492 2070 mihi
1514 2018 1600 2069 vir
1624 2016 1837 2089 doetis-

278 2114 475 2168 simus.
511 2113 727 2176 Imm0,
758 2125 937 2180 quum
963 2100 1355 2179 Ὑπομνήματα
1390 2104 1596 2159 diversi
1623 2108 1840 2177 generis

278 2197 783 2253 commentationes
816 2193 1345 2266 complecterentur,
1377 2209 1839 2266 unumquemque

282 2287 493 2340 librum
515 2303 625 2358 pro
650 2282 919 2357 peculiari
957 2297 1128 2351 opere
1162 2279 1370 2333 habere
1405 2278 1635 2345 licebat,
1672 2292 1839 2353 atque

282 2385 417 2427 octo
456 2371 637 2437 tituli,
669 2387 815 2441 quos
857 2369 1138 2441 Diogenes
1168 2366 1363 2433 affert,
1393 2364 1737 2439 respondent
1767 2368 1839 2422 li-

283 2460 403 2514 bris
440 2469 575 2513 octo
605 2452 1052 2529 Ὑπομνημάτων.
1078 2484 1159 2495 —-
1184 2454 1443 2508 Ceterum
1484 2454 1735 2524 quamvis
1769 2454 1841 2510 de

287 2545 630 2619 argumentis
672 2542 1003 2616 paucissima
1037 2539 1345 2611 cademque
1377 2540 1504 2594 satis
1541 2539 1779 2596 obscura
1810 2560 1842 2597 a

292 2632 576 2686 veteribus
616 2629 932 2695 tradantur,
978 2627 1068 2681 vel
1106 2645 1174 2680 ex
1226 2626 1442 2681 levibus
1478 2626 1566 2681 his
1604 2628 1845 2701 vestigiis

288 2718 499 2791 colligo
518 2711 912 2790 Ὑπομνήματα
934 2732 1049 2768 non
1081 2714 1242 2768 fuisse
1268 2715 1603 2781 Democriti,
1632 2714 1729 2769 sed
1757 2734 1845 2770 se-

291 2805 457 2858 rioris
491 2804 736 2857 hominis
774 2801 973 2855 foetum
1012 2800 1114 2854 sub
1163 2800 1486 2873 philosophi
1528 2800 1758 2855 nomine
1784 2802 1845 2853 in

292 2892 491 2964 vulg-us
517 2890 753 2945 editum.

372 2967 577 3033 Plinius
600 2979 672 3034 Η.
702 2977 773 3031 Ν.
809 2976 1017 3042 XXIV,
1056 2994 1187 3042 102,
1210 2994 1268 3048 p.
1304 2974 1377 3029 36
1401 2975 1649 3032 Tauclin.
1683 2993 1696 3028 ε
1726 2976 1845 3028 De-

296 3070 506 3120 mocriti
534 3076 680 3119 certe
725 3062 1069 3118 Chim-:meta
1110 3080 1227 3116 esse
1268 3072 1499 3117 constat.
1540 3063 1620 3115 At
1668 3066 1726 3114 in
1759 3063 1849 3115 his

297 3156 392 3208 ille
442 3164 573 3226 post
640 3149 1018 3222 Pythagoram
1078 3168 1361 3224 magorum
1419 3150 1847 3203 studiosissimus

296 3252 502 3312 quanm
511 3242 919 3312 portentosiora
944 3237 1157 3290 tradit?
1194 3238 1262 3290 In
1291 3236 1648 3309 sequentibus
1671 3254 1739 3290 ex
1777 3255 1847 3291 eo

298 3328 443 3382 libro
462 3327 641 3381 multa
669 3324 836 3380 affert
855 3323 926 3378 de
946 3324 1134 3378 herbis
1165 3325 1220 3377 vi
1251 3325 1463 3398 magica
1489 3323 1754 3396 praeditis.
1778 3356 1850 3366 —

303 3414 453 3469 Patet
490 3411 738 3467 eundem
763 3410 973 3464 librum
1000 3409 1270 3478 indicari,
1305 3428 1473 3483 quem
1505 3404 1733 3487 Χερνικὰ
1756 3427 1851 3481 ap·

299 3501 465 3573 pellat
502 3502 781 3574 Diogenes
811 3493 929 3571 β’).
955 3501 1130 3552 Verus
1159 3498 1349 3551 titulus
1384 3495 1483 3568 qui
1522 3496 1692 3551 fuerit
1735 3513 1853 3549 non

304 3606 526 3661 qua-1⁵03
556 3597 616 3641 at
627 3604 795 3641 nemo
816 3584 1393 3660 negabitalienissima
1408 3602 1439 3638 a
1460 3595 1647 3638 vetere
1666 3584 1852 3656 philo-

304 3674 481 3748 sopho
509 3691 626 3728 esse
651 3682 902 3727 monstra
925 3671 1016 3725 illa
1044 3672 1425 3725 narrationum
1442 3712 1456 3736 ,
1476 3688 1711 3743 quarum
1725 3687 1853 3742 per·

304 3761 477 3815 multa
503 3759 578 3814 de
609 3769 729 3816 arte
765 3768 823 3813 et
863 3757 1119 3812 doctrina
1168 3759 1382 3830 magica
1410 3776 1477 3811 ex
1526 3757 1852 3811 Democrito

304 3848 615 3903 afferuntur
656 3845 739 3920 (v,
796 3841 1061 3899 Mullaeb.
1105 3863 1164 3918 p.
1220 3843 1291 3912 73
1358 3862 1482 3916 sqq.
1532 3844 1571 3918 ).
1634 3845 1854 3898 Etenim

306 3933 680 4006 Pythagoras,
716 3932 1097 4004 EmpedocleS,
1154 3934 1508 3996 Democritus,
1568 3932 1733 3984 Plato
1781 3931 1862 3983 acl

304 4023 443 4076 lianc
470 4025 730 4092 magicen
753 4019 1071 4072 discendam
1096 4024 1445 4089 navigavere,
1472 4019 1659 4071 exiliis
1676 4022 1859 4072 verius

304 4128 469 4182 aluam
481 4105 1026 4182 peregrinationibus
1036 4110 1312 4179 susceptis,
1328 4106 1493 4160 Hanc
1508 4111 1705 4160 reversi
1713 4124 1862 4179 prce-

306 4197 553 4251 dicavere
599 4213 619 4246 .·
657 4191 810 4250 lianc
849 4197 907 4246 in
959 4198 1182 4246 arcanis
1207 4191 1466 4247 habuere.
1517 4193 1858 4262 Democritus

312 4280 713 4357 Apollobechen
760 4279 1010 4353 Coptiten
1045 4276 1172 4354 (⁸³⁴⁹)
1203 4292 1259 4332 et
1280 4280 1609 4334 Dardanum
1640 4296 1671 4336 e
1693 4279 1863 4334 Phoe-

368 4451 429 4510 (Ἴ
480 4453 533 4498 ln
572 4446 1007 4497 Aldohrandiniann
1036 4447 1151 4495 edii.
1191 4448 1299 4495 est:
1340 4450 1451 4510 Περὶ
1482 4452 1577 4495 τῶν
1622 4448 1670 4495 ἐν
1705 4447 1861 4510 Μερόῃ

314 4522 521 4568 &mm
532 4519 812 4581 αρίπλουςς
841 4516 1038 4578 reliqum
1055 4517 1191 4566 editt.
1208 4531 1379 4590 onines
1400 4519 1467 4566 ita
1484 4518 1660 4566 liabent
1673 4552 1689 4576 ‚
1708 4520 1764 4566 ut
1780 4531 1863 4567 su-

314 4601 398 4652 m
420 4589 687 4651 manns.

374 4659 463 4722 (⁸)
495 4657 631 4708 Adde
666 4657 859 4706 vitruv.
886 4659 980 4716 lx,
1000 4663 1027 4704 3
1069 4677 1079 4704 :
1108 4658 1303 4707 Mullus
1336 4672 1413 4707 res
1438 4657 1740 4713 attendens,
1771 4660 1865 4709 ad·

317 4731 474 4777 utimr
502 4731 667 4778 etiam
700 4729 975 4777 Democriti
1004 4727 1067 4775 de
1099 4740 1271 4776 rerum
1296 4732 1492 4777 natura
1524 4729 1785 4778 volumina
1818 4733 1869 4778 et

319 4801 423 4860 ejus
438 4798 900 4851 commentarium,
927 4796 1064 4859 qnod
1082 4798 1388 4846 inscribitur
1404 4801 1443 4847 X
1458 4801 1858 4861 ιιροκμήτων,

320 4871 371 4916 in
395 4867 768 4930 mutabatur
802 4866 1029 4925 annulo,
1047 4869 1259 4927 siquam
1277 4881 1397 4916 cera
1431 4869 1577 4918 molli
1601 4882 1718 4932 quoe
1743 4874 1876 4921 esset

318 4940 555 4998 apertus
593 4936 699 4996 (sc.
727 4947 938 4996 quorum
966 4936 1064 4983 vim
1090 4937 1322 4998 magicam
1341 4941 1568 4998 expertus
1587 4941 1763 5000 esset).
1802 4944 1870 4989 De

322 5005 589 5125 wude
618 5017 732 5066 quae
766 5003 1075 5066 probabiliter
1100 5005 1313 5068 disputat
1344 5007 1606 5058 Salmasius
1625 5023 1704 5072 ap.
1746 5011 1869 5059 Mul·

384 5153 499 5212 (ω)
534 5149 895 5215 Apolloniam
914 5155 1157 5202 Nirenaetm
1179 5167 1302 5204 corr.
1338 5155 1582 5205 Remmius
1613 5157 1656 5206 in
1678 5158 1840 5220 suppl.
1859 5195 1871 5218 ,

328 5221 453 5286 qnod
474 5233 505 5267 a
522 5233 639 5268 vero
668 5219 912 5270 abhorret.

3393 444 3468 494 25

1913 578 2039 627 nice
2056 576 2361 639 illustmvit,
2409 572 2777 627 voluminibus
2795 570 3054 624 Dardani
3081 573 3139 623 in
3158 571 3464 643 sepulcrum

1913 678 2035 729 ejus
2061 664 2286 733 petiti-55
2319 665 2434 715 suis
2469 678 2592 714 vero
2614 677 2690 713 ex
2707 659 3014 731 disciplina
3039 675 3223 711 eorum
3249 658 3415 711 editis
3444 679 3464 711 .-

1915 768 2044 820 quoe
2064 760 2284 822 recepta
2304 750 2379 802 ab
2395 749 2529 802 aliis
2548 747 2828 802 hominum
2859 755 3028 817 atque
3053 750 3334 799 wansiisse
3365 765 3472 817 per

1917 842 2243 891 memoriam
2267 854 2426 908 oeque
2471 854 2541 888 ac
2577 834 2702 889 nihi
2764 838 2821 887 in
2851 838 2977 886 vita
3012 834 3326 887 mirandum
3368 845 3468 890 ert.

1916 927 1989 977 ln
2022 935 2235 978 tantum
2262 924 2417 995 fides
2440 927 2559 977 istis
2577 919 2792 994 satque
2816 938 2978 975 omne
3012 920 3187 987 deest,
3234 921 3378 976 adeo
3415 934 3473 975 ut

1919 1015 1986 1076 ii,
2022 1014 2117 1081 qui
2146 1023 2328 1064 cetera
2355 1015 2413 1062 in
2459 1014 2572 1063 viro
2620 1010 2717 1062 illo
2749 1009 3006 1081 pmbant,
3045 1006 3170 1060 hoec
3203 1013 3322 1078 ejus
3355 1027 3474 1062 esse

1917 1115 2088 1168 opera
2137 1098 2477 1170 infitientur„
2519 1098 2648 1150 Haec
2697 1095 2906 1149 Plinius
2932 1094 3120 1163 XXX,
3171 1112 3228 1165 2,
3256 1112 3318 1167 p.
3358 1093 3462 1150 251

1919 1185 2169 1239 Tauchn.

1998 1276 2213 1326 Auctor
2252 1272 2459 1325 horum
2497 1268 2924 1324 mendaciorum
2973 1287 3090 1341 prae
3123 1271 3324 1326 ceteris
3367 1271 3472 1327 fuit

1920 1359 2090 1413 Bolus
2105 1357 2454 1425 MendesiuS,
2479 1356 2552 1411 de
2565 1374 2681 1429 quo
2704 1356 2779 1410 ita
2802 1352 3030 1410 Suidas:

2005 1445 2204 1514 Βῶλος,
2235 1443 2635 1521 Δημοκρίτειος,
2671 1439 2964 1520 φιλόσοφος.
2991 1439 3250 1520 Ἱστορίαν
3272 1441 3362 1499 καὶ
3387 1441 3472 1500 τί·

1918 1553 2051 1608 χνην
2080 1525 2342 1608 ἰατρικήν·
2374 1526 2484 1605 ἔχει
2513 1527 2567 1585 δὲ
2600 1526 2761 1593 ἰάσεις
2788 1527 3005 1608 φυσικὰς
3030 1527 3134 1587 ἀπό
3161 1552 3314 1587 τινων
3347 1531 3472 1608 βοη·

1922 1616 2173 1694 θημοίτων
2196 1620 2288 1686 τῆς
2309 1618 2528 1694 φύσεως.

2004 1707 2181 1770 Βῶλος
2227 1703 2541 1774 Μενδήσιος,
2579 1702 2944 1781 Πυθαγόρειος.
2978 1703 3115 1783 Περὶ
3154 1707 3257 1762 τῶν
3287 1706 3346 1763 ἐκ
3381 1709 3474 1775 τῆς

1925 1792 2266 1872 ἀναγνώσεως
2292 1797 2395 1850 τῶν
2414 1794 2653 1868 ἱστοριῶν
2670 1794 2739 1855 εἷς
2767 1790 3037 1849 ἐπίστασιν
3052 1795 3194 1867 ἡμᾶς
3222 1792 3469 1869 ἀγόντων.

1926 1881 2060 1960 Περὶ
2078 1878 2403 1957 θαυμασίων.
2434 1878 2649 1939 Φυσικά
2687 1879 2710 1955 [
2735 1879 2997 1958 δυναμερά
3023 1880 3076 1956 ]·
3108 1878 3220 1957 ἔχει
3261 1879 3314 1938 δὲ
3356 1883 3475 1961 περὶ

1926 1972 2259 2044 συμπαθειῶν
2286 1970 2375 2025 καὶ
2396 1969 2750 2023 ἀντιπαθειῶν.
2779 1966 2984 2045 [Περὶ]
3002 1967 3157 2024 λίθων
3182 1968 3318 2026 κατὰ
3333 1993 3476 2028 στοι-

1924 2058 2091 2136 χεῖον.
2179 2054 2310 2133 Περὶ
2343 2051 2574 2130 σημείων
2611 2055 2715 2110 τῶν
2751 2051 2803 2120 ἐξ
2842 2051 2991 2123 ἡλίου
3024 2052 3115 2110 καὶ
3141 2055 3361 2126 σελήνης
3386 2060 3477 2113 καὶ

1928 2145 2118 2223 ἄρκτου
2143 2141 2234 2200 καὶ
2265 2140 2458 2220 λύχνου
2484 2138 2576 2198 καὶ
2602 2138 2779 2220 ἴριδος.
2827 2142 2911 2199 Cf.
2949 2143 3167 2198 Eudoc.
3211 2163 3270 2217 p.
3314 2146 3389 2220 93
3423 2159 3478 2201 et

1929 2240 2028 2308 94-

2006 2320 2242 2376 Fallitur
2285 2317 2482 2374 Suidas
2523 2318 2671 2372 inter
2717 2316 2918 2371 Bolum
2959 2319 3376 2373 Democriteum
3425 2332 3480 2373 et

1928 2407 2278 2464 Mendesium
2319 2405 2682 2479 distinguens.
2727 2404 2887 2458 Unus
2922 2415 3163 2477 uterque
3213 2418 3270 2460 et
3305 2406 3474 2461 idem.

1931 2495 2243 2552 Columella
2267 2495 2374 2548 VII
2392 2533 2408 2561 ,
2440 2491 2473 2547 5
2501 2510 2516 2546 z
2541 2492 2659 2547 Sed
2681 2494 2928 2564 AEgjyptii
2951 2498 3131 2563 gemis
3155 2506 3349 2547 auctor
3367 2514 3476 2549 me-

1896 2600 1905 2609 ·
1932 2582 2220 2638 morabilis
2237 2583 2409 2636 Bolus
2433 2580 2768 2645 Mendesius,
2803 2585 2959 2649 cujus
2978 2595 3287 2635 commenta
3304 2624 3316 2644 ‚
3356 2603 3482 2655 qua:

1933 2671 2289 2743 appellantur
2300 2685 2483 2739 groece
2502 2663 2880 2739 ὑπομνήματα,
2905 2668 3007 2721 sub
3036 2673 3254 2724 nomine
3277 2672 3480 2725 Demo·

1933 2761 2056 2811 criti
2065 2755 2229 2827 salso
2243 2756 2570 2829 produntur,
2599 2765 2732 2821 ete.‚
2762 2764 2871 2808 etc.
2905 2753 3191 2826 (sequitur
3235 2758 3390 2812 locus
3412 2758 3485 2812 de

1934 2846 2344 2919 pustulosarum
2376 2844 2567 2896 ovium
2607 2841 2955 2915 curatione).
3003 2843 3226 2897 Horum
3283 2863 3484 2917 parum

1932 2951 2151 2989 memor
2171 2930 2480 2987 Columella
2506 2929 2617 2983 alio
2639 2929 2766 2984 loeo
2793 2947 2902 3003 pro
2929 2930 3068 2988 Bolo
3089 2933 3254 3004 ponit
3275 2934 3488 2988 Demo-

1935 3023 2160 3076 critum.
2192 3021 2276 3073 lta
2303 3019 2452 3072 enim
2478 3019 2582 3085 XI,
2611 3016 2641 3070 3
2678 3037 2693 3070 ε
2723 3017 2842 3072 Sed
2871 3019 3215 3074 Democritus
3255 3025 3314 3074 in
3333 3039 3399 3076 eo
3429 3023 3488 3074 li·

1937 3110 2032 3163 btv
2053 3112 2148 3181 qui
2164 3107 2479 3160 inscribitur
2494 3100 2628 3181 Περὶ
2652 3104 2969 3174 ἀντιπαθῶν,
2991 3104 3249 3178 affirmat
3272 3108 3379 3162 has
3395 3109 3488 3163 be-

1936 3197 2129 3249 stiolas
2148 3193 2373 3268 (erucas
2391 3193 2409 3265 )
2427 3197 2662 3259 enecare}
2675 3197 2726 3245 si
2742 3195 2952 3260 mulier,
2986 3212 3111 3266 quoe
3127 3202 3186 3249 in
3201 3203 3488 3251 menstruis

1936 3286 2031 3338 est,
2078 3275 2264 3328 solutis
2305 3272 2547 3326 crinibus
2589 3282 2646 3325 et
2692 3273 2839 3326 nudo
2867 3274 3016 3344 pede
3047 3292 3490 3348 unamquamque

1938 3379 2132 3415 aream
2161 3372 2244 3414 ter
2257 3364 2557 3412 circumeat
2572 3377 2591 3409 .·
2607 3369 2738 3431 post
2746 3357 2850 3412 hoc
2864 3363 3010 3412 enim
3025 3360 3278 3413 decidere
3304 3379 3491 3415 omnes

1938 3448 2269 3502 vermiculos
2289 3456 2345 3498 et
2363 3450 2444 3499 ita
2469 3449 2655 3501 emori.
2681 3442 2754 3518 (⁸)

2018 3536 2144 3588 Jam
2170 3532 2356 3587 nullus
2377 3531 2577 3585 dubito
2611 3535 2750 3603 quin
2771 3531 2915 3585 liber
2947 3534 3333 3588 Democriteus
3356 3533 3491 3611 Περὶ

1940 3615 2168 3697 ἱστορίης
2191 3617 2342 3672 idem
2367 3619 2436 3672 sit
2460 3635 2586 3671 cum
2607 3635 2676 3671 eo
2695 3659 2712 3685 ,
2741 3636 2910 3689 quem
2939 3619 3108 3673 Bolus
3119 3621 3335 3692 scripsit
3361 3618 3490 3700 Περὶ

1942 3707 2047 3764 τῶν
2083 3706 2142 3761 ἔκ
2179 3707 2271 3773 τῆς
2320 3699 2659 3777 ἀναγνώσεως
2696 3703 2798 3757 τῶν
2835 3703 3070 3779 ἱστοριῶν
3112 3704 3183 3770 εἷς
3223 3704 3494 3763 ἐπίστασιν

1943 3797 2084 3865 ἡμᾶς
2112 3789 2359 3869 ἀγόντων,
2386 3794 2500 3846 sive
2540 3795 2625 3847 De
2651 3792 2888 3847 utilitate
2933 3809 3100 3864 quam
3141 3812 3208 3848 ex
3254 3795 3493 3850 lectione

1946 3884 2303 3938 historiarum
2332 3882 2599 3953 capimus».
2649 3881 2828 3934 Porro
2857 3881 3042 3934 nescio
3080 3898 3152 3934 an
3187 3882 3329 3936 liber
3364 3882 3494 3958 ssepi

1948 3968 2179 4045 σημείων
2198 3970 2300 4024 τῶν
2324 3965 2375 4034 ἐξ
2396 3966 2544 4037 ἡλίου
2570 3966 2682 4023 κτλ.
2708 3969 2873 4023 lateat
2894 3969 2952 4021 in
2968 3969 3154 4035 titulo,
3176 3988 3348 4041 quem
3367 3974 3497 4026 Dio·

1948 4078 2114 4135 genes
2134 4058 2331 4127 habet,
2360 4054 2548 4131 νομικὰ
2577 4052 2717 4110 αἴτια
2736 4098 2752 4123 ,
2778 4049 2816 4109 i.
2847 4074 2895 4110 e.
2926 4054 3274 4132 ἀστρονομικὰ
3315 4055 3492 4114 αἴτιαι

1949 4146 2336 4222 argumentum
2364 4165 2492 4202 cum
2517 4163 2810 4219 magorum
2835 4144 3091 4199 doctrina
3111 4146 3495 4217 conjunctissi-

2013 4317 2075 4378 (*)
2111 4320 2182 4366 Ex
2211 4317 2319 4366 loco
2339 4315 2622 4364 Columellae
2658 4318 2789 4377 patet
2816 4319 3073 4366 Kiisterum
3095 4317 3158 4365 ad
3183 4318 3343 4366 locum
3364 4320 3498 4370 Suid.

1951 4394 2081 4437 :ecte
2112 4388 2333 4436 ¹:munnam
2352 4387 2599 4448 statuisse,
2619 4390 2668 4435 et
2685 4387 2974 4449 supplevisse
2991 4385 3130 4450 [περὶ]
3146 4388 3300 4436 Λίθων
3313 4424 3328 4447 ,
3348 4402 3500 4450 quum

1954 4458 2273 4508 Bernharclius
2297 4456 2463 4518 jungat
2484 4459 2587 4520 περὶ
2624 4474 2671 4504 σ.
2693 4473 2740 4504 κ.
2768 4473 2815 4504 α.
2849 4456 3005 4504 λίθων.
3039 4482 3102 4491 -
3135 4457 3268 4506 Idem
3298 4459 3403 4520 περὶ
3427 4462 3501 4507 ἀν·

1953 4544 2048 4576 τιπ.
2079 4540 2202 4588 opus
2221 4525 2445 4574 laudatur
2462 4540 2492 4575 a
2522 4526 2676 4574 schol.
2700 4525 2761 4574 ad
2784 4525 3004 4577 Nicandr.
3042 4527 3186 4575 Ther.
3214 4539 3259 4575 v.
3288 4531 3399 4589 764,
3420 4530 3501 4578 ubi

1954 4611 2042 4660 pro
2069 4598 2223 4651 Βῶλος
2243 4596 2387 4658 vulgo
2405 4596 2576 4656 legitur
2592 4598 2779 4652 Ῥῶλος.
2803 4596 3034 4645 Similiter
3050 4596 3170 4646 abiit
3195 4597 3244 4646 iu
3266 4600 3399 4647 Orus
3422 4613 3501 4661 ap.

1953 4669 2121 4718 Galen.
2151 4671 2222 4717 De
2245 4667 2449 4716 antidot.
2486 4670 2557 4728 11,
2578 4671 2605 4716 7
2620 4703 2635 4727 ,
2655 4667 2704 4715 in
2728 4667 2885 4716 Dolus
2903 4680 2982 4730 ap.
3002 4669 3254 4717 Columell.
3278 4681 3325 4731 p.
3349 4673 3435 4719 344
3457 4676 3504 4718 et

1959 4742 2047 4787 444
2077 4737 2154 4786 ed.
2187 4737 2501 4797 commonia„
2523 4739 2571 4785 in
2606 4739 2833 4787 eubolus
2861 4752 2939 4801 ap.
2965 4743 3169 4787 Vari-on.
3207 4742 3265 4789 R.
3287 4742 3344 4788 R.
3371 4743 3419 4798 1,
3451 4749 3464 4788 1
3491 4778 3504 4800 ,

1958 4821 2070 4869 quat
2098 4807 2216 4856 citat
2246 4808 2474 4855 Mullach.
2514 4822 2561 4870 p.
2609 4814 2710 4856 156.
2745 4808 3072 4870 Theophrasto
3094 4809 3337 4870 juniorem
3365 4811 3507 4859 fuisse

1956 4877 2187 4926 docemur
2209 4889 2236 4923 a
2256 4878 2480 4939 stephan.
2511 4880 2620 4939 Byz.
2643 4891 2689 4926 v.
2721 4878 2971 4942 Ἀψυνυοςι
2999 4880 3162 4929 ἔστιδὲ
3180 4881 3261 4928 καὶ
3285 4881 3410 4936 εἶδος
3425 4899 3502 4942 φυ·

1957 4952 2070 5007 τοῦ,
2089 4947 2190 5008 περὶ
2211 4946 2267 4994 οὗ
2287 4949 2443 5004 Βῶλος
2475 4950 2503 4996 ὁ
2534 4950 2894 5011 Δημοκρίτειος,
2928 4951 3002 4998 ὅτι
3036 4951 3327 5013 θεόφραστος
3363 4952 3413 5000 ἐν
3438 4961 3505 5012 τῳ

1960 5018 2062 5079 περὶ
2099 5020 2250 5079 φυτῶν
2283 5017 2430 5080 ἐνάτῳ
2461 5019 2520 5067 τὰ
2552 5019 2764 5081 πρὸὅατα
2805 5021 2853 5069 ἐν
2883 5025 2953 5083 τῷ
2997 5021 3163 5083 Πόντῳ
3203 5022 3257 5069 τὸ
3289 5021 3507 5084 ἀψύνθιον

1960 5087 2189 5148 νεμόμενα
2213 5088 2298 5135 οὐκ
2320 5089 2445 5149 ἔχειν
2467 5091 2628 5151 χολήν.
2659 5090 2794 5152 Apud
2819 5093 3080 5140 Varronem
3097 5090 3128 5140 l.
3148 5091 3179 5139 Ι.
3199 5091 3318 5140 ordo
3340 5095 3507 5141 aucto·

1965 5171 2072 5206 rum
2100 5159 2204 5206 est:
2235 5158 2498 5220 Euphorio
2516 5196 2529 5218 ,
2553 5161 2808 5220 Eubulus,
2847 5162 3206 5222 Lysimachus,
3241 5168 3506 5218 Mutum&

1968 5227 2111 5287 igitur
2142 5228 2232 5276 sub
2260 5229 2423 5289 primis
2458 5230 2725 5280 Ptolema-is
2763 5232 2933 5280 vixisse
2967 5233 3174 5283 videtur.
