4016 5916
1648 398 2151 461 FRAGMENTA.

3398 412 3516 464 239

312 521 742 606 προσπιπτούσας
771 522 1044 595 ἀλλήλαις.
1076 520 1256 584 Ἄλλοι
1300 521 1355 582 δὲ
1383 515 1521 583 οὗτοι
1559 524 1706 605 παρὰ
1747 524 1865 594 τοὺς
1954 532 2040 586 De
2063 531 2422 600 Marathone,
2449 531 2549 606 qui
2572 548 2604 587 e
2631 532 3022 606 Peloponneso
3047 535 3106 589 in
3135 537 3380 593 Atticam
3413 556 3513 593 ve-

313 611 510 692 Σύρους
548 609 797 683 Κίλικας,
837 609 937 668 ὑπὸ
974 606 1069 680 τὴν
1113 605 1262 682 Ἴδην
1298 609 1386 668 καὶ
1421 609 1672 681 Πήδασον
1700 609 1860 679 ὄντες.
1955 617 2069 686 nit,
2097 617 2196 672 etsi
2220 634 2252 673 a
2275 627 2467 672 nostro
2508 627 2752 692 propter
2785 629 3101 693 temporum
3129 623 3373 679 rationes
3399 623 3514 680 dis-

311 703 401 759 Ad
422 698 544 761 Βίον
568 697 722 757 ‘Em
747 700 867 755 haec
890 698 1205 755 retulerunt
1239 700 1491 757 Osannus
1520 711 1573 757 et
1594 702 1859 765 Fuhrius.

1051 828 1140 865 12.
1282 820 1321 867 Ο

390 918 657 992 Stephan.
697 917 829 989 Byz.
875 934 890 970 z
929 910 1161 994 Δώριον,
1204 912 1353 981 πόλις
1403 912 1500 991 μία
1537 916 1641 973 τῶν
1681 917 1866 996 τριῶν,

310 994 385 1061 ἄν
407 998 646 1081 Ὅμηρος
666 997 1001 1077 μνημονεύει·
1026 1026 1050 1053 ι
1076 1000 1186 1061 Καὶ
1218 1000 1445 1061 Πτελεὸν
1472 1000 1563 1059 καὶ
1587 996 1751 1069 ’Ἕλος
1779 1003 1869 1062 καὶ

314 1087 537 1168 Δώριον.
572 1112 595 1140 ι
624 1086 945 1166 Δικαίαρχος
970 1084 1025 1145 δὲ
1056 1085 1310 1169 τέτταρας
1337 1087 1529 1155 ταύτας
1555 1079 1687 1148 εἶναί
1713 1111 1869 1170 φησι,

314 1176 406 1234 καὶ
434 1172 693 1247 Πτελέας,
720 1175 776 1231 οὗ
805 1174 1031 1232 Πτελεὸν
1053 1173 1150 1246 τὴν
1171 1173 1295 1251 μίαν
1308 1176 1473 1234 ’καλεῖ
1493 1175 1630 1236 κατὰ
1647 1175 1707 1235 τὸ
1727 1180 1867 1258 πρῶ·

314 1285 405 1321 τον
428 1268 517 1345 τοῦ
549 1260 670 1322 Βίου
696 1265 786 1332 τῆς
810 1259 1065 1328 Ἑλλάδος
1096 1261 1315 1342 βιόλίον.
1346 1265 1469 1323 Τῶν
1499 1263 1546 1321 δ’
1581 1264 1636 1321 ἐν
1661 1267 1725 1344 τῇ
1759 1265 1868 1324 Πε-

313 1346 618 1429 λασγιώτιδι
639 1346 791 1429 χώρᾳ
819 1346 1061 1428 Δωριέων
1084 1348 1460 1408 κατοικούντων
1481 1349 1636 1430 με’ρος
1660 1375 1711 1410 τι
1733 1350 1865 1429 μετὰ

317 1439 419 1496 τῶν
460 1439 513 1496 ἐν
542 1436 653 1503 ταῖς
697 1435 947 1515 ἐσχάταις
981 1436 1077 1497 m.
1109 1440 1373 1513 Sequitur
1399 1440 1594 1515 ingens
1637 1438 1865 1506 lacuna,

314 1525 459 1583 adeo
495 1536 560 1581 ut
599 1526 875 1581 incertum
902 1526 1000 1595 sit,
1030 1544 1169 1580 num
1196 1535 1477 1599 postrema
1513 1535 1703 1581 nostra
1734 1526 1867 1580 item

314 1613 388 1670 ad
408 1613 794 1671 Dicaearchum
820 1612 890 1667 de
931 1612 1360 1687 migrationibus
1384 1613 1742 1669 Doriensium
1767 1630 1869 1668 ex·—

312 1711 620 1776 ponentem
646 1701 984 1773 pertineant.
1010 1701 1238 1755 Dorium
1258 1701 1552 1773 antiquum
1582 1699 1743 1756 fuisse
1763 1718 1868 1756 no·

312 1807 445 1845 men
467 1786 712 1861 ejusdem
738 1788 919 1857 urbis,
949 1805 1071 1860 quae
1095 1788 1216 1844 aliis
1244 1798 1325 1843 est
1350 1789 1648 1856 Erineum‚
1676 1789 1870 1843 statuit

314 1875 541 1932 Miiller.
568 1876 705 1930 Dor.
732 1877 790 1945 Ι,
826 1874 898 1930 36
926 1893 1050 1949 sqq.
1080 1873 1181 1930 ubi
1210 1873 1361 1933 vide.
1400 1874 1487 1932 Cf.
1529 1873 1684 1931 idem
1713 1875 1863 1971 Mf‘n.

313 1982 375 2037 P·
409 1967 518 2036 497
543 1980 628 2036 Sq-
1085 2063 1115 2117 3

1051 2083 1071 2119 1
1124 2104 1142 2121 .

396 2195 678 2253 Plutarch.
709 2196 950 2250 Theseus
977 2213 1026 2252 c.
1077 2194 1181 2262 32,
1225 2192 1259 2247 6
1308 2209 1324 2248 ·.
1356 2188 1427 2250 Ὅ
1457 2188 1509 2248 δὶ
1551 2189 1869 2271 Δικαίαρχος

318 2279 622 2361 Ἐχεδήμου
662 2278 788 2359 φησὶ
825 2278 915 2336 καὶ
947 2277 1204 2355 Μαράθου
1233 2276 1726 2357 συστρατευσάντων
1752 2277 1869 2336 τότε

322 2375 430 2435 τοῖς
450 2366 792 2447 Τυνδαρίδαις
810 2367 913 2443 (sc.
941 2368 1213 2424 Helenam
1234 2385 1300 2423 ex
1323 2368 1507 2423 Attica
1524 2362 1866 2443 repetituris)

318 2453 372 2521 ἐξ
401 2453 704 2533 Ἀρκαδίας,
727 2453 813 2532 ἀφ’
833 2443 892 2510 οὗ
917 2450 1010 2528 μὲν
1036 2450 1360 2530 Ἐχεδημίαν
1389 2455 1866 2530 προσαγορευθῆναι

316 2539 414 2613 τὴν
440 2546 529 2599 νῦν
556 2538 909 2616 Ἀκαδημίαν,
940 2540 1030 2619 ἀφ’
1054 2475 1190 2597 obl&
1220 2541 1523 2618 Μαραθῶνα
1544 2538 1632 2597 τὸν
1663 2539 1861 2615 δῆμον,

319 2626 578 2695 ἐπιδόντος
616 2626 796 2686 ἑαυτὸν
827 2625 1069 2693 ἑκουσίως
1109 2624 1247 2685 κατά
1288 2648 1339 2684 τι
1366 2624 1538 2704 λόγιον
1571 2624 1865 2707 σφαγιάσα-

322 2719 442 2774 σθαι
463 2715 567 2795 πρὸ
596 2719 688 2785 τῆς
709 2712 1065 2794 παρατάξεως.

409 2828 435 2855 ι
468 2806 553 2861 Ex
581 2803 771 2859 verbis
800 2799 849 2867 ἐξ
880 2798 1182 2880 Ἀρκαδίας,
1208 2812 1273 2857 ut
1297 2801 1626 2858 Dodwellus
1643 2800 1869 2876 statuit,

320 2894 647 2967 neutiquam
673 2901 830 2947 certo
862 2888 1105 2946 efficitur
1130 2890 1439 2945 Echemum
1469 2901 1524 2946 et
1555 2889 1870 2945 Marathum

320 2980 566 3039 Arcades
580 2979 746 3037 finisse
765 3022 782 3054 ,
807 2997 983 3053 quum
1004 2975 1056 3044 ἐξ
1078 2974 1350 3055 Ἀρκαδίας
1367 2978 1541 3034 verba
1559 2977 1632 3033 ad
1647 2996 1870 3053 συστρα·

321 3066 611 3125 τευσάντων
672 3067 972 3123 arctissime
1021 3063 1314 3121 reserenda
1334 3106 1351 3135 ‚
1411 3082 1752 3138 quamquam
1803 3082 1872 3119 ex

323 3156 471 3212 fama
504 3153 731 3210 aliunde
770 3162 903 3209 nota
950 3152 1225 3208 Echemus
1265 3169 1368 3207 rex
1412 3151 1662 3208 Arcadiae
1708 3151 1872 3207 fuisse

322 3241 551 3297 dicitur.
594 3239 681 3296 Cf.
723 3241 957 3295 Pausan.
1000 3240 1059 3307 1,
1104 3245 1210 3306 413
1258 3239 1421 3306 VIII,
1462 3241 1519 3296 5.
1556 3235 1648 3301 45.
1689 3234 1784 3291 53.
1836 3260 1861 3284 n

320 3330 505 3385 Fumi.
533 3331 604 3383 At
631 3326 906 3382 Arcadem
933 3326 1128 3393 fuisse,
1160 3323 1514 3397 eundemque
1540 3324 1742 3398 procul
1771 3323 1875 3379 du·

320 3415 452 3484 bio,
493 3414 650 3488 cujus
686 3414 983 3469 Pausanias
1019 3413 1226 3483 aliique
1266 3412 1429 3466 multi
1466 3412 1871 3481 meminerunt,

324 3501 553 3577 colligas
570 3520 601 3557 e
638 3501 922 3574 Stephano
945 3501 1075 3572 Byz.
1109 3493 1439 3573 Ἑκαδήμεια
1463 3492 1497 3567 ἢ
1522 3493 1871 3572 Ἀκαδήμεια,

324 3587 430 3646 άπὸ
451 3586 814 3662 Ἀκαδήμου...
839 3587 886 3643 οἱ
917 3585 962 3643 δ’
991 3583 1069 3641 ὅτι
1094 3580 1330 3662 Ἔχεμος
1358 3585 1387 3641 ὁ
1430 3580 1614 3663 Ἀρκὰς
1641 3604 1876 3662 συστρα-

326 3675 511 3741 τεύσας
536 3677 641 3740 τοῖς
668 3671 999 3752 Διοσκούροις
1021 3669 1315 3750 ὑποχείριον
1344 3668 1467 3748 ἔσχε
1497 3667 1592 3741 τὴν
1614 3668 1874 3741 Ἀττικήν.

325 3839 502 3891 nubilis
522 3843 671 3902 esset,
708 3843 843 3902 pater
868 3836 1036 3889 ludum
1059 3836 1335 3900 gymnicum
1359 3835 1648 3898 celebravit,
1667 3835 1878 3898 filiaeque

326 3918 518 3982 nuptias
547 3918 715 3967 victori
736 3915 991 3980 praemium
1019 3913 1285 3965 constituit.
1309 3915 1381 3962 Eo
1404 3911 1508 3975 ipso
1524 3912 1753 3975 temporis
1773 3926 1874 3961 mo·

326 3997 490 4046 mento
503 4008 655 4058 quum
679 3994 908 4045 Hercules
924 3992 1191 4043 advenisset
1204 4027 1220 4053 ,
1244 3990 1286 4041 is
1308 3989 1503 4041 Theben
1520 4002 1723 4040 uxorem
1748 4001 1880 4039 acce-

327 4071 424 4136 pit,
442 4069 681 4122 sedeinde
699 4071 869 4120 urbem
883 4069 975 4120 sub
990 4068 1152 4120 Placio
1180 4068 1337 4132 Lyciae
1355 4068 1519 4116 monte
1533 4066 1757 4127 condens,
1775 4067 1881 4116 Pla·

328 4149 452 4199 ciam
490 4148 685 4199 Theben
725 4147 787 4197 de
822 4159 975 4197 uxore
1009 4158 1117 4196 eam
1156 4145 1470 4206 nuncupavit.
1512 4143 1719 4194 Historia
1753 4141 1881 4205 apud

330 4227 663 4278 Dicaerchum
678 4226 873 4289 legitur.

1064 4324 1153 4377 12.

394 4422 620 4488 Dorium,
643 4435 743 4473 una
769 4435 830 4473 ex
854 4420 1010 4472 tribus
1033 4421 1128 4472 illis
1149 4420 1381 4482 urbibus,
1405 4432 1612 4484 quarum
1647 4420 1885 4470 uumerus

342 4501 597 4554 meminit:
619 4519 647 4546 ιι
685 4503 755 4553 tit
775 4501 1007 4551 Pteleum
1029 4501 1079 4550 et
1101 4499 1253 4550 Helos
1273 4502 1325 4550 et
1358 4501 1593 4550 Dorium.
1616 4515 1641 4541 ι
1677 4498 1885 4548 Dicoear·

331 4577 455 4629 ebus
472 4589 589 4629 vero
609 4577 755 4627 hasce
786 4575 1155 4640 (Doriensium)
1194 4576 1337 4627 urbes
1357 4577 1589 4639 quattuor
1619 4587 1721 4626 esse
1741 4574 1883 4639 dicit3

334 4655 463 4709 idem
487 4657 718 4718 Pteleos,
737 4669 836 4705 non
859 4668 978 4705 vero
1000 4655 1264 4717 Pteleum,
1299 4667 1449 4706 unam
1483 4666 1650 4706 esrum
1672 4656 1815 4706 vocat
1835 4654 1885 4705 in

334 4735 458 4786 libro
477 4734 634 4799 primo
656 4737 728 4786 De
744 4733 846 4784 vita
863 4732 1084 4783 Graeciae.

1063 4830 1147 4881 18.

398 4939 700 4990 Dienrclms
718 4938 891 5002 tradit,
914 4949 1069 5000 quum
1090 4936 1388 4987 Echedemus
1415 4938 1466 4989 et
1496 4937 1747 4991 Marathus
1760 4941 1889 5003 ‘ryn-

336 5015 526 5067 «laidas
558 5030 621 5066 ex
656 5014 859 5066 Arcadia
889 5018 1046 5064 essem
1081 5014 1145 5063 sd
1172 5013 1354 5064 bellum
1382 5013 1502 5064 illud
1536 5015 1761 5078 sequuti,
1798 5030 1886 5067 no·

338 5095 530 5146 mab
564 5094 647 5144 illo
681 5092 903 5144 habuisse
937 5091 1276 5144 schedanim
1314 5106 1424 5157 quoe
1458 5105 1589 5144 nune
1619 5095 1887 5157 appellatur

1959 702 2303 780 tinguendo,
2331 723 2386 760 v.
2419 706 2650 760 Pausan.
2680 706 2768 775 11,
2804 725 2825 760 1
2845 747 2862 777 ,
2901 726 2951 766 1.

2696 799 2785 859 14.

2036 913 2228 970 Schol.
2273 911 2499 968 Pindar.
2550 914 2642 969 Ol.
2696 915 2801 983 VI,
2856 933 2887 984 7
2941 934 2953 969 :
3017 914 3098 973 Δι’
3154 913 3401 995 ἐμπύρων
3460 918 3514 976 ἐν

1959 993 2145 1057 Ἤλιδι
2178 995 2412 1074 Ἰαμίδαι
2455 995 2865 1074 ἐμαντεύοντο...
2896 1001 2948 1059 T
2948 1004 3009 1058 οῦ
3049 1000 3104 1059 δὲ
3147 1003 3391 1078 μαντείου
3419 1008 3513 1062 τοῦ

1956 1088 2010 1145 ἐν
2035 1080 2218 1146 Ἤλιδι
2245 1083 2335 1143 καὶ
2359 1083 2675 1164 Δικαίαρχος
2695 1085 2973 1163 μέμνηται.
3005 1093 3138 1148 Haec
3171 1094 3213 1148 si
3244 1091 3317 1148 ad
3355 1093 3512 1150 Geo-

1957 1174 2226 1251 graphica
2245 1172 2458 1229 referre
2485 1174 2675 1244 malis,
2703 1175 2847 1231 nihil
2874 1177 3150 1253 refragor.

2689 1294 2778 1355 15.

2039 1418 2337 1475 Athenaeus
2363 1419 2530 1487 XIV,
2559 1436 2622 1490 p.
2646 1416 2786 1488 636,
2815 1421 2858 1476 C
2889 1438 2903 1475 τ
2931 1408 3039 1478 Ἷῑίν
3063 1419 3165 1499 γὰρ
3179 1419 3244 1489 δή
3272 1443 3386 1480 τινα
3424 1420 3517 1479 καὶ

1961 1500 2127 1583 χωρὶς
2179 1503 2284 1559 τῶν
2329 1499 2719 1583 ἐμφυσωμένων
2768 1502 2858 1562 καὶ
2896 1507 3107 1585 χορδαῖς
3141 1507 3521 1585 διειλημμένων

1954 1590 2112 1667 ἔτερα
2130 1586 2300 1669 ψόφου
2325 1588 2479 1664 μόνον
2501 1590 2992 1667 παρασκευαστικὰ,
3019 1592 3255 1672 καθάπερ
3277 1593 3343 1652 τὰ
3363 1594 3521 1674 κρέμ-

1961 1674 2132 1746 6αλα,
2174 1673 2294 1754 περὶ
2320 1664 2394 1732 ὧν
2429 1696 2557 1755 φησι
2579 1675 2898 1756 Δικαίαρχος
2924 1679 2977 1736 ἐν
3005 1682 3109 1745 τοῖς
3139 1682 3269 1760 Περὶ
3310 1686 3399 1740 τοῦ
3427 1686 3522 1752 τῆς

1963 1759 2218 1828 Ἑλλάδος
2248 1760 2388 1842 βίου,
2419 1762 2771 1842 ἐπιχωριάσαι
2794 1762 3008 1845 φάσκων
3037 1765 3162 1825 ποτὲ
3203 1767 3320 1826 καθ’
3356 1771 3517 1847 ὑπερ-

1959 1846 2120 1918 6ολὴν
2156 1849 2227 1915 είς
2264 1846 2325 1906 τὸ
2351 1848 2755 1929 προσορχεῖσθαί
2778 1873 2833 1909 τε
2862 1851 2951 1910 καὶ
2976 1852 3251 1935 προσᾴδειν
3284 1863 3398 1923 ταῖς
3419 1879 3516 1933 γυ-

1958 1933 2120 2002 ναιξὶν
2152 1934 2351 2015 ὄργανά
2379 1957 2495 1993 τινα
2518 1935 2645 1994 ποιᾶ
2664 1980 2680 2012 ,
2702 1927 2775 1995 ὧν
2821 1936 2906 1996 ὅτε
2934 1961 3010 2005 τις
3037 1937 3254 2000 ἅπτοιτο
3279 1943 3386 2008 τοῖς
3425 1943 3519 2000 δα·

1954 2020 2187 2093 κτύλοις,
2216 2021 2382 2080 ποιεῖν
2408 2020 2614 2102 λιγυρὸν
2636 2024 2798 2104 ψόφον
2815 2046 2829 2061 ·
2854 2026 3135 2098 δηλοῦσθαι
3167 2027 3211 2086 δ’
3249 2030 3301 2085 ἐν
3324 2032 3401 2108 τῷ
3427 2033 3525 2101 τῆς

1908 2122 1911 2123 ’
1958 2108 2255 2190 Ἀρτέμιδος
2276 2107 2500 2192 ᾅσματι,
2521 2102 2582 2169 οὗ
2611 2110 2748 2169 ἐστὶν
2776 2113 2916 2191 ἀρχή
2933 2134 2948 2150 ·
2977 2140 3002 2167 οι
3028 2112 3246 2194 Ἄρτεμι
3270 2117 3350 2176 σοί
3380 2117 3448 2195 μέ
3471 2140 3523 2174 τι

1959 2197 2093 2278 φρὴν
2116 2196 2357 2278 ἐφίμερον
2377 2193 2535 2274 ὕμνον
2548 2196 2680 2255 ἱέναι
2702 2196 2871 2274 (uvea
2887 2203 3016 2260 cod.
3035 2206 3083 2260 A
3101 2204 3174 2279 Β)
3199 2226 3256 2261 τε
3275 2202 3389 2261 ὅθεν
3415 2195 3506 2285 ᾆδε

1959 2308 2038 2352 τις
2058 2283 2194 2343 ἀλλὰ
2221 2283 2544 2365 χρυσοφανία
2572 2282 2848 2365 κρέμὸαλα
2871 2286 3226 2369 χαλκοπάραα
3255 2290 3454 2369 χερσίν.
3485 2316 3509 2341 ι

2040 2375 2356 2444 Postrema,
2385 2391 2560 2446 quum
2587 2391 2786 2429 manea
2817 2376 2954 2443 sint,
2981 2376 3526 2451 Schweighaeuserus

1958 2459 2033 2516 ad
2065 2471 2309 2515 metrum
2336 2460 2643 2535 elegiacum
2672 2463 2961 2516 revocavit
2976 2463 3128 2518 hunc
3151 2466 3209 2518 in
3237 2465 3471 2519 modum
3503 2484 3520 2519 ι

2085 2568 2288 2629 Ἄρτεμι,
2314 2565 2392 2615 σοί
2417 2565 2467 2630 μ’
2492 2566 2557 2616 ἔτι
2581 2568 2694 2631 φρὴν
2717 2567 2790 2616 ἐπ’
2806 2567 3017 2632 ἐφίμερον
3041 2570 3183 2631 ὕμνον
3206 2571 3374 2620 ἕνωθεν
3402 2571 3496 2633 (Ρ),

2085 2709 2128 2756 x
2141 2636 2237 2755 ‘'AB‘'
2258 2637 2324 2685 in
2347 2642 2614 2699 χρυσοφαῆ
2631 2638 2868 2700 ’φίμὸαλα
2885 2640 3164 2700 καλκοπαγῆ

2129 2722 2213 2770 ερσ
2236 2739 2293 2757 ...

1958 2802 2196 2857 Fiorillo
2213 2802 2285 2858 ad
2312 2801 2528 2858 Herod.
2556 2803 2726 2860 Attio.
2753 2820 2810 2876 p.
2834 2802 2910 2859 68
2936 2806 3209 2877 proponit
3242 2825 3257 2861 ε
3285 2802 3499 2883 1Ἄρτεμι

1965 2885 2048 2945 σοί
2089 2884 2143 2964 μ’
2175 2885 2287 2945 ἐστὶ
2326 2884 2459 2969 φρὴν
2489 2885 2729 2967 ἐφίμερον
2764 2883 2922 2963 ὕμνον
2955 2885 3116 2961 ἱέναι,
3162 2887 3256 2956 ἕως
3279 2889 3416 2950 ἄλλα
3447 2915 3528 2958 τις

1960 2972 2266 3055 χρυσοφαέα
2288 2972 2565 3054 κρίμὸαλα
2591 2975 2946 3055 χαλκοπάραα
2978 2978 3158 3055 χερσὶν
3183 2977 3377 3058 ἔχουσα
3406 2982 3521 3040 ἷακ·

1964 3065 2067 3140 χεῖ.
2088 3064 2328 3119 Fuhrius
2348 3064 2420 3120 ad
2447 3064 2756 3120 Dicaearchi
2780 3065 2956 3122 verba
2980 3085 2995 3120 z
3024 3065 3374 3146 ἐπιχωριάσαι
3401 3072 3521 3127 καθ’

1968 3145 2260 3226 ὗπερὸολήν
2283 3151 2583 3223 respiciens
2599 3191 2615 3219 ‚
2639 3151 2987 3225 opinansque
3014 3152 3158 3208 hane
3191 3159 3521 3212 sententiam

1967 3237 2030 3291 in
2046 3238 2169 3311 ipso
2193 3238 2440 3293 carmine
2467 3237 2768 3293 indicatam
2792 3256 2935 3308 esse,
2967 3239 3085 3295 haec
3110 3241 3338 3297 excudit
3366 3237 3524 3321 z'Ap·

1965 3344 2121 3398 τεμι,
2160 3320 2243 3381 σοὶ
2282 3320 2376 3398 μὲν
2424 3319 2557 3402 φρὴν
2590 3319 2731 3381 ἵεταί
2779 3321 2879 3379 τιν’
2928 3324 3170 3403 ἐφίμερον
3216 3324 3374 3401 ὕμνον
3415 3329 3525 3387 Καὶ

1964 3407 2133 3467 θεόθεν
2173 3405 2459 3485 [σύμενον,
2491 3405 2774 3488 κρούοισα]
2807 3408 2852 3466 δ’
2891 3408 3103 3467 διειδέτω
3145 3410 3282 3469 ἄλλα
3320 3415 3525 3492 Χρυσο-

1965 3502 2105 3576 φανᾶ
2131 3493 2310 3574 χερσίν
2348 3516 2424 3561 τις
2445 3493 2722 3573 κρέμὸαλα
2749 3496 3100 3575 χαλκοπάραα
3117 3539 3134 3568 ,
3160 3501 3200 3554 i.
3233 3518 3283 3557 e.
3315 3502 3524 3572 Diana,

1974 3584 2080 3640 tihi
2123 3583 2355 3658 quidem
2391 3584 2607 3639 animus
2651 3586 2807 3659 cupit
2845 3602 3071 3639 suavem
3116 3597 3172 3640 et
3217 3604 3287 3642 ex
3333 3587 3526 3645 divina

1970 3671 2338 3745 inspiratione
2361 3670 2682 3746 profectum
2724 3672 2995 3745 hymnum
3022 3671 3252 3744 audire3
3286 3677 3394 3732 alia
3422 3693 3527 3732 au-

1970 3833 2227 3886 Acsdemia
2243 3872 2258 3897 ‚
2277 3834 2340 3884 ab
2359 3835 2453 3885 boe
2466 3836 2628 3885 sutem
2655 3847 2833 3899 pagum
2859 3835 3218 3898 Marathonem,
3244 3838 3373 3901 quod
3399 3840 3528 3890 ultro

1967 3926 2019 3964 se
2036 3926 2098 3964 ex
2115 3913 2323 3976 quodam
2343 3913 2540 3963 oraculo
2564 3913 2816 3964 obtulisset
2834 3916 2946 3964 ante
2958 3914 3113 3965 aciem
3125 3914 3492 3967 inmolandum.

2696 4014 2781 4066 1⁴.

2031 4094 2226 4147 oraculi
2242 4094 2373 4158 quod
2394 4095 2441 4144 iu
2471 4095 2605 4146 Elide
2642 4097 2742 4159 est,
2772 4095 3076 4146 Dieoearebus
3100 4111 3296 4161 quoque
3323 4101 3521 4152 mentio·

1968 4184 2081 4222 nem
2106 4171 2236 4222 facit.

2701 4238 2783 4289 15.

2030 4330 2181 4378 Erant
2198 4331 2373 4392 praeter
2396 4329 2716 4379 instrumenta
2732 4342 2843 4394 quas
2875 4329 3105 4381 inflantur
3127 4334 3177 4382 et
3201 4345 3313 4395 quoe
3337 4333 3530 4384 chordis

1968 4403 2194 4456 distincta
2225 4408 2364 4468 sunt,
2383 4405 2475 4455 alis
2500 4405 2751 4469 strepitum
2787 4407 3093 4458 solummodo
3113 4407 3334 4472 edentis,
3379 4411 3531 4460 veluti

1969 4483 2169 4533 amaia.
2209 4486 2283 4535 De
2307 4483 2487 4548 quibus
2514 4483 2823 4536 Dicaearchus
2856 4486 3074 4550 loquitur
3091 4487 3140 4536 in
3163 4487 3287 4538 libro
3319 4491 3389 4538 De
3429 4490 3526 4538 vita

1970 4560 2204 4622 Gracina,
2244 4559 2407 4611 dicens
2437 4559 2822 4625 frequentissimo
2855 4565 2905 4613 et
2928 4564 3129 4614 modum
3166 4578 3363 4628 prorsus
3385 4578 3529 4616 exce-

1970 4635 2116 4688 dente
2134 4649 2225 4688 usu
2244 4637 2391 4712 ruisse
2406 4636 2523 4687 oiim
2548 4639 2680 4687 certa
2702 4637 2927 4702 quaedam
2955 4639 3297 4705 instrumenta,
3320 4655 3532 4705 quorum

1971 4712 2034 4762 sd
2050 4725 2226 4764 sonum
2257 4714 2556 4765 etnltsrent
2579 4717 2630 4764 et
2660 4717 2888 4766 canerent
2914 4718 3165 4778 mulierem
3201 4731 3311 4781 quoe
3347 4719 3527 4769 instru-

1972 4793 2135 4840 menta
2167 4790 2209 4844 si
2242 4789 2402 4854 digitis
2426 4793 2701 4855 percuteret
2732 4791 2930 4857 aliquis,
2962 4796 3187 4857 argutum
3222 4795 3418 4846 ederent
3455 4809 3528 4847 so·

1971 4880 2091 4918 num
2129 4887 2142 4917 ε
2180 4880 2334 4931 esque
2353 4867 2606 4930 dgnifloeri
2637 4871 2688 4920 in
2723 4870 2890 4921 Dian-‘e
2917 4872 3133 4934 cantico,
3170 4872 3309 4934 cuius
3337 4876 3408 4923 est
3445 4874 3529 4923 ini·

1973 4943 2098 4994 tium
2124 4962 2139 4996 z
2168 4961 2194 4988 ι
2215 4944 2392 5008 Diam,
2408 4946 2524 4996 mibi
2548 4948 2739 4998 animus
2756 4950 2828 4997 est
2845 4949 3033 5011 gratum
3049 4948 3135 4999 tibi
3154 4948 3295 4999 edere
3318 4963 3530 5012 cannen,

1973 5021 2169 5072 interim
2187 5024 2296 5072 tum
2318 5022 2424 5073 hnc
2440 5023 2534 5073 elia
2552 5025 2570 5087 (
2591 5025 2796 5086 mulier)
2820 5026 2989 5076 aurata
3006 5039 3139 5077 oenee
3166 5026 3402 5077 crembela
3426 5028 3532 5090 pul·

1975 5101 2067 5151 set.
2085 5119 2109 5143 n
2126 5097 2147 5164 [
2162 5101 2207 5151 Β
2223 5102 2455 5152 versione
2468 5100 2740 5165 Schweiqh.
2760 5100 2778 5172 ]
