4016 5916
1664 381 2163 444 fRAGMENTA.

3369 397 3482 449 428

272 517 428 577 Θέων.
472 515 667 596 Ἑτέρα
695 517 740 575 δ’
772 514 910 574 ἕστὶν
939 517 972 585 ἡ
1003 512 1087 572 ἐπὶ
1110 511 1205 580 τὰς
1227 510 1401 578 θυσίας
1429 511 1613 580 ἔξοδος.
1655 512 1823 591 Τρίτη
1917 535 2059 589 νασι,
2086 511 2201 571 καθ’
2221 509 2515 591 ὓπερὸολὴν
2535 511 2590 570 δὲ
2613 514 2911 592 Δηίμαχος·
2936 513 3001 572 τὰ
3021 514 3074 573 δὲ
3099 514 3310 595 δεύτερα
3335 517 3477 596 λέγει

278 607 321 663 δ’
348 606 433 663 ἐπὶ
462 605 621 683 θήραν
648 602 878 682 βακχική
907 624 1009 676 τις,
1043 599 1221 680 κύκλῳ
1263 601 1517 676 γυναικῶν
1549 622 1824 678 περικεχυ-

277 692 462 762 μένων,
530 691 713 760 ἔξωθεν
770 689 825 747 δὲ
874 692 976 746 τῶν
1031 685 1322 766 δορυφόρων
1341 709 1353 722 ·
1402 685 1827 766 παρεσχρίνισται

278 780 322 838 δ’
350 784 383 850 ἡ
410 779 548 846 ὁδός·
576 781 652 858 τῷ
688 775 740 836 δὲ
769 773 1074 854 παρελθόντι
1105 773 1242 840 ἰντὸς
1271 773 1426 853 μέχρι
1450 777 1705 851 γυναικῶν
1735 773 1824 832 θά-

280 890 426 932 νατος
447 890 460 905 ·
490 871 836 945 προηγοῦνται
861 863 913 921 δὲ
938 863 1294 937 τυμπανισταὶ
1325 862 1414 920 καὶ
1444 861 1820 940 κωδωνορόροι.

279 959 565 1030 Κυνηγετεῐ
589 956 632 1011 δ’
663 956 713 1010 ἐν
742 951 836 1028 μὲν
863 960 968 1017 τοῖς
1002 949 1424 1030 περιφράγμασιν
1456 950 1559 1008 ἀπὸ
1595 950 1827 1027 βήματος

273 1041 490 1109 τοξεύων
511 1064 523 1077 ·
550 1048 835 1118 παρεστᾶσι
869 1041 914 1095 δ’
954 1036 1158 1096 ἔνοπλοι
1190 1037 1280 1095 δύο
1321 1036 1354 1107 ἢ
1395 1038 1526 1116 τρεῖς
1564 1038 1823 1114 γυναῖκες·

273 1132 325 1188 ἐν
354 1130 407 1187 δὲ
432 1129 541 1194 ταῖς
570 1127 846 1205 ἀφράκτοις
870 1124 1047 1205 θήραις
1068 1125 1157 1182 ἀπ’
1181 1123 1452 1204 ἐλέφαντος
1468 1147 1480 1160 ·
1507 1127 1561 1182 αἱ
1586 1124 1638 1182 δὲ
1659 1128 1826 1201 γυναῖ·

271 1241 356 1284 κες
386 1221 436 1274 αἱ
468 1215 562 1292 μὲν
594 1220 671 1296 ἐφ’
705 1214 971 1294 ἁρμάτων,
994 1216 1047 1272 αἱ
1074 1214 1116 1271 δ’
1140 1214 1217 1294 ἐφ’
1242 1212 1437 1285 ἵππων,
1470 1216 1520 1271 αἱ
1552 1211 1604 1290 δὲ
1634 1214 1723 1270 καὶ
1744 1215 1825 1270 ἐπ’

272 1305 581 1385 ἐλεφάντων,
610 1307 678 1370 ὡς
714 1303 804 1362 καὶ
845 1299 1295 1382 συστρατεύουσιν,
1337 1299 1632 1376 ἠσκημέναι
1672 1300 1828 1358 παντὶ

270 1392 434 1471 ὅπλῳ.

352 1479 528 1559 [Ἔχει
557 1477 651 1554 μὲν
680 1468 766 1536 οὗν
807 1476 897 1536 καὶ
924 1482 1090 1537 ταῦτα
1133 1475 1330 1547 πολλὴν
1370 1476 1580 1546 ἀήθειαν
1610 1475 1735 1555 πρὸς
1764 1474 1829 1534 τὰ

275 1566 394 1646 παρ’
417 1573 573 1641 ἡμῖν·
600 1565 676 1624 ἔτι
702 1564 877 1642 μέντοι
909 1567 1105 1641 μᾶλλον
1133 1564 1200 1624 τὰ
1240 1563 1467 1642 zozias]
1549 1565 1697 1635 Φησὶ
1725 1562 1825 1642 γὰρ

267 1655 384 1721 τοὺς
425 1654 513 1711 τὸν
558 1651 839 1714 Καύκασον
879 1656 1141 1718 οἰκοῦντας
1171 1654 1222 1709 ἐν
1264 1654 1337 1730 τῷ
1380 1653 1585 1732 φανερῷ
1625 1651 1829 1727 γυναιξὶ

273 1741 578 1819 μίσγεσθαι,
610 1741 698 1800 καὶ
725 1749 1069 1823 σαρκοφαγεῖν
1092 1739 1156 1799 τὰ
1176 1743 1276 1798 τῶν
1299 1743 1557 1817 συγγενῶν
1579 1739 1820 1815 σώματα.

272 1827 689 1908 Πετροκυλιστὰς
710 1829 753 1885 δ’
781 1801 910 1886 έῖναι
933 1826 1332 1907 κερκοπιθήκους
1353 1830 1464 1885 κτλ.
1490 1829 1576 1903 (v,
1608 1829 1677 1883 sr.
1709 1828 1825 1905 30).

270 1920 487 1975 Deinde
510 1918 664 1995 apud
696 1919 1027 1974 Strabonem
1055 1919 1306 1991 sequitur
1334 1917 1401 1971 sr.
1437 1916 1533 1975 25.

1003 2049 1096 2103 28.

350 2179 645 2233 Athenaeus
669 2179 763 2242 IV,
787 2197 843 2250 p.
886 2177 1023 2246 133,
1058 2181 1104 2233 D
1139 2197 1151 2234 ε
1189 2174 1632 2252 Μεγασθένης
1664 2177 1724 2234 ἐν
1754 2179 1827 2252 τῇ

272 2263 552 2342 δευτέρα
577 2267 701 2320 τῶν
754 2262 1046 2321 Ἰνδικῶν
1092 2267 1197 2328 τοῖς
1242 2263 1418 2329 Ἰνδοῖς
1469 2285 1622 2340 φησιν
1662 2266 1712 2322 ἐν
1754 2268 1827 2339 τῷ

273 2353 460 2430 δείπνῳ
488 2349 860 2428 παρατίθεσθαι
903 2349 1106 2427 ἑκάστῳ
1143 2349 1428 2430 τράπεζαν,
1455 2350 1650 2421 ταύτην
1688 2350 1732 2407 δ’
1754 2338 1822 2406 εἶ·

271 2461 353 2496 ναι
380 2437 562 2514 ὁμοίαν
587 2443 699 2504 ταῖς
740 2437 1071 2516 ἐγγυθήκαις·
1114 2439 1203 2496 καὶ
1234 2438 1549 2496 ἐπιτίθεσθαι
1585 2438 1664 2496 ἐπ’
1696 2439 1827 2516 αὐτῇ

274 2523 510 2603 τρυὸλίον
538 2530 782 2604 χρυσοῦν,
830 2528 898 2589 εἷς
933 2526 961 2582 ὃ
994 2524 1241 2600 ἐμὸαλεῖν
1270 2525 1452 2592 αὐτοὺς
1490 2528 1694 2612 πρῶτον
1734 2525 1829 2601 μὲν

274 2612 368 2682 τὴν
392 2615 578 2693 ὄρυζαν
605 2611 780 2693 ἑφθὴν,
810 2617 877 2679 ὡς
916 2612 975 2670 ἄν
1017 2637 1092 2676 τις
1131 2613 1337 2692 ἑψήσειε
1377 2613 1611 2693 χόνδρον,
1655 2612 1830 2672 ἔπειτα

274 2700 376 2779 ὄψα
398 2699 564 2758 πολλὰ
589 2701 1059 2780 κεχειρουργημένα
1086 2709 1195 2766 ταῖς
1226 2701 1476 2767 Ἰνδικαῖς
1510 2701 1824 2767 σκευασίαις.

276 2791 357 2844 De
387 2790 556 2843 coenis
584 2790 657 2847 cf.
708 2790 778 2847 sr.
819 2810 913 2859 22,
966 2789 1019 2848 3.
1056 2791 1193 2846 Cum
1226 2803 1418 2846 nostro
1448 2793 1576 2847 loco
1602 2810 1832 2864 compo·

276 2875 522 2930 nendum
552 2876 838 2930 Daimachi
870 2875 940 2932 sr.
977 2882 1032 2941 4.

1006 3026 1102 3079 29.

353 3137 552 3192 Strabo
584 3138 659 3203 11,
690 3156 750 3209 p.
783 3156 854 3205 70
886 3157 897 3190 ε
929 3134 1182 3200 Ἅπαντες
1207 3133 1299 3209 μὲν
1322 3134 1486 3192 τοίνυν
1515 3139 1560 3193 οἱ
1592 3135 1709 3213 περὶ
1740 3140 1829 3205 τ’ἧς

279 3221 496 3290 Ἰνδικῆς
525 3220 815 3299 γράψαντες
854 3226 922 3289 ὡς
962 3223 1045 3281 ἐπὶ
1082 3222 1141 3280 τὸ
1172 3223 1303 3279 πολὺ
1334 3222 1638 3302 ψευδολόγοι
1667 3224 1830 3301 γεγό-

278 3388 409 3435 ribus
434 3390 735 3450 perfricatur.
808 3391 938 3440 Alius
957 3391 1113 3441 exitus
1133 3393 1205 3441 est
1229 3392 1289 3440 ad
1312 3392 1568 3451 sacriticia3
1590 3392 1759 3441 tertius
1778 3393 1837 3440 ad

278 3466 610 3527 venationem,
632 3465 679 3513 in
718 3480 841 3528 quo,
876 3468 1108 3517 Bacchico
1139 3483 1301 3530 more,
1328 3470 1540 3518 maxima
1578 3470 1837 3519 mulierum

280 3546 474 3591 caterva
499 3543 917 3608 circumfunditur,
948 3547 1200 3595 mulierum
1217 3562 1331 3597 vero
1356 3548 1497 3597 turba
1514 3549 1725 3598 exterius
1742 3550 1836 3598 cin·

280 3621 406 3681 gitur
420 3622 680 3681 satellibus;
703 3635 842 3684 porro
863 3624 1052 3673 funibus
1072 3625 1145 3672 via
1160 3625 1220 3674 ab
1236 3629 1440 3689 utroque
1464 3627 1611 3676 latere
1631 3627 1837 3676 circum·

281 3698 458 3761 scripta
487 3701 559 3747 est
593 3717 606 3748 ι
642 3699 808 3761 quodsi
836 3701 942 3763 quis
980 3702 1108 3751 intus
1131 3702 1190 3751 ad
1222 3705 1444 3753 mulieres
1465 3718 1617 3766 usque
1647 3719 1838 3768 progre-

280 3776 429 3837 ditur,
472 3776 775 3827 interficitur.
857 3779 1135 3829 Praeceilunt
1186 3794 1345 3843 regem
1381 3784 1607 3844 tympana
1641 3785 1689 3832 et
1740 3783 1837 3832 tin·

282 3854 549 3906 tinnabula.
616 3860 780 3914 Quum
810 3857 856 3905 in
879 3857 994 3907 locis
1015 3859 1159 3921 septis
1185 3862 1405 3922 venatur,
1431 3874 1458 3909 e
1490 3861 1607 3910 solio
1628 3861 1837 3924 sagittat,

282 3932 605 3982 assistentibus
623 3936 666 3982 ei
685 3933 871 3982 duabus
892 3935 1102 3984 tribusve
1122 3937 1401 3986 mulieribus
1424 3938 1651 3999 armatis;
1689 3952 1839 4000 quum

283 4010 332 4058 in
359 4011 472 4060 locis
503 4011 681 4074 apertis
716 4017 931 4073 venatur,
970 4016 1161 4076 sagittat
1198 4016 1258 4065 ab
1297 4017 1578 4078 eleplnaute5
1618 4018 1842 4067 mulieres

286 4100 398 4136 vero
423 4089 592 4151 partim
618 4088 840 4139 curribus
858 4091 1032 4153 partim
1049 4092 1183 4154 equis
1202 4093 1277 4142 vel
1305 4090 1568 4155 elephantis
1584 4094 1838 4154 vehuntur,

285 4164 421 4213 sicuti
450 4166 593 4215 etiam
623 4166 808 4217 militiae
849 4168 1085 4218 intersunt
1115 4183 1259 4219 omne
1287 4183 1529 4219 armorum
1566 4184 1714 4232 genus
1746 4174 1840 4220 tra·

286 4245 414 4291 ctare
433 4241 627 4291 edoctfe.

348 4323 461 4369 Haec
488 4325 616 4370 certe
638 4336 751 4371 cum
775 4324 949 4372 nostris
972 4327 1247 4386 comparata
1274 4325 1410 4373 valde
1428 4328 1537 4373 suut
1559 4325 1803 4375 insolentia
1826 4347 1838 4377 ι

286 4398 434 4459 magis
456 4412 569 4447 vero
606 4399 754 4448 etiam
788 4402 1051 4462 sequentia.
1094 4402 1281 4451 Etenim
1320 4403 1516 4450 Caucasi
1555 4402 1842 4453 habitatores

286 4476 439 4538 inquit
472 4477 518 4524 ln
542 4482 704 4539 aperto
729 4494 841 4528 cum
856 4480 1150 4529 mulieribus
1167 4480 1296 4530 coire
1319 4485 1367 4529 et
1403 4484 1712 4543 cognatorum
1736 4496 1839 4532 car·

284 4552 425 4601 nibus
450 4554 574 4602 vesci
589 4591 602 4614 ,
631 4558 776 4618 atque
798 4558 1149 4620 cercopithecos
1166 4571 1269 4607 esse
1290 4571 1402 4607 saxa
1425 4559 1746 4609 devolventes,

350 4712 672 4775 Megasthenes
693 4716 902 4766 seeundo
916 4719 1037 4769 libro
1056 4734 1213 4769 rerum
1227 4719 1494 4770 indicarum
1517 4723 1697 4787 scribit,
1717 4726 1843 4788 apud

289 4792 430 4841 Indos
451 4793 499 4841 in
519 4806 652 4843 coena
668 4796 925 4862 unicuique
954 4798 1127 4862 apponi
1154 4813 1364 4849 mensam
1387 4802 1587 4851 similem
1614 4806 1841 4866 reposito-

289 4870 368 4919 riis
394 4884 617 4920 vasorum
631 4890 645 4935 ;
671 4874 715 4923 ei
746 4874 924 4938 imponi
943 4877 1157 4925 catinum
1179 4889 1379 4926 aureum
1400 4913 1413 4938 ,
1434 4879 1483 4927 in
1505 4893 1648 4942 quem
1668 4881 1842 4944 injicia-

290 4951 369 4997 tur
388 4950 597 5010 primum
640 4966 784 5016 oryza
807 4960 973 5018 cocta,
1008 4956 1143 5006 velut
1178 4957 1306 5019 apud
1330 4971 1418 5008 nos
1450 4958 1570 5008 alica
1600 4962 1841 5024 coquitur,

292 5031 393 5078 tum
420 5042 535 5079 vero
552 5034 707 5082 multa
726 5034 924 5084 obsonia
955 5036 1126 5085 Indicis
1145 5038 1436 5088 scitamentis
1453 5042 1636 5101 parata.

1020 5118 1109 5168 29.

1922 598 2282 676 Μεγασθένης·
2309 600 2675 680 ·Ὀνησίκριτος
2715 600 2767 657 δὲ
2804 601 2894 657 καὶ
2929 601 3165 680 Νέαρχος
3205 603 3294 660 καὶ
3323 605 3474 665 ἄλλοι

1918 693 2137 747 τοιοῦτοι
2163 687 2630 767 παραψελλίζοντες
2650 687 2773 759 ἤδη.
2809 688 2912 747 Καὶ
2933 694 3058 764 ἡμῖν
3085 691 3129 747 δ’
3155 690 3374 770 ὑπῆρξεν
3395 692 3483 752 ἐπὶ

1918 774 2074 834 πλέον
2116 777 2344 834 κατιδεῖν
2371 779 2537 833 ταῦτα
2557 817 2573 846 ,
2616 775 3186 853 ὕπομνηματιζομένοις
3224 777 3316 848 τὰς
3342 779 3485 840 Ἀλε-

1922 862 2133 942 ξάνδρου
2157 861 2393 943 πράξεις·
2429 862 2774 944 διαφερόντως
2811 864 2854 921 δ’
2897 866 3132 922 ἀπιστεῖν
3181 863 3320 933 ἄξιον
3362 873 3486 939 Δηι-

1922 951 2080 1030 μάχῳ
2119 974 2176 1009 τε
2200 951 2291 1008 καὶ
2337 949 2682 1028 Μεγασθένει.
2771 943 2937 1012 Οὗτοι
2979 951 3081 1032 γάρ
3123 956 3251 1010 εἰσιν
3281 956 3328 1012 οἱ
3369 955 3486 1022 τοὺς

1923 1037 2300 1104 Ἐνωτοκοίτας
2314 1036 2538 1103 καὶτοὺς
2560 1036 2836 1113 Ἀστόμους
2859 1038 2947 1096 καὶ
2968 1036 3207 1119 Ἄρρινας
3226 1042 3484 1119 ἱστοροῦν·

1919 1148 2033 1203 τες,
2060 1125 2473 1207 Μονοφθάλμους
2496 1147 2552 1183 τε
2578 1124 2668 1184 καὶ
2701 1127 3092 1206 Μακροσκελεῖς
3126 1126 3216 1185 καὶ
3246 1127 3486 1188 Ὀπισθο·

1920 1211 2228 1280 δακτύλους·
2277 1211 2608 1271 ἄνεκαίνισαν
2654 1211 2708 1270 δὲ
2751 1213 2839 1270 καὶ
2885 1212 2981 1284 τὴν
3032 1211 3332 1293 Ὁμηρικὴν
3376 1217 3478 1273 τῶν

1925 1299 2216 1379 Πυγμαίων
2239 1300 2647 1380 γερανομαχίαν,
2669 1299 3042 1378 τρισπιθάμους
3062 1300 3311 1368 εἰπόντες·
3341 1294 3484 1362 οὗτοι

1921 1385 1975 1446 δὲ
2003 1388 2092 1446 καὶ
2120 1387 2236 1454 τοὺς
2259 1387 2632 1469 χρυσωρύχους
2668 1389 2947 1468 μύρμηκας
2976 1390 3065 1448 καὶ
3093 1393 3274 1458 Πᾶνας
3302 1413 3489 1471 σφηνο·

1920 1475 2178 1554 κεφάλους
2206 1476 2345 1553 ὄφεις
2376 1499 2430 1534 τε
2457 1476 2546 1534 καὶ
2576 1475 2794 1556 ἐλάφους
2827 1477 2917 1535 σὺν
2951 1476 3140 1558 κέρασι
3168 1478 3484 1560 καταπίνον·

1920 1586 2038 1628 τας·
2083 1562 2204 1643 περὶ
2248 1555 2319 1622 ὧν
2366 1561 2537 1638 ἕτερος
2583 1563 2670 1622 τὸν
2712 1563 2882 1642 ἕτερον
2927 1567 3156 1644 ἐλέγχει,
3205 1564 3335 1643 ὅπερ
3374 1565 3465 1625 καὶ

1921 1650 2296 1726 Ἐρατοσθένης
2325 1652 2497 1730 φησίν.
2550 1650 2932 1732 Ἐπέμςρθησαν
2957 1652 3050 1729 μὲν
3074 1653 3175 1732 γὰρ
3194 1656 3265 1720 εἰς
3285 1653 3352 1713 τὰ
3377 1658 3488 1715 Πα·

1920 1737 2176 1818 λίμὸοθρα
2194 1783 2210 1811 ,
2240 1742 2267 1796 ὁ
2293 1741 2386 1815 μὲν
2413 1738 2748 1815 Μεγασθένης
2775 1740 2901 1819 πρὸς
2926 1742 3333 1820 Σανδράκοττον,
3368 1746 3396 1800 ὁ
3427 1740 3482 1800 δὲ

1921 1824 2193 1904 Δηίμαχος
2220 1825 2346 1906 πρὸς
2387 1824 2790 1906 Ἀλλιτροχάδην
2829 1827 2916 1885 τὸν
2964 1827 3158 1887 ἐκείνου
3200 1828 3309 1887 υἱὸν
3338 1827 3475 1888 κατὰ
3567 1836 3572 1842 ’

1919 1913 2229 1990 πρεσὸείαν·
2258 1913 2609 1988 ὑπομνήματα
2648 1913 2701 1972 δὲ
2740 1919 2832 1986 τῆς
2874 1915 3172 1993 ἀποδημίας
3202 1916 3479 1975 κατέλιπον

1843 2064 1857 2077 ‚
1920 2007 2169 2072 τοιαῦτα,
2205 2006 2287 2081 ὑφ’
2340 2002 2608 2072 ἡσδήποτε
2646 2003 2817 2077 αἰτίας
2869 2004 3234 2083 προαχθέντες.
3272 2008 3485 2086 Πατρο·

1920 2091 2049 2161 κλῆς
2076 2089 2130 2147 δὲ
2159 2089 2351 2160 ἥκιστα
2380 2096 2629 2157 τοιοῦτος·
2655 2091 2743 2149 καὶ
2769 2094 2815 2148 οἱ
2840 2091 2988 2150 ἄλλοι
3018 2091 3071 2151 δὲ
3108 2093 3364 2174 μάρτυρες
3388 2096 3480 2153 οὐκ

1923 2177 2198 2254 ἀπίθανοι,
2233 2170 2305 2243 οἷς
2332 2176 2587 2257 κέχρηται
2614 2181 2640 2235 ὁ
2664 2177 3058 2256 Ἐρατοσθένης.

2657 2347 2749 2404 30.

2000 2527 2200 2582 Strabo
2224 2528 2347 2597 XV,
2383 2547 2442 2601 p.
2477 2546 2542 2598 71
2562 2546 2583 2581 1
2618 2547 2631 2581 ε
2662 2523 3095 2604 Ὑπερεκπίπτων
3116 2525 3160 2582 δ’
3182 2525 3267 2584 ἐπὶ
3298 2525 3357 2584 τὸ
3387 2529 3484 2603 μὐ·

1923 2612 2079 2678 θῶδες
2112 2611 2569 2687 πεντασπιθάμους
2600 2611 2900 2691 ἀνθρώπους
2927 2611 3069 2689 λέγει
3092 2612 3182 2671 καὶ
3212 2612 3484 2693 τρισπιθά-

1923 2719 2066 2773 μους,
2092 2690 2164 2756 &v
2184 2721 2325 2764 τινας
2351 2697 2672 2777 ἀμύκτηρας,
2697 2699 2958 2765 ἀναπνοὰς
2978 2699 3191 2778 ἔχοντας
3215 2702 3370 2776 μόνον
3394 2700 3502 2759 δύο.

1922 2785 2052 2864 ὑπὲρ
2092 2790 2183 2843 τοῦ
2225 2784 2507 2861 στόματος·
2540 2785 2668 2866 πρὸς
2697 2786 2748 2845 δὲ
2785 2786 2900 2852 τοὺς
2928 2787 3305 2866 τρισπιθάμους
3338 2787 3488 2847 πόλε-

1924 2897 2018 2950 μον
2041 2863 2170 2930 εἶναι
2203 2881 2315 2939 ταῖς
2340 2871 2569 2952 γεράνοις
2613 2873 2687 2951 (ὃν
2720 2873 2808 2931 καὶ
2843 2872 3089 2952 “Ο;ιηρον
3133 2874 3348 2951 δηλοῦν)
3390 2874 3480 2932 καὶ

1925 2970 2028 3029 τοῖς
2048 2960 2297 3042 πέρδιξιν,
2320 2960 2406 3029 οὒς
2426 2961 2788 3041 χηνομεγέθεις
2818 2952 2977 3020 εἶναι·
3013 2960 3223 3027 τούτους
3263 2960 3306 3017 δ’
3337 2961 3487 3020 ἐκλέ-

1922 3074 2030 3127 γειν
2056 3052 2225 3108 αὐτῶν
2249 3050 2315 3107 τὰ
2336 3048 2416 3130 ᾠὰ
2444 3050 2534 3107 καὶ
2564 3050 2782 3130 φθείρειν
2801 3073 2814 3085 ·
2840 3052 2949 3108 ἐκεῖ
2973 3048 3074 3128 γὰρ
3110 3051 3354 3130 ᾠοτοκεῖν
3391 3048 3481 3117 τὰς

1922 3138 2188 3216 γεράνους·
2214 3137 2389 3215 διόπερ
2416 3139 2660 3214 μηδαμοῦ
2695 3136 2818 3212 μηδ’
2848 3136 2927 3218 ᾠὰ
2955 3138 3280 3215 εὑρίσκεσθαι
3308 3135 3479 3213 γερά-

1923 3248 2045 3295 νων,
2079 3225 2202 3301 μήτ’
2223 3217 2312 3283 οὖν
2334 3224 2561 3283 νεόττια·
2582 3224 2882 3290 πλειστάκις
2906 3225 2948 3281 δ’
2973 3224 3242 3281 ἐκπίπτειν
3265 3222 3481 3301 γέρανον

1924 3396 2037 3443 sunt
2063 3413 2073 3441 :
2097 3407 2194 3456 prae
2210 3395 2402 3456 reliquis
2421 3395 2731 3455 DeimachuS,
2762 3393 2977 3455 proxime
2997 3392 3338 3453 Megasthene-⁵3
3362 3394 3480 3439 One·

1924 3470 2114 3519 sicritus
2144 3470 2348 3533 denique
2387 3472 2436 3520 et
2457 3471 2701 3521 Nearchus
2721 3469 2896 3531 aliique
2922 3470 3042 3519 tales
3073 3468 3174 3530 jam
3207 3467 3285 3515 vel
3316 3467 3482 3515 balbu-

1924 3546 2070 3597 tiunt.
2106 3548 2244 3607 Quocl
2265 3548 2400 3596 nobis
2419 3548 2602 3610 plenius
2618 3548 2883 3610 perspicere
2906 3546 3130 3607 contigit,
3154 3556 3304 3607 quum
3328 3541 3388 3591 de
3410 3556 3484 3591 re·

1926 3623 2017 3672 bus
2039 3624 2290 3675 Alexandri
2313 3626 2577 3673 faceremus
2611 3623 3025 3673 commentarium.
3051 3620 3293 3683 Praecipue
3320 3622 3482 3669 autem

1926 3702 2043 3750 tides
2066 3702 2320 3750 Deimacho
2339 3704 2409 3751 est
2432 3704 2481 3751 et
2506 3702 2796 3764 Megastheni
2821 3699 3105 3762 deroganda.
3145 3698 3206 3747 ni
3226 3697 3349 3746 enim
3371 3697 3484 3747 sunt

1924 3779 2007 3841 qui
2043 3779 2336 3828 Aurincubos
2375 3782 2390 3840 (
2419 3783 2472 3828 in
2512 3779 2731 3828 auribus
2763 3778 3080 3838 cubantes),
3127 3762 3482 3836 Ore-caPenteS,

1926 3855 2391 3917 Naribus-carentes,
2435 3856 2709 3917 Uuoculos,
2766 3853 3082 3917 Longipedes,
3137 3852 3482 3914 Digitis·retro·

1926 3933 2357 3994 aversis-praeditos
2397 3934 2639 3983 referunt:
2682 3934 2972 3981 renovarunt
3008 3930 3150 3979 etiam
3185 3928 3482 3979 Homericam

1928 4011 2256 4070 Pygmaeorum
2277 4012 2442 4057 contra
2460 4022 2598 4071 gruae
2623 4021 2855 4070 pugnam,
2878 4007 3026 4057 trium
3063 4005 3409 4068 spithamarum
3430 4005 3484 4052 iis

1926 4089 2159 4136 staturam
2174 4088 2500 4149 assignantes:
2536 4088 2676 4136 iidem
2699 4088 2893 4135 narrant
2928 4085 3148 4135 formicas
3177 4096 3347 4131 aurum
3367 4083 3483 4131 etto-

1926 4164 2108 4214 dientes
2120 4200 2135 4225 ,
2180 4167 2330 4215 Panas
2370 4165 2525 4228 capita
2560 4164 2699 4212 cunei
2737 4163 2890 4212 forma
2945 4162 3202 4221 liabentoe,
3243 4162 3483 4221 serpentes

1926 4243 2071 4291 etiam
2085 4243 2167 4306 qui
2187 4242 2333 4293 boves
2353 4246 2400 4292 et
2424 4257 2591 4293 cervos
2617 4256 2728 4291 cum
2763 4240 2988 4289 cornibus
3016 4236 3312 4300 deglutiant;
3336 4239 3482 4299 atque

1927 4322 1987 4371 de
2012 4322 2086 4371 liis
2124 4322 2245 4371 alter
2271 4323 2477 4371 alterum
2503 4320 2769 4383 redarguit,
2813 4318 2940 4381 quod
2966 4317 3309 4365 commemorat
3338 4317 3480 4364 etiam

1932 4398 2277 4448 Eratosthenes⁸
2301 4400 2427 4448 Missi
2459 4399 2584 4448 enim
2614 4398 2806 4446 suerunt
2838 4394 2975 4458 legati
3008 4393 3357 4453 Palimbothra,
3377 4397 3479 4443 Me·

1928 4476 2177 4537 gastinenes
2195 4476 2253 4525 ad
2278 4476 2644 4527 sandrocottum
2659 4512 2672 4537 ,
2703 4474 2989 4523 Deimachus
3005 4470 3064 4520 ad
3095 4471 3242 4519 silium
3274 4470 3379 4532 ejus
3397 4471 3481 4520 Al-

1929 4555 2477 4619 litrochacten,talesque
2501 4568 2697 4605 suarum
2730 4553 3159 4618 peregrinationum
3193 4550 3480 4599 commenta·

1930 4633 2024 4682 rios
2043 4635 2198 4683 neseio
2222 4648 2318 4698 qua
2337 4635 2398 4683 de
2433 4648 2576 4683 causa
2597 4634 2910 4697 reliquerunt.
2977 4629 3218 4680 Patrocles
3249 4641 3365 4675 vero
3391 4627 3481 4675 mi·

1929 4712 2056 4761 nime
2080 4726 2244 4762 eorum
2275 4713 2441 4762 similis
2483 4716 2583 4775 est,
2607 4725 2764 4776 neque
2807 4709 2977 4773 reliqui
3000 4708 3129 4757 leves
3173 4708 3287 4757 mut
3311 4707 3479 4767 testeS,

1928 4788 2104 4850 quibus
2127 4790 2278 4839 utitur
2294 4790 2644 4841 Eratosthenes.

1993 4956 2245 5018 prolapsus
2281 4954 2451 5006 deinde
2484 4956 2529 5003 in
2571 4954 2755 5004 fabulas
2800 4952 3125 5015 Megasthenes
3161 4949 3227 4998 ait
3267 4947 3483 4997 homines

1931 5034 2163 5096 quosdam
2179 5048 2279 5085 esse
2297 5037 2511 5097 quinque
2524 5071 2538 5096 ,
2563 5034 2681 5083 alios
2699 5032 2844 5082 trium
2879 5031 3222 5094 spithamarum
3237 5064 3250 5089 ,
3271 5039 3480 5090 quorum

1932 5113 2149 5161 nonnulli
2178 5125 2292 5161 naso
2305 5115 2497 5162 careant
2515 5114 2562 5160 et
2586 5111 2683 5159 duo
2701 5112 2889 5159 tantum
2919 5109 3209 5171 spiramenta
3242 5118 3386 5167 supra
3429 5116 3484 5151 os

356 5194 482 5242 Sane
496 5159 770 5261 quicunque
792 5197 852 5248 de
876 5199 1009 5250 India
1044 5199 1359 5265 scripserunt,
1396 5205 1625 5268 pleraque
1660 5206 1844 5255 mentm
1933 5190 2137 5240 babeant
2163 5206 2175 5239 :
2207 5205 2317 5240 cum
2344 5189 2651 5252 trispitliamis
2664 5201 2801 5251 grues
2824 5200 3032 5251 pugnare
3054 5183 3207 5248 (quod
3232 5185 3280 5233 et
3301 5184 3480 5232 Home·
