4016 5916
1659 401 2153 463 FRAGMENTA.
2234 367 2246 379 ’

3373 419 3488 470 4⁴9

258 531 480 597 τούτοις
515 529 666 589 αὐτὸν
703 514 807 588 ‘cl'ux
843 526 1181 607 αἰσχύνεσθαί
1223 548 1400 608 φησιν.
1445 528 1851 584 Antecedentia
1941 531 2004 606 τῇ
2025 526 2207 606 πρώτῃ
2238 527 2326 586 καὶ
2360 529 2569 608 εἰκοστῇ
2593 528 2822 608 γράφων·
2854 557 2875 580 ιι
2911 529 3294 589 Ἐπανελθόντα
3326 530 3378 590 δὲ
3407 533 3495 591 τὸν

260 620 401 678 vid.
421 623 478 675 in
490 619 937 675 Introductione.
953 617 1033 673 Cf.
1047 619 1322 689 Droysen.
1340 617 1560 671 Hellen.
1575 618 1619 685 1,
1632 634 1692 688 p.
1715 621 1851 689 429.

1047 737 1100 793 3.

718 879 761 934 E
804 880 1024 935 LIBRO
1074 877 1435 936 VICESIMO.

365 994 570 1049 Athen.
599 993 696 1066 Vl,
719 1009 775 1065 p.
794 989 928 1061 252,
951 993 994 1047 F
1023 1011 1035 1045 :
1057 987 1345 1059 Διαὸόητος
1369 985 1423 1045 δὲ
1446 987 1645 1066 ἐγένετο
1660 986 1744 1047 ἐπὶ
1762 1010 1848 1046 κο·

271 1076 472 1156 λακεία
511 1075 600 1134 καὶ
637 1079 665 1133 δ
700 1078 801 1133 τῶν
832 1075 1110 1146 Ἀθηναίων
1142 1077 1323 1151 δῆμος.
1357 1075 1679 1154 Δημοχάρης
1707 1081 1849 1153 γοῦν,

271 1170 305 1221 ὁ
353 1161 711 1240 Δημοσθένους
749 1168 838 1221 τοῦ
883 1162 1092 1243 ῥήτορος
1131 1163 1335 1242 ἀνεψιὸς
1372 1163 1583 1240 (immo
1632 1165 1844 1243 ἀδελφι·

275 1250 450 1328 δοῦς),
480 1252 530 1307 ἐν
554 1254 618 1327 τῇ
644 1253 850 1330 εἰκοστῇ
877 1253 980 1308 τῶν
1000 1247 1268 1329 Ἱστοριῶν
1288 1248 1620 1326 διηγούμενος
1640 1249 1757 1330 περὶ
1781 1242 1842 1321 ἧς

275 1341 550 1397 ἐποιοῦντο
578 1340 625 1395 οἱ
655 1336 910 1408 Ἀθηναῖοι
930 1337 1205 1404 κολακείας
1228 1336 1354 1416 πρὸς
1374 1337 1460 1395 τὸν
1489 1336 1849 1417 Πολιορκητὴν

271 1423 607 1502 Δημήτριον,
656 1423 746 1482 καὶ
788 1424 868 1482 ὅτι
894 1428 1032 1482 τοῦτ’
1065 1425 1159 1483 οὐκ
1197 1415 1261 1495 ἦν
1302 1424 1479 1504 ἐκείνῳ
1523 1424 1850 1504 βουλομένῳ,

281 1509 475 1590 γράφει
503 1508 664 1575 οὕτως
679 1534 691 1546 ·
720 1537 744 1562 «ι
770 1509 987 1570 Ἐλύπει
1017 1508 1111 1587 μὲν
1129 1510 1219 1570 καὶ
1244 1511 1437 1570 τούτων
1459 1508 1567 1568 ἔνια
1588 1511 1758 1584 αὐτὸν,
1783 1516 1851 1579 ὡς

284 1597 479 1675 ἔοικεν,
505 1600 560 1657 οὗ
588 1597 692 1674 μὴν
720 1598 856 1656 ἀλλὰ
879 1598 971 1657 καὶ
991 1599 1126 1658 ἄλλα
1153 1622 1212 1674 γε
1242 1600 1506 1665 παντελῶς
1535 1598 1729 1678 αἰσχρὰ
1759 1601 1849 1658 καὶ

281 1684 542 1743 ταπεινά·
582 1684 807 1758 Λεαίνης
854 1683 947 1762 μὶν
988 1685 1079 1745 καὶ
1127 1685 1340 1762 Λαμίας
1369 1685 1668 1765 Ἀφροδίτης
1710 1686 1849 1766 ἱερὰ,

273 1774 378 1833 καὶ
408 1773 664 1853 Βουρίχου
686 1772 777 1831 καὶ
805 1772 1138 1852 Ἀδειμάντου
1164 1774 1255 1832 καὶ
1277 1773 1605 1850 Ὀξυθέμιδος
1637 1778 1851 1834 τῶν·κο-

280 1862 469 1920 λάκων
497 1864 658 1920 αὐτοῦ
686 1862 775 1920 καὶ
799 1862 966 1940 βωμοὶ
985 1861 1075 1919 καὶ
1094 1865 1241 1942 ἡρῷα
1263 1862 1352 1919 καὶ
1377 1860 1613 1919 σπονδαί.
1636 1863 1849 1923 Τούτων

283 1946 492 2029 ἑκάστῳ
536 1945 626 2006 καὶ
688 1956 901 2013 παιᾶνες
948 1945 1135 2026 ᾔδοντο
1151 1992 1168 2020 ,
1222 1946 1357 2005 ὥστε
1414 1949 1501 2005 καὶ
1560 1948 1713 2006 αὐτὸν
1764 1949 1849 2008 τὸν

279 2035 591 2115 Δημήτριον
616 2033 896 2108 θαυμάζειν
925 2032 1011 2092 ἐπὶ
1052 2042 1155 2101 τοῖς
1196 2033 1513 2110 γινομένοις,
1543 2034 1630 2092 καὶ
1656 2035 1846 2113 λέγειν,

287 2121 372 2180 ὅτι
398 2122 560 2190 οὐδεὶς
582 2124 667 2181 ἐπ’
698 2123 854 2181 αὐτοῦ
884 2121 1164 2194 Ἀθηναίων
1193 2120 1367 2200 γέγονε
1396 2121 1559 2201 μέγας
1586 2121 1675 2180 καὶ
1703 2124 1853 2203 ἁδρὸς

289 2208 387 2279 τὴν
413 2209 612 2290 ψυχήν.
643 2235 668 2262 ¹·

369 2301 631 2373 Sequitur
656 2299 886 2356 Duridis
916 2299 988 2354 fr.
1039 2299 1132 2355 30.
1161 2302 1245 2355 De
1278 2318 1341 2356 re
1385 2297 1523 2372 (302
1559 2319 1611 2358 a.
1648 2301 1736 2375 C.)
1778 2301 1849 2359 cf.

288 2389 561 2461 Droysen.
593 2389 818 2444 Hellen.
847 2389 906 2457 1,
936 2406 996 2461 p.
1028 2386 1094 2444 51
1114 2407 1134 2443 1
1171 2406 1293 2463 sqq.

1041 2499 1096 2561 ι..

569 2614 615 2669 E
653 2615 879 2671 LIBRO
921 2615 1262 2672 VICESIMO
1306 2615 1558 2671 PRIMO.

375 2735 574 2791 Athen.
601 2737 692 2805 VI,
718 2755 776 2810 p.
805 2735 937 2807 253,
962 2738 1004 2791 B
1032 2756 1046 2792 ε
1076 2735 1223 2805 Φησὶ
1246 2740 1366 2812 γοῦν
1388 2738 1414 2791 ὁ
1437 2733 1770 2814 Δημοχάρης,
1797 2737 1848 2793 ἐν

1047 2908 1077 2956 3

691 3000 738 3057 E
780 3000 1006 3059 LlBRO
1051 3000 1442 3060 VICESIMO.

361 3103 559 3150 Famosa
579 3100 723 3150 etiam
752 3100 843 3151 ruit
863 3102 1100 3163 adulatio,
1134 3116 1227 3165 qua
1251 3104 1453 3165 populus
1477 3117 1592 3152 usus
1613 3107 1686 3153 est
1705 3103 1848 3153 Athe·

303 3176 492 3225 niensis.
519 3177 836 3227 Demochares
867 3178 1060 3241 quidem
1075 3216 1088 3239 ,
1114 3179 1440 3229 Demosthenis
1461 3178 1662 3229 oratoris
1680 3192 1850 3229 conso·

295 3254 491 3313 brixius,
518 3252 742 3303 vicesimo
761 3254 1076 3305 ilistoriarum
1095 3256 1216 3306 libro
1233 3291 1247 3317 ,
1269 3256 1592 3306 adulationem
1610 3268 1853 3318 exponens

299 3345 395 3394 qua
417 3333 491 3381 usi
523 3332 636 3381 sunt
653 3330 957 3382 Athenienses
972 3333 1200 3384 adversus
1219 3334 1513 3384 Demetrium
1529 3333 1822 3384 Poliorceten
1836 3371 1850 3395 ,

304 3410 402 3471 ipso
421 3409 566 3458 etiam
584 3408 774 3459 nolente
792 3407 884 3458 hoc
903 3408 1085 3459 tactum
1102 3423 1204 3460 esse
1221 3410 1383 3460 scribit
1403 3410 1476 3459 his
1494 3410 1654 3459 verbis
1674 3429 1687 3460 ι
1717 3430 1743 3454 κ
1764 3412 1849 3460 Os-

301 3484 554 3535 tenderunt
565 3483 709 3535 et‘am
727 3497 859 3546 eum,
878 3486 934 3534 ut
952 3486 1109 3547 opinio
1119 3491 1208 3549 est,
1225 3488 1396 3536 horum
1415 3487 1662 3537 nonnulla.
1685 3490 1744 3537 At
1765 3488 1849 3548 illi,

304 3560 375 3611 his
395 3574 493 3610 non
511 3560 722 3611 contenti
737 3597 752 3622 ,
771 3561 864 3611 alia
886 3562 1029 3610 etiam
1064 3576 1256 3625 prorsus
1271 3564 1429 3627 turpia
1448 3563 1744 3626 homineque
1763 3564 1850 3614 ad-

298 3639 514 3701 jecerunt
554 3659 566 3689 ε
604 3643 790 3690 Leaenae
825 3642 875 3690 et
907 3642 1081 3692 Lamiae
1107 3642 1303 3693 Veneris
1327 3643 1504 3706 templa
1516 3658 1533 3704 ς
1564 3643 1613 3692 et
1636 3644 1824 3693 Burichi
1838 3680 1853 3707 ,

304 3718 538 3768 adimanti
555 3722 603 3769 ct
621 3718 968 3781 OxythemidiS,
984 3722 1332 3771 assentatorum
1350 3721 1493 3782 illius,
1515 3734 1622 3771 aras
1639 3723 1687 3771 et
1708 3721 1853 3771 heroa

299 3800 351 3847 et
369 3796 635 3847 libationes.
661 3800 723 3849 Et
742 3798 915 3847 horum
940 3799 1113 3861 cuique
1132 3812 1319 3862 paeanoe
1349 3800 1493 3850 etiam
1517 3801 1809 3852 canebantur
1838 3820 1850 3851 =

303 3879 354 3925 ut
374 3876 473 3939 ipse
495 3877 763 3927 Demetrius
778 3914 792 3938 ‚
818 3878 1016 3928 miratus
1038 3878 1359 3941 quoe'tierent‚
1383 3879 1580 3941 diceret,
1601 3880 1844 3930 neminem

1941 615 2240 694 Δημήτριον
2282 616 2388 675 ἀπὸ
2427 620 2518 687 τῆς
2563 618 2825 683 Λευκάδος
2865 617 2954 675 καὶ
2992 617 3260 698 Κερκύρας
3297 621 3365 688 εἶς
3406 620 3498 685 τὰς

1942 699 2184 778 Ἀθήνας,
2212 704 2259 761 οἱ
2285 703 2543 776 Ἀθηναῖοι
2565 702 2805 783 ἐδέχοντο
2829 705 2887 762 οὗ
2916 705 3070 782 μόνον
3102 708 3381 781 θυμιῶντες
3407 708 3497 766 καὶ

1940 794 2305 870 στεφανοῦντες
2330 792 2421 848 καὶ
2444 794 2787 869 οἰνοχοοῦντες
2802 836 2818 864 ,
2838 794 2975 851 ἀλλὰ
3002 791 3092 850 καὶ
3126 792 3376 874 προσόδια
3407 795 3497 853 καὶ

1937 878 2084 958 χοροὶ
2111 878 2201 936 καὶ
2228 877 2499 960 ἰθύφαλλοι
2525 879 2638 957 μετ’
2662 879 2928 962 ὀρχήσεως
2964 878 3055 938 καὶ
3089 880 3226 960 ᾠδῆς
3255 881 3496 952 ἀπήντων

1939 966 2081 1045 αὐτῷ
2097 1010 2113 1042 ,
2146 966 2238 1024 καὶ
2264 966 2596 1048 ἐφιστάμενοι
2622 967 2759 1025 κατὰ
2782 966 2900 1035 τοὺς
2926 965 3111 1046 ὄχλους
3141 958 3264 1045 ᾖδον
3302 969 3499 1048 ὀρχού-

1938 1076 2112 1129 μενοι,
2141 1051 2232 1112 καὶ
2261 1051 2564 1135 ἐπᾴδοντες,
2592 1058 2661 1122 ὡς
2696 1054 2777 1126 εἴη
2816 1055 2967 1133 μόνος
3006 1055 3117 1122 θεὸς
3152 1055 3416 1129 ἀληθινὸς,
3452 1060 3498 1116 οἱ

1937 1140 1982 1199 δ’
2012 1141 2160 1200 ἄλλοι
2200 1141 2553 1215 καθεύδουσιν,
2580 1139 2615 1212 ἢ
2648 1143 3030 1220 ἀποδημοῦσιν,
3062 1140 3097 1213 ἢ
3134 1144 3228 1200 οὔκ
3258 1141 3386 1216 εἰσὶ,
3412 1167 3498 1221 γε·

1935 1227 2096 1305 γονὼς
2137 1229 2184 1287 δ’
2222 1227 2302 1300 εἴη
2345 1231 2403 1288 ἔκ
2453 1233 2777 1296 Ποσειδῶνος
2820 1229 2912 1288 καὶ
2953 1229 3284 1311 Ἀφροδίτης,
3331 1233 3405 1311 τῷ
3445 1231 3499 1291 δὲ

1935 1317 2119 1375 κάλλει
2167 1317 2435 1398 διάφορος,
2482 1317 2571 1375 καὶ
2615 1323 2679 1396 τῇ
2721 1317 2846 1398 πρὸς
2891 1318 3088 1385 πάντας
3139 1319 3498 1399 φιλανθρωπία

1935 1403 2117 1471 κοινός.
2146 1404 2393 1482 Δεόμενοι
2424 1406 2468 1464 δ’
2495 1406 2649 1464 αὐτοῦ
2685 1404 2929 1478 ἱκέτευον,
2961 1404 3115 1486 φησὶ,
3146 1404 3235 1464 καὶ
3266 1409 3497 1484 προσηύ-

1933 1512 2108 1570 χοντο.
2141 1519 2163 1543 n

2695 1639 2750 1696 5.

2017 1805 2299 1860 Plutarch.
2353 1806 2603 1860 Demetr.
2661 1821 2730 1874 27
2786 1823 2799 1858 ε
2844 1803 3167 1882 Δημοχάρης
3197 1803 3239 1861 δ’
3265 1805 3499 1872 ὃΣόλιος

1891 1936 1897 1952 ,
1940 1890 2058 1969 (scr.
2108 1887 2435 1967 Λευκονοεὺς)
2476 1889 2562 1946 τὸν
2591 1887 2891 1968 Δημήτριον
2920 1891 3096 1948 ἐκάλει
3124 1893 3321 1951 Μῦθον·
3368 1882 3498 1979 εἶναι

1937 1973 2039 2055 γὰρ
2070 1978 2213 2057 αὐτῷ
2245 1975 2333 2034 καὶ
2360 1973 2594 2051 Λαμίαν.
2635 1980 2862 2034 Constat
2902 1979 2972 2035 de
2997 1981 3190 2036 Lamia
3228 1983 3501 2038 Demetrii

1939 2067 2262 2136 meretrice3
2285 2065 2356 2122 de
2374 2067 2596 2140 Libycae
2612 2068 2816 2122 Lamiae
2840 2066 3029 2122 fabula
3044 2086 3098 2121 v.
3120 2068 3290 2125 Duris
3311 2068 3380 2125 fr.
3406 2066 3498 2127 35.

2689 2231 2743 2287 6.

2018 2394 2251 2454 Lucian.
2282 2395 2538 2451 Macrob.
2565 2413 2617 2453 c.
2654 2414 2719 2451 ιο
2750 2395 2835 2471 (p.
2861 2396 2974 2462 640
2999 2396 3213 2476 Didot.)
3239 2415 3254 2456 τ
3279 2395 3500 2473 Ἀγαθο-

1939 2482 2065 2552 κλῆς
2094 2481 2147 2539 δὲ
2186 2484 2215 2539 δ
2256 2481 2501 2547 Σικελίας
2545 2481 2785 2561 τύραννος
2830 2484 2957 2541 ἐτῶν
2998 2484 3303 2555 ἐνενήκοντα
3344 2485 3498 2544 πέντε

1936 2570 2180 2648 τελευτᾷ,
2206 2569 2443 2648 καθάπερ
2473 2567 2790 2647 Δημοχάρης
2815 2570 2904 2628 καὶ
2932 2571 3157 2647 Τίμαιος
3185 2575 3496 2650 ἱστοροῦσιν.

1935 2660 2180 2714 Moritur
2199 2658 2529 2734 Agathocles
2547 2677 2637 2714 an.
2663 2659 2776 2731 289
2800 2678 2852 2720 a.
2885 2660 2947 2717 C.

1942 2915 2058 2951 vero
2081 2902 2358 2953 redeuntem
2380 2902 2675 2952 Demetrium
2693 2916 2722 2951 a
2741 2903 2959 2953 Leueade
2976 2906 3025 2953 et
3044 2907 3255 2967 Corcyra
3277 2905 3345 2954 sic
3364 2918 3498 2956 exce-

1941 2984 2115 3042 perunt
2135 2981 2468 3042 Athenienses,
2487 2984 2542 3030 ut
2561 2993 2656 3030 non
2679 2979 2822 3030 modo
2839 2979 3043 3031 odorum
3061 2980 3225 3030 suffitu
3249 2985 3299 3033 et
3315 2985 3503 3035 coronis

1942 3061 1991 3107 et
2015 3058 2322 3107 libationibus
2354 3070 2466 3107 eum
2501 3058 2820 3120 honorarent,
2846 3072 3016 3109 verum
3039 3061 3182 3109 etiam
3208 3060 3427 3123 prosodia
3452 3064 3502 3111 et

1941 3136 2073 3185 chori
2106 3139 2156 3186 et
2191 3136 2439 3199 ithyphalli
2475 3150 2591 3186 cum
2615 3137 2865 3188 saltatione
2893 3140 2943 3189 et
2964 3141 3106 3189 cautu
3130 3140 3325 3189 obviam
3348 3140 3390 3190 ei
3416 3154 3499 3190 ve·

1941 3213 2164 3275 niebant3
2210 3216 2259 3263 et
2300 3213 2472 3279 passim
2508 3214 2844 3276 subsistentes,
2883 3216 3062 3266 medias
3094 3216 3217 3266 inter
3253 3218 3503 3268 hominum

1940 3290 2106 3339 turbas
2129 3291 2363 3340 canebant
2393 3290 2722 3354 saltabantque
2758 3293 3029 3343 accinentes
3063 3293 3106 3343 ei
3146 3312 3170 3336 α
3206 3307 3307 3344 esse
3343 3296 3499 3345 solum

1943 3366 2096 3427 ipsum
2116 3366 2259 3416 deum
2285 3380 2395 3417 vere
2419 3370 2719 3418 nominatum
2735 3406 2749 3428 ,
2768 3382 2920 3431 quum
2943 3369 3210 3420 dormirent
3231 3372 3375 3420 ceteri
3394 3372 3497 3432 dei,

1940 3448 2025 3494 aut
2056 3457 2249 3509 peregre
2270 3446 2524 3508 abiissent,
2548 3450 2633 3496 aut
2662 3448 2782 3497 nulli
2808 3450 2964 3498 essent
2991 3449 3216 3511 omnino;
3252 3462 3355 3499 esse
3386 3464 3497 3500 enm

1941 3525 2163 3585 Neptuno
2184 3525 2234 3573 et
2255 3527 2441 3573 venere
2467 3527 2750 3587 prognatum
2767 3561 2782 3585 ,
2809 3524 3166 3587 pulchritudine
3185 3528 3491 3588 praestantem

1941 3601 2183 3663 omnibus,
2194 3602 2523 3652 beneficientia
2533 3615 2645 3652 vera
2654 3616 2821 3652 omnes
2832 3603 3029 3664 perinde
3037 3603 3450 3666 complectentem.
3470 3626 3495 3648 ι

1946 3679 2160 3740 Denique
2178 3679 2396 3741 precibus
2413 3678 2475 3728 ad
2497 3692 2611 3729 eum
2629 3679 2821 3729 directis
2834 3716 2849 3741 ,
2870 3679 3106 3742 supplices
3127 3680 3347 3732 orabant.
3375 3700 3402 3726 n

2692 3795 2746 3846 5.

2005 3891 2327 3942 Demochares
2348 3890 2696 3943 Leuconoensis
2710 3894 3004 3944 Demetrium
3029 3896 3307 3946 Phalereum
3330 3898 3489 3963 appel·

301 3966 387 4002 sna
407 3956 550 4003 aetate
577 3953 935 4004 Atheniensium
963 3959 1205 4019 repertum
1227 3957 1311 4020 qui
1341 3954 1502 4004 animo
1525 3960 1649 4009 esset
1682 3970 1854 4020 magno
1945 3968 2013 4018 lat
2038 3969 2320 4029 Fabulam3
2342 3982 2453 4019 nam
2472 3983 2573 4021 esse
2591 3970 2635 4018 ei
2656 3970 2805 4020 etiam
2833 3971 3065 4021 Lamiam.

309 4034 524 4094 sortique.
546 4052 570 4076 n
1047 4102 1080 4152 ⁴

565 4194 612 4251 E
649 4193 872 4254 LlBRO
915 4195 1280 4255 vicesimo
1324 4195 1587 4255 PRIMO.

366 4300 683 4351 Demochares
701 4301 824 4353 libro
838 4303 994 4366 primo
1012 4307 1060 4354 et
1079 4304 1304 4354 vicesimo
1317 4305 1383 4353 sic
1401 4304 1565 4354 scribit
1583 4322 1595 4353 :
1611 4322 1636 4346 «ι
1651 4304 1858 4354 Athenas

608 5271 669 5304 &R
683 5269 896 5307 tenena
921 5271 1043 5308 utS'r.
1070 5270 1151 5307 cn.
1183 5284 1236 5296 —
1269 5271 1379 5311 VO'..
1399 5274 1453 5310 u.

2691 4084 2744 4134 6.

2012 4181 2284 4242 Agathoclis
2305 4181 2475 4231 Sicilioe
2493 4185 2726 4242 tyrannus
2748 4194 2900 4233 annos
2917 4188 3061 4233 natus
3079 4185 3335 4246 nonaginta
3360 4185 3497 4248 qnin-

1944 4271 2042 4320 que
2062 4258 2210 4306 vitam
2235 4257 2388 4307 finivit
2402 4295 2416 4320 ,
2443 4261 2496 4310 ut
2522 4262 2843 4310 Demochares
2865 4262 2913 4310 et
2932 4261 3139 4312 'Pimaeus
3160 4261 3345 4311 dicunt.
