4016 5916
462 378 568 429 162

575 507 1161 588 quum-imma
1190 505 1334 563 ΤΩΝ
1367 462 1462 562 ἘΝ
1498 504 1812 588 nomi]

1127 646 1328 726 [188]

532 771 553 857 [
576 778 806 833 Aristot.
836 776 958 831 Pol.
986 778 1064 845 V,
1092 773 1123 829 5
1143 817 1158 844 ,
1184 776 1215 832 5
1252 798 1266 832 :
1293 777 1637 852 Demagogia
1660 776 1818 831 facile
1845 775 2002 831 labo·

449 875 576 918 rant
604 883 679 923 eae
710 865 1058 939 oligarchiae,
1090 866 1150 919 in
1177 867 1380 938 quibus
1414 861 1478 920 τὰ
1503 860 1812 941 δικαστήρια
1840 861 1913 937 μὴ
1944 864 2002 919 ἐκ

450 953 542 1007 τοῦ
571 947 948 1027 πολιτεύματός
973 951 1134 1007 ἐστιν·
1170 951 1601 1026 δημαγωγοῦντες
1633 947 1733 1028 γὰρ
1762 948 1888 1027 πρὸς
1912 947 2003 1016 τὰς

450 1038 643 1117 κρίσεις
684 1037 1073 1113 μεταὸοἱλλουσι
1119 1035 1212 1108 τὴν
1245 1036 1540 1111 πολιτείαν,
1581 1037 1708 1117 ὅπερ
1732 1036 1821 1094 καὶ
1860 1038 1912 1094 ἐν
1935 1042 1999 1117 τῇ

451 1124 741 1207 Ἡρακλεία
769 1124 969 1204 ἐγένετο
996 1130 1060 1202 τῇ
1086 1128 1137 1184 ἐν
1167 1129 1242 1206 τῷ
1276 1125 1482 1205 Πόντῳ.

527 1218 605 1285 V,
641 1215 706 1285 5,
748 1234 826 1270 2.
855 1212 977 1273 Οτὲ
1012 1213 1106 1290 μὲν
1134 1213 1233 1323 γὰρ
1257 1213 1306 1281 ἐξ
1335 1216 1506 1271 αὐτῶν
1529 1215 1629 1271 τῶν
1660 1212 1913 1293 εὐπόρων,
1946 1214 2002 1271 οὗ

448 1304 551 1359 τῶν
592 1301 753 1359 ὄντων
797 1300 839 1359 δ’
878 1304 929 1360 ἐν
972 1302 1085 1367 ταῖς
1127 1304 1311 1381 ἀρχαῖς
1352 1300 1547 1410 γίνεται
1576 1299 1857 1366 κατάλυσις
1894 1300 2000 1377 (sc.

448 1390 510 1446 ὃ)
516 1387 815 1469 ιγαρχίας),
831 1387 954 1446 ὅταν
978 1388 1142 1466 ὀλίγοι
1167 1387 1364 1468 σφόδρα
1388 1412 1514 1447 ωσιν
1535 1390 1580 1446 οῖ
1599 1390 1650 1446 ἐν
1672 1411 1783 1453 ταις
1811 1391 2003 1498 τιμαῖς,

450 1468 554 1536 οἷον
584 1479 636 1534 ἐν
674 1477 962 1557 Μασσαλία
987 1501 1076 1534 και
1106 1479 1156 1535 ἐν
1183 1475 1374 1558 Ἴστρῳ
1402 1476 1493 1535 καὶ
1514 1478 1564 1535 ἐν
1586 1475 1884 1556 Ἡρακλεία
1913 1500 2002 1534 και

451 1566 502 1621 ἐν
542 1563 723 1631 ἄλλαις
751 1563 935 1622 πόλεσι
973 1563 1333 1639 συμὸέὸηκεν·
1364 1567 1409 1621 οἱ
1439 1562 1539 1645 γὰρ
1586 1563 1659 1639 μὴ
1702 1563 2003 1641 μετέχοντες

447 1654 551 1708 τῶν
598 1653 772 1731 ἀρχῶν
808 1651 1032 1722 ἐκίνουν,
1076 1650 1171 1719 ἕως
1217 1649 1531 1727 μετέλαὸον,
1573 1652 1623 1706 οἱ
1663 1649 2005 1729 πρεσὸύτεροι

446 1737 695 1817 πρότερον
735 1741 838 1796 τῶν
870 1739 1137 1819 ἀδελφῶν,
1167 1738 1378 1819 ὕστερον
1407 1738 1449 1796 δ’
1474 1740 1520 1796 οἱ
1549 1735 1787 1816 νεώτεροι
1815 1736 2004 1794 πάλιν·

447 1826 505 1881 οὖ
535 1823 635 1903 γὰρ
665 1823 914 1903 ἄρχουσιν
943 1826 1148 1904 ἐνιαχοῦ
1189 1824 1282 1902 μὲν
1323 1823 1435 1900 ἅμα
1463 1822 1640 1904 ’πατήρ
1670 1846 1726 1880 τε
1754 1822 1840 1881 καὶ
1871 1822 2003 1895 υἱὸς,

449 1914 657 1990 ἐνιαχοῦ
678 1911 741 1969 ’δὲ
772 1915 799 1969 6
827 1910 1172 1993 πρεσὸύτερος
1198 1911 1286 1971 καὶ
1314 1916 1341 1970 6
1365 1910 1605 1991 νεώτερος
1634 1908 1866 1989 ἀδελφός.
1898 1911 2025 1968 Καὶ1

449 1999 567 2057 ἔνθα
593 1998 685 2076 μὲν
709 1999 1085 2080 πολιτικωτέρα
1117 1998 1314 2078 ἐγένετο
1342 2003 1375 2069 ἡ
1400 1996 1705 2078 ὀλιγαρχία,
1734 1997 1786 2054 ἐν
1808 1995 2004 2077 Ἴστρῳ

449 2086 492 2142 δ’
528 2088 598 2153 εἷς
633 2087 796 2163 δῆμον
826 2086 1265 2165 ἀπετελεύτησεν,
1292 2090 1342 2145 ἐν
1373 2084 1661 2166 Ἡρακλεία
1689 2083 1733 2142 δ’
1766 2082 1817 2151 ἐξ
1845 2085 1994 2166 ἐλατ·

447 2171 608 2231 τόνων
632 2176 703 2240 εἷς
729 2172 1024 2242 ἑξακοσίους
1046 2166 1189 2246 ἦλθε.

525 2265 600 2333 V,
629 2262 691 2334 5,
722 2283 745 2319 1
764 2284 784 2318 1
821 2262 955 2322 εἝκ
974 2261 1028 2319 δὲ
1054 2260 1387 2341 δικαστηρίου
1408 2258 1625 2339 κρίσεως
1639 2259 1692 2317 ἐν
1718 2255 2004 2337 Ἡρακλεία

450 2348 630 2414 στάσις
662 2347 863 2426 ἐγένετο
889 2352 1007 2409 κτλ.
1032 2351 1175 2408 Vide
1196 2353 1365 2424 Resp.
1390 2349 1646 2407 Theban.
1678 2348 1752 2404 fr.
1788 2366 1810 2403 1
1827 2346 1914 2406 13.

526 2439 605 2508 V,
641 2442 703 2503 4,
738 2455 770 2490 2
801 2434 1126 2506 εΚατελύθη
1156 2434 1211 2491 δὲ
1240 2434 1329 2493 καὶ
1358 2435 1410 2490 ἐν
1454 2431 1748 2511 Ἡρακλεία
1784 2434 1811 2488 6
1841 2432 2002 2507 δῆμος

450 2520 583 2598 μετὰ
618 2521 703 2579 τὸν
734 2522 1052 2598 ἀποικισμὸν
1082 2519 1226 2587 εὐθὺς
1252 2521 1336 2579 διὰ
1360 2519 1476 2586 τοὺς
1507 2518 1867 2596 δημαγωγούς·
1897 2519 2004 2575 ἅδι-

449 2605 691 2683 κούμενοι
714 2605 819 2686 γὰρ
850 2610 938 2663 ὑπ’
971 2610 1139 2664 αὐτῶν
1168 2610 1213 2665 οἱ
1235 2606 1483 2685 γνώριμοι
1502 2605 1799 2677 ἐξέπιπτον,
1827 2604 2004 2662 ἔπειτα
2064 2600 2077 2614 ’

451 2694 797 2772 ἀθροισθέντες
822 2695 868 2749 οἱ
891 2692 1225 2759 ἐκπίπτοντες
1248 2693 1338 2751 καὶ
1362 2692 1693 2757 κατελθόντες
1714 2688 2004 2749 κατέλυσαν

449 2780 537 2837 τὸν
566 2780 750 2855 δῆμον.

528 2870 661 2934 VII,
693 2864 758 2935 5,
792 2886 871 2937 7:
904 2864 1145 2936 Πληθους
1165 2862 1269 2921 δὲε
1250 2864 1572 2945 υποίρχοντος
1609 2863 1885 2945 περιοίκων
1916 2863 2006 2923 καὶ

448 2954 551 3010 τῶν
579 2949 674 3022 τὴν
700 2950 878 3029 χώραν
894 2951 1286 3032 γεωργούντων,
1305 2952 1597 3034 ἀφθονίαν
1570 2976 1666 3009 ανα
1669 2977 1768 3030 (κα
1778 2976 1849 3011 ιον
1875 2944 2006 3012 εἶναι

445 3114 683 3163 coloniam
708 3128 766 3164 eo
797 3114 1022 3178 deduxit,
1059 3117 1131 3165 uti
1167 3117 1315 3167 tradit
1350 3119 1624 3168 Aristoteles
1658 3119 1707 3166 in
1742 3119 2000 3168 Cianorum

445 3205 548 3318 rep.
598 3194 846 3242 incoluere
882 3207 989 3243 eam
1026 3194 1239 3257 primum
1275 3195 1424 3259 Mysi,
1465 3196 1636 3246 deinde
1669 3199 1844 3260 Cares,
1874 3198 2001 3247 tertii

445 3271 511 3319 Mi
532 3270 635 3320 esii.

570 3377 1281 3455 [HERACLEOTARUM
1316 3382 1838 3443 PONTlcORUM.
1862 3382 1885 3460 ]

1142 3497 1308 3563 [iss]

509 3607 527 3671 [
547 3609 826 3672 Demagogia
843 3611 980 3661 facile
998 3613 1216 3663 laborant
1228 3626 1299 3663 eae
1318 3614 1590 3676 oligarchiae
1603 3615 1686 3665 ubi
1708 3615 1854 3665 rebus
1867 3613 2000 3677 judi-

444 3684 607 3735 candis
624 3692 721 3734 non
750 3691 963 3749 praesunt
990 3688 1022 3738 ii
1049 3689 1133 3752 qui
1150 3690 1497 3752 rempublicam
1526 3691 1875 3742 administrant.
1906 3695 2002 3742 Co·

444 3761 598 3812 lentes
619 3761 748 3812 enirn
769 3765 1002 3828 populum
1023 3766 1313 3827 judiciorum
1335 3768 1488 3831 gratia
1519 3769 1795 3832 reipublicae
1822 3772 2001 3819 statum

474 3841 664 3901 Ληουῖ,
686 3840 820 3904 quod
838 3844 889 3892 et
911 3846 1185 3907 Heracleae,
1204 3859 1315 3909 quae
1334 3847 1384 3895 in
1408 3848 1562 3896 Ponto
1582 3850 1682 3910 est,
1706 3846 1897 3897 accidit.

508 3918 758 3968 dterdum
792 3919 920 3969 enim
953 3920 1015 3970 ab
1048 3921 1163 3984 ipsis
1197 3921 1454 3985 divitibus,
1486 3936 1585 3972 non
1616 3924 1673 3974 iis
1698 3926 1859 3974 tamen
1874 3961 1887 3985 ,
1922 3925 2002 3986 qui

444 3996 657 4057 provecti
675 3997 865 4047 suntad
885 3999 1216 4062 magistratus,
1237 4001 1450 4051 nascitur
1466 4002 1735 4065 oligarchiae
1753 4002 1975 4052 interitus
1988 4040 2001 4064 ‚

447 4085 599 4133 quum
623 4073 764 4124 vaide
786 4075 925 4137 pauci
942 4078 1054 4126 sunt
1071 4077 1101 4125 ii
1121 4077 1203 4139 qui
1222 4077 1483 4128 honoribus
1506 4079 1783 4142 fungantur,
1800 4082 1857 4128 ut
1876 4083 2002 4129 Mas—

444 4151 564 4200 silia:
584 4153 633 4202 et
668 4154 776 4203 lstri
808 4155 858 4204 et
899 4156 1141 4205 Heracleae
1161 4158 1209 4205 et
1232 4156 1281 4204 in
1310 4156 1416 4207 aliis
1443 4157 1641 4207 urbibus
1666 4157 1857 4207 accidit.
1884 4161 2004 4207 Nam

446 4230 531 4292 qui
550 4231 915 4295 magistratuum
929 4234 1183 4298 participes
1196 4247 1292 4284 non
1311 4235 1475 4297 erant,
1495 4233 1638 4284 rebus
1655 4233 1889 4284 novandis
1906 4238 2000 4283 stu·

446 4305 672 4370 dcerunt,
686 4321 838 4371 usque
850 4308 967 4359 dum
981 4310 1068 4372 ipsi
1089 4311 1238 4362 etiam
1272 4310 1526 4374 participes
1542 4310 1658 4362 sacti
1671 4315 1783 4361 sunt
1802 4331 1815 4361 ι
1839 4312 2005 4362 tratres

446 4383 642 4446 quidem
658 4385 864 4447 maiores
889 4390 1005 4436 natu
1025 4389 1173 4451 prius,
1195 4388 1432 4451 posterius
1444 4401 1562 4438 vero
1580 4386 1753 4438 lterum
1776 4389 2000 4439 minores.

445 4461 555 4510 Non
581 4462 709 4511 enim
746 4464 1079 4526 magistratum
1111 4465 1253 4514 simul
1276 4464 1497 4515 obtinent
1531 4464 1582 4513 in
1617 4465 1860 4515 nonnullis
1889 4466 2007 4516 locis

447 4539 587 4597 pater
608 4540 658 4587 et
676 4537 801 4590 iilius
826 4558 842 4589 ι
871 4542 918 4589 ἰιι
949 4541 1239 4604 quibusdam
1261 4541 1407 4592 frater
1424 4543 1544 4592 natu
1568 4541 1723 4604 major
1752 4545 1805 4592 et
1827 4542 2001 4593 minor.

448 4613 607 4675 Atque
618 4616 834 4665 Massiliae
852 4617 1047 4680 quidem
1066 4618 1339 4681 reipublicae
1359 4618 1709 4669 administratio
1717 4619 1923 4682 politicae
1937 4620 2005 4670 si·

448 4689 611 4738 milior
628 4691 755 4740 sacta
772 4695 871 4754 est,
890 4695 999 4744 istri
1030 4709 1146 4746 vero
1164 4696 1214 4745 in
1236 4696 1579 4747 democratiam
1597 4696 1761 4747 evasit.
1783 4698 1843 4747 Αῑ
1858 4698 2006 4745 Hera-

451 4765 568 4817 cleae
589 4780 619 4816 a
640 4769 945 4830 paucioribus
967 4775 1241 4834 potentibus
1256 4774 1319 4824 ad
1335 4777 1588 4825 sexcentos
1604 4774 1835 4824 translata
1853 4777 1939 4824 est.

1552 365 2044 426 ARISTOTELIS
2085 366 2589 427 FRAGMENTA.

2095 495 2182 554 καὶ
2210 498 2430 554 ναυτῶν·
2457 497 2659 572 ὁρῶμεν
2690 491 2743 551 δὲ
2769 491 2859 551 καὶ
2884 497 3035 551 τοῦτο
3061 513 3153 550 και
3190 497 3277 550 νῦν
3307 490 3539 572 ὑπάρχον
3567 516 3654 551 τι-

2095 606 2175 640 σιν
2199 629 2215 659 ,
2263 588 2368 641 οἷον
2411 606 2478 659 τῃ
2522 581 2672 639 πόλει
2713 584 2814 638 τῶν
2857 578 3267 660 Ἧρακλεωτων·
3308 581 3506 647 πολλὰς
3550 581 3652 659 γὰρ

1980 697 1993 706 ·
2097 673 2411 752 ἐκπληροῦσι
2439 692 2661 750 τριηρεις
2687 668 2997 743 κεκτημένοι
3019 690 3094 753 τῳ
3120 665 3324 746 μεγέθει
3358 668 3558 726 πόλιν’
3537 668 3653 727 ετὲ-

2097 782 2195 838 ρων
2228 755 2631 837 ἐμμελεστέραν.
2648 756 2670 835 ]

2527 955 2550 969 .
2632 903 3112 990 [ΑΒΥΔΗΝΩΝ]

2778 1058 2966 1137 [189]

2175 1182 2437 1267 [Aristot.
2471 1190 2596 1244 Pol.
2633 1191 2709 1260 V,
2749 1187 2815 1259 5,
2846 1186 2930 1249 5.·
2963 1190 3118 1244 Inter
3142 1190 3462 1263 oligarchos
3495 1189 3656 1245 facile

2094 1274 2434 1350 demagogus
2473 1278 2682 1332 exsistit
2722 1276 2774 1332 ἐν
2815 1273 2961 1341 ὅσαις
3014 1274 3342 1353 ὀλιγαρχίαις
3380 1277 3480 1354 οὐχ
3518 1266 3657 1333 οὗτοι

2098 1359 2206 1441 (sc.
2235 1362 2334 1417 οἱ
2311 1384 2362 1418 εν
2385 1362 2661 1442 ὀλιγαρχία
2691 1360 2859 1438 ὄντες)
2892 1364 3160 1441 αἱροῦνται
3193 1363 3286 1429 τὰς
3309 1361 3475 1442 ἀρχὰς
3503 1361 3572 1430 ἐξ.
3582 1353 3656 1421 ὧν

2094 1450 2139 1505 οἱ
2179 1447 2423 1526 αρχοντές
2464 1448 2618 1521 εἰσιν,
2650 1448 2764 1506 ἀλλ’
2795 1453 2851 1508 αἱ
2899 1446 2992 1525 μὲν
3038 1449 3200 1528 ἀρχαὶ
3242 1451 3301 1507 ἐκ
3342 1449 3655 1527 τιμημάτων

2096 1536 2335 1611 μεγάλων
2364 1533 2548 1593 εἰσὶν
2519 1560 2553 1605 η
2583 1537 2820 1614 ἑταιριῶν
2842 1580 2858 1612 ,
2885 1537 3150 1614 αἱροῦνται
3192 1537 3235 1594 δ’
3281 1539 3331 1595 ot
3376 1536 3584 1595 ὁπλῖται
3624 1535 3655 1606 ἢ

2098 1625 2125 1679 6
2152 1623 2312 1697 δῆμος
2328 1667 2343 1696 ,
2375 1624 2502 1702 ὅπερ
2528 1626 2578 1680 ἐν
2603 1623 2804 1702 Ἇὸύδῳ
2828 1621 3145 1683 συνέὸαινεν.

2170 1711 2260 1768 Id.
2292 1715 2364 1783 V,
2393 1709 2454 1784 5,
2480 1732 2537 1788 9.
2564 1717 2630 1770 V.
2657 1715 2824 1786 Resp.
2853 1715 3271 1770 Larissaeorum.
3298 1714 3368 1769 sr.
3397 1711 3568 1789 150.]

2598 1872 3107 1947 (ΑΝΤΑΝΔΡιΩΝ
3130 1872 3148 1949 )

2717 2095 2724 2103 ,
2811 1976 2937 2101 ιρο.

2174 2173 2438 2246 Stephan.
2477 2174 2660 2246 Byza
2687 2167 3024 2249 Ἄντανδρος,
3057 2166 3204 2234 πόλις
3243 2170 3345 2225 υπο
3377 2166 3471 2239 τὴν
3496 2165 3650 2240 Ἴδην

2095 2256 2253 2362 πρὸςυ
2244 2261 2308 2335 τῇ
2341 2256 2519 2337 Μυσία
2538 2260 2629 2327 τῆς
2657 2255 2971 2331 Αἷολίδος,’
2943 2278 3047 2314 απο
3063 2254 3365 2334 Ἀντάνδρου
3384 2260 3474 2314 τοῦ
3495 2278 3655 2337 στρα-

2097 2348 2253 2419 τηγοῦ
2280 2341 2576 2403 Αἰολέων...
2602 2340 2958 2419 Ἀριστοτέλης
2983 2340 3110 2422 φησὶ
3138 2340 3331 2414 ταύτην
3354 2342 3654 2420 ὠνομάσθαι

2097 2428 2357 2489 Ἠδωνίδα
2396 2427 2479 2487 δια
2501 2453 2560 2487 το
2591 2432 2811 2510 Θρᾷκας
2836 2427 3101 2496 Ἦδωνους
3130 2429 3283 2496 ὄντας
3315 2432 3524 2501 οἰκῆσαι
3564 2454 3654 2489 και

2101 2516 2404 2596 Κιμμερίδα
2436 2517 2745 2596 Κιμμερίων
2775 2517 3103 2576 ἐνοικούντων
3133 2516 3317 2575 ἑκατὸν
3352 2516 3464 2590 ἔτη.

2177 2605 2263 2662 De
2275 2606 2572 2662 Antandro
2587 2651 2604 2681 ,
2624 2607 2982 2681 Pelasgorum
3002 2607 3478 2679 Tyrrhenicorum
3490 2609 3632 2663 urbe
3643 2651 3657 2678 ,

2096 2714 2150 2749 v.
2184 2694 2463 2750 Herodot.
2494 2696 2632 2764 VII,
2667 2699 2762 2763 423
2791 2695 2870 2763 V,
2903 2693 2996 2764 26,
3047 2694 3250 2749 Conon
3288 2713 3338 2749 e.
3384 2700 3477 2759 41.
3512 2696 3658 2750 Mela

2098 2783 2156 2856 Ι,
2194 2780 2294 2852 18,
2330 2800 2385 2836 2.
2417 2782 2642 2837 Miiller.
2691 2783 2836 2836 Min.
2861 2800 2921 2855 p.
2957 2786 3102 2851 444,
3131 2780 3416 2838 Welcker.
3448 2783 3654 2853 Trilog.

2096 2886 2158 2941 Ρ.
2207 2887 2354 2937 201,
2400 2887 2459 2922 n.
2496 2868 2629 2940 327.
2676 2870 2745 2924 In
2772 2871 3096 2923 universum
3125 2867 3197 2925 cs.
3229 2868 3430 2924 Strabo
3476 2871 3653 2940 XIII,

2098 2975 2157 3030 p.
2192 2955 2325 3027 606,
2353 2957 2616 3011 Mannert
2639 2956 2792 3031 Geog
2759 2976 2837 3011 σν.
2875 2956 2986 3031 VI,
3013 2956 3045 3012 3
3061 2975 3161 3031 ,.p
3195 2954 3326 3022 418.

2100 3118 2293 3169 Nobiles
2315 3119 2442 3168 enim
2468 3117 2644 3180 injuria
2665 3119 2824 3168 affecti
2866 3120 2996 3168 exire
3031 3132 3058 3169 e
3089 3119 3286 3168 civitate
3321 3118 3477 3167 coacti
3499 3121 3612 3167 sunt
3638 3131 3652 3163 ι

2098 3195 2272 3245 deinde
2297 3195 2382 3258 qui
2406 3195 2546 3259 ejecti
2583 3196 2799 3257 Fuerant,
2838 3196 2888 3245 in
2924 3209 3077 3245 unum
3109 3195 3366 3245 contractis
3401 3195 3573 3258 copiis,
3603 3195 3654 3244 in

2101 3274 2345 3324 civitatem
2363 3274 2424 3323 ab
2439 3274 2584 3323 exilio
2608 3275 2814 3337 reversi,
2842 3273 3188 3324 democratiam
3211 3275 3526 3324 sustulerunt.

2161 3353 2210 3402 Si
2242 3351 2514 3400 accolarum
2538 3353 2588 3401 et
2613 3363 2751 3414 agros
2772 3351 3035 3401 colentium
3058 3351 3324 3401 multitudo
3354 3349 3495 3412 adsit,
3533 3363 3656 3400 nau-

2098 3433 2258 3481 tarum
2278 3430 2425 3480 etiam
2446 3429 2631 3494 copiam
2662 3430 2854 3480 abunde
2877 3432 3131 3493 suppetere
3150 3443 3342 3481 necesse
3360 3431 3459 3492 est,
3485 3433 3541 3479 ut
3563 3429 3654 3478 bac

2098 3520 2293 3571 quoque
2318 3508 2552 3558 memoria
2569 3507 2855 3570 quibusdam
2882 3520 2974 3558 usu
2995 3507 3162 3558 venire
3194 3507 3445 3568 novimus,
3479 3508 3534 3556 ut
3569 3508 3655 3556 He-

2099 3586 2418 3636 racleotarum
2448 3585 2660 3647 civitati,
2682 3585 2766 3648 qui
2788 3585 2902 3634 licet
2929 3584 3165 3633 minorem
3185 3583 3292 3634 aliis
3323 3583 3492 3633 urbem
3520 3582 3657 3631 habi-

2099 3667 2229 3725 tent,
2257 3664 2434 3713 multas
2453 3665 2615 3712 tamen
2637 3661 2855 3711 triremes
2873 3661 3126 3722 complent.
3145 3658 3165 3723 ]

2577 3800 3182 3882 [ABYDENORUM]

2787 3945 2954 4011 [189.]

2158 4060 2325 4125 [inter
2361 4061 2623 4124 oligarchos
2640 4059 2776 4110 facile
2794 4058 3082 4122 demagogus
3118 4055 3335 4118 exsistit,
3383 4055 3433 4103 in
3475 4057 3653 4118 quibus

2097 4151 2192 4186 non
2225 4139 2272 4187 hi
2299 4138 2605 4202 legendorum
2631 4136 2991 4200 magistratuum
3014 4134 3095 4198 jus
3120 4132 3330 4194 liabent,
3355 4145 3417 4181 ex
3442 4146 3653 4196 quorum

2096 4218 2262 4267 ordine
2278 4219 2533 4266 sumuntur
2547 4216 2850 4280 magistratus
2864 4253 2877 4277 ,
2892 4213 2979 4265 sed
2992 4212 3298 4276 magistratus
3314 4212 3513 4276 quidem
3534 4213 3657 4262 iiunt

2098 4308 2159 4343 ex
2198 4296 2381 4358 magnis
2415 4295 2639 4344 censibus
2660 4297 2744 4344 aut
2773 4291 3129 4355 sodalitatibus,
3161 4302 3336 4340 verum
3362 4289 3550 4353 eligunt
3573 4304 3630 4341 eo

2097 4374 2184 4422 ant
2201 4372 2375 4422 milites
2392 4374 2477 4421 aut
2499 4371 2704 4434 populns
2715 4408 2730 4434 ,
2750 4368 2884 4434 quod
2910 4368 3063 4431 Abydi
3083 4366 3298 4430 contigit.
3316 4365 3336 4431 ]

2520 4499 3234 4584 (ANTANDRIORUM.)

2817 4650 2836 4699 1
2848 4648 2937 4698 90.

2166 4767 2456 4831 AntandruS,
2483 4770 2596 4819 urbs
2609 4769 2700 4820 sub
2726 4771 2810 4820 ida
2829 4772 2993 4820 monte
3015 4769 3076 4819 ad
3103 4772 3303 4833 Mysiam
3324 4768 3543 4830 AEolidis,
3571 4779 3661 4814 no·

447 4863 455 4903 ι
514 4845 721 4908 Seditio,
762 4861 875 4911 quoe
915 4852 1157 4902 Heracleae
1193 4853 1396 4917 exarsit,
1433 4867 1495 4905 ex
1525 4852 1735 4917 judiciali
1771 4853 2004 4903 sententia
2106 4851 2217 4896 men
2253 4846 2400 4896 habet
2432 4846 2494 4895 ab
2527 4846 2778 4897 Antandro
2816 4849 3008 4897 AEolum
3036 4846 3176 4896 duce.
3209 4846 3490 4896 Aristoteles
3516 4841 3665 4892 tradit

450 4927 557 4974 orta
575 4928 661 4975 est.

2104 4936 2211 4975 eam
2247 4924 2543 4973 nominatam
2583 4936 2689 4974 esse
2730 4923 3022 4984 Edonidem,
3051 4922 3184 4986 quod
3227 4922 3414 4973 Edones
3455 4921 3666 4970 Thraces

514 5002 758 5052 Heracleae
784 5018 978 5068 quoque
1000 5007 1243 5070 popularis
1275 5010 1429 5060 status
1459 5008 1717 5060 dissolutus
1743 5011 1815 5058 est
1842 5008 2004 5058 statim
2108 5002 2509 5065 inhabitaverint,
2534 5005 2583 5051 et
2606 5002 2974 5064 cimmeridem,
2996 5001 3126 5064 quod
3149 5000 3395 5051 Cimmerii
3422 4996 3666 5049 tenuerint

384 5079 399 5093 “
450 5081 558 5143 post
585 5079 820 5130 coloniam
857 5094 915 5132 eo
950 5083 1169 5145 missam,
1206 5086 1348 5148 culpa
1383 5086 1688 5149 popularium
1724 5085 1998 5135 ductorum.

2107 5095 2212 5133 eam
2237 5095 2320 5146 per
2342 5095 2491 5132 annos
2508 5083 2720 5131 centum.
