4016 5916
1560 363 1657 424 ET
1698 366 1798 426 ΤΗ
1809 366 2315 432 EOCHRESTUS.
3460 398 3532 446 87

327 515 467 552 m.
499 492 710 551 Eadem
735 494 927 569 paullo
943 494 1105 549 aliter
1132 492 1333 549 Athen.
1365 495 1524 564 VIII,
1552 514 1615 570 p.
1648 496 1784 568 344,
1815 501 1889 569 Β,

319 583 543 658 -qnibus
568 580 793 655 subjicit
829 600 843 637 ι
875 580 927 639 T
928 583 987 637 oio·
1017 579 1172 637 αὐτοῦ
1200 579 1308 656 (sc.
1340 579 1613 648 Διοκλέους
1637 586 1726 642 τοῦ
1766 586 1890 665 ὀψο·

333 667 539 749 ςροίγου)
567 666 658 726 καὶ
680 664 768 725 τὸν
807 664 965 745 ἀγρὸν
993 663 1454 745 καταὸεὸρωκότος
1482 669 1552 735 εἷς
1582 669 1891 751 ὀψοφαγίαν,

333 754 550 827 ἐπειδὴ,
582 751 769 835 θερμόν
797 776 925 813 ποτε
953 751 1372 834 καταδροχθίσας
1401 753 1567 833 ἰχθὺν,
1606 755 1764 838 ἔφησε
1804 757 1890 819 τὸν

1981 508 2216 557 astutior
2222 500 2426 574 suerit.
2454 506 2620 576 Cujus
2648 505 2878 581 regnum
2914 516 3158 585 opimum
3196 514 3427 571 Perseus
3455 526 3538 574 in·

1983 590 2186 645 vadens
2212 596 2391 665 ipsam
2420 595 2642 667 quidem
2671 600 2966 653 interemit.
2999 601 3137 656 Ideo
3161 604 3422 660 volaticus
3448 609 3536 663 di·

1980 680 2134 746 citur,
2168 681 2319 752 quod
2338 682 2567 736 navibus
2598 690 2815 741 venerit.
2843 686 3009 757 Cujus
3028 694 3230 763 capite,
3262 696 3303 749 i.
3328 711 3380 751 e.
3407 697 3533 750 sub·

1977 769 2188 820 stantia
2210 766 2406 821 ablata
2419 810 2432 835 ,
2467 769 2638 825 ditior
2641 766 2842 840 sactus
2857 792 2965 826 non
2979 793 3174 847 parva
3200 796 3377 851 regna
3403 782 3535 837 obti-

333 842 552 921 οὐρανὸν
582 843 1033 913 κατακεκαῦσθαι,
1063 839 1279 912 Λοιπὸν,
1305 838 1510 921 ἔφησεν,
1532 843 1672 921 ἐστὶ,
1703 848 1731 903 ὁ
1748 845 1890 907 Θεό-
1979 857 2120 910 nuit.
2156 854 2410 929 Denique
2438 867 2497 910 et
2518 857 2764 912 Atlantis
2792 877 3023 932 regnum
3047 866 3337 933 invadens,
3376 876 3537 943 quasi

330 952 530 1011 κριτος,
556 928 634 988 σοὶ
654 926 743 988 καὶ
766 926 863 1001 τὴν
891 927 1157 987 θάλασσαν
1182 928 1398 1001 ἐκπιεῖν,
1437 926 1526 987 καὶ
1559 929 1653 1009 ἴσῃ
1678 931 1797 1013 τρία
1823 932 1889 992 τὰ

333 1019 561 1097 μέγιστα
579 1015 864 1099 ἠφανικὼς,
893 1020 991 1094 γῆν
1020 1013 1110 1073 καὶ
1138 1014 1408 1074 Θάλασσαν
1432 1014 1522 1074 καὶ
1549 1017 1784 1098 οὐρανόν.

413 1109 579 1163 Plura
614 1107 731 1180 ejus
756 1106 978 1182 generis
1009 1104 1140 1161 vide
1164 1123 1257 1180 ap.
1288 1106 1570 1162 Stobaeum
1600 1109 1778 1165 Serm.
1819 1130 1884 1181 α,

335 1202 391 1263 1.,
417 1213 515 1266 21,
544 1194 639 1265 38,
666 1194 761 1265 81,
784 1192 1068 1249 Plutarch.
1091 1192 1292 1251 Moral.
1316 1212 1377 1268 p.
1411 1191 1546 1265 534,
1574 1196 1641 1270 C3
1665 1197 1801 1270 631,
1825 1202 1886 1270 F,

331 1283 587 1343 Macrob.
608 1285 720 1341 Sat.
750 1284 888 1351 vll,
922 1281 974 1337 3.

407 1371 693 1430 Plutarch.
720 1370 924 1426 Moral.
953 1386 1011 1443 p.
1042 1367 1178 1437 633,
1212 1369 1255 1425 C
1291 1387 1304 1422 ε
1336 1364 1618 1448 Θεόκριτον
1647 1369 1733 1429 τὸν
1757 1373 1884 1432 Χῖον

325 1455 631 1516 ἀπέκτεινεν
673 1456 1018 1537 (Antigonus
1057 1473 1157 1511 rex
1197 1457 1372 1511 altero
1417 1475 1609 1514 carens
1649 1460 1881 1535 oculo),

317 1545 438 1622 ὅτι,
467 1542 727 1626 φήσαντός
752 1564 920 1620 τινος,
953 1543 1025 1608 εἷς
1048 1538 1162 1608 τοὺς
1185 1540 1478 1622 ὀφθαλμοὺς
1506 1540 1570 1601 ἂν
1605 1548 1693 1603 τοῦ
1731 1549 1883 1624 βασι·

321 1632 456 1700 λέως
483 1630 877 1712 παραγένηται,
909 1632 1154 1701 σωθῆναι·
1199 1628 1358 1688 Ἀλλά
1402 1652 1519 1708 μοι,
1559 1621 1723 1710 εἶπεν,
1759 1633 1884 1692 ἁδύ·

319 1744 480 1779 νατον
509 1720 701 1792 ὗπέθης
726 1717 1009 1799 σωτηρίαν.
1029 1751 1109 1763 -
1135 1719 1297 1776 Idem
1325 1721 1400 1777 ib.
1427 1740 1487 1796 p.
1524 1742 1546 1778 1
1564 1742 1616 1793 1,
1643 1727 1690 1779 Α
1723 1743 1737 1780 :
1770 1720 1881 1782 Ἀν-

319 1807 528 1888 τίγονον
568 1805 622 1866 δὶ
651 1806 738 1865 τὸν
773 1804 994 1886 βασιλέα
1031 1808 1133 1863 τῶν
1163 1805 1477 1865 Μακεδόνων
1507 1808 1883 1891 ἑτερόφθαλμον

322 1894 479 1970 ὄντα,
505 1893 602 1967 τὴν
624 1892 859 1976 πήρωσιν
881 1891 1147 1974 προφέρων
1178 1894 1249 1960 εἷς
1288 1892 1352 1952 οὗ
1372 1893 1584 1976 μετρίαν
1608 1894 1763 1976 ὀργὴν
1793 1922 1884 1957 κα-

321 1982 566 2055 τέστησε.
588 1981 696 2044 Τὸν
713 1980 814 2063 γὰρ
839 1980 1212 2063 ἀρχιμάγειρον
1240 1981 1576 2062 Εὐτροπίωνα
1596 1985 1881 2063 γεγενημέ-

321 2095 407 2132 νον
423 2073 478 2131 ἔν
492 2070 993 2152 τάξει[ἐκπέμψας],
1008 2066 1392 2150 παραγενέσθαι
1405 2068 1530 2151 πρὸς
1544 2071 1698 2130 αὐτὸν
1713 2072 1876 2149 ἦξίου,

319 2159 413 2219 καὶ
449 2158 601 2236 λόγον
628 2160 804 2217 δοῦναι
827 2156 918 2216 καὶ
944 2155 1144 2215 λαθεῖν·
1183 2160 1350 2214 ταῦτα
1386 2155 1441 2216 δὲ
1470 2158 1881 2239 ἀπαγγέλλοντος

323 2246 520 2306 ὶκείνου
539 2245 668 2327 πρὸς
687 2244 864 2319 αὑτὸν,
885 2244 977 2303 καὶ
1003 2242 1254 2311 πολλάκις
1278 2244 1577 2325 προσιόντος
1592 2291 1609 2325 ,
1636 2239 1712 2307 E&
1733 2239 1846 2307 οἶδα
1861 2295 1877 2327 ,

323 2333 533 2417 ἔφησεν,
559 2332 640 2392 ὅτι
676 2332 821 2412 ὠμόν
859 2354 928 2410 με
963 2330 1124 2399 θέλεις
1149 2333 1224 2412 τῷ
1259 2331 1513 2392 Κύκλωπι
1540 2339 1879 2415 παραθεῖναι·

321 2420 598 2495 ὀνειδίζων,
616 2421 703 2480 τὸν
729 2418 847 2498 μὲν,
870 2418 950 2479 ὅτι
971 2417 1162 2501 πηρὸς,
1197 2417 1285 2478 τὸν
1308 2418 1389 2493 δὲ,
1413 2417 1492 2479 ὅτι
1520 2420 1762 2502 μάγειρος
1790 2415 1872 2496 ἦν·

311 2513 580 2584 κᾶκεῖνος,
623 2510 940 2591 Τοιγαροῦν,
982 2504 1161 2581 εἰπὼν,
1191 2505 1286 2579 τὴν
1318 2506 1548 2590 κεφαλὴν
1590 2512 1689 2590 οὔχ
1720 2509 1870 2582 ἔξεις,

321 2596 461 2658 ἄλλα
492 2603 585 2670 τῆς
617 2593 995 2679 ἀθυροστομίας
1024 2593 1219 2665 ταύτης
1248 2594 1338 2653 καὶ
1369 2593 1557 2672 μανίας
1580 2595 1760 2664 δώσεις
1795 2597 1873 2657 δί-

313 2712 437 2759 κην,
478 2686 762 2764 ἀπήγγειλε
807 2683 875 2743 τὰ
921 2682 1167 2764 εἰρημένα
1206 2685 1281 2763 τῷ
1324 2684 1546 2762 βασιλεῖ·
1590 2684 1680 2743 καὶ
1720 2689 1749 2744 ὁ
1779 2685 1874 2762 μὲν

319 2775 534 2853 πέμψας
553 2773 724 2831 ἀνεῖλε
749 2769 838 2830 τὸν
856 2769 1162 2850 Θεόκριτον.

399 2864 600 2938 Igitur,
617 2861 660 2916 si
677 2858 820 2915 fides
828 2857 1089 2914 habenda
1099 2858 1249 2913 hisce
1264 2860 1708 2931 narratiunculis,
1727 2880 1876 2917 mor-

311 2965 447 3008 tuns
466 2947 890 3008 estTheocritus
904 2956 1138 3002 antean.
1164 2944 1269 3001 301
1291 2964 1342 3004 a.
1357 2943 1492 3005 Chr.
1516 2944 1685 3024 (⁹).—
1703 2949 1874 3022 Quod

318 3043 526 3115 scripta
565 3038 682 3112 ejus
707 3038 936 3105 attinet,
979 3034 1170 3113 Χρεῖαι
1194 3035 1310 3091 sive
1350 3038 1520 3092 Acute
1543 3038 1691 3093 dicta
1720 3039 1871 3094 haud

318 3129 494 3184 dubie
513 3147 629 3182 non
649 3135 807 3194 mut,
837 3142 962 3199 quae
983 3123 1156 3179 literis
1178 3124 1590 3198 consignaverit
1609 3126 1871 3182 Theocri-

309 3227 441 3272 tus.
467 3215 564 3270 sed
588 3233 707 3288 quae
727 3212 960 3286 jecerit,
986 3211 1124 3267 alius
1151 3229 1288 3266 vero
1316 3210 1553 3267 collecta
1573 3213 1677 3267 sub
1706 3215 1870 3269 titulo

325 3302 519 3380 Χρεῖαι
543 3297 822 3378 Θεοκρίτου
857 3300 918 3354 in
941 3299 1142 3373 vulgus
1167 3296 1429 3353 ediderit.
1461 3331 1540 3340 —
1567 3300 1869 3356 Historiam

323 3388 596 3462 Libycam
615 3387 698 3443 vel
715 3405 746 3444 a
765 3385 939 3442 Suida
958 3384 1279 3440 dubitanter
1295 3384 1595 3440 Theocrito
1614 3387 1869 3460 sophistae

315 3476 500 3531 tribui
533 3474 800 3530 indicatur
825 3472 1030 3528 vocula
1060 3468 1286 3550 φέρεται.
1319 3475 1402 3527 Ac
1433 3490 1562 3528 sane
1591 3491 1679 3528 res
1704 3491 1736 3528 a
1762 3473 1868 3529 dc-

315 3582 565 3638 magogo
600 3564 774 3618 aliena
811 3578 926 3617 esse
956 3560 1201 3616 videtur.
1229 3558 1556 3616 Asferuntur
1585 3572 1771 3617 tamen
1797 3581 1866 3617 ex

317 3651 651 3718 Theocrito,
689 3668 817 3724 quae
863 3649 924 3703 in
957 3647 1181 3721 Libycis
1224 3646 1469 3701 historiis
1511 3657 1639 3722 apte
1680 3648 1867 3705 locum

309 3739 526 3794 habere
551 3746 881 3812 potuerunt.

395 3827 714 3903 Fulgentius
731 3823 971 3899 Mythol.
1000 3825 1057 3892 1,
1082 3822 1156 3878 26
1180 3841 1194 3877 τ
1231 3822 1542 3878 ῚῚιεοσνὶιιιε
1565 3828 1865 3897 antiquita·

305 3929 428 3970 aim
457 3911 934 3991 historiographus
959 3907 1134 3982 refert
1157 3910 1428 3965 Phorrum
1440 3906 1627 3980 fuisse
1652 3930 1855 3985 regem,

311 4011 412 4078 qui
423 4015 533 4059 tres
537 4004 696 4073 filias
716 4002 1011 4076 locupletes
1022 3999 1336 4073 dereliquit.
1360 3999 1603 4070 Quarum
1627 4001 1868 4055 Medusa

305 4100 514 4164 major,
547 4111 673 4166 quoe
682 4088 890 4162 suerat
921 4088 1177 4162 locuples,
1209 4103 1545 4159 regnumque
1580 4089 1867 4142 incolendo

1972 958 2081 1013 per
2110 942 2382 1018 Gorgonis
2406 955 2575 1018 caput
2583 983 2603 1010 ,
2654 946 2719 999 id
2738 957 2821 1001 est
2848 965 2964 1021 per
2984 949 3346 1008 substantiam
3374 962 3494 1026 ejus
3513 997 3530 1028 ‚

1977 1046 2101 1083 eum
2131 1034 2189 1085 in
2213 1041 2448 1086 montem
2461 1029 2672 1107 sugere
2695 1037 2978 1108 compulit.
3022 1038 3184 1094 Unde
3207 1045 3266 1094 in
3294 1056 3533 1099 montem

1976 1136 2258 1173 conversus
2277 1136 2393 1174 esse
2417 1120 2640 1177 dicitur.

2059 1204 2181 1262 Hoc
2230 1209 2463 1282 egregiae
2501 1207 2770 1264 doctrinae
2800 1213 3085 1284 specimen
3116 1215 3371 1292 Theolrti
3405 1221 3532 1277 Me-

1977 1291 2259 1365 thymnaei,
2284 1296 2381 1367 qui
2395 1291 2588 1371 Ὥρους
2603 1294 2905 1374 (Annales)
2925 1302 3272 1376 conscripsit,
3290 1324 3404 1363 esse
3424 1326 3531 1382 pu·

1977 1372 2113 1426 tavit
2151 1372 2639 1448 Schweighaeuser.
2672 1374 2746 1430 ad
2781 1377 2987 1433 Athen.
3031 1388 3151 1435 tom
3185 1384 3292 1453 VI,
3330 1404 3392 1459 p.
3426 1405 3524 1461 91.

1973 1459 2103 1513 Non
2123 1458 2327 1533 credo,
2353 1463 2660 1534 praesertim
2685 1480 2859 1535 quum
2887 1452 3012 1542 ὧροι
3037 1467 3295 1544 Theolyti
3318 1473 3411 1528 vix
3434 1474 3531 1530 alii

1972 1539 2076 1592 nisi
2105 1534 2346 1596 Λεσὸίων
2371 1539 2600 1596 suerint.
2640 1542 2995 1599 Probabilius
3022 1544 3394 1621 fragmentum
3430 1571 3529 1609 re-

1972 1622 2114 1681 seres
2132 1625 2205 1681 ad
2223 1623 2498 1691 ἐπιστολὰς
2517 1622 2838 1702 Θαυμαστὰς,
2856 1631 2971 1687 sive
2996 1634 3255 1706 epistolas
3267 1636 3339 1694 de
3360 1640 3530 1697 rebus

1971 1711 2318 1769 mirabilibus
2339 1711 2441 1789 (cf.
2471 1712 2744 1781 ἐπιστολὰς
2771 1712 3019 1793 ἐρωτικὰς
3045 1722 3260 1791 Ζοηεεὶ,
3292 1744 3528 1806 μαγειρι·

1970 1793 2067 1862 xit<
2095 1800 2426 1856 Melesermi.
2459 1802 2601 1857 Vide
2633 1803 2821 1859 Ebert.
2860 1806 3004 1864 Diss.
3032 1807 3202 1863 Sicul.
3252 1829 3309 1884 p.
3347 1812 3523 1889 175),

1971 1903 2095 1958 quae
2118 1886 2311 1944 indole
2330 1889 2533 1944 similes
2554 1889 2762 1946 fuerint
2787 1897 2890 1955 τοῖς
2913 1888 3170 1959 Ἀπίστοις
3194 1893 3520 1973 Palaephati.

1969 1972 2081 2028 Sed
2099 1973 2303 2030 eodem
2308 1973 2436 2047 jure
2453 1974 2570 2031 haec
2583 1976 2645 2031 in
2665 1977 2855 2051 Libyae
2870 1979 3102 2035 historia
3118 1982 3223 2057 legi
3244 1997 3522 2056 poterant.

1967 2060 2112 2115 Utut
2132 2073 2213 2116 est
2228 2104 2244 2131 ,
2270 2063 2390 2117 noli
2414 2064 2661 2138 cogitare
2684 2064 2757 2120 de
2779 2061 2921 2120 Chio
2947 2066 3269 2126 Theocrit0.
3302 2074 3525 2129 Nomen

1966 2149 2170 2220 procul
2197 2148 2373 2204 dubio
2406 2160 2736 2227 corruptum
2763 2163 2845 2207 est
2875 2171 2945 2208 ex
2971 2151 3334 2234 Θεόχρηστος,
3366 2160 3523 2231 enjus
3637 2206 3648 2217 .

1966 2234 2175 2309 Libyca
2198 2236 2425 2293 aliunde
2451 2240 2727 2294 novimus.

2547 2381 2914 2409 *—

2320 2503 2625 2564 ΘΕΟΧΡΗ
2635 2506 2836 2567 ΣΤΟΥ
2876 2509 3180 2570 ΛΙΒΥΚΑ.

2457 2646 2677 2701 LIBER
2717 2644 3014 2703 PRIMUS.

2043 2766 2233 2825 Schol.
2262 2772 2527 2845 Apollon.
2554 2773 2749 2830 Rhod.
2772 2776 2870 2845 lv,
2900 2773 3049 2848 1750
3080 2796 3094 2832 :
3125 2774 3373 2856 Εὕῳημος
3391 2778 3495 2860 ᾤκε

1961 2850 2058 2926 τὴν
2088 2854 2397 2927 Λακωνικὴν
2435 2854 2581 2937 παρὰ
2607 2857 2692 2917 τὸν
2730 2858 2988 2936 αἰγιαλόν.
3024 2851 3116 2928 Εἷς
3155 2863 3211 2921 δέ
3238 2887 3316 2932 τις
3357 2867 3499 2927 αὐτοι

1960 2946 2064 3003 τῶν
2091 2942 2358 3020 ἀπογόνων
2390 2944 2640 3024 Σήσαμος
2672 2944 2905 3029 ἀπῴκισε
2935 2947 3146 3032 Θήραν·
3176 2942 3237 3010 οὗ
3267 2955 3517 3034 ἀπόγονος

1960 3031 2166 3109 γέγονεν
2197 3030 2577 3111 Ἀριστοτέλης,
2618 3033 2671 3101 ὃς
2702 3038 2794 3106 τῆς
2833 3036 2952 3116 περὶ
2995 3035 3239 3118 Κυρήνην
3278 3042 3517 3111 ἀποικίας

1958 3118 2217 3198 ἡγήσατο.
2250 3120 2559 3202 Ἱστορεῖται
2585 3127 2751 3181 ταῦτα
2780 3122 2925 3203 παρὰ
2959 3125 3205 3207 Πινδάρῳ
3238 3129 3289 3186 ἰν
3316 3131 3516 3190 Πυθιο-

1959 3207 2139 3274 νίκαις·
2169 3207 2567 3289 ἐπιμελέστερον
2596 3209 2649 3268 δὲ
2690 3210 2835 3291 παρὰ
2875 3212 3201 3293 Θεοχρήστῳ
3240 3218 3292 3273 ἐν
3321 3217 3513 3299 πρώτῳ

1959 3293 2226 3370 Λιόυκῶν,
2253 3297 2344 3356 καὶ
2370 3297 2517 3380 παρὰ
2544 3298 2867 3380 Ἀκεσάνδρῳ
2897 3302 2949 3358 ἓν
2978 3300 3172 3382 πρώτῳ
3196 3303 3362 3384 [περὶ]
3396 3310 3513 3367 Κυ-

1988 3383 2134 3455 ήνης.

1959 3405 1987 3462 ρ
2037 3474 2121 3527 De
2145 3490 2208 3527 re
2238 3483 2533 3546 exponunt
2556 3473 2891 3548 interpretes
2917 3475 2990 3531 ad
3016 3475 3185 3534 Pind.
3215 3475 3381 3551 Pyth.
3412 3484 3508 3539 lv.

1959 3555 2033 3629 57
2057 3577 2178 3632 sqq.
2203 3576 2259 3614 et
2281 3560 2347 3616 Ο.
2370 3560 2590 3617 Miiller.
2611 3562 2762 3619 Min.
2784 3580 2840 3635 p.
2868 3559 2981 3617 350
3004 3581 3127 3635 sqq.
3146 3590 3225 3600 -
3248 3566 3347 3621 Uti
3368 3571 3513 3624 Ace·

1955 3644 2177 3716 sander,
2202 3648 2279 3701 sic
2307 3648 2475 3703 etiam
2500 3648 2935 3718 TheochrestuS,
2965 3651 3072 3704 nisi
3099 3649 3285 3720 fallor,
3305 3673 3511 3729 genere
3616 3657 3621 3666 '

1954 3733 2252 3805 Cyrenaeus
2285 3733 2414 3802 fuit3
2447 3733 2622 3807 idque
2649 3735 2857 3810 colligo
2890 3754 2961 3791 ex
2984 3733 3220 3794 Pausan.
3247 3741 3357 3811 v1,
3403 3763 3504 3817 12,

1957 3839 2014 3891 7,
2045 3822 2143 3895 qui
2166 3819 2311 3876 duos
2337 3821 2738 3877 Theochrestos
2765 3824 3086 3896 CyrenaeOS,
3116 3844 3283 3881 avum
3312 3839 3369 3884 et
3403 3851 3507 3888 ne-

1950 3918 2167 3982 potem,
2188 3920 2481 3964 memorat.
2507 3907 2650 3964 AEtas
2668 3910 2918 3965 historici
2935 3910 3157 3968 definiri
3181 3917 3393 3987 nequit.
3416 3921 3507 3974 Ei-

1954 3996 2085 4051 dem
2107 3994 2486 4053 Thenebreste
2516 3997 2703 4052 tribuo
2728 3996 2933 4051 librum
2959 3997 3031 4053 de
3056 4000 3247 4054 Rebus
3274 3996 3506 4053 mirabi-

1951 4082 2118 4151 libus,
2137 4100 2204 4138 ex
2225 4101 2407 4156 eoque
2424 4084 2599 4157 petita
2618 4083 2846 4153 fuerint,
2878 4102 3007 4158 quae
3028 4087 3266 4140 servavit
3297 4087 3507 4141 Plinius

309 4179 814 4253 smctficandoque
840 4177 1233 4251 ampliaret-au
1267 4175 1412 4228 unde
1439 4186 1496 4228 et
1524 4174 1743 4248 Gorgon
1779 4176 1868 4229 di·
1953 4171 2025 4226 H.
2054 4171 2122 4225 N.
2151 4172 2457 4241 XXXVII,
2493 4190 2515 4225 1
2532 4190 2581 4240 1,
2621 4190 2673 4239 1,
2702 4189 2763 4243 p.
2800 4176 2906 4236 104
2943 4172 3120 4227 Tchn.
3157 4192 3172 4227 ι
3211 4172 3506 4228 Tlaeoclaro-

316 4282 405 4322 cta
422 4281 529 4336 est,
559 4271 726 4342 quasi
744 4283 986 4342 georgen
1005 4283 1025 4317 .·
1045 4281 1177 4318 nam
1199 4262 1416 4339 γεωργοὶ
1427 4280 1614 4336 groece
1635 4265 1866 4318 cultores

305 4357 588 4409 dicuntur.
606 4355 934 4428 Serpeneino
948 4369 1068 4408 vero
1090 4357 1272 4425 capite
1287 4351 1411 4406 ideo
1436 4351 1589 4404 dicta
1601 4362 1694 4418 est,
1723 4353 1872 4424 quod

377 4501 441 4561 (Ἴ
473 4498 647 4550 Nescio
664 4512 730 4548 an
756 4497 996 4549 ‘I‘beoeriti
1015 4511 1191 4549 nomen
1222 4499 1506 4560 corruptum
1525 4497 1588 4546 sit
1610 4510 1688 4560 ap.
1713 4497 1863 4548 Athe-

309 4584 476 4620 ηοω
502 4583 555 4633 p.
597 4572 671 4631 14,
691 4572 748 4631 E,
784 4567 867 4618 ubi
895 4588 908 4617 ε
935 4567 1182 4627 Διαόὁητοι
1198 4569 1246 4618 δὲ
1269 4567 1345 4617 ἐπὶ
1365 4573 1582 4630 σφαιρικῇ
1603 4570 1866 4630 Δημοτέλης

313 4642 342 4688 ὁ
369 4640 686 4701 Θεόγνιδος
708 4642 810 4687 τοῦ
838 4635 983 4687 Χίου
1005 4641 1226 4701 σοφιστοῦ
1244 4637 1450 4698 ἀδελφός.
1487 4639 1673 4686 Nomen
1689 4638 1864 4687 notum

313 4709 600 4772 requiritur-3
634 4707 697 4756 de
717 4706 990 4770 'theognide
1020 4706 1229 4769 sophista
1251 4707 1403 4757 altum
1432 4707 1691 4757 silentium.

652 4855 1182 4916 THEOCHRESTI
1227 4857 1517 4917 LIBYCA.

803 4983 1026 5041 LIBER
1061 4985 1353 5042 PRIMUS.

375 5093 659 5156 Euphemus
692 5093 740 5143 in
765 5095 997 5144 Laconica
1020 5095 1082 5146 ad
1115 5109 1250 5147 oram
1281 5095 1570 5145 maritimam
1606 5093 1858 5145 habitavit.

315 5173 450 5221 tuns
463 5187 528 5222 ex
549 5173 749 5235 posteris
769 5173 870 5235 eius
888 5177 1107 5226 Sesamus
1118 5175 1355 5226 coloniam
1371 5176 1418 5225 in
1432 5176 1637 5225 'theram
1653 5174 1858 5223 insulam

1951 4268 2065 4311 stus
2101 4258 2322 4312 Oceano
2343 4258 2407 4311 id
2423 4257 2751 4332 (electrum)
2773 4269 3117 4313 exoestuante
3140 4259 3223 4313 ad
3238 4260 3506 4332 Pyrenaei

1946 4351 2324 4418 promontoria
2363 4351 2497 4416 ejici
2521 4365 2541 4400 .·
2570 4347 2720 4420 quod
2752 4356 2810 4400 ct
2850 4347 3194 4401 Xenocrates
3231 4348 3490 4415 ‹st-edidit,

1950 4436 2050 4506 qui
2087 4434 2159 4487 cle
2203 4438 2273 4487 iis
2314 4438 2625 4506 nuperrime
2649 4437 2889 4506 scripsit.
2932 4431 3062 4488 Haec
3102 4443 3184 4487 est
3231 4435 3501 4491 sententia

1952 4538 2177 4590 eorum,
2207 4522 2303 4594 qui
2328 4522 2387 4574 in
2422 4520 2702 4576 Rhodano
2733 4518 2906 4576 fluvio
2937 4520 3247 4576 Eridanum
3271 4540 3501 4578 cernere

1949 4606 2056 4660 sibi
2077 4606 2433 4663 videbantur.
2467 4609 2552 4662 Tu
2582 4607 2675 4662 adi
2703 4607 3066 4663 Welckerum
3104 4610 3163 4662 in
3201 4609 3407 4683 Trilog.
3434 4629 3493 4684 p.

1953 4692 2068 4769 569
2095 4713 2175 4768 sq.

1949 4854 2107 4907 duxit.
2156 4855 2310 4918 nujus
2346 4871 2374 4907 e
2421 4857 2640 4920 prosapia
2673 4856 2906 4906 oriundus
2934 4857 3236 4918 Aristoteles,
3281 4858 3365 4920 qui
3409 4872 3495 4907 co·

1947 4933 2090 4984 loniae
2118 4934 2167 4984 in
2193 4934 2504 4997 cyrenaicam
2536 4933 2828 4984 deducendae
2851 4935 3056 4997 praefuit.
3091 4937 3356 4986 Nat-rantur
3391 4935 3498 4984 haee

1945 5012 2075 5075 apud
2123 5012 2410 5076 Pindarum,
2468 5012 2737 5062 accuratius
2784 5025 2901 5062 vero
2944 5011 3073 5075 apud
3117 5013 3495 5063 Theoclirestum

1945 5092 2070 5142 libro
2092 5092 2246 5155 primo
2267 5092 2577 5156 Libycarum,
2607 5092 2656 5141 et
2680 5090 2806 5153 apud
2836 5090 3157 5141 Acoeandrum
3194 5090 3315 5140 libro
3339 5090 3499 5153 primo

1946 5171 2008 5220 de
2032 5170 2245 5232 Cyrenis,

1432 5325 2381 5364 ψ
