4016 5916
476 428 590 485 262

472 555 634 624 αὐτῆς
662 552 864 631 ἀναιρεῖ
877 553 938 628 τῇ
955 552 1092 628 ὀσμῇ
1111 575 1124 589 ·
1156 550 1224 630 (4)
1252 552 1496 622 τοιαύτην
1524 548 1617 622 τὴν
1639 549 1856 628 δύναμιν
1879 551 2014 632 ἔχει,

473 647 578 704 τοῖς
614 642 662 697 δ’
699 637 984 717 ἀνθρώποις
1025 641 1173 711 ἡδεῖα
1204 639 1610 720 καταφαίνεται·
1638 644 1702 720 τῇ
1734 647 1823 699 τοῦ
1853 640 2017 718 θύμου

470 728 575 806 γάρ
615 730 753 785 ἐστιν
782 729 1048 793 ἀνθοῦντος
1089 730 1227 808 ὀσμῇ
1264 727 1641 806 παραπλησία,
1682 727 1801 795 τοὺς
1839 728 1892 787 δὲ
1927 731 2019 799 δη-

471 814 688 895 χθέντας
728 813 810 893 ὑφ’
844 815 1092 872 οὓποτοῦν
1121 814 1285 896 ὄφεως
1320 818 1370 873 ἐν
1400 812 1519 894 οἴνῳ
1563 801 1766 874 δοθεῖσα
1803 815 2017 895 ύγιᾶζει.

478 899 540 980 (s)
587 899 794 961 Φύεται
821 898 865 957 δ’
900 902 952 958 ἰν
980 903 1060 980 τῷ
1103 900 1211 983 ὄρει
1250 901 1341 960 καὶ
1379 901 1577 981 καρπὸς
1604 901 1828 976 ἀκάνθης
1849 949 1866 982 ‚
1906 907 2021 970 ταῖς

480 991 693 1054 λευκαῖς
732 987 1100 1068 παραπλήσιος
1146 987 1386 1068 μύρτοις·
1436 987 1493 1046 ὃν
1539 986 1663 1048 ὅταν
1714 1014 1790 1058 τις
1832 990 2021 1072 τρίψας

474 1074 635 1154 ἐλαίῳ
676 1071 994 1154 καταχρίσαι
1039 1074 1100 1133 τὸ
1140 1078 1323 1152 σῶμα,
1365 1079 1454 1134 τοῦ
1495 1074 1745 1153 μεγίστου
1772 1080 2026 1156 χειμῶνος

475 1166 536 1223 ού
565 1163 826 1241 λαμὸοἰνει
846 1162 941 1235 τὴν
965 1164 1274 1238 ἐπαίσθησιν
1297 1163 1332 1237 ἢ
1362 1164 1499 1226 πάνυ
1523 1170 1776 1247 βραχεῖαν
1792 1191 1805 1204 ·
1830 1166 1945 1227 οὐδὲ
1964 1170 2020 1226 ἐν

474 1253 550 1331 τῷ
575 1249 706 1332 θέρει
735 1255 827 1309 τοῦ
854 1250 1119 1329 καύματος
1157 1253 1177 1330 (
1201 1251 1485 1319 κωλύοντος
1524 1260 1612 1313 τοῦ
1651 1254 1930 1335 φαρμάκου
1958 1259 2024 1334 τῇ

477 1342 638 1397 αὐτοῦ
666 1336 964 1420 πυκνώσει)
988 1337 1077 1398 τὸν
1106 1336 1291 1408 ἔξωθεν
1316 1338 1447 1421 ἀέρα
1469 1342 1792 1418 καταμάθοις
1822 1344 2026 1402 διϊκνεῖ·

477 1430 600 1485 σθαι
636 1431 728 1484 τοῦ
771 1424 1036 1503 σώματος.
1127 1427 1191 1505 (o)
1236 1426 1464 1495 Σπᾶνιος
1507 1428 1551 1486 δ’
1598 1429 1735 1488 ἐστὶν
1766 1434 1793 1488 ὃ
1831 1429 2027 1510 καρπὸς

476 1506 621 1580 οὗτος
648 1513 738 1572 καὶ
765 1516 817 1571 ἐν
842 1513 1067 1592 φάραγξι
1108 1514 1197 1572 καὶ
1235 1518 1287 1572 ἐν
1311 1514 1489 1582 τόποις
1513 1516 1761 1597 φυόμενος
1784 1517 2023 1599 ἀποκρή-

480 1624 622 1679 μνοις
639 1646 653 1678 ‚
671 1599 805 1660 ὥστε
832 1602 982 1678 μόλις
1002 1600 1097 1678 μὲν
1119 1603 1307 1681 εὑρεῖν,
1331 1600 1393 1661 ἂν
1421 1603 1466 1661 δ’
1496 1604 1617 1683 εὕρῃ
1643 1628 1745 1683 τις,
1774 1605 1846 1682 μὴ
1876 1609 2024 1685 εὐχε-

481 1693 581 1768 ρῶς
604 1688 853 1746 δύνασθαι
878 1687 1082 1760 λαὸεἶν,
1106 1687 1169 1746 ἂν
1195 1688 1239 1746 δ’
1258 1692 1494 1769 ἐπιχειρῇ
1518 1690 1829 1769 λαμὸάνειν,
1854 1695 2023 1750 κινδυ-

479 1773 643 1833 νεύειν
675 1773 779 1833 dub
806 1779 909 1833 τῶν
948 1779 1155 1853 πετρῶν
1182 1774 1629 1834 κατακυλισθέντα
1658 1777 2024 1856 διαφθαρῆναι.

478 1860 643 1920 Μένει
664 1861 707 1919 δ’
731 1866 764 1932 ἡ
793 1861 1009 1938 δύναμις
1037 1860 1131 1928 ἕως
1158 1863 1415 1937 ἐνιαυτοῦ,
1442 1867 1769 1941 χρονισθεῖσα
1794 1862 1838 1920 δ’
1859 1862 2030 1922 α’πόλ-

479 1951 601 2007 λυσι
625 1948 720 2020 τὴν
744 1953 929 2021 ἑαυτῆς
956 1948 1235 2029 ἐνέργειαν.

560 2038 605 2097 ἢ.
633 2037 875 2114 Ποταμοὶ
895 2037 950 2096 δὲ
971 2036 1056 2095 διὰ
1077 2044 1166 2096 τοῦ
1182 2036 1328 2117 ὅρους
1351 2036 1519 2119 ῥέουσι
1538 2036 1658 2112 δύο,
1686 2038 2026 2118 Κραυσίνδων

479 2145 535 2179 τε
566 2120 883 2199 καλούμενος
909 2121 998 2180 καὶ
1032 2122 1282 2205 Βρύχων·
1323 2127 1351 2182 ὃ
1387 2122 1480 2200 μὲν
1513 2121 1630 2190 τοὺς
1665 2122 1766 2180 ὖπὸ
1792 2125 1905 2189 ταῖς
1934 2126 2025 2180 τοῦ

481 2209 687 2282 Πηλίου
714 2209 745 2241 ⁴‘
769 2210 1182 2289 γεωργουμένους
1205 2211 1434 2291 ἅρδεύων
1456 2209 1665 2291 ἀγρούς·
1691 2213 1719 2268 δ
1738 2210 1792 2268 δὲ
1822 2231 2027 2290 παραρ·

482 2290 747 2377 ρέων’μὲν
787 2297 847 2356 τὸ
880 2302 973 2369 τῆς
1017 2297 1262 2370 Πηλαίας
1307 2298 1497 2371 ἄλσος,
1545 2297 1815 2357 ἐκὸάλλων
1858 2297 1911 2356 δὲ
1959 2298 2030 2365 εἰς

480 2384 766 2442 θάλασσαν.
853 2385 919 2464 (a)
952 2384 1077 2446 Ἐπ’
1107 2384 1273 2467 ἄκρας
1299 2385 1353 2444 δὲ
1383 2390 1473 2457 τῆς
1503 2390 1592 2443 τοῦ
1620 2383 1768 2465 ὄρους
1803 2389 2029 2466 κορυφῆς

482 2470 741 2542 σπήλαιόν
785 2474 896 2530 ἐστι
945 2471 1008 2530 τὸ
1052 2470 1370 2550 καλούμενον
1417 2471 1720 2553 Χειρώνιον,
1771 2470 1861 2530 καὶ
1910 2470 2032 2537 Διὸς

481 2557 700 2616 ἅκταίου
740 2557 897 2637 ἱερὸν,
938 2559 1016 2638 ἐφ’
1057 2558 1086 2616 ὃ
1125 2559 1261 2617 κατὰ
1306 2559 1455 2627 κυνὸς
1483 2559 1737 2631 ἀνατολὴν
1788 2558 1926 2617 κατὰ
1970 2556 2031 2616 τὸ

483 2644 836 2720 ἀκμαιότατον
876 2647 1058 2717 κῶμα
1089 2644 1426 2704 ἂναὸαίνουσι
1455 2650 1557 2704 τῶν
1587 2647 1810 2704 πολιτῶν
1842 2648 1887 2702 οἳ
1917 2647 2030 2702 ἐπι-

483 2730 793 2808 φανέστατοι
813 2730 903 2788 καὶ
926 2738 1036 2797 ταῖς
1063 2732 1289 2802 ἡλικίαις
1307 2731 1621 2810 ἀκμάζοντες
1630 2778 1646 2806 ,
1674 2730 2025 2811 ἐπιλεχθέντες

483 2815 570 2874 ἐπὶ
608 2820 698 2874 τοῦ
744 2815 949 2896 ἱερέως,
990 2816 1326 2893 ἔνεζωσμένοι
1373 2817 1536 2876 κώδια
1579 2819 1803 2898 τρίποκα
1850 2818 2030 2876 καινά·

484 2907 711 2961 τοιοῦτον
762 2901 1038 2980 συμὸαίνει
1089 2902 1175 2963 ἐπὶ
1223 2909 1313 2963 τοῦ
1362 2904 1511 2983 ὄρους
1557 2904 1617 2964 τὸ
1666 2909 1830 2986 ψῦχος
1876 2894 2026 2967 εἶναι.

489 2991 557 3067 (9)
586 2992 694 3049 Τοῦ
725 2989 775 3048 δὲ
797 2989 943 3069 ὄρους
965 2995 999 3063 ἡ
1030 2989 1123 3068 μὲν
1148 2991 1290 3070 [μία]
1316 2992 1515 3072 πλευρὰ
1541 2994 1686 3073 παρά
1711 3016 1767 3052 τε
1789 2992 1882 3064 τὴν
1907 2996 2029 3053 Mot-

483 3075 705 3153 γνησίαν
749 3078 839 3135 καὶ
883 3078 1186 3139 Θεσσαλίαν
1238 3079 1465 3159 παρήκει
1483 3123 1500 3152 ,
1543 3080 1671 3159 πρός
1707 3104 1764 3139 τε
1820 3080 2030 3161 ζέφυρον

483 3162 574 3221 καὶ
598 3162 745 3233 ἡλίου
769 3162 911 3222 δύσιν
933 3163 1294 3245 ἕστραμμένη·
1320 3170 1355 3237 ἡ
1385 3166 1430 3224 δ’
1453 3166 1537 3224 ἐπὶ
1555 3166 1642 3225 τὸν
1671 3164 1807 3226 Ἄθω
1825 3166 1917 3225 καὶ
1945 3166 2032 3225 τὸν

383 3320 403 3339 a
486 3251 844 3311 Μακεδονικὸν
873 3253 1276 3329 ἔπικεκλημένον
1306 3254 1529 3328 κόλπον,
1558 3256 1785 3335 πλαγίαν
1832 3254 2028 3334 ἔχουσα

485 3347 663 3397 πᾶσαν
687 3340 776 3398 καὶ
803 3349 1050 3422 τραχεῖαν
1070 3340 1162 3412 τὴν
1184 3344 1253 3408 εἷς
1276 3340 1371 3413 τὴν
1398 3342 1699 3405 Θεσσαλίαν
1724 3341 2032 3423 ἐστραμμέ-

486 3449 577 3497 νην
606 3425 809 3508 χώραν.
843 3428 929 3505 (10)
960 3426 1039 3488 Τὸ
1068 3425 1120 3485 δὲ
1150 3426 1264 3507 ὄρος
1294 3427 1702 3508 πολυφάρμακόν
1723 3427 1782 3487 τέ
1810 3426 2031 3487 ἐστικαὶ

485 3514 683 3582 πολλὰς
720 3512 839 3596 ἔχον
868 3514 957 3573 καὶ
1001 3513 1334 3582 παντοδαπὰς
1375 3514 1617 3592 δυνάμεις
1657 3515 1750 3583 τάς
1790 3539 1845 3574 τε
1889 3515 2029 3595 ὄψεις

487 3603 658 3660 αὐτῶν
698 3601 1007 3681 γινώσκουσι
1047 3601 1138 3661 καὶ
1177 3607 1405 3684 χρῆσθαι
1451 3603 1774 3680 δυναμένοις·
1814 3601 1936 3679 μίαν
1979 3599 2036 3661 δέ

484 3713 599 3748 τινα
620 3690 775 3770 [ἥτις]
801 3689 908 3770 ἔχει
930 3690 1138 3770 [ἄλλοις]
1155 3691 1244 3749 καὶ
1266 3690 1426 3757 ἄλλας
1447 3690 1683 3766 δυνάμεις
1701 3687 2029 3766 (ἀνομοίους).

487 3775 694 3836 Φύεται
715 3776 767 3836 δὲ
791 3777 849 3836 τὸ
873 3777 1075 3857 δένδρον
1094 3782 1168 3859 τῷ
1190 3776 1392 3855 μεγέθει
1409 3775 1502 3854 μὲν
1527 3780 1583 3836 ού
1609 3778 1763 3836 πλέον
1782 3775 1816 3848 ἢ
1838 3774 2033 3853 πήχεος

1655 420 2094 483 DICAEARCHI
2137 423 2486 486 MESSENII

2109 563 2300 613 occidit.
2325 565 2400 626 (4)
2418 563 2666 626 Eiusmodi
2683 564 2866 628 pollens
2886 564 3067 616 viribus
3079 566 3359 617 suavissima
3376 568 3447 618 est
3458 568 3690 634 bomini5..

2111 671 2232 721 odor
2249 672 2426 736 quippe
2453 672 2580 722 iilius
2609 671 2795 722 accedit
2825 672 2886 722 ad
2915 673 3069 736 thymi
3097 672 3309 725 florentis
3328 675 3672 741 fragrantiam,

2112 792 2296 831 morsos
2316 793 2430 829 vero
2449 793 2478 829 a
2497 780 2749 843 quibusvis
2777 782 3075 844 serpentibus
3100 782 3150 833 in
3172 784 3285 834 vino
3305 789 3500 851 sumpta
3525 789 3671 838 resti·

2113 890 2208 940 tuit
2220 891 2435 941 sanitati.
2457 891 2679 942 Nascitur
2702 892 2846 942 etiam
2866 891 2915 941 in
2936 892 3030 942 hoc
3047 895 3213 945 monte
3231 895 3418 947 tructus
3437 899 3636 948 acanthi
3651 937 3668 961 ,

2113 995 2463 1058 propemodum
2493 994 2556 1045 ad
2577 995 2701 1046 albae
2726 996 2872 1059 myrti
2896 996 3276 1049 similitudinem.
3304 1001 3461 1058 Quem
3487 1000 3529 1052 si
3553 999 3673 1062 quis

2114 1111 2227 1150 cum
2252 1100 2359 1150 oleo
2377 1101 2548 1151 tritum
2569 1101 2775 1151 illeverit
2797 1103 2982 1166 corpori
2995 1141 3009 1167 ,
3031 1104 3337 1155 intensissimi
3357 1104 3544 1168 frigoris
3565 1119 3674 1155 non

2112 1208 2204 1259 nisi
2232 1208 2562 1260 brevissimam
2588 1210 2689 1259 vim
2718 1211 2891 1279 sentiet
2926 1230 2939 1261 ι
2963 1224 3122 1274 neque
3147 1211 3327 1262 aestatis
3357 1213 3575 1276 tempore
3598 1213 3671 1262 vi·

2116 1312 2231 1364 deas
2252 1328 2427 1377 corpus
2448 1315 2509 1365 ab
2526 1317 2645 1365 oestu
2675 1306 2885 1365 in'i‘oetari
2901 1351 2917 1378 ,
2940 1315 3036 1365 hac
3054 1317 3155 1379 ipsa
3173 1316 3323 1366 herba
3343 1327 3428 1379 per
3443 1316 3672 1379 spissitu-

2114 1414 2279 1466 dinem
2318 1428 2453 1465 suam
2485 1416 2773 1466 exteriorem
2797 1429 2956 1467 aerem
2982 1417 3281 1480 prohibente.
3349 1418 3418 1481 (6)
3459 1419 3522 1467 At
3555 1431 3694 1468 raro·

2115 1519 2312 1569 obvium
2358 1525 2430 1570 est
2465 1519 2557 1570 boc
2595 1521 2781 1571 fructus
2819 1534 2995 1584 genus,
3039 1534 3198 1584 neque
3236 1521 3448 1571 occurrit
3486 1520 3578 1571 nisi
3616 1522 3690 1571 in,

2114 1622 2389 1686 praecipitiis
2411 1622 2623 1686 locisque
2640 1623 2909 1687 praeruptis.
2938 1621 3202 1673 Difficulter
3221 1623 3381 1686 itaque
3398 1623 3688 1686 invenitur,.

2117 1727 2469 1791 inventumque
2486 1743 2582 1778 non
2603 1728 2742 1778 facile
2762 1730 2918 1791 potest
2933 1728 3062 1790 carpi
3082 1764 3096 1789 ,
3135 1728 3249 1791 quia
3273 1728 3542 1791 periculum
3565 1732 3639 1779 est
3655 1767 3691 1790 ,.

2115 1843 2177 1880 ne
2197 1831 2282 1893 qui
2306 1833 2451 1893 petit,
2477 1845 2597 1894 rupe
2630 1831 2882 1895 prolapsus
2903 1832 3082 1894 pereat.
3101 1831 3241 1881 Vires
3260 1833 3421 1882 servat
3439 1845 3526 1895 per
3546 1834 3665 1882 anni

2116 1940 2324 2002 spatium
2337 1974 2354 2000 ‚
2372 1941 2423 2012 at
2442 1941 2658 2002 tempore
2678 1938 2806 1988 ultro
2824 1938 3111 2018 procedente
3133 1937 3396 2012 efficaciam
3418 1938 3614 1990 amittit.

2177 2051 2223 2097 7.
2256 2046 2413 2096 Fluvii
2446 2044 2545 2096 duo
2580 2047 2742 2096 Pelion
2776 2047 3047 2108 permeant,
3081 2059 3290 2110 quorum
3319 2046 3455 2097 alteri
3487 2061 3691 2098 nomen·

2115 2144 2445 2210 Crausindon,
2487 2141 2624 2196 alteri
2653 2146 2872 2208 Brychon
2911 2164 2925 2196 ι
2963 2146 3043 2196 ille
3077 2159 3247 2210 agros,
3281 2147 3365 2210 qui
3400 2148 3459 2198 ad
3495 2149 3689 2211 pedem·

2116 2244 2295 2296 montis
2317 2244 2558 2308 coluntur,
2589 2245 2709 2307 rigat
2723 2262 2739 2307 3
2774 2245 2853 2294 hic
2877 2245 3158 2309 praeterfluit
3195 2247 3368 2296 Pela-se
3393 2260 3588 2311 nemus,
3608 2262 3689 2298 ac-

2117 2346 2287 2396 deinde
2309 2348 2540 2396 exonerat
2573 2359 2626 2396 se
2657 2347 2706 2395 in
2739 2359 2890 2396 mare.
2938 2345 3008 2409 (Β)
3037 2349 3095 2396 ln
3128 2340 3356 2396 altissimo
3383 2346 3559 2394 montis
3584 2359 3674 2394 ca·

2119 2445 2311 2496 miniine
2334 2449 2408 2496 est
2427 2458 2598 2508 specus
2623 2444 2907 2495 Chironium
2940 2446 2989 2495 et
3031 2444 3195 2494 fanum
3235 2445 3370 2496 ,iovis
3407 2425 3555 2496 Actaei
3575 2481 3589 2506 ,
3615 2445 3684 2494 in·

2118 2545 2248 2608 quod
2274 2545 2366 2595 sub
2395 2548 2559 2597 ortum
2587 2544 2849 2609 caniculae,
2873 2558 3025 2608 quum
3045 2547 3191 2595 aestus
3215 2547 3286 2594 est
3311 2545 3676 2594 vehementissi-

2119 2654 2253 2701 mus,
2276 2640 2556 2691 nobilissimi
2583 2638 2763 2702 quique
2786 2653 2813 2689 e
2831 2639 3036 2690 civitatis
3064 2640 3233 2690 inc-olis
3254 2643 3302 2691 et
3319 2643 3519 2701 juvenes
3535 2653 3562 2689 a
3581 2655 3664 2690 sa-

2119 2741 2311 2791 cerdote
2342 2738 2404 2789 ad
2445 2739 2538 2788 hoo
2575 2737 2747 2788 delecti
2788 2735 3080 2798 ascendunt,
3112 2735 3266 2786 induti
3297 2737 3496 2798 pellibus
3527 2739 3688 2789 novis»
3727 2733 3734 2738 ’

2118 2805 2301 2896 optimo
2335 2832 2512 2881 vellere
2542 2829 2737 2895 propter
2760 2830 2946 2892 frigoris
2984 2823 3036 2878 in
3075 2830 3239 2878 monte
3267 2829 3685 2892 magnitudinem..

2120 2928 2186 2991 (9)
2213 2929 2370 2990 Atque
2391 2926 2596 2976 alterum
2616 2924 2814 2988 quidem
2832 2923 3010 2973 montis
3036 2923 3162 2973 latus
3179 2923 3439 2973 secundum
3470 2926 3663 2987 Magne-

2119 3023 2237 3072 siam
2262 3020 2650 3082 Thessaliamque
2682 3018 3004 3082 protenditur,
3035 3019 3301 3081 zephyrum
3326 3030 3488 3068 versus
3515 3018 3652 3068 solis·

2119 3129 2214 3180 que
2242 3128 2467 3166 occasum
2485 3114 2739 3178 spectans3
2758 3112 2962 3163 alterum
2989 3123 3106 3161 vero
3122 3124 3290 3162 versus
3306 3111 3427 3162 Atho
3443 3113 3662 3162 montem

2120 3213 2169 3261 et
2191 3211 2347 3260 sinum
2363 3207 2748 3269 Macedonicum,
2767 3205 3010 3267 obliquam
3022 3204 3175 3253 totam
3192 3203 3370 3254 habens
3382 3206 3430 3253 et
3447 3214 3660 3267 asperam

2120 3304 2193 3356 sui
2207 3305 2409 3368 partem,
2425 3301 2719 3352 Thessaliam
2736 3312 2900 3350 versus
2913 3309 3208 3348 conversam.
3229 3298 3330 3362 (ιο)
3348 3298 3666 3348 Plurimarum

2119 3402 2354 3463 praeterea
2371 3397 2628 3447 herbarum
2655 3397 2783 3446 ferax
2809 3396 2882 3444 est
2901 3407 3038 3444 mons
3056 3393 3171 3457 iste,
3200 3407 3311 3457 quae
3329 3395 3462 3445 varia
3483 3395 3665 3447 vittute

2119 3491 2307 3543 medica
2322 3490 2557 3554 gaudent,
2583 3487 2751 3551 siquis
2773 3500 2853 3537 eas
2871 3486 3021 3550 probe
3038 3486 3312 3549 dignoscere
3347 3490 3397 3537 et
3423 3489 3551 3538 recte
3572 3488 3668 3537 iilis

2120 3586 2193 3636 uti
2215 3583 2422 3634 noverit.
2487 3584 2560 3632 Ex
2593 3581 2724 3630 hisce
2747 3591 2843 3628 uua
2875 3579 3093 3641 pluribus
3112 3579 3255 3628 etiam
3286 3579 3439 3641 iisque
3469 3579 3672 3630 diversis

2122 3682 2318 3745 przoetat
2345 3678 2538 3729 viribus.
2604 3678 2688 3727 Est
2710 3676 2851 3738 [enim
2883 3674 3132 3724 arbustum
3156 3674 3290 3736 nigro
3321 3674 3511 3737 colore,
3536 3676 3668 3735 quod

2122 3778 2373 3829 altitudine
2394 3788 2482 3825 sua
2497 3812 2512 3837 ,
2532 3774 2766 3837 quantum
2782 3772 2886 3835 ejus
2907 3784 3051 3833 supra
3067 3772 3241 3819 terram
3260 3769 3466 3831 conspici
3489 3773 3676 3832 potest,

486 3956 573 4006 pro
592 3945 633 3993 δ.
660 3945 810 3993 δοκεῖν
835 3945 958 4008 ἔχειν
977 3945 1100 3994 tum.
1119 3944 1248 4007 quod
1273 3946 1346 3995 est
1369 3945 1418 3994 in
1440 3944 1546 3994 cod.
1570 3943 1812 4005 Parisin03
1840 3942 1889 3992 ln
1921 3941 2030 3991 cod.
2120 3939 2281 4001 τρίψας
2301 3936 2398 3999 μετ’
2426 3933 2580 3982 ἐλαίου
2598 3933 2676 3981 καὶ
2694 3932 2857 3985 ὓδατος
2875 3928 3014 3992 χβῖσὉ
3049 3930 3102 3978 τὸ
3124 3929 3262 3977 αὺτοῦ
3288 3927 3318 3983 ἦ
3354 3926 3492 3974 ἄλλον
3518 3931 3683 3987 σῶμα·

487 4012 706 4062 Gudiano
723 4013 896 4075 legitur
930 4031 942 4062 ε
971 4015 1125 4077 δῆγμα
1143 4015 1297 4073 ἰᾶται,
1322 4014 1472 4063 δοκεῖν
1496 4015 1618 4076 ἔχειν
1636 4013 1780 4073 imm,
1803 4012 1886 4061 ubi
1905 4012 2033 4060 ἰᾶται
2073 3981 2083 4044 Ι
2120 4013 2345 4073 χειμῶνος
2382 4006 2508 4060 ὄντος
2544 4003 2631 4053 οὐκ
2661 4001 2987 4058 ἑπαισθήσεται
3017 4004 3101 4048 τοῦ
3139 3999 3328 4061 ψύχους.
3374 4014 3398 4038 κ
3441 3997 3666 4046 Osannus

487 4084 650 4130 ortum
672 4085 791 4144 puto
815 4095 873 4131 ex
896 4083 1056 4130 ἰᾶσθαι
1071 4119 1085 4142 ,
1112 4082 1239 4144 quod
1260 4083 1391 4132 scioli
1410 4084 1641 4145 glossema
1664 4084 1765 4132 enat
1783 4081 1841 4131 ad
1864 4094 2032 4130 vocem

486 4151 676 4215 ἀπέχειν
690 4151 765 4200 vel
789 4151 967 4215 εἵργειν.
990 4155 1128 4202 Nunc
1147 4152 1276 4200 enim
1298 4152 1485 4202 nonnisi
1500 4153 1562 4202 de
1579 4152 1627 4202 vi
1641 4151 1832 4201 arcendi
1850 4164 2035 4201 morsus

485 4232 644 4269 sermo
676 4222 774 4281 est;
812 4221 886 4269 vis
925 4218 1148 4269 medendi
1176 4220 1450 4271 bominibus
1479 4234 1669 4271 morsus
1691 4220 1791 4282 jam
1827 4219 2035 4283 expertis

484 4294 781 4341 memoratur
819 4291 866 4339 in
898 4302 1031 4351 seqq.
1072 4293 1187 4340 Mox
1218 4290 1449 4351 scriptum
1476 4290 1593 4339 velis
1628 4309 1641 4339 ι
1670 4290 1776 4347 τοὺς
1809 4289 1890 4353 μὲν
1922 4290 2029 4352 γὰρ.

485 4364 707 4410 Osannus
742 4359 942 4411 Parisini
983 4358 1095 4408 libri
1136 4359 1391 4409 lectionem
1426 4358 1673 4422 ignoranS,
1707 4359 1890 4408 censuit
1923 4360 2035 4408 ante

484 4431 631 4480 verba
664 4430 769 4487 τοὺς
802 4430 885 4495 μὲν
917 4429 972 4479 ἐκ
1005 4434 1085 4487 τῆς
1119 4428 1275 4492 χώρας
1310 4430 1409 4477 κτλ.
1435 4428 1692 4478 desiderari
1718 4429 2031 4489 senteutiam,

485 4512 580 4562 qua
610 4501 771 4561 planta
793 4499 882 4549 ista
899 4497 1201 4560 serpentibus
1215 4510 1319 4547 esse
1333 4497 1597 4560 periculosa
1614 4497 1878 4558 diceretur3
1898 4496 2032 4546 ideo-

484 4582 579 4631 que
599 4567 904 4617 scribendum
934 4566 1179 4629 proposuit
1205 4585 1218 4616 ε
1242 4567 1371 4616 δοκεῖ
1385 4568 1425 4616 δ’
1443 4567 1597 4630 ἔχεσιν
1622 4566 1927 4625 ἐπικίνδυνος,
1946 4568 2033 4614 aut

484 4641 612 4687 δοκεῖ
632 4640 672 4687 δ’
689 4639 810 4701 ἔχειν
829 4639 983 4703 ἐχεσιν
1002 4637 1282 4686 ἐπικίνδυνα.
1304 4658 1326 4680 ιι
1348 4641 1452 4696 Qua
1472 4639 1519 4687 in
1537 4636 1886 4696 emendatione,
1901 4636 2031 4685 Fun·

484 4709 585 4765 rius
623 4720 673 4768 p.
714 4710 805 4756 415
837 4708 1028 4769 adjicit,
1065 4706 1252 4757 etiamsi
1288 4706 1350 4756 de
1391 4706 1768 4770 palaeographica
1809 4705 2032 4755 facilitate

484 4790 581 4826 non
622 4776 822 4838 dubito,
858 4790 1151 4841 magnopere
1182 4780 1340 4827 tamen
1382 4777 1624 4840 displicet,
1662 4776 1790 4839 quod
1828 4777 2033 4839 scriptor

485 4859 637 4911 quum
660 4845 861 4894 vixdum
885 4846 1032 4907 ὄφεων
1057 4847 1358 4910 protulisset,
1388 4848 1559 4897 deinde
1578 4849 1647 4897 ita
1667 4846 1938 4897 variaverit.
1973 4873 2033 4891 .-

485 4917 609 4979 ὀσμῇ
636 4916 837 4979 παραπλ.
857 4915 879 4981 ]
898 4916 1022 4979 ὀσμὴ
1046 4932 1097 4965 π.
1129 4916 1237 4966 cod.
1261 4918 1406 4967 Paris.
1433 4943 1500 4955 —-
1523 4926 1568 4969 5.
1590 4917 1812 4982 καρπὸς
1842 4917 1913 4964 ἀκ
1942 4917 2030 4965 άν·

484 4988 588 5043 οης
613 4984 750 5047 κτλ]
784 4984 985 5034 Aliunde
1017 4986 1078 5035 de
1113 4986 1187 5036 his
1214 4999 1310 5035 non
1337 4990 1526 5037 constat
1549 4986 1638 5037 nisi
1665 5000 1727 5037 ex
1770 4986 2032 5035 Heraclidis

484 5068 628 5116 opere
666 5055 778 5117 Περὶ
811 5060 904 5103 τῶν
928 5056 975 5103 ἐν
1010 5058 1066 5118 τῇ
1105 5057 1290 5105 Ἑλλάδι
1323 5056 1505 5106 πόλεων
1536 5070 1612 5120 ap.
1656 5055 1878 5119 Apollon.
1917 5056 2027 5104 Mir.

485 5142 528 5173 «t.
564 5130 648 5188 19,
674 5125 755 5174 ubi
780 5125 917 5192 liaeq:
939 5126 1238 5190 Ἡρακλείδης
1267 5128 1316 5177 δὲ
1335 5129 1362 5177 ὁ
1380 5128 1576 5192 κριτικὸς
1612 5128 1630 5187 (
1647 5126 1859 5190 κρητικός
1886 5125 2028 5191 libri)

485 5197 532 5243 ἐν
562 5200 630 5256 τῷ
660 5196 771 5258 Περὶ
797 5200 891 5245 τῶν
924 5197 969 5244 ἐν
994 5201 1051 5258 τῇ
1082 5197 1264 5245 Ἐλλάδι
1292 5197 1471 5245 πόλεων
1503 5197 1623 5245 κατὰ
1645 5197 1698 5245 τὸ
1726 5196 1897 5252 Πήλιον
1924 5194 2030 5253 ὄρος

482 5266 677 5317 &nebai
712 5282 848 5330 φησιν
875 5267 1075 5315 ἄκανθαν
1108 5266 1422 5331 καρποφόρον,
1451 5267 1506 5328 ἧς
1533 5266 1609 5317 τὸν
1640 5267 1816 5329 καρπὸν
1850 5266 1930 5315 ἐάν
1961 5280 2028 5322 τις

2121 4077 2332 4139 eju-dem
2361 4072 2545 4123 fruticis
2570 4074 2775 4133 utroque
2806 4070 2912 4118 ioco
2936 4068 3224 4118 mentionem
3247 4065 3348 4114 {ieri
3381 4068 3430 4115 et
3453 4065 3531 4114 vel
3567 4063 3660 4115 de·

2120 4147 2423 4210 scriptionem
2460 4142 2715 4204 utrobique
2735 4140 2938 4190 similem
2958 4152 3060 4188 esse
3091 4135 3467 4187 animadvertens
3495 4136 3664 4197 conie-

2121 4221 2306 4267 cturam
2328 4215 2377 4264 in
2412 4212 2569 4263 medio
2597 4210 2795 4273 proferri
2821 4221 2957 4271 posse
2979 4206 3295 4268 existimavit,
3329 4216 3423 4267 qua
3457 4205 3664 4254 Heracli·

2120 4288 2204 4337 des
2238 4287 2325 4350 (in
2353 4286 2537 4333 incerto
2570 4285 2728 4331 tamen
2765 4279 2957 4341 reliquit
2989 4281 3153 4326 utrum
3180 4276 3242 4325 de
3269 4275 3465 4323 Pontico
3483 4286 3545 4322 an
3568 4274 3681 4323 aiio—

2120 4357 2330 4419 quodam
2360 4350 2666 4415 cogitandum
2699 4350 2854 4411 esset)
2889 4346 3003 4397 Pelii
3038 4345 3404 4407 descriptionem
3433 4343 3662 4394 confecis-

2120 4430 2210 4476 set.
2243 4445 2268 4469 υ
2305 4422 2469 4475 Fuhr.
2510 4435 2558 4484 p.
2586 4424 2694 4469 401.
2719 4447 2783 4462 -
2813 4413 3277 4480 παραπλήσιος]
3300 4413 3406 4463 cod.
3435 4412 3581 4463 Paris.
3615 4418 3668 4463 et

2119 4497 2291 4555 Fuhr.;
2314 4494 2455 4555 vulgo
2468 4491 2805 4554 παραπλήσιον.
2825 4513 2892 4525 -
2906 4483 3144 4549 τρίψας]
3167 4484 3324 4547 τρῖψαι
3343 4482 3451 4531 cod.
3473 4485 3579 4531 Par.
3599 4510 3666 4521 —-

2119 4564 2286 4630 ἐλαίῳ]
2301 4568 2548 4622 Osannus;
2564 4561 2682 4609 λεῖον
2698 4559 2822 4608 libri.
2837 4583 2903 4594 —
2917 4572 3023 4605 κατ
3035 4552 3308 4619 αχρίσαι]
3331 4552 3502 4612 Fubr.;
3523 4568 3683 4601 κατ-αι·

2119 4638 2271 4700 χρίσοι
2287 4646 2391 4696 vgo.
2406 4657 2469 4668 —
2486 4649 2517 4680 κ
2531 4648 2597 4684 ατ
2611 4646 2641 4679 α
2657 4626 2890 4693 μάθοις]
2911 4626 3204 4687 καταμάθους
3230 4621 3337 4671 cod.
3361 4626 3483 4682 Pam
3513 4623 3666 4672 Fuiir.

2119 4706 2305 4768 scripsit
2333 4724 2346 4753 ι
2368 4702 2464 4751 οὐδ’
2491 4702 2548 4750 ἂν
2567 4702 2614 4750 ἐν
2636 4704 2706 4762 τῷ
2737 4699 2860 4763 θέρεϊ
2870 4701 2954 4745 τοῦ
2979 4712 3025 4743 κ.
3047 4692 3327 4757 καταμάθω,
3347 4694 3656 4747 κωλύοντος...

2118 4779 2229 4839 ἀέρα
2247 4774 2512 4824 διικνεῖσθαι
2529 4788 2572 4820 τ.
2587 4788 2631 4820 o.
2653 4800 2711 4811 —
2731 4764 3161 4831 ἀποκρήμνοις]
3181 4762 3290 4813 cod.
3319 4762 3465 4811 Puris,
3481 4777 3496 4821 ;
3512 4763 3662 4825 ἐπικρ.

2118 4845 2323 4895 Gudian.

2180 4919 2229 4966 7.
2254 4916 2293 4963 Π
2311 4931 2341 4971 η
2355 4911 2487 4961 λίου
2507 4910 2526 4974 ]
2549 4910 3022 4972 ρἱαις-Βυῑῐιυοῐιηυε
3036 4941 3049 4964 ,
3065 4909 3159 4961 τοῖς
3185 4904 3293 4951 ποσὶ
3319 4901 3532 4965 Miller-us
3549 4914 3666 4963 sup·

2117 4984 2345 5047 plendum
2383 4984 2598 5032 monent.
2635 4979 2836 5030 Dativus
2874 4975 3044 5037 aliquis
3079 4975 3306 5022 extrusus
3340 4984 3441 5021 osse
3474 4969 3663 5019 videtur

2117 5055 2415 5117 irrumpente
2431 5051 2711 5115 glossemate
2733 5067 2745 5097 :
2766 5046 2941 5097 etenim
2964 5045 3012 5091 in
3033 5042 3140 5091 cod.
3159 5041 3308 5091 Paris.
3323 5041 3497 5101 legitur
3516 5054 3676 5102 γεωρ-

2116 5123 2363 5186 γουμένους
2387 5121 2620 5183 κειμένους
2647 5116 2863 5180 ἁρδεύων.
2895 5112 3048 5163 Possis
3071 5114 3235 5159 tamen
3258 5123 3319 5159 ex
3344 5109 3418 5157 his
3448 5118 3618 5156 eruere
3647 5123 3661 5155 :

2116 5194 2220 5249 τοὺς
2243 5191 2571 5251 ὑποκειμένους
2601 5192 2670 5249 τῷ
2694 5182 2856 5244 Πηλίῳ
2885 5199 2933 5245 γ.
2955 5183 2998 5230 ἀ·
3020 5181 3066 5229 ἀ.
3097 5179 3305 5229 Fuhrius
3325 5176 3546 5243 proponit
3578 5192 3593 5228 :
3615 5179 3666 5225 ἐν

2116 5268 2210 5320 τοῖς
2235 5263 2326 5312 ὑπὸ
2357 5262 2495 5320 nni„
2528 5261 2610 5307 aut
2637 5257 2741 5312 τοὺς
2769 5256 2814 5304 ἐν
2834 5251 3037 5316 ὑπωρείᾳ
3063 5255 3146 5299 τοῦ
3181 5250 3376 5309 Πηλίου.
3400 5272 3466 5285 -—
3483 5253 3550 5295 α).
3563 5260 3668 5305 σος
