4016 5916
514 437 630 484 ,566
1606 403 2115 469 MANETHONIS
2158 401 2635 466 SEBENNYTAE

514 555 695 631 ὄνομα.
738 555 996 610 Ceterum
1041 567 1216 622 quum
1246 547 1476 601 Phuoro
1513 545 1628 598 sive
1664 541 1821 597 Nilus
1858 557 1960 594 rex
1983 556 2071 592 se-

516 644 765 700 cundum
782 639 1175 696 Manethonem
1203 623 1258 689 et
1276 633 1660 689 Dicaearchum
1680 631 1724 684 is
1746 630 1815 684 sit
1839 626 1939 682 sub
1956 642 2072 698 qno

517 731 685 803 Troja
734 736 1050 802 expugnata
1095 735 1201 792 est,
1243 722 1469 792 ejusque
1515 727 1821 773 antecessor
1867 714 1937 768 sit
1975 713 2074 768 Se—

520 821 646 874 thos
677 817 743 892 (i.
774 836 824 875 e.
848 816 995 871 filius
1015 812 1202 869 Thoth
1230 829 1273 867 s.
1296 805 1622 879 Mercurii),
1645 821 1814 875 quem
1837 819 1965 855 cum
1984 799 2076 855 Si-

521 908 672 981 phoa
704 906 777 980 τῷ
810 901 899 958 καὶ
939 899 1112 978 Ἑρμῇ
1163 909 1291 970 apte
1323 910 1664 966 componere
1698 892 1852 957 licet,
1889 887 2077 941 nescio

524 1012 597 1049 an
622 992 1017 1047 Eratosthenes
1042 985 1313 1042 Sesostrin
1340 983 1501 1036 illum
1536 997 1703 1051 quem
1732 975 2080 1031 duodecimae

525 1080 786 1152 dynastiae
803 1075 1069 1132 Manetho
1099 1074 1333 1144 assignat
1350 1110 1366 1138 ‚
1389 1086 1563 1122 unum
1583 1063 1938 1134 eundemque
1969 1077 2083 1114 esse

526 1167 778 1222 statuerit
818 1182 945 1219 cum
980 1163 1078 1216 illo
1102 1162 1427 1216 Grae-corum
1447 1197 1463 1229 ,
1500 1154 1758 1224 adeoque
1791 1149 1944 1203 mille
1967 1147 2084 1201 fere

530 1273 808 1310 annorum
849 1251 1116 1324 spatium,
1146 1245 1304 1319 quod
1343 1262 1452 1299 sec.
1492 1229 1893 1296 Manethonem
1938 1236 2085 1289 inter

536 1352 838 1412 utrumque
875 1337 1149 1394 Sesostrin
1189 1330 1541 1402 interjectum
1565 1338 1675 1394 est,
1708 1324 1940 1380 omnino
1971 1338 2089 1374 non

530 1428 839 1502 agnoverit.
883 1426 1079 1495 Itaque
1111 1421 1158 1476 οἱ
1187 1415 1383 1479 τούτοις
1426 1412 1604 1493 ἐφεξῆς
1647 1410 1794 1469 ἄλλοι
1820 1407 1895 1485 νγ’
1930 1410 2087 1486 βασι-

530 1514 666 1582 λεῖς,
721 1531 867 1585 quos
938 1507 1322 1583 Apollodorus
1385 1513 1514 1577 post
1562 1498 1951 1556 antecedentes
1990 1497 2088 1550 tri·

534 1603 685 1675 ginta
728 1610 859 1654 octo
898 1596 1234 1653 recensuisse
1270 1592 1475 1646 dicitur
1519 1587 1794 1663 (Syncell.
1822 1586 1859 1639 l.
1907 1583 2015 1658 1.),
2046 1584 2090 1638 si

535 1687 695 1743 addis
721 1688 787 1741 iis
810 1686 1045 1740 Phuorae
1069 1698 1438 1737 successorem
1464 1674 1940 1731 Amumarthaeum
1958 1713 1974 1744 ,
1993 1689 2086 1725 re-

536 1774 816 1848 spondent
844 1772 1071 1846 regibus
1090 1770 1161 1834 54
1179 1812 1193 1838 ,
1224 1786 1365 1841 quos
1396 1761 1666 1820 Eusebius
1687 1770 1943 1816 numerat
1960 1756 2094 1812 inde

537 1862 608 1916 ab
640 1863 798 1914 initio
829 1859 1088 1932 dynastiae
1114 1856 1229 1910 XX
1249 1871 1425 1926 usque
1450 1850 1522 1906 ad
1544 1849 1713 1905 finem
1734 1846 1893 1921 regni
1915 1846 2093 1918 AEgy-

541 1950 731 2021 ptiaci.
763 1949 851 2002 Sic
871 1956 1129 2017 tempora
1145 1942 1301 2015 regni
1323 1941 1449 2013 AEg.
1477 1938 1712 2011 propius
1730 1933 2004 1989 accedunt
2023 1930 2096 1985 ad

536 2038 748 2092 Veteris
782 2035 1046 2090 Chronici
1076 2043 1133 2087 et
1160 2032 1333 2104 ipsius
1363 2027 1603 2101 Syncelli
1639 2033 1949 2096 computos.
1994 2020 2096 2075 Vel

539 2126 669 2178 hinc
688 2123 927 2196 suspicio
950 2121 1195 2175 nascitur
1209 2116 1540 2172 laterculum
1561 2114 1717 2167 illum
1743 2129 1861 2164 non
1887 2111 2096 2163 Erato·

540 2213 773 2279 sthenis‚
811 2203 910 2264 sed
941 2208 1203 2263 monachi
1241 2203 1530 2275 cujusdam
1563 2199 1811 2274 AEgyptii
1847 2214 1988 2265 esse,
2032 2213 2098 2249 ex

541 2316 655 2370 quo
680 2295 1032 2362 PanodoruS,
1052 2307 1108 2349 ct
1130 2312 1161 2348 e
1185 2290 1490 2347 Panodoro
1509 2287 1798 2360 Syncellus
1822 2302 1950 2339 eum
1973 2301 2098 2336 mu-

542 2394 725 2438 matus
754 2385 839 2439 sit.
874 2385 1126 2455 Augetur
1152 2381 1268 2433 haec
1304 2376 1544 2449 suspicio
1574 2375 1642 2427 iis
1669 2391 1792 2445 quae
1820 2370 1891 2426 de
1919 2370 2099 2426 Chro-

542 2472 679 2525 nicis
695 2469 1031 2543 Apollodori
1053 2485 1082 2521 e
1103 2469 1344 2538 Scymno
1359 2463 1497 2518 Chio
1513 2468 1801 2532 comperta
1817 2456 2099 2511 babemus.

541 2557 677 2629 Quae
702 2567 765 2610 ut
785 2573 910 2612 cum
934 2552 1294 2627 Syncellianis
1313 2548 1577 2621 componi
1599 2554 1853 2621 possent,
1880 2528 1939 2597 i'n
1960 2544 2100 2597 Pro?

543 2645 687 2718 legg.
718 2644 788 2697 ad
817 2644 955 2698 nist.
990 2661 1051 2714 p.
1081 2640 1270 2694 XLIII
1304 2656 1372 2692 eo
1409 2634 1664 2708 confugi,
1688 2643 1753 2687 ut
1780 2629 2101 2704 Apollodo-

538 2749 669 2784 rum
683 2740 887 2803 praeter
901 2725 1300 2801 compendium
1316 2722 1783 2794 chronologicum
1802 2737 1835 2772 a
1846 2714 2101 2788 Trojanis

544 2818 677 2872 inde
714 2829 929 2889 tempp.
966 2815 1270 2887 incipiens„
1313 2813 1553 2865 alterum
1581 2826 1723 2881 opus
1759 2823 1929 2879 prosa
1966 2822 2099 2857 ora-

547 2906 695 2960 tione
719 2905 995 2977 scripsisse
1019 2912 1337 2956 statuerem.
1367 2896 1535 2969 Quod
1553 2913 1625 2951 ne
1647 2893 1888 2969 probem
1913 2893 2102 2946 etiam·

547 3009 724 3056 nunc,
783 2990 1052 3044 interiore
1113 2987 1594 3059 Syncellianorum
1655 2981 2100 3037 testimoniorum

547 3079 761 3131 ratione
787 3074 1087 3148 impedior.
1121 3105 1199 3115 --
1228 3074 1509 3127 Bunsenio
1537 3087 1698 3145 reges
1724 3069 1804 3122 illi
1843 3066 1914 3122 53
1944 3068 1983 3119 ii
2016 3068 2098 3119 vi·

546 3164 754 3218 dentur
788 3163 979 3231 fuisse,
1014 3162 1111 3234 qui
1150 3164 1255 3233 per
1297 3162 1591 3214 Pastorum
1630 3168 1882 3228 tempora
1921 3150 2099 3208 victo·

548 3252 704 3305 ribus
743 3249 1020 3304 tributarii
1062 3250 1122 3301 in
1161 3247 1403 3321 AEgypto
1458 3245 1844 3319 regnaverint,
1897 3259 2100 3313 eosque

553 3337 899 3410 respondere
925 3345 1087 3409 putat
1130 3334 1478 3391 Manethonis
1502 3331 1729 3406 regibus
1762 3330 1839 3385 60
1881 3328 2098 3401 dynas-

552 3427 637 3479 tiae
659 3426 819 3482 xm.

799 3552 1075 3608 DECIMA
1126 3551 1429 3622 QUARTA
1469 3546 1854 3604 DYNASTIA.

1282 3698 1311 3755 ί.
1326 3711 1347 3746 1
1359 3733 1374 3747 .

1007 3830 1154 3887 SEC.
1199 3829 1652 3885 AFRICANUM·.

631 3977 921 4049 syncellus
943 3994 1000 4047 p.
1025 3975 1060 4030 6
1074 3995 1119 4045 1,
1142 3978 1188 4030 Α
1212 3994 1226 4030 1
1251 3969 1807 4051 Τεσσαρεσκαιδεκάτη
1833 3966 2106 4028 δυναστεία

553 4063 811 4119 Ξοῖτῶν
841 4058 1097 4136 βασιλέων
1126 4058 1225 4130 ος·’,
1256 4056 1304 4117 οἳ
1331 4058 1671 4117 ἐὸασίλευσαν
1705 4056 1795 4130 ἔτη
1828 4057 1968 4138 ρπδ’.

553 4153 763 4292 ὴαξὶκο
791 4151 851 4203 ἱιι
885 4151 1007 4204 solo
1024 4148 1163 4204 cod.
1195 4150 1239 4202 B
1275 4148 1554 4222 leguntur.
1584 4147 1725 4203 Cod.
1768 4152 1817 4202 A
1852 4149 2106 4202 lacunam

667 4247 739 4293 et.

1275 4405 1366 4454 42.

616 4540 840 4589 Manetho
879 4552 1050 4601 genere
1083 4540 1174 4589 fuit
1207 4539 1479 4601 AEgyptius,
1521 4539 1597 4587 vir
1630 4542 1847 4588 Graecam
1885 4537 2111 4586 eniditio·

556 4631 667 4667 nem
703 4621 1015 4681 assequutus,
1047 4619 1118 4667 uti
1151 4632 1207 4667 ex
1245 4632 1302 4668 eo
1322 4618 1617 4680 intelligitur,
1651 4616 1779 4679 quod
1821 4620 1988 4666 Graece
2027 4630 2110 4678 pa-

558 4695 700 4744 triam
735 4696 980 4745 historiam
1002 4696 1271 4758 scripserit,
1308 4710 1446 4757 eam,
1469 4700 1525 4746 ut
1559 4698 1659 4759 ipse
1679 4698 1944 4759 profitetur,
1972 4710 2000 4745 e
2040 4709 2110 4744 sa·

557 4771 650 4820 cris
690 4773 1027 4834 interpretatus
1050 4773 1214 4834 libris;
1247 4774 1330 4835 qui
1361 4774 1507 4823 etiam
1541 4774 1834 4823 Herodotum
1863 4774 1911 4821 in
1951 4772 2114 4821 multis

557 4849 802 4898 convincit
824 4849 885 4898 de
906 4850 1047 4899 rebus
1069 4848 1353 4912 AEgyptiacis
1386 4862 1470 4913 per
1492 4851 1806 4913 ignorantiam
1838 4850 2109 4898 mentitum.

560 4925 646 4974 Ille
669 4929 799 4975 certe
822 4928 1044 4977 Manetim
1072 4928 1376 4978 historiarum
1398 4929 1720 4990 AEgyptiarum
1739 4926 1951 4977 secundo
1969 4927 2037 4976 ita
2055 4927 2116 4975 de

560 5001 698 5050 nobis
713 5002 875 5051 scribit
893 5004 911 5063 (
920 4998 1377 5079 ejuanuippe'verba
1394 5007 1607 5067 proferre
1626 5005 1763 5065 libet,
1780 5005 1933 5066 utqui
1958 4986 2113 5066 ipsufm

563 5090 651 5138 pro
672 5078 792 5127 teste
810 5079 1120 5141 producam).

627 5172 649 5193 n
678 5156 778 5202 Rex
810 5157 913 5204 erat
935 5156 1140 5216 ,Timaus
1186 5156 1663 5220 (Amyntimoeuse)
1700 5157 1838 5219 cujus
1870 5160 2114 5220 tempore,

2644 530 2790 587 SEC.
2842 524 3232 584 EUSEBIUM.

2242 671 2400 727 Idem
2444 689 2500 743 p.
2543 668 2610 723 61
2635 709 2652 737 ‚
2694 669 2737 722 C
2779 685 2793 718 ε
2845 655 3414 739 Τεσσαρεσκαιδεκάτη
3461 655 3804 715 δυναστεία

2169 753 2430 814 Ξοῖ,τῶν
2476 750 2732 830 βασιλέων
2769 749 2871 822 σεῖ’,
2902 745 2952 805 οἳ
2979 744 3323 804 ἐδασίλευσαν
3368 742 3470 814 ἔτη
3515 740 3684 820 ρπδ’·
3731 746 3794 802 ἐν

2172 840 2518 984 ἄλὶὲριιζεζίῗιε
2544 927 2753 983 Chron.
2775 944 2835 998 p.
2862 942 2938 997 99
2961 941 2982 976 :v
3004 922 3445 994 Quartodecima
3479 921 3802 991 dynastia

2171 1017 2408 1073 LXXVI
2421 1033 2626 1089 megum,
2641 1017 2734 1087 qui
2742 1015 3216 1086 regnaruntannis
3229 1008 3763 1064 CCCCLXXXIV
3772 1050 3788 1065 .

2265 1103 2350 1159 Cf.
2400 1104 2536 1157 Exc.
2586 1100 2813 1156 Bai-bar.
2860 1115 2874 1154 :
2925 1099 3175 1152 Potestas
3223 1095 3570 1148 Tanieorum
3631 1113 3794 1148 ann.

2179 1191 2537 1247 CLXXXVI.
2568 1190 2692 1242 Tais
2732 1198 2789 1242 et
2821 1186 2966 1241 Xois
2996 1185 3164 1238 urboe
3199 1182 3424 1236 vicinae.
3459 1213 3554 1226 .-
3598 1182 3796 1236 Boec-

2179 1279 2344 1333 khius
2369 1277 2676 1350 genuinum
2711 1290 3010 1328 numerum
3037 1270 3400 1330 Manethonis
3439 1267 3640 1323 habet
3686 1287 3791 1322 au.

2186 1364 2291 1429 184
2309 1408 2323 1434 ,
2350 1361 2607 1428 nom48l.
2629 1403 2648 1436 ,
2678 1378 3021 1434 quamquam
3050 1359 3201 1412 hunc
3230 1354 3624 1411 commendat
3663 1374 3792 1409 nu-

2179 1471 2363 1507 merus
2396 1469 2592 1525 regum
2632 1448 2703 1519 76
2734 1446 3039 1522 (siquidem
3075 1455 3229 1499 recte
3263 1462 3323 1498 se
3361 1438 3631 1516 habet);
3680 1442 3790 1497 sed

2180 1539 2430 1595 Boeckhii
2453 1538 2778 1592 sententiam
2796 1532 2982 1588 firmat
2999 1549 3269 1587 numerus
3294 1548 3605 1585 annorum
3626 1547 3800 1603 quos

2181 1625 2427 1683 secundo
2451 1636 2609 1680 tomo
2635 1623 2900 1679 Manetho
2927 1619 3261 1676 recensuisse
3286 1617 3534 1674 dicitur.

2217 1793 2613 1852 PASTORUM
2655 1790 3023 1847 TEMPORA.
3074 1787 3262 1846 DYN..
3306 1788 3732 1844 xv—xvu-

2916 1927 3017 1987 42.

2265 2046 2541 2120 Josephus
2577 2044 2641 2100 C.
2681 2043 2891 2116 Apion.
2927 2043 3005 2126 Ι,-
3036 2046 3101 2105 14
3132 2059 3146 2094 :
3195 2036 3469 2096 Μανεθὼν
3514 2034 3572 2094 δ’
3616 2030 3690 2109 ἧν
3725 2037 3798 2097 τὸ

2187 2131 2329 2210 γένος
2372 2128 2504 2209 ἀνὴρ
2545 2126 2855 2204 Αἰγύπτιος,
2901 2129 2995 2196 τῆς
3036 2123 3356 2196 Ἑλληνικῆς
3414 2125 3791 2205 μετεσχηκὼς

2189 2218 2454 2290 παιδείας,
2480 2219 2550 2282 ὡς
2577 2213 2729 2286 δῆλός
2769 2216 2910 2273 ἐστι·
2939 2212 3164 2291 γέγραφε
3187 2208 3291 2290 γὰρ
3334 2209 3584 2270 (Ελλάδι
3633 2219 3787 2292 φωνῇ

2191 2305 2284 2376 τὴν
2303 2304 2520 2383 πάτριον
2540 2301 2796 2381 ἱστορίαν,
2818 2299 2879 2358 ἔκ
2899 2323 2956 2357 τε
2975 2302 3077 2356 τῶν
3097 2301 3270 2377 ἱερῶν,
3288 2295 3361 2363 ὥς
3384 2321 3563 2377 φησιν
3592 2300 3758 2365 αὐτὸς
3771 2346 3786 2369 ,

2194 2391 2529 2473 μεταφράσας
2554 2389 2645 2448 καὶ
2670 2387 2839 2447 πολλὰ
2861 2386 2947 2444 τὸν
2978 2384 3256 2465 Ἡρόδοτον
3285 2385 3507 2465 ἐλέγχει
3539 2390 3656 2444 τῶν
3687 2391 3786 2449 Αἷ-

2192 2484 2489 2560 γυπτιακῶν
2528 2477 2614 2536 ὑπ’
2639 2476 2846 2555 ἀγνοίας
2876 2474 3209 2555 ἐψευσμένον.
3294 2475 3479 2542 Αὐτὸς
3508 2475 3582 2545 δὴ
3615 2476 3786 2534 τοίνυν

2189 2573 2216 2627 ὁ
2262 2565 2512 2628 Μανεθὼν
2561 2566 2627 2623 ἐν
2673 2568 2751 2642 τῇ
2797 2561 3059 2642 δευτέρᾳ
3114 2565 3235 2619 τῶν
3263 2564 3786 2638 Αἰγυπτιακῶν

2192 2661 2355 2714 ταῦτα
2391 2653 2513 2733 περὶ
2546 2655 2697 2729 ἡμῶν
2722 2648 2910 2730 γράφει
2950 2647 3361 2730 (παραθήσομαι
3399 2648 3461 2707 δὲ
3493 2649 3606 2720 τὴν
3645 2651 3782 2718 λέξιν

2194 2746 2351 2801 αὐτοῦ
2366 2789 2384 2814 ,
2404 2740 2640 2819 καθάπερ
2662 2738 2815 2796 αὐτὸν
2846 2738 3036 2796 ἐκεῖνον
3060 2733 3383 2815 παραγαγὼν
3407 2736 3710 2818 μάρτυρα)
3729 2759 3742 2771 ·

2270 2856 2294 2882 ι
2339 2828 2584 2907 Ἐγένετο
2634 2824 2876 2906 βασιλεὺς
2930 2829 3055 2900 ἡμῖν
3095 2821 3304 2900 Τίμαιος
3352 2825 3782 2901 (Ἀμυντίμαιος

2190 2924 2400 2991 Buns.;
2432 2915 2751 2994 Ἀμενὲμαος
2777 2916 2998 2985 Fruin„
3033 2911 3288 2986 Τίμαιος,
3327 2911 3566 2988 Τίμιος,
3606 2917 3780 2993 Rus.)

2190 3008 2352 3083 ὄνομα
2368 3030 2380 3043 ·
2405 3004 2491 3064 ἐπὶ
2517 3002 2699 3063 τούτου
2716 3004 2809 3061 οὐκ
2828 2993 2924 3060 οἶδ’
2944 2999 3083 3068 ὅπως
3103 3005 3131 3059 δ
3150 3000 3260 3066 θεὸς
3278 2998 3668 3076 eiiii-emtum,
3693 3004 3782 3061 καὶ

2189 3092 2489 3175 παραδόξως
2530 3094 2589 3150 ἐκ
2613 3094 2715 3150 τῶν
2755 3089 2882 3169 πρὸς
2917 3086 3173 3159 ἀνατολὴν
3197 3091 3373 3169 μερῶν
3401 3088 3690 3169 ἄνθρωποι
3722 3092 3783 3150 τὸ

2188 3182 2334 3261 γένος
2355 3182 2550 3257 ἄσημοι
2565 3223 2582 3251 ,
2603 3175 3091 3256 καταθαρσήσαντες
3124 3176 3211 3234 ἐπὶ
3248 3173 3345 3246 τὴν
3368 3175 3568 3255 χώραν
3593 3178 3783 3257 ἐστρά.

2188 3292 2395 3341 τευσαν,
2417 3266 2508 3326 καὶ
2531 3266 2717 3348 ῥαδίως
2737 3262 2976 3343 ἀμαχητὶ
3003 3262 3197 3332 ταύτην
3220 3261 3360 3321 κατὰ
3383 3264 3591 3341 κράτος
3622 3255 3778 3325 εἶλον,

2199 3359 2303 3417 Καὶ
2345 3354 2461 3421 τοὺς
2503 3351 2949 3430 ἡγεμονεύσαντας
2987 3351 3041 3408 ἐν
3084 3352 3215 3428 αὐτῇ
3266 3350 3680 3429 χειρωσάμενοι
3720 3355 3776 3411 τὸ

2194 3442 2373 3505 λοιπὸν
2400 3441 2489 3509 τᾶς
2507 3464 2565 3500 τε
2591 3440 2764 3508 πόλεις
2799 3440 2955 3515 ὠμῶς
2986 3436 3275 3518 ἐνέπρησαν
3309 3438 3403 3496 καὶ
3428 3437 3501 3496 τὰ
3525 3439 3654 3517 ἱερὰ
3679 3445 3778 3498 τῶν

2197 3536 2322 3591 θεῶν
2358 3530 2719 3607 κατέσκαψαν·
2758 3536 2888 3585 πᾶσι
2915 3524 2968 3583 δὲ
3001 3533 3104 3591 τοῖς
3125 3525 3424 3605 ἐπιχωρίοις
3469 3528 3778 3609 ἐχθρότατοί

2197 3643 2308 3685 πως
2332 3615 2622 3698 ἐχρήσαντο
2640 3660 2655 3687 ,
2693 3613 2809 3680 τοὺς
2852 3613 2946 3691 μὲν
2981 3610 3286 3692 σφάζοντες,
3321 3616 3428 3671 τῶν
3464 3612 3524 3670 δὲ
3573 3616 3672 3671 καὶ
3715 3615 3776 3671 τὰ

2196 3705 2351 3764 τέκνα
2387 3704 2478 3762 καὶ
2515 3707 2764 3780 γυναῖκας
2799 3704 2869 3768 εἷς
2899 3699 3130 3759 δουλείαν
3171 3697 3406 3776 ἄγοντες.
3501 3700 3692 3781 Πέρας
3729 3702 3779 3759 δὲ

2198 3789 2287 3850 καὶ
2336 3788 2555 3869 βασιλέα
2610 3787 2700 3846 ἕνα
2745 3787 2798 3855 ἐξ
2855 3788 3025 3845 αὐτῶν
3065 3783 3340 3863 ἐποίησαν,
3391 3775 3439 3867 ᾧ
3483 3786 3664 3860 ὄνομα
3718 3778 3781 3860 ἦν

2200 3880 2386 3940 Σᾶλα
2405 3901 2502 3943 τις
2531 3875 2762 3955 (Σᾶλτις
2782 3897 2838 3931 v.
2868 3879 2938 3945 l.;
2963 3878 3154 3931 Silices
3177 3876 3309 3933 EuS.
3345 3879 3542 3945 Arm.;
3577 3874 3783 3947 Σαΐτης

2202 3968 2323 4027 Ast.
2348 3966 2390 4041 ).
2479 3963 2584 4023 Καὶ
2619 3954 2763 4029 οὗτος
2788 3966 2840 4027 ἐν
2872 3967 2937 4040 τῇ
2963 3960 3200 4039 Μέμφιδι
3221 3960 3533 4038 κατεγίνετο
3549 4008 3566 4033 ,
3594 3962 3697 4033 τήν
3721 3986 3778 4021 τε

2204 4053 2311 4112 ἅνω
2339 4051 2429 4111 καὶ
2454 4051 2599 4109 κάτω
2626 4048 2806 4130 χώραν
2844 4048 3181 4125 δασμολογῶν
3207 4046 3300 4105 καὶ
3323 4048 3558 4128 φρουρὰν
3587 4051 3644 4107 ἐν
3674 4059 3780 4115 τοῖς

2200 4138 2624 4210 ἐπιτηδειοτάτοις
2650 4136 2975 4196 καταλείπων
3011 4134 3204 4200 τόποις.
3293 4134 3556 4194 Μάλιστα
3588 4136 3650 4194 δὲ
3685 4138 3775 4194 καὶ

2200 4226 2267 4286 τὰ
2289 4227 2414 4305 πρὸς
2438 4224 2692 4293 ἀνατολὴν
2713 4223 3041 4303 ἠσφαλίσατο
3065 4219 3196 4298 μέρη
3213 4266 3229 4293 ,
3257 4220 3636 4300 προορώμενος
3661 4225 3776 4284 Ἆσ·

2147 4399 2157 4409 “
2195 4407 2346 4457 quum
2368 4394 2502 4442 nobis
2521 4397 2645 4442 Deus
2662 4391 2819 4441 nescio
2836 4403 2933 4453 quo
2953 4392 3090 4452 pacto
3114 4391 3238 4439 esset
3256 4389 3445 4449 iratior,
3465 4404 3532 4439 ex
3555 4392 3776 4453 partitum

2199 4472 2412 4520 homines
2425 4469 2617 4531 ignobili
2635 4480 2822 4531 genere,
2836 4467 3030 4519 audacia
3047 4468 3238 4528 sumpta
3253 4468 3567 4528 repentinum
3581 4468 3712 4517 hunc
3729 4470 3784 4519 in

2199 4548 2440 4610 regionem
2472 4549 2705 4610 impetum
2727 4547 2945 4595 fecerunt
2961 4581 2975 4606 ,
3005 4556 3208 4606 eamque
3238 4545 3382 4595 facile
3398 4558 3460 4595 nc
3482 4547 3590 4596 sine
3615 4561 3782 4611 pugna

2200 4625 2488 4686 subegerunt
2511 4644 2523 4673 ι
2547 4628 2694 4686 atque
2714 4622 3002 4686 principibus
3021 4620 3127 4681 ejus
3141 4621 3191 4669 in
3210 4634 3350 4670 suam
3375 4626 3674 4685 potestatem
3695 4639 3770 4675 re-

2201 4702 2385 4763 dactiS,
2409 4700 2469 4749 de
2503 4704 2663 4749 cetero
2704 4704 2754 4748 et
2790 4699 3010 4748 civitates
3041 4696 3300 4746 crudeliter
3333 4700 3688 4760 incenderunt.
3723 4708 3776 4751 ει

2202 4778 2402 4826 deorum
2438 4776 2951 4845 templaleverterunn
2987 4786 3225 4836 porroque
3245 4774 3295 4823 in
3319 4789 3496 4827 omnes
3529 4778 3772 4841 indigenas

2202 4853 2520 4902 inimicissime
2538 4867 2588 4902 se
2605 4854 2867 4915 gesserunt,
2888 4850 3003 4900 alios
3019 4849 3214 4911 quidem
3233 4852 3551 4913 perimentes,
3566 4856 3770 4905 aliorum

2202 4943 2316 4979 vero
2334 4933 2383 4979 et
2403 4930 2576 4979 liberos
2593 4932 2642 4978 et
2663 4929 2887 4989 conjug&
2906 4927 2955 4975 in
2973 4926 3252 4975 servitinem
3268 4932 3490 4989 agentes.
3557 4932 3764 4981 Tandem

2205 5019 2320 5055 vero
2352 5020 2503 5055 unum
2545 5020 2607 5055 ex
2643 5005 2735 5053 illis
2759 5017 2916 5066 regem
2948 5004 3196 5064 crearunt,
3234 5006 3316 5051 cui
3358 5016 3543 5056 nomen
3581 5011 3758 5058 sanatis.

2207 5083 2363 5143 Atque
2381 5081 2458 5129 hic
2475 5081 2524 5128 in
2551 5079 2818 5141 Memphide
2836 5077 3130 5137 versabatur,
3149 5078 3453 5139 provinciam
3472 5083 3768 5144 superiorem

2204 5162 2254 5207 et
2275 5158 2546 5207 inferiorem
2565 5155 2863 5208 tributariam
2890 5155 3093 5214 faciens,
3116 5154 3440 5218 praeeidinque
3457 5158 3510 5206 in
3532 5159 3653 5208 locis
3680 5174 3760 5223 op·
