4016 5916
532 433 643 485 ⁴32
1849 416 1911 474 M
1917 412 2313 475 ssGAsml-:N
2321 413 2390 473 lS

1224 479 1237 494 '
1282 493 1299 528 x

528 554 655 633 πρὸς
672 553 817 612 κίονα
846 542 902 610 εὖ
931 549 1202 623 πεπηγότα
1218 598 1233 623 ,
1254 548 1543 625 δαμάζουσι
1560 549 1724 627 λιμῷ·
1751 547 1928 606 ἔπειτα
1948 544 2084 625 χλόῃ

527 641 768 716 καλάμου
793 638 883 698 καὶ
912 639 1042 705 πόας
1070 636 1521 714 ἀναλαμὸάνουσι·
1553 633 1685 711 μετὰ
1709 633 1763 692 δὲ
1788 639 1953 692 ταῦτα
1973 656 2085 691 πει·

480 763 485 774 ·
528 731 737 808 θαρχεῖν
788 722 1114 797 διδάσκουσι,
1142 722 1256 789 τοὺς
1300 722 1392 798 μὲν
1428 720 1515 781 διὰ
1552 719 1741 800 λόγου,
1767 717 1883 786 τοὺς
1911 717 1966 778 δὲ
1993 741 2088 794 με·

526 817 702 893 λισμῷ
742 836 841 871 τινι
884 812 974 870 καὶ
1015 813 1369 890 τυμπανισμῷ
1408 809 1710 881 κηλοῧντες·
1735 805 1941 866 σπάνίοι
1969 806 2016 864 δ’
2039 808 2085 864 οἳ

530 900 940 960 δυστιθάσευτον
968 897 1118 979 φύσει
1146 896 1248 976 γὰρ
1281 895 1564 955 διάκεινται
1605 892 1784 975 πρᾴως
1828 895 1918 952 καὶ
1955 891 2088 968 ἡμέ-

533 1012 663 1069 ρως,
709 985 832 1046 ὥστ’
875 986 1023 1065 ἐγγὺς
1070 974 1210 1042 ἐἶναι
1253 985 1447 1064 λογικῷ
1492 979 1632 1063 ζῴῳ·
1673 979 1804 1047 τινὲς
1846 978 1949 1059 γὰρ
1998 977 2090 1037 καὶ

530 1073 767 1152 ἐξαίμους
795 1071 912 1140 τοὺς
937 1071 1174 1152 ἡνιόχους
1204 1074 1257 1130 ἐν
1281 1079 1385 1137 τοῖς
1421 1072 1589 1148 ἀγῶσι
1626 1066 1878 1135 πεσόντας
1909 1066 2089 1124 ἀνελό-

532 1184 674 1237 μενοι
698 1160 946 1230 σώζουσιν
975 1163 1034 1219 ἐκ
1050 1164 1142 1231 τῆς
1166 1158 1365 1237 μάχης·
1387 1160 1434 1215 οῖ
1459 1155 1513 1214 δὲ
1550 1155 1641 1214 καὶ
1675 1153 1960 1221 ὑποδύντας
1985 1177 2088 1230 με·

528 1247 653 1316 ταξὺ
680 1251 781 1307 τῶν
819 1247 1147 1327 ἐμπροσθίων
1169 1247 1339 1304 ποδῶν
1368 1242 1790 1322 ὖπερμαχόμενοι
1813 1243 2087 1300 διέσωσαν·

529 1338 631 1392 τῶν
655 1334 709 1392 δὲ
730 1335 1061 1417 χορτοφόρων
1081 1333 1170 1392 καὶ
1196 1331 1522 1391 διδασκάλων
1548 1331 1596 1389 εἴ
1618 1354 1733 1388 τινα
1756 1330 1902 1410 παρὰ
1930 1327 2088 1405 θυμὸν

531 1420 855 1495 ἀπέκτειναν,
884 1420 1045 1488 οὕτως
1087 1422 1438 1492 ἑπιποθοῧσιν,
1478 1416 1602 1476 ὥσθ’
1642 1418 1733 1473 ὑπ’
1778 1415 1921 1483 ἀνίας
1961 1415 2089 1473 ἀπέ-

529 1514 715 1587 χεσθαι
736 1514 954 1592 τροφῆς·
975 1511 1087 1567 ἔστι
1112 1508 1155 1567 δ’
1179 1505 1267 1565 ὅτε
1290 1507 1379 1564 καὶ
1403 1508 1797 1584 ἀποκαρτερεῖν.

609 1596 921 1664 Βιὸάζονται
950 1595 1005 1655 δὲ
1028 1594 1118 1654 καὶ
1146 1594 1400 1653 τίκτουσιν
1423 1596 1492 1660 ὡς
1511 1590 1665 1650 ἵπποι
1685 1595 1774 1649 τοῦ
1806 1589 1954 1670 ἔαρος
1987 1589 2091 1667 μά-

529 1685 712 1741 λιστα·
743 1681 920 1763 καιρὸς
949 1684 993 1740 δ’
1018 1681 1127 1741 ἐστὶ
1172 1684 1245 1760 τῷ
1294 1680 1386 1757 μὲν
1430 1680 1633 1760 ἄρρενι,
1663 1676 1869 1735 ἐπειδὰν
1900 1675 2091 1758 οἴστρῳ

529 1768 817 1849 κατέχηται
844 1768 934 1827 καὶ
960 1765 1228 1848 ἀγριαίνῃ·
1253 1765 1367 1826 τότε
1397 1765 1460 1837 δὴ
1485 1765 1575 1823 καὶ
1601 1763 1782 1831 λίπους
1804 1787 1855 1821 τι
1885 1761 1970 1822 διὰ
1998 1768 2091 1835 τῆς

531 1860 792 1926 ἀναπνοῆς
819 1855 1043 1933 ἀνίησιν,
1067 1853 1132 1926 ἣν
1162 1852 1273 1934 ἔχει
1302 1852 1449 1933 παρὰ
1477 1849 1592 1918 τοὺς
1628 1848 1938 1929 κροτάφους·
1981 1856 2092 1916 ταῖς

530 1942 585 2000 δὲ
605 1942 831 2014 θηλείαις
849 1987 866 2020 ,
884 1941 1004 2000 ὅταν
1025 1945 1052 2000 δ
1077 1938 1227 2007 αὐτὸς
1248 1930 1390 2006 οὗτος
1410 1937 1564 2018 πόρος
1583 1935 1821 2014 ἀνεωγὼς
1838 1935 2089 2015 τυγχάνῃ.

2174 550 2348 618 ληνες·
2377 549 2411 616 ἡ
2451 543 2506 604 δὲ
2549 548 2650 603 τῶν
2679 544 2970 626 ἐλεφάντων
3013 542 3131 625 σφὶν
3174 543 3305 623 θήρη
3339 543 3486 603 οὖδέν
3518 567 3578 603 τι
3613 545 3785 625 ἄλλῃ

2176 631 2354 707 ἔοικεν,
2385 634 2464 691 ὅτι
2505 633 2596 691 καὶ
2630 638 2792 691 ταῦτα
2819 630 2886 691 τὰ
2906 630 3060 713 θηρία
3081 632 3382 708 οὐδαμοῖσιν
3407 631 3633 691 ἄλλοισι
3657 639 3787 704 Θη-

2176 720 2355 799 ρίοισιν
2366 718 2615 779 ἐπέοικεν.
2636 720 2701 798 (2)
2724 715 2883 778 Ἀλλὰ
2896 717 3054 777 τόπον
3063 714 3166 798 γὰρ
3177 717 3541 794 ἐπιλεξάμενοι
3553 719 3790 778 ἄπεδον

2175 807 2264 867 καὶ
2306 805 2655 885 καυματώδεα
2700 809 2753 864 ἐν
2794 804 2972 885 κύκλῳ
3008 804 3202 885 τάφρον
3248 803 3590 883 ὀρύσσουσιν,
3633 805 3786 867 ὅσον

2179 895 2393 976 μεγάλῳ
2427 893 2759 975 στρατοπίδῳ
2784 893 3186 953 ἐπαυλίσασθαι.
3210 895 3322 965 Τῆς
3356 891 3412 952 δὲ
3449 896 3670 976 τάφρου
3713 897 3785 957 τὸ

2178 975 2322 1066 εἶρος
2349 987 2399 1050 ἐς
2415 981 2568 1042 πέντε
2590 981 2798 1061 ὀργυιὰς
2822 982 3108 1053 ποιέονται,
3132 981 3288 1060 βάθος
3308 1004 3362 1039 τε
3387 983 3438 1048 ἐς
3463 981 3783 1064 τέσσαρας.

2183 1070 2247 1150 (a)
2282 1069 2390 1132 Τὸν
2408 1069 2462 1128 δὲ
2481 1069 2605 1149 χόον
2628 1067 2799 1128 ὅντινα
2824 1068 3163 1127 ἐκὸάλλουσιν
3201 1071 3260 1128 ἐκ
3291 1074 3381 1126 τοῦ
3411 1069 3742 1148 ὀρύγματος
3757 1121 3778 1150 ‚

2179 1157 2266 1216 ἐπὶ
2293 1156 2358 1216 τὰ
2382 1156 2562 1236 χείλεα
2585 1156 2805 1237 ἑκάτερα
2828 1160 2920 1227 τῆς
2940 1155 3135 1236 τάφρου
3162 1155 3611 1235 ἐπιφορήσαντες,
3644 1162 3782 1219 ἀντὶ

2179 1244 2375 1324 τείχεος
2399 1244 2755 1323 διαχρέονται·
2787 1245 2849 1320 (4)
2888 1241 3036 1300 αὐτοὶ
3063 1240 3117 1299 δὲ
3157 1241 3243 1302 ἐπὶ
3285 1247 3360 1321 τῷ
3398 1244 3631 1323 χώματι
3669 1253 3780 1307 τοῦ

2180 1331 2463 1411 ἐπιχειλέος
2502 1335 2592 1389 τοῦ
2633 1329 2732 1399 ἔξω
2772 1334 2862 1400 τῆς
2902 1328 3098 1409 τάφρου
3142 1329 3334 1400 σκηνάς
3370 1352 3491 1411 σφιν
3527 1333 3782 1412 ὀρυκτὰς

2178 1419 2473 1492 ποιέονται,
2502 1417 2592 1476 καὶ
2621 1415 2706 1476 διὰ
2739 1414 2960 1474 τουτέων
2983 1414 3117 1482 ὀπὰς
3144 1415 3545 1476 ὑπολείπονται·
3585 1421 3659 1477 δι’
3693 1413 3782 1480 ὧν

2181 1508 2286 1586 φῶς
2312 1529 2366 1563 τε
2392 1507 2595 1563 αὗτοῖσι
2622 1502 3009 1582 συνεισέρχεται
3031 1501 3121 1561 καὶ
3139 1500 3204 1560 τὰ
3221 1501 3376 1582 θηρία
3403 1505 3778 1583 προσάγοντα

2181 1592 2271 1651 καὶ
2305 1590 2646 1650 ἐσελαύνοντα
2676 1594 2725 1658 ἐς
2757 1588 2815 1648 τὸ
2836 1590 2984 1668 ἕρκος
3002 1589 3332 1651 σκέπτονται.
3375 1592 3437 1667 (5)
3482 1591 3778 1654 Ἐνταῦθα

2180 1677 2317 1746 ἐντὸς
2339 1684 2428 1737 τοῦ
2454 1675 2626 1759 ἕρκεος
2648 1674 3070 1746 καταστήσαντες
3097 1679 3200 1735 τῶν
3229 1698 3373 1744 τινας
3390 1678 3606 1748 θηλέων
3628 1683 3780 1760 τρεῖς

2179 1764 2520 1842 ἢτέσσαρας,
2546 1764 2666 1824 ὅσαι
2704 1763 2936 1840 μάλιστα
2958 1761 3046 1822 τὸν
3072 1762 3232 1840 θυμὸν
3260 1763 3593 1844 χειροήθεες,
3636 1769 3776 1843 μίαν

2181 1853 2374 1912 εἴσοδον
2404 1851 2827 1929 ἀπολιμπάνουσι
2848 1848 2985 1908 κατὰ
3007 1846 3101 1921 τὴν
3124 1849 3337 1930 τάφρον,
3351 1852 3777 1932 γεφυρώσαντες

2179 1941 2271 2012 τὴν
2296 1940 2506 2021 τάφρον·
2522 1940 2612 1999 καὶ
2636 1938 2802 2019 ταύτῃ
2862 1936 2947 1996 όον
2970 1959 3024 1996 τε
3049 1934 3138 1995 καὶ
3163 1936 3319 2010 ποίην
3339 1940 3551 2013 πολλὴν
3578 1944 3776 2024 &2235-

534 2027 733 2089 Κύουσι
777 2029 832 2087 δὲ
871 2029 987 2096 τοὺς
1032 2027 1127 2106 μὲν
1167 2028 1442 2094 πλείστους
1484 2025 1840 2087 ὀκτωκαίδεκα
1889 2029 2089 2101 μῆνας,

530 2117 835 2195 ἐλαχίστους
875 2118 919 2175 δ’
967 2114 1273 2175 ἑκκαίδεκα·
1307 2113 1480 2196 τρέφει
1520 2115 1566 2173 δ’
1593 2117 1627 2185 ἡ
1663 2111 1840 2192 μήτηρ
1882 2110 1935 2179 t}
1973 2110 2086 2182 ἔτη.

527 2208 671 2265 Ζῶσι
700 2206 743 2264 δ’
771 2204 889 2263 ὅσον
919 2201 1339 2284 μακροὸιώτατοι
1363 2202 1623 2282 ἄνθρωποι
1645 2198 2090 2291 οἱ.πολλο“ι,,τινὲς

530 2291 585 2351 δὲ
629 2292 718 2351 καὶ
761 2291 848 2351 ἐπὶ
901 2290 1143 2350 διακόσια
1180 2289 1517 2350 διατείνουσιν
1555 2288 1678 2367 ἔτη,
1723 2286 1999 2347 πολύνοσοι
2035 2285 2089 2344 δὲ

529 2379 618 2438 καὶ
639 2379 894 2441 δυσίατοι.
917 2372 1070 2446 Ἀκος
1093 2376 1149 2437 δὲ
1167 2376 1293 2459 πρὸς
1316 2375 1608 2458 ὀφθαλμίαν
1641 2375 1736 2455 μὲν
1762 2375 1928 2454 βόειον
1948 2373 2089 2453 γάλα

529 2467 993 2548 προσκλυζόμενον,
1043 2473 1148 2532 τοῖς
1202 2465 1461 2532 πλείστοις
1512 2464 1568 2523 δὲ
1610 2467 1719 2522 τῶν
1780 2459 2087 2538 νοσημάτων

532 2556 559 2610 ὃ
588 2553 751 2628 μέλας
772 2544 903 2621 οἶνος
923 2551 1195 2630 πινόμενος
1210 2594 1226 2624 ,
1246 2551 1514 2631 τραύμασι
1537 2550 1590 2610 δὲ
1611 2549 1767 2609 ποτὸν
1788 2546 1882 2626 μὲν
1904 2547 2087 2627 βούτυ·

533 2662 635 2719 ρον,
666 2639 835 2720 ἐξάγει
865 2642 966 2720 γὰρ
1008 2638 1075 2699 τὰ
1104 2639 1312 2720 σιδήρια
1331 2659 1348 2675 ·
1378 2639 1444 2698 τὰ
1484 2644 1528 2700 δ’
1556 2641 1683 2713 ἕλκη
1725 2638 1901 2719 σαρξὶν
1932 2640 2090 2706 ὖείαις

529 2731 802 2806 πυριῶσιν.

1278 2843 1371 2903 38.

614 2994 880 3049 Arrianus
907 2990 1036 3048 Iud.
1070 3012 1120 3047 c.
1156 2992 1223 3048 13
1254 2992 1557 3070 (antecedit
1578 2996 1649 3053 sr.
1687 2993 1780 3071 35)
1819 3013 1833 3050 ε
1866 2995 2089 3071 Θηρῶσι

532 3076 586 3135 δὲ
609 3076 762 3135 Ἰνδοὶ
783 3076 848 3135 τὰ
880 3076 973 3152 μὲν
1004 3077 1140 3134 ἄλλα
1167 3078 1322 3157 ἄγρια
1347 3079 1531 3158 θηρία,
1553 3078 1791 3161 κατάπερ
1823 3079 1912 3138 καὶ
1950 3076 2086 3137 Ἐλ-

531 3243 680 3293 herba
707 3244 782 3293 vel
811 3244 1042 3294 arundine
1078 3245 1213 3295 viridi
1250 3246 1546 3309 reficiuntur,
1569 3251 1677 3309 post
1704 3247 1980 3296 cicurantur
2013 3246 2091 3295 aiii

535 3321 771 3382 oratione,
790 3321 869 3371 aiii
890 3324 1036 3371 cantu
1061 3323 1222 3384 aliquo
1240 3324 1314 3372 vel
1336 3325 1548 3386 tympani
1576 3325 1732 3374 sonitu
1757 3324 1955 3375 deliniti.
1981 3322 2091 3373 Rari

531 3400 646 3449 sunt
661 3400 744 3461 qui
766 3413 862 3449 non
881 3400 1019 3449 facile
1050 3405 1385 3451 mansuescant
1405 3421 1417 3450 :
1438 3404 1550 3452 sunt
1568 3402 1697 3451 enim
1714 3416 1742 3452 a
1762 3405 1933 3452 natura
1952 3403 2093 3451 mites

530 3477 579 3525 et
601 3475 837 3526 mansueti
851 3514 866 3538 ,
891 3476 1017 3527 etad
1050 3477 1310 3528 animantia
1332 3480 1517 3529 ratione
1540 3480 1750 3542 praedita
1763 3481 1980 3542 proxime
2006 3492 2087 3527 ac—

527 3552 724 3602 cedunt.
790 3553 996 3613 Quidam
1015 3553 1201 3617 aurigas
1219 3567 1352 3617 suaa,
1372 3555 1456 3618 qui
1477 3556 1523 3605 in
1543 3557 1799 3606 certamine
1818 3556 2092 3606 ceciderunt

526 3644 558 3678 e
587 3629 752 3692 praelio
769 3632 1001 3693 efferunt;
1023 3631 1103 3681 alii
1134 3645 1215 3682 eos
1237 3633 1320 3695 qui
1336 3646 1423 3696 per
1449 3633 1707 3683 anteriores
1739 3633 1881 3695 pedes
1897 3637 2092 3683 uterum

528 3708 792 3771 subierunt,
813 3710 1154 3773 propugnando
1187 3715 1456 3762 servarunt.
1523 3712 1703 3771 Quodsi
1720 3725 1866 3774 quem
1885 3725 1913 3762 e
1948 3725 2083 3762 cura·

529 3785 716 3835 toribus
740 3785 814 3835 vel
832 3787 1066 3849 magistris
1085 3802 1169 3850 per
1192 3789 1311 3838 iram
1325 3789 1648 3839 interfecerint
1662 3827 1677 3851 ‚
1702 3789 1822 3839 adeo
1844 3789 1981 3839 illum
2002 3790 2090 3841 de·

530 3862 767 3923 siderant,·
790 3866 845 3915 ut
864 3876 964 3928 pra}
986 3878 1191 3917 moerore
1208 3879 1238 3916 a
1251 3866 1358 3917 cibo
1382 3867 1668 3931 abstineant,
1688 3867 1929 3918 interdum
1948 3869 2094 3919 etiam

527 3942 685 3992 media
705 3941 795 3993 sibl
815 3946 1020 3996 mortem
1039 3944 1347 3997 consciscant.

592 4020 842 4083 Elephanti
868 4024 1042 4072 coeunt
1069 4024 1119 4072 et
1150 4023 1368 4086 pariunt,
1405 4028 1461 4075 nt
1499 4026 1611 4089 equi
1629 4063 1643 4087 ,
1676 4026 1938 4089 plurimum
1962 4040 2089 4077 vere.

531 4099 650 4146 Mari
685 4100 841 4148 coitus
870 4100 1184 4162 tempestivus
1213 4105 1319 4164 est,
1347 4103 1430 4152 ubi
1462 4105 1608 4154 <nstro
1639 4107 1888 4166 correptus
1924 4106 2094 4155 saevire

530 4175 732 4237 occipit3
756 4178 874 4226 tnnc
898 4178 1042 4228 etiam
1070 4177 1244 4241 pingue
1272 4180 1501 4243 quiddam
1524 4183 1701 4232 emittit
1725 4195 1810 4244 per
1832 4183 2093 4245 spiramen·

531 4253 667 4313 tum,
696 4253 825 4314 quod
849 4254 895 4303 ei
921 4254 1187 4304 secundum
1204 4258 1425 4319 tempora
1457 4261 1531 4307 est
1565 4277 1578 4306 ε
1604 4259 1818 4317 feminae,
1840 4273 1991 4321 quum
2013 4260 2092 4308 hic

531 4327 659 4378 idem
678 4332 865 4379 meatus
886 4332 1082 4393 apertus
1099 4332 1257 4382 fuerit.
1282 4333 1446 4383 Edunt
1478 4337 1699 4397 partum,
1724 4348 1877 4396 quum
1914 4336 2089 4399 tardis,-

532 4405 680 4469 sime,
699 4420 864 4457 mense
880 4421 910 4458 a
942 4411 1177 4472 conceptu
1201 4410 1387 4461 decimo
1408 4415 1609 4474 octavo,
1643 4424 1796 4474 quum
1819 4413 2090 4475 celerrime,

531 4483 625 4533 sub
650 4486 840 4535 sextum
858 4486 908 4535 et
938 4485 1197 4536 decimum.
1262 4490 1358 4538 Sex
1387 4501 1535 4537 annos
1560 4501 1591 4537 a
1615 4491 1768 4538 matre
1792 4490 2090 4541 nutriuntur.

535 4561 722 4625 vivunt
767 4564 983 4627 plerique
1030 4571 1263 4628 quantum
1309 4566 1643 4630 longaevissimi
1697 4567 1938 4632 homines,
1980 4572 2092 4632 qui-

529 4638 642 4689 dam
662 4641 805 4689 etiam
833 4641 895 4691 ad
922 4641 1301 4693 ducentesimum
1324 4646 1609 4708 perveniunt
1640 4658 1838 4695 annum.
1904 4648 2091 4711 Alioqui

533 4715 713 4765 morbis
735 4717 931 4767 obnoxii
963 4724 1077 4769 sunt
1099 4722 1148 4770 et
1178 4721 1373 4791 quidem
1408 4724 1581 4771 curatu
1605 4722 1891 4772 difficilibus,
1952 4725 2093 4775 vitiis

532 4794 783 4843 oculorum
802 4795 1014 4846 remedio
1036 4800 1108 4847 est
1122 4832 1135 4857 ,
1157 4809 1317 4847 vaecoe
1334 4799 1456 4848 lacte
1473 4799 1512 4848 sl
1531 4801 1810 4863 perluuntur
1821 4817 1836 4862 ;
1862 4802 2093 4864 plurimos

534 4869 726 4920 morbos
766 4872 933 4922 vinum
976 4874 1167 4936 nigrum
1209 4877 1405 4937 epotum
1457 4879 1613 4928 eurat.
1658 4877 1950 4929 Vulneribus
1992 4879 2088 4928 bu-

534 4946 694 5007 tyrum
713 4950 881 5009 potum
898 4950 1157 5001 auxiliatur
1176 4952 1385 5014 (serrum
1406 4954 1533 5004 enim
1552 4953 1680 5016 ejicit
1702 4955 1740 5017 );
1761 4955 1920 5005 ulcera
1942 4957 2093 5006 suillis

533 5021 756 5071 carnibus
774 5023 1012 5076 foventur.

1257 5119 1346 5170 38.

600 5228 846 5282 venantur
859 5233 963 5285 Indi
981 5236 1185 5302 reliquas
1200 5238 1322 5291 feras
1334 5254 1432 5306 quo
1446 5242 1603 5295 Graeci
1616 5243 1762 5296 modo
1779 5264 1792 5297 z
1808 5247 1859 5298 at
1867 5245 2091 5312 elephan-

2182 2050 2325 2107 ρουσι
2349 2032 2437 2085 τοῦ
2462 2026 2536 2102 μὴ
2563 2027 2805 2105 ἀρίδηλον
2834 2047 2858 2082 ε
2881 2048 2964 2083 ναι
2986 2024 3116 2083 τοῖσι
3136 2023 3358 2106 θηρίοισι
3376 2024 3475 2097 τὴν
3495 2027 3772 2111 γέφυραν,

2180 2114 2254 2192 μή
2294 2137 2409 2172 τινα
2454 2114 2603 2172 δόλον
2642 2115 2904 2173 ὀϊσθῶσιν.
2941 2113 3001 2188 (ο)
3038 2110 3201 2173 Αὐτοὶ
3254 2110 3349 2188 μὲν
3388 2104 3479 2172 οῧν
3516 2117 3773 2178 ἐκποδὼν

2178 2210 2309 2283 σφᾶς
2325 2200 2503 2280 ἔχουσι
2537 2200 2672 2259 κατὰ
2693 2203 2794 2258 τῶν
2830 2199 3058 2272 σκηνέων
3095 2202 3197 2258 τῶν
3214 2199 3316 2258 ὑπὸ
3350 2204 3419 2275 τῇ
3447 2202 3647 2285 τάφρῳ
3682 2209 3774 2266 δε-

2178 2288 2488 2355 δυκότες.οῖ
2522 2287 2575 2346 δὲ
2607 2287 2776 2370 ἄγριοι
2807 2286 3078 2370 ἐλέφαντες
3110 2285 3312 2369 ἡμέρης
3354 2287 3450 2366 μὲν
3491 2292 3554 2349 οὐ
3593 2294 3773 2352 πελά.

2177 2380 2319 2445 ζουσι
2367 2383 2528 2435 τοῖσιν
2581 2375 2917 2453 οἰκεομένοισι
2931 2422 2948 2449 ,
2997 2374 3199 2454 νύκτωρ
3247 2375 3303 2435 δὲ
3346 2377 3670 2440 πλανῶνταί
3709 2406 3771 2442 τι

2178 2464 2348 2535 πάντη
2373 2462 2465 2522 καὶ
2492 2463 2744 2540 ἀγεληδὸν
2762 2463 3004 2540 νέμονται
3024 2467 3099 2543 τῷ
3117 2462 3349 2544 μεγίστῳ
3384 2466 3476 2524 καὶ
3518 2491 3770 2545 γενναιο-

2176 2550 2320 2629 τάτῳ
2345 2554 2485 2632 σφῶν
2511 2549 2786 2627 ἑπόμενοι,
2813 2551 3049 2630 κατάπερ
3071 2554 3124 2610 αἱ
3151 2552 3266 2630 βόες
3290 2552 3425 2612 τοῖσι
3457 2556 3768 2636 ταύροισιν,

2179 2639 2240 2717 (7)
2266 2636 2464 2699 Ἐπεὰν
2478 2627 2549 2696 ὧν
2568 2642 2641 2718 τῷ
2656 2637 2795 2718 ἕρκεῖ
2805 2637 3092 2712 πελάσωσι,
3106 2639 3200 2711 τήν
3212 2663 3267 2698 τε
3279 2641 3457 2721 φωνῆν
3479 2644 3768 2715 ἀκούοντες

2153 2729 2280 2797 ,τῶν
2310 2726 2504 2798 θηλέων
2537 2721 2627 2783 καὶ
2667 2730 2731 2805 τῇ
2770 2728 2906 2807 ὀδμῇ
2940 2725 3335 2805 αἰσθανόμενοι,
3371 2729 3559 2811 δρόμῳ
3587 2731 3763 2792 ἵενται

2177 2817 2247 2878 ὥς
2274 2814 2360 2872 ἐπὶ
2390 2811 2477 2872 τὸν
2513 2817 2682 2894 χῶρον
2724 2813 2811 2872 τὸν
2837 2814 3221 2896 πεφραγμένον·
3247 2817 3678 2896 ἐκπεριελθόντες
3705 2821 3762 2881 δὲ

2177 2905 2267 2974 τῆς
2294 2901 2489 2983 τάφρου
2527 2900 2592 2961 τὰ
2630 2901 2810 2982 χείλεα
2842 2894 2945 2962 εὖτ’
2983 2902 3046 2962 ἂν
3091 2907 3158 2983 τῇ
3203 2903 3402 2984 γεφύρῃ
3436 2907 3758 2989 ἐπιτύχωσι,

2178 2987 2316 3048 κατὰ
2342 2987 2536 3061 ταύτην
2567 2991 2616 3055 ἐς
2642 2988 2700 3046 τὸ
2727 2988 2873 3069 ἕρκος
2902 2991 3165 3054 ὠθέονται.
3202 2990 3263 3071 (a)
3309 2995 3378 3053 Oi
3405 2995 3461 3053 δὲ
3487 2996 3760 3076 ἄνθρωποι

2180 3076 2474 3153 αἰσθόμενοι
2512 3073 2606 3147 τὴν
2648 3074 2823 3135 ἔσοδον
2862 3080 2964 3137 τῶν
2994 3080 3284 3158 ἐλεφάντων
3324 3083 3428 3139 τῶν
3455 3084 3682 3162 ἀγρίων,
3709 3091 3758 3147 οἱ

2177 3246 2340 3294 torum
2375 3243 2500 3307 apud
2528 3257 2610 3294 eos
2645 3245 2834 3294 venatio
2866 3245 2984 3294 nihil
3020 3259 3212 3307 prorsus
3247 3248 3326 3296 alii
3358 3251 3571 3300 venandi
3607 3251 3755 3300 modo

2180 3320 2346 3371 similis
2366 3323 2454 3381 est,
2473 3320 2708 3384 siquidem
2731 3323 2779 3371 et
2801 3322 2877 3371 hoe
2894 3322 3005 3371 l'eroe
3019 3322 3163 3372 nuliis
3189 3323 3367 3374 similes
3380 3327 3516 3375 sunt.
3543 3329 3613 3388 (2)
3627 3328 3753 3378 Deli·

2177 3401 2296 3459 gunt
2317 3400 2567 3447 venatores
2587 3397 2745 3447 locum
2766 3397 2962 3460 planum
2998 3401 3047 3447 et
3064 3399 3279 3461 apricum
3293 3437 3308 3461 ,
3329 3402 3490 3465 magni
3509 3406 3755 3455 exercitu

2178 3487 2398 3537 capacem
2413 3510 2427 3538 ,
2451 3475 2501 3523 in
2521 3474 2660 3535 cuius
2686 3474 2890 3525 circuitu
2911 3476 3083 3525 fossam
3107 3475 3310 3527 ducunt.
3351 3481 3514 3529 Fossae
3544 3481 3752 3532 latitudo

2180 3553 2239 3602 ad
2254 3554 2467 3617 quinque
2474 3553 2659 3616 orgyias
2672 3553 2832 3615 habet,
2855 3553 3059 3604 altitudo
3073 3556 3263 3606 circiter
3280 3560 3532 3620 quattuor.
3557 3562 3626 3622 (3)
3635 3565 3753 3612 Ter·

2180 3643 2283 3679 ram
2296 3667 2312 3694 ,
2336 3644 2482 3694 quam
2503 3631 2724 3682 fodiendo
2750 3636 2950 3693 eruunt,
2972 3634 3218 3698 utrimque
3234 3634 3297 3684 ad
3317 3636 3451 3686 labra
3471 3638 3614 3689 fossas
3629 3654 3750 3690 eon·

2179 3712 2375 3772 gerunt,
2396 3722 2549 3772 esque
2566 3723 2652 3773 pro
2675 3724 2818 3761 muro
2840 3713 3062 3762 utuntur.
3128 3714 3198 3775 (⁴)
3226 3714 3321 3776 ipsi
3352 3719 3518 3766 autem
3537 3718 3587 3766 in
3606 3722 3751 3769 exte-

2180 3785 2318 3835 rioris
2335 3786 2455 3836 labri
2477 3800 2644 3849 aggere
2661 3787 2866 3838 tentoria
2884 3788 2975 3839 sibl
3002 3789 3177 3839 fossilis
3196 3790 3406 3854 faciunt,
3441 3796 3489 3842 et
3509 3794 3751 3846 foramina

2181 3862 2230 3911 in
2265 3862 2350 3925 iis,
2384 3876 2469 3926 per
2492 3878 2605 3926 quae
2632 3866 2790 3916 lucem
2814 3865 3098 3928 admittant,
3124 3867 3402 3931 relinquunt
3426 3890 3440 3919 z
3469 3870 3655 3934 ipsique
3682 3886 3748 3923 ex

2181 3939 2236 3989 iis
2257 3939 2377 3989 seras
2394 3940 2828 4005 appropinquantes
2850 3943 2997 4004 atque
3015 3944 3064 3992 in
3082 3946 3271 4006 septum
3291 3946 3608 4009 ingredientes
3639 3962 3748 4012 pro·

2178 4019 2414 4080 spectant.
2480 4021 2549 4081 (5)
2581 4021 2719 4071 Tunc
2753 4023 2851 4071 tres
2871 4022 2956 4070 aut
2975 4024 3207 4083 quattuor
3239 4024 3519 4087 elephantos
3549 4029 3746 4079 feminei

2178 4107 2320 4145 sexus
2333 4109 2395 4145 ex
2409 4096 2798 4147 mansuetissimis
2810 4100 2945 4161 septo
2961 4098 3277 4163 includentes,
3294 4115 3449 4151 unum
3469 4118 3554 4166 per
3572 4105 3746 4154 fossam

2180 4171 2362 4221 aditum
2393 4172 2692 4235 relinquunt,
2718 4176 2842 4223 fossa
2865 4180 3010 4237 ponte
3030 4175 3200 4236 §tincta
3217 4214 3231 4236 ,
3257 4190 3402 4240 quem
3435 4181 3592 4229 multa
3612 4184 3746 4231 terra

2181 4251 2229 4298 et
2252 4251 2404 4299 multo
2421 4250 2599 4311 cespite
2616 4254 2863 4313 sternunt,
2884 4265 2946 4301 ne
2967 4252 3174 4315 conspici
3188 4267 3217 4302 a
3237 4256 3349 4304 seris
3366 4269 3485 4318 pons
3500 4292 3516 4318 ,
3536 4261 3589 4307 et
3602 4257 3746 4308 dolus

2180 4326 2345 4375 sentiri
2364 4326 2528 4389 possit.
2595 4329 2664 4388 (6)
2688 4331 2952 4379 venatores
2973 4333 3135 4380 autem
3172 4332 3345 4381 remoti
3369 4346 3472 4384 sese
3498 4335 3550 4383 in
3571 4347 3742 4385 caver—

2180 4402 2253 4451 nis
2278 4414 2401 4465 pone
2421 4402 2593 4453 fossam
2617 4405 2884 4457 continent.
2948 4408 3070 4457 Nam
3096 4407 3184 4457 seri
3206 4408 3450 4471 elephanti
3475 4412 3582 4461 loca
3603 4412 3741 4462 hahi-

2179 4482 2279 4528 tata
2295 4479 2503 4529 interdiu
2523 4493 2619 4530 non
2650 4481 2867 4534 adeunt:
2892 4484 3042 4534 noctu
3061 4497 3174 4535 vero
3197 4486 3375 4548 passim
3395 4490 3610 4538 errantes
3630 4502 3740 4551 gre·

2178 4558 2325 4620 galim
2343 4561 2624 4620 pascuntur,
2641 4573 2848 4623 eumque
2864 4561 3034 4613 ducem
3048 4566 3319 4627 sequuntur
3335 4566 3419 4628 qui
3438 4570 3486 4616 et
3501 4566 3746 4619 maximis

2178 4636 2250 4682 est
2268 4634 2316 4682 et
2331 4634 2718 4696 generosissimus
2738 4656 2750 4684 t
2771 4650 2871 4690 non
2887 4639 3026 4690 aliter
3042 4652 3100 4689 ac
3117 4642 3281 4691 tauros
3296 4654 3464 4692 νεα-,ω
3480 4643 3615 4705 sequi
3635 4656 3745 4694 eer-

2178 4712 2379 4761 nuntur.
2445 4711 2512 4774 (7)
2550 4716 2810 4776 Postquam
2843 4715 2992 4778 septis
3028 4717 3271 4780 propiores
3299 4717 3415 4768 tacu
3450 4720 3742 4772 feminarum

2181 4799 2350 4837 vocem
2377 4787 2657 4851 audierunt,
2679 4803 2855 4853 easque
2878 4805 2962 4853 per
2980 4793 3234 4843 odoratum
3259 4806 3528 4856 cognovere
3543 4832 3558 4857 ,
3592 4809 3744 4847 cursu

2179 4865 2398 4915 seruntur
2429 4867 2488 4915 ad
2512 4870 2674 4929 septa,
2698 4872 2746 4918 et
2767 4869 2904 4920 fossas
2935 4870 3067 4919 labra
3107 4871 3467 4922 circumeuntes
3483 4887 3639 4935 quum
3677 4877 3744 4925 ad

2179 4946 2374 5006 pontem
2399 4946 2731 5009 pervenerint,
2750 4960 2837 5010 per
2862 4962 2974 4998 eum
2991 4949 3042 4998 in
3067 4950 3198 5011 septa
3224 4952 3396 5002 ruunt.
3435 4954 3504 5013 (8)
3527 4954 3744 5004 Venato-

2178 5031 2255 5070 res
2287 5020 2375 5069 ubi
2396 5022 2629 5085 ingressos
2649 5024 2773 5074 feros
2807 5026 3083 5089 elephantos
3111 5026 3354 5089 sentiunt,
3389 5027 3475 5077 alii
3507 5030 3744 5081 continuo

2178 5098 2372 5158 pontem
2392 5099 2697 5162 subtrahunt,
2716 5101 2793 5151 aiii
2814 5104 3058 5165 proximos
3069 5114 3210 5165 pagos
3227 5106 3445 5166 petentes
3463 5104 3746 5167 elephantos

2177 5175 2312 5235 septo
2347 5173 2555 5226 inclusos
2589 5188 2691 5226 esse
2721 5179 2960 5229 nuntiant.
3027 5179 3093 5239 (9)
3119 5182 3227 5237 Quo
3258 5180 3452 5241 cognito
3486 5182 3747 5244 populares

2179 5250 2428 5302 confestim
2472 5252 2748 5316 elephantos
2800 5255 3167 5307 animosissimos
3218 5268 3276 5304 ac
3322 5258 3742 5311 mansuetissimos
