4016 5916
497 415 611 466 28⁴

493 540 585 607 τῆς
630 540 910 614 σατυρικῆς
936 539 969 606 ἡ
1011 533 1307 612 καλουμένη
1352 532 1595 608 σίκιννις,
1624 540 1716 606 τῆς
1744 535 1796 594 δὲ
1826 540 2045 612 κομικῆς

493 626 521 681 6
543 621 858 699 καλούμενος
879 621 1087 702 κόρδαξ.
1121 650 1146 673 2»

572 715 906 787 Harpocrat.
952 731 1010 769 v·
1060 709 1426 790 Κορδακισμός
1464 713 1537 769 :6
1577 708 1768 790 κόρδαξ
1808 713 2044 785 κωμικῆς

489 796 754 877 ὀρχήσεώς
790 800 926 855 ἐστιν
968 788 1100 864 εἶδος
1118 843 1133 872 ,
1161 795 1394 875 καθάπερ
1423 797 1577 876 φησὶν
1616 796 1954 878 Ἀριστόξενος
1990 800 2043 855 ἐν

488 890 563 965 τῷ
593 885 726 965 Περὶ
751 889 1000 963 τραγικῆς
1018 883 1299 964 ὀρχήσεως.
1317 917 1397 929 -
1417 888 1780 945 Valckenaer.
1806 886 1878 942 ad
1900 889 2043 942 Am-

489 995 647 1034 mon.
671 995 733 1050 p.
757 974 830 1031 83
853 985 909 1031 et
930 976 1150 1034 Fabric.
1182 977 1241 1030 in
1262 978 1328 1033 B.
1352 976 1451 1032 Gr.
1482 994 1549 1030 ex
1568 977 1755 1048 Etym.
1777 976 2044 1049 supplen-

489 1064 626 1119 dum
661 1072 1000 1138 putaverunt
1026 1063 1078 1118 ἐν
1105 1063 1179 1141 τῷ
1223 1060 1273 1118 α’
1301 1082 1361 1121 π.
1404 1083 1487 1139 τρ.
1534 1062 1578 1117 ὀ.
1626 1064 1882 1118 Fortasse
1924 1080 2044 1115 non

486 1151 667 1206 solum
695 1151 767 1206 de
793 1152 999 1225 tragica
1024 1151 1315 1205 saltatione
1333 1191 1349 1219 ,
1374 1148 1473 1204 sed
1505 1151 1671 1204 etiam
1709 1148 1781 1205 de
1811 1149 2044 1221 reliquis

488 1238 605 1310 ejus
630 1239 929 1313 generibus
967 1239 1335 1294 Aristoxenus
1360 1238 1474 1311 egit
1511 1237 1715 1291 eodem
1751 1238 1809 1290 in
1845 1255 2041 1309 opere,

487 1326 803 1397 cujuslibet·
829 1327 1044 1398 primus
1062 1336 1179 1380 erat
1201 1324 1271 1379 de
1294 1324 1584 1379 saltatione
1617 1324 1844 1398 tragica.
1866 1325 2040 1397 Frag-

486 1423 673 1468 menta
707 1431 776 1468 eo
795 1414 1134 1486 pertinentia
1165 1412 1284 1466 haec
1309 1420 1435 1466 sunt
1468 1430 1482 1464 :

1215 1545 1308 1612 45.

564 1677 860 1731 Athenaeus
871 1678 1023 1745 XIV,
1041 1694 1101 1749 p.
1121 1675 1258 1745 630,
1275 1677 1318 1731 B
1340 1692 1354 1733 2
1377 1676 1427 1734 T
1431 1672 1527 1740 ινὲς
1546 1672 1600 1730 δέ
1624 1695 1779 1753 φασι,
1802 1671 2037 1733 Σίκιννόν

482 1783 595 1819 τινα
621 1760 881 1842 βοίρὸαρον
907 1761 1116 1841 εὗρετὴν
1140 1763 1299 1831 αὐτῆς
1320 1759 1583 1834 γενέσθαι,
1607 1760 1753 1818 ἄλλοι
1778 1759 1833 1817 δὲ
1854 1762 2038 1838 Κρῆτα

480 1847 688 1927 λέγουσι
713 1848 772 1907 τὸ
799 1848 941 1927 γένος
970 1840 1101 1908 εἶναι
1133 1848 1387 1908 Σίκιννον.
1419 1848 1714 1927 Ὀρχησταὶ
1745 1848 1788 1904 δ’
1819 1850 1863 1904 οἱ
1891 1850 2036 1925 Κρῆ·

480 1958 594 2007 τες,
626 1935 695 2002 ὥς
723 1959 876 2014 φησιν
898 1935 1260 2016 Ἀριστόξενος.

1209 2060 1305 2126 46.

556 2197 717 2253 Idem
730 2200 886 2267 xlv,
902 2216 959 2271 p.
974 2196 1108 2267 630,
1129 2199 1174 2252 E
1192 2214 1205 2254 ε
1226 2192 1564 2271 Ἀριστόξενος
1581 2191 1637 2250 δέ
1649 2214 1778 2274 φησι
1791 2191 1885 2263 τὴν
1903 2214 2032 2272 πυρ·

1642 406 1968 466 ARISTOX
1977 406 2105 465 ENI
2144 408 2241 466 TA
2251 407 2558 466 RERUM

2133 559 2262 613 γαγε
2289 536 2607 615 τερετίζοντα
2634 535 2725 594 καὶ
2764 535 2988 615 ναυαγὸν
3013 535 3275 597 Ὀδυσσέα
3303 535 3670 605 σολοικίζοντα

2131 627 2201 690 ὥς
2223 627 2251 681 6
2280 624 2432 691 αὐτὸς
2454 624 2600 704 φησί.

2864 744 2955 813 49.

2210 857 2371 912 Idem
2391 858 2437 925 1,
2452 875 2511 929 p.
2538 874 2632 923 22,
2648 858 2690 911 B
2715 853 3029 933 εὈρχήσεις
3053 852 3106 912 δὲ
3124 852 3315 911 ἐθνικαὶ
3336 852 3446 911 αἵδε
3464 878 3477 890 ·
3499 862 3684 912 Λακω·

2130 942 2299 1016 νικαὶ,
2323 941 2687 1020 Τροιζηνικαὶ,
2711 940 3095 1022 Ἐπιζεφύριοι,
3118 939 3406 1020 Κρητικαὶ,
3433 941 3689 1012 Ἰωνικαὶ,

2131 1028 2484 1089 Μαντινιακαὶ
2503 1074 2519 1099 ,
2560 1027 2619 1094 ἃς
2660 1026 2923 1109 προκρίνει
2961 1026 3299 1107 Ἀριστόξενος
3338 1026 3422 1086 διὰ
3455 1026 3551 1099 τὴν
3579 1032 3691 1088 τῶν

2128 1119 2317 1196 χειρῶν
2337 1115 2559 1187 κίνησιν.

2666 1234 3145 1293 ΣΥΓΚΡΙΣΕΙΣ.

2745 1366 2962 1420 LIBER
3011 1366 3058 1419 1.

2853 1477 2950 1535 50.

2206 1588 2367 1645 Idem
2379 1590 2534 1659 XIV,
2550 1608 2609 1664 p.
2633 1589 2706 1645 63
2721 1609 2740 1645 1
2753 1631 2769 1659 ,
2787 1591 2832 1644 E
2852 1606 2866 1646 :
2894 1584 2963 1646 ‘O
2993 1582 3088 1662 μὲν
3103 1583 3291 1665 κόρδαξ
3306 1586 3431 1661 παρ’
3446 1582 3684 1656 αἝλλησι

2128 1673 2392 1754 φορτικὸς,
2406 1679 2440 1745 ἡ
2458 1675 2502 1732 δ’
2531 1676 2783 1752 ἐμμέλεια
2800 1672 3055 1732 σπουδαία
3072 1718 3088 1746 ,
3108 1672 3345 1751 καθάπερ
3364 1670 3453 1730 καὶ
3479 1676 3512 1742 ἡ
3533 1672 3686 1754 παρὰ

2082 1789 2086 1798 ·
2127 1761 2341 1842 Ἀρκάσι
2364 1761 2589 1842 κίδαρις,
2617 1760 2760 1842 παρὰ
2775 1760 3074 1828 Σικυωνίοις
3106 1783 3162 1818 τε
3189 1761 3218 1817 6
3250 1757 3466 1838 ἀλητήρ.
3493 1757 3684 1827 Οὕτως

2081 1819 2087 1924 l
2126 1850 2180 1907 δὲ
2227 1848 2316 1907 καὶ
2362 1851 2413 1907 ἐν
2460 1849 2643 1929 Ἰθάκῃ
2688 1849 2924 1908 καλεῖται
2965 1844 3190 1927 ἀλητὴρ,
3223 1849 3292 1913 ὡς
3338 1844 3686 1927 Ἀριστόξενος

2080 1927 2086 2026 j
2124 1939 2315 2015 ἱστορεῖ
2338 1938 2390 1995 ἐν
2419 1935 2608 2018 πρώτῳ
2632 1935 2981 2015 Συγκρίσεων.

2202 2027 2283 2082 Ut
2308 2025 2381 2082 de
2408 2027 2629 2101 tragicis
2653 2026 2872 2100 scripsit
2898 2026 3289 2093 Aristoxenus,
3311 2026 3389 2080 sic
3412 2026 3575 2080 etiam
3601 2024 3680 2080 de

2125 2115 2477 2187 reliquorum
2496 2124 2794 2187 poetarum
2821 2121 2878 2167 et
2905 2112 3245 2166 musicorum
3256 2111 3382 2165 vitis
3408 2129 3679 2183 operum-

2126 2219 2235 2273 que
2253 2202 2470 2256 ratione
2491 2200 2865 2274 peculiaribus
2873 2200 3090 2272 scriptis
3103 2200 3417 2272 exposuisse
3431 2197 3679 2253 videtur.

479 2283 632 2362 ρίχην
662 2283 766 2341 ἀπὸ
809 2283 1076 2362 Πυρρίχου
1094 2326 1111 2359 ,
1144 2280 1390 2347 Λάκωνος
1416 2281 1474 2338 τὸ
1499 2263 1669 2360 γένος,
1697 2278 1792 2350 τὴν
1831 2302 2034 2357 προση·
2125 2290 2250 2343 Huc
2286 2286 2499 2342 referre
2526 2288 2657 2342 licet
2681 2287 2986 2359 sequentia.
3014 2287 3367 2358 Quamquam
3393 2285 3675 2339 neminem

476 2370 654 2450 γορίαν
681 2370 860 2429 λαὸεῑν
875 2393 889 2407 ·
912 2368 1218 2430 Λακωνικὸν
1241 2369 1285 2427 δ’
1310 2359 1439 2426 εἶναι
1459 2368 1614 2446 μέχρι
1641 2366 1732 2425 καὶ
1754 2372 1841 2425 νῦν
1865 2365 2030 2442 ὄνομα

476 2457 564 2515 τὸν
595 2457 880 2537 Πύρριχον.
911 2455 1217 2538 Ἐμφανίζει
1248 2456 1290 2513 δ’
1321 2459 1354 2525 ἡ
1377 2455 1591 2534 ὄρχησις
1614 2452 1874 2530 πολεμικὴ
1901 2447 2030 2512 οῧσα

475 2547 545 2610 ὥς
571 2542 987 2620 Λακεδαιμονίου
1014 2543 1075 2600 τὸ
1102 2541 1327 2622 εὕρημα.

1207 2670 1300 2733 47·

556 2795 717 2852 Idem
742 2796 899 2864 XIV,
920 2813 981 2869 p.
1005 2792 1142 2863 631,
1169 2793 1210 2848 C
1239 2811 1253 2846 :
1282 2787 1623 2870 Ἀριστόξενος
1654 2786 1711 2846 δέ
1737 2811 1891 2868 φησιν
1910 2833 1927 2864 ,
1959 2792 2030 2855 ὡς

473 2886 520 2941 οἱ
541 2880 757 2939 παλαιοὶ
778 2878 1156 2957 γυμναζόμενοι
1175 2880 1379 2956 πρῶτον
1403 2880 1456 2935 ἐν
1474 2881 1539 2955 τῇ
1555 2876 1937 2956 γυμνοπαιδικῇ
1957 2879 2031 2958 εἰς

473 2970 568 3040 τὴν
598 2968 858 3047 πυρρίχην
881 2967 1108 3046 ἐχώρουν
1131 2965 1232 3046 πρὸ
1254 2972 1344 3024 τοῦ
1369 2966 1580 3025 εἰσιέναι
1608 2967 1677 3032 εἰς
1703 2965 1761 3024 τὸ
1788 2965 2021 3047 θέατρον.

473 3059 555 3116 Cf.
586 3077 646 3132 p.
679 3056 826 3126 630,
851 3059 925 3128 E,
951 3055 1088 3126 631,
1116 3056 1181 3114 B.

551 3280 711 3335 Idem
739 3281 786 3347 I,
812 3298 870 3353 p.
906 3297 996 3352 19,
1022 3281 1066 3335 F
1090 3297 1104 3335 ε
1140 3276 1360 3343 Εὔδικος
1381 3277 1426 3334 δ’
1452 3278 1480 3332 6
1505 3274 1847 3354 γελωτοποιὸς
1871 3277 2027 3348 ηὗδο-

475 3364 619 3441 κίμει
669 3362 985 3441 μιμούμενος
1024 3362 1318 3430 παλαιστὰς
1353 3362 1444 3421 καὶ
1488 3362 1718 3433 πύκτας,
1756 3361 1826 3429 ὥς
1868 3385 2025 3443 φησιν

477 3450 836 3531 Ἀριστόξενος.
885 3450 1133 3530 Στρᾶτων
1186 3450 1232 3508 δ’
1278 3454 1306 3508 6
1345 3453 1396 3511 T
1398 3457 1665 3529 αραντῖνος
1708 3450 2027 3523 ἐθαυμάζετο

471 3538 589 3607 τοὺς
633 3536 978 3617 διθυράμὸους
1026 3535 1369 3614 μιμούμενος·
1410 3536 1503 3604 τὰς
1533 3536 1589 3595 δὲ
1631 3536 1943 3617 κιθαρῳδίας
1978 3539 2027 3596 οἱ

472 3626 592 3706 περὶ
625 3625 712 3684 τὸν
741 3624 794 3694 ἐξ
822 3624 1051 3692 Ἰταλίας
1077 3626 1341 3685 Οἷνωνᾶν·
1375 3623 1431 3690 ὃς
1456 3624 1546 3682 καὶ
1576 3623 1847 3684 Κύκλωπα
1872 3622 2024 3694 εἰσή-

487 3793 729 3843 altationis
763 3806 874 3856 quae
905 3793 1170 3844 vocabatur
1203 3793 1454 3854 emmelia,
1486 3791 1625 3842 sicuti
1646 3791 1789 3840 etiam
1813 3791 2018 3853 satyrica

464 3884 576 3934 quae
600 3870 821 3934 sicinnis,
845 3870 1026 3920 comica
1050 3882 1162 3920 vero
1179 3883 1292 3933 quoe
1314 3869 1496 3919 cordax
1517 3867 1861 3931 appellabatur.

1236 3963 1260 3991 r

524 4044 728 4094 Sicinnis
745 4043 941 4114 inventa
959 4045 1030 4093 est
1054 4057 1083 4092 a
1101 3967 1294 4094 Sici-:go
1316 4042 1520 4092 barbaro
1536 4078 1550 4103 ,
1572 4041 1645 4090 vel
1661 4077 1675 4102 ‚
1697 4040 1767 4090 uti
1786 4040 1892 4089 aliis
1914 4041 2017 4102 pla-

462 4121 567 4182 cet,
617 4122 871 4182 cretense3
913 4121 1164 4171 saltatores
1203 4121 1332 4170 enlm
1378 4121 1491 4168 sunt
1535 4120 1784 4168 cretenses
1799 4152 1813 4177 ,
1856 4119 1911 4165 ut
1950 4115 2020 4165 ait

463 4198 787 4249 Aristoxenus.
1195 4265 1265 4314 46

525 4345 837 4396 Aristoxenus
854 4342 969 4394 dicit
1003 4343 1289 4407 pyrrhichen
1320 4345 1615 4393 nominatam
1632 4354 1734 4392 esse
1763 4354 1792 4390 a
1821 4341 2016 4404 Pyrrhi·

463 4425 557 4475 cho
568 4461 584 4487 ,
608 4423 802 4474 natione
824 4422 1184 4473 Lacedoemonio
1197 4458 1213 4486 ‚
1232 4425 1378 4485 atque
1399 4421 1544 4471 etiam
1577 4432 1708 4469 nunc
1725 4433 1901 4469 nomen
1920 4422 2016 4468 La·

461 4504 683 4553 conicum
707 4516 809 4553 esse
826 4501 1158 4565 Pyrrhichum.
1180 4505 1304 4551 Sane
1320 4512 1469 4563 quum
1490 4497 1707 4548 militaris
1725 4498 1787 4548 sit
1804 4510 1860 4548 ea
1876 4498 2016 4548 saita-

460 4581 555 4636 tio,
573 4580 674 4642 iam
693 4579 1131 4642 hincesseapparet
1152 4576 1500 4627 lacedaemonii
1513 4575 1719 4625 hominis
1740 4573 2012 4624 inventum.

440 4732 458 4748 ⁹
526 4742 840 4792 Aristoxenus
859 4741 1025 4791 scribit
1040 4743 1265 4804 antiquos
1281 4739 1568 4792 exercitatos
1585 4738 1636 4789 in
1656 4738 2014 4802 gymnopoedice

462 4818 523 4868 ad
551 4818 838 4882 pyrrhichen
857 4819 1056 4869 transire
1071 4820 1236 4870 soiitos
1257 4819 1535 4883 priusquam
1556 4817 1605 4867 in
1627 4816 1873 4866 theatrum
1896 4830 2012 4880 pro·

461 4897 635 4947 dirent.

1193 4963 1282 5014 48.

526 5042 734 5092 Eudicus
751 5054 914 5091 scurra
948 5043 1105 5092 clarus
1123 5044 1238 5106 t'uit,
1260 5057 1318 5093 eo
1354 5043 1514 5106 quod,
1545 5042 1827 5093 Aristoxeno
1858 5045 2012 5101 teste.

463 5121 644 5184 pugiles
682 5120 1034 5182 luctatoresque
1047 5158 1062 5183 ,
1109 5124 1269 5171 strato
1304 5134 1420 5171 vero
1454 5122 1759 5182 Tarentinus,
1798 5133 1855 5170 eo
1882 5120 2014 5183 quod

461 5196 792 5262 dithyrambos
825 5197 1075 5248 saltatione
1110 5197 1395 5260 imitaretur,
1432 5197 1571 5247 sicuti
1607 5197 1805 5247 citliaroe
1845 5196 2015 5247 modos

2123 2376 2264 2450 fugit
2296 2374 2367 2430 de
2386 2374 2583 2430 iisdem
2610 2374 2777 2429 rebus
2799 2373 3121 2447 disputandi
3151 2374 3499 2428 occasionem
3525 2391 3675 2447 prae·

2120 2462 2256 2519 bere
2281 2464 2525 2535 potuisse
2546 2461 2721 2517 libros
2746 2463 2829 2517 De
2848 2463 3078 2518 musica.

2848 2593 2941 2650 51.

2563 2720 3219 2781 ΠΡΑΞῘΔΑΜΑΝΤΙΑ.

2200 2845 2578 2917 Harpocratio
2624 2862 2681 2897 v.
2729 2843 2995 2906 Μουσαῖος
3044 2859 3061 2896 :
3113 2837 3249 2919 Περὶ
3301 2837 3354 2896 δὲ
3397 2837 3675 2898 Μουσαίου

2120 2926 2461 3010 Ἀριστόξενος
2504 2929 2557 2987 ἐν
2604 2936 2710 2995 τοῖς
2748 2925 3217 3009 Πραξιδαμαντίοις
3265 2924 3417 3007 φησὶν
3435 2969 3451 2997 ,
3487 2920 3569 2984 ὅτι
3619 2930 3674 2986 οἱ

2125 3014 2219 3094 μὲν
2247 3019 2306 3075 ἐκ
2333 3014 2549 3098 Θρᾴκης
2587 3016 2825 3098 εἰρήκασι
2864 3016 2951 3075 τὸν
2984 3014 3145 3097 ἄνδρα
3170 3007 3296 3073 εἶναι
3313 3058 3329 3086 ,
3352 3015 3398 3071 οῖ
3425 3011 3478 3071 δὲ
3501 3015 3672 3073 αὐτό-

2119 3110 2279 3185 χθονα
2308 3103 2359 3171 ἐξ
2388 3103 2704 3171 Ἐλευσῖνος.
2735 3103 2998 3185 Εἰρήκασι
3034 3102 3087 3161 δὲ
3115 3101 3235 3183 περὶ
3260 3103 3415 3161 αὐτοῦ
3436 3099 3584 3160 ἄλλοι
3609 3126 3671 3162 τε

2117 3191 2208 3250 καὶ
2231 3193 2481 3256 Γλαῦκος.

2199 3303 2222 3329 ι
2248 3282 2335 3335 De
2362 3292 2692 3355 argumento
2714 3280 2881 3353 hujus
2898 3281 3084 3356 operis
3111 3280 3441 3336 dissentiunt
3459 3280 3670 3335 Reine·

2116 3367 2227 3421 sius
2248 3377 2305 3421 et
2328 3368 2573 3424 Jonsius.
2606 3368 2709 3423 Ille
2741 3368 2759 3443 (
2786 3372 2917 3425 Var.
2957 3370 3119 3426 Lect.
3149 3370 3178 3423 I
3198 3408 3216 3437 ,
3244 3386 3306 3441 p.
3339 3364 3446 3442 39)
3474 3368 3673 3422 existi-

2114 3465 2228 3508 mat
2260 3454 2495 3511 Praxida
2505 3467 2750 3511 mantem
2770 3456 2933 3512 fuisse
2959 3455 3288 3530 Pythagorae
3314 3464 3668 3524 sectatorem,

2115 3540 2216 3595 ubi
2230 3542 2336 3596 ait:
2355 3566 2379 3593 ι
2397 3543 3205 3599 Praxidamame'aAristoxeni
3223 3544 3567 3614 interpretor
3579 3542 3666 3595 hi·

2123 3629 2352 3683 storiam
2379 3630 2508 3684 vitae
2533 3648 2839 3703 rerumque
2858 3629 3317 3696 PraxidamantiS,
3334 3630 3668 3702 particulam

2112 3796 2330 3844 OEnonas
2347 3795 2494 3845 italus
2506 3832 2519 3855 ,
2538 3796 2621 3858 qui
2633 3796 2779 3845 etiam
2793 3833 2807 3857 ‚
2824 3799 2880 3845 ut
2893 3796 3019 3845 idem
3033 3794 3197 3844 scribit
3208 3830 3223 3855 ‚
3239 3793 3492 3856 cyclopem
3512 3794 3661 3842 canti-

2109 3873 2291 3921 tantem
2309 3874 2358 3921 et
2371 3872 2653 3936 naufragum
2670 3872 2889 3935 Ulyssem
2901 3872 3076 3922 soloece
3089 3871 3363 3933 loquentem
3376 3869 3660 3919 introduxit.

2171 4036 2399 4086 Gentium
2434 4038 2697 4100 peculiares
2740 3955 3015 4088 saitissones
3064 4036 3141 4087 hae
3176 4038 3290 4086 sunt
3339 4054 3353 4087 ε
3388 4035 3658 4098 Laconicae,

2108 4113 2426 4163 Troezeniacae
2439 4150 2455 4176 ‚
2472 4114 2838 4178 Epizephyricoe‚
2862 4116 3128 4173 Cretenses,
3153 4114 3344 4173 tunicas,
3365 4111 3664 4162 Mantineen-

2105 4203 2182 4240 ses
2194 4226 2209 4253 ‚
2234 4194 2353 4253 quas
2370 4191 2435 4242 ob
2451 4205 2685 4242 manuum
2701 4194 2863 4255 gestus
2882 4192 3192 4243 Aristoxenus
3204 4191 3428 4241 omnibus
3442 4192 3660 4253 praefert.

2549 4297 3213 4359 COMPARA‘HONES.

2168 4495 2304 4558 Apud
2333 4497 2532 4548 Graecos
2551 4494 2733 4546 cordat
2751 4414 2927 4558 ρπυὸεί
2940 4493 3141 4543 decorus
3160 4493 3250 4543 suit
3262 4530 3277 4555 ,
3298 4492 3519 4542 emmeiia
3541 4504 3660 4541 vero

2102 4573 2302 4625 honesta
2318 4577 2368 4625 et
2380 4574 2554 4626 decora
2568 4594 2583 4624 ι
2603 4574 2754 4624 veluti
2771 4571 2898 4636 apud
2919 4572 3123 4623 Arcades
3137 4570 3333 4634 cidaris,
3349 4571 3473 4634 apud
3491 4572 3660 4633 sicyo-

2102 4654 2207 4704 nios
2226 4654 2391 4715 aleter,
2409 4667 2553 4718 quem
2572 4653 2642 4704 sic
2659 4653 2899 4717 appellant
2925 4649 3070 4702 etiam
3092 4651 3388 4712 ithacenses,
3421 4650 3477 4700 ut
3492 4649 3662 4700 scribit

2101 4733 2415 4785 Aristoxenus
2433 4733 2561 4783 libro
2573 4732 2728 4795 primo
2747 4730 3195 4793 Comparationum.

2547 4834 3215 4899 PRAxlDAMANnA.

2163 5040 2235 5088 De
2259 5040 2440 5087 Museo
2462 5036 2531 5087 ait
2552 4952 2937 5087 Aristoxenusslin
2962 5027 3363 5081 Praxidamantiis
3384 5040 3486 5077 esse
3513 5040 3657 5089 qums-

2099 5117 2214 5167 dam
2234 5117 2318 5180 qui
2348 5116 2565 5166 dicerent
2597 5126 2711 5165 eum
2737 5113 2999 5173 Thracem,
3026 5107 3262 5174 quosdam
3287 5118 3404 5156 vcro
3434 5117 3546 5155 eum
3578 5104 3662 5153 in-

2100 5194 2319 5258 digenam
2347 5192 2639 5244 Eleusiniam
2658 5203 2778 5242 esse.
