4016 5916
443 420 548 472 134

1161 550 1253 606 90.

513 693 795 749 Plutarch.
817 692 925 762 Qu.
945 689 1038 746 Gr.
1058 707 1108 743 c.
1140 686 1195 757 5,
1216 706 1277 761 p.
1306 704 1441 760 292,
1461 687 1505 741 Β
1530 705 1543 739 :
1570 710 1594 734 «ι
1613 681 1764 747 Τίνες
1783 682 1828 739 οἱ
1843 679 1988 760 παρὰ

440 778 650 860 Ἀρκάσι
677 775 768 835 καὶ
798 771 1226 849 Λακεδαιμονίοις
1262 769 1508 851 χρηστοί,
1536 796 1559 821 »
1585 768 1988 846 Λακεδαιμόνιοι

437 864 727 944 Τεγεάταις
781 859 1146 938 διαλλαγέντες
1202 856 1511 929 ἐποιήσαντο
1568 854 1850 927 συνθήκας,
1899 852 1990 912 καὶ

438 955 633 1024 στήλην
664 954 745 1009 ἐπ’
774 950 993 1030 Ἀλφειῷ
1020 946 1193 1019 κοινὴν
1235 944 1551 1019 ἀνέστησαν,
1588 947 1640 1003 ἐν
1662 936 1698 1023 ᾗ
1724 942 1857 1021 μετὰ
1887 945 1989 1001 τῶν

438 1042 608 1100 ἄλλων
635 1038 950 1119 γέγραπται,
977 1033 1302 1109 Μεσσηνίους
1326 1031 1567 1092 ἐκὸαλεῖν
1590 1035 1649 1091 ἐκ
1674 1037 1767 1103 τῆς
1787 1030 1988 1111 χώρας,

437 1129 527 1188 καὶ
582 1126 655 1206 μὴ
703 1126 890 1196 ἐξεῖναι
935 1122 1193 1203 χρηστοὺς
1237 1124 1421 1181 ποιεῖν.
1481 1119 1855 1197 Ἐξηγούμενος
1899 1110 1986 1177 οὗν

436 1220 464 1275 ὅ
493 1214 847 1296 Ἀριστοτέλης
870 1211 1020 1271 τοῦτό
1058 1233 1183 1291 φησι
1218 1209 1467 1267 δύνασθαι
1494 1207 1553 1266 τὸ
1581 1206 1655 1286 μὴ
1686 1205 1986 1264 ἀποκτιννύ·

438 1327 521 1363 ναι
549 1302 783 1379 βοηθείας
809 1300 964 1381 χάριν
992 1300 1097 1365 τοῖς
1123 1297 1463 1365 λακωνίζουσι
1492 1299 1594 1353 τῶν
1622 1297 1920 1373 Τεγεατῶν.

521 1393 684 1449 Idem
726 1393 835 1464 Qu.
867 1394 1038 1447 Rom.
1074 1409 1122 1447 c.
1155 1386 1248 1460 52,
1273 1408 1333 1462 p.
1357 1405 1491 1457 277,
1519 1386 1562 1442 C
1594 1405 1607 1440 ε
1636 1380 1992 1462 Ἀριστοτέλης

442 1483 494 1540 ἰν
523 1480 636 1545 ταῖς
659 1476 920 1558 Ἀρκάδων
963 1474 1091 1557 πρὸς
1125 1470 1563 1549 Λακεδαιμονίους
1591 1468 1867 1541 συνθήκαις
1904 1492 1991 1548 γε·

439 1568 665 1651 γρᾶφθαι
689 1565 844 1647 φησὶ,
877 1564 1076 1641 μηδένα
1109 1561 1336 1643 χρηστὸν
1366 1565 1529 1620 ποιεῖν
1573 1559 1809 1638 βοηθείας
1837 1557 1990 1637 χάριν

441 1660 545 1723 τοῖς
579 1654 922 1722 λακωνίζουσι
962 1655 1064 1710 τῶν
1094 1652 1398 1727 Τεγεατῶν·
1438 1646 1565 1726 ὅπερ
1606 1638 1763 1716 εἶναι,
1794 1645 1990 1723 μηδένα

443 1741 830 1803 ἀποκτιννύναι.
870 1744 1068 1798 Priore
1093 1743 1223 1795 loco
1251 1737 1646 1813 reponendum
1676 1755 1787 1792 esse
1815 1755 1885 1791 ex
1913 1736 1987 1789 al·

443 1846 564 1889 tero
595 1828 793 1908 μηδένα
827 1826 1057 1906 χρηστὸν
1085 1833 1248 1884 ποιεῖν
1288 1845 1395 1900 pro
1423 1821 1497 1899 μὴ
1526 1821 1711 1890 ἐξεῖναι
1736 1818 1994 1901 χρηστοὺς

442 1926 604 1977 ποιεῖν
632 1930 817 1976 censet
837 1915 1160 1977 Grashofius
1173 1959 1188 1987 ‚
1209 1917 1390 1989 ipsum
1406 1955 1420 1982 ,
1440 1924 1582 1990 puto
1597 1954 1613 1983 ,
1634 1911 1994 1968 Plutarchum

441 2020 819 2065 correcturus.
849 2005 932 2063 Cf.
967 2004 1208 2077 Hesych.
1238 2012 1296 2057 v.
1330 1996 1585 2079 Χρηστός.

936 2186 959 2265 [
978 2185 1273 2245 ΜΑΝΤΙΝ
1284 2184 1457 2242 mx.
1476 2182 1498 2259 J

1105 2353 1219 2431 [90
1249 2350 1340 2428 a·]

526 2525 727 2604 [Arist.
752 2525 873 2581 Pol.
918 2526 1028 2591 Vl,
1063 2542 1127 2590 2,
1171 2539 1203 2575 2
1234 2540 1248 2575 :
1285 2517 1423 2597 uap’
1466 2516 1612 2582 ἐνίοις
1653 2514 1862 2591 δήμοις,
1901 2513 1998 2573 κᾶν

446 2610 520 2688 μὴ
568 2608 829 2689 μετέχωσι
877 2612 968 2678 τῆς
1015 2606 1258 2685 αἱρέσεως
1298 2607 1399 2661 τῶν
1435 2605 1646 2682 ἀρχῶν,
1695 2603 1829 2660 ἀλλὰ
1870 2600 2002 2667 τινὲς

447 2696 641 2777 αἱρετοὶ
682 2694 820 2753 κατὰ
859 2695 1012 2773 μέρος
1041 2696 1099 2751 ἐκ
1127 2691 1367 2763 πάντων,
1396 2686 1574 2769 ὥσπερ
1595 2692 1646 2749 ἐν
1681 2689 1967 2769 Μαντινείᾳ
1985 2733 1999 2761 ,

445 2790 537 2845 τοῦ
562 2783 616 2843 δὲ
647 2780 981 2862 βουλεύεσθαι
1001 2778 1170 2858 κύριοι
1198 2768 1355 2849 ὦσιν,
1386 2780 1576 2843 ἱκανῶς
1605 2776 1715 2855 ἔχει
1743 2777 1848 2843 τοῖς
1871 2778 2001 2835 πολ·

446 2873 572 2937 λοῒς.
612 2870 716 2929 Καὶ
744 2870 821 2927 δεῖ
843 2867 1067 2944 νομίζειν
1090 2865 1180 2922 καὶ
1207 2864 1346 2923 τοῦτ’
1386 2855 1516 2922 εἶναι
1545 2864 1729 2943 σχῆμά
1755 2888 1804 2921 τι
1839 2864 2001 2941 δημο-

450 2956 697 3041 κρατίας,
720 2954 900 3036 ὥσπερ
925 2956 976 3013 ἐν
1008 2952 1297 3033 Μαντινείᾳ
1325 2952 1439 3012 ποτ’
1459 2943 1586 3031 ἧι]

527 3048 974 3106 Democraticam
992 3047 1139 3119 reip.
1171 3044 1416 3100 formam
1446 3045 1581 3098 olim
1605 3061 1699 3116 ap.
1724 3046 1898 3100 Mant.
1921 3046 2005 3099 vi-

451 3138 629 3212 guisse
667 3134 1041 3192 Schneiderus
1079 3132 1267 3188 nescio
1312 3150 1428 3206 quo
1462 3130 1591 3203 jure
1627 3132 1815 3207 colligi
1842 3151 2005 3206 posse

452 3225 720 3297 opinatur
766 3239 835 3276 ex
861 3221 1038 3277 Thuc.
1069 3221 1146 3287 V,
1186 3229 1254 3289 47
1289 3217 1411 3292 (Ol.
1445 3214 1584 3295 89),
1623 3218 1724 3274 ubi
1751 3220 1809 3272 in
1846 3221 2007 3274 Man-

454 3310 752 3365 tinensium
789 3307 1063 3363 oratione,
1087 3322 1103 3362 ε
1134 3304 1186 3360 ἐν
1211 3301 1265 3360 δὲ
1294 3301 1582 3380 Μαντινείᾳ
1611 3306 1659 3361 οἱ
1700 3303 2002 3383 δημιουργοὶ

452 3394 543 3453 καὶ
566 3399 600 3466 ἡ
629 3391 789 3474 βουλὴ
822 3407 930 3450 etc.
970 3394 1234 3450 Ceterum
1264 3392 1392 3465 jure
1423 3394 1638 3466 respuit
1672 3396 2001 3449 sententiam

454 3485 857 3541 Sanctocrucii.

524 3739 618 3795 Qui
638 3739 764 3787 sunt
795 3734 940 3799 apud
961 3734 1185 3785 Arcades
1203 3738 1254 3784 ec
1289 3734 1700 3785 Lacedaemonios
1725 3732 1938 3797 χρηστοί,
1958 3734 2012 3781 id

455 3817 533 3864 est
564 3814 678 3863 boni
695 3817 725 3863 ι’
747 3811 1094 3862 Lacedaemonii
1116 3811 1333 3873 Tegeatis
1351 3810 1675 3873 reconciliati,
1701 3809 1856 3860 soedus
1877 3808 2011 3872 pepi·

455 3893 626 3956 gerunt
647 3894 697 3941 et
714 3904 1020 3941 communem
1048 3891 1327 3940 columnam
1356 3889 1419 3939 ad
1450 3890 1688 3953 Alpheum
1711 3891 2010 3953 posuerunt:

457 3970 507 4019 in
530 3983 631 4033 qua
665 3970 790 4020 inter
819 3970 915 4019 alia
949 3967 1140 4019 &ederis
1167 3968 1324 4031 capita
1345 3968 1439 4017 hoc
1464 3968 1694 4030 scriptum
1713 3969 1842 4030 erat,
1875 3970 2012 4017 Mes-

456 4051 626 4098 senios
681 4050 882 4110 reqione
920 4046 1156 4109 pelliculo
1171 4080 1187 4107 ,
1238 4048 1494 4095 neminem
1537 4044 1725 4095 bonum
1753 4043 2011 4105 jactanto.

461 4127 566 4174 Hoc
581 4125 856 4191 Afistoteles
873 4125 1190 4185 interpretans
1208 4122 1276 4171 ait
1288 4134 1345 4172 eo
1364 4120 1643 4184 significari,
1671 4124 2014 4183 Teqeatarum

461 4207 714 4253 neminem
739 4204 917 4254 debere
948 4201 1165 4263 interfici
1183 4236 1199 4263 ,
1228 4201 1319 4265 qui
1337 4200 1529 4250 auxilii
1565 4212 1724 4250 causa
1751 4200 2013 4250 Laconicis

459 4284 610 4334 rebus
628 4284 876 4335 studeret.

523 4366 576 4411 111
609 4361 789 4412 soedere
813 4361 1052 4412 Arcadum
1083 4373 1199 4410 cum
1224 4358 1469 4423 Spartanis
1502 4358 1627 4407 facto
1663 4355 1895 4419 scriptum
1915 4368 2016 4406 esse

462 4439 736 4489 Aristoteles
750 4441 973 4501 testatur,
985 4427 1247 4488 Neminem
1269 4438 1606 4499 Teqeaearum
1629 4433 1803 4483 debere
1828 4434 2017 4483 bonum

463 4514 615 4565 reddi
636 4514 714 4576 (id
741 4519 813 4565 est
834 4515 1074 4579 interfici)
1091 4551 1108 4576 ,
1140 4517 1187 4564 si
1205 4514 1400 4565 auxilii
1427 4525 1586 4563 causa
1616 4511 1764 4561 rebus
1788 4509 2015 4560 Lacedae-

464 4595 752 4643 momorum
769 4593 995 4644 studeat.

882 4731 1594 4811 [MANTINENSIUM.]

1131 4871 1229 4936 [90
1267 4871 1350 4937 a.]

537 5017 683 5079 [Nam
702 5013 829 5077 apud
848 5015 1106 5064 nonnullos
1122 5016 1343 5079 populos»,
1363 5015 1662 5065 etiamsinon
1679 5014 1887 5065 habeant
1906 5014 2015 5063 uni·

470 5093 597 5144 versi
610 5094 689 5155 jus
710 5090 1092 5141 mundandorum
1110 5092 1493 5154 magistratuum,
1512 5092 1595 5142 sed
1618 5092 1764 5154 aliqui
1784 5105 1869 5154 per
1890 5092 2019 5141 vices

472 5171 611 5234 lecti,
637 5173 690 5219 ut
709 5168 959 5220 Mantineae
972 5203 988 5229 ,
1007 5167 1046 5216 si
1072 5168 1214 5217 modo
1247 5181 1389 5230 penes
1406 5182 1511 5219 eam
1531 5168 1828 5219 consultandi
1847 5168 1907 5220 sit
1929 5181 2019 5231 po-

1506 399 1997 461 ARISTOTELIS
2050 400 2541 461 FRAGMENTA.

2644 522 3061 603 [numus]

2734 681 2841 759 [9Ο
2871 681 2973 758 b·]

2161 848 2367 926 [Arist.
2399 851 2518 904 Pol.
2547 851 2622 920 V,
2656 868 2718 918 2,
2750 868 2785 923 9
2821 868 2834 903 :
2868 844 3276 905 Μεταὸάλλουσι
3305 848 3350 905 δ’
3383 850 3435 904 αἱ
3474 849 3636 904 πολι-

2082 943 2215 993 τείαι
2253 935 2342 993 καὶ
2384 933 2505 993 ἄνευ
2539 934 2767 999 στάσεως
2810 932 2894 991 διὰ
2923 932 3015 999 τὰς
3066 933 3311 1014 ἐριθείας,
3359 933 3537 1014 ὥσπερ
3580 936 3637 992 ἐν

2079 1021 2300 1104 Ἡραίᾳ·
2332 1021 2383 1090 ἐξ
2404 1024 2619 1102 αἱρετῶν
2649 1020 2749 1100 γὰρ
2774 1020 2859 1078 διὰ
2881 1025 3035 1079 τοῦτο
3061 1022 3313 1092 ἐποίησαν
3336 1021 3639 1102 κληρωτὰς,

2080 1109 2158 1169 ὅτι
2184 1114 2403 1190 ᾑροῦντο
2436 1108 2552 1176 τοὺς
2586 1107 3025 1189 ἐριθευομένους.]
3057 1114 3253 1167 Heraea
3288 1112 3425 1167 urbs
3454 1116 3636 1168 Arca-

2081 1201 2205 1258 diae.
2235 1200 2318 1257 Cf.
2344 1200 2566 1256 Mulier.
2599 1201 2734 1255 Dor.
2764 1201 2848 1268 ΙΙ,
2877 1217 2935 1273 p.
2963 1205 3096 1264 444.

2336 1347 2570 1405 1<01NH
2604 1345 2965 1405 APKAAQN
2990 1310 3406 1406 nestrum(

2808 1506 2876 1561 91
2890 1528 2904 1541 .

2160 1649 2575 1722 Harpocration
2591 1667 2604 1700 :
2620 1642 2856 1724 Μύριοι
2884 1645 2945 1701 ἐν
2964 1642 3231 1722 Μεγάλῃ
3254 1643 3645 1724 πόλει-Δημο·

2084 1732 2262 1804 σθένης
2278 1737 2328 1791 ἐν
2344 1737 2417 1813 τῷ
2434 1732 2548 1790 κατ’
2563 1732 2805 1812 Αἰσχίνου
2827 1732 2843 1812 (
2856 1734 2975 1812 περὶ
2988 1754 3226 1811 παραπρ.
3246 1755 3306 1810 p.
3335 1735 3401 1802 34
3415 1743 3443 1801 4
3463 1779 3478 1805 ,
3505 1724 3572 1793 1⁶3
3591 1739 3638 1814 ).

2087 1819 2364 1901 Συνέδριόν
2392 1822 2500 1877 ἐστι
2521 1820 2691 1877 κοινὸν
2716 1819 2976 1899 Ἀρκάδων
3000 1819 3273 1894 ἁπάντων,
3303 1811 3361 1877 οἶ
3389 1822 3651 1891 πολλάκις

2091 1906 2495 1985 μνημονεύουσιν
2526 1910 2573 1965 οἱ
2599 1906 2865 1985 ἱστορικοί.
2897 1906 3190 1965 Διείλεκται
3222 1906 3276 1964 δὲ
3303 1907 3420 1987 περὶ
3467 1911 3640 1969 αὐτῶν

2087 1995 2175 2052 καὶ
2205 1993 2562 2075 Ἄριστοτέλης
2585 1997 2636 2053 ἐν
2658 2000 2721 2071 τῇ
2740 1998 2903 2073 Κοινῇ
2926 1993 3184 2072 Ἀρκάδων
3200 1995 3452 2076 πολιτείᾳ,
3475 1998 3643 2076 ἀρχό-

2088 2107 2237 2159 μενος
2256 2088 2343 2142 τοῦ
2367 2083 2586 2163 βιὸλίου.
2616 2086 2829 2142 Eadem
2853 2104 3031 2158 usque
3068 2085 3140 2141 ad
3160 2105 3359 2141 vocem
3390 2086 3641 2165 ier-:opimi

2085 2174 2344 2241 Photius,
2416 2173 2642 2243 SuidaS‚
2704 2174 3012 2229 Favorinus
3065 2192 3123 2247 p.
3204 2174 3342 2243 128,
3403 2181 3495 2245 47.
3550 2177 3636 2232 Cs.

2086 2262 2412 2334 Xenophon
2450 2263 2667 2316 Hellen.
2700 2263 2805 2329 VI,
2839 2260 2900 2330 5,
2946 2262 3007 2331 33
3032 2261 3321 2318 Diodorus
3360 2263 3493 2331 XV,
3530 2263 3641 2337 593

2089 2352 2382 2405 Pausanias
2410 2350 2570 2417 VIII,
2599 2367 2703 2420 273
2732 2349 2930 2423 Polyb.
2955 2350 3071 2422 IX,
3104 2368 3198 2419 213
3225 2350 3428 2406 Strabo
3475 2355 3641 2423 VIII,

2092 2434 2241 2511 5953
2268 2438 2461 2491 Mauso
2490 2436 2697 2509 Sparta
2725 2438 2838 2506 ΙΙΙ,
2875 2455 2907 2489 2
2927 2477 2943 2505 ,
2973 2455 3035 2509 p.
3071 2435 3179 2505 823
3205 2439 3509 2493 Tittmann.
3543 2439 3649 2497 Gr.

2088 2519 2413 2593 Staatsvcts.
2444 2542 2500 2596 p.
2528 2522 2636 2596 691
2659 2542 2677 2592 3
2709 2523 2944 2578 Cortum
2972 2542 3030 2596 p.
3068 2523 3196 2581 128.
3224 2526 3481 2580 Ceterum
3508 2546 3645 2599 quo·

2088 2610 2265 2665 modo
2292 2611 2717 2686 intelligendum
2739 2612 2809 2665 sit
2835 2609 2978 2665 illud
2997 2610 3049 2665 ἕν
3079 2612 3224 2687 κοινῇ
3256 2608 3362 2688 Ἄρ.
3388 2612 3534 2683 πολ.,
3557 2632 3649 2669 ar·-

2092 2708 2420 2772 gumentum
2463 2697 2762 2772 fragmenti
2804 2697 3002 2768 docet3
3046 2717 3229 2771 neque
3268 2703 3597 2755 monuissem
3618 2743 3637 2770 ,

2090 2786 2195 2839 nisi
2222 2783 2541 2841 Grashofius
2566 2804 2621 2858 p.
2649 2802 2756 2857 291
2780 2794 3006 2858 putaret
3027 2786 3269 2859 primum
3285 2787 3639 2841 Aristotelem

2090 2872 2151 2925 in
2175 2872 2499 2926 universum
2527 2871 2599 2925 de
2623 2871 2862 2926 Arcadia
2885 2871 3083 2927 dixisse
3099 2913 3115 2942 ,
3142 2883 3306 2945 atque
3333 2870 3405 2927 ad
3428 2873 3642 2929 hancce

2093 2969 2310 3031 partem
2346 2958 2572 3012 titulum
2614 2968 2872 3013 nostrum
2908 2960 3218 3035 pertinere3
3263 2958 3468 3014 deinde
3500 2978 3646 3014 vero

2092 3045 2334 3118 singulas
2351 3063 2601 3117 quasque
2629 3049 2762 3102 Are.
2790 3046 3130 3119 respublicas
3149 3048 3443 3102 recensitas
3471 3065 3602 3103 esse.

2173 3135 2258 3187 De
2306 3132 2623 3189 Arcadibus
2650 3134 2709 3186 in
2748 3151 2921 3187 unam
2959 3134 3326 3209 Megalopolis
3365 3135 3650 3190 civitatem

2095 3222 2444 3294 congregatis
2472 3220 2866 3294 intelligendus
2880 3220 3047 3276 etiam
3069 3233 3150 3277 est
3171 3223 3328 3277 locus
3342 3224 3509 3278 Arist.
3537 3225 3647 3277 Po·-

2094 3307 2176 3365 lit.
2208 3308 2292 3377 ΙΙ,
2324 3325 2347 3362 1
2371 3348 2388 3376 ‚
2426 3305 2457 3361 5
2494 3325 2506 3361 ε
2531 3303 2727 3362 Διοίσει
2755 3302 2811 3363 δὲ
2834 3308 2909 3385 τῷ
2936 3305 3255 3388 τοιούτῳκαὶ
3275 3307 3422 3375 πόλις
3444 3307 3641 3383 ἔθνους,

2095 3389 2219 3449 ὅταν
2262 3388 2337 3464 μὴ
2378 3388 2513 3448 κατὰ
2555 3391 2738 3468 κώμας
2779 3381 2879 3450 ὦσι
2927 3394 3302 3474 κεχωρισμένοι
3329 3393 3389 3453 τὸ
3425 3398 3646 3463 πλῆθος,

2097 3479 2212 3535 ἀλλ’
2243 3468 2345 3535 οἷον
2377 3476 2632 3554 Ἀρκάδες.

2097 3646 2259 3706 testas»,
2277 3645 2371 3694 hoc
2384 3659 2480 3694 uno
2495 3647 2567 3695 est
2581 3647 2807 3695 contenta
2830 3644 3103 3695 multitudo.
3127 3649 3282 3707 Atque
3305 3646 3427 3695 hanc
3447 3647 3649 3708 liguram

2096 3723 2335 3784 quandam
2372 3735 2475 3772 esse
2492 3722 2801 3773 democratiae
2824 3724 3014 3784 oportet
3040 3721 3335 3784 existimare,
3365 3723 3521 3784 qualis
3537 3727 3646 3772 erat

2097 3802 2212 3850 olim
2230 3803 2501 3852 Mantineae.
2522 3799 2543 3864 ]

2556 3925 2578 4003 [
2600 3922 3145 3984 HERAEENSIUM.
3168 3922 3190 3998 J

2755 4071 2861 4136 [90
2885 4067 2939 4122 b.
2964 4070 2982 4136 ]

2164 4215 2441 4278 [Mutantur
2454 4229 2597 4278 porro
2618 4214 2896 4278 respublicae
2910 4214 3055 4264 etiam
3072 4213 3175 4264 sine
3191 4213 3424 4264 seditione
3440 4227 3525 4278 per
3543 4228 3655 4264 arn-

2100 4293 2283 4354 bitum,
2307 4293 2713 4357 quemadmodum
2738 4294 2789 4342 in
2814 4295 2999 4342 Heraea.
3043 4295 3167 4343 Nam
3194 4293 3375 4342 idcirco
3399 4294 3649 4356 magistra-

2101 4374 2207 4434 tuS‚
2239 4373 2325 4435 qui
2368 4376 2512 4423 antea
2558 4372 2786 4435 sum-agio
2814 4372 3166 4434 deserebantur,
3213 4373 3382 4422 sortito
3432 4373 3659 4422 mandas-iv

2102 4450 2245 4512 coepti
2267 4452 2382 4501 sunt
2402 4450 2547 4513 :quia
2571 4450 2812 4511 eligebant
2838 4449 3056 4500 homines
3072 4449 3257 4500 ambitu
3276 4450 3590 4513 grassantem]

2190 4580 2602 4642 COMMUNIS
2646 4580 3027 4650 ABCADUM
3073 4580 3567 4640 RESPUBLICA.

2832 4719 2891 4770 91
2910 4757 2921 4769 .

2166 4857 2332 4907 Decies
2349 4856 2480 4906 mille
2495 4855 2583 4905 viri
2604 4856 2653 4904 in
2675 4857 2795 4909 urbe
2813 4853 3108 4918 Megalopoli.
3130 4855 3475 4904 Demosthenes
3490 4855 3537 4903 in
3554 4868 3657 4904 ora·

2104 4936 2234 4986 tione
2251 4939 2417 4985 contra
2437 4934 2725 4986 AEschinem.
2757 4935 2834 4983 Est
2853 4945 3114 4982 commune
3132 4934 3282 4982 totius
3309 4933 3519 4984 Arcadiae
3536 4945 3654 4982 con-

2104 5013 2267 5064 cilium
2280 5050 2294 5075 ,
2314 5012 2453 5074 cujus
2469 5024 2594 5075 saepe
2612 5010 2902 5060 mentionem
2924 5007 3107 5058 iaciunt
3135 5008 3361 5059 historici.
3384 5011 3576 5060 Disserit
3595 5010 3661 5059 de

2105 5089 2161 5140 iis
2182 5089 2327 5140 etiam
2348 5088 2620 5139 Aristoteles
2640 5090 2690 5137 in
2718 5086 2976 5137 communi
3001 5085 3239 5136 Arcadum
3269 5081 3532 5150 republica,
3552 5089 3654 5136 stn-

2104 5167 2192 5218 tim
2212 5165 2347 5216 initio
2369 5164 2533 5215 libelli.
