4016 5916
400 371 512 428 393

397 502 507 558 Sed
534 501 820 556 videamus
853 498 969 569 jam
1000 497 1165 552 Plinii
1214 496 1429 563 locum,
1459 495 1557 568 qui
1580 493 1766 549 effecit
1802 506 1865 548 ut
1894 495 1955 547 in

398 591 505 645 alia
549 589 738 644 omnia
779 586 939 641 multi
968 584 1209 639 abirent.
1252 583 1477 637 Etenim
1514 582 1722 639 Plinius
1757 584 1824 637 H.
1880 583 1928 637 N
1937 622 1949 635 .

396 680 495 749 VI,
520 696 585 732 21
606 717 622 745 ‚
648 686 947 748 postquam
983 690 1014 727 e
1046 672 1328 746 Diogneto
1357 679 1413 725 et
1447 671 1669 724 Baetone
1698 671 1954 724 attulerat

397 766 656 820 locorum
678 762 977 830 distantiaS,
1001 778 1124 833 quae
1147 769 1276 813 sunt
1296 776 1327 812 a
1353 759 1535 813 Portis
1555 758 1762 830 Caspiis
1774 776 1952 830 usque

396 852 469 908 ad
504 851 783 925 Hypasin,
820 845 1127 903 Alexandri
1158 847 1420 900 itinerum
1458 846 1758 899 terminum
1778 887 1792 914 ,
1823 863 1954 918 per-

397 942 477 1016 git
513 940 589 994 ita
626 957 642 994 2
676 938 911 1010 Reliqua
941 934 1069 988 inde
1094 933 1322 988 Seleuco
1358 933 1422 987 N
1419 936 1613 988 icatori
1635 945 1951 1007 peragrata

393 1040 521 1083 sunt
561 1046 581 1081 .·
629 1026 713 1081 ad
758 1023 1046 1079 HesIdrum
1100 1020 1417 1076 CLXVIII
1462 1021 1629 1087 mill„
1661 1022 1951 1075 Iomanem

398 1133 620 1169 amnem
659 1111 1018 1168 tantumdem.
1058 1108 1425 1181 Exemplar-ia
1453 1108 1646 1181 aliqua
1683 1108 1956 1179 adjiciunt

396 1208 632 1277 quinque
674 1202 817 1255 mill.
851 1216 1137 1274 passuum.
1181 1197 1327 1251 Inde
1362 1197 1445 1249 ad
1483 1197 1734 1267 Gangem
1775 1195 1958 1251 CXII

395 1290 536 1346 mill.
558 1289 657 1344 Ad
682 1284 1052 1360 Rhodaplaeam
1087 1283 1299 1339 CXIX
1313 1286 1456 1341 mill.
1486 1284 1607 1338 Alii
1629 1283 1901 1339 CCCXX
1904 1286 1954 1336 V

397 1378 534 1433 mill.
575 1382 633 1431 in
672 1376 776 1432 hoc
813 1379 997 1448 spatio
1028 1374 1286 1446 prodant.
1337 1374 1435 1427 Ad
1473 1374 1810 1446 Calinipaxa
1851 1382 1950 1447 ορ·-

389 1466 582 1540 pidum
610 1465 908 1520 CLXVII.
954 1463 1026 1519 D.
1066 1463 1185 1514 Alii
1218 1461 1424 1516 CCLX
1424 1463 1479 1511 V
1516 1463 1654 1517 mill.
1690 1462 1833 1514 Inde
1875 1462 1957 1514 ad

399 1553 756 1624 confluentem
806 1537 1056 1604 solaminis
1093 1552 1271 1602 amnis
1322 1561 1376 1602 et
1429 1550 1642 1624 Gangis
1680 1549 1906 1604 DCXX
1904 1552 1955 1602 V

397 1644 539 1698 mill.
568 1643 834 1712 Plerique
861 1640 1131 1707 adjiciunt
1159 1639 1330 1691 XIII
1356 1639 1523 1705 mill„
1550 1638 1631 1691 ad
1657 1638 1955 1712 oppidum-

396 1747 504 1803 que
548 1725 877 1782 Palibothra
921 1724 1311 1781 CCCCXXV.
1352 1726 1447 1778 Ad
1490 1730 1688 1780 ostium
1741 1725 1954 1796 Gangis

393 1815 687 1871 DCXXX
686 1815 743 1867 V
736 1815 844 1868 III
854 1811 978 1886 (DC
982 1811 1270 1866 CXXXV
1272 1813 1376 1864 III
1386 1829 1605 1866 correx.
1622 1808 1949 1884 Schwanb.;

397 1905 439 1962 i.
472 1923 521 1962 e.
567 1903 744 1973 6‚ooo
773 1900 947 1956 stadia
966 1940 981 1968 ,
1006 1910 1146 1971 quot
1184 1898 1564 1972 Megasthenes
1587 1899 1780 1974 ponit)
1814 1901 1948 1956 mill.

434 2010 545 2049 ass.

389 2011 435 2065 Ρ
476 2080 545 2133 In
570 2078 657 2133 his
679 2078 770 2130 illa
793 2075 1053 2148 ambigue
1082 2072 1228 2128 dicta
1266 2090 1280 2130 ε
1311 2076 1544 2146 Reliqua
1579 2074 1807 2129 Seleuco
1846 2077 1950 2130 Ne·-

396 2171 571 2223 caton·
603 2175 912 2239 peragrata
955 2173 1110 2230 seuit,
1143 2172 1296 2217 recte
1354 2159 1823 2217 Schwanbeckius
1874 2163 1950 2217 ita

397 2250 761 2328 intelligenda
789 2269 901 2306 esse
933 2259 1154 2318 monet,
1184 2259 1249 2304 ut
1275 2248 1493 2305 dativus
1534 2249 1605 2304 sit
1629 2248 1945 2316 commodi,

398 2360 568 2415 quem
588 2340 783 2397 dicunt
801 2381 818 2409 ,
854 2338 1096 2410 ideoque
1120 2338 1292 2392 verba
1316 2335 1629 2412 significent
1669 2356 1682 2391 :
1714 2356 1822 2410 pro
1852 2338 1952 2394 Se-

396 2430 557 2486 leuco
597 2439 893 2503 peragrata
930 2437 1085 2492 sunt,
1134 2445 1165 2480 a
1206 2426 1559 2499 Megasthene
1588 2425 1850 2480 videlicet
1896 2436 1949 2480 et

398 2516 704 2573 Daimacho
753 2526 809 2570 et
858 2512 1112 2569 Patrocle
1132 2554 1148 2581 ,
1185 2531 1328 2585 quos
1364 2510 1627 2568 Seleucus
1657 2513 1731 2568 ad
1758 2514 1949 2586 explo-

396 2605 599 2661 randas
632 2604 770 2660 Asiae
813 2601 1071 2675 regiones
1109 2601 1440 2655 remotiores
1476 2600 1751 2656 emiserat.
1783 2600 1947 2656 Haud

398 2693 712 2748 distinctius
768 2699 849 2744 est
899 2686 1056 2760 quod
1114 2687 1175 2740 in
1228 2686 1686 2743 antecedentibus
1738 2688 1948 2744 Plinius

394 2780 583 2839 habet.
625 2774 925 2847 Patefacta
963 2772 1195 2849 (India)
1234 2785 1342 2840 est,
1380 2773 1589 2846 iuquit,
1635 2794 1746 2831 non
1788 2778 1949 2831 modo

395 2866 716 2923 Alexandri
735 2864 947 2938 stlagni
983 2867 1153 2915 armis
1176 2902 1191 2929 ‚
1216 2878 1515 2933 regumque
1535 2866 1635 2932 qui
1655 2866 1707 2916 ei
1738 2881 1945 2917 succes·

394 2972 535 3025 sere,
559 2956 924 3007 circumvectis
946 2953 1114 3004 etiam
1145 2954 1200 3003 in
1221 2949 1558 3020 Hyrcanium
1578 2967 1732 3003 mare
1756 2963 1812 3005 et
1832 2951 1879 3007 C
1880 2971 1944 3006 a-

393 3047 575 3115 spium
592 3041 821 3096 Seleuco
848 3051 903 3093 et
918 3037 1221 3105 Antiocho,
1246 3032 1622 3109 praefectoque
1638 3039 1831 3093 classis
1850 3037 1947 3094 'eo-

395 3147 517 3184 rum
559 3127 818 3183 Patrocle
856 3142 878 3179 .·
908 3143 1101 3180 verum
1134 3136 1193 3178 ct
1217 3124 1351 3188 aliis
1385 3124 1694 3178 auctoribus
1740 3126 1949 3182 Groecis

395 3221 492 3289 qui
513 3234 634 3270 cum
654 3214 874 3289 regibus
889 3213 1105 3267 Indicis
1132 3215 1332 3266 morati
1364 3207 1541 3285 (sicut
1555 3212 1949 3287 Megasthenes

396 3317 454 3360 et
476 3306 777 3377 Dionysius
809 3321 845 3356 a
886 3300 1266 3374 Philadelpho
1304 3304 1499 3354 missus
1519 3319 1590 3354 ea:
1622 3319 1691 3355 ea
1713 3306 1943 3383 caussa)

394 3399 545 3451 vires
566 3410 778 3467 quoque
799 3395 1048 3464 gentium
1069 3389 1393 3463 prodidere.
1435 3390 1562 3459 Quo
1603 3389 1731 3446 loco
1775 3393 1945 3447 verba

393 3483 764 3536 circumvectis
786 3482 1024 3533 etiam...
1069 3477 1296 3531 Seleuco
1340 3488 1401 3531 et
1436 3477 1708 3533 Antiocho
1749 3491 1806 3533 et
1830 3480 1945 3534 Pa-

395 3570 576 3637 tmcle,
609 3565 1078 3624 Schwanbeckius
1114 3576 1265 3621 recte
1302 3564 1439 3619 dicit
1478 3564 1617 3620 nihil
1658 3567 1812 3622 aliud
1836 3586 1948 3623 esse

375 3658 495 3715 nisi
529 3654 1013 3713 confirmationem
1055 3664 1110 3709 et
1139 3655 1594 3727 explicationem,
1652 3656 1945 3727 quomodo

394 3745 567 3798 India
611 3747 786 3797 armis
828 3760 1026 3816 regum
1045 3782 1060 3810 ,
1099 3742 1195 3815 qui
1240 3741 1567 3797 Alexandro
1599 3760 1938 3810 successere,

392 3831 669 3905 patefacta
696 3833 783 3889 sit.

470 3920 555 3974 Dc
583 3918 935 3992 Megasthene
978 3936 1101 3991 quae
1150 3917 1450 3974 traduntur
1490 3936 1772 3991 perpauca
1820 3931 1948 3974 sunt

393 4006 576 4063 baecce
604 4026 619 4062 t
650 4000 986 4079 Μεγασθένης
1020 4005 1047 4060 6
1076 3999 1395 4083 συγγραφεὺς
1421 4006 1448 4061 6
1476 4002 1717 4083 Σελεύκῳ
1740 4006 1813 4083 τῷ
1844 4007 1943 4065 Νι-

393 4091 575 4171 κάτορι
604 4088 1005 4165 συμὸεὸιωκώς,
1029 4093 1202 4151 Clem.
1229 4094 1390 4149 Alex.
1425 4112 1479 4167 p.
1515 4093 1622 4148 13³2
1649 4094 1802 4167 Sylb.
1845 4094 1943 4170 (fr.

396 4179 517 4253 36).
545 4209 627 4224 ·-·
652 4180 789 4254 Μεγ.
822 4176 874 4243 ὃς
896 4176 1046 4249 ξυνῆν
1076 4176 1167 4253 μὲν
1201 4176 1465 4256 Σιὸυρτίῳ
1487 4182 1562 4258 τῷ
1592 4179 1835 4257 σατράπῃ
1857 4184 1945 4250 τῆς

392 4264 738 4344 Ἀραχωσίας,
758 4264 1007 4331 πολλάκις
1036 4265 1088 4323 δὲ
1108 4263 1248 4344 λέγει
1278 4265 1551 4345 ἀφικέσθαι
1568 4265 1693 4345 πρὸς
1714 4267 1942 4345 Σανδρά·

392 4374 568 4411 κοττον
587 4354 688 4410 τῶν
715 4350 890 4413 Ἰνδῶν
922 4350 1158 4431 βασιλέα,
1184 4356 1408 4413 Arrian.
1440 4357 1585 4429 Exp.
1614 4356 1704 4414 Al.
1733 4358 1795 4424 V,
1827 4357 1941 4430 6,2.

397 4442 483 4517 (fr.
515 4443 594 4517 a).
624 4474 701 4485 --
757 4439 899 4519 Πρὸς
930 4440 1316 4520 Σανδρόκοττον
1351 4440 1479 4521 πρὸς
1508 4440 1562 4500 ὃν
1586 4433 1711 4512 ἧκεν
1741 4446 1768 4500 6
1802 4445 1937 4520 Μεγ.

391 4527 660 4609 πεμφθείς,
696 4530 897 4588 Strabo
924 4531 1049 4601 XV,
1076 4550 1137 4605 p.
1174 4550 1284 4603 702
1336 4529 1433 4604 (fr.
1468 4526 1595 4607 21).
1635 4563 1714 4572 -
1737 4528 1943 4606 Ἐπέμ.

392 4621 593 4695 φθησαν
628 4618 698 4683 εἷς
739 4616 805 4675 τὰ
846 4616 1196 4697 Παλίμὸοθρα
1230 4620 1257 4675 6
1297 4614 1392 4693 μὲν
1435 4616 1773 4697 Μεγασθένης
1821 4617 1945 4698 πρὸς

392 4701 771 4783 Ἀνδρόκοττον,
814 4707 842 4762 6
872 4702 926 4762 δὲ
955 4702 1228 4783 Δηίμαχος
1266 4702 1394 4784 πρὸς
1426 4703 1832 4784 Ἀλλιτροχᾶδην
1860 4705 1945 4763 τὸν

391 4790 585 4849 ἐκείνου
617 4789 722 4848 υἱὸν
753 4790 889 4849 κατὰ
909 4790 1219 4871 πρεσὸείαν·
1243 4790 1594 4869 ὑπομνήματα
1619 4792 1673 4850 δὲ
1704 4796 1943 4865 τῆςάπο-

392 4876 583 4953 δημίοις
618 4876 918 4949 κατέλιπον,
965 4880 1167 4937 Strabo
1203 4883 1279 4950 11,
1329 4898 1389 4954 p.
1439 4899 1512 4952 7o
1561 4880 1655 4955 (fr.
1690 4881 1822 4957 25).
1867 4915 1947 4924 ——-

393 4965 533 5042 Μεγ.
570 4964 903 5042 συγγενέσθαι
931 4966 1299 5045 Σανδρακόττα
1332 4964 1565 5045 λέγειτῷ
1589 4966 1818 5047 μεγίστῳ
1850 4972 1943 5047 βα-

395 5052 529 5109 σιλεῖ
549 5053 941 5133 (machdrast13
967 5074 1022 5111 ν.
1044 5057 1278 5113 Bohlen.
1303 5056 1527 5113 Indien.
1558 5056 1606 5127 l,
1631 5076 1691 5130 p.
1728 5058 1822 5132 ¹9)
1844 5058 1945 5113 τῶν

394 5134 589 5216 Ἰνδῶν,
606 5140 695 5198 καὶ
713 5140 887 5221 Πώρῳ
908 5141 981 5200 ἔτι
1000 5139 1179 5198 τούτου
1204 5139 1394 5217 μέζονι,
1415 5144 1634 5199 Arrian.
1663 5142 1789 5206 lnd.
1812 5162 1862 5203 c.
1890 5143 1945 5203 5.

1706 360 1759 417 Μ
1772 361 1863 420 EG
1874 359 2065 419 ASTH
2077 360 2170 418 ΕΝ
2177 359 2279 419 Es.

2052 494 2144 570 (fr.
2182 514 2250 568 ¹9
2268 493 2304 567 ).
2337 494 2503 551 Adde
2517 496 2705 551 locum
2731 497 2893 551 Plinii
2907 516 3074 571 supra
3098 491 3407 570 laudatum,
3432 521 3610 575 quern

2045 582 2123 638 ita
2164 583 2417 639 reddidit
2456 581 2679 639 Solinus
2716 584 2911 658 Polyb.
2939 604 2989 644 c.
3030 587 3105 642 60
3149 604 3164 644 t
3204 589 3612 661 Megasthenes

2040 690 2180 726 sane
2197 672 2355 746 apud
2384 672 2604 726 Indicos
2626 691 2786 744 reges
2801 675 3210 749 aliquantisper
3242 691 3609 733 commoratus

2042 777 2130 815 res
2151 760 2380 814 Indicas
2398 764 2629 833 scripsit,
2656 760 2905 835 utfidem
2919 781 3086 835 quam
3103 765 3280 818 oculis
3293 765 3610 836 subjecerat

2045 851 2326 902 memoriae
2349 848 2608 905 traderet.
2692 849 2989 919 Dionjsius
3014 869 3241 923 quoque,
3284 858 3382 926 qui
3401 866 3458 909 et
3486 858 3616 928 ipse

2043 954 2081 989 a
2108 934 2484 1009 Philadelpho
2522 953 2655 1008 rege
2669 946 2953 1012 *spectator
2972 942 3163 993 missus
3189 951 3270 994 est
3285 946 3477 1014 gratia
3492 961 3572 1016 pc
3589 973 3607 983 -

2040 1024 2358 1080 riclitandce
2382 1028 2636 1089 veritatis,
2654 1028 2830 1099 paria
2841 1025 3120 1097 prodidit.

2123 1111 2206 1165 Ex
2228 1109 2313 1164 his
2335 1111 2507 1183 igitur
2530 1109 2843 1184 colligimus
2863 1113 3274 1186 Megasthenem
3292 1114 3364 1191 (⁸)
3379 1117 3600 1172 Seleuci

2042 1196 2352 1250 ministrum
2392 1196 2545 1269 apud
2574 1196 2885 1270 Sibyrtium
2911 1194 3039 1272 (μ),
3076 1200 3390 1256 Arachosia
3420 1212 3610 1259 satra·

2042 1302 2200 1356 pam,
2233 1294 2540 1353 versatum,
2571 1294 2738 1356 atque
2764 1284 2896 1339 hinc
2920 1285 3162 1360 legatum
3190 1290 3337 1363 regis
3361 1289 3433 1344 ad
3455 1291 3603 1347 San-

2043 1371 2370 1428 drocottum
2410 1372 2792 1427 Palimbothra
2832 1373 3055 1428 missum
3098 1393 3237 1445 esse,
3275 1376 3450 1449 idque
3481 1397 3608 1434 non

2041 1461 2243 1532 semel,
2279 1459 2376 1516 sed
2399 1460 2596 1532 saepius
2614 1502 2630 1532 ,
2655 1460 2769 1515 sive
2789 1471 2854 1515 ut
2879 1460 3030 1518 dona
3057 1463 3272 1519 Seleuci
3297 1464 3598 1537 perferret,

2041 1549 2154 1603 sive
2199 1549 2318 1603 aliis
2355 1546 2427 1602 de
2468 1548 2643 1602 causis
2685 1549 2990 1621 quibusvis.
3034 1552 3116 1605 Ex
3147 1552 3370 1607 Arriani
3414 1555 3604 1610 verbis

2043 1635 2419 1710 Megasthenes
2470 1635 2636 1690 etiam
2677 1636 2890 1692 Porum
2935 1656 3126 1712 regem
3180 1638 3436 1709 adiisset,
3495 1644 3593 1714 qui

2041 1735 2297 1778 mortuus
2324 1721 2436 1794 jam
2467 1734 2548 1778 est
2587 1723 2678 1779 Ol.
2728 1722 2922 1793 115,4.
2966 1724 3073 1796 317
3123 1745 3175 1781 a.
3212 1727 3274 1783 C.
3320 1725 3589 1805 (Diodor.

2041 1811 2203 1886 XIX,
2239 1816 2299 1875 14
2317 1806 2357 1888 ).
2387 1812 2522 1866 Haec
2541 1811 2712 1885 igitur
2733 1830 2852 1866 non
2873 1814 3222 1885 pertinerent
3243 1813 3314 1869 ad
3342 1826 3597 1889 tempora

2041 1899 2257 1954 Seleuci
2293 1900 2454 1972 regis,
2484 1899 2671 1954 Facile
2697 1898 2770 1954 ad
2799 1918 3038 1973 regnum
3066 1900 3371 1957 Alexandri
3398 1901 3610 1960 referri

2040 1996 2284 2058 possent.
2307 1985 2491 2058 quue
2520 1987 2766 2042 statuisse
2788 1987 3014 2042 videtur
3033 1989 3333 2044 Bohlenius
3360 1988 3602 2064 (Indien

2043 2075 2090 2143 1,
2123 2091 2182 2145 p.
2220 2069 2348 2149 68),
2381 2091 2559 2146 quum
2576 2074 2988 2148 megasthenem
3010 2094 3080 2130 ex
3099 2067 3401 2132 Alexandri
3423 2081 3602 2133 comi·

2043 2161 2187 2215 tibus
2215 2160 2378 2215 fuisse
2416 2160 2689 2224 dicit.,At
2731 2180 2904 2218 nexus
2941 2164 3337 2219 sententiarum
3378 2165 3437 2220 id
3480 2185 3600 2221 non

2040 2247 2302 2302 admittit.
2388 2250 2527 2304 Nam
2574 2248 2711 2303 dicit
2759 2251 3028 2306 Arrianus
3073 2268 3087 2305 ε
3139 2274 3164 2301 α
3218 2253 3598 2326 Megasthenes

2039 2334 2191 2390 haud
2220 2335 2455 2391 multum
2483 2334 2658 2392 Indiae
2683 2335 2884 2393 vidisse
2916 2338 3051 2392 mihi
3080 2337 3325 2408 videtur,
3353 2341 3483 2413 plus
3508 2352 3596 2396 ta-

2040 2441 2170 2478 men
2220 2423 2365 2478 vidit
2402 2442 2571 2497 quam
2612 2426 2846 2481 comites
2884 2425 3221 2494 Alexandri3
3264 2425 3600 2503 συγγενέσθαι

2038 2505 2138 2585 γὰρ
2169 2509 2550 2590 Σανδρακόττῳ
2568 2506 2806 2588 λέγειτῷ
2821 2508 3051 2588 μεγίστῳ
3079 2512 3283 2587 βασιλεῖ
3301 2511 3596 2571 τῶνἸνδῶν

2039 2595 2128 2654 καὶ
2149 2596 2320 2677 Πώρῳ
2336 2596 2602 2656 ἔτιτούτου
2614 2596 2806 2672 μέζονι.
2824 2601 3052 2655 Diceres
3064 2601 3235 2675 igitur
3250 2620 3378 2657 eum
3396 2616 3598 2677 postea

2037 2686 2224 2741 nescio
2257 2703 2368 2759 qua
2411 2687 2702 2743 occasione
2742 2686 2816 2742 ad
2841 2689 3048 2742 Porum
3089 2689 3194 2744 iter
3236 2688 3454 2766 fecisse,
3483 2693 3584 2747 nisi

2036 2772 2227 2847 inepta
2251 2773 2560 2829 verborum
2597 2776 2872 2831 sententia
2899 2787 3230 2849 corruptum
3257 2779 3446 2850 potius
3471 2797 3588 2835 esse

2011 2860 2227 2916 ·locum
2248 2861 2526 2918 suaderet.
2560 2863 2845 2918 Lassenius
2867 2860 2980 2936 (De
2997 2876 3227 2938 pentap.
3252 2883 3312 2939 p.
3343 2867 3433 2940 ΕΑ)
3460 2868 3596 2922 Pori

2035 2949 2378 3005 mentionem
2402 2960 2609 3007 temere
2630 2950 2700 3006 ab
2725 2950 2913 3023 aliquo
2938 2949 3188 3019 additam
3214 2970 3328 3009 esse
3344 2955 3591 3028 suspica-

2039 3047 2146 3093 tur.
2165 3038 2403 3094 Praefero
2423 3038 2844 3095 Schwanbeckii
2862 3040 3209 3109 sententiam,
3230 3042 3329 3113 qui
3347 3043 3592 3098 seriben-
3696 3041 3714 3058 ⁶

2038 3123 2171 3179 dum
2214 3143 2326 3181 esse
2355 3137 2540 3181 censet
2571 3144 2586 3184 :
2612 3122 2703 3181 καὶ
2727 3122 2914 3204 Πώρου
2941 3121 3017 3181 ἔτι
3053 3124 3220 3204 τούτῳ
3249 3127 3438 3200 μέζονι.
3473 3131 3598 3185 Hac

2037 3211 2269 3269 admissa
2297 3213 2719 3283 emendatione,
2752 3214 2963 3286 optime
2998 3215 3187 3269 omnia
3212 3216 3550 3288 procedunt.

2114 3302 2355 3373 Tempus
2395 3318 2509 3373 quo
2538 3301 2875 3374 legationem
2915 3302 3005 3356 vel
3026 3303 3332 3375 legationes
3351 3304 3591 3373 obierit,

2037 3396 2091 3440 et
2112 3387 2381 3459 quamdiu
2401 3388 2459 3442 in
2471 3387 2633 3443 India
2659 3387 2902 3463 degerit,
2919 3388 3124 3444 certius
3140 3385 3362 3444 definiri
3380 3392 3591 3462 nequit.

2038 3474 2338 3530 Probabile
2356 3493 2493 3531 vero
2516 3485 2596 3531 est
2621 3487 2737 3531 tum
2757 3476 2984 3531 demum
3006 3477 3230 3531 missum
3249 3494 3389 3545 esse,
3417 3494 3598 3549 quum

2038 3560 2217 3617 foedus
2244 3571 2301 3616 et
2339 3562 2638 3617 amicitiam
2671 3564 2820 3618 inter
2844 3580 2902 3618 se
2938 3580 3096 3637 reges
3115 3561 3436 3634 junxerant.
3468 3564 3598 3618 Ita-

2038 3666 2149 3720 que
2190 3667 2366 3721 quum
2405 3649 2844 3709 Sandnocottum
2889 3668 3068 3723 usque
3109 3650 3182 3706 ad
3222 3668 3429 3706 annum
3476 3649 3602 3705 288

2035 3752 2289 3809 regnasse
2314 3735 2559 3792 referant
2575 3777 2591 3806 ,
2632 3738 3012 3811 Megasthenes
3048 3737 3423 3793 Palimbothra
3446 3754 3598 3809 pro-—

2037 3821 2209 3877 sectus
2231 3820 2380 3877 foret
2407 3823 2555 3879 inter
2579 3842 2711 3879 ann.
2748 3822 3031 3880 302-288.
3062 3824 3344 3882 Clintonus
3372 3822 3461 3896 (F.
3503 3824 3581 3881 Η.

2037 3911 2151 3979 111,
2186 3927 2247 3982 p.
2296 3908 2443 3986 482)
2474 3912 2667 3985 paullo
2709 3922 2838 3967 ante
2866 3929 3077 3968 annum
3109 3910 3217 3967 302
3261 3910 3333 3967 ad
3379 3908 3586 3966 Indum

2039 4014 2226 4070 regem
2254 3999 2466 4053 venisse
2487 4009 2666 4072 putat.
2750 4000 2933 4070 Quam
2953 4000 3016 4054 in
3044 3999 3369 4056 sententiam
3393 3999 3598 4053 nescio·

2100 4178 2162 4239 (*)
2195 4178 2546 4239 megasthenem
2574 4182 2769 4230 Persam
2792 4192 2963 4242 genere
2991 4179 3134 4230 misse
3160 4178 3276 4230 dicit
3301 4177 3497 4228 Bohlen.
3529 4181 3591 4227 D.

2036 4248 2142 4297 alte
2175 4249 2358 4299 Indien
2398 4251 2449 4308 1,
2491 4263 2540 4312 p.
2588 4254 2667 4300 68.
2708 4250 2762 4301 ld
2797 4263 2939 4300 nemo
2976 4249 3121 4301 tradit
3165 4252 3341 4313 praeter
3387 4248 3604 4299 Annium

2037 4318 2384 4368 viterbiensem
2400 4356 2415 4382 ‚
2441 4320 2684 4370 falsarium
2706 4321 2851 4371 istum
2866 4357 2880 4383 ,
2905 4334 3049 4383 quem
3080 4319 3339 4371 Bohlenius
3365 4320 3598 4382 sequutus

2035 4402 2135 4438 esse
2169 4388 2379 4439 videtur.
2430 4391 2617 4441 Nomen
2656 4404 2865 4456 graecum
2901 4404 3003 4440 esse
3033 4391 3183 4453 patet.
3240 4390 3587 4453 Megasthenem

2036 4458 2276 4529 quendam
2304 4459 2664 4509 Chalcidensem
2691 4461 2909 4523 quicum
2941 4459 3170 4523 Hippocle
3198 4461 3395 4510 Cumaeo
3416 4462 3595 4508 Cumas

2035 4528 2082 4575 in
2104 4528 2239 4577 ltalia
2271 4527 2536 4579 condidisse
2562 4530 2740 4593 fertur,
2764 4533 2995 4580 memorat
3028 4528 3200 4579 Strabo
3229 4531 3288 4589 V,
3320 4541 3366 4591 p.
3387 4532 3492 4578 243.
3518 4530 3594 4577 Cf.

2036 4596 2245 4658 Velleius
2274 4601 2457 4648 Patere.
2482 4602 2530 4661 1,
2567 4602 2615 4649 4.

2098 4668 2185 4731 (**)
2223 4668 2460 4731 Sibyrtius
2496 4670 2764 4720 Arachosia}
2799 4669 3050 4731 satrapiam
3085 4668 3362 4720 obtinuerat
3397 4668 3590 4729 olymp.

2041 4743 2156 4801 114,
2196 4745 2239 4788 2.
2278 4744 2399 4798 323,
2427 4742 2549 4789 teste
2578 4740 2784 4790 Diodoro
2814 4742 2969 4789 xvlll
2985 4777 2999 4799 ,
3030 4744 3076 4799 3,
3104 4744 3160 4797 3;
3186 4738 3234 4786 in
3270 4738 3476 4800 sati-apia
3507 4749 3602 4786 sua

2035 4809 2344 4859 confirmatus
2366 4810 2426 4860 ab
2446 4810 2696 4874 Antipatro
2717 4810 2931 4871 (At-rien.
2957 4812 3027 4859 De
3055 4809 3271 4857 Success.
3300 4808 3431 4856 Alex.
3464 4804 3495 4870 §
3530 4813 3589 4857 36

2035 4880 2110 4930 ed.
2134 4879 2330 4941 Didot.)
2358 4882 2557 4931 Eumeni
2589 4894 2642 4931 se
2667 4879 2881 4943 adjungit
2902 4878 3059 4942 (316),
3089 4876 3227 4926 Diod.
3258 4880 3398 4936 xlx,
3430 4880 3509 4936 15,
3533 4884 3594 4935 6;

2035 4963 2062 4999 a
2095 4962 2192 5012 quo
2223 4948 2271 4999 in
2310 4950 2544 5012 judicium
2564 4951 2762 5000 vocatus
2787 4951 2898 5012 fuga
2920 4948 3117 4998 salutem
3139 4946 3314 5008 quaerit
3339 4946 3358 5007 (
3371 4945 3440 4996 td.
3463 4949 3500 4994 Χ
3509 4949 3595 5008 tx,

2038 5027 2114 5081 23,
2142 5021 2215 5083 4).
2245 5024 2354 5070 Post
2389 5021 2575 5071 cladem
2603 5020 2826 5070 Eumenis
2860 5018 3122 5081 Antigonus
3149 5017 3191 5065 ei
3227 5015 3602 5079 Argyraspidum

2037 5088 2473 5140 turbulentissimos
2507 5090 2652 5141 tradit
2673 5089 2774 5152 (td.
2796 5102 2840 5139 c.
2877 5092 2967 5150 48,
2990 5089 3064 5150 3).
3099 5088 3268 5135 Postea
3303 5098 3356 5136 se
3391 5083 3600 5135 Seleuco

2038 5154 2309 5221 adjunxisse
2320 5155 2493 5210 hebet.
