4016 5916
1664 404 2150 463 FRAGMENTA.
3423 419 3494 470 29

290 540 578 612 Taphitis,
626 538 922 592 Pterclaus.
973 536 1218 591 Faudem
1266 536 1439 589 schol.
1483 536 1632 607 vulg.
1680 537 1859 589 innuit

292 627 493 681 verbis
515 627 585 689 ὡς
609 622 660 680 δὲ
690 621 836 689 ἔνιοι,
870 624 969 677 nisi
998 622 1153 694 quod
1177 641 1285 694 pro
1313 622 1529 693 Taphio
1555 624 1719 694 ponit
1742 621 1858 675 sra-

2037 562 2060 585 «
2109 537 2314 590 Mirum
2344 545 2423 589 est
2443 536 2806 589 Herodorum
2853 536 2963 589 hoc
3012 538 3070 590 in
3096 538 3356 611 OEdipo,
3406 542 3506 597 sed

1948 633 2066 668 non
2094 616 2153 668 in
2176 632 2349 688 opere
2372 614 2444 668 de
2467 615 2709 669 Hercule
2729 616 3062 687 exposuisse.
3080 617 3194 670 Nec
3212 618 3349 671 mibi
3363 620 3509 674 liber

293 727 449 771 trem
478 715 800 779 Teleboam,
829 730 999 785 quem
1028 710 1139 782 Ap.
1165 728 1283 764 uon
1304 708 1567 776 admittit,
1594 708 1864 764 Teleboas
1950 700 2238 757 Herodori
2258 700 2330 756 de
2357 700 2585 773 OEdipo
2610 700 2835 756 aliunde
2854 712 3021 757 notus
3038 712 3137 759 ent.
3162 704 3341 777 Igitur
3369 724 3511 761 con—

294 801 413 859 ἆπὸ
460 806 549 861 τοῦ
590 799 749 868 τηλοῦ
786 800 881 868 τῆς
933 794 1177 876 πατρίδος
1220 791 1482 862 ἀποβῆναι
1527 795 1707 849 dictos
1750 812 1864 850 esse
1942 787 2080 858 jicio
2108 807 2123 841 ε
2149 782 2271 862 Ἧρ.
2294 788 2417 861 γοῦν
2445 786 2496 842 ἐν
2528 782 2728 862 ὀγδόῳ
2766 784 2909 865 φησί.
2934 813 2960 838 ι
2982 789 3210 846 ΒωσΗι.
3243 792 3511 848 Miillerus

295 909 555 946 censens.

1046 969 1130 1047 [2]

391 1111 661 1185 Stephan.
702 1111 836 1182 Byz.
884 1128 940 1165 v,
968 1104 1152 1182 Ἄργος
1181 1124 1194 1159 t
1228 1104 1307 1162 Τὸ
1334 1102 1531 1161 ἔθνικὸν
1570 1102 1856 1181 Ἀργεῖος...

304 1196 402 1255 καὶ
427 1195 480 1254 Ἀ
491 1195 725 1273 ργείωνες
746 1193 1057 1270 λέγονται...
1083 1189 1322 1266 λέγονται
1340 1189 1431 1247 καὶ
1454 1194 1869 1269 πατρωνυμικῶς

311 1290 329 1360 (
352 1306 431 1341 sc.
460 1280 744 1362 Ἀργειιίδαι
764 1283 783 1357 )
800 1326 817 1351 ,
847 1284 917 1346 ὣς
939 1282 984 1337 οἱ
1008 1276 1193 1335 πολλοὶ
1212 1277 1300 1336 καὶ
1319 1274 1630 1356 Ἡρόδωρος.

394 1376 563 1433 Hunc
593 1370 955 1426 Herodorum
974 1411 989 1437 ,
1024 1369 1139 1422 sive
1165 1377 1317 1421 recte
1336 1384 1544 1420 nornen
1561 1384 1618 1420 se
1634 1365 1869 1432 habeat,

306 1463 428 1515 sive
463 1460 569 1533 (ex
598 1458 954 1525 Herodian03
983 1453 1371 1528 Heliodoro?)
1411 1464 1741 1528 corruptum
1772 1453 1870 1521 sit,

308 1548 869 1622 grammaticmnesse
894 1560 1111 1599 censeo.

1076 1668 1130 1724 3.

402 1811 698 1866 Athenaeus
720 1808 841 1875 xl,
871 1824 932 1879 p.
969 1811 1103 1875 474,
1128 1806 1173 1860 F
1206 1824 1219 1858 t
1266 1801 1633 1880 Ἀρχαιότατον
1672 1802 1720 1859 δ’
1770 1801 1880 1860 ἐστὶ

317 1897 573 1973 ποτήριον
622 1893 683 1951 τὸ
726 1890 1038 1971 καρχήσιον,
1088 1888 1218 1966 εἴγε
1267 1892 1296 1946 ὁ
1323 1889 1450 1954 Ζεὺς
1490 1890 1745 1965 ὁμιλήσας
1767 1890 1877 1948 Ἀλ-

320 1984 504 2062 κμήνῃ
521 2027 540 2055 ,
570 1981 727 2039 ἔδωκε
758 1981 924 2057 δῶρον
951 1981 1043 2049 τῆς
1065 1976 1277 2053 μίξεως,
1305 1981 1375 2042 ὡς
1402 1976 1704 2057 Φερεκύδης
1732 1978 1785 2034 ἐν
1812 1980 1876 2055 τῇ

319 2069 541 2151 δευτέρα
570 2070 677 2145 (fr.
710 2088 780 2138 27
804 2067 823 2143 )
864 2067 1062 2145 ἱστορεῖ
1081 2063 1172 2122 καὶ
1200 2063 1493 2144 Ἡρόδωρος
1519 2068 1547 2122 ὁ
1575 2063 1875 2142 Ἡρακλεώ-

318 2181 435 2227 τῆς.

1076 2263 1131 2323 t..

406 2398 600 2453 Schol.
622 2396 907 2452 Theocrit.
924 2394 1088 2463 XIII,
1108 2414 1144 2468 9
1174 2413 1187 2448 z
1221 2388 1575 2470 Ἀριστοτέλης
1600 2389 1756 2469 φησὶν
1774 2389 1877 2447 ὑπὸ

322 2482 727 2560 Ῥαδαμάνθυος
754 2481 1096 2549 παιδευθῆναι
1134 2479 1223 2536 τὸν
1243 2476 1541 2558 Ἡρακλέα,
1579 2476 1874 2556 Ἡρόδωρος

321 2577 337 2647 (
365 2575 497 2628 libri
528 2568 806 2646 Ἡρόδοτος
828 2566 917 2643 )δὲ
946 2566 1048 2624 ὕπὸ
1068 2569 1168 2623 τῶν
1189 2566 1451 2645 βουκόλων
1474 2563 1873 2643 Ἀμφιτρύωνος.

318 2666 458 2716 Cum
491 2659 799 2715 Herodoro
828 2655 964 2711 facit
986 2655 1256 2729 Apollod.
1289 2657 1367 2723 11,
1406 2660 1463 2722 4,
1502 2673 1538 2725 9
1590 2653 1643 2707 3.

1070 2801 1127 2856 5.

396 2941 576 2999 Idem.
606 2938 878 3010 xn1,56
914 2958 929 2994 ε
962 2934 1194 3016 Ἐχρῆτο
1216 2934 1270 2993 δὲ
1303 2932 1575 3012 Ἡρακλῆς
1601 2935 1707 3000 τοῖς
1739 2936 1879 2994 Σκυ-

319 3033 477 3094 θικοῖς
502 3025 695 3097 τόξοις,
718 3023 978 3104 διδαχθεὶς
1004 3023 1149 3103 παρά
1168 3046 1301 3088 τινος
1328 3020 1533 3081 Σκύθου
1560 3021 1833 3100 Τευτοὶρου
1854 3066 1871 3092 ,

320 3121 392 3182 ὥς
416 3119 617 3192 ἱστορεῖ
645 3110 938 3191 Ἡρόδωρος
980 3113 998 3187 (
1025 3114 1155 3167 libri
1182 3107 1457 3190 Ἡρόδοτος
1482 3109 1502 3188 )
1540 3107 1630 3165 καὶ
1676 3108 1879 3169 Καλλί-

320 3224 491 3279 μαχος
518 3203 630 3278 (fr.
656 3201 767 3256 365
793 3200 977 3255 Bentl.
1003 3199 1041 3273 ).

400 3295 534 3348 Haec
544 3290 763 3345 Pontici
774 3288 1018 3343 auctoris
1029 3287 1335 3341 innovatio.
1350 3286 1623 3358 Eurytum
1640 3282 1881 3362 (OEcha-

324 3373 586 3452 liensem)
628 3394 735 3449 pro
754 3377 999 3430 Teutaro
1023 3374 1193 3428 habes
1212 3392 1301 3446 ap.
1328 3373 1596 3447 Apollod.
1622 3372 1703 3443 ΙΙ,
1737 3379 1792 3441 4,
1823 3382 1877 3443 4,

334 3485 381 3522 ι.
410 3469 499 3521 De
527 3483 663 3519 arcu
708 3462 973 3535 Scythico
1015 3480 1070 3514 v.
1103 3463 1339 3515 Passow.
1376 3462 1436 3515 in
1462 3460 1745 3535 Boettiger.
1776 3463 1881 3514 Ar-

324 3554 596 3625 chaeolog.
628 3570 681 3606 u.
706 3551 901 3615 Kunst,
941 3549 1055 3602 vol.
1088 3550 1147 3616 Ι,
1170 3567 1230 3621 p.
1269 3546 1396 3602 151.
1434 3570 1492 3579 ···
1519 3549 1779 3603 Ceterum
1807 3547 1880 3606 cf.

324 3641 531 3696 Natalis
578 3640 735 3693 Corn.
775 3655 838 3710 p.
872 3635 988 3708 679
1022 3653 1035 3689 :
1093 3635 1354 3688 Hercules
1373 3635 1674 3705 saculandi
1706 3647 1880 3688 artem

312 3729 435 3797 suit
458 3747 499 3781 a
528 3728 755 3781 Teutam
786 3722 999 3795 Scytha
1016 3734 1259 3798 pastore,
1298 3734 1360 3776 ut
1384 3727 1470 3776 ait
1484 3725 1702 3776 Isacius
1728 3721 1883 3796 (Tze-

326 3816 515 3891 tzes?)‚
545 3815 778 3869 edoctus·

403 3905 589 3957 Tzetz.
608 3903 745 3973 Lyc.
774 3897 891 3960 662
914 3896 1227 3974 :Teccoipoev
1251 3890 1307 3951 δὲ
1325 3891 1538 3973 πηχέων
1566 3885 1628 3964 ἦν
1658 3896 1685 3950 δ
1713 3891 1881 3974 Ἡρα-

324 3989 483 4057 κλῆς,
506 3985 599 4043 καὶ
631 3983 786 4048 ποδὸς
809 3979 949 4052 ἑνὸς,
991 3980 1225 4060 καθάπερ
1253 3982 1282 4037 ὅ
1314 3979 1565 4045 Ποντικὸς
1589 3977 1883 4058 Ἡρόδωρος

326 4077 529 4149 (vulgo
559 4070 839 4150 Ἡρόδοτος
863 4071 881 4143 )
907 4068 1119 4146 ἱστορεῖ.
1474 4123 1491 4139 ,

402 4163 612 4218 Eadem
641 4161 832 4216 denuo
858 4157 1020 4212 affert
1040 4157 1100 4211 in
1128 4158 1337 4212 Histor.
1370 4159 1447 4224 ΙΙ,
1481 4175 1596 4212 210
1624 4166 1679 4211 et
1706 4154 1840 4210 366.

398 4250 588 4305 Schol.
638 4245 805 4302 Pind.
848 4245 1012 4303 Nem.
1054 4245 1159 4312 ΙΙΙ,
1205 4244 1276 4314 87
1317 4239 1648 4321 εΊΙρόδωρος
1677 4246 1799 4318 γοῦν
1830 4242 1883 4297 ἐν

332 4332 575 4394 Οἷδίποδί
617 4355 750 4414 φησι
787 4333 891 4389 τῶν
925 4328 1097 4387 ἄλλων
1140 4328 1294 4386 αὐτὸν
1322 4329 1339 4408 (
1365 4328 1666 4407 Ἡρακλέα)
1707 4351 1881 4408 περιτ·

329 4420 507 4493 τεύειν,
533 4417 671 4480 ὥστε
698 4417 760 4477 τὸ
784 4417 903 4475 ὅλον
932 4419 1084 4492 σῶμα
1111 4418 1297 4494 πηχῶν
1320 4405 1452 4473 εἶναι
1503 4415 1768 4493 τεσσάρων
1796 4414 1883 4472 καὶ

330 4508 500 4575 ποδός.

393 4759 590 4822 Argivos
606 4754 888 4807 Herodorus
910 4671 1146 4814 Argoed2ai³
1161 4750 1301 4801 dixit.

1080 4834 1111 4883 3

393 4923 615 4988 luppiter
636 4927 1043 4981 cosmas-iseum
1065 4870 1291 4966 Alcmene
1317 4915 1586 4966 mercedem
1609 4914 1890 4965 conicubims

336 5001 459 5051 dedit
475 4997 802 5050 arandum.

1077 5077 1111 5125 4

397 5171 431 5216 Α
451 5162 679 5213 bubulcis
704 5157 1060 5219 Amphitryonis
1094 5156 1321 5206 nors-ntes
1347 5155 1577 5205 «lucanus
1599 5157 1685 5204 est.

1953 876 2090 929 Dor.
2125 876 2214 943 11,
2245 893 2304 947 p.
2356 872 2468 938 465
2512 873 2753 946 conjecit
2799 873 2855 929 ἐν
2884 871 3333 949 Ὀλυμπιάδι,
3384 881 3422 935 i.
3455 899 3507 936 e.

1953 963 2013 1015 in
2039 979 2221 1033 agone
2245 962 2535 1035 Olympico
2548 962 2663 1016 sive
2676 979 2745 1015 eo
2767 961 2897 1015 loco
2920 962 3021 1016 ubi
3049 962 3290 1019 deludis
3310 966 3510 1040 Olym-

1952 1050 2093 1121 picis
2114 1048 2185 1103 ab
2205 1049 2448 1103 Hercule
2471 1048 2734 1103 institutis
2759 1049 2893 1121 egit.
2925 1050 3143 1104 Etenim
3178 1062 3390 1107 veteres
3416 1052 3510 1109 di-

1953 1137 2031 1189 cit
2053 1136 2310 1189 Herculis
2336 1145 2599 1189 staturam
2627 1133 2901 1190 definiisse
2932 1154 3001 1191 ex
3024 1136 3377 1211 longitudine
3402 1153 3517 1197 sta·-

1956 1222 2036 1278 dii
2065 1222 2362 1294 Olympici.
2385 1221 2470 1279 Cf.
2498 1222 2709 1278 Gellius
2735 1223 2804 1280 N.
2834 1224 2901 1277 A.
2924 1224 2982 1290 Ι,
3017 1243 3065 1278 1.
3089 1225 3258 1295 Quod
3284 1227 3514 1283 fortasse

1958 1310 2182 1381 longius
2225 1309 2484 1381 petitum.
2513 1309 2731 1363 Novem
2781 1308 2994 1383 pedum
3029 1320 3240 1367 statura
3287 1313 3514 1371 Herculi

1960 1394 2128 1448 datur
2154 1393 2388 1449 eandem
2446 1393 2523 1448 ob
2551 1412 2800 1463 causam,
2837 1395 2910 1450 de
2952 1414 3062 1468 qua
3099 1402 3368 1456 nonarius
3402 1421 3516 1457 nu·-

1960 1498 2147 1535 merus
2164 1482 2331 1535 etiam
2349 1482 2409 1534 in
2429 1481 2647 1553 reliqua
2664 1482 2923 1536 Herculis
2941 1482 3172 1540 historia
3191 1487 3345 1559 apud
3360 1498 3517 1545 vete-

1961 1584 2050 1621 res
2094 1568 2333 1621 recurrit
2363 1566 2471 1641 (V.
2505 1567 2729 1641 Fragm.
2764 1566 3036 1624 Chronol.
3063 1589 3120 1643 p.
3159 1573 3309 1649 118).
3346 1574 3517 1647 Apud

1964 1653 2382 1726 Apollodorum
2410 1654 2486 1720 ΙΙ,
2506 1659 2561 1720 4,
2585 1672 2643 1725 9,
2672 1659 2704 1718 4
2742 1654 3002 1710 Herculis
3028 1655 3236 1713 dicitur
3256 1680 3516 1738 τετραπη·

1965 1742 2145 1817 χυαῖος
2161 1741 2323 1795 fuisse
2339 1760 2356 1809 ;
2375 1739 2448 1795 ad
2470 1758 2638 1811 quem
2663 1728 2848 1795 locuin
2869 1743 3117 1815 Heynius
3143 1764 3157 1798 :
3192 1770 3216 1794 a
3244 1749 3330 1803 De
3353 1762 3518 1822 quat-

1969 1839 2101 1881 tuor
2128 1827 2356 1896 cubitiS,
2380 1827 2594 1899 inquit,
2625 1829 2911 1903 ingeniosa
2939 1842 3018 1885 cst
3036 1833 3322 1908 Boettigeri
3341 1840 3518 1911 suspi-

1967 1914 2056 1965 cio
2078 1953 2094 1980 ,
2122 1912 2356 1966 ductmn
2377 1913 2488 1967 hoc
2519 1932 2633 1968 esse
2661 1933 2692 1967 a
2716 1933 2908 1984 scena3
2935 1935 3066 1972 nam
3094 1922 3359 1994 tragicam
3394 1941 3516 1977 eam

1966 1999 2127 2053 fuisse
2153 2017 2468 2055 mensuram
2496 2001 2710 2075 colligit
2741 2003 2998 2077 exemplo
3026 2002 3218 2078 figurae
3249 2019 3519 2079 quattuor

1966 2087 2290 2142 cubitorum
2318 2090 2377 2142 in
2402 2107 2612 2163 pompa
2640 2091 2975 2163 Dionysiaca
3001 2093 3353 2169 Philadelphi
3399 2096 3518 2151 du-

1966 2184 2066 2228 ctae
2084 2173 2433 2229 Alexandriae
2455 2174 2608 2247 apud
2631 2177 2958 2231 Athenaeum
2982 2196 3044 2250 p.
3079 2179 3209 2252 193,
3241 2184 3309 2236 A.
3341 2208 3365 2231 »
3391 2186 3518 2239 Hoc

1966 2261 2007 2313 si
2029 2279 2247 2329 verum,
2271 2261 2536 2334 equidem
2552 2263 2996 2334 scriptumfuisse
3016 2268 3326 2340 suspicarer
3352 2266 3514 2347 :‘Hp.

1966 2350 2088 2421 γοῦν
2105 2345 2179 2403 ἑνὶ
2204 2344 2324 2404 ποδί
2346 2369 2474 2426 φησι
2497 2349 2600 2403 τῶν
2643 2348 2819 2405 ἄλλων
2847 2349 3006 2407 αύτὸν
3046 2352 3367 2430 περιττεύειν
3396 2357 3514 2413 κτλ.

1966 2450 2027 2465 ····
2066 2439 2142 2490 At
2183 2454 2389 2490 novam
2435 2436 2842 2492 dubitationem
2871 2452 3064 2495 movet
3101 2443 3301 2498 Comes
3332 2446 3514 2500 Natal.

1964 2523 2206 2595 Mythol.
2239 2523 2426 2591 lib.V,
2450 2542 2511 2597 p.
2542 2521 2689 2594 560,
2718 2524 2821 2579 ubi
2843 2525 2961 2581 haec
2985 2545 2999 2580 τ

2720 2670 2778 2724 6.

2045 2818 2313 2873 Hercules
2336 2824 2543 2891 insigni
2571 2826 2814 2895 corporis
2842 2824 3224 2894 magnitudin
3249 2837 3304 2884 el
3320 2846 3520 2900 proce—

1964 2911 2131 2962 ritate
2141 2905 2329 2978 fuisse
2352 2908 2590 2962 dicitur:
2623 2914 2827 2983 quippe
2852 2927 3011 2984 quem
3035 2917 3325 2986 scripserit
3334 2914 3517 2969 Hera-

1964 2995 2140 3048 clides
2169 2995 2427 3048 Ponticus
2462 2993 2614 3068 (lege
2657 2997 2969 3050 Herodorus
2993 2993 3098 3074 P.)
3129 3012 3388 3072 quattuor
3427 3021 3523 3056 cu-

1966 3080 2201 3135 bitorum
2249 3093 2305 3135 et
2347 3087 2508 3135 unius
2540 3082 2707 3155 pedis
2756 3084 3118 3157 longitudinis
3147 3083 3355 3154 fuisse.
3415 3092 3520 3144 Ion

1960 3178 2237 3237 proetcrea
2260 3180 2316 3221 et
2340 3166 2652 3222 Herodorus
2679 3173 2738 3222 ia
2769 3169 3064 3245 OEdipode
3087 3173 3378 3228 Herculem
3417 3188 3525 3231 cres

1965 3254 2212 3308 dentium
2257 3255 2478 3309 ordines
2502 3254 2763 3311 habuisse
2813 3262 3142 3332 igneumque
3178 3263 3524 3332 splendorem

1967 3358 2042 3393 ea:
2065 3342 2241 3394 oculis
2271 3338 2564 3411 effudisse,
2621 3353 2681 3395 ιιι
2706 3347 2792 3396 ait
2824 3344 3040 3397 Tzetzcs
3074 3345 3213 3399 Hist.
3248 3343 3318 3410 54
3340 3387 3355 3414 ,
3392 3351 3521 3409 ΙΙΙ.
3619 3392 3632 3414 ,

2046 3427 2347 3482 Videamus
2373 3429 2605 3482 Tzetzen
2633 3430 2746 3498 111,
2792 3447 2844 3483 v,
2876 3428 2990 3502 950
3018 3448 3170 3503 sqq„
3217 3432 3315 3486 ubi
3362 3445 3523 3506 post-

1968 3532 2139 3586 quam
2167 3514 2383 3569 dixerat
2409 3516 2612 3569 Prusiae
2639 3517 2785 3588 regis
2815 3513 2992 3571 filium
3028 3519 3298 3590 Zipoetem
3333 3520 3529 3576 dentes

1970 3602 2029 3653 in
2052 3620 2226 3655 unum
2257 3620 2318 3655 os
2345 3613 2639 3658 concretos
2657 3603 2915 3659 habuisse
2943 3602 3046 3678 (cf.
3077 3603 3221 3660 Plin.
3271 3607 3395 3675 vll,
3431 3609 3522 3678 16,

1970 3689 2093 3742 val.
2120 3689 2198 3745 M.
2227 3689 2284 3756 Ι,
2313 3686 2610 3763 8)‚pergit
2641 3707 2655 3742 t

2048 3831 2382 3912 Ἡρόδοτος
2410 3832 2464 3892 δὲ
2493 3832 2692 3894 Λέοντα
2721 3833 2967 3914 Σαρδέων
2998 3835 3245 3912 βασιλέα,

2051 3921 2266 3987 Ἰούλιος
2295 3921 2532 3998 (Pollux
2563 3925 2647 3992 11,
2678 3923 2788 4000 94)
2815 3921 2902 3979 τὸν
2935 3922 3140 4002 Πύῤῥον
3169 3923 3222 3980 δὲ
3254 3923 3411 3981 πάλιν
3438 3927 3525 3985 τὸν

3174 4009 3525 4091 [Ἠπειρώτην

2050 4095 2189 4174 ἔχειν
2217 4104 2488 4175 γραμμαῖς
2514 4095 2730 4154 ὀδόντων
2760 4096 2816 4153 δὲ
2841 4100 2991 4154 τοῦτο
3012 4096 3400 4172 τετυπωμένον,

2047 4185 2117 4248 ὡς
2135 4181 2328 4241 καὶτὸν
2347 4182 2615 4262 Ἡρακλέα
2636 4180 2689 4242 δὲ
2709 4186 2736 4240 ὁ
2755 4184 2882 4248 Χῖος
2901 4181 3044 4241 Ἰων
3066 4183 3157 4258 (fr.
3184 4184 3261 4239 88
3283 4186 3521 4264 Koepk.)

3385 4270 3446 4329 λε’
3481 4294 3526 4329 ει

2052 4357 2189 4436 ἔχειν
2213 4356 2436 4416 ὀδόντων
2465 4356 2756 4454 “epictet-4&
2779 4356 2916 4413 θέσιν
2944 4272 3378 4437 ἀῤῥαγεστάτην.[
3447 4294 3480 4350 γ

1972 4507 2159 4573 Patet,
2193 4506 2421 4578 opinor,
2474 4523 2640 4577 quam
2681 4504 3025 4579 negligenter
3060 4505 3267 4560 Natalis
3295 4508 3526 4560 Tzetzen

2040 4751 2265 4801 Hercules
2277 4764 2390 4799 arcu
2412 4751 2636 4813 scythico
2654 4672 2894 4812 utesliatun
2913 4764 2944 4800 a
2959 4753 3167 4801 Teutas-o
3187 4752 3364 4814 scytha
3383 4753 3528 4813 sagit·

1974 4828 2109 4877 tandi
2137 4831 2290 4877 artem
2313 4827 2527 4877 edoctu&

2730 4913 2783 4963 6.

2041 4995 2268 5044 Hercules
2320 4996 2504 5043 statura
2557 4997 2661 5043 erat
2700 4995 2930 5057 quattuor
2977 4995 3253 5044 cubitorum
3296 4995 3529 5058 pedisque

1980 5085 2137 5120 unius.
