4016 5916
621 410 733 459 61⁴

606 523 767 599 φῶνος
795 516 848 576 δὲ
876 515 964 575 τὸν
993 516 1226 596 σίδηρον,
1258 518 1328 581 ὥς
1357 514 1551 594 ἱστορεῖ
1583 511 1864 587 Μανεθὼς,
1897 515 2164 574 καλοῦσιν.

603 606 819 685 εὨσπερ
840 603 941 685 γὰρ
972 607 999 662 ὁ
1021 603 1226 682 σίδηρος
1251 601 1501 667 πολλάκις
1515 599 1610 679 μὲν
1638 600 1906 682 ἑλκομένῳ
1933 598 2023 659 καὶ
2043 603 2169 658 ἑπο-

607 693 748 775 μένῳ
775 692 903 773 πρὸς
928 689 1023 762 τὴν
1047 690 1184 749 λίθον
1201 689 1375 764 ὅμοιός
1395 693 1523 762 ἔστι,
1552 686 1800 754 πολλάκις
1825 689 1869 746 δ’
1911 685 2169 768 ἀποστρέ-

607 804 757 861 φεται
767 781 856 839 καὶ
869 780 1214 860 ἀποκρούεται
1224 776 1351 857 πρὸς
1368 776 1682 849 τοῦναντίον,
1702 773 1861 843 οὕτως
1875 779 1909 846 ἡ
1920 774 2172 856 σωτήριος

605 868 695 927 καὶ
725 866 891 945 ἀγαθὴ
915 865 1007 924 καὶ
1053 865 1205 944 λόγον
1232 864 1428 944 ἔχουσα
1457 868 1547 923 τοῦ
1580 862 1779 941 κόσμου
1824 861 2024 935 κίνησις
2064 865 2173 920 ἐπι-

607 955 954 1037 στρέφεταίτε
985 953 1076 1011 καὶ
1104 953 1428 1033 προσάγεται
1474 951 1564 1010 καὶ
1599 949 1976 1029 μαλακωτέραν
2003 958 2170 1027 ποιεῖ,

606 1045 854 1102 πείθουσα
879 1039 975 1113 τὴν
991 1039 1243 1120 σκληρίαν
1272 1040 1471 1112 ἐκείνην
1498 1038 1589 1097 καὶ
1619 1039 1887 1119 τυφώνων,
1910 1031 2006 1095 εἶτ’
2029 1028 2173 1105 αὖθις

609 1134 959 1211 ἀνασχεθεῖσα
986 1131 1057 1195 εἰς
1096 1126 1285 1198 ἑαυτὴν
1323 1126 1607 1209 ἀνέστρεψε
1644 1125 1736 1186 καὶ
1768 1125 2053 1184 κατέδυσεν
2102 1128 2174 1193 εἰς

608 1220 702 1292 τὴν
731 1216 972 1298 ἀπορίαν.
998 1221 1219 1274 Nomen
1241 1218 1379 1290 Smy
1398 1219 1646 1275 occurrit
1667 1218 1728 1272 in
1750 1217 1916 1273 Libro
1935 1227 2175 1271 mortuo-

607 1329 727 1363 mm
750 1328 797 1364 c.
834 1327 926 1383 19,
957 1307 1066 1365 col.
1095 1303 1128 1362 5
1165 1325 1180 1365 t
1205 1307 1343 1361 Dies
1363 1308 1462 1361 ille
1478 1306 1893 1379 justificationis
1918 1305 2174 1359 adversus

620 1396 933 1470 Typhonem
955 1400 1178 1468 ejusque
1198 1394 1357 1466 Smy.

1348 1503 1483 1580 780⁰

690 1628 760 1680 In
806 1624 1009 1681 eodem
1058 1623 1287 1681 fortasse
1328 1639 1500 1697 opere
1540 1622 1804 1676 Manetho
1866 1622 2177 1675 narraverit

613 1734 734 1789 quae
758 1715 1021 1788 leguntur
1048 1732 1140 1786 ap.
1174 1711 1456 1769 Plutarch.
1486 1709 1521 1766 Ι.
1549 1709 1592 1764 l.
1619 1728 1669 1766 c.
1705 1707 1811 1779 28,
1841 1728 1901 1782 p.
1923 1707 2058 1778 361,
2084 1710 2128 1765 F
2157 1727 2171 1761 :

694 1800 1019 1875 Πτολεμαῖος
1048 1797 1103 1855 δὲ
1148 1801 1176 1855 ὁ
1215 1795 1407 1874 Σωτὴρ
1435 1793 1560 1875 ὄναρ
1594 1783 1697 1853 εἶδε
1750 1792 1837 1851 τὸν
1872 1795 1924 1851 ἐν
1957 1792 2174 1872 Σινώπῃ

614 1892 704 1945 τοῦ
735 1884 1044 1950 Πλούτωνος
1088 1878 1359 1955 κολοσσὸν,
1395 1883 1489 1942 ούκ
1518 1879 1889 1959 ἐπιστάμενος,
1920 1877 2037 1938 οὗδὲ
2080 1882 2178 1938 ἐω-

618 1972 785 2054 ρακὼς
813 1971 1082 2053 πρότερον,
1106 1961 1210 2037 οἶος
1239 1961 1377 2049 [ἦν]
1408 1968 1502 2041 τὴν
1529 1967 1754 2050 μορφὴν,
1777 1967 2054 2027 κελεύοντα
2081 1990 2177 2027 κο-

617 2060 767 2137 μίσαι
789 2057 883 2132 τὴν
905 2058 1159 2139 ταχίστην
1189 2055 1343 2116 αὐτὸν
1366 2060 1437 2124 εἷς
1461 2055 1865 2136 Ἀλεξάνδρειαν.
1891 2055 2180 2135 Ἀγνοοῧντι

616 2150 661 2206 δ’
692 2150 834 2228 αὐτῷ
871 2146 961 2206 καὶ
986 2149 1289 2226 ἀποροῦντι,
1316 2150 1416 2203 ποῦ
1464 2144 1796 2226 καθίδρυται,
1835 2142 1926 2203 καὶ
1979 2146 2181 2222 διηγου·

620 2237 758 2317 μένῳ
782 2240 884 2303 τοῖς
915 2235 1081 2316 φίλοις
1108 2234 1202 2304 τὴν
1225 2232 1364 2313 ὄψιν,
1403 2231 1583 2312 εὑρέθη
1611 2230 1947 2304 πολυπλανὴς
1978 2232 2178 2311 ἄνθρω-

614 2348 740 2397 πος,
768 2324 933 2401 ὄνομα
973 2319 1262 2397 Σωσίόιος,
1291 2321 1344 2377 ἐν
1390 2319 1606 2398 Σινώπῃ
1634 2319 1858 2400 φάμενος
1898 2318 2182 2399 ἑωρακέναι

615 2418 843 2471 τοιοῦτον
870 2411 1138 2483 κολοσσὸν,
1154 2401 1258 2468 οἷον
1290 2412 1318 2466 ὁ
1348 2408 1589 2489 βασιλεὺς
1613 2410 1736 2466 ἰδεῖν
1766 2407 2182 2484 ἔδοξεν.Ἔπεμ·

617 2504 711 2581 ψεν
741 2492 829 2558 οὗν
881 2500 1098 2571 Σωτέλη
1144 2498 1235 2557 καὶ
1285 2497 1550 2573 Διόνυσον,
1584 2496 1636 2556 οἲ
1660 2497 1834 2578 χρόνῳ
1863 2499 2046 2578 πολλῷ
2091 2497 2183 2556 καὶ

620 2588 797 2664 μόλις,
820 2590 916 2647 οὐκ
933 2585 1056 2648 ἄνευ
1080 2585 1255 2664 μέντοι
1283 2584 1421 2654 θείας
1440 2585 1707 2666 προνοίας,
1737 2585 1762 2611 ”
1780 2584 1976 2663 ἤγαγον
1997 2584 2183 2643 ἐκκλέ-

622 2678 831 2755 ψαντες.
916 2672 1072 2733 Ἐπεὶ
1107 2671 1160 2731 δὲ
1205 2671 1466 2751 κομισθεὶς
1505 2670 1683 2751 ὤφθη,
1732 2670 2088 2750 συμβαλόντες
2134 2674 2183 2730 οἱ

620 2762 741 2844 περὶ
767 2763 1024 2839 Τιμόθεον
1049 2759 1137 2819 τὸν
1167 2759 1422 2837 ἐξηγητὴν
1448 2759 1540 2819 καὶ
1570 2760 1858 2820 Μανέθωνα
1878 2759 1965 2818 τὸν
1990 2758 2184 2820 Σεὸεν-

622 2848 776 2922 νύτην
803 2847 1106 2915 Πλούτωνος
1125 2839 1256 2906 εἶναι
1272 2848 1508 2926 ἄγαλμα,
1534 2851 1609 2928 τῷ
1637 2845 1885 2928 Κερὸίρῳ
1908 2847 2183 2927 τεκμαιρό-

624 2958 768 3014 μενοι
795 2935 885 2995 καὶ
927 2939 1002 3016 τῷ
1036 2936 1306 3015 δράκοντι,
1333 2935 1563 2994 πείθουσι
1588 2930 1673 2993 τὸν
1719 2935 2071 3012 Πτολεμαῖον,
2115 2938 2183 3001 ὡς

620 3023 794 3103 ἑτέρου
813 3027 941 3081 θεῶν
968 3024 1199 3100 οὐδενὸς,
1226 3022 1362 3080 ἀλλὰ
1396 3022 1695 3103 Σαράπιδός
1722 3025 1881 3081 ἐστιν.
1968 3025 2049 3083 Οὔ
2082 3021 2183 3103 γὰρ

621 3114 812 3170 ἐκεῖθεν
827 3109 986 3176 οὕτως
1003 3109 1377 3186 ὀνομαζόμενος
1398 3102 1545 3182 ἧκεν,
1572 3112 1687 3167 ἀλλ’
1707 3111 1777 3177 εἰς
1800 3108 2182 3190 Ἀλεξάνδρειαν

623 3196 884 3277 κομισθεὶς
928 3196 987 3254 τὸ
1032 3200 1158 3273 παρ’
1197 3195 1497 3273 Αἰγυπτίοις
1536 3196 1699 3274 ὄνομα
1746 3202 1836 3254 τοῦ
1875 3197 2183 3264 Πλούτωνος

625 3283 912 3357 ἐκτήσατο,
936 3283 1024 3341 τὸν
1054 3283 1321 3363 Σάραπιν.

702 3374 783 3429 De
811 3373 1005 3448 Serapi
1034 3372 1106 3448 (i.
1135 3390 1187 3431 e.
1215 3374 1522 3446 Osiri-Api.
1559 3373 1842 3428 Plutarch.
1875 3374 1912 3431 l.
1937 3374 1975 3431 l.
2013 3395 2063 3431 c.
2087 3392 2178 3447 29.

626 3460 1026 3518 Athenodorus
1068 3479 1159 3535 ap.
1214 3460 1487 3519 Clement.
1537 3461 1700 3516 Alex.
1750 3462 1937 3516 Protr.
1986 3481 2047 3536 p.
2080 3481 2178 3520 22.

629 3546 923 3626 Ὀσαράπις
941 3551 1000 3603 in
1017 3549 1243 3623 Papyro
1268 3548 1562 3621 Leidensi)
1582 3565 1638 3605 v.
1657 3551 1897 3607 Bunsen.
1918 3553 1964 3620 1,
1981 3570 2042 3624 p.
2071 3548 2181 3605 502

1729 388 2226 450 MANETHONIS
2269 390 2735 452 SEBENNYTAE

2262 514 2514 572 Macrob.
2535 516 2585 585 1,
2611 533 2704 573 20.
2726 517 2860 586 Quae
2878 525 3075 571 nostro
3097 515 3297 591 fragm.
3324 516 3586 591 leguntur,
3605 521 3750 593 paullo

2262 604 2422 660 aliter
2446 612 2636 658 narrat
2661 604 2884 659 Tacitus
2925 604 3072 661 Hist.
3109 605 3207 672 IV,
3241 601 3336 678 83,
3365 603 3508 660 unde
3544 604 3752 662 discimus

2261 691 2617 746 Timotheum
2630 733 2646 760 ‚
2671 690 3058 746 Atheniensem
3085 690 3493 764 Eumolpidam,
3512 693 3749 749 antistitem

2263 781 2744 853 ceremoniarum,
2784 779 3042 834 Eleusine
3081 796 3114 833 a
3150 779 3447 834 Ptolemaeo
3493 782 3750 838 arcessitum

2262 885 2395 923 esse.
2423 867 2539 923 Nisi
2563 865 2753 941 fallor,
2778 865 2930 921 idem
2957 876 3037 921 est
3064 885 3193 920 cum
3221 884 3290 922 eo
3308 908 3325 936 ,
3345 885 3502 940 quem
3519 887 3618 922 non
3637 874 3750 944 igno·

2263 955 2429 1010 bilem
2457 954 2833 1027 theologorum
2858 958 3043 1009 virum
3072 953 3209 1008 dicit
3238 954 3509 1010 Arnobius
3530 957 3595 1024 V,
3617 955 3663 1026 5,
3682 958 3752 1012 ubi

2260 1044 2425 1117 plura
2461 1061 2529 1099 ex
2556 1061 2625 1098 eo
2659 1043 2731 1098 de
2770 1043 2877 1098 diis
2908 1042 3176 1116 Phrygiis.
3202 1042 3456 1097 Eundem
3477 1043 3642 1099 laudat
3662 1046 3747 1100 Ma·

2263 1131 2424 1186 crob.
2457 1131 2570 1187 Sat.
2618 1132 2644 1185 Ι
2663 1172 2679 1202 ,
2716 1148 2822 1206 ¹73
2849 1129 3041 1204 Steph.
3067 1131 3131 1184 B.
3162 1147 3221 1186 v.
3243 1127 3461 1194 Γάλλος.

2994 1288 3087 1344 79·

2344 1393 2547 1450 AElian.
2585 1393 2653 1447 N.
2689 1393 2762 1446 H.
2798 1391 2885 1465 X,
2923 1389 2989 1444 16
3031 1386 3274 1448 2’Ax015w
3314 1386 3368 1446 δὲ
3408 1388 3491 1446 καὶ
3523 1389 3748 1448 Μανέθωνα

2263 1474 2350 1534 τὸν
2371 1475 2677 1554 Αἰγύπτιον,
2701 1475 2883 1556 σοφίας
2906 1478 2976 1542 εἰς
3011 1473 3170 1556 ἄκρον
3202 1475 3488 1549 ἐληλακότα
3507 1474 3669 1556 ἄνδρα,
3694 1480 3743 1533 εἰ·

2263 1568 2397 1636 πεῖν,
2425 1564 2504 1622 ὅτι
2531 1564 2789 1644 γάλακτος
2826 1562 2964 1622 ὑείου
2992 1565 3020 1621 δ
3050 1562 3365 1640 γευσάμενος
3389 1564 3550 1644 ἀλφῶν
3574 1564 3747 1640 &notiu-

2264 1652 2460 1709 πλαται
2486 1651 2577 1710 καὶ
2604 1650 2797 1733 λέπρας
2813 1674 2826 1688 ·
2863 1655 3081 1728 μισοῦσι
3104 1650 3162 1710 δὲ
3192 1652 3297 1732 ἄρα
3320 1653 3366 1710 οἱ
3390 1649 3591 1712 Ἀσιανοὶ
3615 1649 3749 1715 πάντες

2265 1737 2389 1796 τάδε
2411 1736 2477 1796 τὰ
2500 1738 2662 1811 πάθη.
2747 1739 3144 1798 Πεπιστεύκασι
3165 1740 3221 1796 δὲ
3246 1737 3513 1816 Αἰγύπτιοι
3529 1728 3669 1808 τὴνῖη
3685 1737 3747 1795 καὶ

2264 1824 2399 1906 ἡλίῳ
2426 1824 2516 1883 καὶ
2536 1825 2729 1905 σελήνῃ
2752 1824 2994 1905 ἐχθίστην
3014 1815 3168 1883 εἶναι·
3191 1823 3316 1883 ὅταν
3333 1823 3386 1884 δὲ
3403 1823 3646 1902 Αἰγύπτιοι
3660 1846 3748 1880 πεν-

2265 1911 2545 1992 ηγυρίζωσι
2569 1916 2636 1991 τῇ
2661 1913 2885 1990 σελήνῃ,
2908 1909 3083 1971 θύουσι
3107 1914 3245 1994 αὐτῇ
3270 1910 3409 1980 ἅπαξ
3449 1916 3531 1970 τοῦ
3556 1911 3671 1977 ἔτους
3687 1901 3743 1981 35,

2268 1998 2453 2058 ἄλλοτε
2476 1996 2531 2057 δὲ
2561 1998 2677 2057 οὔτε
2714 1998 2883 2078 ἐκείνῃ
2911 1995 3025 2058 οὔτε
3054 1997 3203 2080 ἄλλῳ
3234 2023 3310 2081 τῳ
3341 2002 3438 2057 τῶν
3470 2001 3581 2056 θεῶν
3603 1998 3690 2056 τόδε
3707 1995 3746 2052 τὸ

2268 2090 2395 2168 ζῷον
2440 2085 2670 2146 ἐθέλουσι
2699 2085 2852 2159 θύειν,
2873 2089 2942 2153 ὡς
2965 2088 3225 2168 μυσαρόν.

2357 2201 2381 2227 «ι
2414 2177 2674 2233 Eundem
2700 2177 3057 2232 Manethonis
3080 2177 3278 2233 locum
3310 2186 3547 2232 tractasse
3581 2174 3745 2230 videtur

2270 2266 2553 2322 Plutarch.
2599 2266 2750 2321 Mor.
2780 2283 2838 2340 p.
2873 2262 3015 2336 353,
3042 2265 3087 2322 F
3133 2282 3149 2323 ε
3181 2261 3410 2341 Ὁμοίως
3436 2261 3484 2320 δὲ
3509 2260 3587 2321 καὶ
3613 2259 3684 2331 τὴν
3706 2250 3747 2315 ὗν

2274 2348 2470 2431 ἀνίερον
2496 2352 2626 2430 ζῷον
2641 2354 2917 2429 ἡγοῦνται·
2959 2352 3029 2416 ὡς
3058 2348 3294 2426 μάλιστα
3317 2347 3414 2428 γὰρ
3449 2345 3674 2428 ὀχεύεσθαι
3691 2347 3748 2402 δο-

2272 2447 2354 2497 κεῖ
2376 2442 2470 2505 τῆς
2497 2437 2718 2511 σελήνης
2758 2436 3058 2519 φθινούσης,
3085 2437 3181 2496 καὶ
3203 2440 3307 2496 τῶν
3330 2438 3387 2496 τὸ
3420 2437 3545 2514 γάλα
3563 2435 3749 2493 πινόντων

2274 2525 2474 2594 ἐξανθεῖ
2522 2525 2588 2584 τὰ
2624 2526 2847 2603 σώματα
2873 2524 3073 2605 λέπραν
3099 2525 3196 2584 καὶ
3222 2524 3449 2610 ψωρικὰς
3471 2523 3744 2604 τραχύτητας.

2273 2617 2557 2671 Consentit
2611 2615 2890 2674 Herodot.
2933 2617 2990 2670 11
3010 2656 3027 2685 ‚
3057 2621 3155 2686 47,
3185 2616 3285 2670 ubi
3316 2635 3372 2670 v.
3399 2615 3686 2686 wesseling
3710 2620 3747 2664 at

2273 2701 2520 2758 dissentit
2542 2702 2695 2759 idem
2718 2705 2805 2773 11,
2840 2700 2934 2769 45.
2979 2725 3006 2752 ν
3053 2704 3403 2759 Sennium.
3435 2701 3513 2759 Cf.
3544 2700 3741 2756 Bochart.

2274 2789 2499 2847 Hieroz.
2529 2792 2556 2844 1
2575 2830 2591 2858 ‚
2621 2808 2684 2862 p.
2713 2790 2860 2863 6993
2886 2791 3130 2848 Bunsen.
3162 2809 3224 2864 p.
3258 2811 3351 2864 97.
3378 2791 3601 2847 Fortasse
3621 2785 3748 2858 aptius

2272 2877 2390 2932 haec
2415 2877 2742 2934 referuntur
2771 2876 2842 2933 ad
2886 2895 3029 2952 opus
3052 2896 3314 2952 sequens.

2574 3017 2729 3076 ΤΩΝ
2776 3016 3124 3077 ΦΥΣΙΚΩΝ
3169 3017 3520 3077 ΕΙΙΙΤΟΜΗ.

2353 3151 2518 3204 Hune
2549 3147 2759 3205 librum
2780 3150 2893 3205 sive
2918 3151 3161 3225 amplius
3193 3151 3434 3223 ejusdem
3448 3147 3633 3224 generis
3648 3156 3749 3214 opm

2274 3237 2459 3291 innuit
2501 3236 2698 3292 Suidas
2729 3237 2810 3312 (v,
2844 3232 3143 3314 Μανεθώς),
3185 3238 3560 3294 Manethonem
3583 3231 3737 3289 Φυσιο-

2273 3318 2456 3399 λογικὰ
2479 3325 2756 3397 scripsisse
2774 3324 2980 3381 dicens.

3010 3437 3103 3494 80.

2355 3553 2635 3626 Diogenes
2655 3554 2721 3607 L.
2756 3551 3001 3609 Prooem.
3033 3552 3068 3626 5
3103 3570 3175 3608 1o
3203 3569 3218 3610 ε
3262 3546 3424 3614 Θεοὺς
3444 3547 3484 3604 δ’
3510 3534 3620 3602 εἶναι
3655 3536 3751 3608 ἥλιον

627 3656 710 3710 sq.
738 3638 980 3692 Fruinus
1014 3636 1054 3691 l.
1100 3638 1141 3693 1.
1180 3656 1238 3710 p.
1279 3641 1387 3709 149
1416 3655 1540 3710 sqq.
1586 3638 1672 3691 De
1694 3637 1930 3692 Pontico
1968 3638 2079 3693 deo
2116 3639 2184 3693 cf.
2275 3635 2365 3693 καὶ
2394 3636 2632 3709 σελήνην·
2653 3636 2738 3695 τὸν
2769 3636 2861 3714 μὲν
2891 3634 3117 3717 Ὄσιριν,
3150 3636 3243 3707 τὴν
3271 3637 3315 3695 δ’
3339 3626 3467 3695 ’Ἶσιν
3481 3623 3751 3704 καλουμὲἳην·

631 3801 813 3852 ferrum
846 3815 974 3865 saepe
1008 3802 1163 3855 simile
1197 3805 1269 3852 cst
1300 3804 1437 3852 tracti
1462 3816 1490 3852 a
1520 3802 1674 3866 lapide
1698 3805 1745 3851 et
1768 3817 1880 3853 eum
1921 3805 2191 3866 sequentis,

635 3892 762 3941 soepe
782 3879 1016 3929 avertitur
1042 3881 1091 3927 in
1119 3878 1355 3928 diversam
1382 3882 1566 3941 partem
1582 3918 1595 3941 ,
1614 3879 1680 3928 ita
1705 3883 1862 3929 motus
1883 3881 2050 3929 mundi
2072 3882 2194 3930 salu·

633 3957 775 4019 turis,
808 3957 964 4006 bonus
980 3994 996 4017 ,
1031 3959 1082 4006 et
1123 3958 1307 4007 ratione
1337 3960 1560 4007 constans
1581 3958 1838 4019 aliquando
1865 3961 2041 4021 versat,
2061 3958 2124 4007 ad
2148 3970 2199 4007 se

633 4033 768 4082 ducit
790 4036 840 4082 et
862 4034 1130 4083 molliorem
1147 4033 1305 4084 reddit
1322 4034 1664 4097 obsequentem
1682 4033 1771 4082 sibi
1795 4034 1965 4084 duram
1984 4035 2116 4085 illam
2139 4048 2198 4084 ac

637 4110 936 4173 Typbouicm
961 4112 1059 4160 vim
1081 4129 1095 4161 ε
1117 4109 1375 4174 aliquando
1392 4111 1498 4161 liaec
1516 4112 1566 4160 in
1588 4123 1641 4160 se
1666 4112 1939 4175 revertitur,
1959 4114 2074 4162 etin
2107 4115 2196 4163 im·

634 4190 897 4250 potentiam
919 4188 1164 4240 relabitur.

702 4354 994 4404 Ptolemoeus
1037 4356 1178 4404 Soter
1216 4354 1431 4405 Plutonis
1473 4357 1709 4405 colossum
1744 4357 1831 4419 qui
1870 4358 2058 4423 Sinopae
2096 4364 2200 4410 erat

638 4432 826 4482 somnio
844 4432 981 4495 vidit,
991 4447 1145 4496 quum
1167 4446 1324 4496 neque
1342 4437 1500 4485 nosset
1516 4448 1674 4497 neque
1686 4436 1881 4487 vidisset
1898 4451 2114 4502 unquam
2125 4442 2198 4489 ta·

640 4509 734 4558 lem
746 4544 762 4571 ,
785 4509 917 4572 quali
944 4510 1098 4559 forma
1123 4524 1207 4571 per
1227 4509 1439 4573 quietem
1459 4511 1741 4574 imaginatus
1759 4515 1916 4566 suerat
1936 4529 1989 4566 se
2006 4517 2198 4581 videre,

640 4585 870 4648 acjuberi
889 4600 1000 4637 eum
1027 4590 1385 4652 quamprimum
1411 4590 1746 4641 Alexandriam
1777 4594 1989 4655 perferre
2017 4610 2032 4646 ε
2065 4597 2199 4658 igno-

645 4665 769 4714 ranti
786 4667 951 4715 autem
964 4670 1012 4716 et
1032 4668 1172 4717 anxie
1192 4667 1448 4731 inquirenti
1472 4669 1669 4720 ubinam
1688 4670 1905 4722 locorum
1922 4675 2042 4725 situs
2059 4678 2198 4738 esset,

642 4741 901 4806 amicisque
926 4758 1029 4793 rem
1054 4745 1294 4808 narranti,
1318 4746 1508 4797 oblatus
1545 4749 1618 4797 est
1651 4749 1863 4800 Sosibius
1885 4751 2081 4814 quidam
2106 4754 2202 4802 late

645 4823 842 4882 vagatus
876 4821 1052 4884 homo,
1090 4825 1173 4887 qui
1207 4825 1395 4889 Sinopae
1425 4838 1455 4876 ε
1488 4839 1540 4877 se
1577 4828 1735 4878 visum
1776 4830 1920 4879 talem
1963 4832 2200 4881 colossum

643 4895 823 4946 ‹lic-eret
834 4935 850 4961 ,
866 4902 1059 4962 qualem
1078 4915 1164 4950 rex
1186 4902 1470 4966 imaginatus
1488 4904 1641 4954 suerat
1662 4924 1676 4954 ι
1696 4905 1824 4957 missi
1845 4908 2005 4971 itaque
2020 4910 2201 4959 Soteles

644 4977 694 5024 et
712 4974 975 5041 Dionysus,
995 4978 1137 5043 longo
1150 4983 1365 5045 tempore
1383 4985 1431 5032 et
1445 4996 1569 5045 aegre
1581 5025 1597 5047 ,
1614 4998 1772 5047 neque
1782 4984 1883 5036 siue
1904 4987 2202 5050 providentia

646 5053 834 5115 divina,
862 5054 1027 5106 furtim
1058 5058 1272 5109 ablatum
1307 5060 1545 5111 colossum
1571 5061 1633 5111 ad
1671 5076 1829 5126 regem
1857 5065 2156 5128 pertulerunt
2187 5084 2199 5115 :

648 5129 732 5191 qui
763 5129 844 5177 ubi
865 5137 1147 5196 conspectus
1166 5135 1283 5198 fuit,
1306 5138 1584 5188 Timotheus
1617 5152 1862 5189 sacrorum
1901 5142 2127 5205 antistes,
2155 5146 2202 5192 et

649 5205 873 5256 »iunctim
891 5208 1160 5273 Sebennyta
1175 5224 1203 5260 a
1222 5213 1430 5263 cerbero
1452 5218 1500 5265 et
1517 5215 1723 5266 dracone
1740 5218 2025 5280 conjecturis
2045 5218 2202 5269 ductis

2286 3805 2576 3867 collegerunt
2600 3806 2817 3856 Plutonis
2841 3819 2942 3856 esse
2969 3806 3307 3868 simulacrum,
3345 3804 3658 3860 Ptoleinaeoquo
3682 3803 3756 3854 pcr-

2285 3887 2564 3947 suaserunt,
2607 3899 2703 3934 non
2732 3898 2835 3934 esse
2858 3884 2978 3935 alius
2997 3885 3074 3934 dei
3107 3898 3257 3948 quam
3283 3878 3521 3946 Sarapidis.
3555 3880 3643 3928 Non
3665 3881 3758 3920 emm

2284 3962 2424 4012 istinc
2463 3963 2555 4013 hoc
2593 3978 2766 4014 nomen
2808 3978 2974 4027 gerens
3017 3966 3241 4025 venerat3
3289 3963 3371 4013 sed
3405 3961 3559 4011 allatus
3600 3952 3755 4004 Alun-

2285 4043 2436 4092 dn'am
2450 4079 2465 4103 ,
2485 4044 2724 4106 Sarapidis
2749 4058 2921 4093 nomen
2935 4081 2949 4107 ,
2973 4057 3070 4106 quo
3097 4045 3302 4107 AEgyptii
3325 4043 3556 4093 Plutonem
3571 4026 3755 4084 εὕων

2289 4131 2484 4182 invenit.

3021 4216 3108 4268 79.

2349 4300 2683 4349 Manetiionem
2701 4299 2975 4361 -AEgyptium
2988 4336 3003 4362 ‚
3021 4312 3213 4348 summa
3229 4295 3451 4361 sapientia
3465 4292 3625 4347 virum,
3639 4273 3759 4338 Μ

2288 4375 2445 4426 dicere
2466 4389 2579 4430 eum
2601 4374 2684 4439 qui
2705 4375 2845 4425 suillo
2876 4375 3001 4427 lacte
3025 4379 3261 4435 vescatur,
3294 4366 3576 4433 vitiliginibus
3598 4363 3641 4412 et
3665 4357 3757 4417 12¹¹*

2287 4452 2501 4516 oppleri,
2520 4466 2642 4516 quos
2662 4452 2856 4515 quidem
2888 4453 3083 4505 morbos
3110 4452 3266 4504 Asiani
3290 4460 3449 4501 omnes
3465 4439 3658 4523 oderunt3
3674 4436 3760 4482 CN·

2288 4530 2412 4581 dunt
2442 4543 2558 4581 vero
2597 4530 2801 4592 AEgyptii
2824 4543 2960 4580 suem
2983 4534 3032 4581 et
3059 4530 3156 4581 Soli
3194 4534 3244 4579 et
3279 4531 3422 4578 Lunae
3454 4516 3758 4598 inimicisntnffl

2288 4621 2389 4658 esse
2405 4608 2601 4657 animal.
2630 4611 2689 4657 Et
2710 4607 2902 4669 quaudo
2923 4610 3074 4659 Lunae
3093 4608 3209 4658 festa
3224 4604 3482 4662 celebrant,
3498 4592 3626 4647 semel
3647 4603 3683 4639 ὃ
3699 4593 3759 4647 9³

2288 4698 2468 4735 annum
2505 4698 2640 4735 suem
2680 4686 2920 4746 mactant,
2948 4685 3064 4735 alias
3090 4697 3203 4734 vero
3222 4694 3374 4746 neque
3401 4682 3536 4730 Lunae
3557 4678 3685 4731 1¹⁴³(lue
3703 4657 3758 4709 ὦ

2288 4763 2378 4813 deo
2395 4762 2520 4813 istud
2544 4761 2745 4823 animal,
2771 4764 2937 4825 utpote
2954 4762 3221 4826 impurum,
3241 4757 3494 4811 sacrificare
3509 4747 3667 4800 volunt·

2618 4894 3112 4955 PHYSICORUM
3155 4886 3494 4953 EPITOME.

3012 5036 3100 5087 80.

2352 5145 2476 5192 Deos
2494 5144 2678 5205 AEgypti
2699 5142 2874 5192 liabent
2897 5145 3044 5193 solem
3060 5146 3106 5193 et
3124 5144 3280 5191 lunam
3291 5157 3306 5201 ;
3326 5138 3451 5187 illum
3473 5128 3645 5183 Osirim,
3664 5119 3756 5201 ¹¹⁸¹}

2295 5219 2409 5271 Isim
2431 5220 2675 5283 appellari.
2707 5223 2890 5282 Eosque
2911 5220 3107 5270 indicari
3134 5219 3272 5281 signis
3287 5211 3496 5266 scaraboei
3516 5210 3556 5257 et
3578 5198 3756 5262 serpffllss
