4016 5916
556 387 670 437 43³
1941 377 2474 439 MEGASTHENJS

558 517 667 574 tur,
699 507 774 561 ita
794 514 856 560 ut
878 506 1168 561 Sarmanas
1185 506 1333 560 solus
1352 503 1767 580 Megasthenes,
1798 504 2112 558 Samanaeos

558 597 614 648 A
618 595 888 649 lez-ander
896 593 1215 665 Poh‘he’seor
1224 602 1280 649 et
1295 595 1646 648 Bardesanes
1657 592 2109 647 memoraverim.

558 681 708 753 Quid
736 682 906 755 igitur
933 683 992 734 in
1032 699 1099 735 eo
1129 689 1209 735 est
1246 681 1481 749 mirum,
1512 678 1671 752 quod
1701 678 2108 753 Megasthenes,

519 838 523 842 ⁴
555 772 602 823 si
625 769 984 823 Buddhaicos
1025 766 1338 842 significare
1365 769 1640 835 voluerit,
1681 767 1943 822 sanserita
1968 784 2111 823 voce

557 852 844 928 ςναηιαηά
891 875 1020 911 usus
1072 866 1150 911 est
1168 896 1184 924 ,
1239 867 1434 928 postea
1489 872 1623 909 vero
1669 852 2006 909 Bardesanes
2056 865 2111 908 et

554 943 877 998 Alexander
903 943 1222 1016 Polyhistor
1247 943 1430 1016 palica
1463 959 1605 997 voce
1627 959 1922 995 sammana
1938 980 1954 1008 ,
1985 959 2109 1014 quae

556 1050 684 1086 cum
730 1032 921 1106 lingua
955 1031 1138 1104 palica
1164 1040 1356 1103 postea
1387 1031 1446 1084 in
1471 1047 1633 1084 usum
1660 1028 1929 1083 venerat?
1956 1027 2108 1099 Quid

552 1120 758 1172 mirum
783 1120 844 1172 in
871 1135 939 1172 eo
957 1161 971 1188 ,
997 1117 1152 1190 quod
1177 1119 1503 1190 scriptores,
1529 1116 1627 1189 qui
1655 1115 1763 1169 illis
1786 1115 2110 1169 auctoribus

552 1205 634 1257 usi
681 1205 971 1260 Sarmanas
1008 1205 1097 1258 vel
1138 1206 1449 1260 Samanaeos
1488 1211 1833 1271 memorant,
1876 1203 2105 1256 nomina

551 1310 669 1346 non
699 1291 1197 1364 permutaverunt?
1222 1291 1388 1362 Quod
1420 1292 1466 1346 si
1505 1291 1791 1358 fecissent,
1837 1308 2013 1362 quum
2046 1291 2107 1342 in

550 1396 614 1432 re
644 1390 756 1434 tam
781 1379 1089 1452 longinqua
1118 1388 1172 1433 et
1204 1380 1488 1452 incognita
1526 1378 1750 1432 nonnisi
1773 1376 1845 1432 ad
1866 1377 2106 1431 verbum

551 1466 678 1521 illos
722 1466 1038 1523 exscribere
1063 1477 1319 1541 possent,
1354 1466 1528 1540 magis
1561 1467 1769 1520 mirum
1791 1464 1971 1520 videri
1998 1482 2105 1539 po·

551 1564 708 1609 terat.

630 1675 651 1698 «ι
677 1649 928 1705 Alterum
953 1649 1256 1704 Bohlenius
1275 1657 1661 1721 argumentum
1686 1648 1870 1702 attulit
1889 1665 2102 1702 conve-

551 1738 818 1792 nientiam
845 1755 1098 1804 morum,
1147 1738 1244 1809 qui
1289 1737 1349 1790 in
1393 1737 1669 1790 Sarmanis
1710 1746 1766 1790 et
1804 1736 2099 1790 Samanaeis

548 1825 825 1879 simillime
894 1823 1297 1880 describantur.
1369 1822 1655 1879 Lassenius
1708 1832 1903 1876 contra
1919 1864 1933 1891 ,
1993 1824 2102 1878 hoc

550 1912 870 1985 exemplum
907 1913 1269 1984 impugnans,
1314 1909 1481 1965 docte
1525 1911 1812 1983 exposuit,
1859 1911 2101 1965 multum

547 1998 808 2053 interesse
852 1999 998 2052 inter
1039 1999 1431 2054 Sarmanarum
1471 1998 1642 2051 vitam
1687 2008 1743 2052 et
1782 1998 2100 2053 Samanaeo-

545 2103 694 2154 rum,
715 2086 891 2158 qualis
909 2095 1145 2158 utraque
1164 2103 1196 2140 a
1214 2084 1495 2158 veteribus
1511 2083 1877 2153 describatur,
1896 2103 2099 2157 easque

544 2189 659 2241 res,
693 2191 816 2248 quae
839 2174 1091 2247 utrisque
1133 2190 1457 2228 communes
1493 2183 1898 2240 memorentur,
1935 2190 2097 2226 com-

543 2277 740 2316 munes
777 2279 889 2316 esse
927 2261 1183 2316 omnium
1217 2270 1489 2316 sectarum
1520 2259 1841 2314 Indicarum
1879 2261 2092 2315 ascetis.

542 2347 711 2417 Quod
739 2339 1156 2423 argumentum,
1195 2349 1293 2402 etsi
1324 2347 1704 2422 gravissimum
1735 2355 1842 2420 est,
1871 2365 1988 2400 non
2022 2348 2097 2402 ita

540 2435 705 2488 solvit
733 2436 1091 2507 quaestionem
1109 2475 1124 2502 ,
1158 2444 1221 2489 ut
1248 2433 1320 2488 de
1348 2434 1453 2488 hac
1475 2452 1537 2489 re
1565 2433 1809 2488 dubitari
1836 2451 1953 2487 non
1976 2451 2096 2488 am-

538 2521 684 2592 plius
714 2524 903 2595 possit.
985 2524 1126 2577 Nam
1163 2520 1314 2576 haud
1355 2519 1728 2574 omittendum
1771 2529 1878 2588 est,
1907 2538 2093 2592 neque

537 2609 927 2663 Sarmanarum
973 2608 1408 2680 descriptionem
1450 2625 1634 2679 neque
1678 2609 2091 2663 Samanaeorum

538 2697 810 2770 integram
843 2713 1154 2769 superesse,
1185 2703 1443 2766 totasque
1482 2695 1673 2767 igitur,
1706 2711 1944 2766 quarum
1971 2695 2091 2749 sin-

536 2783 678 2856 gulae
703 2791 889 2854 partes
911 2799 1060 2836 nunc
1087 2781 1233 2835 inter
1257 2798 1315 2835 se
1343 2780 1660 2853 discrepare
1687 2780 1970 2850 videntur,
2008 2782 2086 2837 sa·

537 2871 742 2924 cillime
768 2872 1010 2943 potuisse
1040 2870 1375 2925 consentire.

617 2990 639 3013 ιι
667 2964 970 3021 Contendit
991 2964 1195 3021 deinde
1222 2967 1538 3041 Lassenius,
1559 2968 1686 3022 satis
1717 2984 1988 3039 apparere
2018 2987 2083 3023 ex

535 3050 620 3109 his
646 3052 862 3121 verbis,
895 3073 1016 3126 quae
1045 3053 1198 3127 apud
1226 3054 1568 3110 Clementem
1596 3056 1634 3110 l.
1677 3056 1715 3109 l.
1752 3055 2040 3112 adduntur
2066 3079 2079 3113 ι

535 3137 633 3196 εἰσὶ
664 3136 716 3195 δὲ
745 3140 846 3195 τῶν
882 3138 1057 3197 Ἰνδῶν
1084 3141 1129 3196 οἱ
1154 3142 1259 3205 τοῖς
1288 3137 1542 3197 Both-toz
1561 3138 1850 3215 πειθόμενοι
1877 3163 2081 3220 παραγρ

542 3225 796 3302 γέλμασιν
823 3239 959 3301 etc.,
983 3229 1273 3283 Sarmanas
1297 3229 1431 3283 alios
1451 3247 1562 3283 esse
1587 3239 1753 3301 atque
1774 3230 2083 3288 Samanaeos

529 3334 574 3370 s.
605 3316 979 3372 Buddhaicos,
1007 3316 1293 3371 Lassenius
1319 3316 1488 3391 igitur
1509 3318 1650 3371 sicut
1673 3317 2082 3376 Colebrookius

530 3407 627 3458 As.
654 3406 781 3460 Res.
810 3405 917 3472 IX,
937 3422 1000 3475 p.
1026 3422 1160 3477 299,
1181 3404 1242 3457 in
1258 3403 1409 3458 hunc
1427 3404 1662 3459 modum
1682 3405 2076 3469 locumlauda·

532 3503 646 3546 tum
666 3493 1061 3564 interpretatus
1071 3500 1177 3545 est:
1200 3491 1340 3545 Sunt
1363 3493 1458 3562 qui
1476 3491 1622 3545 inter
1637 3491 1809 3546 Indos
1828 3493 2079 3551 Buddbae

528 3566 804 3653 prae‘cepta
832 3588 1136 3650 sequantur
1162 3598 1206 3634 s,
1251 3579 1506 3633 nonnulli
1537 3580 1684 3633 inter
1711 3578 1948 3638 Indos...
1992 3602 2076 3638 se-

530 3678 800 3740 quuntur.
884 3667 1079 3739 Neque
1100 3667 1291 3740 negari
1318 3676 1526 3739 potest,
1552 3666 1723 3722 verba
1748 3664 1874 3722 εἰσὶν
1898 3668 1945 3724 οἱ
1969 3690 2076 3726 πει-

526 3750 729 3827 θόμενοι
751 3755 826 3808 ita
843 3771 1005 3826 posse
1029 3754 1315 3827 explicari,
1341 3763 1405 3807 ut
1428 3772 1569 3823 eam,
1598 3772 1764 3827 quam
1791 3758 2077 3813 Lassenius

523 3840 668 3908 vult,
698 3841 1026 3895 sententiam
1049 3840 1321 3909 habeant,
1355 3842 1604 3913 quamvis
1629 3859 1827 3896 vocem
1852 3839 1942 3897 καὶ
1974 3845 2074 3899 ad-

524 3926 723 3995 ditam,
751 3937 807 3981 et
831 3945 998 3982 voces
1021 3923 1148 3982 elo-lv
1167 3927 1213 3983 oi
1242 3945 1359 3981 non
1377 3926 1648 4000 sejunctas
1675 3946 1744 3984 ex
1770 3946 1875 3983 usu
1896 3928 2072 3986 Graeci

519 4014 794 4070 sermonis
815 4025 1116 4088 exspectes.
1201 4014 1311 4071 Scd
1335 4015 1543 4071 etiamsi
1569 4015 1684 4069 haec
1709 4016 1976 4086 omiseris,
1999 4018 2072 4073 ad

522 4101 1020 4157 demonstrandum
1064 4103 1204 4156 nihil
1261 4104 1493 4157 omnino
1548 4102 1642 4156 ille
1690 4102 1847 4158 locus
1892 4105 2067 4175 valet,

521 4208 689 4263 quem
729 4208 846 4244 non
887 4191 1072 4244 minus
1100 4190 1232 4246 licet
1270 4191 1330 4244 in
1355 4189 1501 4243 banc
1533 4190 1864 4245 sententiam
1895 4192 2068 4248 inter-

516 4279 727 4350 pretari
778 4296 792 4331 :
824 4278 965 4332 Sunt
1004 4296 1139 4331 vero
1174 4274 1326 4351 (scil.
1380 4278 1692 4345 Sarmanae,
1750 4277 1822 4332 de
1864 4280 2069 4351 quibus

516 4365 691 4420 modo
720 4365 900 4438 dixit)
926 4366 963 4418 ii
999 4367 1096 4437 qui
1123 4364 1376 4420 Buddhae
1421 4375 1698 4437 praecepta
1735 4376 2064 4437 sequuntur.

516 4452 1003 4525 Quemadmodum
1031 4455 1074 4508 si
1101 4453 1267 4508 istum
1295 4454 1482 4508 locum
1511 4454 1898 4525 explicaveris,
1930 4473 2065 4509 con.

519 4542 754 4596 trarium
779 4560 846 4597 ex
900 4560 969 4596 eo
999 4559 1270 4614 apparere
1301 4540 1493 4610 vides,
1539 4558 1706 4613 quam
1737 4541 1894 4613 quod
1928 4544 2063 4597 Las-

515 4628 697 4683 senius
734 4627 905 4697 dixit,
945 4639 1000 4683 et
1027 4627 1275 4697 ostendi,
1303 4627 1662 4683 Buddhaicos
1695 4646 1809 4684 esse
1834 4630 2059 4684 Sarma-

512 4732 628 4772 naS.
711 4716 832 4772 vix·
861 4726 1046 4771 autem
1090 4717 1234 4772 ullus
1273 4717 1614 4773 Clementem
1658 4734 1725 4771 ex
1762 4735 1858 4772 sua
1895 4719 2064 4790 ipsius

511 4804 738 4858 scientia
764 4803 935 4859 verba
964 4805 1063 4858 ista
1092 4803 1369 4859 addidisse
1395 4803 1783 4876 suspicabitur.

595 4923 618 4945 a
654 4898 711 4951 Si
753 4897 1001 4953 breviter
1021 4907 1195 4952 totam
1219 4899 1580 4970 quaestionem
1609 4898 2057 4971 complectimur,

512 4985 720 5038 omissis
759 4984 891 5052 illis,
918 5003 1074 5057 quae,
1120 5003 1297 5057 quum
1334 4984 1508 5040 dubia
1533 4994 1589 5039 et
1628 4984 1888 5057 ambigua
1918 4986 2056 5053 sint,

508 5072 693 5125 neutri
739 5072 887 5144 parti
931 5082 1081 5126 certa
1121 5082 1447 5147 argumenta
1488 5090 1601 5127 esse
1641 5080 1898 5145 possunt,
1946 5092 2057 5127 una

509 5158 733 5229 utrique
774 5158 1028 5230 opinioni
1059 5168 1226 5215 restat
1264 5176 1469 5217 causa:
1509 5160 1737 5215 alteram
1774 5160 1922 5215 enim
1953 5179 2060 5214 no-

2200 523 2351 573 men,
2370 504 2674 578 descriptio
2696 505 2925 562 alteram
2944 496 3120 581 magis
3132 507 3378 580 adjuvat.
3396 510 3577 580 Quod
3590 530 3839 584 quum

2201 592 2282 647 ita
2308 593 2408 661 sit,
2444 610 2569 648 eam
2613 595 2945 648 sententiam
2979 597 3327 668 superiorem
3374 596 3542 654 facile
3584 602 3831 656 existi-

2200 682 2464 750 maveris,
2490 699 2614 754 quae
2645 681 2813 736 totius
2840 680 3265 754 descriptionis,
3297 702 3471 755 quam
3512 703 3651 758 quae
3684 706 3831 744 so-

2200 764 2308 821 lius
2348 769 2592 822 nominis
2627 779 2963 842 argumento
2989 770 3186 827 utitur.
3274 770 3387 826 Sed
3424 774 3479 827 ei
3500 771 3773 844 judicio
3794 818 3817 842 ‚

2202 854 2360 927 quod
2405 854 2660 910 defendit
2702 855 3039 924 Bohlenius,
3086 858 3435 929 aliquantum
3482 862 3823 933 ponderis

2200 940 2385 1014 affert,
2419 942 2577 1014 quod
2622 953 2734 997 tam
2771 940 2999 999 definite
3025 944 3352 1001 Brahmanis
3376 948 3821 1020 Megasthenes

2206 1029 2494 1084 Sarmanas
2542 1031 2823 1103 opposuit.
2918 1032 3059 1086 Nam
3108 1033 3317 1090 mirum
3370 1052 3504 1090 sane
3558 1036 3807 1108 fuerit,

2196 1116 2520 1171 Brahmanis
2575 1127 2686 1172 tam
2736 1116 2993 1173 distincte
3044 1135 3140 1173 eos
3193 1122 3447 1193 opponi,
3496 1124 3607 1194 qui
3668 1127 3809 1197 ipsi

2196 1203 2519 1259 Brahmanae
2546 1216 2723 1261 erant.
2765 1206 2835 1260 Et
2857 1207 3089 1260 omnino
3106 1247 3122 1274 ,
3150 1225 3327 1279 quum
3349 1219 3604 1280 constet,
3648 1214 3810 1268 Me·-

2196 1291 2472 1364 gasthenis
2498 1301 2754 1365 tempore
2781 1293 3046 1347 exstitisse
3086 1294 3148 1346 in
3186 1293 3347 1349 India
3388 1295 3800 1354 Buddhaico-

2194 1396 2323 1433 rum
2337 1390 2544 1435 sectam
2562 1398 2593 1434 a
2608 1380 2934 1436 Brahmanis
2948 1379 3325 1452 dissidentem,
3345 1382 3557 1440 deinde
3582 1403 3801 1459 quum

2195 1466 2651 1522 animadverterit
2670 1467 2764 1522 ille
2788 1466 3095 1536 dissidium,
3125 1469 3284 1542 quod
3314 1471 3462 1526 inter
3486 1472 3803 1532 Brahma-

2194 1571 2292 1609 nas
2335 1555 2680 1628 alteramque
2719 1564 2923 1609 sectam
2963 1554 3162 1624 suerit,
3210 1567 3532 1629 postremo,
3582 1579 3795 1633 quum

2193 1640 2338 1697 hanc
2360 1643 2589 1699 alteram
2617 1641 2821 1697 eodem
2844 1642 3206 1715 appellaverit
3229 1645 3482 1713 nomine,
3512 1663 3643 1717 quo
3676 1667 3807 1704 so-

2194 1728 2308 1782 lent
2328 1729 2638 1786 Buddhaici
2659 1731 2871 1799 vocari,
2899 1731 2988 1784 vix
3009 1731 3187 1785 ullum
3210 1736 3577 1788 verisimilius
3598 1741 3793 1792 vide·

2193 1827 2283 1870 wt-
2305 1837 2468 1890 quam
2497 1818 2714 1873 eosdem
2736 1836 2853 1871 esse
2876 1817 3235 1872 Buddhaicos
3254 1819 3713 1896 Sarmanasque.

2274 1927 2296 1952 α
2325 1904 2437 1960 Sed
2484 1904 2699 1960 accedit
2719 1906 2825 1959 alia
2868 1923 3028 1960 causa
3048 1916 3105 1960 et
3143 1908 3390 1980 gravior.
3441 1909 3593 1964 Nam
3648 1931 3785 1967 non

2188 1992 2369 2046 solum
2412 1992 2611 2048 eodem
2645 1991 2823 2046 modo
2863 2003 2920 2047 ct
2940 2011 3098 2065 paene
3138 1992 3337 2049 iisdem
3358 1996 3554 2052 verbis
3591 2000 3783 2065 etiam

2189 2080 2504 2135 Samanaeos
2538 2089 2753 2135 veteres
2789 2081 3088 2153 scriptores
3113 2099 3406 2154 opponere
3426 2082 3789 2144 Brabmanis

2186 2167 2382 2236 solent,
2410 2167 2508 2222 sed
2528 2169 2696 2222 etiam
2720 2168 2760 2221 ii
2792 2168 2932 2235 loci,
2960 2168 3163 2240 quibus
3189 2169 3537 2226 Bardesanes
3561 2175 3783 2232 Sama-

2187 2272 2335 2309 naeos
2374 2273 2418 2309 s.
2467 2253 2824 2309 Buddhaicos
2866 2252 3161 2323 describit,
3212 2275 3341 2310 cum
3390 2259 3783 2335 Megasthene

2184 2341 2325 2395 mire
2353 2350 2688 2414 congruunt.
2772 2342 2888 2396 Nec
2919 2352 3103 2397 tamen
3131 2341 3570 2419 affirmaverim,
3618 2351 3775 2407 Bar-

2185 2427 2443 2483 desanem
2466 2429 2527 2482 in
2560 2427 2666 2482 hac
2693 2446 2755 2483 re
2777 2429 3151 2502 Megasthenis
3183 2432 3362 2485 solum
3397 2436 3639 2508 vestigia
3678 2458 3779 2495 se·

2186 2525 2377 2570 cutum
2397 2533 2508 2570 esse
2522 2559 2535 2583 ,
2557 2533 2742 2587 neque
2764 2515 3075 2589 quidquam
3097 2516 3376 2573 addidisse
3402 2519 3478 2575 de
3498 2539 3607 2576 suo
3626 2567 3644 2593 ,
3664 2527 3769 2582 sed

2184 2602 2297 2656 hoc
2348 2613 2500 2658 certe
2540 2603 2715 2657 ausim
2742 2603 3115 2674 contendere,
3152 2606 3540 2662 Bardesanem
3567 2616 3629 2664 in
3650 2612 3733 2667 Sa
3754 2645 3768 2656 -

2183 2695 2420 2745 manoeis
2439 2690 2811 2745 descrihendis
2831 2690 3263 2763 Megasthenem
3282 2701 3602 2768 respexisse
3622 2712 3687 2755 et
3700 2706 3763 2754 in

2181 2777 2423 2849 quadam
2463 2789 2631 2850 parte
2675 2795 2791 2832 esse
2828 2789 3090 2835 secutum.
3125 2780 3295 2850 Quod
3334 2794 3399 2836 ut
3445 2799 3755 2857 appareat,

2176 2863 2500 2920 Bardesanis
2539 2874 2594 2920 et
2634 2864 3001 2940 Megasthenis
3026 2866 3131 2921 hos
3156 2867 3315 2923 locos
3349 2888 3701 2944 componam
3736 2894 3753 2928 ε

2176 3018 2427 3070 Bai-desan.
2449 3033 2527 3082 ap.
2546 3020 2738 3072 Hieron.
2758 3019 2828 3071 Ad
2844 3022 2925 3070 Jo-
2989 3021 3217 3083 Megasth.
3264 3035 3343 3085 ap.
3378 3025 3543 3076 strab.
3584 3030 3753 3092 (etap.

2235 3088 2335 3141 vin.
2362 3091 2435 3151 (et
2453 3104 2529 3153 ap.
2554 3092 2822 3155 Porphyr.)
3041 3091 3193 3141 Clem.
3221 3093 3385 3153 Alex.)

2172 3161 2525 3220 Bardesunes,
2572 3165 2655 3210 vir
2695 3161 2914 3224 Babylo·
2980 3160 3145 3221 Ἄλλην
3185 3162 3235 3211 δὲ
3276 3163 3498 3229 διαίρεσιν
3546 3176 3747 3219 ποιεῖται

2233 3232 2373 3290 nites,
3035 3233 3137 3296 περὶ
3158 3238 3252 3281 τῶν
3270 3236 3559 3299 φιλοσόφων,

2171 3300 2226 3347 in
2238 3298 2340 3349 duo
2355 3300 2593 3361 doqmata
2608 3300 2751 3363 amad
2764 3300 2916 3351 Indos
2978 3302 3060 3352 δύο
3077 3304 3186 3365 γένη
3208 3303 3420 3364 φάσκων,

2236 3370 2679 3432 Gymnosophistas
2696 3371 2884 3420 dividit
2902 3408 2916 3432 ‚

2171 3450 2391 3500 quorum
2415 3442 2641 3489 alterum
2676 3441 2908 3504 appellat
2971 3442 3037 3488 ὧν
3087 3442 3192 3498 τοὺς
3245 3443 3329 3504 μὲν
3382 3445 3497 3507 Βρα
3512 3453 3667 3510 χμᾱν
3682 3467 3741 3505 ις

2232 3511 2662 3571 Braymanas,
3037 3512 3193 3572 καλεῖ,

2167 3578 2389 3628 alterum
2409 3583 2800 3642 Samanoe035
2967 3582 3505 3646 τοὺςδὲΣαρμᾶνας,

2166 3652 2254 3710 qui
2268 3652 2771 3702 tanloecontineneioe
2781 3654 2907 3707 sint,

2163 3722 2226 3767 ul
2238 3720 2316 3768 vel
2320 3724 2484 3781 pomis
2494 3720 2905 3785 arborumjuxla
2969 3721 3074 3784 (καὶ
3095 3723 3324 3787 ἀκρόδρυα
3336 3730 3570 3774 σιτοῦνται
3582 3728 3731 3778 Clem-

2233 3788 2686 3854 Ganyemfluvium
3045 3793 3147 3854 ΑΙ.)

2164 3860 2242 3908 vel
2262 3872 2422 3922 oryza
2442 3860 2736 3922 velserinoe
2759 3862 2905 3911 alan-
2971 3863 3106 3925 ὀρύζῃ
3146 3865 3225 3912 καὶ
3267 3865 3473 3927 ἀλφίτοις
3520 3870 3725 3929 τρεφομέ-

2226 3934 2314 3979 lur
2336 3930 2446 3980 elbo
2458 3944 2479 3987 ,⁶
3033 3950 3154 3989 νους.

2162 4004 2211 4051 et
2223 4013 2383 4064 quum
2400 4013 2495 4051 rea:
2513 4000 2585 4051 ad
2601 4014 2680 4051 eos
2691 4004 2903 4057 venerit,
2970 4008 3064 4059 τοῖς
3087 4005 3137 4054 δὲ
3171 4006 3411 4068 βασιλεῦσι
3450 4013 3647 4056 συνεῖναι
3673 4003 3728 4056 δι’

2161 4071 2386 4122 adorare
2429 4072 2544 4121 illos
2591 4072 2779 4123 saluus
2817 4076 2901 4132 sil,
3024 4076 3232 4134 ἀγγέλων
3252 4078 3606 4139 πυνθανομένοις
3624 4082 3721 4139 περὶ

2156 4154 2437 4205 pacemque
2471 4154 2587 4192 sum
2623 4145 2907 4204 provincia.»
3031 4150 3124 4193 τῶν
3144 4146 3324 4205 αἰτίων,
3349 4148 3431 4194 καὶ
3457 4147 3516 4195 δι’
3548 4147 3722 4197 ἐκείνων

2161 4215 2215 4260 in
2257 4211 2473 4261 illorum
2500 4212 2738 4274 precibus
2770 4213 2903 4263 arbi·
3028 4215 3326 4278 θεραπεύουσι
3346 4218 3426 4265 καὶ
3446 4217 3722 4268 meave-'eoum

2220 4284 2355 4331 trari
2381 4284 2553 4331 sitam.
3029 4287 3083 4334 τὸ
3110 4286 3244 4334 θεῖον.

2250 4353 2439 4401 Plenius
2456 4353 2580 4400 hanc
2600 4355 2779 4412 partem
2799 4356 2907 4403 Por·

2216 4420 2411 4482 phyrius
2430 4419 2623 4469 tradidit
2645 4439 2658 4470 ι

2139 4490 2376 4553 Ἀγΰναιοι
2398 4491 2438 4539 δ’
2461 4490 2550 4538 εἰσὶ
2573 4489 2740 4546 πάντες
2972 4492 3054 4553 (οὐ
3100 4491 3250 4555 γάμον
3283 4494 3387 4543 οὐδὲ
3434 4500 3717 4547 παιδοποιίπν

3036 4564 3208 4611 ἱσασιν.
3234 4564 3411 4625 clem.)

2153 4631 2231 4678 καὶ
2242 4631 2493 4694 ἀκτήμονες
2502 4630 2579 4678 καὶ
2593 4636 2816 4680 τοσοῦτον
2831 4633 2921 4680 ab?

2211 4706 2304 4748 τῶν
2316 4716 2368 4749 τε
2384 4702 2462 4749 καὶ
2481 4705 2572 4748 τῶν
2594 4702 2899 4764 Βραχμανῶν·
3338 4756 3359 4763 -

2152 4770 2290 4826 offla<
2322 4770 2509 4836 ἔχουσιν
2535 4771 2580 4820 ol
2602 4771 2751 4832 ἄλλοι,
2780 4774 2903 4821 ὥστε
2965 4773 3117 4829 τοῖςδὲ
3137 4773 3377 4835 βασιλεῦσι
3396 4781 3615 4837 συνεῖναι,
3630 4780 3715 4827 etc.

2212 4842 2290 4888 καὶ
2309 4841 2387 4888 τὸν
2403 4839 2599 4902 βασιλέα
2615 4839 2901 4901 ἀφικνεῖσθαι
3234 4836 3241 4843 ’

2210 4910 2317 4972 παρ’
2345 4910 2526 4969 αὐτοὺς,
2560 4910 2642 4958 καὶ
2680 4913 2897 4961 ἱκετεύειν

2212 4979 2427 5035 εὔξασθαί
2457 4995 2499 5027 τι
2518 5012 2534 5038 ,
2567 4978 2648 5026 καὶ
2682 4980 2895 5040 δεηθῆναι

2214 5050 2323 5111 ὑπὲρ
2339 5054 2432 5098 τῶν
2450 5049 2896 5110 καταλαμὸανόντων

2208 5112 2291 5167 τὴν
2305 5111 2479 5173 χώραν,
2502 5111 2532 5167 ἢ
2551 5110 2892 5173 συμβουλεῦσαι

2206 5181 2260 5229 τὸ
2284 5182 2520 5242 πρακτέον.
