4016 5916
409 349 539 413 ‹30'

408 486 510 542 τῶν
539 478 693 538 ὅλων.
725 479 841 537 Οὐκ
875 474 985 534 ἔστι
1057 474 1098 532 δ’
1127 471 1240 531 οὔτε
1269 478 1456 548 γαμεῖν
1487 468 1540 536 ἐξ
1570 469 1729 526 ἄλλου
1758 467 1929 545 γένους
1947 512 1961 539 ,

409 569 513 629 οὔτ’
543 565 864 639 ἐπιτήδευμα
901 562 1009 621 οὔτ’
1053 559 1298 641 ἐργασίαν
1341 555 1763 633 μεταλαμὸάνειν
1805 556 1968 626 ἄλλην

410 656 464 726 ἐξ
508 654 695 724 ἄλλης,
740 651 855 709 οὐδὲ
913 641 1119 714 πλείους
1170 645 1614 726 μεταχειρίζεσθαι
1661 642 1747 700 τὸν
1796 641 1967 713 αὐτὸν,

409 743 547 813 πλὴν
580 743 623 799 εἷ
650 743 752 798 τῶν
781 737 1073 820 φιλοσόφων
1096 759 1172 800 τις
1197 733 1303 806 εἴη·
1334 736 1514 792 ἐᾶσθαι
1549 731 1649 810 γὰρ
1684 735 1861 788 τοῦτον
1903 730 1968 784 δι’

412 829 623 911 ἀρετήν.

498 944 521 968 σε
554 916 726 990 Apud
753 915 1085 972 Strabonem
1117 925 1171 967 et
1200 911 1520 966 Diodorum
1552 909 1729 963 tribus
1772 907 1970 980 appel-

411 1009 599 1062 lantur
620 999 754 1080 με’ρη
768 1045 783 1073 ,
809 1002 962 1076 apud
983 1002 1287 1056 Arrianum
1307 996 1479 1072 γενεαί
1498 1041 1514 1071 ,
1533 998 1609 1050 ita
1631 1005 1694 1050 ut
1717 996 1807 1049 illa
1831 1013 1971 1048 voce

416 1093 794 1168 Megasthenes
811 1076 938 1145 usus
968 1107 1081 1144 esse
1096 1088 1371 1143 videatur.
1390 1084 1770 1159 Megasthenes
1789 1094 1970 1137 autem

416 1200 591 1254 quum
641 1179 821 1234 tribus
865 1177 1086 1231 Indicas
1128 1185 1441 1240 enarraret,
1499 1174 1560 1225 in
1612 1189 1681 1225 eo
1737 1171 1972 1238 erravit,

416 1267 575 1340 quod
640 1277 697 1321 et
744 1265 936 1321 Graeca
983 1264 1203 1317 ratione
1244 1272 1299 1316 et
1374 1260 1445 1315 ab
1503 1259 1631 1313 aula
1685 1255 1980 1330 Pat'alipu-

423 1356 563 1409 trica
592 1354 736 1408 hanc
765 1370 883 1406 rem
910 1350 1285 1422 perlustravit.
1322 1348 1452 1402 Sine
1478 1346 1583 1400 hac
1610 1344 1782 1398 altera
1821 1362 1983 1397 causa

418 1444 515 1496 vix
536 1439 661 1495 fieri
681 1449 935 1512 poterat,
958 1449 1022 1491 ut
1046 1447 1255 1490 sextam
1289 1446 1346 1489 et
1369 1434 1660 1506 septimam
1687 1431 1895 1485 tribum
1923 1432 1981 1484 in

420 1529 588 1582 istum
610 1524 846 1580 modum
866 1515 1251 1596 componeret.
1273 1520 1382 1576 Sed
1411 1519 1778 1593 Megasthenis
1806 1519 1986 1572 tribus

422 1613 499 1669 ad
526 1612 746 1669 Indicas
786 1623 1055 1684 quattuor
1087 1627 1353 1664 revocare
1395 1607 1723 1661 facillimum
1760 1615 1859 1660 est.
1902 1607 1982 1658 Ita

428 1703 578 1758 enim
602 1719 731 1756 cum
755 1701 942 1755 alteris
970 1700 1155 1753 alterae
1184 1707 1504 1771 congruunt
1532 1711 1545 1751 ε

503 1789 697 1864 Ρνίηιᾳ
730 1788 908 1841 tribus
935 1786 1269 1840 Brahmanas
1297 1785 1575 1850 continet,
1598 1800 1783 1854 neque
1802 1791 1988 1836 tamen

425 1893 617 1929 omnes
638 1916 656 1945 ,
684 1872 781 1928 sed
808 1891 904 1928 eos
940 1882 1189 1941 tantum,
1223 1873 1320 1943 qui
1366 1871 1533 1925 sacris
1570 1878 1835 1942 praesunt.
1886 1870 1987 1925 Cui

428 1963 603 2017 tribui
623 1961 1035 2035 Megasthenem
1056 1971 1259 2016 ascetas
1278 1959 1413 2012 falso
1434 1956 1713 2012 addidisse
1728 1998 1742 2025 ,
1761 1967 1994 2029 apparet

430 2068 501 2105 ex
524 2050 636 2104 boc
663 2049 887 2104 Arriani
926 2049 1054 2102 loeo
1089 2067 1102 2101 :
1141 2047 1345 2104 Μοῦνον
1382 2040 1553 2121 σφίσιν
1584 2043 1808 2114 ἀνεῖται,
1846 2064 1991 2120 σοφι·

425 2133 553 2206 στὴν
573 2137 631 2192 ἐκ
658 2131 849 2197 παντὸς
868 2129 1036 2210 γένεος
1059 2130 1314 2208 γενέσθαι.
1339 2131 1465 2186 Ind.
1498 2150 1587 2200 ια,
1611 2150 1669 2203 9.
1691 2131 1774 2187 Cf.
1804 2131 1991 2188 Strab.

422 2243 485 2297 p,
524 2244 553 2293 7
569 2244 587 2276 1
603 2223 652 2278 3.
674 2226 868 2278 Altera
888 2224 1070 2277 tribus
1097 2221 1417 2294 Vaiejarum
1437 2230 1657 2292 partem
1686 2236 1882 2293 agrum
1900 2237 1993 2272 co-

425 2313 665 2379 lentem,
697 2316 865 2364 tertia
907 2312 1161 2382 impuros
1204 2307 1476 2380 quosdam
1521 2303 1811 2360 continet.‘
1846 2307 1994 2363 Man.

424 2400 500 2456 X.
530 2398 779 2472 48—49.
805 2400 1027 2470 Quarta
1045 2396 1301 2450 homines
1314 2394 1553 2449 duarum
1568 2394 1816 2447 tribuum
1837 2411 1994 2446 com-

425 2486 756 2559 prehendit,
788 2497 845 2541 et
866 2484 1081 2558 Vaicjas
1123 2480 1309 2559 (φόρον
1339 2483 1610 2545 τελοῦντας
1637 2480 1654 2556 )
1695 2492 1750 2535 et
1785 2480 1998 2553 (gudras

430 2571 659 2653 (ἀτελεῖς
684 2570 772 2629 καὶ
801 2569 981 2646 μισθὸν
1002 2566 1547 2648 προσλαμῦάνοντας).
1582 2570 1791 2640 Quinta
1816 2569 1999 2623 tribus

430 2679 557 2715 cum
579 2659 776 2715 Indica
804 2660 977 2713 altera
1006 2659 1285 2712 convenit.
1318 2659 1388 2710 ln
1411 2668 1567 2711 sextu
1613 2657 1817 2710 iterum
1854 2654 1999 2709 dua-

428 2766 556 2803 rum
601 2747 851 2800 tribuum
894 2756 1082 2816 partes
1109 2746 1423 2798 commixtae
1451 2755 1607 2810 sunt,
1648 2753 1703 2796 et
1746 2742 2001 2815 vulgares

430 2844 795 2908 spectatore5‚
837 2849 980 2902 quos
1026 2849 1213 2904 regem
1234 2831 1425 2885 Indica
1454 2831 1541 2885 lex
1570 2848 1638 2883 ex
1663 2830 1815 2884 omni
1844 2829 1996 2884 tribu

439 2922 708 2995 colligere
755 2917 918 2989 jubet
964 2916 1067 2991 (cf.
1124 2920 1275 2973 Man.
1320 2920 1422 2974 VII
1441 2958 1455 2987 ‚
1511 2915 1615 2982 154
1634 2961 1648 2987 ,
1700 2926 1754 2971 et
1805 2916 2001 2971 Cullu—

435 3006 720 3063 cab’at’t’ae
757 3006 1261 3080 commentarium),
1285 3016 1340 3059 et
1366 3024 1489 3074 eos,
1519 3007 1615 3077 qui
1641 3004 1712 3060 ad
1742 3003 2005 3059 officiales

434 3091 813 3167 inspiciendos
852 3093 1265 3149 emittebantur.
1314 3092 1403 3148 Ad
1442 3093 1585 3147 hanc
1614 3093 1842 3146 alteram
1865 3110 2001 3164 par·

440 3192 559 3238 tem
580 3181 756 3237 solam
778 3182 1059 3255 pertinere
1079 3192 1311 3253 possunt
1336 3181 1454 3235 haec
1474 3181 1761 3235 Strabonis
1785 3180 1958 3234 verba
1984 3195 1997 3233 :

437 3265 776 3325 καθίστανται
806 3267 851 3322 δ’
882 3268 927 3323 οἱ
949 3264 1149 3347 ἄριστοι
1200 3264 1288 3323 καὶ
1331 3264 1655 3325 πιστότατοι.
1694 3268 2000 3348 Βορτίζηαητ

442 3357 653 3410 tribum
711 3355 1035 3410 Brahmanae
1086 3356 1126 3409 ii
1172 3354 1448 3425 efficiunt,
1514 3375 1655 3429 quos
1705 3355 1764 3409 in
1822 3356 2006 3428 prima

444 3444 595 3497 tribu
655 3444 932 3498 collocare
992 3444 1367 3517 Megasthenes
1416 3445 1620 3499 omisit.
1684 3468 1706 3491 α
1740 3442 2004 3498 Schwcm·

448 3531 679 3586 bc’ckius.

1151 3661 1222 3717 36
1266 3681 1314 3717 a.

523 3792 723 3847 Strabo
745 3793 869 3861 XV,
888 3811 948 3866 p.
981 3811 1087 3862 707
1112 3795 1297 3867 pergit
1320 3814 1333 3847 ε
1363 3794 1485 3851 Τῶν
1505 3792 1549 3848 δ’
1566 3792 1830 3871 ἀρχόντων
1849 3794 1895 3849 οἱ
1914 3793 2005 3865 μέν

446 3878 573 3935 εἰσιν
599 3875 929 3955 ἀγορανόμοι,
956 3879 1001 3934 οἱ
1023 3877 1065 3934 δ’
1089 3879 1386 3953 ἀστυνόμοι,
1402 3881 1447 3937 οἱ
1471 3879 1513 3935 δ’
1534 3880 1620 3937 ἐπὶ
1634 3884 1735 3936 τῶν
1750 3902 2003 3958 στρατιω·

446 3967 567 4021 τῶν·
590 3955 663 4021 ὧν
683 3966 729 4021 οἱ
753 3962 845 4037 μὲν
861 3963 1122 4040 ποταμοὺς
1146 3964 1523 4041 ἐξεργάζονται,
1550 3965 1638 4023 καὶ
1658 3969 2006 4047 ἀναμετροῦσι

447 4130 497 4176 et
523 4129 831 4190 magistratus
863 4131 911 4178 et
937 4129 1118 4190 judicia
1151 4133 1197 4179 et
1227 4144 1386 4179 rerum
1419 4132 1633 4180 omnium
1672 4132 2018 4182 administratio

448 4206 641 4267 geritur.
674 4210 779 4255 Non
806 4206 916 4256 lieet
940 4220 999 4256 ex
1027 4207 1120 4256 alio
1152 4222 1322 4269 genere
1351 4209 1397 4257 in
1418 4209 1544 4258 aliud
1570 4213 1875 4260 matrimonio
1896 4226 2008 4260 con-

454 4284 687 4334 trahendo
705 4285 933 4347 transire,
966 4289 1049 4335 aut
1067 4286 1127 4335 ab
1162 4289 1301 4335 unius
1334 4288 1519 4349 generis
1550 4289 1780 4338 institutis
1813 4290 1873 4339 ad
1896 4290 2018 4339 alius

452 4360 764 4424 descendere3
784 4375 939 4423 neque
970 4363 1110 4412 simul
1136 4365 1354 4425 pluribus
1372 4378 1423 4413 se
1456 4364 1570 4414 dare
1602 4365 1863 4415 tractandis
1881 4404 1894 4427 ,
1926 4365 2016 4415 nisi

454 4437 764 4501 philosophus
782 4439 890 4500 quis
907 4440 989 4501 εἰη
1014 4440 1126 4489 huie
1145 4441 1270 4489 enim
1295 4440 1358 4489 ob
1385 4441 1609 4491 virtutem
1631 4442 1922 4491 conceditur.

1142 4526 1209 4575 36
1277 4536 1326 4575 a.

516 4594 589 4642 De
621 4594 974 4657 magistratibus
1008 4596 1087 4644 alii
1123 4608 1358 4658 annonae,
1385 4597 1465 4646 alil
1501 4598 1634 4661 urbi,
1669 4598 1747 4648 alii
1785 4598 2016 4648 militibus

461 4675 692 4733 praesunt.
764 4677 950 4723 Horum
983 4675 1124 4736 primi
1162 4677 1334 4726 curant
1364 4675 1593 4740 flumina,
1618 4678 1697 4728 alii
1719 4692 1885 4740 agrum
1912 4691 2006 4726 me-

462 4748 669 4810 tiuntur,
693 4752 748 4799 ut
777 4751 827 4800 in
845 4753 1073 4816 AEgypto,
1097 4754 1147 4802 et
1179 4753 1350 4804 clausis
1369 4767 1508 4818 aquae
1531 4754 1755 4805 ductibus
1777 4758 2014 4818 praesunt,

462 4826 517 4875 ut
549 4837 610 4875 ex
643 4839 785 4890 aequo
810 4828 1033 4878 omnibus
1075 4843 1315 4892 aquarum
1352 4845 1467 4881 usus
1509 4832 1794 4895 suppeditet.
1866 4831 2014 4882 iidem

463 4902 748 4952 venatorum
766 4916 931 4954 curam
951 4909 1139 4969 gerunt,
1162 4909 1210 4956 et
1228 4909 1409 4970 praemii
1429 4912 1476 4958 et
1496 4909 1713 4972 supplicii
1733 4923 1818 4971 pro
1835 4909 2020 4958 meritis

463 4980 749 5041 potestatem
784 4981 989 5043 habent,
1027 4984 1076 5032 et
1109 4985 1289 5033 tributa
1316 4986 1479 5048 legunt
1515 4988 1562 5035 et
1603 4988 1728 5035 artes
1765 4986 2018 5047 inspiciunt

472 5069 587 5119 qum
606 5057 733 5106 circa
753 5061 929 5109 terram
944 5066 1245 5125 exercentur,
1266 5067 1501 5113 uteorum
1517 5064 1600 5126 qui
1614 5065 1738 5126 ligna
1755 5066 1830 5113 vel
1847 5065 2018 5113 domos

464 5134 545 5185 vel
565 5146 633 5184 ωε
648 5134 726 5184 vel
750 5138 942 5187 metalla
965 5145 1238 5200 operantur.
1274 5140 1546 5192 conficiunt
1568 5142 1711 5192 etiam
1734 5141 1833 5191 vias
1866 5144 1913 5191 et
1937 5156 2021 5204 per

1766 338 1926 397 MEG
1937 335 2301 396 ASTHEMS

2059 468 2154 538 τὴν
2174 471 2292 542 γῆν,
2313 469 2378 531 ὡς
2413 467 2464 522 ἐν
2504 462 2784 542 Αἰγύπτῳ,
2814 463 2905 520 καὶ
2933 462 3021 528 τὰς
3052 463 3292 531 κλειστὰς
3332 464 3678 545 διώρυχας·

2065 554 2149 634 ἀφ’
2185 545 2255 610 ὧν
2287 556 2355 618 εἰς
2383 551 2474 617 τὰς
2510 551 2739 630 ὀχετείας
2776 551 3077 627 ταμιεύεται
3120 550 3176 609 τὸ
3216 550 3387 634 ὕδωρ,
3421 556 3712 612 ἐπισκο-

2061 646 2243 699 ποῦσιν
2264 639 2399 706 ὅπως
2426 638 2476 706 ἐξ
2496 638 2613 710 ἴσης
2626 645 2785 695 πᾶσιν
2809 641 2842 707 ἡ
2871 642 2972 696 τῶν
2999 638 3197 697 ὑδάτων
3215 642 3412 720 παρείη
3436 647 3704 721 χρῆστς.

2064 734 2132 790 Οἱ
2163 729 2206 786 δ’
2239 729 2385 787 αὐτοὶ
2404 727 2492 787 καὶ
2511 731 2612 785 τῶν
2653 730 2910 807 θηρευτῶν
2941 730 3334 803 ἐπιμελοῦνται,
3354 731 3450 795 καὶ
3488 737 3700 809 τιμῆς

2064 817 2150 876 καὶ
2170 816 2429 882 κολάσεως
2457 814 2555 874 εἰσὶ
2583 815 2747 895 κύριοι
2770 818 2871 882 τοῖς
2895 814 3139 884 ἕπαξίοις·
3168 815 3258 875 καὶ
3280 820 3670 898 φορολογοῦσι

2067 904 2149 977 δὲ,
2198 905 2287 962 καὶ
2323 903 2639 983 τὰςῳτέχνας
2683 902 2773 968 τὰς
2814 902 2935 983 περὶ
2973 903 3200 982 τῆνιγῆν
3249 904 3698 980 ἐπιὸλέττουσιν,

2070 993 2353 1067 ὖλοτόμων,
2374 989 2922 1070 τεκτόνων,χαλκε’ων,
2943 1014 3071 1067 μετα
3080 993 3324 1049 λλευτῶν·
3344 994 3702 1053 §Soumetia-t

2070 1081 2143 1153 δὲ,
2167 1079 2404 1139 καὶκατὰ
2425 1079 2548 1138 δέκα
2577 1080 2764 1138 στάδια
2793 1079 2990 1151 στήλην
3010 1077 3237 1153 τιθέασι,
3266 1078 3360 1147 τὰς
3385 1080 3698 1162 ἐκτροπὰς

2071 1168 2244 1225 καὶτὰ
2277 1168 2607 1242 διαστήματα
2638 1169 2914 1237 δηλοῦσαν.
2947 1167 3016 1225 Οἱ
3060 1168 3104 1226 δ’
3149 1169 3435 1245 ἀστυνόμοι
3479 1172 3565 1238 εἷς
3617 1171 3690 1239 ἓξ

2074 1256 2327 1322 πεντάδας
2348 1255 2635 1334 διῄρηνται·
2667 1254 2756 1313 καὶ
2780 1258 2826 1314 οἱ
2849 1254 2942 1331 μὲν
2965 1254 3030 1313 τὰ
3053 1256 3401 1335 δημιουργικὰ
3424 1264 3696 1317 σκοποῖ-

2073 1367 2173 1414 σιν,
2201 1348 2248 1402 οἱ
2287 1343 2339 1401 δὲ
2367 1342 2731 1421 ξενοδοχοῦσιν·
2775 1343 2865 1401 καὶ
2906 1342 3005 1423 γὰρ
3048 1344 3363 1422 καταγωγὰς
3391 1345 3636 1420 νέμουσι
3659 1394 3679 1420 ‚

2075 1431 2165 1489 καὶ
2215 1432 2319 1497 τοῖς
2376 1431 2503 1509 βίοις
2561 1433 3009 1509 παρακολουθοῦσι
3040 1476 3055 1503 ,
3110 1431 3400 1510 παρέδρους
3448 1435 3684 1500 δόντες·

2077 1518 2167 1577 καὶ
2185 1517 2577 1598 προπέμπουσιν
2596 1516 2630 1589 ἢ
2656 1517 2839 1583 αὖτοὺς
2854 1563 2869 1594 ,
2893 1515 2928 1588 ἢ
2952 1517 3019 1575 τὰ
3041 1518 3291 1597 χρήματα
3322 1523 3425 1576 τῶν
3447 1521 3686 1579 ἀποθα-

2077 1606 2291 1664 νόντων·
2344 1604 2627 1664 νοσούντων
2673 1628 2729 1662 τε
2772 1605 3169 1681 ἐπιμελοῦνται,
3225 1605 3315 1662 καὶ
3359 1608 3682 1666 ἀποθανόν-

2081 1718 2170 1760 τας
2217 1694 2491 1753 θάπτουσι.
2574 1693 2756 1773 Τρίτοι
2798 1694 2843 1750 δ’
2893 1691 3039 1764 εἰσὶν,
3078 1690 3127 1749 οἳ
3165 1690 3255 1758 τὰς
3289 1692 3527 1769 γενέσεις
3573 1695 3684 1753 καὶ

2081 1781 2328 1849 Θανάτους
2378 1780 2702 1856 ἐξετάζουσι,
2743 1780 2866 1838 πότε
2917 1778 3006 1838 καὶ
3049 1784 3184 1851 πῶς,
3230 1783 3334 1838 τῶν
3380 1806 3440 1840 τε
3483 1782 3684 1865 φόρων

2080 1869 2254 1947 χάριν,
2279 1867 2369 1926 καὶ
2405 1867 2543 1934 ὅπως
2572 1861 2646 1946 μὴ
2678 1871 2886 1948 ἀφανεῖς
2920 1857 3018 1925 εἷεν
3048 1870 3101 1924 αἱ
3130 1868 3393 1947 κρείττους
3417 1870 3511 1929 καὶ
3543 1871 3676 1950 χεί-

2085 1979 2200 2029 ρους
2241 1954 2421 2032 γοναὶ,
2449 1955 2793 2038 καίθάνατοι.
2838 1954 3094 2034 Τέταρτοι
3118 1956 3165 2012 οἳ
3192 1955 3310 2033 περὶ
3341 1955 3437 2022 τὰς
3478 1981 3682 2031 καπη·

2083 2042 2224 2101 λείας
2253 2042 2341 2100 καὶ
2369 2042 2686 2119 μεταὸολάς·
2709 2032 2781 2106 οἷς
2808 2041 3004 2120 μέτρων
3027 2040 3171 2119 με’λει
3192 2043 3404 2100 καὶτῶν
3427 2045 3678 2124 ὡραίων,

2084 2131 2223 2195 ὅπως
2252 2129 2354 2187 ἀπὸ
2383 2129 2653 2206 συσσῆμου
2688 2132 2931 2191 πωλοῖτο.
2972 2132 3087 2189 Οὔκ
3129 2133 3238 2188 ἔστι
3276 2128 3331 2188 δὲ
3362 2132 3534 2189 πλείω
3577 2133 3674 2192 τὸν

2089 2216 2242 2274 αὐτὸν
2270 2217 2721 2290 μεταὸάλλεσθαι,
2764 2216 2898 2287 πλὴν
2932 2220 2973 2274 εἷ
3004 2216 3200 2284 διττοὺς
3244 2219 3529 2292 ὑποτελοίη
3571 2224 3676 2300 φά·

2089 2326 2221 2382 ρους.
2253 2303 2497 2379 Πέμπτοι
2522 2304 2567 2361 δ’
2595 2307 2641 2361 οἱ
2668 2307 2985 2382 προεστῶτες
3008 2308 3110 2362 τῶν
3139 2305 3670 2383 δημιουργουμένων,

2087 2391 2177 2448 καὶ
2218 2395 2506 2455 πωλοῦντες
2541 2395 2707 2448 ταῦτα
2754 2390 2857 2448 ἀπὸ
2904 2390 3210 2466 συσσήμου,
3248 2392 3412 2469 χωρὶς
3452 2393 3550 2468 μὲν
3601 2395 3674 2454 τὰ

2089 2477 2274 2552 καινὰ,
2322 2478 2479 2558 χωρὶς
2513 2475 2565 2536 δὲ
2600 2477 2666 2535 τὰ
2708 2475 2931 2535 παλαιά·
2971 2479 3043 2556 τῷ
3087 2476 3322 2554 μιγνύντι
3368 2478 3422 2536 δὲ
3468 2481 3672 2558 ζημία,

2087 2563 2274 2622 ιΈκτοι
2317 2564 2370 2621 δὲ
2400 2563 2490 2622 καὶ
2523 2563 2732 2621 ὕστατοι
2761 2567 2806 2621 οἱ
2846 2563 2936 2629 τὰς
2972 2563 3188 2630 δεκάτας
3219 2563 3520 2642 ἐκλέγοντες
3554 2572 3667 2626 τῶν

2091 2649 2454 2727 πωλουμένων·
2489 2651 2701 2718 θάνατος
2735 2651 2787 2710 δὲ
2824 2654 2898 2733 τῷ
2933 2651 3181 2732 κλέψαντι
3222 2654 3281 2709 τὸ
3318 2653 3485 2721 τέλος.
3528 2656 3666 2737 Ἰδία

2093 2740 2183 2816 μὲν
2238 2739 2445 2798 ἔκαστοι
2491 2745 2689 2812 ταῦτα,
2736 2745 2880 2818 κοινῇ
2941 2741 2985 2796 δ’
3031 2741 3398 2816 ἐπιμελοῦνται
3447 2745 3555 2801 τῶν
3605 2768 3665 2808 τε

2094 2829 2235 2884 ἰδίων
2293 2827 2382 2884 καὶ
2439 2831 2543 2885 τῶν
2612 2829 2888 2884 πολιτικῶν
2941 2827 3030 2885 καὶ
3079 2830 3169 2897 τῆς
3227 2830 3331 2886 τῶν
3385 2830 3662 2907 δημοσίων

2095 2919 2369 2985 ἐπισκευῆς
2393 2918 2556 2992 τιμῶν
2581 2915 2751 2974 τεκαὶ
2774 2919 2960 2995 ἀγορᾶς
2987 2914 3075 2973 καὶ
3098 2913 3343 2992 λιμένων,
3365 2918 3457 2976 καὶ
3479 2905 3662 3000 ἱερῶν.

2176 3008 2225 3062 Μ
2235 3002 2323 3060 et&
2344 3004 2398 3061 δὲ
2417 3001 2532 3069 τοὺς
2556 3002 2873 3078 ἀστυνόμους
2892 3003 3036 3082 τρίτη
3059 3003 3166 3061 ἐστὶ
3187 3003 3446 3085 συναρχία
3463 3008 3497 3077 ἡ
3512 3029 3588 3067 πε
3605 3006 3658 3086 ρὶ

2095 3090 2173 3148 τὰ
2220 3090 2700 3170 στρατιωτικὰ,
2753 3090 2841 3149 καὶ
2881 3090 3011 3162 αὕτη
3059 3092 3170 3157 ταῖς
3215 3091 3462 3151 πεντάσιν
3495 3091 3658 3173 ἑξαχῇ

2098 3177 2438 3258 διωρισμένη·
2463 3170 2533 3237 ὧν
2563 3178 2673 3249 τὴν
2705 3177 2814 3257 μὲν
2842 3177 2972 3255 μετὰ
2993 3184 3082 3237 τοῦ
3103 3179 3365 3259 ναυάρχου
3386 3180 3658 3255 τάττουσι,

2095 3268 2206 3338 τὴν
2238 3266 2303 3324 δὲ
2335 3264 2467 3343 μετὰ
2505 3271 2591 3325 τοῦ
2622 3264 2710 3325 ἐπὶ
2742 3270 2842 3325 τῶν
2874 3270 3064 3345 βοϊκῶν
3098 3270 3309 3345 ζευγῶν,
3352 3268 3418 3325 δι’
3453 3260 3528 3329 ὧν
3567 3268 3660 3350 ἄρ-

2095 3376 2228 3428 γανα
2257 3355 2524 3422 κομίζεται
2552 3352 2642 3412 καὶ
2685 3352 2850 3434 τροφὴ
2879 3357 3050 3420 αὐτοῖς
3076 3377 3133 3414 τε
3177 3355 3268 3412 καὶ
3309 3363 3416 3422 τοῖς
3444 3355 3654 3426 κτήνεσι

2098 3440 2187 3499 καὶ
2211 3440 2277 3500 τὰ
2303 3434 2543 3522 χρήσιμα
2569 3445 2658 3510 τῆς
2681 3440 2974 3520 στρατείας.
3008 3432 3167 3502 Οῧτοι
3195 3441 3250 3499 δὲ
3279 3442 3369 3502 καὶ
3398 3441 3520 3510 τοὺς
3546 3445 3656 3501 δια-

2098 3528 2273 3595 κόνους
2313 3529 2598 3610 παρέχουσι
2639 3527 3001 3604 τυμπανιστὰς
3028 3527 3118 3586 καὶ
3149 3528 3300 3606 (τοὺς)
3343 3531 3652 3611 κωδωνοφό·

2100 3639 2250 3695 ρους,
2285 3614 2444 3675 ἔτιδὲ
2487 3615 2576 3675 καὶ
2623 3616 2946 3692 ἱπποκόμους
2991 3615 3080 3674 καὶ
3134 3616 3522 3695 μηχανοποιοὺς
3563 3617 3654 3676 καὶ

2097 3704 2211 3769 τοὺς
2258 3703 2448 3762 τούτων
2483 3703 2768 3783 ὃπηρέτας’
2807 3704 3135 3781 ἐκπέμπουσί
3160 3729 3214 3762 τε
3244 3705 3370 3786 πρὸς
3415 3708 3651 3772 κώδωνας

2097 3790 2211 3857 τοὺς
2262 3791 2623 3871 χορτολόγους,
2677 3796 2804 3871 τιμῇ
2852 3790 2940 3851 καὶ
2991 3791 3204 3850 κολάσει
3257 3794 3316 3851 τὸ
3357 3792 3516 3873 τάχος
3553 3817 3652 3851 κα-

2095 3878 2530 3956 τασκευαζόμενοι
2573 3877 2660 3937 καὶ
2705 3877 2799 3949 τὴν
2842 3879 3146 3959 ἀσφάλειαν.
3183 3879 3416 3955 Τρίτοι
3448 3879 3506 3938 δέ
3533 3882 3650 3938 εἰσιν

2097 3969 2143 4024 οἱ
2185 3968 2285 4023 τῶν
2334 3969 2498 4035 πεζῶν
2553 3967 2976 4042 ἐπιμελούμενοι·
3020 3966 3331 4046 τέταρτοι
3381 3967 3423 4026 δ’
3469 3971 3514 4026 οἱ
3559 3971 3653 4027 τῶν

2103 4134 2222 4182 dena
2233 4134 2384 4183 stadia
2396 4135 2598 4197 lapidem
2615 4135 2776 4185 locant
2788 4135 3079 4185 deverticula
3093 4140 3143 4184 et
3165 4135 3413 4186 distantias
3430 4136 3616 4185 indicaui
3627 4161 3652 4172 -

2107 4216 2234 4263 tenu„

2166 4288 2346 4338 Urbani
2369 4287 2529 4337 aediles
2551 4288 2600 4337 in
2622 4301 2705 4337 sex
2725 4290 3086 4351 quinternionoe
3115 4292 3229 4340 sunt
3256 4289 3411 4340 divisi.
3433 4293 3557 4341 Nam
3574 4291 3646 4339 alii

2103 4366 2289 4427 opificia
2323 4365 2602 4427 inspiciunt,
2646 4366 2725 4417 alii
2757 4367 2997 4430 hospitum
3033 4367 3420 4430 procurationem
3453 4370 3647 4429 gerunt,

2105 4443 2305 4503 hospitia
2349 4442 2405 4491 iis
2440 4442 2758 4505 distribuunt,
2796 4446 2845 4493 et
2883 4445 3034 4494 vitam
3068 4457 3237 4494 eorum
3275 4442 3566 4505 observant,
3607 4447 3650 4493 et

2104 4521 2303 4569 asseclas
2331 4519 2388 4568 iis
2411 4519 2526 4569 dant
2541 4558 2555 4582 ,
2582 4521 2632 4569 et
2653 4519 2894 4570 deducunt
2917 4521 2993 4570 vel
3017 4519 3140 4583 ipsos
3163 4522 3238 4570 vel
3256 4558 3270 4582 ,
3293 4520 3331 4569 si
3371 4521 3644 4581 moriantur,

2103 4611 2214 4658 opes
2225 4610 2406 4645 eorum.
2421 4597 2769 4659 AEgrotantium
2788 4611 2983 4659 quoque
2996 4611 3163 4647 curam
3182 4598 3358 4648 babent
3375 4601 3424 4647 et
3444 4600 3647 4648 mortuos

2103 4675 2350 4737 sepeliunt.
2416 4675 2564 4728 Tertii
2581 4677 2693 4725 sunt
2711 4675 2795 4738 qui
2814 4677 2949 4726 ortus
2966 4683 3014 4727 et
3037 4676 3221 4728 obitum
3240 4677 3422 4739 civium⁴
3441 4678 3647 4727 scrutan-

2103 4754 2199 4815 tur,
2233 4751 2424 4815 qnando
2449 4754 2494 4802 et
2518 4752 2758 4815 quomodo
2776 4755 3046 4817 evenerint3
3068 4755 3210 4817 idque
3231 4753 3528 4805 tributorum
3547 4768 3645 4816 gra·

2102 4829 2170 4879 tia
2188 4867 2201 4891 ,
2266 4832 2314 4879 et
2345 4845 2404 4880 ne
2427 4830 2538 4883 boni
2559 4829 2733 4881 malive
2750 4831 2975 4881 nativitas
2994 4834 3042 4882 et
3070 4846 3198 4881 mors
3221 4831 3417 4880 lateant.
3486 4833 3646 4888 Quarti

2106 4908 2230 4956 eirca
2253 4920 2493 4970 cauponas
2525 4910 2572 4958 et
2590 4908 2878 4959 commercia
2905 4912 3170 4960 versantur.
3235 4909 3295 4958 Hi
3318 4921 3646 4958 mensurarum

2108 4988 2390 5050 frugumque
2409 5002 2571 5038 miram
2591 4988 2768 5039 habent
2783 5026 2799 5052 ,
2829 4991 2885 5038 ut
2902 4991 3174 5052 consignata
3191 4988 3481 5050 vendantur,
3503 5002 3650 5051 neque

2104 5067 2262 5116 sinant
2285 5067 2490 5117 eundem
2515 5069 2648 5132 plura
2666 5072 2990 5131 commutare,
3011 5070 3098 5120 nisi
3116 5067 3294 5130 duplex
3315 5068 3519 5130 vectigal
3549 5082 3645 5131 per-

2104 5144 2273 5194 solvat.
2340 5145 2505 5205 Quinti
2542 5146 2762 5210 operibus
2792 5146 3004 5197 locandis
3038 5147 3276 5209 praesunt,
3314 5156 3372 5193 ea
3406 5143 3648 5209 obsignata
