4016 5916
1429 334 2003 396 ATHENlENsmM
2037 336 2524 397 RESPUBLICA.

3404 349 3509 400 itt

325 461 602 541 Κλεομένη
626 461 957 541 τὸνβασιλέα
987 459 1079 519 σὺν
1116 462 1308 539 μείζονι
1338 461 1630 543 ἐξέπεμψαν
1667 462 1869 544 στόλῳ,
1962 469 2029 544 τῇ
2073 463 2350 537 Ἀθηναίων
2389 464 2637 544 Πολιτείᾳ
2693 466 2842 546 φησί·
2882 495 2906 518 σι
2948 466 3289 540 Κατέστησαν
3329 470 3380 528 δὲ
3421 472 3513 544 δη·

321 552 417 609 καὶ
435 549 653 621 νικήσας
677 549 794 614 τοὺς
821 547 1115 615 Θετταλοὺς
1145 550 1377 621 εἰσῆλθεν
1417 552 1485 617 εἰς
1511 550 1605 621 τὴν
1639 549 1872 623 Ἀττικὴν

325 638 422 719 καὶ
470 636 559 696 τὸν
610 635 826 696 Ἱππίαν
875 634 1194 695 συνέκλεισεν
1231 639 1301 704 εἰς
1344 636 1403 695 τὸ
1449 638 1770 718 Πελαργικὸν
1803 641 1871 715 (l.

333 726 682 807 Πελασγικὸν)
709 727 896 806 τεῖχος,
923 726 1018 793 ἕως
1044 729 1090 785 οἱ
1114 726 1295 793 παῖδες
1314 729 1414 785 τῶν
1434 727 1693 806 τυράννων
1715 725 1871 797 ἐξιόν·

325 839 409 883 τες
437 813 694 873 ἑάλωσαν.
735 816 930 871 Fusius
955 833 1075 871 rem
1114 825 1306 871 narrat
1345 813 1670 872 Herodotus
1702 820 1769 886 V,
1798 815 1871 871 62

323 924 512 1066 sq[1n
536 989 763 1045 Aristot.
792 985 919 1045 1²01.
942 986 1012 1044 de
1025 987 1394 1065 Pin-wamiis
1412 987 1675 1061 leguntur
1712 988 1831 1044 haec
1856 1030 1871 1057 ‚

329 1080 409 1147 V,
433 1082 464 1142 l,
480 1120 498 1151 ,
525 1075 556 1132 5
585 1095 600 1131 ;
632 1076 743 1147 Qui
767 1075 1119 1148 tyrannidem
1141 1083 1518 1148 occuparunt,
1542 1074 1876 1148 plerumque

329 1168 483 1222 τοῦτο
516 1160 676 1241 ἔδρων
709 1158 809 1218 ὑπὸ
835 1164 925 1218 τοῦ
950 1157 1117 1236 δήμου
1148 1157 1521 1225 πιστευθέντες·
1550 1163 1583 1229 ἡ
1626 1157 1679 1218 δὲ
1708 1159 1877 1225 πίστις

333 1242 397 1321 ἦν
422 1254 455 1322 ἡ
485 1248 736 1329 ἀπέχθεια
756 1251 790 1319 ἡ
825 1245 951 1327 πρὸς
973 1245 1087 1314 τοὺς
1108 1245 1394 1314 πλουσίους·
1423 1237 1526 1305 οἷον
1551 1245 1796 1318 Ἀθήνησί
1820 1270 1874 1306 τε

339 1335 716 1417 Πεισίστρατος
744 1332 1029 1401 στασιάσας
1065 1331 1193 1415 πρὸς
1221 1332 1335 1400 τοὺς
1363 1331 1653 1400 πεδιακούς.
1684 1338 1730 1391 V
1749 1377 1765 1406 ,
1809 1357 1874 1412 9,

335 1434 367 1492 l.
399 1447 414 1481 ε
447 1422 556 1484 Καὶ
591 1422 649 1481 τὸ
674 1420 898 1495 πένητας
921 1429 1084 1481 ποιεῖν
1107 1418 1220 1489 τοὺς
1255 1420 1595 1501 ἀρχομένους,
1642 1444 1870 1495 τυραννι·

329 1511 493 1571 κόν...
528 1508 875 1590 Παράδειγμα
904 1510 958 1567 δὲ
986 1506 1233 1569 τούτου...
1273 1508 1365 1566 καὶ
1400 1511 1488 1567 τοῦ
1522 1505 1816 1585 Ὀλυμπίου
1843 1512 1877 1580 ἦ

331 1595 669 1674 οἰκοδόμησις
717 1594 817 1654 ὑπὸ
858 1597 959 1653 τῶν
1012 1595 1473 1675 Πεισιστρατιδῶν.
1511 1599 1591 1667 V,
1622 1616 1695 1671 9,
1741 1617 1807 1653 21
1862 1617 1875 1653 ε

335 1685 491 1747 Φασὶ
531 1682 587 1742 δὲ
632 1682 722 1742 καὶ
762 1680 1136 1762 Πεισίστρατον
1164 1680 1439 1759 ὑπομεῖναί
1465 1705 1590 1741 ποτε
1616 1685 1879 1761 προσκλη-

331 1772 488 1832 θέντα
520 1771 667 1844 δίκην
695 1773 763 1837 εἷς
791 1769 988 1849 Ἀρειον
1011 1767 1197 1849 πάγον.
1214 1775 1293 1841 V,
1321 1771 1385 1841 8,
1414 1791 1482 1827 21
1511 1791 1525 1827 ε
1553 1769 1797 1829 Μάλιστα
1826 1767 1880 1828 δὲ

333 1857 615 1934 συμὸαίνει
632 1862 736 1925 τοῖς
758 1863 934 1936 θυμοῖς
963 1856 1257 1916 ἀκολουθεῖν
1282 1855 1366 1915 διὰ
1393 1855 1486 1928 τὴν
1515 1855 1691 1938 ὕὸριν,
1721 1859 1786 1916 δι’
1815 1856 1880 1928 ἢν

333 1944 509 2004 αἰτίαν
552 1943 589 2016 ἥ
624 1966 677 2002 τε
717 1946 820 2002 τῶν
864 1945 1305 2024 Πεισιστρατιδῶν
1351 1944 1605 2014 κατελύθη
1649 1943 1883 2023 τυραννὶς

342 2033 435 2092 καὶ
492 2030 685 2092 πολλαὶ
743 2034 848 2089 τῶν
888 2031 1081 2090 ἄλλων.
1128 2037 1179 2092 V
1196 2075 1213 2105 ,
1257 2035 1323 2104 8,
1377 2053 1413 2109 9
1469 2054 1483 2088 z
1532 2034 1881 2108 conspiratio

327 2134 537 2179 contra
582 2119 946 2177 Pisistratidas
980 2120 1126 2177 sacta
1161 2131 1241 2177 est
1280 2117 1365 2177 διὰ
1398 2117 1457 2177 τὸ
1491 2117 1883 2197 προπηλακίσαι

336 2206 434 2283 μὲν
461 2206 556 2278 τὴν
585 2204 857 2284 Ἁρμοδίου
888 2204 1144 2286 ἀδελφὴν,
1182 2204 1470 2285 ἐπηρεάσαι
1509 2207 1554 2264 δ’
1589 2204 1880 2286 Ἁρμόδιον·

331 2297 364 2351 ὁ
386 2292 483 2370 μὲν
505 2291 604 2373 γὰρ
624 2292 678 2353 ’Δ
687 2292 888 2373 ρμόδιος
911 2291 995 2349 διὰ
1013 2291 1108 2363 τὴν
1124 2290 1370 2373 ἀδελφὴν,
1391 2294 1418 2349 ὁ
1437 2294 1482 2350 δ’
1502 2291 1883 2372 Ἀριστογείτων

333 2380 424 2439 διὰ
446 2379 532 2438 τὸν
561 2377 852 2458 Ἁρμόδιον.
877 2379 960 2450 V,
992 2400 1060 2456 9,
1097 2379 1168 2436 23
1203 2397 1218 2439 t
1241 2377 1409 2459 Τρίτη
1434 2376 1456 2456 (
1472 2380 1630 2454 quod
1653 2380 1724 2436 ad
1745 2391 1881 2436 tem-

329 2488 443 2544 pus
468 2486 573 2543 per
595 2467 751 2542 quod
781 2463 1021 2543 steterit)
1063 2464 1108 2522 8⁹
1141 2467 1175 2536 ἡ
1203 2463 1497 2546 (τυραννὶς)
1544 2467 1644 2522 τῶν
1692 2466 1886 2525 Πεισι-

337 2555 626 2634 στρατιδῶν
655 2552 954 2625 Ἀθήνησιν·
980 2553 1073 2611 οὗκ
1096 2550 1295 2629 ἐγένετο
1325 2549 1378 2610 δὲ
1412 2550 1655 2630 συνεχής·
1686 2549 1759 2617 δὶς
1784 2550 1883 2630 γὰρ

338 2643 496 2723 ἔφυγε
527 2638 901 2721 Πεισίστρατος
918 2641 1178 2719 τυραννῶν
1193 2661 1206 2674 ·
1227 2636 1362 2696 ὥστε
1384 2640 1433 2696 ἐν
1455 2636 1589 2696 ἔτεσι
1608 2634 1885 2717 τριάκοντα

333 2729 428 2787 καὶ
447 2727 612 2808 τρισὶν
631 2726 980 2787 ἑπτακαίδεκα
1005 2724 1094 2797 ἶτη
1115 2723 1307 2784 τούτων
1328 2723 1684 2804 ἕτυράννευσεν
1701 2746 1713 2759 ·
1730 2724 1885 2782 ὀκτω·

335 2815 557 2874 καίδεκα
572 2814 624 2873 δὲ
646 2816 693 2872 οἱ
721 2814 902 2879 παῖδες
918 2835 932 2849 ·
956 2811 1088 2871 ὥστε
1116 2812 1181 2870 τὰ
1205 2810 1378 2870 πάντα
1405 2808 1607 2889 ἐγένετο
1633 2808 1725 2882 ἔτη
1747 2809 1887 2889 τρισί·

335 2922 498 2960 κοντα
524 2900 615 2961 καὶ
633 2898 840 2979 πέντε.]

422 2991 753 3063 [Clisthem‘s
799 2991 1121 3047 Aristoteles
1156 2989 1412 3045 meminit
1431 2988 1491 3042 in
1525 2987 1647 3046 Pol.
1670 2988 1788 3057 111,
1825 3006 1845 3041 1
1868 3027 1883 3055 ,

350 3099 417 3135 ιο
451 3099 464 3135 :
499 3073 809 3147 Κλεισθένης
833 3073 966 3153 μετὰ
991 3071 1087 3147 τὴν
1104 3076 1205 3132 τῶν
1228 3072 1487 3153 τυράννων
1513 3071 1733 3143 ἑκὸολὴν
1755 3073 1883 3129 πολ·

337 3162 461 3230 zob<
506 3162 809 3244 ἐφυλέτευσε
854 3160 1021 3231 ξένους
1077 3160 1168 3220 καὶ
1207 3159 1417 3226 δούλους
1454 3158 1740 3236 μετοίκους.
1793 3160 1882 3218 Id.

343 3255 439 3322 VI,
476 3272 530 3323 2,
567 3272 589 3308 1
607 3273 654 3323 1,
679 3252 968 3309 Clisthenis
993 3253 1242 3307 instituta
1259 3261 1490 3325 perapta
1519 3267 1631 3306 esse
1657 3248 1792 3304 dicit
1816 3246 1889 3301 ad

339 3340 699 3396 condendam
727 3358 850 3396 eam
892 3338 1323 3411 rempublicam,
1353 3339 1413 3391 in
1453 3355 1564 3411 qua
1592 3353 1783 3392 omnes
1811 3335 1885 3390 ci·

339 3445 440 3480 ves
461 3426 949 3483 administrationis
974 3426 1272 3499 participes
1290 3425 1455 3492 sint.]

1071 3573 1161 3631 18.

425 3717 614 3775 Schol.
641 3717 931 3792 Aristoph.
960 3717 1110 3774 Nub.
1152 3716 1220 3788 37
1254 3735 1269 3773 ε
1303 3713 1651 3794 Ἀριστοτέλης
1680 3711 1733 3772 δὲ
1769 3713 1889 3794 περὶ

344 3802 682 3870 Κλεισθένους
721 3802 877 3882 φησί·
908 3829 933 3854 κ
975 3803 1285 3876 Κατέστησε
1325 3802 1416 3861 καὶ
1456 3801 1754 3881 δημάρχους
1794 3801 1890 3872 τὴν

348 3889 510 3962 αὐτὴν
539 3889 752 3970 ἔχοντας
780 3888 1082 3967 ἐπιμέλειαν
1117 3894 1223 3957 τοῖς
1266 3891 1511 3971 πρότερον
1555 3889 1888 3969 ναυκράροις·

347 3978 436 4036 καὶ
465 3975 565 4056 γὰρ
593 3975 710 4044 τοὺς
733 3976 927 4054 δήμους
956 3978 1070 4036 ἀντὶ
1088 3981 1192 4037 τῶν
1217 3980 1544 4059 ναυκραριῶν
1569 3977 1830 4049 ἐποίησεν.
1865 4002 1889 4030 ε

425 4068 918 4140 ΗειιῬοοιτιιίοιιὝ.
945 4064 1285 4144 Ναυκραρικά
1320 4084 1335 4124 z
1370 4062 1721 4145 Ἀριστοτέλης
1746 4063 1789 4120 δ’
1838 4064 1890 4121 ἐν

349 4229 454 4278 lum
488 4228 812 4279 consulerent.
855 4228 1070 4279 Tandem
1112 4243 1193 4280 cos
1233 4230 1415 4280 misisse
1449 4228 1659 4291 primum
1694 4227 1892 4289 quidem

349 4305 472 4354 mari
507 4304 890 4367 Ancbimolium3
924 4303 1124 4369 deinde,
1159 4306 1458 4357 Anchimolio
1495 4305 1712 4368 repulso,
1743 4304 1894 4354 iratos

343 4382 560 4433 omisisse
577 4395 688 4432 cum
719 4381 890 4445 maiori
924 4383 1137 4433 exercitu
1175 4396 1332 4447 regem
1358 4384 1683 4433 Cleomenem.
1723 4383 1885 4440 llunc,

349 4460 585 4512 Thessalis
618 4461 747 4525 (qui
789 4463 1141 4513 Pisistratidas
1167 4462 1375 4512 auxilia
1401 4462 1689 4524 serebant)
1723 4460 1893 4523 proelio

347 4538 794 4601 victis,inAtticam
814 4538 1056 4600 invasisse,
1070 4541 1217 4602 atque
1244 4539 1462 4601 nippiam
1488 4551 1630 4589 muro
1654 4537 1894 4600 Pelasgico

349 4618 586 4667 inclusum
598 4616 835 4668 obsedisse
863 4616 1130 4681 usquedum
1153 4616 1688 4669 tiliosl’isistratidarum
1711 4629 1892 4668 exeun·

351 4696 425 4743 tec
445 4695 693 4757 cepissent.

417 4855 690 4906 Aristoteles
710 4854 771 4905 de
803 4854 1045 4906 Clisthene
1064 4853 1178 4904 dicit
1209 4874 1222 4904 z
1258 4873 1284 4898 κ
1326 4855 1585 4905 Constituit
1610 4854 1900 4905 demarchos

346 4932 521 4984 endem
539 4932 701 4983 munia
722 4947 832 4996 quae
849 4934 964 4983 olim
999 4935 1219 4983 nauci-ari
1245 4933 1508 4997 obeuntem
1527 4935 1705 4984 etenim
1731 4934 1899 4985 demos

351 5009 711 5059 naucrariamm
733 5010 839 5059 loco
858 5007 1051 5060 fecerat.
1073 5027 1097 5052 υ

417 5085 710 5136 Demarchus
743 5085 1048 5148 magistratus
1088 5085 1284 5147 qnidam
1328 5089 1449 5138 erat.
1492 5086 1755 5150 (cujusvis
1791 5089 1896 5152 pagi

1964 550 2199 632 μάρχους
2218 551 2313 621 τὴν
2341 551 2501 622 αὐτὴν
2543 551 2752 630 ἔχοντας
2792 551 3091 630 ἐπιμέλειαν
3126 556 3230 621 τοῖς
3270 557 3513 638 πρότερον

1963 638 2292 719 ναυκράροις·
2344 638 2557 714 δημίους
2609 640 2885 718 (δημαίους
2909 643 3039 699 cod.
3073 648 3141 703 A.
3172 665 3186 700 :
3213 657 3514 720 utrumque

1962 744 2072 801 pro
2084 725 2296 803 δήμους)
2316 724 2429 783 ἀντὶ
2449 728 2550 783 τῶν
2566 725 2869 807 ναυκράρων
2893 730 2951 804 (l.
2975 732 3316 809 ναυκραριῶν)
3338 732 3515 802 ἐποίη-

1967 834 2087 873 σαν.
2120 839 2144 864 »ι

2044 901 2203 957 Idem
2224 921 2282 961 V.
2316 899 2598 980 Δήμαρχος
2638 923 2651 959 :
2683 897 2891 982 Ἄρχων
2949 927 3025 970 τις
3068 897 3131 974 ἦν
3175 906 3203 961 ὁ
3249 902 3515 984 δήμαρχος

1968 985 2215 1058 (ἑκάστου
2241 986 2408 1063 δήμου
2433 990 2534 1046 τῶν
2564 990 2615 1045 ἓν
2644 986 2877 1057 Ἀθήναις
2898 992 2927 1047 ὁ
2945 990 3223 1101 κατάρχων
3250 990 3516 1070 δήμαρχος

1968 1072 2170 1150 ἐλέγετο
2192 1076 2364 1132 codd.
2385 1080 2459 1133 D.
2485 1078 2548 1135 E.
2566 1086 2622 1132 et
2638 1074 2837 1134 Suidas
2856 1096 2901 1134 s.
2929 1078 3011 1155 v)·
3033 1099 3173 1135 ουτοι
3202 1077 3364 1144 δὲτὰς
3386 1079 3514 1135 ἀπο·

1965 1158 2169 1240 γραφὰς
2191 1156 2577 1220 ἐποιοῦντο’τῶν
2600 1161 2892 1241 προσόντων
2922 1164 3025 1241 (sic
3042 1169 3115 1222 D.
3140 1168 3232 1236 E.;
3254 1165 3516 1222 ἐποιοῦντο

1968 1248 2022 1303 ἐν
2063 1248 2168 1325 Ν.)
2200 1247 2405 1326 ἑκάστῳ
2429 1246 2580 1328 δήμῳ
2624 1248 2854 1328 χωρίων·
2879 1250 2955 1308 ἔτι
2991 1248 3046 1309 δὲ
3076 1250 3166 1309 καὶ
3195 1249 3261 1309 τὰ
3297 1251 3518 1332 ληξιαρ-

1968 1332 2097 1411 χικὰ
2137 1342 2476 1411 γραμματεῖα
2514 1335 2658 1413 παρὰ
2685 1334 2882 1403 τούτοις
2907 1328 2992 1408 ἦν,
3020 1337 3111 1395 καὶ
3137 1342 3356 1417 συνῆγον
3401 1338 3519 1404 τοὺς

1970 1421 2160 1497 δήμους
2179 1422 2331 1479 ὁπότε
2360 1421 2615 1494 δεήσειεν,
2630 1422 2725 1480 καὶ
2752 1426 2921 1505 ψῆφον
2943 1426 3115 1491 αὐτοῖς
3134 1425 3366 1484 ἐδίδοσαν
3392 1425 3518 1504 (καὶ

1970 1508 2273 1587 ἕνεχύραζον
2304 1507 2359 1567 δὲ
2400 1500 2538 1567 οὗτοι
2567 1511 2697 1567 add.
2730 1511 2900 1568 codd.
2944 1516 3016 1571 D.
3061 1516 3123 1569 E.
3162 1524 3217 1570 et
3247 1515 3443 1571 Suidas
3476 1512 3514 1589 ).

1970 1594 2193 1663 Τούτους
2233 1594 2288 1654 δι’
2329 1617 2482 1674 φησιν
2509 1593 2862 1673 Ἀριστοτέλης
2885 1598 2936 1654 ἐν
2978 1597 3255 1670 Ἀθηναίων
3285 1599 3518 1680 πολιτεία

1970 1684 2070 1741 ὑπὸ
2117 1682 2448 1750 Κλεισθένους
2489 1687 2910 1755 κατασταθῆναι,
2956 1683 3050 1757 τὴν
3099 1685 3263 1757 αὐτὴν
3308 1686 3521 1766 ἔχοντας

1972 1767 2270 1845 ἐπιμέλειαν
2292 1770 2394 1837 τοῖς
2410 1769 2656 1849 πρότερον
2676 1769 2997 1850 ναυκράροις·
3021 1771 3098 1830 ὅτι
3119 1772 3171 1830 δὲ
3185 1773 3526 1853 ἠνεχυρίαζον

1970 1858 2019 1914 οῖ
2046 1855 2340 1937 δήμαρχοι,
2370 1858 2520 1930 δηλοῖ
2540 1857 2909 1937 Ἀριστοφάνης
2937 1860 2988 1916 ἐν
3017 1859 3222 1933 Σκηνὰς
3244 1861 3519 1937 καταλαμ·

1971 1943 2263 2012 ὅανούσαις.

2052 2033 2263 2089 Eadem
2285 2033 2501 2093 Suidas.
2525 2034 2610 2090 Cs.
2641 2052 2810 2108 supra
2834 2034 2905 2092 fr..
2927 2037 2996 2104 83
3022 2035 3273 2091 Eudocia
3299 2054 3357 2109 p.
3388 2035 3516 2105 108;

1973 2123 2113 2177 Lex.
2142 2122 2311 2176 Rhet.
2343 2122 2403 2175 in
2430 2121 2603 2176 Bekk.
2631 2120 2849 2180 Anecd.
2869 2140 2930 2196 p.
2959 2121 3101 2190 237,
3127 2121 3197 2192 83
3226 2130 3337 2188 242
3358 2164 3375 2192 ,
3409 2123 3516 2196 163

1971 2206 2171 2262 Pollux
2185 2208 2346 2276 vlu,
2384 2205 2509 2264 108.
2533 2208 2771 2280 Hesych.
2799 2225 2845 2265 S.
2875 2226 2932 2262 ν.
2970 2203 3268 2285 Δήμαρχοι,
3299 2206 3520 2286 Δήμαρ-

1970 2313 2089 2371 χον,
2120 2288 2441 2369 Ναύκλαροι,
2462 2294 2659 2349 Meier.
2684 2294 2768 2347 De
2785 2293 2950 2348 bonis
2969 2293 3159 2351 damn.
3182 2312 3245 2367 p.
3262 2294 3359 2365 80,
3384 2312 3518 2363 202,

1976 2388 2111 2451 2043
2137 2379 2367 2435 Boeckh.
2386 2381 2603 2434 OEcon.
2631 2380 2837 2437 Athen.
2860 2381 2915 2448 Ι,
2948 2379 3058 2450 275
3080 2399 3189 2452 sq.;
3217 2382 3273 2435 11
3291 2422 3307 2451 ,
3332 2399 3393 2455 p.
3423 2387 3519 2451 473

1985 2470 2283 2525 Hermann.
2316 2466 2479 2541 599,
2512 2466 2578 2536 53
2618 2485 2753 2534 ιιι,
2789 2472 2844 2530 ί..

2709 2631 2799 2685 ¹9·

2056 2760 2257 2816 Pollux
2268 2762 2372 2827 111,
2408 2779 2474 2830 17
2511 2780 2525 2813 τ
2552 2757 2621 2818 ‘O
2646 2758 2699 2815 δὲ
2724 2756 2939 2816 πάππου
2962 2757 2997 2829 ἢ
3016 2758 3173 2829 τήθης
3189 2758 3525 2840 πατὴρ,προ’-

1975 2862 2209 2911 παππος·
2239 2844 2379 2923 τάχα
2409 2844 2462 2903 δὲ
2491 2848 2670 2902 τοῦτον
2698 2843 2859 2909 εἴποις
2885 2846 3233 2924 τριτοπάτορα
3254 2890 3270 2919 ,
3305 2850 3374 2913 ὣς
3396 2846 3526 2925 ’Apa-

1976 2931 2236 3003 στοτίλης.
2266 2936 2331 2991 V.
2358 2933 2604 2990 Lobeck.
2640 2935 2726 2990 De
2762 2934 3013 3008 tritopat.
3041 2935 3102 2990 in
3125 2936 3281 2995 Misc.
3305 2937 3427 2993 crit.
3462 2938 3521 3007 1,

1980 3021 2033 3091 3,
2058 3041 2115 3096 p.
2141 3021 2276 3077 520.

2055 3110 2244 3165 Schol.
2277 3110 2636 3183 Aristophan.
2674 3111 2841 3183 Vesp.
2885 3108 2999 3179 578
3044 3128 3057 3163 ε
3087 3106 3440 3185 Ἀριστοτέλης
3468 3108 3523 3166 δέ

1979 3216 2133 3273 φησιν
2158 3191 2238 3251 ὅτι
2265 3191 2424 3273 ψήφῳ
2447 3196 2495 3251 οἱ
2522 3192 2897 3272 ἐγγραψάμενοι
2924 3193 3290 3269 δοκιμάζονται
3324 3192 3372 3253 οἳ
3393 3194 3524 3252 νεώ-

1977 3303 2115 3362 τεροι
2145 3279 2218 3356 μὴ
2249 3283 2377 3339 ἑτῶν
2404 3279 2472 3351 ιη’
2500 3279 2592 3357 (ιε’
2617 3279 2835 3358 Aldin.)
2863 3269 2983 3337 εἷεν.

2059 3394 2084 3418 «ι
2106 3368 2301 3448 Ψῆφον
2314 3369 2558 3442 intellige
2572 3368 2983 3442 gentiliciorum
3005 3369 3526 3441 etcurialiumjudi-

1979 3476 2136 3525 cum,
2170 3473 2288 3510 non
2308 3454 2669 3528 publicorum
2694 3455 2751 3508 in
2781 3454 3083 3511 dicasteriis
3102 3455 3451 3512 forensibus:
3476 3457 3524 3510 οἱ

1980 3540 2350 3621 ἐγγραψάμενοι
2388 3551 2516 3596 sunt
2554 3542 2624 3608 ii,
2665 3542 2764 3613 qui
2804 3542 2939 3595 olim
2978 3543 3034 3595 in
3074 3538 3239 3597 κοινὸν
3277 3562 3528 3616 γραμμα·

1978 3637 2111 3686 τεῑον
2126 3630 2285 3686 relati
2301 3639 2477 3683 erant.
2502 3652 2523 3676 υ
2540 3629 2782 3682 Bmcm.
2811 3630 2893 3683 De
2904 3626 3139 3701 ephebia
3157 3630 3339 3684 Attica
3353 3630 3411 3682 in
3435 3631 3526 3683 In-

1979 3716 2105 3772 dice
2124 3717 2429 3771 lectionum
2447 3714 2690 3788 uniyerS.
2708 3713 2953 3771 Berolin.
2981 3716 3151 3770 aestiV.
3190 3713 3357 3788 1819,
3387 3734 3443 3789 p.
3467 3723 3524 3782 4.

1979 3834 2057 3846 -
2080 3800 2182 3879 (ιε’)
2207 3802 2607 3858 Schoemannus
2626 3801 2814 3873 Antiq.
2835 3819 2899 3874 p.
2928 3799 3040 3857 208
3068 3820 3083 3856 ε
3114 3825 3137 3852 ι
3162 3803 3331 3874 Quod
3345 3814 3527 3858 autem

1980 3890 2238 3945 nonnulli
2261 3907 2357 3944 eos
2379 3889 2475 3961 qui
2503 3888 2721 3961 parvuli
2741 3888 2991 3961 inscripti
3008 3899 3183 3944 essent
3199 3930 3215 3958 ‚
3232 3899 3526 3963 postquam

1980 3977 2054 4032 ad
2071 3975 2423 4049 pubertatem
2439 3975 2834 4048 pervenissent,
2851 3975 3072 4030 circiter
3082 3976 3281 4048 quinto
3306 3975 3525 4030 decimo

1983 4065 2157 4119 aetatis
2184 4082 2331 4118 anno
2361 4064 2563 4118 iterum
2584 4059 3012 4136 producendos,
3041 4061 3439 4117 examinandos
3471 4071 3525 4117 et

1981 4224 2125 4275 Attici
2167 4225 2383 4288 pmceps
2418 4224 2684 4273 vocabatur
2717 4222 3051 4282 demarchus.)
3082 4224 3137 4272 lli
3166 4235 3305 4283 agros
3341 4225 3391 4272 et
3424 4225 3529 4272 loca

1979 4302 2042 4351 ad
2068 4302 2277 4365 singulos
2294 4314 2440 4364 pagos
2468 4300 2757 4362 pertinentes
2781 4299 3124 4360 inscribebant,
3149 4300 3337 4349 tabulas
3364 4301 3528 4349 lexiar-

1985 4381 2145 4431 cbicas
2162 4379 2518 4441 custodiebant,
2541 4392 2804 4441 pagofflue,
2829 4390 2981 4441 quum
3008 4392 3083 4428 res
3108 4379 3395 4440 postularet,
3416 4393 3528 4428 con·

1984 4458 2238 4508 vocabant.
2281 4461 2378 4508 uos
2411 4457 2689 4508 Aristoteles
2721 4457 2789 4505 ait
2808 4457 2859 4505 in
2890 4457 3063 4507 Athen.
3101 4461 3217 4519 Rep.
3240 4458 3527 4507 Clisthenem

1981 4535 2243 4585 instituisse
2279 4534 2445 4585 eadem
2482 4533 2711 4584 babentes
2737 4533 2903 4582 munia
2937 4547 3047 4596 quae
3081 4538 3223 4583 antea
3258 4534 3527 4584 babuerunt

1982 4615 2214 4663 nauci-ari.

2045 4780 2135 4830 Avi
2162 4780 2237 4830 vel
2272 4780 2393 4830 avim
2432 4782 2592 4844 pater,
2615 4783 2687 4830 est
2729 4792 2961 4842 proavus,
2980 4792 3124 4841 quem
3143 4781 3286 4828 etiam
3317 4780 3530 4842 τριτοπά·

1983 4875 2115 4921 τορα,
2129 4861 2339 4908 tercium
2346 4861 2547 4921 patrem
2557 4893 2572 4918 ,
2582 4857 2740 4908 dicere
2750 4857 2929 4918 liceret,
2940 4855 3115 4905 secund
3122 4869 3202 4904 um
3214 4855 3528 4906 Aristotelem.

2048 4934 2325 4985 Aristoteles
2360 4934 2477 4984 dicit
2503 4948 2704 4985 examen
2725 4933 2888 4983 subire
2910 4936 2956 4982 et
2988 4931 3335 4993 gentiliciorum
3355 4933 3529 4981 suffra·

1985 5012 2073 5074 giis
2098 5012 2431 5075 approbandos
2447 5026 2550 5062 esse
2564 5012 2792 5074 juvenes,
2816 5010 2898 5074 qui
2927 5014 3098 5060 exacto
3126 5011 3238 5061 vitae
3260 5024 3386 5061 anno
3404 5010 3527 5060 duo·

1987 5089 2276 5140 devicesimo
2298 5091 2347 5140 in
2365 5091 2490 5141 demi
2514 5093 2586 5140 sui
2605 5092 2718 5139 albo
2736 5090 3071 5139 inscribantur.
