4016 5916
526 450 639 501 550
1659 435 2092 496 ΜΑΝΕΤΗΟΝ
2098 435 2165 496 1S
2211 434 2683 496 SEBENNYTAE

521 572 803 627 habuisset
822 570 1112 626 Eusebius,
1144 571 1219 626 At
1239 570 1344 624 tale
1366 567 1501 641 quid
1523 586 1644 623 mea
1666 567 1937 623 sententia
1957 585 2078 622 non

524 659 671 715 foret
694 660 799 713 viri
826 659 1159 732 negligentis
1174 698 1189 726 ,
1218 656 1317 712 sed
1342 657 1439 729 qui
1463 655 1592 712 data
1620 673 1792 728 opera
1812 654 2080 729 stupidis·

524 748 723 801 simum
750 762 807 800 se
844 745 1109 799 exhibere
1132 744 1412 799 voluisset.
1452 773 1524 783 —
1560 740 1865 814 Quomodo
1892 759 1982 796 res
2021 757 2079 795 se

523 833 727 889 habeat
764 833 881 905 ipse
913 832 1183 887 Eusebius
1222 850 1290 886 eo
1330 829 1575 898 indicat,
1622 828 1777 902 quod
1816 827 2079 901 dynastiae

527 921 734 993 quintae
768 920 1015 991 primum
1052 935 1245 992 regem
1279 918 1443 990 ponit
1485 935 1609 971 eum
1630 958 1645 984 ,
1683 916 1781 988 qui
1814 915 2079 970 Africano

526 1015 608 1061 est
641 1006 858 1078 primus
878 1021 977 1058 rex
1013 1004 1277 1076 dynastiae
1305 1012 1507 1058 sextae:
1538 1004 1710 1076 igitur
1741 1010 1940 1073 quarta
1968 1000 2080 1072 dy-

525 1095 699 1148 nastia
728 1092 895 1147 etiam
922 1109 1079 1165 reges
1101 1090 1237 1163 (lym
1270 1092 1478 1162 quintae
1506 1089 1832 1161 complexus
1853 1099 1965 1155 est,
1988 1104 2083 1141 re-

526 1199 621 1254 ges
668 1191 852 1236 autem
905 1181 1198 1251 utriusque
1227 1178 1507 1254 ⁸dynastiae
1553 1175 1704 1249 apud
1756 1174 2080 1230 Africanum

527 1279 654 1323 sunt
674 1266 1092 1340 septemdecim.
1115 1265 1373 1320 Totidem
1393 1264 1679 1318 Eusebius.
1703 1263 1785 1319 De
1806 1280 2080 1316 annorum

526 1355 774 1410 numeris
800 1354 961 1409 aliter
988 1354 1235 1408 statuisse
1284 1352 1467 1406 debet.
1492 1353 1549 1405 Si
1576 1351 1771 1424 primis
1803 1360 1934 1403 octo
1988 1367 2085 1403 re-

527 1444 690 1517 gibus
730 1460 857 1497 cum
898 1442 1164 1498 Africano
1210 1439 1368 1495 dedit
1406 1457 1580 1494 annos
1625 1445 1766 1508 274,
1805 1437 2084 1510 sequentis

529 1530 793 1604 dynastiae
836 1529 1066 1603 regibus
1104 1529 1502 1600 relinquuntur
1543 1527 1671 1580 anni
1722 1534 1862 1595 174,
1908 1541 2082 1597 quum

530 1636 625 1692 ap.
657 1617 982 1674 Africanum
1010 1617 1119 1669 sint
1151 1613 1284 1679 248.
1330 1613 1441 1669 Sed
1480 1613 1832 1687 probabilius
1860 1613 1933 1666 ita
1974 1622 2082 1665 sta-

532 1705 674 1773 tuit,
712 1713 778 1758 ut
816 1704 1026 1775 quintae
1071 1701 1332 1775 dynastiae
1378 1700 1604 1772 regibus
1644 1698 1867 1753 dederit
1908 1715 2085 1753 annos

532 1789 680 1864 248,
730 1800 940 1864 quartae
976 1799 1159 1844 autem
1199 1807 1289 1846 an.
1338 1806 1470 1842 200.
1505 1788 1594 1841 Sic
1631 1786 1779 1841 enim
1824 1785 2084 1858 proxime

532 1867 747 1932 accedit
765 1876 837 1932 ad
860 1877 1188 1944 Barbarum,
1220 1877 1336 1948 qui,
1359 1875 1679 1930 Africanum
1699 1883 1756 1927 et
1785 1871 2082 1927 Eusebium

532 1976 741 2021 temere
757 1966 1014 2034 miscens,
1041 1973 1251 2037 quartae
1276 1962 1537 2035 dynastiae
1557 1960 1755 2015 tribuit
1776 1961 2083 2034 septemde-

531 2059 639 2107 cim
660 2070 819 2126 reges
841 2063 896 2106 et
919 2068 1095 2106 annos
1118 2056 1227 2115 214
1257 2067 1274 2123 3
1301 2050 1513 2121 quintae
1528 2066 1666 2102 vero
1691 2064 1846 2118 reges
1875 2063 1943 2100 21
1979 2045 2074 2117 (31

531 2159 639 2193 suae
668 2141 874 2212 quintae
896 2135 1099 2194 Euseb'.
1131 2136 1282 2210 dat),
1306 2153 1481 2190 annos
1515 2133 1649 2190 258.
1684 2134 1908 2189 Diutius
1933 2132 2083 2186 trici3

533 2231 682 2286 hisce
711 2231 980 2285 inhaerere
1003 2227 1186 2284 taedet.

609 2319 697 2374 De
719 2319 954 2393 singulis
979 2316 1220 2388 regibus.
1247 2345 1326 2355 --
1352 2315 1379 2367 l
1409 2324 1463 2367 et
1486 2314 1558 2367 11.
1585 2314 1742 2367 Duos
1768 2328 1926 2386 reges
1970 2329 2079 2382 po·

532 2416 766 2461 stremos
794 2405 1056 2478 dynastiae
1087 2402 1257 2457 tertiae
1281 2401 1463 2456 alieno
1496 2400 1622 2454 loco
1654 2400 1866 2473 positos
1891 2396 1963 2454 ad
1976 2399 2080 2452 ini·

532 2495 671 2549 tium
701 2492 963 2567 dynastiae
993 2500 1202 2564 quartae
1232 2484 1594 2546 deducendos
1619 2506 1732 2543 esse
1770 2504 1937 2560 supra
1967 2485 2082 2558 jam

528 2582 871 2638 monuimus».
902 2579 1143 2634 Nomina
1164 2588 1328 2632 sunt:

953 2700 1220 2774 Sephuris
1250 2710 1305 2755 et
1332 2695 1658 2769 Ketpheres.

532 2848 657 2904 quae
682 2829 1058 2903 probabiliter
1084 2830 1388 2884 Bunsenius
1415 2846 1474 2899 p.
1510 2844 1615 2896 127
1649 2825 1907 2880 emendat
1933 2827 2010 2880 ita
2038 2843 2052 2879 :

736 2937 745 2941 ’
809 2925 1134 3000 SechuphiS,
1186 2944 1277 2984 an.
1318 2925 1391 2982 30
1445 2989 1525 3014 Ξ
1552 2962 1622 3018 56

808 3006 1149 3079 Knepheres,
1197 3023 1286 3062 an.
1319 3006 1392 3059 26
1634 3007 1670 3071 '⁴

533 3100 706 3174 Apud
726 3100 1149 3155 Eratosthenem
1172 3101 1339 3173 primi
1361 3111 1657 3172 ponuntur
1690 3117 1701 3149 :

770 3193 1015 3267 Saophis
1041 3196 1097 3259 1,
1159 3212 1250 3249 an.
1287 3212 1360 3267 29
1461 3231 1534 3287 56

769 3272 1014 3348 Saophe's
1036 3276 1135 3341 II,
1163 3290 1254 3327 an.
1290 3291 1361 3343 27
1545 3280 1555 3289 '

609 3377 778 3434 Vides
828 3394 1098 3433 summam
1154 3394 1433 3433 annorum
1482 3376 1721 3432 eandem
1769 3394 1881 3431 esse
1930 3377 2087 3451 apud

532 3479 858 3540 utrumque.
891 3470 958 3527 In
986 3467 1278 3523 annalibus
1323 3467 1593 3543 AEgyptiis
1627 3468 1803 3521 notati
1837 3465 2084 3524 filet-int:

534 3574 609 3630 29
624 3556 778 3630 anni,
798 3574 833 3610 x
858 3574 1055 3611 menss.
1083 3567 1135 3618 Χ
1162 3554 1300 3610 et26
1327 3557 1519 3623 anni,x
1537 3572 1763 3623 menss.;
1789 3572 1931 3627 quos
1948 3556 2087 3611 alter

533 3643 609 3699 ad
638 3642 711 3698 30
742 3653 798 3698 et
829 3642 902 3698 26
920 3685 935 3712 ,
966 3643 1105 3698 alter
1132 3641 1206 3697 ad
1235 3661 1310 3716 29
1336 3654 1390 3697 et
1419 3660 1491 3714 27
1517 3660 1694 3697 annos
1719 3642 1966 3716 integros
1990 3662 2088 3698 re-

530 3748 734 3786 vocare
751 3731 958 3804 potuit.
982 3730 1152 3801 Quod
1173 3732 1400 3785 nomina
1422 3731 1633 3800 attinet,
1656 3728 1923 3803 Sesuphe's
1938 3729 2085 3786 idem

534 3828 613 3872 est
670 3816 827 3889 quod
867 3815 1096 3891 Suphe's,
1151 3816 1391 3891 Saophis
1414 3859 1429 3885 ‚
1473 3815 1702 3890 Sophis,
1758 3815 2089 3891 AEgyptiace

533 3905 749 3960 Cnuru.
804 3905 1038 3977 Saophis
1074 3903 1348 3958 secundus
1389 3899 1724 3980 (Σενσᾶωφις
1760 3903 1958 3973 Goar.‚
1980 3904 2081 3958 ubi

533 3989 743 4064 syllaba
782 3989 882 4048 Σεν
912 3990 1140 4046 sortasse
1167 4010 1285 4045 non
1321 4000 1445 4045 orta
1486 4001 1567 4045 est
1607 4008 1674 4045 ex
1725 3988 2088 4045 antecedente

534 4072 897 4152 ἐὸασίλευσεν)
923 4079 981 4133 in
1000 4079 1376 4132 monumentis
1395 4085 1475 4133 est
1488 4078 1978 4152 Cumano-enum,
2003 4079 2087 4131 in·

533 4164 757 4220 terdum
785 4166 950 4221 etiam
990 4166 1172 4220 solum
1200 4183 1516 4239 cognomen
1552 4165 1788 4238 ponitur
1824 4165 2086 4221 emmo.

532 4254 659 4309 Hoc
684 4263 913 4308 notatur
941 4254 1112 4308 ariete
1134 4293 1151 4323 ,
1183 4251 1342 4327 signo
1383 4252 1473 4307 dei
1507 4251 1791 4321 Thebani,
1840 4252 2078 4319 Chemu,

532 4342 712 4409 Num,
760 4340 990 4414 Kneplz‚
1043 4338 1331 4395 Chnumis.
1376 4341 1482 4397 vix
1522 4339 1696 4414 igitur
1726 4337 1968 4395 dubium
2003 4351 2086 4394 est

537 4429 675 4500 quin
723 4444 1043 4502 cognomen
1085 4426 1231 4500 regis
1272 4426 1537 4481 Manetho
1583 4427 1909 4499 expresserit
1945 4444 2087 4480 voce

533 4513 878 4589 KnephereS,
945 4515 986 4571 i.
1041 4531 1092 4568 e.
1135 4511 1429 4588 Kneph·re
1495 4512 1663 4589 (rex)
1703 4530 1745 4569 s.
1796 4512 2086 4585 Cneplzre‘.

529 4600 692 4656 Idem
714 4618 925 4679 nomen
947 4599 1102 4674 apud
1131 4599 1489 4656 Herodotum
1518 4611 1573 4656 et
1600 4599 1921 4655 Diodorum
1951 4601 2091 4655 abiit

533 4688 593 4742 in
636 4688 922 4762 Kephren,
963 4706 1132 4760 quem
1169 4687 1494 4744 Herodotus
1526 4689 1756 4745 fratrem
1792 4699 1849 4743 et
1873 4705 2090 4747 sueces-

533 4793 717 4831 sorem
752 4775 889 4835 dicit
915 4773 1161 4849 Γλιεορὶε,
1198 4776 1239 4833 i.
1266 4794 1319 4832 e.
1348 4774 1557 4845 Chusa.
1585 4778 1696 4832 Pro
1730 4775 1948 4850 cheope-
1973 4778 2088 4831 He-

533 4859 729 4916 rodoti
765 4860 1056 4918 Diodorus
1107 4859 1191 4935 (1,
1237 4860 1350 4938 63)
1391 4862 1552 4919 affert
1602 4858 1836 4937 Χέμμιν,
1890 4881 1934 4917 s.
1978 4859 2088 4920 Χέ-

537 4967 653 5020 μνιν
675 4967 720 5006 s.
764 4944 968 5024 Χέμὸιν
991 4967 1035 5005 s.
1062 4946 1308 5023 Χέμόην.
1328 4950 1404 5006 'Id
1429 4970 1563 5007 vero
1583 4967 1881 5026 perperam
1899 4948 2089 5005 fecisse

536 5031 780 5104 videtur,
811 5053 988 5108 quum
1019 5037 1252 5093 nomina
1279 5034 1442 5093 allata
1478 5038 1613 5094 item
1645 5037 1963 5109 exprimant
1990 5055 2089 5091 eo-

536 5136 781 5193 gnomen
811 5119 1002 5191 Cludit
1021 5123 1275 5192 secundi,
1310 5123 1556 5196 ideoque
1588 5122 1854 5181 Chemm‘s
1879 5140 2087 5177 nomen

534 5223 731 5263 revera
750 5226 869 5264 non
893 5206 1172 5265 diversum
1199 5209 1267 5265 sit
1295 5227 1325 5266 a
1351 5212 1581 5267 nomine
1609 5208 1887 5285 Kephmn.

2247 569 2356 640 Qui
2369 578 2680 641 sequuntur
2703 565 2855 640 apud
2873 566 3268 621 Manethonem
3291 585 3305 620 τ
3330 566 3491 622 Sonfs
3509 583 3594 622 an
3606 611 3620 624 .
3651 584 3774 640 293

2166 655 2376 729 SupIu‘s
2403 656 2431 709 I
2450 696 2467 728 ,
2494 672 2581 710 an.
2614 654 2715 724 633
2743 652 2953 728 Suphis
2975 655 3030 708 11
3054 673 3145 709 an.
3173 653 3281 727 663
3313 655 3352 707 ii
3375 673 3510 708 nou
3535 655 3772 710 diversi

2167 753 2294 797 sunt
2339 743 2409 797 ab
2449 741 2931 808 antecedentibus,
2973 750 3296 813 temereque
3337 742 3400 795 in
3441 744 3772 798 cumulum

2168 829 2227 887 h.
2259 830 2300 884 l.
2333 830 2559 904 aggesti.
2593 830 2812 885 Scilicet
2844 827 3015 905 Σῶρις
3053 840 3135 884 est
3169 828 3372 905 Σῶφις,
3401 834 3776 902 permutatis

2170 917 2342 972 literis
2361 918 2407 975 P
2421 917 2543 975 etti)
2563 914 2651 995 (Ἰ,
2675 917 2847 993 Σῶφις
2861 933 2997 972 vero
3013 916 3160 971 idem
3186 915 3347 988 quod
3371 916 3633 995 Σαῶφις.
3653 923 3771 974 Ac-

2174 1003 2322 1059 cedit
2369 1004 2529 1077 quod
2569 1006 2721 1060 Soris
2756 1006 2888 1059 anni
2946 1022 3021 1077 29
3067 1004 3418 1077 respondent
3459 1008 3647 1061 annis
3695 1026 3773 1081 29

2174 1091 2408 1164 Saophis
2443 1093 2613 1166 primi
2659 1109 2751 1165 ap.
2799 1092 3243 1147 Eratosthenem.
3288 1091 3515 1164 Suphis
3557 1095 3626 1148 11
3673 1113 3769 1167 ap.

2172 1180 2318 1235 Man.
2347 1179 2518 1234 habet
2545 1198 2718 1235 annos
2740 1179 2835 1235 66.
2858 1178 2968 1234 Sed
2995 1189 3147 1233 recte
3165 1219 3179 1246 ,
3216 1190 3358 1252 puto
3379 1222 3396 1252 ,
3425 1181 3778 1237 Bunsenius

2173 1268 2372 1339 reponi
2407 1267 2570 1339 jubet
2609 1266 2681 1322 56
2724 1287 2738 1322 :
2781 1284 2984 1339 nempe
3024 1266 3622 1339 comprehenduntur
3653 1272 3770 1326 hoe

2172 1371 2407 1407 numero
2434 1355 2563 1408 anni
2600 1356 2745 1429 regis
2771 1356 3083 1426 utriusque.
3119 1353 3288 1424 Quod
3307 1353 3432 1425 jam
3463 1367 3616 1412 ante
3642 1361 3770 1413 Ma·

2145 1441 2472 1495 *nethonem
2517 1442 2725 1497 sactum
2762 1459 2877 1497 esse
2911 1442 3121 1515 probat
3161 1440 3530 1512 Herodotus,
3580 1463 3766 1518 quem

2173 1529 2230 1580 in
2258 1528 2340 1582 his
2365 1530 2617 1601 sequitur
2633 1529 2943 1597 Diodorus,
2974 1530 3072 1601 qui
3089 1528 3304 1602 Cheopi
3325 1531 3542 1586 tribuit
3573 1550 3770 1588 annos

2175 1612 2248 1668 50
2267 1655 2283 1684 ,
2309 1616 2600 1688 Kephreni
2618 1635 2756 1672 vero
2778 1634 2953 1672 annos
2981 1616 3075 1672 56.
3102 1615 3339 1671 Accedit
3366 1618 3538 1689 quod
3565 1621 3616 1674 si
3649 1639 3765 1694 pro

2175 1700 2248 1755 66
2278 1705 2657 1758 numeraveris
2682 1702 2782 1772 56,
2812 1722 3026 1758 summa
3059 1721 3341 1759 annorum
3363 1704 3662 1776 dynastia!
3683 1711 3766 1762 lv

2173 1799 2254 1843 est
2291 1797 2402 1859 274
2425 1831 2441 1861 ,
2483 1792 2566 1845 uti
2600 1809 2713 1847 esse
2750 1792 2936 1849 debet.
2967 1795 3054 1847 De
3088 1792 3247 1846 annis
3283 1791 3360 1847 63
3398 1792 3698 1866 Suphidis
3737 1800 3762 1852 1

2174 1877 2332 1948 quod
2354 1877 2535 1934 dicam
2563 1880 2702 1934 nihil
2732 1880 2943 1948 babeo,
2971 1880 3076 1934 nisi
3099 1879 3256 1952 quod
3285 1880 3444 1934 idem
3469 1900 3766 1938 numerus

2172 1967 2469 2020 successori
2496 1967 2809 2041 Suphidum
2829 2007 2844 2037 ,
2868 1968 3186 2022 Menecheri
3204 2008 3219 2036 ,
3244 1966 3439 2022 datur.
3475 1971 3756 2026 Fortasse

2173 2052 2344 2125 igitur
2371 2054 2502 2109 hinc
2531 2056 2825 2109 translatus
2849 2066 2947 2110 est.
2993 2055 3250 2110 Ceterum
3296 2074 3480 2126 quum
3524 2059 3762 2132 Cbeops

2174 2149 2228 2193 et
2258 2141 2514 2213 Cephren
2536 2143 2608 2199 ab
2643 2141 2938 2198 Herodoto
2962 2154 3017 2197 et
3048 2141 3311 2197 Diodoro
3343 2143 3553 2199 fratres
3583 2146 3758 2202 filisse

2174 2225 2449 2298 dicantur,
2465 2231 2555 2285 vel
2575 2229 2705 2285 iude
2722 2239 2874 2303 patet
2887 2230 3233 2285 Manethonis
3249 2248 3530 2286 numeros
3549 2232 3568 2305 (
3593 2231 3672 2288 56
3689 2247 3741 2294 χ

2175 2313 2358 2369 63=1
2378 2316 2480 2390 19)
2510 2316 2785 2391 genuinos
2811 2334 2923 2371 esse
2950 2335 3066 2371 non
3100 2334 3284 2389 posse.
3328 2316 3495 2371 Idem
3535 2318 3754 2375 dixeris

2173 2405 2245 2460 de
2271 2404 2628 2462 HerodoteiS.
2667 2408 2852 2476 Atque
2875 2406 2980 2477 ipsi
3008 2414 3221 2459 veteres
3241 2404 3356 2458 hoc
3388 2405 3634 2460 sensisse
3661 2410 3750 2460 yi-

2175 2491 2410 2562 dentur3
2455 2512 2583 2548 nam
2610 2494 2783 2549 refert
2798 2492 3085 2548 Diodorus
3129 2488 3219 2567 (1,
3255 2491 3400 2564 64,)
3421 2495 3748 2550 secundini:

2173 2579 2476 2634 nonnullos
2520 2579 2771 2638 Cliemmi
2823 2580 3134 2634 successisse
3179 2597 3300 2633 non
3343 2579 3592 2635 {rau-em
3643 2583 3750 2637 Ce-

2172 2668 2444 2738 phrenen,
2464 2666 2561 2722 sed
2585 2666 2764 2721 filium
2788 2666 3102 2739 Chabtyen.
3130 2666 3213 2721 cf.
3241 2667 3485 2724 Boeckb.
3519 2687 3581 2741 p.
3607 2670 3741 2724 213.

2255 2755 2298 2811 F
2299 2764 2471 2810 ratres
2499 2756 2628 2811 istos
2651 2754 2971 2830 pyramides
2997 2756 3135 2810 duas
3167 2755 3441 2810 maximas
3470 2759 3744 2812 struxisse

2174 2853 2306 2898 nota
2335 2861 2423 2898 res
2450 2855 2545 2899 est.
2582 2849 2766 2916 Atque
2800 2845 3094 2899 maximam
3124 2843 3356 2916 quidem
3383 2863 3488 2899 rex
3526 2846 3748 2918 primus

2177 2929 2437 3009 (Cheops
2471 2931 2819 3008 Chemmis),
2860 2930 3164 2987 secundam
3203 2931 3608 3005 magnitudine
3643 2951 3739 2987 rex

2175 3020 2450 3074 secundus
2494 3016 2814 3099 (Cepbren)
2848 3017 3142 3075 aedificasse
3175 3017 3386 3073 dicitur
3425 3029 3550 3073 tum
3588 3020 3742 3094 apud

2179 3107 2534 3162 Herodotum
2561 3121 2683 3163 tum
2709 3107 2862 3181 apud
2889 3105 3227 3164 Diodorum.
3244 3108 3458 3161 Verum
3477 3126 3660 3179 quum
3684 3110 3740 3162 iu

2177 3195 2455 3269 lapidibus
2476 3196 2779 3271 pyramidis
2805 3197 3058 3251 maximae
3083 3194 3251 3249 semel
3273 3204 3500 3249 tantum
3531 3212 3742 3250 nomen

2179 3281 2367 3354 Chufu
2388 3282 2478 3360 (Ἢ
2519 3284 2690 3358 idque
2723 3287 2885 3359 juxta
2922 3284 3157 3340 alterum
3191 3300 3406 3337 nomen
3449 3283 3740 3339 Clmemu-

2176 3373 2378 3446 clmfic,
2417 3376 2526 3430 hoc
2567 3384 2755 3431 autem
2785 3375 3076 3449 saepissime
3119 3373 3238 3443 (vel
3281 3370 3740 3442 Chnemu-chufu

2177 3464 2264 3517 vel
2305 3461 2590 3537 Chnemu)
2637 3464 2852 3536 pictum
2889 3463 3125 3536 legatur,
3170 3461 3300 3514 hine
3335 3460 3558 3535 colligit
3585 3462 3738 3517 Ban-

2177 3550 2358 3604 senius
2377 3550 2724 3623 pyramidem
2756 3550 3051 3604 maximam
3093 3564 3207 3603 esse
3239 3546 3512 3615 secundi,
3552 3550 3740 3602 mino-

2179 3654 2296 3691 rem
2313 3637 2483 3710 primi
2501 3638 2663 3711 regis.
2686 3636 2836 3708 Quid
2860 3636 3122 3691 Manetho
3142 3635 3399 3689 statuerit
3419 3633 3740 3691 discernere

2177 3743 2294 3779 non
2326 3726 2517 3782 ausim.
2543 3725 2794 3799 Assignat
2818 3725 2910 3779 ille
2929 3722 3160 3796 quidem
3179 3720 3538 3795 pyramidem
3559 3726 3735 3780 maxi·

2177 3830 2325 3866 mam
2377 3810 2613 3885 Suphidi
2661 3812 2847 3884 primo
2867 3852 2882 3879 ,
2942 3810 3041 3865 sed
3087 3827 3264 3881 quum
3313 3808 3470 3864 idem
3523 3828 3738 3871 nomen

2176 3898 2368 3971 paullo
2404 3899 2677 3953 variatum
2701 3899 2770 3952 sit
2806 3895 3184 3952 antecedentis
3203 3896 3352 3969 regis
3369 3936 3386 3965 ,
3415 3913 3538 3950 non
3563 3897 3742 3969 liquet

2178 4004 2249 4041 au
2271 4004 2387 4040 non
2411 3985 2542 4041 huic
2562 3985 2911 4060 pyramidem
2945 3982 3246 4040 secundam
3285 3983 3609 4057 assignarit,
3641 4003 3741 4038 cu·

2176 4068 2618 4147 jusmentionem
2637 4084 2989 4146 excerptores
3011 4071 3267 4127 omittere
3289 4081 3579 4144 poterant.
3611 4070 3742 4128 Rue

2179 4159 2394 4217 aceedit
2425 4160 2583 4233 quod
2607 4161 2872 4216 Manetho
2904 4160 3014 4215 hoe
3049 4159 3179 4214 loeo
3213 4169 3416 4214 contra
3455 4159 3739 4215 Herodoti

2177 4249 2504 4304 sententiam
2535 4248 2833 4322 disputasse
2863 4246 3106 4317 videtur,
3137 4248 3224 4301 uti
3265 4246 3526 4302 indicant
3568 4248 3740 4303 verba

2177 4332 2242 4406 ἤν
2272 4355 2425 4413 φησιν
2467 4332 2742 4411 Ἡρόδοτος
2779 4333 2880 4390 ὑπὸ
2921 4331 3124 4399 Χέοπος
3161 4330 3452 4410 γεγονέναι.
3507 4336 3741 4391 Minime

2180 4424 2327 4479 enim
2349 4422 2646 4497 probabile
2673 4434 2752 4478 est
2774 4442 2902 4479 eum
2923 4420 3347 4497 reprehendisse
3373 4422 3742 4479 Herodotum

2179 4523 2480 4584 propterea
2508 4510 2666 4585 quod
2695 4511 2970 4585 Chcopem
2995 4510 3390 4584 appellaverit,
3422 4528 3602 4583 quem
3638 4512 3746 4567 Su-

2244 4722 2310 4785 (*)
2332 4722 2508 4784 Σῶφρις
2524 4732 2612 4783 pro
2635 4721 2777 4783 Σῶρις
2800 4718 3103 4768 scribendum
3122 4716 3344 4780 proponit
3364 4716 3550 4767 Robert
3575 4717 3742 4768 Fruin.

2181 4776 2508 4843 Manethon&
2555 4791 2825 4853 Reliquiae.
2864 4788 3143 4841 Dissertatio
3198 4787 3464 4849 inaugural.
3521 4787 3746 4851 Lugdun.

2184 4866 2320 4915 1847.
2342 4874 2392 4925 p.
2427 4864 2527 4912 146.

2242 4941 2329 5006 (**)
2356 4940 2527 5004 clausu
2557 4953 2734 4991 nomen
2751 4940 2894 4990 etiam
2917 4940 2963 4988 in
2983 4936 3212 5002 sepulcris
3231 4938 3406 4986 santet
3433 4936 3530 4986 loci
3549 4940 3748 5000 Lepsius

2179 5011 2414 5073 (Pron-ss.
2440 5012 2645 5073 allqem.
2670 5013 2917 5072 Zeilunq,
2948 5012 3083 5059 1840.
3107 5010 3177 5057 Ν
3197 5011 3256 5056 40
3277 5006 3522 5067 Beiloqe)
3545 5008 3744 5069 reperit,

2176 5083 2248 5131 uti
2260 5080 2513 5133 Boeckblus
2529 5080 2710 5131 notavit
2725 5094 2769 5144 p.
2793 5088 2903 5141 212,
2920 5079 3061 5130 simul
3076 5077 3137 5127 de
3154 5077 3228 5127 bis
3248 5076 3527 5126 nominibus
3541 5077 3754 5126 laudans·

2177 5152 2401 5203 naseinai
2430 5155 2565 5203 Mon.
2590 5155 2716 5202 scor.
2738 5153 2858 5202 tom.
2885 5154 2937 5214 1,
2971 5156 3072 5200 126.
3092 5151 3165 5208 11,
3185 5153 3278 5199 250
3295 5185 3312 5208 ‚
3336 5150 3386 5196 et
3405 5145 3581 5197 ideler.
3607 5150 3748 5198 Her·

2177 5225 2384 5290 mapion
2411 5235 2459 5288 p.
2494 5224 2600 5273 224.
