4016 5916
524 452 637 503 550

519 574 799 630 habuisset
820 572 1109 628 Eusebius.
1142 573 1217 628 At
1236 572 1342 627 tale
1364 569 1500 643 quid
1520 588 1640 626 mea
1664 570 1935 626 sententia
1954 588 2075 625 non

521 661 669 716 foret
691 662 797 715 viri
824 661 1156 734 negligentis
1171 700 1186 728 ‚
1215 658 1315 714 sed
1339 659 1436 731 qui
1460 658 1589 714 data
1617 675 1789 731 opera
1810 656 2077 732 stupidis·

522 749 720 804 simum
747 765 805 802 se
841 747 1106 801 exhibere
1128 746 1409 802 voluisset.
1449 775 1521 786 —
1557 743 1861 817 Quomodo
1889 762 1979 799 res
2018 760 2076 798 se

520 835 724 891 habeat
762 835 878 906 ipse
910 834 1180 889 Eusebius
1220 851 1287 889 eo
1327 831 1572 900 indicat,
1618 831 1774 905 quod
1814 829 2076 904 dynastiae

524 923 731 995 quintae
765 922 1011 993 primum
1049 937 1242 994 regem
1276 920 1441 992 ponit
1482 937 1606 973 cum
1627 960 1641 986 ,
1680 918 1777 991 qui
1811 918 2076 973 Africano

523 1017 604 1063 est
638 1008 855 1081 primus
874 1024 974 1061 rex
1010 1005 1274 1078 dynastiae
1301 1014 1504 1061 sextae:
1536 1006 1707 1078 igitur
1738 1013 1937 1075 quarta
1965 1003 2076 1075 dy-

521 1097 698 1150 nastia
725 1094 890 1148 etiam
919 1111 1076 1167 reges
1098 1092 1234 1165 (lym
1267 1094 1475 1165 quintae
1504 1091 1828 1164 complexus
1850 1101 1962 1158 est,
1984 1108 2080 1143 re—

523 1199 618 1256 ges
665 1192 849 1238 autem
902 1182 1195 1253 utriusque
1224 1180 1504 1256 *dynastiae
1551 1178 1701 1252 apud
1753 1177 2078 1233 Africanum

524 1280 651 1325 sunt
671 1267 1088 1342 septemdecim.
1111 1268 1371 1322 Totidem
1391 1266 1675 1320 Eusebius.
1699 1265 1782 1322 De
1802 1282 2077 1319 annorum

523 1357 771 1412 numeris
797 1356 958 1411 aliter
985 1356 1232 1411 statuisse
1279 1354 1464 1409 debet.
1489 1355 1545 1408 Si
1574 1354 1768 1426 primis
1800 1363 1931 1406 octo
1985 1370 2082 1406 re-

525 1445 687 1519 gibus
727 1462 854 1499 cum
894 1444 1160 1499 Africano
1207 1442 1365 1497 dedit
1402 1459 1577 1496 annos
1622 1447 1761 1511 274,
1801 1440 2081 1513 sequentis

526 1532 790 1606 dynastiae
833 1531 1062 1605 regibus
1101 1531 1499 1602 relinquuntur
1539 1529 1668 1582 anni
1719 1537 1859 1597 174,
1903 1545 2079 1600 quum

527 1638 621 1692 ap.
655 1618 981 1675 Africanum
1007 1619 1115 1671 sint
1147 1616 1281 1681 248.
1327 1616 1437 1671 Sed
1476 1616 1829 1690 probabilius
1856 1615 1929 1669 ita
1970 1625 2079 1668 sta-

530 1707 670 1773 tuit,
709 1715 774 1760 ut
813 1706 1021 1778 quintae
1066 1704 1328 1776 dynastiae
1375 1702 1600 1774 regibus
1640 1700 1863 1756 dederit
1904 1718 2081 1756 annos

528 1791 676 1866 248,
726 1802 936 1865 quartae
972 1802 1155 1845 autem
1195 1809 1285 1848 an.
1335 1807 1466 1844 200.
1501 1790 1591 1843 Sic
1628 1788 1777 1844 enim
1820 1788 2080 1860 proxime

529 1868 744 1934 accedit
761 1879 835 1934 ad
856 1879 1185 1946 Barbarum,
1217 1879 1332 1950 qui,
1355 1878 1675 1932 Africanum
1696 1886 1751 1930 et
1781 1874 2078 1929 Eusebium

528 1978 739 2022 temere
753 1968 1011 2036 miscens,
1037 1976 1247 2039 quartae
1272 1965 1533 2037 dynastiae
1554 1962 1750 2018 tribuit
1772 1963 2079 2037 septemde-

527 2061 636 2108 cim
657 2072 815 2128 reges
838 2064 892 2108 et
915 2071 1091 2108 annos
1114 2058 1223 2117 214
1253 2069 1270 2125 3
1297 2052 1509 2123 quintae
1525 2068 1662 2104 vcro
1686 2067 1842 2121 reges
1871 2066 1903 2102 α
1918 2068 1939 2101 1
1975 2048 2072 2120 (31

527 2161 635 2195 suae
664 2143 870 2214 quintae
892 2137 1095 2196 Euseb‘.
1127 2138 1278 2213 dat),
1301 2155 1477 2193 annos
1511 2135 1644 2194 253.
1680 2136 1904 2192 Diutius
1928 2135 2080 2188 tricis

530 2233 678 2288 hisce
707 2233 976 2287 inhaerere
1000 2229 1182 2286 taedet.

605 2321 693 2376 De
715 2321 950 2395 singulis
975 2318 1216 2390 regibus,
1243 2347 1322 2357 --
1348 2317 1375 2369 l
1405 2326 1460 2369 et
1482 2316 1553 2369 11.
1581 2317 1738 2369 Duos
1764 2331 1922 2389 reges
1965 2332 2075 2386 po·

528 2417 762 2463 stremos
790 2407 1052 2480 dynastiae
1082 2405 1252 2460 tertiae
1276 2404 1459 2458 alieno
1491 2403 1619 2457 loco
1649 2403 1861 2476 positos
1887 2399 2076 2457 adini·

528 2496 667 2551 tium
696 2495 959 2569 dynastiae
988 2503 1198 2566 quartae
1228 2486 1589 2548 deducendos
1614 2508 1728 2545 esse
1767 2507 1933 2563 supra
1963 2488 2078 2560 jam

524 2584 867 2639 monuimus,
898 2581 1139 2636 Nomina
1160 2590 1324 2635 sunt:

949 2702 1216 2776 Seplmris
1245 2713 1301 2756 et
1328 2698 1654 2772 Kcrplzeres.

528 2850 654 2906 quae
678 2830 1054 2904 probabiliter
1080 2832 1384 2886 Bunsenius
1410 2848 1469 2902 p.
1506 2845 1610 2898 127
1645 2827 1903 2883 emendat
1929 2829 2005 2883 ita
2034 2846 2048 2882 τ

805 2927 1129 3003 SechuphiS,
1182 2946 1272 2987 an.
1313 2927 1387 2984 30
1441 2991 1520 3015 Ξ
1548 2966 1618 3021 56

804 3008 1144 3081 Knephere5‚
1192 3025 1281 3064 an.
1314 3008 1387 3061 26
1629 3010 1641 3021 '

528 3101 701 3176 Apud
722 3102 1145 3157 Eratosthenem
1167 3103 1333 3175 primi
1357 3113 1651 3174 ponuntur
1685 3120 1696 3152 :

765 3195 1010 3289 Saophis
1036 3199 1092 3262 1,
1155 3213 1245 3251 an.
1282 3214 1355 3269 29
1456 3233 1529 3289 56

764 3274 1009 3350 Saophes
1031 3278 1131 3343 II,
1158 3292 1249 3329 an.
1285 3293 1357 3345 27
1540 3283 1550 3291 ‘

604 3378 773 3436 Vides
823 3397 1092 3435 summam
1149 3396 1428 3435 annorum
1477 3378 1715 3434 eandem
1764 3397 1876 3434 esse
1925 3380 2082 3453 apud

527 3480 853 3542 utrumque.
886 3471 953 3528 In
981 3469 1273 3525 annalibus
1317 3470 1588 3545 AEgyptiis
1622 3470 1799 3523 notati
1832 3468 2079 3527 fuerint:

529 3576 605 3632 29
620 3558 772 3631 anni,
793 3576 827 3612 x
853 3576 1050 3612 menss.
1079 3567 1130 3620 ><
1156 3556 1295 3611 etaG
1322 3558 1514 3625 anni2x
1532 3574 1759 3626 menss.;
1784 3575 1926 3630 quos
1943 3559 2082 3614 alter

528 3644 601 3700 ad
633 3644 706 3699 30
737 3655 793 3700 et
824 3644 897 3700 26
915 3687 931 3713 ,
961 3644 1100 3700 alter
1127 3643 1200 3699 ad
1230 3663 1305 3718 29
1330 3656 1386 3699 et
1414 3662 1487 3715 27
1512 3662 1689 3699 annos
1713 3645 1960 3719 integros
1985 3664 2083 3701 re—

525 3750 729 3787 vocare
747 3734 953 3806 potuit.
977 3731 1147 3803 Quod
1168 3734 1396 3787 nomina
1417 3732 1628 3803 attinet,
1650 3731 1917 3805 Sesuphe‘s
1932 3731 2080 3789 idem

529 3829 608 3873 est
665 3818 823 3891 quod
862 3817 1091 3893 Saphar,
1146 3817 1385 3892 Saophis
1409 3860 1423 3887 ,
1468 3817 1697 3892 Sophe'S,
1752 3818 2084 3893 AEgyptiace

528 3906 744 3961 Curru·
798 3907 1033 3979 Saophis
1069 3905 1344 3961 secundus
1384 3902 1719 3983 (Σενσάωφις
1755 3905 1953 3977 Goar.‚
1975 3907 2076 3960 ubi

527 3990 738 4066 syllaba
777 3991 877 4050 Σεν
907 3992 1135 4048 sortasse
1162 4012 1280 4047 non
1316 4002 1438 4047 orta
1482 4003 1562 4047 est
1602 4010 1668 4047 ex
1719 3992 2082 4047 antecedente

529 4074 892 4153 ἐὸασίλευσεν)
917 4080 973 4134 in
995 4081 1371 4134 monumentis
1390 4088 1468 4135 est
1483 4080 1972 4154 Cunnum-enum,
1996 4080 2081 4133 in·

528 4166 750 4222 terdum
780 4168 946 4222 etiam
985 4168 1167 4222 solum
1196 4185 1510 4242 cognomen
1549 4168 1783 4239 ponitur
1818 4166 2080 4224 Cmnu,

526 4255 653 4310 Hoc
678 4265 908 4310 notatur
935 4257 1105 4309 ariete
1129 4295 1145 4325 ,
1177 4254 1337 4329 signo
1377 4254 1468 4310 dei
1502 4254 1786 4324 Thebani,
1834 4253 2072 4320 Chemu,

527 4342 706 4410 Num,
754 4342 984 4416 Kneplz‚
1038 4340 1326 4398 Chnumis.
1370 4343 1476 4399 Vix
1517 4342 1690 4416 igitur
1722 4338 1962 4397 dubium
1997 4352 2078 4396 est

531 4429 669 4501 quin
717 4446 1037 4503 cognomen
1079 4428 1225 4502 regis
1266 4428 1530 4485 Manetho
1576 4428 1903 4502 expresserit
1939 4446 2081 4483 voce

1656 438 2162 499 MANETfloNts
2208 437 2680 499 SEBENNYTAE

2244 572 2353 643 Qui
2367 581 2677 644 sequuntur
2699 569 2852 644 apud
2869 570 3265 625 Manethonem
3289 588 3302 623 :
3326 570 3489 625 Sor-is
3507 587 3589 626 an
3602 616 3619 627 .
3653 588 3782 645 29³

2163 658 2373 732 Saphe‘s
2400 659 2428 712 I
2447 700 2464 732 ‚
2491 675 2578 713 an.
2611 657 2711 727 633
2740 657 2949 732 Suphis
2972 659 3028 712 11
3050 676 3143 712 an.
3170 658 3279 731 663
3309 659 3346 711 ii
3373 677 3506 712 non
3529 659 3777 714 diversi

2164 755 2292 800 sunt
2336 746 2406 800 ab
2446 745 2928 812 antecedentibus,
2971 753 3294 817 temereque
3333 747 3398 799 in
3435 748 3776 804 cumulum

2165 832 2225 889 h.
2256 833 2296 887 l.
2330 834 2557 907 aggesti.
2590 833 2809 888 Scilicet
2841 830 3011 908 Σῶρις
3049 843 3131 888 est
3165 832 3368 910 Σῶφις,
3395 838 3778 906 permutatis

2166 920 2339 975 literis
2358 921 2404 978 P
2418 920 2540 978 eta>
2559 917 2647 998 (*);
2672 920 2844 996 Σῶφις
2858 938 2994 974 vero
3009 919 3157 975 idem
3185 919 3343 992 quod
3366 920 3623 999 Σαῶφις.
3645 927 3770 979 Ac·

2170 1005 2319 1062 cedit
2366 1008 2525 1080 quod
2566 1010 2717 1064 Soris
2753 1010 2885 1062 anni
2943 1025 3017 1081 29
3063 1007 3411 1081 respondent
3451 1012 3638 1065 annis
3688 1030 3770 1084 29

2171 1095 2405 1167 Saophis
2439 1095 2610 1169 primi
2655 1113 2748 1169 ap.
2796 1095 3240 1150 Eratosthenem.
3286 1095 3508 1169 Suphis
3547 1099 3612 1152 11
3661 1118 3766 1171 ap.

2170 1183 2315 1238 Man.
2343 1182 2514 1237 habet
2541 1201 2714 1238 annos
2737 1182 2831 1238 66.
2855 1181 2963 1238 Sed
2991 1193 3144 1237 recte
3162 1223 3176 1250 ,
3213 1195 3354 1256 puto
3374 1226 3391 1256 ,
3419 1185 3784 1242 Bunsenius-

2169 1271 2368 1342 reponi
2403 1270 2566 1342 jubet
2605 1269 2677 1325 56
2721 1290 2734 1326 t
2778 1288 2981 1343 nempe
3021 1271 3606 1343 comprehenduntur
3639 1275 3780 1330 boc·

2169 1373 2404 1410 numero
2430 1358 2558 1411 anni
2596 1359 2742 1433 regis
2767 1359 3080 1430 utriusque.
3116 1357 3285 1428 Quod
3304 1357 3426 1429 jam
3455 1370 3601 1416 ante
3627 1364 3758 1418 Ma·

2141 1444 2469 1498 methonem
2514 1445 2721 1500 sactum
2759 1463 2873 1500 esse
2908 1445 3117 1519 probat
3157 1445 3522 1516 Herodotus,
3567 1467 3754 1521 quem

2171 1531 2228 1583 in
2254 1531 2336 1586 his
2361 1519 2613 1604 seqnitur
2630 1532 2938 1601 Diodorus,
2970 1534 3068 1604 qui
3085 1532 3300 1606 Cheopi
3321 1535 3534 1590 tribuit
3562 1554 3756 1592 annos

2172 1614 2244 1671 50
2263 1658 2279 1686 ‚
2307 1620 2596 1691 Kephreni
2615 1638 2752 1676 vero
2774 1637 2949 1675 annos
2977 1620 3071 1676 56.
3098 1619 3334 1676 Accedit
3359 1622 3531 1693 quod
3555 1625 3602 1678 si
3635 1643 3750 1698 pro

2171 1703 2244 1759 66
2274 1708 2652 1761 numeraveris
2678 1707 2779 1776 56,
2807 1726 3022 1762 summa
3056 1724 3336 1762 annorum
3355 1707 3646 1781 dynastiae
3669 1714 3748 1766 lv

2170 1802 2250 1846 est
2287 1800 2398 1862 274
2421 1834 2437 1864 ,
2479 1796 2562 1848 uti
2597 1813 2709 1850 esse
2746 1796 2932 1854 debet.
2964 1799 3050 1851 De
3085 1797 3243 1850 annis
3279 1794 3352 1850 63
3391 1795 3684 1870 Suphidis
3721 1804 3746 1856 1

2170 1878 2327 1951 quod
2350 1880 2532 1937 dicam
2559 1884 2698 1937 nihil
2728 1884 2908 1938 babeo
2922 1923 2939 1953 ,
2965 1884 3072 1938 nisi
3095 1882 3252 1956 quod
3279 1884 3436 1938 idem
3461 1903 3747 1942 nume-ms

2168 1971 2464 2024 successori
2492 1969 2805 2044 Suphidum
2825 2011 2840 2041 ‚
2864 1971 3182 2026 Menecheri
3200 2012 3215 2039 ‚
3240 1970 3432 2026 datur.
3465 1975 3740 2030 Fortasse

2170 2055 2340 2128 igitur
2367 2057 2498 2112 hinc
2527 2059 2821 2113 translatus
2845 2069 2943 2113 αῖ.
2989 2058 3246 2113 Ceterum
3290 2077 3468 2130 quum
3512 2063 3746 2136 Che-ops

2170 2153 2225 2197 et
2254 2145 2510 2216 Cephren
2533 2146 2604 2201 ab
2639 2145 2934 2201 Herodoto
2958 2157 3015 2201 et
3044 2145 3305 2201 Diodoro
3337 2148 3541 2202 fratres
3571 2150 3742 2207 fuisse

2170 2228 2446 2301 dicantur,
2463 2234 2550 2288 vel
2571 2233 2700 2289 inde
2718 2243 2871 2306 patet
2883 2234 3230 2289 Manethonis
3245 2252 3519 2290 numeros
3539 2236 3558 2309 (
3583 2235 3660 2292 56
3676 2249 3726 2299 χ

2171 2317 2355 2372 6321
2374 2319 2476 2393 19)
2506 2319 2781 2394 genuinos
2807 2338 2919 2375 oese
2947 2339 3065 2375 non
3096 2337 3280 2393 posse.
3321 2319 3485 2375 Idem
3525 2322 3740 2379 dixeris

2169 2407 2241 2463 de
2267 2407 2624 2465 Herodoteis.
2663 2412 2848 2480 Atque
2871 2410 2976 2481 ipsi
3004 2417 3217 2463 veteres
3237 2408 3350 2462 hoc
3380 2409 3622 2464 sensisse
3651 2414 3735 2464 si·

2171 2494 2406 2565 dentur-3
2451 2515 2580 2551 nam
2606 2498 2777 2551 refert
2794 2496 3081 2552 Diodorus
3125 2492 3216 2571 (1,
3251 2495 3324 2559 64
3343 2495 3392 2568 ‚)
3413 2498 3736 2553 secundum

2169 2582 2473 2637 nonnullos
2516 2582 2766 2641 Chemmi
2818 2584 3130 2637 successisse
3175 2601 3294 2637 non
3337 2582 3583 2639 fratrem
3634 2587 3738 2641 Ce-

2168 2670 2440 2742 phrenen,
2459 2669 2557 2725 sed
2579 2670 2760 2725 filium
2784 2669 3098 2742 Chabtyen.
3126 2670 3209 2726 Cf.
3237 2671 3476 2728 Boeckb.
3508 2691 3573 2744 p.
3598 2674 3732 2727 213.

2251 2758 2466 2814 Fratres
2493 2759 2624 2814 istos
2647 2758 2967 2833 pyramides
2992 2759 3131 2814 duas
3163 2760 3434 2813 maximas
3463 2763 3734 2816 struxisse

2170 2855 2301 2900 nota
2330 2864 2419 2901 res
2446 2859 2540 2902 est.
2577 2851 2761 2921 Atque
2796 2849 3093 2902 maximam
3120 2847 3350 2921 quidem
3376 2867 3479 2902 rex
3515 2851 3740 2921 primus

2172 2933 2432 3011 (cheops.
2467 2935 2814 3012 Chemmis),
2855 2933 3158 2991 secundam
3199 2934 3600 3009 magnitudine
3634 2955 3730 2991 rex

2171 3022 2446 3078 secundus
2489 3020 2809 3102 (Cepbren)
2843 3021 3138 3078 aedificasse
3170 3022 3381 3077 dicitur
3419 3033 3540 3077 tum
3581 3024 3734 3098 apud

2174 3109 2530 3166 Herodotum
2557 3124 2678 3167 tum
2705 3110 2858 3186 apud
2885 3109 3221 3168 Diodorum.
3239 3112 3452 3165 Verum
3471 3130 3652 3183 quum
3676 3114 3732 3166 in

2172 3198 2449 3272 lapidibus
2471 3200 2775 3274 pyramidis
2800 3202 3053 3255 maximae
3077 3198 3245 3253 semel
3268 3208 3494 3252 tantum
3521 3217 3736 3254 nomen

2174 3284 2363 3357 Clmfu
2383 3285 2474 3363 (⁸¹⁹)
2515 3287 2686 3362 idque
2719 3290 2881 3362 juxta
2917 3288 3153 3344 alterum
3186 3304 3400 3341 nomen
3442 3287 3732 3344 Clmemu-

2172 3375 2373 3449 clugfu,
2412 3379 2521 3433 hoc
2562 3387 2749 3433 autem
2780 3378 3071 3453 saepissime
3114 3376 3234 3447 (vel
3275 3373 3734 3446 Chnemu-cbufu

2172 3467 2259 3519 vel
2300 3464 2585 3539 Chnemu)
2632 3467 2847 3539 pictum
2885 3467 3120 3540 legatur,
3165 3465 3293 3519 hinc
3327 3464 3548 3539 colligit
3579 3466 3734 3519 Bun-

2171 3554 2353 3607 senius
2372 3553 2719 3626 pyramidem
2749 3555 3046 3608 maximam
3088 3568 3202 3607 esse
3233 3550 3504 3619 secundi,
3543 3555 3734 3606 mino-

2174 3657 2290 3694 rem
2308 3640 2477 3713 primi
2496 3643 2658 3715 regis.
2681 3640 2832 3712 Quid
2853 3640 3118 3695 Manetho
3137 3640 3390 3693 statuerit
3410 3636 3732 3695 discernere

2171 3746 2289 3782 non
2321 3729 2511 3785 ausim.
2538 3729 2790 3802 Assignat
2811 3729 2905 3782 ille
2924 3726 3154 3800 quidem
3175 3725 3528 3800 pyramidem
3547 3729 3730 3783 maxi·

2173 3833 2320 3870 mam
2372 3814 2608 3888 Suphidi
2655 3817 2842 3887 primo
2863 3856 2877 3883 ,
2937 3814 3035 3869 sed
3082 3831 3259 3885 quum
3307 3812 3456 3867 idem
3513 3832 3733 3874 nomeu

2171 3901 2364 3972 paullo
2399 3902 2671 3956 variatum
2696 3903 2766 3955 sit
2801 3900 3180 3956 antecedentis
3199 3900 3341 3973 reg-is
3357 3939 3373 3966 ,
3401 3915 3522 3952 non
3546 3899 3736 3971 liquet

2173 4007 2244 4044 an
2265 4007 2383 4043 non
2404 3988 2536 4044 huic
2557 3988 2904 4063 pyramidem
2940 3986 3242 4043 secundam
3279 3986 3592 4059 assignarit,
3627 4006 3736 4041 cu·

2170 4071 2256 4150 jus
2271 4077 2613 4132 mentionem
2632 4087 2985 4150 excerptores
3004 4075 3261 4131 omittere
3283 4082 3560 4147 poterant.
3595 4072 3736 4131 Huc

2173 4163 2388 4220 accedit
2419 4163 2576 4237 quod
2601 4165 2865 4220 Manetho
2898 4164 3009 4219 hoc
3044 4163 3174 4218 loco
3209 4172 3402 4219 contra
3438 4161 3732 4217 Herodoti

2171 4252 2499 4307 sententiam
2528 4251 2827 4326 disputasse
2857 4251 3100 4322 videtur,
3132 4252 3218 4305 uti
3259 4249 3509 4305 indicant
3552 4251 3732 4306 verba

2172 4335 2236 4408 ἥν
2266 4358 2419 4417 φησιν
2461 4335 2736 4415 Ἡρόδοτος
2774 4336 2874 4395 ὑπὸ
2915 4335 3118 4403 Χέοπος
3155 4335 3440 4414 γεγονέναι.
3492 4338 3732 4394 Minime

2174 4427 2322 4481 enim
2343 4426 2640 4500 probabile
2668 4438 2746 4482 est
2767 4445 2894 4483 eum
2917 4424 3340 4501 reprehendisse
3364 4424 3731 4481 Herodotum

527 4514 872 4590 Knepheres,
940 4516 979 4573 i.
1034 4533 1085 4571 e.
1130 4514 1422 4590 Knephwe
1489 4514 1657 4591 (rex)
1697 4533 1739 4572 a.
1790 4513 2079 4588 Cnephoee‘.
2171 4526 2474 4587 propterea
2502 4514 2659 4589 quod
2689 4515 2963 4589 Cheopem
2988 4514 3381 4588 appellaverit,
3413 4531 3584 4586 quem
3625 4514 3736 4568 Su-

523 4601 686 4658 Idem
707 4620 919 4681 nomen
941 4601 1096 4676 apud
1125 4601 1481 4659 Herodotum
1512 4614 1568 4659 et
1594 4601 1916 4658 Diodorum
1944 4603 2084 4658 abiit

527 4689 587 4743 in
630 4689 917 4765 Kephren,
957 4707 1126 4763 quem
1163 4690 1488 4747 Herodotus
1519 4691 1749 4748 fratrem
1785 4701 1842 4746 et
1866 4708 2084 4750 succes-

526 4794 711 4833 sorem
745 4776 883 4837 dicit
908 4776 1156 4851 CheopiS,
1192 4778 1232 4836 i.
1259 4796 1312 4835 e.
1341 4776 1551 4847 Chusa.
1580 4781 1690 4835 Pro
1724 4778 1942 4853 cheope-
1967 4781 2081 4834 He-

527 4862 721 4918 rodoti
759 4863 1049 4920 Diodorus
1101 4862 1185 4938 (1,
1232 4862 1306 4922 63
1330 4867 1344 4940 )
1384 4865 1546 4921 affert
1596 4861 1830 4939 Χέμμιν,
1883 4884 1928 4921 s.
1972 4862 2080 4923 Χέ-

530 4968 646 5022 μνιν
669 4969 713 5008 s.
757 4946 961 5025 Χέμὸιν
985 4970 1028 5007 s.
1056 4948 1302 5024 Χέμόην.
1321 4953 1399 5008 ’Ῑά
1421 4972 1558 5009 vero
1578 4970 1873 5027 perperam
1893 4951 2083 5008 fecisse

529 5034 772 5106 videtur,
804 5055 980 5109 quum
1012 5039 1246 5095 nomina
1272 5037 1437 5095 allata
1471 5041 1607 5096 item
1639 5039 1957 5112 exprimant
1984 5058 2082 5094 co-

528 5139 774 5194 gnomen
804 5120 995 5201 Chusu
1013 5125 1269 5195 secundi,
1304 5125 1550 5198 ideoque
1582 5125 1848 5182 Chemmis
1872 5142 2080 5180 nomen

527 5225 724 5264 revera
743 5228 860 5266 non
886 5208 1165 5266 diversum
1192 5211 1261 5267 sit
1288 5229 1319 5268 a
1344 5213 1574 5269 nomine
1603 5210 1880 5288 Kepkoen.

2237 4724 2303 4788 (*)
2325 4726 2502 4787 Σῶφρις
2519 4736 2605 4787 pro
2628 4725 2771 4786 Σῶρις
2794 4721 3097 4771 scribendum
3115 4721 3338 4784 proponit
3357 4720 3536 4771 Robert
3560 4720 3728 4769 Fruin.

2175 4780 2501 4846 Menelhoni's
2548 4794 2817 4856 Reliquiae.
2855 4791 3135 4843 Dissertatio
3191 4790 3455 4854 inungui-al.
3509 4789 3732 4853 Lugdun.

2178 4870 2313 4918 1847.
2336 4877 2385 4929 p.
2422 4867 2522 4916 146.

2235 4944 2322 5009 (**)
2350 4943 2521 5007 clausu
2551 4956 2726 4994 nomen
2743 4943 2886 4992 etiam
2909 4941 2956 4991 in
2976 4940 3205 5005 sepulcris
3225 4942 3398 4990 Sentiet
3426 4939 3518 4988 loci
3537 4940 3734 5001 Lepsios

2173 5016 2407 5076 (Preme.
2434 5015 2639 5076 aetqem.
2663 5016 2909 5074 Zeitmw,
2940 5016 3075 5063 1840.
3101 5013 3170 5060 Ν*
3190 5015 3250 5060 40
3270 5010 3508 5070 Beilaqe)
3531 5010 3731 5071 reperit,

2171 5086 2241 5135 uti
2253 5084 2506 5136 Boeckhius
2522 5083 2704 5135 notavit
2718 5097 2762 5147 p.
2786 5090 2893 5143 212,
2911 5081 3054 5133 simul
3069 5080 3130 5131 de
3147 5080 3221 5130 his
3242 5080 3515 5129 nominibus
3527 5078 3742 5127 laudans

2170 5155 2396 5206 Rusellini
2423 5158 2558 5206 Mon.
2583 5158 2709 5205 ster.
2729 5156 2848 5205 tom.
2876 5156 2928 5215 1,
2962 5158 3065 5203 ¹26.
3084 5154 3127 5203 u
3144 5186 3158 5211 ,
3179 5158 3272 5201 250
3289 5188 3304 5212 ‚
3329 5154 3378 5199 et
3397 5148 3567 5200 ideler.
3595 5153 3736 5198 Her·

2171 5228 2378 5293 mapion
2405 5238 2453 5291 p.
2487 5227 2592 5276 224.
