4016 5916
451 364 536 415 90
1879 345 2189 407 Dmoxls

447 503 646 543 carere
669 492 903 550 statuat,
927 478 1408 554 quemadmodum
1439 478 1702 535 feminam
1723 478 2010 551 juniorem
2049 508 2061 571 1
2099 497 2240 535 mar.
2274 480 2332 533 in
2361 480 2535 535 Dion.
2577 479 2721 536 Cass.
2750 489 2889 534 tom.
2920 480 3004 549 11,
3037 497 3098 554 p.
3139 478 3303 536 1521.
3344 481 3660 536 Ruhnken.

457 576 516 628 in
568 571 746 627 insula
802 571 1058 626 Sumatra
1116 568 1233 623 sine
1289 585 1470 622 cornu
1523 565 1666 622 vidit
1713 568 2006 623 Marsden.

2098 567 2158 620 in
2186 565 2483 621 Adversar.
2530 565 2602 621 ad
2645 566 2823 621 schol.
2862 566 3081 622 Platon.
3122 567 3312 624 Phaed.
3344 586 3403 641 p.
3448 567 3556 641 89,
3580 570 3663 638 C,

451 680 513 734 p.
539 659 645 718 135
662 675 804 713 vers.
826 674 1003 731 germ.
1033 679 1055 705 υ
1079 642 1217 717 ...ὗς
1234 650 1468 732 τετρακ.]
1486 654 1691 709 «Suem
1709 655 2013 729 Barbyrus·
2098 652 2328 709 Duridis
2365 672 2575 709 nomen
2612 654 2785 709 latere
2816 655 3045 710 censuit.
3078 652 3399 710 Hullmann.
3432 655 3507 711 ad
3536 658 3666 710 Du-

446 766 568 802 sam
593 746 993 818 interpretatur
1015 740 1323 807 Erxleben,
1357 756 1687 813 comparans
1706 741 1852 796 Plin.
1882 743 2010 811 VII,

458 832 529 890 52
546 875 562 904 ,
592 851 635 888 s.
664 830 760 902 78.
786 834 971 904 Apros
999 839 1269 885 cornutos
1289 829 1351 882 in
1373 827 1537 883 Circo
1570 829 1715 885 visos
1738 840 2016 886 memorat

447 922 721 994 Calpurn.
761 917 885 973 Ecl.
917 918 1051 986 vll,
1085 915 1180 973 58.
1212 919 1430 990 Aprum
1456 915 1839 990 AEthiopicum
1866 917 2007 973 den·

457 1006 603 1061 tibus
623 1015 891 1080 quattuor
912 1005 1141 1060 exsertis
1159 1014 1433 1059 armatum
1458 1004 1857 1078 interpretatur
1876 1005 2015 1060 Pal-

450 1094 541 1146 las
585 1091 803 1147 Praefat.
848 1089 921 1145 ad
961 1090 1192 1147 Miscell.
1246 1090 1409 1147 Zool.
1463 1086 1768 1166 (Lugdun.
1817 1093 2007 1147 Batav.

461 1176 667 1255 1778),
690 1196 857 1253 quem
876 1178 1127 1250 sequitur
1147 1174 1407 1250 Camper.
1435 1174 1855 1236 »Scmmmtm
1874 1203 1898 1227 κ
1922 1178 2005 1234 Cf.

450 1264 813 1326 Creaschmar
826 1266 989 1320 Atlas
1005 1283 1070 1318 zu
1086 1264 1322 1318 Eduard
1336 1265 1582 1338 Reippels
1600 1266 1798 1321 Reisen
1815 1284 1876 1340 p.
1910 1265 2006 1339 66,

447 1355 553 1427 qui
596 1372 796 1428 aprum
830 1352 1034 1408 AEliani
1073 1369 1193 1406 non
1229 1350 1452 1408 dubitat
1490 1371 1605 1409 esse
1646 1372 1808 1424 eum,
1844 1371 2013 1426 quem

449 1441 647 1496 Cuve’er
667 1435 1054 1495 Phacochoc‘re
1079 1425 1427 1512 d’Ethiope’e,
1453 1439 1570 1513 ipse
1598 1438 2016 1495 Phacochoeres

452 1530 674 1582 AEliani
690 1525 1051 1600 nuncupavit.
1070 1523 1232 1580 Idem
1254 1542 1366 1581 esse
1391 1537 1576 1582 censet
1595 1528 1855 1583 Buceron
1877 1545 2011 1582 cor·

445 1615 766 1670 niculatum
797 1632 890 1688 ap.
920 1611 1180 1670 Vaillant.
1209 1635 1233 1662 ι
1254 1612 1499 1671 JACOBS.
1524 1646 1604 1655 —
1625 1615 1712 1669 De
1735 1614 1934 1669 ovibus
1952 1632 2007 1668 v,

451 1702 696 1756 Diodor.
722 1704 829 1770 111,
850 1700 903 1772 8,
926 1699 1118 1773 ibique
1137 1700 1467 1776 Wesseling.
1498 1703 1635 1757 Eam
1664 1721 1830 1758 ovem
1852 1703 2015 1758 Cret-

451 1788 672 1844 schmar
693 1788 734 1842 l.
770 1788 809 1844 1.
841 1788 1245 1861 interpretatur
1269 1806 1434 1843 ovem
1471 1788 1862 1863 tragelaphum
1894 1789 2008 1844 Go-

442 1871 672 1945 dqsredi
699 1873 797 1952 (de
814 1868 1181 1952 S.-He'la1‘re).

1200 2005 1258 2061 3.

534 2138 744 2191 Plinius
761 2138 835 2191 H.
867 2137 936 2192 N.
961 2136 1050 2206 X,
1076 2155 1148 2207 70
1176 2155 1190 2191 :
1223 2137 1342 2192 Nec
1359 2135 1579 2192 Sirenes
1600 2140 2017 2211 Impetraveritzt

431 2224 622 2297 fidem
642 2267 659 2298 ,
684 2224 810 2279 licet
832 2220 1085 2295 affirmet
1101 2225 1266 2291 Dim,
1308 2222 1579 2280 Clitar-clu·
1611 2224 1873 2280 celebrati
1904 2244 2012 2280 au-

2096 740 2208 797 rid.
2241 741 2310 797 sr.
2340 760 2401 815 Ρ.
2436 739 2544 797 188
2574 742 2840 816 cogitavit
2859 741 2930 796 de
2953 742 3141 798 Dione
3165 743 3239 821 τῷ
3260 738 3347 798 ἐπὶ
3376 739 3661 821 φιλοσοφία

2098 823 2360 906 διαὸοήτῳ
2386 828 2615 903 (Suidas
2637 848 2690 883 v.
2709 825 2789 885 Τὸ
2808 824 3001 893 Δίωνος
3014 826 3159 907 γρῦ).
3175 833 3386 887 Verum
3400 831 3463 886 in
3484 848 3661 904 quem

2098 915 2381 989 quadrent
2425 918 2525 973 ista
2565 916 2618 973 ἐν
2662 912 2886 994 δευτέρῳ
2925 938 2976 976 τ.
3017 917 3067 976 δ.
3118 913 3326 984 συντᾶξ.
3370 920 3661 974 neminem

2096 1003 2232 1059 novi
2252 1013 2456 1079 praeter
2472 1004 2778 1061 Dinonem.
2800 1004 2922 1074 Qua
2942 1004 3233 1060 occasione
3255 1004 3300 1059 is
3322 1005 3381 1058 in
3405 1023 3497 1061 res
3516 1006 3665 1061 Her-

2098 1090 2235 1146 culis
2254 1090 2566 1147 excurrerit
2581 1091 2805 1162 nesci03
2841 1109 2979 1145 num
3010 1091 3070 1147 in
3095 1090 3396 1148 Medorum
3423 1092 3663 1149 historia

2099 1175 2171 1231 de
2230 1178 2448 1253 origine
2488 1176 2783 1251 Lydorum
2842 1177 3271 1233 Heraclidamm
3327 1180 3664 1253 exponens?

2049 1312 2058 1324 .
2095 1263 2436 1320 Fabularum
2463 1275 2795 1320 novatorem
2823 1265 3009 1339 arguit
3033 1266 3304 1320 Hercules
3334 1265 3517 1321 Idaeus
3537 1268 3665 1322 Da-

2099 1351 2278 1424 ctylus
2324 1370 2434 1425 pro
2483 1352 2752 1407 Thebano
2799 1353 3037 1426 positus.
3084 1355 3169 1407 De
3217 1353 3453 1426 Dactylo
3499 1352 3662 1409 ldaeo

2099 1438 2491 1512 Olympiorum
2533 1440 2851 1494 institutore
2892 1458 2948 1494 ν.
2983 1439 3190 1496 Euseb.
3225 1444 3384 1496 Arm.
3431 1459 3493 1514 Ρ.
3548 1439 3663 1506 ι34

2098 1523 2190 1580 ed.
2252 1524 2384 1582 Mai.
2440 1529 2510 1583 In
2560 1527 2881 1582 universum
2942 1545 2997 1582 v.
3054 1526 3310 1583 Lobeck.
3369 1526 3659 1602 Aglaoph.

2096 1631 2156 1686 p.
2180 1632 2202 1668 1
2219 1612 2327 1670 168
2346 1633 2470 1688 sqq.
2494 1616 2579 1671 De
2597 1614 2904 1689 proverbio
2923 1612 2996 1669 cs.
3025 1614 3312 1670 Herodori
3332 1614 3535 1690 fragm.
3567 1634 3588 1670 1
3604 1619 3662 1681 4.

2847 1753 2903 1811 5.

2551 1912 2598 1965 E
2638 1911 2853 1967 Lumo
2895 1912 3193 1983 QmNTO.

2176 2048 2456 2122 Diogenes
2473 2049 2660 2103 Laert.
2692 2049 2746 2117 1,
2772 2045 2830 2114 8,
2856 2047 2927 2104 de
2948 2049 3122 2123 Magis
3145 2067 3159 2103 ι
3190 2043 3304 2118 Τὴν
3329 2043 3384 2104 δὲ
3400 2044 3657 2122 γοητικὴν

2099 2132 2348 2209 μαντείαν
2381 2131 2490 2192 οὔδ’
2517 2130 2777 2210 ἔγνωσαν,
2805 2134 2876 2199 ὡς
2910 2131 3065 2213 φησὶν
3093 2132 3447 2214 Ἀριστοτέλης
3482 2136 3534 2191 ἐν
3577 2136 3659 2215 τῷ

2101 2223 2327 2303 Μαγικῷ
2348 2220 2437 2281 καὶ
2465 2219 2657 2282 Δείνων
2684 2222 2736 2279 ἐν
2756 2224 2823 2302 τῇ
2847 2220 3065 2303 πέμπτῃ
3095 2224 3197 2280 τῶν
3219 2225 3486 2303 ἱστοριῶν,
3500 2221 3554 2289 ὃς
3569 2221 3662 2282 καὶ

453 2316 621 2365 ctoris
631 2322 810 2386 pater,
846 2316 904 2366 in
925 2312 1097 2366 India
1115 2329 1250 2382 esse,
1269 2312 1601 2386 mulcerIque
1613 2329 1802 2367 earum
1821 2322 2000 2378 cantu,
2101 2307 2608 2389 μεθερμηνευόμενόν
2655 2331 2782 2389 φησι
2822 2309 2908 2367 τὸν
2945 2307 3292 2391 Ζωροάστρην
3338 2310 3657 2391 ἀστροθύτην

455 2416 587 2472 quos
606 2408 862 2472 gravatos
882 2417 1071 2453 somno
1103 2400 1364 2455 lacerent.
1389 2399 1524 2471 Quae
1545 2399 1754 2455 fuerint
1781 2400 1892 2454 istae
1918 2400 2011 2456 si-
2099 2384 2259 2453 εἶναι·
2289 2394 2415 2477 φησὶ
2442 2394 2497 2453 δὲ
2524 2399 2678 2453 τοῦτο
2700 2394 2792 2454 καὶ
2821 2394 3173 2477 Ἑρμόδωρος.

453 2503 640 2555 renes»,
681 2503 751 2542 ex
790 2486 1056 2543 Clitarchi
1088 2483 1189 2541 filii
1227 2487 1549 2544 narratione
1587 2486 1751 2564 (Clit.
1797 2485 1868 2542 fr.
1908 2484 2008 2565 18)

451 2573 722 2648 colligere
745 2574 895 2628 licet.

835 2794 1182 2853 ΔΕΥΤΕΡΑ
1229 2795 1632 2859 ΣΥΝΤΑΞΙΣ.

1079 2935 1133 2992 M
1141 2935 1315 2994 ΗΔΙΚ
1325 2936 1393 2997 Α.

1207 3062 1237 3121 l.
1250 3096 1262 3111 .

874 3191 920 3246 E
960 3192 1185 3249 LIBRO
1227 3193 1580 3251 SECUNDO.

533 3325 729 3383 Suidas
755 3322 922 3384 Οὐδὲ
952 3323 1275 3404 Ἡρακλῆς
1299 3327 1452 3407 πρὸς
1479 3327 1664 3408 δύο.]
1693 3329 1829 3399 Τοὺς
1861 3329 2008 3414 [γὰρ]

453 3409 770 3478 Μολιονίδας
804 3411 978 3493 ἔφυγε.
1014 3413 1207 3473 Δείνων
1230 3414 1282 3473 δὲ
1306 3416 1359 3473 ἐν
1398 3413 1622 3497 δευτέρῳ
1644 3420 1737 3490 τ’ῆς
1771 3420 2012 3501 δευτέρας

450 3497 740 3567 συντάξεως
768 3497 1037 3579 Ἡρακλέα
1060 3502 1147 3559 τὸν
1184 3501 1377 3561 Ἰδαῖον
1410 3502 1679 3563 Δάκτυλον
1698 3549 1715 3578 ,
1749 3503 2008 3563 καταδεί-

449 3583 612 3654 ξαντα
644 3585 710 3643 r&
737 3585 1047 3663 Ὀλύμπια,
1074 3586 1201 3668 πρὸς
1241 3586 1330 3646 δύο
1368 3590 1820 3651 διαπυκτεύσαντα
1848 3596 2010 3666 ἡττη-

449 3673 623 3741 θῆναι.

533 3756 677 3837 rap]
701 3758 898 3816 addidi
931 3780 1000 3819 ex
1035 3764 1241 3820 Photio
1271 3777 1326 3821 et
1355 3764 1589 3823 Arsenio
1624 3787 1685 3843 p.
1734 3768 1868 3842 394.
1897 3767 2010 3826 Ea-

445 3845 583 3900 dem
631 3848 890 3921 Apostol.
942 3851 1113 3905 Prov.
1163 3871 1224 3925 p.
1282 3851 1411 3910 180.
1443 3887 1522 3897 -
1565 3853 1798 3931 Δείνων]
1844 3855 2006 3912 Libri

443 3927 610 3988 Δίων.
642 3934 885 3990 Dionem
914 3936 1373 4011 chrysostomum
1401 3941 1631 4016 intelligi
1654 3943 1838 3998 voluit
1867 3944 2007 3998 Rei-

950 4099 1248 4162 ALTERA
1291 4103 1503 4164 PARS.

773 4210 883 4273 DE
930 4214 1141 4275 REBU
1150 4216 1189 4276 S
1237 4215 1670 4282 MEDORUM.

867 4419 913 4472 E
946 4420 1169 4477 LIBRO
1192 4337 1565 4480 ds‘ECUNDo.
1677 4457 1685 4467 =

2849 2544 2904 2604 6.

2179 2678 2339 2734 Idem
2369 2680 2488 2755 IX,
2522 2678 2596 2735 50
2631 2699 2646 2735 ι
2682 2677 3037 2758 Πρωταγόρας
3071 2673 3423 2759 Ἀρτέμωνος,
3468 2678 3539 2753 ἢ,
3582 2685 3654 2748 ὡς

2100 2763 2479 2845 Ἀπολλόδωρος
2504 2765 2604 2843 (fr.
2625 2767 2728 2844 86)
2753 2764 2845 2824 καὶ
2867 2766 3033 2824 Δίνων
3058 2764 3196 2844 (scr.
3222 2764 3447 2844 Δείνων)
3474 2770 3528 2826 ἐν
3550 2770 3659 2836 τοῖς

2103 2853 2407 2931 Περσικοῖς,
2439 2853 2783 2933 Μαιανδρίου.
2804 2846 3018 2913 Mentio
3046 2857 3372 2932 philosophi
3398 2877 3525 2913 cum
3551 2858 3657 2914 dis-

2098 2944 2393 3019 putatione
2418 2943 2490 3000 de
2511 2945 2786 3021 religione
2808 2946 3178 3002 Asiaticorum
3208 2946 3506 3020 conjuncta
3538 2968 3655 3004 esse

2098 3034 2308 3106 potuit.

2845 3140 2901 3192 7.

2177 3219 2473 3310 Athenaeus
2497 3253 2656 3323 XIV,
2686 3272 2747 3328 p.
2782 3253 2895 3310 633
2913 3296 2929 3325 ,
2957 3255 3000 3312 C
3032 3274 3047 3311 ι
3072 3251 3317 3334 Ὄμηρος
3352 3260 3474 3335 γοῦν
3502 3278 3658 3336 φησιν

2099 3338 2179 3397 ἐπ’
2199 3335 2501 3418 Ἀχιλλέως·
2537 3366 2562 3390 κ
2590 3334 2757 3398 Ἄειδε
2780 3339 2825 3397 δ’
2853 3338 2956 3420 ἄρα
2995 3339 3125 3401 κλέα
3156 3343 3355 3423 ἀνδρῶν
3384 3342 3587 3423 ἡρώων·
3620 3372 3646 3399 ι

2097 3425 2187 3484 καὶ
2213 3426 2299 3484 τὸν
2320 3424 2534 3504 Φήμιον
2558 3423 2615 3484 δέ
2648 3449 2832 3506 φησιν,
2858 3425 2936 3485 ὅτι

2523 3573 2671 3623 πολλὰ
2698 3575 2876 3638 βροτῶν
2899 3575 3142 3639 θελκτήρια
3164 3576 3285 3626 οἶδεν
3298 3611 3314 3638 ,

2222 3641 2315 3705 ἔργ’
2334 3642 2509 3706 ἀνδρῶν
2531 3659 2581 3693 τε
2605 3644 2720 3692 θεῶν
2744 3660 2822 3706 τε,
2845 3644 2904 3693 τά
2921 3661 2971 3727 τε
2992 3646 3225 3695 κλείουσιν
3243 3647 3408 3696 ἀοιδοί.

2100 3762 2179 3822 Τὸ
2222 3763 2277 3822 δὲ
2318 3763 2427 3831 ἔθος
2464 3770 2618 3824 τοῦτο
2644 3766 2735 3824 καὶ
2763 3766 2908 3848 παρὰ
2937 3769 3041 3835 τοῖς
3074 3769 3358 3849 βαρὸἄροις
3402 3769 3649 3849 ἐσώζετο,

2096 3851 2166 3919 ὥς
2206 3875 2332 3934 φησι
2371 3852 2563 3913 Δείνων
2594 3856 2645 3912 ἐν
2681 3856 2786 3922 τοῖς
2822 3857 3120 3935 Περσικοῖς.
3163 3856 3278 3928 Τὴν
3312 3862 3435 3936 γοῦν
3478 3858 3652 3939 Κύρου

2098 3945 2186 3997 τοῦ
2218 3939 2426 4020 πρώτου
2456 3941 2694 4020 ἀνδρείαν
2732 3939 2821 4000 καὶ
2854 3942 2942 4000 τὸν
2967 3943 3222 4019 μέλλοντα
3262 3943 3489 4022 πόλεμον
3526 3944 3640 4005 ἔσε-

2102 4104 2423 4154 Historiarum
2444 4105 2595 4168 libi-03
2630 4108 2714 4169 qui
2743 4109 3045 4158 zoroastrem
3068 4121 3259 4173 quoque
3280 4123 3339 4159 ex
3373 4110 3648 4174 interpreta-

2099 4184 2228 4234 tione
2248 4184 2455 4234 nominis
2479 4185 2552 4234 sui
2584 4188 2824 4236 astrorum
2856 4187 3026 4238 asserit
3051 4188 3195 4239 tuisse
3220 4189 3471 4240 cultorem.
3506 4190 3649 4248 Quod

2099 4262 2250 4325 ipsum
2274 4263 2422 4312 etiam
2454 4263 2780 4314 Hermodorus
2800 4265 2962 4316 tradit.

2158 4435 2440 4498 Protagoras
2473 4437 2770 4499 ArtemoniS‚
2804 4358 2909 4498 vg,
2938 4439 2995 4488 ut
3024 4438 3339 4503 Apollodorus
3369 4444 3418 4492 et
3446 4442 3570 4494 Dino
3600 4444 3647 4494 in

516 4513 708 4560 Contra
729 4511 855 4563 dicos
884 4529 946 4566 ne
972 4519 1216 4569 Hercules
1235 4520 1464 4586 quidem]
1501 4522 1693 4573 Scilicet
1723 4523 2006 4576 Molionidas
2095 4514 2347 4561 Pffl'ffl'um
2365 4512 2592 4577 ffissfffl'la,
2621 4513 2866 4564 Maeandffl
2890 4514 3035 4566 filiu&

445 4586 587 4649 fugit.
609 4587 733 4639 Dino
757 4604 875 4640 vero
901 4592 1023 4643 libro
1054 4596 1263 4646 seeundo
1285 4598 1435 4659 partis
1468 4599 1692 4649 secundae
1723 4602 2002 4664 Herculem,

451 4665 702 4728 Dactylum
741 4667 922 4720 ldaeum
940 4708 954 4733 ,
993 4673 1132 4724 ludos
1163 4675 1437 4740 olympicos
1468 4676 1823 4745 instituentem,
1850 4695 2001 4745 quum

447 4745 616 4791 eontra
633 4742 755 4793 duos
776 4746 988 4808 pugilatu
1012 4753 1219 4801 certaret
1235 4791 1250 4815 ,
1269 4753 1454 4804 victum
1474 4768 1576 4805 esse
1597 4756 1759 4807 tradit.

1207 4844 1260 4894 ⁵.

918 4932 964 4986 E
989 4933 1210 4991 Lumo
1230 4937 1528 5008 Qmmo.

2095 4644 2326 4694 nomem
2346 4644 2409 4695 de
2431 4644 2613 4695 Achme
2633 4644 2753 4695 dicit
2841 4581 2895 4631 ⁷’

2225 4719 2431 4768 canebat
2453 4722 2656 4778 gloriosa
2673 4723 2880 4770 vlrorum
2903 4723 3023 4771 faeta
3044 4724 3251 4783 heroum,

2089 4792 2138 4840 et
2158 4790 2411 4842 Phemium
2433 4794 2503 4844 ait

2220 4883 2423 4939 plurium
2443 4885 2707 4931 mortanum
2726 4886 3059 4934 oblectamentn
3077 4888 3285 4942 movim,

2221 4953 2346 5006 gesta
2364 4952 2572 4999 vlt-orum
2589 4955 2904 5013 deorumque,
2933 4966 3038 5013 qun
3059 4956 3290 5003 celebrum
3308 4960 3533 5005 cantores.

510 5027 766 5091 praestigiis
779 5030 957 5083 utentts
978 5032 1286 5088 divinationis
1303 5040 1490 5102 ignaros
1508 5040 1705 5105 (Magos)
1726 5043 2001 5093 Aristoteles
2087 5041 2220 5093 Idem
2246 5058 2352 5096 mos
2369 5048 2498 5110 apud
2518 5048 2751 5102 barbaros
2766 5039 2912 5102 etiam
2930 5049 3231 5111 servabatur,
3250 5055 3306 5102 ut
3337 5054 3405 5103 ait
3436 5055 3561 5104 Dino
3596 5054 3645 5105 in

449 5101 517 5152 ait
547 5102 593 5152 in
626 5103 749 5155 libro
775 5120 920 5170 quem
947 5109 1182 5174 inscripsit
1209 5116 1471 5179 magicum,
1505 5121 1555 5167 et
1584 5118 1708 5169 Dino
1739 5120 1791 5169 in
1822 5120 1996 5186 quinto
2088 5122 2306 5174 Persicis.
2351 5127 2464 5193 Cyri
2498 5130 2628 5178 certe
2654 5130 2909 5196 superioris
2934 5130 3162 5180 virtutem
3196 5132 3244 5181 et
3276 5130 3489 5182 futurum
3529 5146 3644 5183 cum
