4016 5916
462 392 570 443 136

1178 510 1274 586 95.

531 636 811 692 Plutarch.
831 634 1047 705 Qu.Gr.
1071 651 1121 687 c.
1155 651 1243 705 19,
1264 652 1324 707 p.
1350 631 1482 707 295,
1501 634 1554 688 D
1578 653 1591 686 ι

452 717 584 797 δὼν,
607 719 726 799 περὶ
744 711 804 790 ἧς
821 722 855 787 ἡ
889 716 1086 782 Πυθιὰς
1113 708 1251 774 εἷπε·

570 832 675 882 Πῖν’
696 832 821 882 οἶνον
840 831 1056 895 τρυγίαν,
1089 831 1187 879 ἐπεὶ
1206 831 1293 879 οὗιι
1314 830 1562 888 Ἀνθηδόνα
1588 830 1758 892 ναίειςς

1625 660 1645 681 a
1668 630 1765 697 Τίς
1779 634 1812 700 ἡ
1827 630 2003 699 Ἀνθη-

449 926 516 988 Ἦ
541 926 641 1008 γὰρ
666 929 718 985 ἓν
749 931 991 993 Βοιωτοῖς
1016 925 1247 984 οὐκέστι
1276 925 1557 992 πολύοινος.
1587 952 1612 980 ι
1641 922 1751 996 Τὴν
1780 919 2000 986 Καλαυ-

449 1015 562 1093 ρίαν
586 1013 813 1094 Εἰρήνην
841 1013 1124 1073 τοπαλαιὸν
1154 1012 1419 1089 ὠνόμαζον
1444 1013 1548 1070 ἀπὸ
1569 1014 1809 1091 γυναικὸς
1844 1011 1999 1091 Εἰρή-

445 1125 561 1175 νης,
604 1102 670 1174 ἢν
712 1103 771 1160 ἐκ
801 1102 1122 1167 Ποσειδῶνος
1155 1099 1243 1158 καὶ
1289 1095 1611 1164 Μελανθείας
1637 1101 1729 1168 τῆς
1759 1097 1996 1177 Ἀλφειοῦ

449 1188 682 1266 γενέσθαι
726 1189 1115 1266 μυθολογουσιν.
1154 1185 1410 1266 ’Ὕστερον
1446 1187 1499 1244 δὲ
1535 1187 1638 1242 τῶν
1666 1184 1785 1264 περὶ
1811 1157 1999 1256 ΙἈ’νθην

450 1277 540 1334 καὶ
580 1271 813 1357 Ὑπέρην
865 1274 1043 1334 αὐτόθι
1089 1272 1498 1349 κατοικούντων,
1537 1269 1865 1344 Ἀνθηδονίαν
1909 1271 2000 1329 καὶ

448 1362 727 1444 Ὑπέρειαν
757 1361 974 1420 ἐκάλουν
1000 1360 1092 1432 τὴν
1134 1364 1310 1431 ν’ῆσον.
1352 1350 1484 1438 Εἶχε
1515 1357 1568 1416 δὲ
1593 1361 1621 1415 ό
1647 1357 1884 1439 χρησμὸς
1912 1356 1999 1416 οὕ-

446 1475 577 1523 τως,
607 1454 675 1517 ὡς
701 1448 1062 1530 Ἀριστοτέλης
1092 1447 1247 1529 φησί·

568 1579 673 1628 Πῖν’
693 1579 817 1627 οἶνον
840 1577 1029 1640 τρυγίαν
1043 1614 1057 1637 ,
1082 1579 1184 1627 ἐπεὶ
1209 1578 1297 1626 οὐκ
1313 1575 1558 1635 Ἀνθηδόνα
1579 1575 1747 1631 ναίεις,

574 1650 671 1698 οὐδ’
697 1650 820 1712 ἱερὰν
837 1650 1059 1713 Ὑπέραν,
1078 1649 1147 1697 ὅθι
1165 1649 1210 1710 γ’
1227 1648 1424 1710 ἄτρυγον
1448 1647 1570 1696 οἶνον
1590 1646 1752 1702 ἔπινες.

447 1765 496 1823 Τ
500 1768 631 1821 α’ὕτα
662 1760 755 1837 μὲν
781 1765 810 1819 ὁ
832 1759 1205 1841 Ἀριστοτέλης.
1236 1758 1305 1819 Ὃ
1330 1759 1384 1817 δὲ
1413 1757 1777 1835 Μνασιγείτων
1808 1755 1995 1837 φησὶν,

447 1849 734 1930 Ὑπέρητος
761 1847 981 1929 ἀδελφὸν
1004 1848 1127 1907 ὄντα
1158 1846 1243 1905 τὸν
1273 1845 1486 1919 Ἄνθον,
1518 1844 1594 1903 ἔτι
1628 1843 1817 1916 νήπιον
1856 1847 1995 1901 ἀπο-

445 1936 658 2007 λέσθαι,
687 1938 776 1995 καὶ
795 1935 889 2006 τὴν
925 1935 1154 2015 Ὑπέρην
1183 1932 1320 1992 κατὰ
1353 1933 1566 2005 ζήτησιν
1607 1933 1764 1989 αὐτοῦ
1788 1936 1996 1987 πλανω-

447 2048 513 2101 με
500 2022 635 2096 ’,νην
664 2027 734 2090 εἰς
749 2025 932 2104 Φερὰς
957 2045 1085 2102 προς
1103 2017 1449 2097 Ακαστον(ἢ
1470 2018 1992 2098 Ἄδραστον)ἐλθεῒν,

443 2110 573 2171 ὅπου
596 2111 733 2171 κατὰ
752 2135 812 2168 τυ
814 2133 918 2190 χην
941 2113 969 2167 ὁ
986 2109 1163 2176 Ανθος
1188 2107 1451 2167 ἐδουλευεν
1471 2106 1720 2185 οἰνοχοεῖν
1740 2104 1994 2184 τεταγμέ-

444 2222 545 2265 νος.
584 2197 683 2264 Ὡς
724 2189 810 2256 ουν
862 2200 1159 2269 εἱστιῶντο,
1188 2217 1278 2253 τον
1320 2196 1485 2253 παιδα
1527 2190 1883 2273 προσφέροντα
1928 2195 1994 2270 τῇ

444 2285 642 2366 ἀδελφῇ
666 2284 724 2343 τὸ
750 2283 1026 2364 ποτήριον,
1053 2285 1361 2361 ἐπιγνῶναι,
1386 2280 1478 2339 καὶ
1502 2282 1665 2339 εἰπεῖν
1687 2279 1815 2359 πρὸς
1832 2277 1992 2349 αὐτὴν

442 2380 644 2456 ἡσυχῆ·

566 2495 670 2548 mv·
690 2498 815 2548 οἶνον
834 2496 1021 2562 τρυγίαν
1035 2532 1050 2557 ,
1071 2497 1171 2545 ἐπεὶ
1194 2496 1281 2545 οὑκ
1304 2494 1549 2552 Ἀνθηδόνα
1577 2494 1736 2550 ναίεις.

443 2602 710 2680 Εἰρήνην]
763 2598 922 2660 Idem
970 2601 1200 2658 tradunt
1246 2602 1476 2657 Photius
1520 2610 1578 2655 et
1617 2596 1810 2671 steph.
1857 2597 1988 2669 Byz.

441 2710 494 2749 v.
527 2690 853 2768 Καλαύρεια.
873 2692 1096 2746 Nomen
1115 2689 1185 2743 ab
1206 2689 1359 2762 ason
1380 2686 1813 2744 celebratissimo
1836 2683 1991 2739 deri-

440 2777 690 2833 vandum
717 2796 830 2831 esse
853 2776 1096 2843 videtur3
1128 2776 1196 2830 cf.
1225 2776 1425 2831 Strabo
1452 2793 1514 2848 p.
1549 2773 1684 2843 374.
1708 2803 1784 2816 -·-
1808 2772 1992 2843 Hype-

439 2882 529 2919 res
551 2883 652 2919 rex
670 2864 952 2935 Tirynthis
976 2875 1031 2918 et
1055 2862 1270 2917 Anthus
1290 2863 1403 2917 sive
1423 2861 1649 2929 Anthes,
1669 2860 1916 2932 Neptuni
1938 2867 1993 2913 et

439 2950 718 3023 Alcyones
755 2947 1064 3024 (Lycaonis
1088 2948 1127 3003 f.
1170 2967 1279 3006 sec.
1302 2945 1384 3003 St.
1423 2950 1553 3020 Byz.
1581 2965 1639 3003 v-
1663 2941 1987 3022 Ὑπερήσια)

441 3035 540 3090 filii
555 3077 569 3104 ‚
597 3049 652 3091 et
672 3036 993 3091 conditores
1011 3039 1291 3109 Hyperaeae
1310 3046 1366 3090 et
1384 3035 1621 3090 Anthiae.
1648 3035 1883 3088 Pausan.
1910 3034 1987 3102 11,

444 3123 545 3191 30,
606 3141 662 3192 7.
711 3124 865 3177 Alius
916 3124 1195 3196 HypereS,
1240 3122 1469 3177 Melanis
1509 3132 1567 3176 et
1606 3121 1889 3193 Eurycleae
1943 3121 1986 3175 f.

439 3211 757 3279 Thessalus,
798 3210 992 3265 Pheris
1011 3209 1283 3265 habitavit
1306 3209 1378 3265 ad
1406 3210 1714 3282 Hyperiam
1753 3206 1985 3265 sontem.

442 3298 751 3354 Nominum
789 3308 846 3352 et
873 3297 1132 3352 locorum
1170 3298 1562 3371 cognationem
1586 3293 1869 3368 quandam
1892 3296 1983 3349 in-

440 3385 591 3440 dicat
615 3385 862 3441 narratio
886 3384 1296 3458 MnasigitoniS,
1327 3402 1394 3439 ex
1419 3402 1530 3457 qua
1553 3383 1742 3438 Pheris
1759 3383 1985 3456 Hyper-e

437 3472 667 3528 fratrem
699 3473 934 3530 invenit.

515 3559 665 3630 Quid
693 3560 1017 3614 Aristoteles
1044 3559 1380 3628 narraverit,
1413 3578 1482 3614 ex
1505 3560 1806 3615 Plutarcho
1832 3557 1980 3614 haud

435 3646 718 3719 intelligis.
751 3648 944 3701 Potuit
971 3645 1166 3701 eadem
1193 3644 1307 3700 sere
1329 3645 1547 3701 tradere
1568 3666 1692 3721 quae
1714 3647 1982 3713 MnaseaS,

434 3734 515 3787 ita
533 3731 763 3804 quidem
784 3743 849 3787 ut
866 3742 1167 3787 statuamus
1190 3733 1445 3804 Pythiam
1465 3731 1694 3788 fratrem
1714 3732 1984 3804 quaerenti

433 3817 784 3892 respondisse
824 3837 838 3873 ι
878 3820 1147 3892 Reperies
1189 3818 1290 3873 ubi
1337 3820 1462 3891 quis
1486 3819 1573 3874 his
1602 3830 1656 3874 te
1685 3818 1984 3892 compellet

431 3906 649 3961 verbis:
673 3906 778 3960 πῖν’
803 3893 935 3961 οἶνον
968 3917 1075 3961 etc.
1095 3906 1284 3961 Alium
1300 3916 1485 3968 tamen
1508 3906 1671 3961 fuisse
1696 3907 1980 3960 narratio-

431 3993 514 4047 nis
536 4003 787 4047 tenorem
812 3994 998 4067 colligi
1020 3994 1194 4066 possit
1209 4012 1277 4048 ex
1302 3993 1571 4048 Athenaeo
1593 4011 1650 4067 p.
1680 3992 1773 4061 31,
1803 3995 1867 4059 B,
1885 3992 1986 4046 ubi

429 4090 729 4152 postquam
757 4098 825 4134 ex
855 4082 1047 4153 Ilippy
1079 4080 1179 4155 (fr.
1212 4080 1275 4156 7)
1307 4081 1576 4136 retulerat
1601 4080 1876 4135 Biblinam
1895 4080 1983 4133 vi-

1524 380 2022 441 ARISTOTELIS
2076 375 2568 440 FRAGMENTA.

2099 520 2209 564 tem
2237 527 2268 563 a
2310 505 2530 562 Pollide
2576 505 2815 579 Argivo,
2846 505 3319 578 Syracusanorum
3360 508 3651 582 principe,

2096 597 2156 649 in
2184 594 2427 650 Siciliam
2453 601 2789 665 asportatam
2817 609 2958 660 esse,
2998 591 3241 665 abrupte
3263 593 3559 665 subjicitur
3581 596 3651 651 ab

2097 691 2427 755 excerptore
2449 679 2741 734 oraculum
2770 688 3023 732 nostrum
3048 679 3155 733 πῖν’
3179 667 3313 735 οἶνον
3337 701 3391 737 κ.
3424 701 3478 740 τ.
3515 681 3569 739 λ.
3597 694 3655 738 et

2096 770 2362 842 deinceps
2386 768 2545 822 locus
2566 765 2636 823 sr.
2664 771 2737 839 94
2761 765 3090 838 adscriptus,
3117 768 3253 838 Quae
3277 786 3454 840 quum
3474 770 3652 825 coha-

2095 876 2220 913 rere
2262 858 2410 912 inter
2452 874 2510 910 se
2555 854 2747 925 aliquo
2774 852 2951 908 modo
2981 852 3251 926 debeant,
3279 856 3486 911 Pollux
3509 874 3650 912 vero

2097 944 2228 1019 (v1,
2264 943 2355 1012 163
2376 942 2506 997 vide
2530 941 2600 995 fr.
2630 939 2662 995 5
2692 935 2943 1016 Hippyis)
2962 940 3170 996 reserat
3188 939 3274 997 τὸν
3301 941 3495 999 Πόλιον
3514 932 3648 1000 οἶνον

2093 1049 2303 1086 nomen
2323 1028 2533 1084 habere
2562 1023 2666 1083 ἀπὸ
2696 1031 2787 1084 τοῦ
2814 1024 3183 1104 Συρακουσίων
3211 1025 3466 1104 βασιλέως
3498 1027 3648 1088 1102-

2092 1116 2255 1186 λιδος,
2303 1117 2372 1179 ὡς
2418 1110 2774 1193 Ἀριστοτέλης
2816 1110 2958 1189 λέγει
3004 1132 3020 1173 t
3059 1115 3354 1189 probabile
3400 1127 3481 1172 est
3525 1117 3647 1173 haec

2093 1222 2322 1278 quoque
2351 1222 2479 1258 cum
2506 1204 2572 1258 iis
2600 1221 2723 1275 quae
2763 1202 3095 1258 Plutarchus
3128 1222 3199 1259 ex
3223 1205 3523 1260 Aristotele
3554 1206 3644 1260 af·-

2092 1292 2200 1347 sert
2230 1289 2625 1364 conjungenda
2651 1308 2783 1345 esse.
2811 1292 3008 1364 ltaque
3036 1292 3329 1347 oraculum
3352 1291 3495 1347 illud
3522 1294 3648 1348 Pol·

2092 1379 2195 1434 lidi
2245 1380 2487 1453 Argivo,
2536 1388 2837 1451 postquam
2888 1379 3184 1451 Syracusas
3223 1379 3343 1451 jam
3394 1379 3640 1448 abierat,

2089 1467 2275 1521 nescio
2306 1484 2415 1538 qua
2441 1466 2734 1520 occasione
2760 1464 2954 1520 datum
2974 1465 3166 1536 suerit,
3189 1467 3363 1539 idque
3380 1467 3442 1521 in
3455 1485 3643 1528 caussa

2090 1554 2254 1609 fuisse
2281 1555 2527 1622 videtur,
2559 1571 2662 1607 cur
2700 1554 2871 1607 vitem
2896 1554 3066 1608 Pollis
3093 1573 3163 1609 ex
3201 1553 3563 1610 Anthedonia
3590 1573 3638 1612 S.

2090 1639 2340 1695 Calauria
2366 1636 2468 1712 (ex
2480 1637 2640 1694 Italia
2656 1681 2671 1708 ,
2693 1650 2755 1694 ut
2777 1639 3305 1713 llippyffltradidisse
3324 1638 3559 1714 dicitur)
3581 1632 3642 1695 in

2089 1726 2331 1801 Siciliam
2355 1725 2871 1799 transplantandam
2898 1738 3139 1782 curaret.
3184 1728 3307 1784 See.
3336 1728 3525 1799 Etym.
3556 1728 3636 1785 M.

2091 1815 2260 1868 vitem
2284 1815 2438 1869 illam
2460 1830 2528 1868 ex
2549 1813 2782 1867 Thracia
2820 1813 2877 1867 in
2901 1814 3145 1868 Siciliam
3180 1814 3640 1887 transplantatam

2089 1917 2121 1956 a
2145 1900 2363 1956 Pollide
2386 1917 2499 1956 esse
2521 1898 2592 1954 ad
2630 1900 2871 1972 Hippyis
2902 1898 3103 1974 fragm.
3153 1919 3183 1971 7
3209 1901 3434 1969 monui3
3481 1899 3636 1953 addo

2089 1999 2375 2043 auctorem
2409 1986 2575 2058 hujus
2603 1987 2938 2041 narrationis
2972 1986 3124 2042 haud
3158 1987 3328 2042 dubie
3369 1986 3638 2060 cogitasse

2089 2073 2160 2129 de
2193 2076 2459 2130 Thracica
2485 2071 2853 2140 Anthedone,
2879 2073 3231 2128 Anthedonis
3255 2074 3479 2128 Boeotiae
3507 2091 3634 2126 me-

2087 2160 2300 2233 tropoli
2349 2159 2466 2235 (De
2504 2159 2690 2215 Anthe
2728 2159 2947 2233 Thrace·
2988 2169 3190 2233 poeta,
3230 2158 3354 2215 Lini
3399 2158 3633 2232 aequali,

2086 2265 2139 2305 v.
2158 2247 2378 2316 Miiller,
2396 2247 2546 2301 Min.
2565 2265 2626 2320 p.
2655 2244 2785 2319 388)
2809 2246 3069 2301 Ceterum
3091 2247 3183 2299 alii
3202 2247 3502 2320 scriptores
3520 2245 3637 2301 for·

2088 2342 2224 2388 tasse
2246 2331 2316 2387 de
2341 2333 2587 2387 Boeotica
2604 2332 2943 2388 Anthedone
2969 2333 3304 2406 cogitarunt.
3332 2334 3465 2388 Haec
3488 2333 3638 2388 enim

2086 2436 2118 2472 a
2142 2419 2473 2474 Dicaearcho
2510 2413 2701 2482 εὗοινος
2743 2418 2975 2474 dicitur.
3008 2419 3176 2474 Unde
3202 2430 3387 2475 tamen
3409 2416 3638 2474 minime

2084 2507 2337 2578 sequitur
2353 2505 2736 2575 Plutarchum,
2763 2507 2861 2578 qui
2887 2505 2957 2561 de
2975 2524 3071 2560 sua
3092 2516 3246 2561 aetate
3269 2507 3504 2580 loquens
3518 2510 3637 2561 An-

2087 2592 2388 2648 thedonem
2420 2611 2541 2647 non
2576 2610 2689 2647 esse
2717 2590 2984 2648 πολύοινον
3027 2592 3190 2662 dicit,
3232 2595 3437 2649 erroris
3467 2594 3635 2647 incu-

2083 2678 2321 2735 sandum
2351 2697 2493 2749 esse,
2523 2681 2607 2734 uti
2635 2679 2766 2735 fecit
2786 2681 3056 2735 Miillerus
3072 2682 3219 2735 Min.
3241 2700 3296 2754 p.
3321 2701 3423 2756 29,
3450 2691 3504 2735 et
3531 2680 3633 2751 qui

2087 2786 2214 2823 eum
2244 2777 2584 2839 sequuntur,
2619 2768 2860 2823 Fuhrius
2906 2780 2962 2823 et
2995 2769 3237 2824 Marxius
3270 2768 3343 2823 ad
3382 2768 3632 2823 Dicaear-

2084 2854 2276 2911 chum.
2309 2884 2387 2895 —
2410 2854 2747 2928 Mnasigiton
2774 2855 2925 2911 idem
2949 2866 3027 2911 est
3072 2873 3198 2911 cum
3232 2853 3631 2929 Mnesigitone,

2084 2961 2252 3015 quem
2274 2960 2385 2997 una
2412 2960 2542 2997 cum
2568 2942 2865 2999 Aristotele
2889 2943 3077 3000 laudat
3091 2944 3295 2998 Plinius
3312 2943 3471 3015 VIII,
3490 2952 3630 3001 sect.

2087 3029 2157 3102 57
2206 3049 2222 3089 ε
2276 3031 2695 3104 Quadriremem
2748 3035 3067 3090 Aristoteles
3117 3032 3621 3107 Carthaginiense-5,

2081 3124 2522 3193 quinqueremem
2550 3121 2894 3196 Mnesigiton
2920 3121 3286 3188 Salaminios,
3326 3140 3430 3177 sex
3464 3120 3627 3178 ordi-

2079 3225 2211 3262 num
2230 3208 2566 3280 Xenagoras
2586 3207 2908 3280 Syracusios
2935 3208 3165 3283 (primos
3165 3207 3373 3281 secisse
3397 3205 3584 3287 aiunt)
3612 3228 3625 3263 z

2079 3293 2154 3350 ab
2196 3313 2269 3350 ea
2311 3296 2394 3349 acl
2431 3295 2821 3350 decemremem
2864 3298 3205 3371 Mnesige'ton
3249 3300 3629 3356 Alexandrum

2081 3384 2358 3455 Magnum
2405 3387 2716 3438 Instituisse.
2763 3384 3007 3440 Aliunde
3038 3386 3224 3441 virum
3244 3404 3364 3442 non
3395 3388 3546 3446 novi.

2803 3516 2901 3590 96.

2156 3645 2484 3700 Plutarchus
2510 3645 2674 3703 Thes.
2712 3665 2761 3703 c.
2797 3645 2830 3701 3
2863 3663 2877 3703 :
2906 3642 3088 3725 Πέλοψ
3114 3643 3214 3722 γὰρ
3248 3645 3305 3702 οὗ
3333 3645 3624 3725 χρημάτων

2076 3727 2261 3800 πλήθει
2285 3731 2482 3804 μᾶλλον
2505 3729 2539 3799 ἢ
2568 3730 2770 3789 παίδων
2805 3730 3042 3808 μέγιστον
3077 3728 3259 3809 ἴσχυσε
3293 3735 3395 3788 τῶν
3434 3734 3487 3790 ἐν
3514 3735 3622 3792 Πε-

2075 3814 2379 3896 λοποννήσῳ
2410 3815 2663 3895 βασιλέων
2676 3816 2907 3890 ,πολλὰς
2897 3814 3028 3919 ο,μὲν
3048 3817 3315 3893 ἐκδόμενος
3338 3818 3620 3898 θυγατέρας

2075 3924 2180 3969 τοις
2225 3901 2474 3984 ἀρίστοις,
2496 3904 2715 3971 πολλους
2754 3902 2807 3962 δὲ
2834 3905 2947 3970 ταῖς
2974 3904 3254 3969 πολιτείαις
3288 3904 3480 3971 υἱους’
3456 3929 3619 3983 εγκα-

2075 3989 2356 4069 τασπείρας
2384 3990 2665 4071 ἄρχοντας·
2694 3983 2764 4049 ων
2792 3982 2863 4058 εἷς
2889 3989 3158 4069 γενόμενος
3188 3990 3408 4058 Πιτθευς
3440 3995 3468 4049 ό
3499 3994 3612 4064 Θη-

2076 4075 2203 4143 σέως
2230 4077 2442 4145 πάππος
2484 4079 2634 4137 πόλιν
2676 4075 2738 4156 μὲ
2717 4102 2767 4135 ,ν
2814 4079 2871 4136 οὗ
2902 4078 3134 4156 μεγάλην
3162 4076 3256 4151 τὴν
3297 4080 3617 4157 Τροιζηνίων

447 4160 3615 4208 -Ω-ψ-ῇ-ῇ--ῄ--ῄ-

1160 4248 1249 4299 95.

495 4311 744 4396 Quaenam
758 4342 833 4388 est
857 4337 1122 4388 Anthedon
1139 4374 1154 4400 ,
1179 4338 1242 4388 de
1262 4353 1369 4404 qua
1393 4339 1607 4401 Pythias
1632 4339 1771 4389 dixit
1780 4375 1796 4399 ,

537 4424 759 4488 Faecatum
772 4423 876 4468 bibe
896 4423 1076 4476 vinum,
1095 4427 1146 4468 ut
1173 4435 1266 4469 non
1286 4421 1553 4470 Anthedone
1570 4424 1766 4480 degens?

429 4517 591 4569 neque
617 4512 752 4557 enim
772 4511 979 4559 Boeotioe
998 4508 1263 4560 Anthedon
1283 4509 1569 4571 viniferam
1591 4514 1667 4560 ese
1683 4515 1856 4564 multi.
1884 4517 1978 4563 ca-

427 4582 581 4632 lauria
616 4585 881 4647 antiquitus
910 4586 1041 4635 dicta
1077 4587 1168 4637 suit
1209 4590 1347 4637 Irene
1378 4600 1407 4635 a
1431 4588 1606 4639 semina
1641 4593 1776 4641 Irena
1792 4629 1808 4655 ,
1832 4606 1977 4655 quam

428 4658 701 4707 fabulantur
718 4663 878 4710 natam
903 4665 1124 4724 Neptuno
1158 4665 1206 4713 et
1237 4665 1493 4714 Melanthia
1518 4666 1683 4730 Alphei
1705 4667 1819 4717 filia.
1842 4671 1974 4719 Post-

432 4732 576 4784 modo
588 4748 742 4798 quum
762 4737 943 4788 Anthea
964 4740 1274 4803 Hyperesque
1286 4754 1397 4790 cum
1413 4742 1508 4791 suis
1517 4742 1582 4792 nbi
1601 4744 1885 4806 habitarent,
1908 4747 1975 4795 in·

427 4810 531 4860 sula
566 4810 694 4860 dicta
739 4813 829 4861 tuit
864 4813 1164 4866 Anthedonia
1195 4820 1246 4867 et
1282 4819 1534 4881 Hypereia.
1580 4822 1873 4884 oraculum,
1921 4826 1977 4872 ut

429 4888 704 4940 Aristoteles
716 4890 897 4953 tradit,
915 4891 1014 4941 tale
1030 4893 1150 4944 suit.

531 4976 751 5017 Faecatum
764 4973 866 5018 hibe
887 4975 1059 5029 vinum,
1074 4981 1124 5022 ut
1152 4989 1246 5023 non
1263 4982 1528 5028 Anthedone
1541 4983 1736 5041 degens,

530 5045 605 5087 ant
625 5044 819 5100 nyperae
834 5055 973 5091 sacrae
989 5077 1003 5100 ‚
1018 5047 1215 5103 quodibi
1237 5049 1332 5096 sine
1351 5049 1459 5097 raece
1485 5053 1680 5099 bib'sscs.

427 5120 675 5184 umigito
688 5125 851 5174 autem
869 5124 1059 5190 scribit,
1076 5127 1287 5178 Anthum
1316 5132 1565 5193 Hyperetis
1591 5133 1783 5185 mirem
1807 5133 1971 5183 etiam·

2072 4253 2191 4290 num
2209 4241 2440 4292 infantem
2466 4242 2609 4292 fuisse
2631 4242 2893 4305 amissum,
2927 4245 3244 4305 Hyperenque
3271 4247 3489 4306 vagatum
3519 4244 3624 4307 ejus

2068 4318 2312 4379 quaerendi
2326 4331 2488 4382 causa,
2503 4320 2678 4369 Pheras
2695 4318 2756 4368 ad
2775 4321 3002 4370 Acastum
3014 4321 3118 4380 (aut
3134 4319 3405 4383 Adrastum)
3418 4321 3621 4384 venisse,

2068 4394 2151 4442 ubi
2172 4398 2277 4444 tum
2295 4396 2418 4446 sorte
2439 4396 2626 4446 Anthus
2643 4409 2809 4447 servus
2823 4411 2853 4446 a
2875 4395 3060 4459 poculis
3075 4398 3182 4446 erat
3203 4416 3216 4445 ε
3238 4397 3366 4446 hunc
3389 4398 3442 4447 in
3455 4398 3621 4447 convi-

2065 4470 2409 4600 (vlgpissgprem,
2434 4473 2511 4521 eui
2528 4473 2757 4535 poculum
2775 4473 3050 4536 praebebat,
3071 4473 3316 4536 agnovisse
3330 4510 3347 4537 ‚
3367 4477 3420 4525 et
3436 4475 3557 4525 ctam
3577 4477 3628 4530 ei

2174 4647 2399 4690 Peccatum
2417 4643 2519 4691 bibe
2534 4645 2690 4691 vinum
2705 4678 2717 4701 ‚
2735 4649 2900 4691 utnon
2918 4644 3186 4692 Anthedone
3203 4645 3387 4703 degens.

2795 4738 2885 4789 96.

2126 4827 2295 4889 Pelops
2317 4841 2412 4877 non
2440 4829 2656 4891 pecuniae
2673 4830 2825 4892 magis
2840 4829 2887 4880 vi
2905 4842 3053 4893 quam
3072 4827 3334 4879 liberorum
3358 4827 3620 4891 plurimum

2062 4904 2188 4953 inter
2226 4906 2588 4968 Peloponnesios
2608 4906 2819 4969 pollebat
2855 4919 3014 4968 reges,
3046 4905 3177 4968 quod
3205 4907 3256 4954 et
3289 4904 3410 4955 filias
3444 4904 3621 4953 multas

2061 4983 2262 5030 summis
2278 4982 2393 5031 virts
2409 4982 2685 5032 collocasset
2697 5020 2713 5045 ,
2731 4984 2782 5033 et
2799 4983 2979 5032 multos
2996 4982 3121 5032 filios
3138 4981 3188 5030 in
3212 4981 3478 5031 civitatium
3493 4980 3621 5042 prin·

2061 5059 2271 5120 cipetum
2296 5060 2568 5122 genuisset:
2594 5075 2657 5111 ex
2686 5060 2861 5124 quibus
2878 5074 3007 5110 unus
3038 5059 3255 5109 Pittheus
3284 5060 3454 5109 Thesei
3470 5071 3617 5120 avus,

2060 5134 2288 5200 oppidum
2320 5149 2417 5186 non
2440 5137 2654 5200 amplum
2689 5137 2885 5200 quidem
2911 5134 3033 5186 illud
3062 5135 3424 5186 ‘l'roezeniorum
3448 5133 3618 5184 incolls
