4016 5916
1605 434 2057 493 Pnovssssssm.
2110 436 2406 496 PEPLUS.

392 573 451 618 et
476 561 783 617 accuratius
809 579 868 633 p.
906 560 980 612 66
1023 578 1036 612 :
1075 556 1316 615 Πέπλον·
1346 556 1580 636 περιέχει
1623 557 1677 615 δὲ
1707 557 1936 636 ἱστορίαν

393 646 701 721 σύμμικτον.
722 646 892 718 Quod
912 647 1287 700 testimonium
1309 659 1541 719 apparet
1556 666 1725 719 quam
1740 648 1937 719 pulcre

392 754 521 789 eum
536 736 805 789 memoria
826 732 1072 788 Socratis
1092 735 1370 790 concinat.
1394 735 1521 788 Fuit
1546 735 1717 807 igitur
1738 735 1939 807 Peplus

391 841 459 877 ex
504 840 698 877 eorum
736 838 940 893 genere
966 821 1334 892 scriptorum,
1363 803 1489 893 qnae⁴
1531 822 1588 874 in
1629 820 1939 874 enarranda

389 910 567 982 prisca
603 919 659 963 et
704 907 952 962 fabulosa
997 906 1229 961 historia
1270 918 1539 980 occupata
1595 904 1935 981 Συμμίκτων,

391 993 667 1063 Ἀτάκτων,
690 992 961 1048 similibus
987 994 1458 1066 appellationibus
1499 995 1935 1069 exornabantur.

392 1084 460 1137 Et
483 1081 787 1137 videndum
813 1089 892 1133 est
925 1098 997 1133 ne
1025 1080 1227 1152 Peplus
1246 1079 1457 1153 duplici
1485 1081 1651 1135 suerit
1677 1081 1838 1134 titulo
1864 1080 1942 1132 in·

388 1170 633 1242 signitus.
664 1168 881 1222 Etenim
911 1167 1008 1238 qui
1037 1164 1271 1239 Peplum
1293 1168 1512 1240 ignorat
1540 1169 1819 1240 Diogenes
1834 1184 1937 1229 no-

387 1256 469 1308 vit
493 1249 723 1309 Ἄτακτα
747 1249 981 1307 δεκαδύο.
1001 1247 1336 1325 Ἐξηγημένα
1355 1247 1493 1307 κατὰ
1515 1248 1657 1324 γένος
1676 1293 1694 1326 ,
1716 1248 1939 1327 τέτταρα

388 1340 478 1395 καὶ
505 1336 661 1405 δέκα,
705 1339 807 1392 sub
838 1356 952 1411 quo
982 1339 1212 1396 nomine
1251 1356 1367 1391 non
1406 1337 1646 1392 absurde
1679 1337 1940 1391 videmur

389 1426 665 1497 conjicere
687 1426 730 1479 si
754 1425 995 1479 eundem
1018 1425 1224 1479 librum
1254 1425 1565 1479 Aristotelis
1591 1426 1767 1479 latere
1787 1424 1940 1478 arbi-

388 1524 619 1567 tramur.
657 1513 1005 1583 Quamquam
1035 1511 1253 1578 obstare
1272 1512 1397 1583 quis
1420 1510 1568 1566 dicat
1601 1510 1760 1583 quod
1781 1514 1939 1565 Ano-

386 1618 584 1672 nymus
608 1618 671 1672 p.
698 1599 770 1663 64
819 1609 1021 1671 praeter
1046 1590 1298 1670 ¹Peplum
1328 1598 1494 1652 etiam
1534 1595 1839 1653 Διατάκτων
1871 1593 1938 1651 ιδ’

386 1685 644 1761 (volebat
684 1678 979 1756 Ἀτάκτων)
1021 1694 1077 1736 et
1100 1678 1505 1755 Ἰἰξητασμίνων
1530 1679 1666 1738 κατὰ
1701 1678 1842 1757 γένος
1872 1680 1935 1737 ιδ’

384 1772 598 1845 posuit3
624 1782 688 1826 ut
709 1790 825 1824 non
858 1770 1114 1825 videatur
1141 1770 1438 1823 verisimile
1474 1770 1680 1823 librum
1708 1770 1939 1824 diversis

384 1859 558 1913 titulis
574 1856 869 1930 significari
887 1873 1085 1912 unum.
1108 1859 1182 1910 At
1200 1866 1415 1910 constat
1438 1867 1649 1929 quanto
1671 1875 1844 1928 opere
1878 1857 1937 1908 in

383 1953 491 2007 illis
505 1951 762 2006 indiculis
770 1950 840 2005 ad
852 1948 1020 2004 fidem
1038 1949 1310 2003 librorum
1323 1949 1577 2004 nondum
1588 1951 1716 2004 satis
1733 1951 1938 2004 exactis

385 2036 646 2092 turbetur
673 2052 689 2093 ε
712 2046 769 2090 et
780 2045 843 2089 ut
865 2036 982 2107 ipse
1010 2039 1338 2108 Anonymus
1357 2033 1597 2108 Peplum
1617 2036 1705 2090 bis
1719 2054 1934 2090 memo-

386 2125 546 2192 ravit,
570 2126 648 2178 sic
664 2123 838 2176 homo
860 2123 1091 2195 supinus
1116 2122 1361 2193 ejusdem
1382 2122 1511 2176 libri
1536 2141 1567 2176 a
1585 2140 1640 2177 se
1664 2140 1935 2195 nusquam

386 2211 635 2283 usurpati
681 2208 964 2281 duplicem
999 2209 1221 2264 titulum
1276 2228 1346 2263 ex
1387 2210 1699 2282 argumenti
1737 2220 1933 2263 natura

386 2299 642 2351 haustum
689 2313 973 2368 apponere
993 2336 1009 2361 ‚
1052 2305 1250 2349 contra
1276 2296 1557 2368 Diogenes
1583 2295 1933 2366 acquiescere

381 2385 567 2456 potuit
618 2384 678 2437 in
704 2401 819 2436 uno
846 2374 1141 2438 Ἄτακτα...
1193 2383 1380 2453 Quare
1414 2383 1665 2454 suspicor
1702 2381 1934 2452 Peplum

382 2471 710 2543 inscriptum
751 2469 913 2523 fuisse
949 2485 964 2525 τ
1000 2463 1206 2530 Πέπλος
1249 2463 1285 2535 ἢ
1307 2463 1539 2524 Ἄτακτα
1587 2462 1730 2542 βιόλ.
1760 2461 1855 2523 ιδ’.
1898 2491 1921 2513 ¹·

381 2556 639 2613 Conferri
663 2556 867 2610 deinde
903 2555 1063 2625 jubet
1097 2555 1479 2627 Euphorionis
1505 2572 1648 2626 opus
1676 2550 1929 2629 Μοψοπία

378 2638 413 2709 ἢ
432 2638 663 2700 Ἄτακτα
686 2643 1041 2714 inscriptum,
1077 2651 1245 2713 atque
1278 2641 1403 2695 Istri
1427 2636 1635 2695 Ἀττικά
1663 2639 1749 2693 vel
1777 2635 1924 2711 Σύμ-

381 2749 542 2800 μικτα
567 2729 655 2783 vel
673 2724 923 2794 Ἄτακτα.
946 2726 1104 2799 Pepli
1131 2725 1374 2798 denique
1398 2726 1619 2779 titulum
1638 2743 1707 2780 ex
1733 2743 1930 2779 eorum

381 2816 545 2871 fuisse
582 2833 851 2883 numero,
895 2815 995 2886 qui
1017 2808 1275 2877 ποικίλαις
1300 2814 1414 2867 sive
1454 2813 1816 2868 miscellaneis
1842 2812 1928 2866 hi-

378 2903 565 2957 storiis
592 2900 804 2976 praefigi
835 2901 1101 2974 solerent,
1119 2898 1324 2972 probat
1355 2899 1483 2970 lopo
1517 2898 1680 2956 Gellii
1710 2897 1818 2973 (N.
1859 2902 1927 2954 A.

377 2988 535 3061 praef.
561 2989 608 3064 )‚
630 2989 730 3043 ubi
752 2989 829 3042 sic
861 3005 876 3045 :
915 2989 1065 3042 Nam
1102 2992 1199 3060 qui
1217 2990 1428 3041 variam
1459 2999 1517 3041 et
1549 2987 1852 3044 miscellam
1876 2997 1933 3039 et

378 3083 539 3148 quasi
560 3072 954 3144 confusaneam
983 3074 1291 3127 doctrinam
1309 3078 1758 3145 conquisiverunt,
1797 3077 1929 3125 titu-

381 3164 456 3215 los
467 3163 767 3234 quoquead
778 3179 903 3215 eam
912 3165 1237 3214 sententiam
1258 3161 1709 3232 exquisidssimos
1724 3159 1928 3212 Indide-

378 3252 521 3295 nmt.
554 3241 704 3294 Nam
731 3242 838 3293 alii
866 3240 1157 3293 Mas-amm
1176 3243 1580 3310 inscripserunt,
1616 3239 1720 3291 alii
1747 3237 1929 3290 Silva-

378 3345 515 3393 rum,
551 3328 647 3380 fue
681 3326 917 3399 Peplon,
950 3325 1040 3378 hic
1066 3320 1698 3400 ’Λμαλθείας-κέρας.
1723 3353 1798 3362 -
1826 3322 1928 3377 Ce-

383 3426 564 3468 terum
618 3415 886 3486 quaeritur
913 3431 1047 3466 num
1090 3413 1292 3484 Peplus
1326 3412 1580 3483 genuinis
1621 3409 1930 3464 Aristotelis

380 3502 599 3573 scriptis
615 3498 988 3556 accensendus
1012 3499 1104 3567 sit,
1130 3518 1202 3553 an
1237 3501 1382 3552 inter
1404 3516 1469 3552 ea
1496 3497 1664 3552 suerit
1682 3514 1805 3568 quae
1833 3506 1930 3549 aut

382 3605 592 3641 nomen
616 3585 965 3641 celeberrimi
1000 3585 1244 3640 auctoris
1282 3584 1643 3648 mentiantur,
1687 3592 1783 3636 aut
1805 3599 1928 3653 quae

383 3672 457 3727 ad
511 3673 681 3726 alium
728 3670 1008 3743 quendam
1036 3670 1389 3725 Aristotelem
1418 3669 1755 3741 pertineant.
1797 3667 1928 3722 Sin-

383 3775 573 3813 cerum
599 3756 920 3831 philosophi
939 3775 1079 3829 opus
1100 3774 1215 3810 esse
1239 3765 1421 3811 censet
1452 3754 1925 3823 Schneidewinus,

382 3846 661 3918 suspicans
682 3845 740 3898 id
768 3845 826 3898 in
851 3862 1011 3897 usum
1039 3841 1341 3898 Alexandri
1362 3860 1393 3896 a
1410 3850 1757 3914 praeceptore
1779 3860 1930 3895 com·

380 3934 625 4005 positum
637 3948 764 3986 esse.
784 3931 894 3985 mii
917 3931 1141 3985 serioris
1151 3929 1394 3983 hominis
1415 3928 1609 3982 soetum
1623 3945 1922 4001 agnoscere

382 4019 487 4073 sibi
512 4016 795 4073 videntur.
828 4018 895 4071 In
923 4015 1157 4070 eandem
1194 4015 1521 4069 sententiam
1551 4030 1658 4086 ego
1698 4030 1927 4084 quoque

384 4123 506 4159 sum
541 4105 895 4177 propensior.
941 4104 1081 4157 Nam
1106 4113 1161 4156 et
1188 4102 1303 4174 ipsa
1338 4101 1494 4172 Pepli
1524 4100 1812 4171 inscriptio
1855 4099 1926 4153 ab

336 4178 352 4191 ’
382 4192 692 4246 Aristotelis
717 4201 879 4245 aetate
902 4189 1081 4244 aliena
1103 4206 1215 4243 esse
1239 4199 1295 4243 et
1311 4188 1485 4260 magis
1509 4188 1678 4241 etiam
1714 4185 1926 4239 abhor-

978 4352 1328 4428 [raptus]

1095 4468 1213 4518 281.

451 4567 563 4628 Epei
579 4566 807 4615 dicuntur
828 4565 926 4614 Elei
941 4563 1004 4613 ab
1021 4567 1152 4626 Epeo
1172 4577 1293 4626 rege.
1314 4563 1504 4614 Scilicet
1522 4563 1725 4625 Neptuni
1748 4564 1797 4612 et
1829 4565 1927 4611 Eu·

386 4643 566 4706 rypylm
600 4641 900 4704 Endymione
921 4643 1050 4689 natue
1084 4639 1211 4689 tilius
1233 4640 1406 4699 Eleus,
1432 4641 1516 4702 qul
1556 4638 1738 4688 Elidem
1762 4638 1931 4687 incolis

387 4721 717 4783 frequentavit.
760 4719 860 4769 Elei
896 4732 1011 4768 vero
1033 4717 1118 4768 filii
1139 4721 1252 4767 sunt
1276 4718 1439 4768 Alexis
1470 4720 1521 4766 et
1560 4720 1740 4779 Epeos,
1768 4730 1798 4766 a
1832 4729 1930 4778 quo

384 4799 495 4861 Epel
512 4809 686 4847 neuneu
708 4795 913 4856 habent,
936 4794 1007 4844 uti
1024 4795 1298 4845 Aristoteles
1318 4795 1366 4842 in
1388 4792 1531 4855 Peplo
1552 4793 1712 4843 tradit.

446 4969 578 5018 Ordo
596 4967 822 5017 ludorum
861 4885 1477 5017 institutorz‘iii'secufflum
1516 4919 1815 5014 Aristtitelem
1852 4965 1931 5013 liic

389 5052 457 5096 est
490 5066 502 5096 ε
532 5047 677 5096 Primi
718 5046 941 5094 Eleusinii
972 5047 1167 5107 propter
1206 5043 1416 5091 fructum
1461 5057 1490 5090 a
1525 5045 1696 5092 Cerere
1731 5043 1929 5104 datum;

392 5123 583 5173 mundi
607 5122 935 5171 Panatlienaici
956 5125 1148 5183 propter
1174 5121 1385 5168 Asterem
1405 5119 1640 5180 gigantem
1668 5132 1696 5166 a
1721 5119 1929 5168 Minerva

3461 460 3570 511 ¹89

2030 579 2198 617 rerea
2225 563 2547 636 philosophi
2572 568 2746 621 nostri
2771 568 2960 624 indole
2985 570 3236 640 videtur3
3266 573 3573 649 fragmenta

2031 666 2191 719 vero,
2220 668 2341 722 quae
2362 649 2434 703 ad
2451 647 2684 723 Peplum
2706 653 2999 710 reserenda
3024 675 3136 711 csse
3159 657 3442 729 videntur,
3465 661 3576 717 do-

2030 736 2263 789 ctrinam
2277 735 2574 790 ostendunt
2594 756 2761 809 quam
2779 740 2840 792 iis
2852 742 3214 813 temporibus,
3228 745 3431 816 quibus
3439 748 3582 801 Dio·-

2031 823 2170 893 nysii
2185 823 2560 895 Stephanuset
2573 824 2810 897 Rhegini
2824 827 3228 899 Polymnemon
3237 830 3456 902 aliaque
3466 832 3583 902 ejus

2030 907 2219 962 farinae
2248 911 2583 983 compendia
2599 912 3073 987 mythologiarum
3093 918 3400 989 composita
3420 928 3577 986 sunt,

2030 991 2282 1050 floruisse
2310 1007 2554 1065 constat,
2596 1016 2790 1052 verum
2828 1018 2995 1072 quam
3043 1004 3322 1057 Aristoteli
3362 1006 3582 1059 nonnisi

2030 1084 2360 1153 gravissimis
2386 1094 2612 1138 coactus
2650 1087 2978 1141 testimoniis
3002 1089 3288 1144 vindicare
3313 1089 3576 1146 volueris.

2031 1166 2192 1222 Mitto
2232 1172 2464 1225 Tzetzen
2514 1169 2629 1244 (ad
2669 1172 2897 1227 Hesiod.
2957 1174 3200 1231 Prooem.
3239 1177 3309 1232 V.
3353 1176 3423 1233 fr.
3473 1177 3579 1233 115

2029 1257 2157 1311 coll.
2182 1256 2250 1312 sr.
2281 1258 2387 1325 176
2413 1259 2452 1329 ),
2503 1259 2600 1329 qui
2630 1259 2958 1314 Politiarum
2993 1264 3328 1334 scriptorem
3359 1281 3390 1318 a
3426 1265 3584 1338 Pepli

2030 1353 2259 1397 auctore
2313 1343 2528 1398 disertis
2554 1345 2738 1399 verbis
2779 1345 3088 1420 distinguit.
3138 1380 3215 1390 —
3257 1350 3585 1422 Sequuntur

2028 1430 2181 1501 Pepli
2221 1431 2498 1503 reliquiae,
2531 1431 2749 1502 rejectis
2777 1442 2961 1488 tamen
3002 1436 3416 1507 epigrammatis
3453 1455 3580 1510 quae

2029 1517 2088 1569 in
2120 1517 2462 1591 Anthologia
2483 1519 2674 1572 locum
2709 1520 3012 1578 invenient.

2734 1637 2867 1696 281.

2105 1755 2293 1812 Schol.
2323 1759 2463 1812 Ven.
2510 1756 2582 1812 ΙΙ.
2622 1757 2669 1813 Λ
2688 1798 2704 1826 ,
2749 1756 2863 1812 688
2895 1777 2908 1812 :
2935 1753 3138 1814 Ἐπειοὶ
3163 1759 3211 1814 οἱ
3241 1756 3438 1815 Ἠλεῖοι
3477 1757 3586 1817 ἀπὸ

2027 1839 2237 1899 Ἐπειοῦ
2273 1838 2556 1919 βασιλέως,
2584 1838 2772 1907 οὕτως·
2801 1843 3123 1909 Ποσειδῶνος
3145 1843 3235 1901 καὶ
3269 1845 3582 1923 Εὐρυπύλης

2025 1932 2117 1997 τῆς
2135 1927 2483 2002 Ἐνδυμίωνος
2502 1935 2623 1995 παῖς
2638 1928 2841 1995 Ἠλεῖος
2864 1932 2892 1986 ὁ
2917 1929 3097 1996 κτίσας
3114 1928 3311 1990 Ἤλιδα
3329 1955 3344 1968 ·
3368 1931 3579 1992 Ἦλιίου

2027 2015 2080 2072 δὲ
2104 2010 2299 2082 Ἄλεξις
2322 2014 2412 2072 καὶ
2436 2014 2673 2086 Ἐπειὸς,
2699 2017 2789 2095 ἀφ’
2821 2007 2878 2074 οὗ
2903 2015 3137 2088 Ἐπειοὶ,
3161 2015 3232 2083 ὥς
3254 2040 3409 2097 φησιν
3437 2018 3578 2097 Ἀρι-

2026 2099 2269 2170 στοτέλης
2298 2104 2351 2159 ἐν
2379 2104 2454 2180 τῷ
2481 2102 2698 2180 Πίπλῳ.
2737 2104 2945 2160 Eadem
2974 2106 3154 2178 Etym.
3175 2103 3251 2163 Μ.
3286 2108 3400 2170 426
3421 2149 3440 2177 ‚
3481 2107 3576 2167 28.

2026 2215 2050 2241 α
2071 2193 2356 2246 Diversam
2378 2193 2571 2264 paullo
2590 2193 2823 2266 stirpem
2845 2192 3014 2248 habet
3028 2196 3323 2250 Pausanias
3338 2198 3405 2264 V,
3439 2215 3460 2250 ι
3474 2237 3491 2265 ,
3516 2204 3574 2265 4,

2024 2280 2122 2351 qui
2163 2290 2351 2333 vetere
2395 2297 2590 2334 errore
2631 2276 2936 2355 Εὐρυκύδαν
2965 2291 3130 2338 vocat
3167 2300 3291 2354 quae
3336 2284 3580 2356 antiquis

2022 2368 2205 2438 poetis
2221 2364 2502 2442 Εὐρυπύλῃ
2523 2366 2647 2421 fuit.
2680 2368 2766 2422 Cf.
2799 2369 3574 2443 0.Miille1·iPmtegg.myth.

2021 2470 2082 2525 p.
2109 2471 2221 2507 222
2256 2470 2337 2524 sq.
2373 2462 2430 2507 et
2459 2453 2529 2508 G.
2560 2455 2868 2508 Hermanni
2897 2453 3337 2511 dissertationem
3363 2459 3450 2512 De
3473 2458 3576 2512 ite-

2021 2540 2153 2594 ratis
2182 2539 2333 2613 apud
2360 2540 2691 2597 Homerum.
2721 2542 2873 2613 Lips.
2897 2542 3065 2611 1840,
3092 2560 3152 2615 p.
3179 2540 3234 2596 5.
3265 2568 3288 2592 υ
3326 2544 3572 2599 Senam-

2022 2636 2230 2674 mzwm.
2261 2636 2322 2690 p.
2360 2637 2380 2671 1
2398 2636 2445 2675 1.

2742 2713 2877 2771 282.

2098 2809 2287 2863 Schol.
2319 2809 2575 2865 Aristidis
2600 2828 2658 2882 p.
2698 2808 2801 2866 105
2824 2812 2917 2866 ed.
2948 2813 3254 2868 Frommel.
3279 2828 3294 2869 ε
3325 2809 3398 2871 Ἤ
3425 2811 3573 2879 τάξις

2019 2886 2121 2941 τῶν
2151 2883 2362 2962 ἀγώνων
2383 2883 2519 2943 κατὰ
2548 2885 2910 2964 Ἀριστοτέλην
2943 2888 3224 2969 γράφεται·
3258 2889 3453 2967 Πρῶτα
3478 2889 3573 2967 μὲν

2017 2973 2085 3030 τὰ
2111 2972 2405 3032 Ἐλευσίνια
2432 2973 2517 3032 διὰ
2545 2972 2633 3032 τὸν
2673 2973 2874 3054 καρπὸν
2901 2981 2993 3047 τ’ἧς
3027 2977 3329 3057 Δήμητρος·
3357 2977 3571 3058 δεύτερα

2020 3056 2074 3114 δὲ
2099 3057 2165 3115 τὰ
2197 3059 2540 3129 Παναθήναια
2570 3061 2875 3141 ἐπὶἈστίρι
2895 3067 2970 3142 τῷ
2998 3063 3203 3140 γίγαντι
3231 3062 3333 3123 ὑπὸ
3357 3064 3572 3136 Ἀθηνᾶς

2020 3146 2112 3220 (sic
2122 3147 2470 3202 Schneidew.
2490 3167 2595 3221 pro
2614 3168 2707 3224 vg.
2722 3147 3006 3226 Ἀθηνείας)
3024 3150 3364 3230 ἀναιρεθέντι·
3380 3150 3569 3230 τρίτος,

2018 3227 2073 3286 ὃν
2097 3225 2273 3308 Ἄργει
2297 3231 2499 3297 Δαναὸς
2530 3232 2681 3304 ἔθηκε
2712 3232 2797 3291 διὰ
2825 3233 2912 3292 τὸν
2944 3233 3113 3313 γάμον
3142 3240 3246 3294 τῶν
3277 3237 3568 3318 θυγατέρων

2018 3317 2202 3373 αὐτοῦ·
2236 3316 2480 3396 τέταρτος
2504 3322 2533 3375 ὁ
2561 3321 2613 3377 ἐν
2652 3320 2900 3401 Ἀρκαδία
2947 3322 3110 3389 τεθεὶς
3137 3323 3235 3381 ὑπὸ
3276 3323 3572 3397 Λυκάονος,

2016 3399 2070 3466 ὃς
2112 3402 2307 3472 ἐκλήθη
2353 3402 2594 3463 Λύκαια·
2639 3407 2877 3481 πεμπτὸς
2909 3411 2938 3464 ὁ
2987 3410 3044 3466 ἐν
3077 3408 3279 3487 Ἰωλκῷ
3318 3410 3570 3469 Ἀκάστου
3683 3398 3695 3410 ’

2020 3487 2037 3565 (
2065 3492 2142 3546 sic
2172 3492 2338 3549 Schn.
2371 3511 2480 3565 pro
2511 3490 2817 3566 Ἰοκάστου)
2858 3494 3295 3569 καθηγησαμένου
3336 3497 3425 3555 ἐπὶ
3458 3500 3560 3556 sse·

2015 3573 2104 3655 λία
2138 3577 2213 3654 τῷ
2251 3575 2437 3653 πατρί·
2466 3574 2610 3643 ἕκτος
2639 3581 2667 3635 ὁ
2695 3580 2747 3635 ἐν
2794 3578 2990 3660 Ἰσθμῷ
3032 3579 3260 3658 Σισύφου
3295 3584 3570 3658 νομοθετῆ·

2018 3683 2202 3727 σαντος
2229 3661 2315 3720 ἐπὶ
2347 3662 2672 3742 Μελικέρτῃ·
2702 3663 2922 3741 ἕὸδομος
2950 3670 2978 3724 ὁ
3011 3666 3370 3742 Ὀλυμπιακὸς
3392 3668 3554 3750 Ἦρα-

2015 3748 2195 3814 xum.
2218 3749 2653 3824 νομοθετήσαντος
2670 3751 2753 3809 ἐπὶ
2778 3752 3006 3811 Πέλοπι·
3029 3753 3206 3831 ὄγδοος
3234 3756 3329 3813 biv
3357 3756 3559 3835 Νεμέα,

2015 3833 2071 3893 ὃν
2101 3835 2291 3906 ἔθηκαν
2321 3838 2369 3894 οἱ
2392 3834 2526 3893 ἑπτὰ
2549 3836 2634 3894 ἐπὶ
2669 3836 2858 3906 θήὸας
2889 3838 2975 3896 ἐπὶ
3011 3839 3340 3920 Ἀρχίμόρῳ·
3390 3840 3566 3908 ἔνατος

2016 3926 2044 3979 ὁ
2061 3924 2112 3980 ἐν
2133 3921 2297 4002 Τροία
2311 3966 2327 3993 ,
2342 3921 2398 3980 ὃν
2419 3921 2683 4000 Ἀχιλλεὺς
2704 3925 2791 3981 ἐπὶ
2813 3925 3107 4005 Πατρόκλῳ
3131 3927 3395 3998 ἐποίησεν·
3412 3927 3565 3988 δέκα·

2017 4033 2098 4076 τος
2117 4013 2144 4067 ὁ
2170 4009 2392 4077 Πυθικὸς
2408 4054 2424 4082 ,
2440 4009 2495 4068 ὃν
2514 4014 2561 4069 οἱ
2583 4010 2945 4086 Ἀμφικτύονες
2964 4014 3051 4072 ἐπὶ
3068 4017 3145 4094 tif»
3165 4012 3408 4080 Πύθωνος
3427 4015 3568 4096 φόνῳ

2017 4094 2222 4163 ἔθηκαν.
2245 4100 2296 4156 '1'
2298 4096 2459 4166 αύτην
2487 4095 2583 4168 τὴν
2609 4096 2753 4165 τάξιν
2777 4100 2848 4165 εἰς
2875 4098 3119 4165 Πέπλους
3145 4100 3343 4166 συνθεὶς
3370 4103 3398 4158 ὁ
3421 4100 3475 4160 Ἀ
3486 4123 3568 4180 ρι-

2018 4183 2263 4252 στοτέλης
2287 4181 2485 4250 ἐξέθετο
2517 4186 2621 4242 τῶν
2651 4184 2887 4263 ἀρχαίων
2921 4185 3012 4243 καὶ
3047 4188 3288 4245 παλαιῶν
3325 4186 3561 4263 ἀγώνων.

2018 4348 2257 4408 occisum
2294 4349 2449 4409 tertii,
2486 4363 2609 4411 quos
2645 4350 2780 4412 Argis
2813 4352 3004 4399 Danaus
3040 4351 3247 4400 instituit
3276 4351 3342 4400 ob
3375 4353 3568 4415 nuptias

2026 4424 2235 4473 tiliarum
2269 4437 2493 4485 suarum;
2529 4426 2691 4487 quarti
2714 4428 2766 4475 in
2790 4426 2990 4475 Arcadia
3010 4426 3073 4476 ab
3088 4430 3305 4488 Lycaone
3325 4427 3563 4490 instituti,

2017 4516 2130 4564 qum
2150 4506 2321 4565 Lycaea
2341 4505 2602 4564 meantum
2618 4505 2774 4566 quinti
2793 4504 2839 4554 in
2855 4505 2985 4556 lolco
3000 4504 3063 4553 ab
3079 4508 3251 4555 Acasto
3268 4506 3316 4556 in
3334 4508 3564 4558 honorem

2022 4579 2145 4627 Pelei
2167 4579 2316 4641 patris
2345 4578 2599 4640 celebrati3
2622 4581 2747 4629 sexti
2772 4585 2888 4630 sunt
2914 4580 3130 4642 lsthmii,
3162 4595 3287 4643 quos
3327 4582 3562 4645 Sisyphus

2017 4655 2271 4705 Melicerte
2310 4655 2581 4716 <lodicum
2617 4657 2807 4720 septimi
2855 4656 3120 4719 Olympici,
3164 4658 3230 4707 ab
3270 4660 3474 4709 Hei-cule
3517 4661 3564 4710 in

2017 4732 2202 4795 Pelopis
2231 4733 2461 4781 honorem
2491 4733 2721 4795 institut&
2757 4735 2916 4784 octavi
2950 4735 3186 4794 nemeti,
3216 4748 3341 4798 quos
3373 4739 3564 4799 seman

2018 4812 2186 4859 contra
2220 4810 2409 4860 Thebas
2448 4811 2742 4861 Archetnom
2775 4813 3148 4872 comeum-unu
3187 4813 3302 4862 noni
3346 4813 3563 4874 Troiani.

2017 4901 2141 4950 quos
2163 4888 2369 4937 Achaim
2400 4871 2706 4938 palmam„
2729 4889 2961 4939 honorem
2991 4889 3226 4951 insutum
3264 4891 3436 4941 decim
3471 4895 3564 4954 ry·

2017 4964 2133 5023 tliii,
2160 4977 2282 5026 quos
2317 4965 2687 5027 Amphictyones
2713 4968 2908 5028 propter
2925 4968 3195 5028 Pythonem
3217 4968 3562 5017 occisum-com

2019 5041 2257 5090 diderunt.
2303 5043 2495 5089 flancoe
2532 5041 2753 5091 ludorum
2781 5042 3088 5105 antiquorum
3126 5043 3296 5094 seriem
3323 5045 3371 5094 tn
3410 5045 3563 5108 peplis

2023 5118 2292 5168 Aristoteles
2311 5117 2546 5180 exposuit.
