4016 5916
1623 353 2120 414 FRAGMENTA.

250 509 416 583 ψατο,
447 489 519 557 ὧν
548 500 576 556 ὁ
604 496 698 573 μὲν
735 494 888 573 σάρος
913 490 1211 572 τρισχιλίων
1241 487 1329 545 καὶ
1371 483 1648 553 ἑξακοσίων
1691 484 1816 541 ἐτῶν
1856 486 1864 578 Ι’
1909 502 1985 538 ex
2027 484 2251 538 homine
2278 495 2335 537 et
2363 488 2519 555 pisce
2559 486 2756 536 mixta.
2789 482 2934 536 Hinc
2980 485 3353 556 Amegalarus
3384 482 3460 559 (4)

251 588 440 669 χρόνον
486 583 761 662 σημαίνει,
805 584 833 639 ὃ
877 578 932 638 δὲ
976 582 1127 658 νῆρος
1169 577 1295 634 ἑτῶν
1340 571 1641 644 ἑξακοσίων,
1690 574 1718 629 ὁ
1763 569 1816 628 δὲ
1857 627 1862 638 ,
1903 572 2310 627 Pantibiblicus
2374 571 2667 624 octodecim
2720 574 2860 622 saris
2922 577 3192 641 regnavit.
3250 574 3467 628 Deinde

254 681 458 743 σῶσσος
486 672 755 743 ἐξήκοντα.
787 668 894 729 Καὶ
917 664 1102 736 συνῆξε
1121 663 1308 743 σάρους
1328 660 1510 720 ἑκατὸν
1545 658 1707 718 εἴκοσι
1730 655 1816 716 διὰ
1857 649 1860 668 ¹
1898 671 2096 732 pastor
2112 660 2372 713 Davonus
2396 658 2821 724 Pantibiblicus,
2861 662 2956 729 qui
2976 671 3030 712 et
3062 664 3178 731 ipse
3199 666 3345 714 saris
3361 663 3465 716 dv..

256 761 515 844 βασιλέων
543 759 694 832 δίκα,
727 757 842 829 ἤτοι
874 753 1058 834 χρόνον
1095 754 1222 811 Ξτῶν
1250 748 1514 829 μυριάδων
1550 745 1814 823 τεσσαρᾶ-
1854 743 1860 836 ἰ
1903 763 2021 800 cem
2067 765 2237 820 regno
2272 750 2485 820 potitus
2534 757 2635 802 est.
2689 746 2803 798 Hoc
2849 750 3178 818 imperante,
3230 766 3412 802 rursus
3437 768 3469 803 e

253 875 414 912 κοντα
440 851 596 930 τριῶν
620 846 709 905 καὶ
728 843 817 902 δύο
838 841 1108 921 χιλιάδων.
1853 861 1859 936 Ι
1902 835 2088 888 Rubro
2133 840 2281 888 mari
2326 843 2685 900 emerserunt,
2737 834 2934 887 eadem
2963 833 3203 890 hominis
3236 839 3470 906 itemque

339 938 645 1013 Quomodo
702 932 850 988 istud
903 926 1249 1006 (Pauodori)
1294 935 1702 991 commentum,
1752 939 1818 977 ex
1855 967 1858 976 .
1897 925 2068 993 piscis
2072 921 2292 994 figura,
2325 931 2567 975 monstra
2596 917 2673 994 (5)
2699 932 2971 993 quattuor.
3004 922 3205 974 Postea
3222 929 3475 993 regnavit

256 1046 376 1103 quo
408 1025 673 1083 Manetho
706 1031 760 1077 et
779 1021 1011 1074 Berosus
1032 1016 1103 1072 ab
1132 1013 1332 1070 eodem
1352 1030 1501 1068 anuo
1529 1012 1588 1065 in
1608 1028 1816 1083 suppu-
1855 991 1859 1014 ’
1903 1007 2267 1062 Edoranchus
2294 1009 2691 1064 Pantibiblicus
2709 1012 2853 1062 saris
2875 1009 3190 1064 octodecim.
3225 1010 3305 1064 Eo
3329 1021 3465 1064 tem.

255 1114 567 1172 tationihus
580 1108 693 1166 suis
708 1105 1122 1178 chronolog-icis
1137 1100 1380 1176 profecti
1394 1100 1523 1168 sint,
1549 1097 1816 1170 explicari
1898 1115 2037 1169 pore
2067 1102 2198 1150 item
2228 1101 2497 1170 apparuit
2525 1116 2556 1150 e
2600 1097 2780 1150 Rubro
2816 1101 2959 1149 mari
2997 1097 3161 1150 aliud
3198 1098 3467 1169 quiddam

256 1202 488 1268 debeat,
513 1197 834 1254 notabimus
863 1192 936 1247 ad
964 1189 1316 1247 Manethonis
1343 1187 1414 1244 fr.
1443 1204 1497 1243 2.
1854 1163 1861 1272 ΙΙ
1902 1185 2082 1237 simile
2100 1188 2270 1256 piscis
2297 1195 2355 1238 et
2373 1183 2630 1249 hominis,
2674 1188 2762 1236 cm·
2794 1201 2991 1238 nome„
3027 1185 3295 1242 oslac-oni,
3344 1189 3460 1239 Hm

337 1289 578 1348 Svncell.
620 1305 682 1359 p.
727 1283 831 1356 30,
873 1287 922 1338 A
958 1301 972 1336 2
1016 1276 1203 1338 Ταῦτά
1230 1298 1384 1357 φησιν
1435 1276 1463 1331 ὃ
1507 1268 1815 1348 Πολυΐστωρ
1857 1303 1860 1334 ;
1906 1276 2085 1344 inquit
2109 1291 2294 1326 omnes
2330 1290 2423 1338 ea,
2467 1291 2593 1345 quoe
2620 1272 2693 1324 ab
2732 1271 2931 1324 (janne
2967 1278 3281 1326 smymmtfm
3313 1275 3470 1328 dis-ga

257 1352 586 1452 Ἀλέξανδρος
606 1369 694 1429 τὸν
717 1368 1001 1448 Βήρωσσον
1019 1367 1069 1422 ἐν
1093 1368 1159 1445 τῇ
1179 1361 1361 1443 πρώτῃ
1385 1359 1599 1441 φάσκειν
1624 1359 1713 1434 (fr.
1745 1357 1812 1434 ι).
1857 1347 1860 1358 ’
1904 1371 2077 1424 erant,
2091 1371 2347 1413 accurate
2368 1364 2701 1432 exposuisse.
2718 1362 2869 1414 Exin
2885 1364 3233 1432 imperat-isse
3250 1365 3471 1415 Autem-

259 1462 352 1523 Ἐν
396 1459 450 1518 δὲ
490 1463 557 1538 τῇ
583 1457 797 1537 δευτέρα
833 1453 949 1521 τοὺς
978 1453 1102 1511 δέκα
1147 1450 1377 1531 βασιλεῖς
1405 1451 1506 1506 τῶν
1535 1444 1815 1508 Χαλδαίων
1857 1435 1862 1466 ⁸
1898 1446 2160 1518 plesinum
2180 1443 2635 1522 (6)eLancharis
2650 1445 2981 1501 Chatdoeum
3007 1445 3081 1519 (7)
3104 1453 3244 1501 saris
3257 1449 3468 1507 decem.

257 1549 347 1610 καὶ
385 1548 471 1606 τὸν
519 1544 703 1626 χρόνον
740 1548 833 1616 τῆς
865 1540 1131 1621 βασιλείας
1174 1539 1363 1608 αὐτῶν,
1409 1533 1595 1615 σοι’ρους
1635 1531 1817 1592 ἑκατὸν
1857 1545 1862 1610 j
1914 1535 2048 1586 Tum
2078 1552 2305 1606 regnum
2332 1538 2563 1587 tenuisse
2592 1534 2861 1588 Otiartem
2904 1551 2937 1586 e
2964 1534 3269 1589 Lam-haris
3296 1535 3471 1590 Chal-

262 1637 469 1708 εἴκοσιν,
497 1633 615 1705 ἤτοι
660 1635 788 1691 ἐτῶν
831 1629 1083 1708 μυριάδας
1123 1624 1512 1704 τεσσαράκοντα
1554 1629 1688 1702 τρεῖς
1728 1619 1818 1678 καὶ
1858 1637 1863 1690 ξ
1903 1622 2087 1675 clevum
2139 1620 2217 1695 (8)
2263 1626 2405 1675 saris
2450 1633 2587 1679 octo.
2622 1619 2896 1690 Defuncto
2938 1622 3176 1695 denique
3221 1622 3469 1691 Otiarte‚

259 1726 349 1786 δῦο
376 1721 641 1804 χιλιάδας,
678 1719 774 1787 ἕως
818 1723 906 1778 τοῦ
941 1717 1339 1791 κατακλυσμοῦ·
1378 1708 1519 1790 λέγει
1562 1709 1661 1787 γὰρ
1696 1711 1812 1767 κτλ.
1858 1701 2083 1784 {silium
2107 1714 2227 1778 ejus
2251 1710 2309 1762 Χ
2313 1707 2577 1760 isuthrum
2609 1714 2817 1762 rexisse
2841 1713 3128 1781 imperium
3157 1715 3298 1762 saris
3325 1722 3470 1763 octo.

3337 360 3450 412 ⁴99

260 1815 432 1892 (vide
461 1813 662 1887 fragm.
701 1832 729 1881 7
758 1809 799 1885 ).

1010 1919 1064 1976 5.

344 2041 549 2097 Euseb.
569 2039 780 2095 Chron.
794 2055 854 2111 p.
874 2033 904 2090 5
921 2033 1010 2090 ed.
1023 2034 1178 2089 Mam
1197 2034 1336 2086 Hcec
1350 2030 1569 2104 quidem
1589 2029 1820 2082 Benosus

261 2136 316 2186 In
338 2136 514 2204 primo
542 2128 678 2181 libro
721 2128 992 2190 narravit,
1035 2120 1273 2176 secundo
1304 2129 1488 2171 autem
1518 2134 1675 2188 reges
1706 2120 1822 2168 sin-

262 2221 507 2293 gillatim
536 2217 821 2269 recensuit.
849 2210 936 2288 [U
933 2225 956 2265 t
978 2216 1094 2284 ipse
1114 2215 1198 2263 ait
1204 2251 1218 2276 ‚
1250 2207 1674 2263 Nabonassarus
1697 2215 1819 2257 erat

261 2325 324 2362 eo
354 2318 593 2378 tempore
614 2322 734 2358 rex.
759 2303 891 2356 Haec
915 2318 1074 2354 sensu
1095 2299 1153 2355 h.
1181 2298 1219 2353 l.
1258 2292 1505 2369 carent]
1533 2294 1608 2348 Et
1626 2310 1814 2367 regum

261 2394 478 2468 quidem
506 2394 731 2445 nomind
759 2389 1061 2457 diligenter
1095 2395 1336 2449 acervat,
1387 2384 1597 2436 nullum
1630 2392 1815 2435 tamen

261 2499 446 2537 eorum
474 2497 609 2552 opus
625 2477 987 2551 peculiariter
1001 2477 1227 2538 recitat,
1245 2467 1496 2540 fortasse
1518 2474 1652 2542 quia
1670 2468 1820 2523 nihil

263 2566 671 2623 memorandum
708 2581 823 2616 esse
854 2563 1172 2615 arbitratur.
1207 2560 1301 2614 Ex
1335 2576 1400 2612 eo
1430 2562 1604 2628 igitur
1626 2574 1816 2628 regum

264 2654 637 2710 tantummodo
677 2655 873 2706 seriem
906 2651 1227 2722 depromere
1251 2647 1392 2702 licet.
1418 2647 1540 2698 Hac
1576 2662 1696 2698 vero
1717 2662 1782 2697 ra
1800 2675 1818 2687 ·

265 2749 414 2798 tione
458 2744 829 2795 narrationem
875 2737 1180 2802 exorditur,
1244 2745 1307 2787 ut
1337 2733 1703 2806 Apollodorus
1745 2730 1818 2811 (1)

264 2836 350 2886 ait
390 2851 409 2884 .·
456 2848 653 2902 nempe
671 2833 911 2902 primum
949 2830 1198 2878 extitisse
1240 2840 1424 2897 regem
1465 2823 1692 2875 Alorum
1742 2817 1818 2898 (α)

265 2937 339 2976 ex
361 2920 492 2975 urbe
530 2913 822 2989 Babylone
863 2913 1186 2971 Clealdoeum
1226 2930 1244 2965 .·
1280 2909 1424 2965 hunc
1460 2914 1606 2964 saris
1630 2909 1820 2964 decem

275 3026 446 3081 regno
455 3011 721 3080 potitum.
750 3004 922 3059 Porio
957 3006 1004 3055 is
1042 3018 1227 3054 sarum
1256 3018 1332 3053 ex
1367 3002 1532 3051 annis
1560 3009 1644 3051 ter
1667 2998 1823 3051 mille

264 3099 537 3150 sexcentis
573 3091 793 3163 conflat.
825 3090 1000 3143 Addit
1025 3093 1196 3142 etiam
1230 3090 1410 3141 nescio
1434 3103 1592 3158 quem
1632 3103 1820 3138 nerum

267 3194 321 3237 et
359 3200 563 3237 sossum
610 3199 628 3231 .·
668 3196 858 3233 nerum
898 3182 982 3229 ait
1010 3179 1279 3229 sexcentis
1328 3178 1496 3228 annis
1544 3185 1818 3242 constare,

267 3288 472 3324 sossum
503 3272 671 3321 annis
700 3269 1019 3337 sexaginta.
1050 3263 1145 3317 Sic
1172 3264 1267 3316 ille
1288 3263 1360 3315 de
1379 3273 1624 3316 veterum
1673 3279 1823 3315 more

269 3374 446 3410 annos
478 3363 757 3427 supputat.
847 3362 856 3369 '
1428 3403 1444 3417 ,

351 3446 458 3497 His
504 3441 684 3505 dictis,
715 3443 908 3513 pergit
935 3455 1130 3513 porro,
1184 3454 1443 3510 regesque
1485 3437 1823 3507 Assyriorum

267 3531 599 3602 singillatim
629 3538 792 3600 atque
818 3543 893 3579 ex
909 3525 1102 3579 ordine
1124 3536 1431 3590 enumerat,
1461 3524 1649 3578 decem
1669 3525 1819 3580 vide-

275 3613 406 3664 licet
444 3604 519 3662 ab
560 3608 617 3661 A
622 3607 735 3660 loro
767 3609 947 3678 primo
995 3620 1126 3674 rege
1163 3620 1328 3676 usque
1355 3604 1435 3655 ad
1470 3605 1536 3657 X
1531 3603 1814 3671 isutlerum,

270 3697 372 3750 sub
393 3713 500 3769 quo
527 3710 790 3768 magnum
819 3690 961 3745 illud
983 3694 1330 3763 primumque
1360 3690 1624 3744 diluvium
1649 3696 1823 3745 conti·

271 3788 421 3860 gisse
451 3787 556 3850 ait,
611 3781 759 3855 quod
794 3781 985 3834 ,Moses
1010 3797 1220 3852 quoque
1254 3790 1662 3833 commemorat.
1692 3780 1825 3833 Jam

268 3888 542 3926 summam
589 3881 887 3943 temporum
901 3909 915 3935 ,
972 3867 1164 3940 quibus
1194 3866 1255 3920 1ιί
1294 3885 1452 3941 reges
1478 3870 1829 3939 imperitave-

274 3970 421 4027 runt,
455 3965 539 4015 ait
559 3976 674 4013 esse
695 3975 848 4013 saros
867 3967 1080 4010 centum
1103 3960 1336 4031 viginti,
1366 3974 1565 4029 nempe
1581 3956 1829 4028 quadra-

273 4052 436 4120 ginta
478 4059 587 4101 tres
626 4063 893 4101 annorum
923 4044 1200 4115 myriades
1239 4062 1523 4116 annosque
1546 4044 1627 4096 bis
1653 4046 1828 4101 mille.

281 4136 417 4189 Tum
443 4145 498 4189 et
531 4135 748 4189 disertis
773 4133 961 4187 verbis
1002 4136 1082 4187 ita
1117 4132 1311 4186 scribit
1339 4151 1359 4183 .·
1395 4127 1699 4200 Defuncto,
1739 4136 1830 4185 in-

273 4228 415 4297 quit,
473 4222 676 4291 Alom,
713 4225 966 4294 regnavit
1007 4225 1131 4292 ejus
1150 4220 1318 4293 filius
1359 4220 1652 4292 Alaparus
1689 4224 1834 4273 saris

276 4311 465 4365 tribus.
516 4310 656 4365 Post
679 4310 991 4383 Alaparum
1025 4309 1283 4362 Almelon
1318 4306 1524 4381 (graece
1567 4306 1831 4383 Amelon)

274 4415 350 4453 ex
375 4398 507 4453 urbe
543 4398 871 4453 Pantibiblis
913 4395 993 4471 (3)
1040 4395 1342 4451 Chaldaeus
1381 4400 1528 4448 saris
1555 4396 1830 4452 tredecim.

280 4486 568 4540 Almeloni
606 4489 864 4539 successit
888 4488 1196 4538 Ammenon
1227 4487 1356 4536 item
1392 4500 1468 4536 ex
1500 4478 1837 4537 Pantibiblis

278 4573 580 4635 Chaldoeus
592 4578 738 4628 saris
755 4573 1059 4628 duodecim.
1087 4572 1264 4642 Hujus
1286 4581 1454 4625 oetate
1477 4567 1662 4625 bellua
1683 4590 1832 4645 quoe-

276 4661 437 4729 dam‚
469 4666 562 4715 cui
586 4679 785 4715 nomen
815 4660 1062 4715 Idotioni
1091 4656 1416 4733 (Anido-sto,
1455 4656 1640 4730 Abyd.
1672 4658 1742 4716 fr.
1770 4676 1834 4728 ας

1891 3952 1898 3961 ·
1917 3882 2189 3955 judicium
2218 3882 2288 3936 de
2326 3882 2503 3939 Aloro

1907 1796 2082 1850 (lecim
2115 1815 2135 1849 .·
2167 1797 2266 1850 sub
2284 1814 2454 1868 eoque
2476 1800 2717 1850 evenisse
2747 1815 3009 1870 magnum
3029 1797 3311 1853 diluvium.
3341 1797 3469 1852 Con·

1907 1884 2080 1943 fiatur
2110 1890 2284 1960 igitur
2304 1903 2521 1938 summa
2560 1886 2745 1939 decem
2770 1903 2958 1958 regum
2988 1897 3044 1938 et
3067 1905 3314 1939 sat-orum
3343 1904 3468 1939 cen·

1859 1955 1866 2028 i
1907 1984 2019 2027 tum
2049 1977 2271 2048 viginti.
2298 1974 2433 2035 Hoec
2461 1986 2541 2027 est
2553 1993 2725 2047 porro
2753 1991 2939 2045 regum
2970 1978 3137 2027 series
3168 1993 3187 2025 .-

2046 2097 2093 2150 1.
2141 2096 2197 2149 A
2200 2097 2344 2150 lorus
2368 2100 2512 2148 saris
2539 2097 2617 2150 X.

2012 2185 2087 2238 11.
2135 2186 2418 2256 Alaparus
2436 2188 2579 2237 saris
2606 2186 2709 2237 III
2720 2227 2732 2239 .

1973 2271 2081 2326 Ill.
2128 2272 2382 2323 ¹Almelon
2410 2275 2550 2323 saris
2576 2270 2763 2325 XIII.

1987 2362 2081 2416 lv.
2130 2362 2432 2414 Ammenon
2460 2363 2603 2410 saris
2634 2360 2780 2411 XII.

2014 2450 2079 2504 V.
2127 2447 2497 2519 Amegalarus
2515 2451 2658 2501 saris
2686 2446 2905 2501 XVIII
2914 2487 2926 2502 .

1989 2538 2086 2591 VI.
2132 2537 2389 2590 Davonus
2408 2540 2556 2588 saris
2579 2536 2659 2592 X.

1974 2625 2100 2680 VII.
2148 2621 2510 2676 Edoranchus
2534 2627 2673 2675 saris
2702 2623 2797 2675 X!
2806 2623 2940 2677 711.

1939 2710 2090 2765 VIII.
2138 2709 2563 2784 Amempltsinus
2588 2716 2732 2762 saris
2762 2712 2839 2765 X.

1988 2799 2096 2852 IX.
2140 2798 2384 2853 Otiartes
2405 2803 2550 2851 saris
2581 2799 2759 2851 VIII.

2019 2886 2095 2944 X.
2133 2888 2200 2940 Χ
2196 2886 2432 2940 isuthrus
2451 2890 2595 2940 saris
2620 2887 2862 2940 XVIII.

1992 3009 2248 3077 Summa,
2282 3028 2439 3083 reges
2460 3010 2671 3076 decem,
2709 3013 2828 3062 sari
2855 3019 3067 3061 centum
3096 3011 3321 3079 viginti.
3346 3008 3479 3061 Jam

1913 3097 1988 3152 ab
2002 3097 2092 3152 his
2105 3108 2319 3152 centum
2336 3101 2543 3171 viginti
2555 3101 2700 3149 saris
2714 3095 2911 3167 confici
2929 3097 3086 3147 aiunt
3099 3093 3481 3166 quadraginta

1917 3196 2026 3239 tres
2044 3203 2309 3239 annorum
2336 3185 2616 3256 myriades
2643 3194 2700 3238 et
2727 3179 2811 3237 bis
2843 3184 2998 3237 mille
3026 3187 3254 3254 insuper
3277 3200 3475 3247 annos,·

1917 3274 2197 3345 siquidem
2212 3291 2371 3327 sarus
2397 3277 2565 3325 annis
2594 3282 2679 3325 ter
2694 3272 2850 3326 mille
2876 3282 2931 3324 et
2953 3273 3228 3323 sexcentis
3250 3279 3478 3322 constat.

1917 3360 2057 3413 Hoec
2084 3364 2142 3414 in
2171 3361 2532 3432 Polyhistoris
2555 3358 2871 3413 Alexandri
2898 3359 3052 3413 libris
3074 3367 3391 3409 narrantur.

1994 3450 2297 3503 Annotatio
2313 3449 2469 3518 Majz'
2480 3466 2498 3500 .·
2511 3470 2537 3497 ι
2552 3445 2622 3525 (ι)
2637 3447 2783 3501 Num
2800 3443 3183 3518 Apollodorus
3193 3445 3481 3511 Berosum,

1916 3533 2333 3608 Apollodorum
2352 3533 2671 3605 Polyhistor
2690 3530 2908 3587 inducit
2935 3528 3297 3602 loquentem?
3332 3531 3477 3583 Sane

1917 3623 2074 3677 locus
2103 3623 2158 3674 in
2188 3620 2385 3676 codice
2424 3624 2581 3675 Arm.
2623 3618 2985 3691 ambiguitate
3025 3617 3284 3671 laborare
3321 3616 3480 3671 vide·

1920 3720 2032 3764 tur.
2071 3740 2147 3752 --
2181 3707 2255 3782 (2)
2289 3709 2416 3762 Nou
2444 3717 2522 3761 est
2558 3708 2651 3760 hic
2679 3704 3217 3779 praetermittendum
3246 3704 3483 3777 praecla-

1919 3815 2047 3851 rum
2100 3795 2470 3853 Chorenensis
2526 3795 2741 3849 Histor.
2800 3794 2829 3848 1
2846 3807 2889 3862 ,’
2915 3789 2947 3847 5
2992 3793 3370 3846 testimouium
3428 3802 3483 3847 et

2547 3898 2561 3938 :
2599 3904 2623 3929 «
2652 3881 2966 3953 Scriptores
2999 3888 3215 3934 ‘veteres
3236 3898 3345 3933 suae
3372 3898 3482 3933 vo-

1923 3972 2154 4026 luntatis
2177 3970 2413 4025 arbitrio
2438 3988 2536 4024 seu
2561 3969 2756 4042 quavis
2782 3968 2888 4023 alia
2911 3966 2983 4022 de
3007 3985 3169 4021 causa
3194 3967 3479 4021 narratio-

1919 4075 2048 4127 nes,
2099 4056 2330 4111 nomiua
2374 4066 2430 4110 et
2470 4068 2725 4129 tempora
2772 4055 3237 4121 immutaverunt,
3297 4052 3482 4124 deque

1921 4161 2113 4198 rerum
2134 4144 2350 4215 origine
2371 4144 2574 4216 partim
2592 4161 2723 4198 vere
2745 4142 2950 4216 partim
2975 4139 3107 4195 false
3131 4141 3304 4194 locuti
3329 4151 3480 4213 sunt3

1920 4223 2091 4277 veluti
2117 4232 2169 4277 et
2192 4223 2264 4276 de
2284 4223 2469 4295 prima
2492 4240 2555 4277 re
2576 4232 2787 4291 creata,
2819 4238 2987 4295 quem
3011 4238 3128 4274 nun
3154 4220 3444 4273 hominem
3462 4258 3477 4284 ‚

1922 4308 2021 4364 sed
2040 4328 2230 4384 regem
2245 4310 2505 4376 vocitant,
2538 4309 2701 4382 eique
2720 4307 3023 4363 barbarum
3040 4323 3247 4360 nomen
3269 4304 3479 4358 faciunt

1925 4415 1987 4452 ac
2012 4394 2349 4471 significatus
2368 4406 2683 4471 expertem,
2713 4406 2881 4469 atque
2907 4412 3082 4449 annos
3111 4395 3237 4448 vitae
3261 4392 3485 4466 triginta

1924 4504 2017 4541 sex
2061 4486 2215 4541 mille
2243 4484 2590 4542 adscribunt.
2627 4509 2651 4535 n
2693 4482 2809 4558 (cf.
2844 4487 3026 4540 Moses
3058 4485 3120 4552 1,
3159 4501 3211 4537 c.
3253 4481 3285 4535 3
3326 4482 3465 4553 init.⁴

1923 4574 2022 4628 ubi
2056 4574 2319 4629 Berosum
2358 4583 2654 4629 memorat·
2671 4572 2979 4627 historicum
3019 4573 3451 4626 literatissimum
3463 4588 3475 4634 ;

1924 4660 2041 4717 vid.
2058 4661 2314 4735 Abyden.
2340 4662 2411 4717 fr.
2441 4681 2490 4717 1.
2509 4661 2526 4735 )
2551 4689 2630 4703 -
2652 4660 2731 4735 (3)
2753 4660 2946 4716 Codex
2969 4662 3127 4715 Arm.
3148 4656 3326 4713 modo
3343 4658 3483 4712 Pau·

272 4748 592 4813 Anne-doto,
639 4744 860 4823 Syna),
889 4764 922 4800 e
954 4746 1135 4800 Rubro
1175 4748 1322 4797 mari
1360 4749 1604 4811 emersit,
1635 4742 1834 4814 jbrma
1930 4748 2177 4823 tibiblis,
2204 4760 2269 4803 ut
2294 4750 2414 4819 hic,
2442 4747 2618 4803 modo
2643 4746 3001 4817 Pantibiblis;
3025 4764 3150 4819 quae
3175 4747 3411 4800 varietas
3428 4743 3487 4796 in

272 4921 407 4959 uaros
449 4922 562 4959 suos
593 4911 641 4959 et
671 4923 811 4959 ueros
843 4911 892 4959 et
923 4921 1078 4957 sossos
1104 4909 1322 4969 tempora
1354 4913 1568 4958 recenset
1597 4909 1838 4972 (quorum

272 4998 412 5038 sams
427 4988 500 5037 est
517 5000 750 5038 annorum
775 4993 925 5048 3600,
945 4997 1091 5034 uerus
1111 4996 1346 5033 annorum
1366 4990 1484 5047 600,
1505 4998 1664 5036 εοεειιε
1689 5000 1837 5037 anno-

1987 4914 2105 4962 Haec
2128 4912 2394 4963 Alexander
2413 4912 2680 4975 polyhistor
2704 4913 2934 4961 Bet-osum
2958 4910 3083 4959 libro
3110 4909 3265 4972 primo
3294 4919 3488 4956 narrare

1926 4987 2059 5037 dicit.
2080 4988 2222 5039 Libro
2240 4989 2451 5039 secundo
2480 4993 2643 5039 autem
2662 4987 2829 5038 decem
2862 4986 3199 5038 chaldaeorum
3232 4996 3390 5047 reges,
3413 4985 3487 5032 at·

274 5077 384 5115 rum
406 5065 526 5130 fio);
550 5069 697 5129 atque
722 5067 788 5114 ita
813 5062 1008 5127 quidem
1041 5063 1097 5110 ut
1114 5061 1282 5112 decem
1305 5076 1437 5127 reges
1459 5078 1545 5128 per
1561 5077 1695 5115 εει-οε
1719 5072 1837 5129 120,
1926 5078 2023 5127 que
2055 5067 2244 5128 tempus
2279 5080 2364 5129 per
2393 5066 2525 5130 quod
2560 5065 2830 5128 regnan-int,
2868 5064 2917 5113 id
2950 5066 3021 5115 est
3052 5076 3184 5113 saroa
3214 5064 3409 5112 eentum
3440 5062 3489 5111 et

274 5143 378 5194 sive
404 5157 491 5207 per
511 5156 662 5194 annos
689 5144 895 5207 432‚000
918 5143 1175 5205 imperasse
1197 5141 1338 5192 dicat.

1929 5144 2094 5206 viginti
2118 5144 2218 5194 sive
2236 5158 2386 5195 annos
2404 5149 2626 5208 432,000,
2650 5144 2713 5196 ad
2729 5144 2965 5195 diluvium
2985 5158 3137 5207 nsque
3162 5144 3393 5194 recenset.

3200 5230 3269 5279 22.
