4016 5916
1424 388 2114 527 EUGEON
2200 381 2857 524 SAMIUS.

1788 704 2516 730 *ἥθ’--

630 913 931 986 Dionysius
949 909 1070 966 Hal.
1090 910 1159 965 de
1177 910 1351 966 Thuc.
1369 909 1546 980 judic.
1574 928 1623 963 c.
1651 907 1682 963 5
1715 928 1727 962 :
1750 905 1981 986 Ἀρχαῗοι
2003 903 2099 981 μὲν
2191 902 2462 985 εἰρημένον
2506 905 2558 961 ἐν
2576 905 2821 981 ..Σαμίων
2861 901 3014 984 ὥροις
3043 904 3194 982 (vgo
3219 903 3353 986 ὅροις
3372 906 3410 981 )·
3441 933 3465 957 ἰ
3495 909 3583 984 Τῇ
3609 908 3662 967 δὲ
3687 913 3753 989 νῇ

551 990 639 1057 οῧν
664 996 975 1077 συγγραφεῖς
1013 994 1198 1052 πολλοὶ
1226 992 1316 1052 καὶ
1346 992 1481 1051 κατὰ
1515 992 1740 1058 πολλοὺς
1763 992 1949 1057 τόπους
1985 990 2098 1067 ἐγέ·
2137 1040 2144 1053 .
2186 994 2289 1049 τῶν
2333 990 2710 1069 Πυθογειτνίων
2748 992 2815 1068 (Ρ)
2863 1014 2941 1058 τις
2966 990 3054 1049 τὸν
3093 991 3281 1072 φυρτὸν
3310 992 3594 1069 ἐλάμὸανε.
3628 1022 3653 1048 n
3685 1001 3757 1054 Et

550 1108 695 1144 νοντο
723 1086 825 1164 πρὸ
841 1087 934 1141 τοῦ
976 1082 1466 1152 Πελοποννησιακοῦ
1492 1077 1724 1155 πολέμου
1744 1102 1757 1115 ·
1786 1081 1837 1139 ἐν
1861 1069 1933 1144 οἷς
1960 1078 2100 1136 ἐστὶν
2188 1100 2244 1154 p.
2264 1080 2362 1155 39,
2385 1080 2458 1136 32
2485 1101 2498 1135 t
2521 1077 2680 1149 ’Ύλη
2706 1079 2758 1136 ἐν
2772 1077 2990 1155 Σαμίων
3010 1075 3160 1159 ὥροις
3179 1083 3286 1158 (vg.
3307 1079 3479 1160 ὅροις)·
3500 1110 3524 1135 α
3540 1083 3757 1143 Kalon-

552 1171 820 1250 Εὐγέων
849 1191 914 1227 τι
944 1171 972 1225 6
1002 1167 1244 1243 Σάμιος
1275 1164 1368 1225 καὶ
1392 1162 1616 1245 Δηΐοχος
1643 1170 1671 1224 6
1701 1165 2102 1246 Προικοννήσιος
2190 1163 2310 1223 δίνα
2335 1164 2620 1237 κατέδησεν
2640 1168 2743 1223 τῶν
2756 1169 2850 1237 τῆς
2867 1164 2992 1236 ὕλης
3012 1168 3313 1246 μετασχεῖν.
3341 1196 3364 1220 ²³
3392 1172 3592 1228 Priore
3615 1174 3753 1229 loco

550 1259 641 1318 καὶ
671 1257 916 1335 Εὔδημος
934 1259 961 1314 6
985 1255 1180 1335 Πάριος
1208 1254 1297 1312 καὶ
1326 1256 1606 1330 Δημοκλῆς
1647 1257 1674 1312 6
1715 1251 1984 1331 Φυγελεὺς
2013 1252 2102 1311 καὶ
2189 1257 2472 1330 scripseris
2517 1258 2610 1312 τοῦ
2660 1255 3127 1331 Πυθογειτνιῶνος·,
3188 1276 3364 1331 quum
3413 1278 3502 1314 res
3548 1264 3757 1317 mensis

553 1346 828 1413 Ἑκαταῖος
867 1348 894 1403 6
918 1342 1176 1415 Μιλήσιος
1207 1340 1238 1400 ὅ
1258 1364 1313 1399 τε
1337 1340 1571 1422 Ἀργεῖος
1601 1340 1927 1407 Ἀκουσίλαος
1951 1339 2040 1398 καὶ
2076 1344 2103 1397 6
2191 1362 2402 1399 nomeu
2449 1341 2701 1418 flagitare
2739 1343 3020 1399 videatur.
3062 1344 3306 1400 Aliunde
3341 1345 3414 1401 de
3455 1348 3755 1423 Pythogit-

554 1431 913 1516 Λαμψακηνὸς
925 1430 1120 1512 Χάρων
1140 1428 1228 1488 καὶ
1247 1432 1275 1487 6
1290 1429 1643 1500 Χαλκηδόνιος
1665 1427 2104 1507 Ἀμελησαγόρας.
2191 1431 2366 1487 nione
2391 1449 2511 1486 non
2529 1440 2774 1500 constat;
2813 1442 2965 1487 certe
2991 1451 3110 1487 non
3137 1434 3393 1488 meminit
3420 1432 3537 1506 ejus
3556 1436 3621 1491 C.
3653 1438 3754 1494 Fr.

630 1526 867 1598 Eugeon
905 1522 1118 1577 Samius
1160 1520 1388 1575 fortasse
1417 1520 1825 1591 antiquissimus
1859 1518 1965 1573 suit
2005 1510 2105 1594 (Ἴ
2194 1522 2501 1574 Hermann.
2525 1523 2581 1572 ἰη
2616 1518 2832 1576 Gtiech.
2863 1519 3290 1577 Monatskunde.
3314 1521 3757 1595 Componendus

2193 1605 2360 1661 suerit
2394 1624 2524 1660 cum
2548 1605 2865 1661 Atticorum
2892 1607 3325 1681 Metagitnione‚
3362 1627 3529 1681 quem
3567 1610 3756 1684 Apol-

2195 1694 2294 1746 lini
2314 1712 2532 1748 sacrum
2559 1692 2720 1749 fuisse
2743 1692 2955 1749 indicat
2980 1694 3181 1749 Suidas
3218 1713 3275 1753 v,
3303 1715 3347 1751 s.
3385 1715 3399 1751 z
3428 1695 3481 1752 ἐν
3508 1692 3563 1752 δὲ
3586 1692 3756 1776 τούτῳ

2195 1777 2482 1837 Ἀπόλλωνι
2502 1770 2857 1859 Μετοίγειτνίῳ
2877 1778 3072 1838 θύουσι.
3100 1782 3260 1837 Idem
3284 1784 3344 1838 in
3362 1784 3549 1839 Samio
3566 1804 3760 1841 mense

2196 1868 2373 1939 ipsum
2398 1885 2608 1922 nomen
2629 1886 2863 1943 arguere
2878 1868 3122 1924 videtur.
3153 1870 3319 1925 Sacra
3339 1873 3440 1926 ista
3457 1873 3759 1947 Apollinea

2195 1955 2240 2007 si
2267 1955 2389 2028 ipso
2417 1957 2620 2010 mensis
2666 1957 2829 2011 initio
2866 1956 3319 2027 instituebantur,
3367 1958 3486 2014 haec
3523 1959 3761 2015 fortasse

561 2040 819 2118 Εὖγαίων,
839 2038 1004 2115 ὄνομα
1041 2036 1236 2116 κύριον,
1259 2052 1316 2095 et
1338 2042 1484 2095 inter
1507 2041 1785 2114 barytona
1806 2041 2111 2115 Theogno-
2197 2042 2381 2096 verbis
2403 2043 2504 2097 τῶν
2517 2038 2902 2116 ’Πυθογειτνίων
2920 2043 3281 2119 intelligenda
3298 2057 3444 2115 sunt,
3467 2064 3574 2102 nec
3598 2046 3761 2121 quid-

557 2142 671 2185 stus
694 2131 751 2184 in
779 2129 1028 2185 Crameri
1059 2127 1275 2184 Anecd.
1310 2128 1410 2185 Gr.
1440 2129 1556 2183 vol.
1587 2130 1663 2197 11,
1688 2147 1748 2203 p.
1779 2147 1875 2202 29,
1914 2128 1969 2183 3.
2002 2130 2108 2183 Ea·
2199 2148 2369 2204 quam
2394 2128 2745 2184 mutandum.

560 2217 687 2272 dem
716 2217 914 2272 leviter
936 2226 1203 2288 corrupta
1229 2225 1309 2270 est
1330 2216 1391 2270 in
1413 2216 1618 2270 Photio
1661 2236 1718 2271 v.
1742 2213 1889 2286 Νηΐς.
2150 2190 2167 3199 γ
2948 2236 3006 2273 2.

555 1630 755 1668 eorum
780 1611 880 1684 qui
896 1603 1093 1685 Ὤρους
1112 1608 1429 1663 Samiorum
1451 1606 1698 1662 condere
1724 1607 2102 1661 instituerunt.

555 1698 716 1757 Idem
743 1706 1132 1770 argumentum
1165 1712 1340 1766 quum
1372 1693 1634 1767 deinceps
1661 1694 1754 1747 alii
1785 1693 2105 1766 complures

557 1782 911 1839 tractandum
930 1781 1035 1837 sibi
1069 1781 1398 1849 sumserint,
1427 1780 1583 1835 vides
1621 1783 1720 1853 qui
1765 1780 1973 1835 sactum
1996 1782 2063 1834 sit
2085 1823 2102 1853 ,

556 1883 619 1926 ut
641 1870 920 1944 Eugeonis
946 1868 1216 1923 memoria
1240 1886 1392 1922 nunc
1430 1886 1607 1923 crassa
1638 1878 1928 1941 prematur
1972 1867 2109 1921 eali-

556 1959 708 2031 gine.
724 1954 1225 2012 Nominisalteram
1240 1954 1479 2009 formam
1496 1955 1720 2009 exhibet
1736 1953 1950 2023 Suidas,
1973 1955 2070 2027 qui
2090 1972 2103 2008 ε

1157 2346 1523 2374 ψ

2235 2362 2242 2369 ·
2281 2328 2516 2384 Homeri
2557 2338 2612 2382 et
2654 2328 2888 2383 Hesiodi
2914 2330 3155 2385 Certam.
3195 2351 3256 2406 p.
3293 2331 3363 2399 34
3406 2335 3466 2388 in
3495 2334 3759 2413 Βιογραφ.

2205 2416 2611 2469 Westermanni
2637 2433 2652 2467 τ
2681 2409 2990 2482 Ἑλλάνικος
3012 2414 3106 2491 μὲν
3132 2415 3233 2497 γὰρ
3261 2417 3350 2475 καὶ
3376 2416 3646 2490 Κλεάνθης
3672 2419 3761 2478 τὸν

2203 2498 2406 2579 πατέρα
2425 2500 2582 2557 αὐτοῦ
2618 2499 2823 2559 Μαίονα
2843 2499 3099 2578 λέγουσιν,
3133 2504 3374 2583 Εὗγαίων
3400 2504 3455 2563 δὲ
3484 2506 3716 2577 Μέλητα
3734 2552 3751 2580 ,

2205 2588 2512 2659 Καλλικλῆς
2541 2584 2595 2645 δὲ
2621 2586 2999 2669 Δμασαγόραν,
3026 2591 3347 2672 Δημόκριτος
3375 2592 3429 2651 δὲ
3449 2593 3761 2673 Τροιζήνιος

2205 2672 2458 2749 Δαήμονα
2485 2672 2728 2753 ἔμπορον.

2285 2760 2566 2839 Εὗγαίων]
2620 2764 2947 2821 Meinekius.
2993 2768 3155 2823 Anal.
3201 2770 3362 2826 Alex.
3418 2788 3480 2844 p.
3513 2769 3608 2827 61.
3653 2771 3763 2830 Εὐ-

2209 2848 2377 2925 μαίων
2399 2851 2592 2925 vulgo,

1008 2454 1240 2526 [apol
1286 2454 1651 2524 nmium

1320 2597 1368 2633 1.

638 2693 806 2748 Phot.
824 2694 964 2748 Lex.
983 2710 1038 2750 v.
1056 2682 1223 2759 Νηΐςε
1248 2687 1357 2747 Καὶ
1373 2689 1425 2747 ἐν
1451 2688 1621 2772 Σάμῳ
1641 2689 1694 2747 δὲ
1711 2689 1859 2770 θηρία
1880 2691 2116 2769 γενέσθαι

562 2778 664 2854 (sc.
700 2775 907 2854 φασὶν),
938 2767 1009 2833 ὧν
1046 2773 1405 2855 φθεγγομένων
1436 2775 1716 2855 ῥήγνυσθαι
1729 2777 1822 2849 τὴν
1846 2783 1970 2857 γῆν·
1990 2782 2118 2839 ἐκα-

562 2867 745 2924 λοῦντο
767 2861 823 2920 δὲ
852 2862 972 2932 νηία
1003 2862 1023 2939 (
1041 2884 1148 2919 scr.
1180 2862 1350 2931 νηίδες
1373 2865 1418 2940 ),
1439 2869 1655 2930 ωςεῦται
1677 2889 1748 2923 ων
1781 2868 1880 2943 (ὡς
1903 2868 2115 2927 ἐνταίων

562 2951 803 3021 Suidas.;
831 2971 943 3009 scr.
970 2952 1039 3015 ὡς
1068 2948 1311 3028 Eia-{aiom
1330 2955 1367 3028 ).

641 3040 784 3094 Rem
805 3050 1010 3112 praeter
1036 3041 1356 3114 Eugeonem
1378 3054 1609 3097 narrant
1628 3040 1944 3101 Heraclides
1961 3049 2118 3102 Pon-

564 3127 704 3181 ticus
723 3126 781 3179 in
798 3126 1112 3182 Samiorum
1126 3127 1271 3199 Rep.
1291 3128 1436 3196 init„
1457 3140 1511 3184 et
1530 3131 1861 3203 Euphorion
1878 3134 1934 3187 in
1958 3130 2118 3192 Ὑπο-

565 3207 831 3286 μνήμασιν
847 3211 1122 3288 ἱστορικοῖς
1141 3232 1232 3286 ap.
1256 3215 1460 3270 AElian.
1486 3218 1559 3271 H.
1592 3221 1661 3272 A.
1678 3219 1872 3288 XVII,
1899 3220 1993 3291 28,
2021 3222 2119 3277 ubi

563 3295 732 3368 νηίδες
760 3301 819 3354 in
846 3295 1039 3367 νηάδας
1061 3300 1340 3356 abierunt.
1370 3304 1625 3376 Uterque
1653 3323 1720 3360 ex
1744 3307 1948 3363 Nostro
1978 3310 2120 3365 hau-

563 3388 724 3456 serit,
746 3404 931 3459 neque
963 3397 1045 3442 est
1061 3406 1164 3442 cur
1190 3387 1478 3444 audiamus
1493 3392 1797 3447 Kiisterum
1816 3406 1871 3450 et
1901 3398 2120 3453 Meine-

563 3475 719 3530 kium
748 3473 840 3550 (ad
868 3475 1121 3548 Euphor.
1143 3494 1203 3548 p.
1231 3477 1346 3548 77),
1369 3480 1466 3549 qui
1500 3480 1881 3552 Euphorionis
1912 3503 2120 3540 nomen

566 3580 656 3634 ap.
686 3560 950 3617 Photium
974 3574 1028 3617 et
1053 3562 1282 3617 Suidam
1300 3566 1497 3637 reponi
1511 3565 1813 3637 jusserunt.
1837 3571 2119 3626 AElianum

565 3648 911 3722 negligenter
939 3650 1229 3722 exscripsit
1254 3652 1578 3723 Apostolius
1611 3654 1725 3724 XI,
1771 3674 1861 3711 η.
1902 3687 1973 3699 —-
2013 3659 2120 3714 Fa-

566 3735 714 3789 bulae
749 3752 939 3790 ansam
963 3734 1245 3791 dederunt
1268 3756 1387 3795 ossa
1408 3739 1716 3797 bestiarum
1749 3744 2123 3801 antediluvia-

2953 2938 3009 2995 3.

2286 3047 2483 3106 Suidas
2511 3069 2524 3105 ε
2559 3046 2821 3114 Αἴσωπος.
2856 3050 3056 3127 Σάμιος
3079 3051 3114 3123 ἢ
3149 3054 3462 3133 Σαρδιανός·
3495 3057 3764 3136 Εὐγείτων

2209 3136 2262 3193 δὲ
2284 3135 2690 3217 Μεσημὸριανὸν
2714 3128 2857 3196 εἶπεν
2876 3161 2889 3174 ·
2910 3137 3089 3214 ἄλλοι,
3119 3140 3360 3200 Κοτυαέα
3384 3142 3596 3221 Φρύγα.

2289 3223 2592 3303 Εὐγείτων]
2649 3226 2879 3303 Εὐγείων
2926 3247 3148 3286 correx.
3210 3233 3416 3306 Cuper.
3458 3235 3595 3292 obs.
3652 3239 3726 3294 lv
3743 3279 3761 3307 ‚

2209 3333 2271 3386 p.
3293 3341 3323 3376 0

2212 3400 2306 3458 56.
2330 3433 2411 3443 --
2438 3397 2880 3480 Μεσημὸριανὸν]
2905 3401 3237 3484 μεσημὸριαν
3266 3408 3397 3484 cod.
3425 3411 3496 3465 A.
3527 3410 3764 3487 Μεσημ-

2212 3483 2417 3565 6ριανὸς
2437 3491 2504 3545 V.
2524 3492 2682 3546 ΕΛ).
2705 3502 2763 3546 et
2776 3491 2909 3546 edd.
2940 3503 3068 3548 ante
3082 3494 3408 3550 Kiisterum.
3439 3497 3601 3554 Unus
3628 3500 3761 3555 cod.

2210 3576 2381 3632 Paris,
2411 3574 2818 3655 Μαρμαριανόν,
2838 3595 2947 3651 pro
2968 3597 3083 3652 quo
3104 3581 3548 3639 Hemsterhusius
3561 3591 3763 3660 reponi

2209 3658 2967 3741 voluit'Apnoptoevo‘vstollato
2987 3667 3239 3724 Planude
3266 3670 3390 3724 init.
3403 3672 3514 3727 vit.
3533 3674 3760 3748 AEsopi:

2209 3749 2286 3806 Τὸ
2317 3745 2411 3822 μὲν
2435 3746 2576 3824 γένος
2604 3746 2655 3818 ἐξ
2678 3748 2916 3830 'Ap-opion
2944 3754 3036 3821 τῆς
3058 3751 3299 3833 Φρυγίας
3326 3758 3524 3831 κατῆγε
3549 3761 3644 3828 τῆς
3667 3782 3764 3832 με·

2211 3831 2378 3910 γάλης
2400 3835 2692 3908 ἐπίκλησιν.
2721 3872 2800 3882 -
2826 3841 3102 3896 Thracem
3132 3854 3297 3917 gente
3321 3841 3590 3919 AEsopum
3612 3867 3762 3922 prae-

2214 3934 2298 3978 ter
2329 3925 2648 3999 Eugeonem
2684 3926 2816 3982 facit
2850 3928 3028 3984 schol.
3075 3931 3363 4004 Aristoph.
3402 3935 3509 3989 Av.
3561 3946 3666 4006 471
3711 3947 3767 3992 et

2213 4011 2535 4066 Heraclides
2549 4014 2608 4067 in
2622 4014 2938 4070 Samiorum
2956 4016 3078 4072 Pol.
3099 4035 3115 4074 :
3138 4005 3248 4074 Ἦν
3276 4014 3330 4073 δὲ
3352 4015 3501 4098 Θρᾲξ
3515 4019 3576 4077 τὸ
3593 4019 3764 4098 γένος,

2212 4093 2540 4174 ἠλευθιρῶθη
2581 4095 2636 4155 δὲ
2677 4098 2779 4156 ὑπὸ
2815 4096 3053 4175 Ἴδμονος
3095 4104 3183 4160 τοῦ
3228 4107 3422 4184 κωφοῦ.
3456 4108 3538 4164 Cf.
3569 4106 3766 4164 Suidas

2213 4185 2250 4241 l.
2273 4182 2292 4236 l
2338 4201 2353 4237 ε
2380 4183 2607 4256 Οἶκέτην
2628 4183 2681 4242 δὲ
2705 4184 2973 4267 γενέσθαι(
2995 4187 3238 4248 Αἴσωπόν
3261 4193 3420 4272 φασι)
3443 4192 3650 4252 Ξάνθου
3677 4199 3766 4252 τοῦ

630 4298 692 4360 (*)
725 4298 955 4348 Simonidi
984 4301 1268 4363 momina,
1290 4301 1656 4366 iambum-amno,
1674 4306 1905 4356 tribuitur
1928 4308 2117 4371 Σαμίων
2214 4267 2414 4326 ’λυθῶ
2435 4265 2591 4374 ἄλ.λο
2608 4295 2676 4375 ²⁹..
2696 4272 2888 4379 ἀνδρός,
2907 4295 3041 4340 '‘w'‘
3071 4275 3276 4352 Σαμίου
3306 4277 3601 4356 '¹4⁸⁹‘m‘’
3631 4279 3765 4339 ⁰³³⁹

568 4367 874 4430 ἁρχαιολογῑα
894 4369 1096 4428 (sumas
1115 4384 1165 4419 v.
1192 4372 1390 4434 Σιμμίας
1405 4371 1583 4430 Ῥόδιος
1606 4375 1690 4424 ubi
1705 4390 1753 4426 v.
1775 4377 2121 4442 interpretes„
2211 4376 2294 4420 νος
2333 4353 2422 4412 καὶ
2449 4358 2484 4426 ἡ
2531 4358 2770 4425 vosmet<
2802 4359 2961 4430 δουλη
3004 4352 3100 4432 ἦν·
3129 4362 3193 4434 ἣν
3220 4362 3431 4444 ἑταίραν
3481 4366 3765 4445 γενομένην

568 4437 744 4496 quihus
760 4437 1174 4489 verbisindicatur
1208 4454 1415 4491 carmen
1441 4443 1702 4506 elegiacum
1739 4460 1815 4497 res
1848 4448 2123 4498 Samiorum
2213 4442 2468 4522 Θρᾷσσαν
2489 4441 2737 4524 τὸγένος,
2759 4446 2998 4527 Χάραξος
3026 4452 3056 4507 6
3084 4447 3582 4534 &Btkpbcsznvtzpossc
3610 4453 3766 4513 ἔλαθε

567 4505 871 4585 (ἴξὲὃῦῐίὓθῦὅ,
894 4508 972 4556 (1111
991 4521 1020 4555 11
1045 4512 1380 4561 Grammaticis
1396 4513 1724 4577 &10¹¹ffi01083ae
1745 4530 1920 4567 110111θῦ
1938 4531 2036 4567 ⁸¹⁸0
2052 4521 2124 4570 1¹¹·
2213 4535 2450 4604 γυναῖκα.
2479 4564 2558 4575 --
2582 4559 2605 4581 ι
2633 4536 2772 4606 Quae
2797 4536 3056 4593 Grauerti
3106 4537 3123 4614 (
3150 4541 3480 4615 Bernhardy
3526 4543 3645 4620 ait)
3685 4546 3773 4599 De

569 4573 724 4623 ‹htum
746 4578 844 4637 est,
864 4578 934 4625 uti
957 4582 1086 4627 recte
1103 4584 1298 4630 censent
1324 4583 1533 4632 Panossxa
1568 4597 1642 4633 ren
1660 4588 1789 4635 Sam.
1823 4601 1873 4649 p.
1904 4590 1962 4635 24
1986 4593 2122 4652 not.;

570 4642 813 4694 Welcker.
835 4645 1065 4696 Simonid.
1088 4653 1279 4712 Amorg.
1304 4651 1487 4714 Reliqq.
1513 4666 1559 4715 p.
1583 4657 1630 4713 73
1662 4659 1843 4705 Osann.
1870 4657 1921 4706 in
1945 4658 2120 4710 Rhein.
2213 4614 2421 4690 AE⁸⁰P⁰
2465 4636 2526 4692 Ρ·
2559 4619 2630 4691 67
2661 4622 2766 4675 snit
2788 4623 2986 4696 “pini‘’
3006 4665 3022 4692 '
3065 4623 3475 4704 Μεσημὸριανὸν
3501 4646 3632 4683 eum
3655 4647 3768 4685 ⁶⁵⁵⁶

570 4713 706 4762 Mus.
725 4715 840 4762 1⁸4³
860 4726 909 4776 p.
940 4720 1047 4776 500,
1067 4717 1151 4766 ubi
1170 4719 1371 4769 conferri
1388 4720 1527 4783 jubet
1556 4724 2120 4778 Hae.1.m.zeic.1⁸2³
2214 4704 2311 4775 qui
2338 4716 2532 4763 eterra
2559 4725 2748 4763 versus
2773 4711 3065 4766 meridiem
3088 4714 3190 4768 sita
3218 4715 3494 4789 originem
3522 4716 3766 4786 duxerit,

571 4793 620 4844 p·
648 4785 754 4832 788.
767 4818 784 4845 ,
805 4784 1123 4846 Zeiesckstf.
1152 4789 1603 4843 Allertltumswlss.
1633 4799 1751 4844 182ss
1773 4809 1821 4858 p.
1844 4802 1954 4847 366.
2213 4807 2334 4844 eam
2355 4790 2569 4848 dudum
2588 4834 2604 4863 ,
2634 4807 2776 4868 puto
2795 4837 2811 4863 ,
2836 4809 3035 4853 auctor
3060 4800 3179 4873 ipse
3199 4802 3414 4871 rejecit.
3451 4827 3474 4852 υ

1165 4884 3742 4931 ‚Qu——

907 4932 1037 5011 [AN
1047 4933 1284 4997 NALES
1325 4939 1787 5021 SAMIORUM.]

1319 5035 1370 5086 1.

566 3840 795 3889 narum,
827 3824 1096 3879 innuente
1119 3825 1482 3898 Euphorione
1505 3828 1546 3883 l.
1570 3830 1630 3899 l.‚
1654 3831 1751 3903 qui
1779 3830 1908 3887 ὀστᾶ
1935 3828 2014 3888 ἔτι
2033 3831 2124 3889 καὶ

564 3911 655 3963 νῦν
682 3908 851 3965 αὗτῶν
880 3906 1173 3966 δείκνυσθαι
1197 3909 1402 3988 μεγάλα
1424 3914 1681 3972 affirmat.
1714 3918 1792 3975 Cf.
1840 3921 2119 3991 Panofka‚

566 3997 677 4051 Res
693 3987 931 4054 Samior.
957 4016 1020 4072 p.
1059 4017 1150 4054 10.

645 4086 729 4139 Ex
747 4086 1014 4160 Eugeone
1028 4085 1255 4142 fortasse
1267 4085 1548 4145 fluxerunt
1565 4109 1686 4163 quae
1697 4092 1960 4168 leguntur
1971 4096 2123 4169 apud

567 4170 878 4228 Herodian.
916 4172 990 4229 Π.
1022 4193 1137 4247 μον.
1163 4170 1266 4240 λέξ.
1288 4194 1345 4248 p.
1374 4195 1426 4246 7,
1448 4196 1489 4251 9
1519 4193 1534 4234 :
1564 4174 1721 4234 Ἀλλὰ
1751 4178 1841 4236 καὶ
1870 4182 1902 4250 ἡ
1935 4179 2026 4237 νέοι
2049 4184 2121 4252 νῆ

2280 5041 2468 5099 Eugeon
2485 5043 2668 5102 patrem
2689 5043 2884 5093 Homeri
2908 4965 3022 5094 diiii
3042 5047 3282 5097 Meletcm.

2273 5200 2503 5264 AEsopum
2532 5207 2722 5268 Eugeon
2749 5127 3147 5258 Mesembffianum
3165 5208 3301 5262 dicit-

633 5121 689 5169 ln
707 5122 850 5172 Samo
882 5121 1005 5172 feras
1030 5122 1173 5174 fuisse
1189 5123 1410 5187 tradunt,
1429 5127 1578 5176 tantae
1610 5125 1770 5190 τοίἱε,
1793 5132 1846 5179 ut
1869 5132 2126 5183 clamando

574 5204 849 5265 rumperent
861 5201 1063 5255 terram.
1085 5203 1446 5266 *ppellabantur
1459 5203 1644 5266 Nemes,
1661 5205 1715 5255 ut
1731 5211 1924 5270 Eugeon
1940 5215 2120 5261 namt.

2132 5318 2193 5370 16
