4016 5916
516 396 627 444 572

586 518 861 591 Dynastiae
891 521 1018 573 XVI
1069 537 1157 590 ap.
1208 519 1533 572 Africanum
1588 522 1718 573 anni
1752 532 1880 575 sunt
1922 520 2059 578 518.

506 608 767 661 Proxime
807 607 879 660 ad
907 608 1056 660 hunc
1097 625 1394 660 numerum
1436 606 1712 662 accedunt
1734 611 1865 663 anni
1909 607 2013 664 511
2040 651 2056 678 ,

507 712 648 765 quos
675 695 707 747 J
710 695 949 767 osephus
973 694 1199 747 exhibet
1218 734 1234 761 ‚
1256 695 1331 748 ita
1352 705 1536 748 tamen
1555 735 1571 764 ‚
1599 705 1663 748 ut
1684 698 2059 769 comprehen-

506 780 645 834 dant
667 797 841 834 annos
886 779 1000 852 259
1030 798 1227 853 regum
1260 779 1727 838 antecedentium.
1763 783 1887 837 Hoc
1922 801 2059 838 vero

501 869 533 920 J
538 867 731 939 osephi
742 879 1118 921 commentum
1128 885 1238 921 esse
1249 866 1488 936 videtur,
1504 869 1602 939 qui
1614 887 1790 924 annos
1800 868 2062 941 dynastiae

502 955 635 1008 XVI
659 954 730 1007 ad
774 953 990 1026 dynast.
1015 955 1120 1008 XV
1150 966 1206 1008 et
1248 956 1380 1009 XVI
1403 956 1688 1025 retulerit,
1721 975 1792 1011 ne
1824 958 2060 1011 nimium

502 1041 768 1095 Manetho
792 1040 1069 1113 discrepet
1097 1060 1128 1095 a
1150 1041 1477 1095 Judaeorum
1505 1042 1904 1116 chronologia3
1928 1062 2057 1098 nam

501 1125 805 1180 secundum
833 1126 1071 1181 Genesin
1102 1125 1188 1200 (c.
1230 1125 1353 1201 19),
1385 1138 1450 1180 ut
1489 1128 1606 1201 ipse
1640 1129 1914 1201 Iosephus
1945 1132 2057 1203 ait,

500 1211 682 1267 Judaei
720 1212 791 1286 (i.
819 1230 868 1266 e.
901 1214 1154 1266 Pastores
1194 1231 1302 1269 sec.
1351 1214 1500 1286 Ios.)
1546 1216 1771 1268 nonnisi
1814 1221 1927 1280 400
1956 1234 2060 1270 311-

499 1300 585 1352 nis
612 1299 669 1351 in
697 1300 943 1371 AEgypto
973 1300 1303 1353 commorati
1335 1311 1481 1353 sunt.
1516 1301 1615 1355 His
1649 1302 1821 1374 igitur
1849 1321 1917 1356 ex
1939 1304 2059 1357 Ma·

499 1386 745 1439 nethone
771 1375 1114 1440 substituerit
1139 1404 1315 1440 annos
1346 1385 1413 1440 51
1431 1405 1480 1455 1,
1512 1406 1618 1460 per
1651 1406 1792 1461 quos
1806 1408 2058 1464 regnasse

500 1475 753 1527 Pastores
773 1474 832 1525 in
856 1474 1102 1546 AEgypto
1127 1475 1221 1528 ait.
1270 1473 1437 1544 Quod
1472 1473 1677 1530 deinde
1702 1477 2058 1532 subsecutum

499 1577 612 1613 esse
634 1560 710 1613 ait
732 1559 942 1620 bellum
967 1559 1315 1628 diuturnum,
1342 1560 1402 1614 id
1421 1564 1685 1633 componi
1714 1574 1900 1636 potest
1927 1583 2058 1618 cum

500 1646 749 1699 Africani
794 1645 1045 1716 dynastia
1070 1648 1260 1716 XVII,
1289 1665 1488 1720 regum
1508 1648 1796 1704 Pastorum
1820 1662 1877 1705 et
1907 1652 2057 1706 The·

495 1732 768 1786 baeorum.
803 1735 869 1789 V.
898 1734 1135 1790 Buusen.
1166 1752 1224 1805 p.
1276 1734 1342 1787 18
1388 1745 1443 1788 et
1468 1736 1765 1791 Boeckbius
1810 1756 1870 1810 p.
1918 1737 2052 1811 239.

496 1820 794 1874 Boeckhius
830 1829 1031 1873 tamen·
1054 1823 1219 1874 etiam
1262 1822 1421 1876 aliter
1451 1825 1615 1877 statui
1643 1843 1804 1897 posse
1837 1825 2051 1880 docuit.

494 1908 775 1962 Nimirum
803 1925 977 1978 quum
1000 1907 1058 1960 in
1082 1907 1333 1979 dynastia
1352 1910 1513 1964 XVII
1545 1920 1937 1966 recenseantur
1982 1913 2052 1976 43

496 2012 652 2067 reges
680 1996 930 2048 Pastores
951 2006 1006 2049 et
1023 2013 1180 2068 reges
1198 1997 1524 2068 Diospolitae
1549 1998 1681 2052 item
1707 1999 1778 2062 43
1811 1999 1881 2071 (si
1904 2010 2055 2056 recte

496 2100 761 2135 numerus
778 2081 998 2158 habet),
1042 2081 1203 2137 facile
1235 2081 1356 2136 ficri
1379 2085 1625 2156 potuisse
1658 2096 1721 2139 ut
1743 2088 2055 2159 Excerptor

493 2169 845 2223 Manethonis
874 2168 947 2223 ad
975 2187 1143 2223 unam
1167 2170 1480 2241 dynastiam
1515 2172 1677 2227 XVII
1715 2175 2056 2247 Diospolitas

492 2274 649 2328 reges
673 2274 865 2310 omnes
887 2256 1150 2324 referret,
1175 2275 1422 2329 quorum
1458 2258 1640 2330 major
1669 2279 1797 2334 pars
1817 2261 1933 2333 jam
1962 2281 2055 2317 re-

492 2354 757 2415 gnaverat
785 2344 1133 2416 temporibus
1159 2345 1451 2399 Pastorum
1479 2346 1745 2419 dynastiae
1774 2350 1924 2408 XVI.
1952 2352 2058 2405 Ita·

493 2449 603 2503 que
624 2443 871 2504 tempus,
917 2452 1022 2506 per
1063 2433 1220 2506 quod
1266 2446 1518 2507 pastores
1542 2438 1807 2510 κρατῆσαι
1843 2438 1934 2505 τῆς
1958 2438 2050 2494 Az-

490 2517 718 2589 γύπτου,
746 2521 805 2575 id
843 2534 923 2575 est
946 2524 1049 2576 soli
1076 2541 1330 2596 regnasse
1348 2563 1364 2590 ,
1394 2523 1748 2597 dicebantur,
1788 2526 1955 2581 licere
1998 2528 2056 2579 in

491 2605 718 2662 brevius
764 2610 1092 2663 contrahere
1141 2619 1198 2664 et
1250 2611 1555 2684 Josephum
1606 2629 1737 2665 cum
1787 2611 2053 2668 Africano

491 2696 792 2749 conciliare
818 2697 968 2750 hunc
992 2698 1053 2750 in
1072 2697 1311 2751 modum
1343 2715 1357 2754 :

567 2838 714 2906 Dyn.
756 2837 881 2890 XV.
963 2839 1215 2892 Pastores
1240 2847 1475 2910 regnant
1491 2839 1595 2892 soli
1722 2840 1833 2905 284

968 2924 1217 2979 Pastores
1244 2934 1480 2999 regnant
1502 2925 1607 2979 soli
1720 2946 1831 2999 227

568 3002 712 3071 Dyn.
752 3003 905 3057 XVI.
1697 3010 1830 3089 '5—11
1920 3052 2032 3108 518

964 3125 1214 3177 Pastores
1235 3136 1291 3178 et
1311 3126 1637 3198 Diospolitae
1723 3144 1829 3200 291

565 3211 714 3280 Dyn.
742 3210 923 3263 XVII.
972 3211 1225 3264 Pastores
1238 3222 1291 3265 et
1313 3214 1641 3285 Diospolitae
1728 3214 1831 3270 151

1086 3416 1115 3438 ⁸
1731 3347 1845 3406 442

565 3473 687 3525 Jam
729 3472 951 3527 sirecte
996 3476 1158 3528 statui
1201 3476 1423 3531 Eusehii
1461 3477 1678 3534 sontem
1709 3500 1777 3536 ex
1818 3495 2052 3540 auctore

485 3554 735 3626 fluxisse,
776 3559 871 3631 qui
916 3561 1207 3616 Pastorum
1253 3563 1529 3635 dynastias
1558 3569 1789 3623 omnino
1817 3589 1935 3626 non
1988 3575 2047 3626 in

485 3654 817 3715 computum
846 3644 1158 3716 admiserit3
1190 3668 1366 3705 annos
1392 3656 1501 3716 442
1521 3695 1536 3722 ,
1567 3656 1773 3727 quibus
1795 3675 1863 3711 ex
1888 3660 2048 3733 inge-

483 3732 639 3797 niosa
667 3729 911 3786 Boeckhii
942 3736 1159 3789 ratione
1182 3737 1505 3810 Diospolitae
1523 3759 1633 3795 una
1652 3761 1779 3796 cum
1805 3745 2046 3799 Pastori-

484 3816 590 3871 bus
628 3831 966 3891 regnarunt,
1002 3834 1131 3894 apte
1168 3842 1511 3897 componere
1549 3829 1678 3883 licet
1719 3849 1844 3885 cum
1887 3836 2044 3889 annis

486 3908 619 3970 440,
643 3923 785 3976 quos
807 3905 1070 3978 dynastiae
1084 3911 1188 3965 XV
1207 3921 1261 3965 et
1284 3913 1414 3968 XVI
1440 3911 1583 3987 (250
1605 3926 1660 3970 et
1683 3916 1820 3992 190)
1845 3919 2044 3975 tribuit

484 3991 775 4048 Eusebius,
824 3995 909 4048 De
951 3994 1198 4067 dynastia
1234 4000 1398 4054 XVII
1426 4002 1565 4072 quid
1596 4005 1905 4060 Bunsenius
1930 4019 2037 4063 sta·

1607 386 1715 445 MA
1731 387 2111 448 NETHOMS
2155 387 2626 449 SEBENNYTAE

2151 517 2314 583 citur,
2343 533 2439 570 eos
2477 528 2689 571 tantum
2735 519 2971 593 intelligi
2999 520 3239 590 debere,
3273 525 3376 597 qui
3413 523 3742 584 Pastorum

2151 604 2499 675 temporibus
2528 605 2832 678 reguarint.
2864 606 3041 661 Addit
3060 608 3304 682 denique
3327 615 3573 667 omuino
3604 634 3744 669 non

2148 690 2389 761 potuisse
2413 692 2807 746 Manethonem
2835 693 2974 748 duas
2997 712 3195 768 regum
3216 697 3453 754 familias
3475 719 3594 757 una
3621 703 3744 775 dy-

2149 778 2324 831 nastia
2340 778 2835 850 comprehendere.
2858 781 3030 850 Quod
3041 795 3266 840 eatenus
3280 796 3500 842 tantum
3513 808 3736 845 verum

2151 874 2259 932 est,
2291 876 2564 936 quatenus
2587 884 2780 921 omnes
2805 885 2896 922 eas
2932 867 3234 940 dynastiaS,
3266 881 3407 945 quas
3419 875 3590 946 juxta
3636 880 3737 933 al·

2150 960 2295 1005 teras
2322 952 2588 1024 quasdam
2614 953 2921 1009 Bunsenius
2937 974 3189 1030 regnasse
3209 963 3419 1029 statuit,
3443 964 3732 1021 Manetho

2149 1041 2440 1110 separatim
2460 1051 2515 1094 et
2539 1040 2613 1094 ita
2635 1053 2886 1097 recenset
2903 1054 2968 1097 ut
2989 1046 3160 1100 altera
3180 1060 3331 1119 post,
3360 1048 3508 1123 (11011
3527 1051 3725 1129 juxta)

2149 1126 2379 1181 alteram
2401 1145 2652 1201 regnasse
2669 1129 2850 1184 videri
2871 1130 3091 1186 debeat.
3120 1137 3194 1188 At
3211 1133 3411 1206 majori
3429 1156 3560 1193 cum
3588 1144 3720 1195 veri

2148 1215 2362 1286 specie,
2403 1215 2638 1287 opinor,
2673 1215 2875 1271 ordine
2911 1219 3134 1274 inverso
3170 1221 3376 1277 dixeris
3413 1225 3726 1282 Manetho-

2147 1319 2278 1355 nem
2308 1320 2482 1374 quum
2509 1302 2569 1356 in
2611 1303 2777 1358 XVII
2804 1304 3057 1376 dynastia
3101 1308 3371 1365 Thebaeos
3407 1324 3465 1367 et
3514 1315 3724 1370 Pasto-

2146 1406 2235 1444 res
2270 1407 2428 1463 reges
2464 1392 2628 1444 simul
2670 1402 2964 1464 regnantes
2991 1399 3405 1467 composuerit,
3447 1399 3601 1455 idem
3631 1402 3726 1457 fa·

2148 1487 2368 1530 cturum
2385 1476 2566 1545 fuisse,
2593 1479 2758 1532 etiam
2775 1480 2963 1534 inaliis
2986 1479 3266 1553 dynastiis,
3285 1486 3330 1538 si
3351 1503 3490 1557 quas
3513 1487 3726 1545 alteras

2139 1561 2298 1632 juxta
2326 1564 2526 1619 alteras
2541 1582 2798 1638 regnasse
2814 1567 2980 1620 statui
3001 1568 3282 1625 voluisset.

2225 1652 2402 1724 Igitur
2414 1662 2703 1725 pastorum
2720 1664 2976 1728 tempora
2993 1673 3102 1713 sec.
3123 1657 3527 1714 Manethonem
3555 1664 3722 1718 Afri-

2147 1739 2269 1791 cani
2287 1739 2774 1812 comprehendunt
2791 1759 2967 1795 annos
2982 1739 3094 1814 953
3115 1742 3376 1814 (284-1-5
3390 1765 3410 1799 1
3422 1747 3573 1813 8-1-1
3589 1747 3620 1802 5
3633 1769 3655 1805 1
3677 1749 3717 1824 ).

2143 1823 2447 1879 Bunsenius
2465 1838 2723 1882 numerat
2734 1846 2850 1900 929
2870 1827 3133 1905 (260-1-5
3146 1850 3165 1884 1
3179 1829 3368 1898 8-1-15
3382 1852 3401 1887 1
3419 1832 3460 1908 ).
3475 1837 3722 1894 Initium

2145 1927 2339 1965 eorum
2376 1913 2710 1985 ponendum
2743 1933 2860 1969 esse
2887 1919 3198 1990 suspicatur
3233 1930 3361 1990 post
3386 1938 3599 1977 annum
3629 1925 3712 1980 63

2143 2000 2288 2072 regis
2364 2002 2790 2071 Amumarthaei,
2837 2006 3106 2075 postremi
3163 2024 3396 2076 eorum,
3449 2027 3594 2081 quos
3637 2033 3714 2069 ex

2142 2086 2518 2142 Eratosthenis
2563 2088 2843 2144 laterculis
2869 2092 3150 2164 Myncello
3201 2105 3431 2153 enotare
3469 2098 3710 2174 placuit.

2143 2173 2312 2244 Apud
2349 2175 2747 2230 Manethonem
2792 2181 3273 2238 Amumarthaeum
3319 2199 3508 2256 censet
3543 2191 3714 2249 fuisse

2143 2277 2331 2332 regem
2362 2264 2587 2317 tertium
2618 2262 2881 2336 dynastiae
2915 2268 3076 2322 XIII.
3107 2271 3380 2345 Reliquos
3402 2275 3573 2346 hujus
3597 2279 3710 2352 dy·-

2143 2348 2328 2400 nastiae
2354 2366 2511 2421 reges
2533 2351 2694 2404 sicuti
2717 2357 3068 2428 septuaginta
3093 2373 3188 2411 sex
3215 2360 3415 2415 Xoitas
3438 2362 3709 2436 dynastiae

2143 2433 2297 2500 XIV,
2325 2435 2650 2491 tributarios
2686 2441 3005 2511 pastoribus
3035 2442 3218 2499 fuisse.
3247 2479 3326 2489 —
3353 2449 3710 2510 Postremum

2141 2530 2422 2590 pastorem
2475 2525 2685 2596 excipit
2727 2528 2944 2598 primus
3003 2548 3106 2584 rex
3156 2531 3424 2604 dynastiae
3477 2539 3670 2596 XVIII
3687 2584 3705 2612 ,

2147 2607 2381 2664 AmosiS.
2413 2640 2493 2650 —-
2519 2611 2778 2665 Ceterum
2804 2613 2876 2668 ad
2901 2616 3195 2670 Pastorum
3231 2629 3488 2694 tempora
3515 2630 3712 2698 perti-

2141 2705 2277 2746 nent
2323 2698 2553 2752 nomina
2618 2717 2815 2772 regum
2883 2702 3254 2759 Thebaeorum
3273 2749 3289 2773 ,
3349 2728 3476 2781 quae
3531 2715 3708 2771 altera

2141 2780 2343 2836 tabulae
2384 2783 2739 2840 Carnacianae
2776 2786 3008 2845 dimidia
3047 2810 3175 2863 pars
3214 2797 3462 2855 exhibet.
3523 2802 3707 2861 Porro

2142 2883 2210 2921 ex
2238 2871 2592 2941 nominibus,
2620 2891 2742 2945 quae
2767 2876 2825 2928 in
2849 2876 3170 2948 fragmentis
3198 2886 3397 2955 papyri
3423 2887 3706 2943 Turiuen-

2140 2955 2210 3009 sis
2234 2970 2557 3029 supersunt,
2578 2979 2647 3015 ex
2666 2964 2851 3034 Lepsii
2872 2962 3242 3023 adornatione
3257 2971 3559 3029 referenda
3591 2977 3706 3032 huc

2143 3042 2327 3098 forent
2354 3046 2500 3101 circa
2526 3050 2827 3122 sexaginta.
2857 3050 2994 3122 Quae
3017 3072 3190 3125 quum
3220 3059 3419 3113 mutila
3441 3060 3555 3114 sint
3582 3065 3706 3135 ple·

2141 3148 2316 3203 raque
2330 3171 2348 3197 ‚
2377 3143 2434 3187 et
2452 3133 2524 3188 ad
2550 3153 2655 3189 nos
2679 3154 2878 3208 parum
2908 3143 3258 3211 pertineant,
3287 3162 3586 3203 recensere
3611 3151 3708 3205 hic

2140 3219 2493 3289 supersedeo.
2516 3225 2583 3276 V.
2605 3224 2845 3282 Bunsen.
2870 3244 2929 3299 p.
2966 3227 3038 3299 39
3062 3248 3185 3301 sqq.
3219 3232 3302 3284 Ex
3321 3240 3718 3292 monumentis

2140 3303 2445 3361 Bunsenius
2469 3326 2529 3380 p.
2558 3307 2630 3373 45
2660 3323 2929 3383 quattuor
2947 3333 3142 3389 regum
3173 3320 3405 3373 nomina
3436 3326 3706 3399 apponit,

2139 3390 2334 3446 iisdem
2364 3395 2744 3467 temporibus,
2775 3409 2839 3452 ut
2867 3401 3111 3471 videtur,
3135 3404 3498 3464 vindicanda.

2302 3578 2306 3582 ·
2379 3559 2748 3620 DYNASTIA
2786 3564 3066 3620 DECIMA
3109 3564 3417 3625 OCTAVA.

2857 3716 2956 3779 50.

2611 3858 2759 3914 SEC.
2802 3862 2834 3914 J
2839 3857 3212 3919 OSEPHUM.

2207 4013 2479 4085 Iosephus
2496 4017 2554 4070 C.
2581 4018 2787 4089 Apion.
2810 4020 2856 4085 1,
2884 4019 2957 4074 15
2994 4041 3007 4076 :
3034 4009 3198 4076 Ἄλλὰ’
3215 3980 3457 4097 περΐμῖὲν
3498 4019 3701 4083 τούτων

483 4079 655 4132 tuerit
678 4097 844 4151 supra
881 4080 999 4151 jam
1027 4084 1412 4144 indicavimus.
1444 4089 1769 4145 Absurdum
1803 4104 1913 4160 est,
1944 4096 2038 4148 in·-
2128 4097 2180 4152 ἐν
2201 4096 2376 4164 ἄλλοις
2414 4099 2702 4176 ποιήσομαι
2739 4101 2834 4171 τὴν
2864 4100 3101 4169 ἐξέτασιν
3139 4104 3530 4183 ἀκριβεστέραν.
3563 4113 3701 4171 Νυνὶ

484 4165 636 4235 quit,
681 4183 842 4239 reges
871 4167 943 4231 43
987 4172 1208 4225 nonnisi
1255 4190 1359 4245 per
1409 4173 1512 4229 151
1546 4195 1723 4233 annos
1758 4197 2032 4253 regnasse.

482 4250 680 4322 Itaque
702 4271 811 4325 pro
853 4253 923 4318 43
947 4258 1113 4327 ponit
1150 4257 1182 4312 5
1202 4299 1218 4328 ,
1243 4270 1409 4332 atque
1430 4263 1539 4317 hoc
1559 4264 1733 4319 modo
1782 4265 2033 4336 obtinet,

480 4346 546 4389 ut
582 4354 776 4393 omnes
801 4341 1055 4397 Pastores
1081 4343 1295 4415 dynast.
1327 4348 1453 4416 XV,
1491 4350 1621 4405 XVI
1656 4361 1713 4405 et
1738 4352 1900 4407 XVII
1927 4373 2036 4408 uu—

480 4440 641 4479 111010
654 4426 763 4479 sint
793 4426 899 4499 433
923 4428 1033 4483 hoc
1054 4430 1224 4503 igitur
1256 4442 1453 4489 notare
1480 4438 1716 4491 voluisse
1744 4439 2036 4495 Manetho-

481 4524 611 4561 nem
640 4508 795 4565 dicit.
833 4513 1018 4571 Porro
1058 4516 1208 4571 haud
1254 4520 1432 4574 credit
1457 4520 1616 4592 juxta
1664 4523 1734 4587 43
1784 4526 2037 4583 Pastor&

482 4595 718 4650 totidem
747 4598 908 4653 fuisse
936 4619 1095 4675 reges
1116 4604 1405 4664 Thebaeos.
1438 4610 1616 4682 Igitur
1638 4629 1747 4682 pro
1777 4611 1850 4676 43
1870 4616 2035 4686 ponit

485 4676 558 4731 53
576 4722 591 4749 ,
617 4684 747 4754 quia
765 4702 1087 4755 persuasum
1112 4689 1217 4743 sibi
1252 4691 1422 4748 habet
1442 4713 1597 4768 reges
1616 4698 1746 4752 istos
1773 4697 1866 4766 53,
1890 4719 2036 4773 quos

480 4776 608 4834 post
642 4773 1114 4827 Amumarthaeum
1151 4776 1539 4835 Eratosthenes
1582 4786 1915 4841 recensuisse
1943 4788 2031 4842 di-

544 4930 636 4977 5011
664 4931 725 4980 de
756 4932 858 4983 istis
891 4936 1085 4998 quidem
1112 4940 1224 4988 alibi
1262 4942 1613 5005 inquisitionem
1643 4948 1811 4999 faciam
1845 4952 2034 5014 diligen·

487 5002 674 5056 [iorem.
692 5010 831 5058 Nunc
844 5015 1002 5061 autem
1024 5014 1167 5075 liujus
1185 5019 1482 5081 antiquitatis
1500 5025 1643 5073 testes
1667 5026 1881 5087 produco
1900 5034 2032 5092 AEgy·

484 5081 621 5140 ptius.
692 5088 856 5148 itaque
896 5104 1059 5141 rursus
1081 5107 1135 5141 ea
1167 5108 1277 5156 qum
1308 5098 1503 5147 tradidit
1528 5104 1778 5163 maneum,
1817 5107 1875 5154 ad
1900 5109 2030 5169 quod

2126 4182 2179 4239 δὲ
2207 4187 2298 4253 τῆς
2344 4186 2683 4264 ἀρχαιότητος
2730 4187 2923 4259 ταύτης
2960 4191 3314 4271 παρατίθεμαι
3362 4193 3484 4261 τοὺς
3522 4199 3698 4275 Atyn..

2123 4270 2301 4336 πτίους
2328 4272 2609 4353 μάρτυρας.
2695 4274 2864 4335 Πάλιν
2892 4268 2993 4335 οῧν
3019 4279 3079 4337 τὰ
3108 4284 3196 4336 τοῦ
3245 4282 3558 4351 Μανεθῶνος
3585 4290 3696 4353 πῶς

2122 4353 2232 4433 ἔχει
2260 4356 2384 4437 πρὸς
2407 4357 2499 4429 τὴν
2547 4362 2648 4417 τῶν
2675 4360 2873 4439 χρόνων
2899 4365 3054 4434 τάξιν
3084 4366 3387 4447 ὑπογράψω.
3438 4370 3591 4440 Φησὶ
3637 4373 3694 4431 δὲ

2123 4442 2278 4502 οὕτω·
2312 4471 2334 4496 κ
2365 4446 2517 4506 Μετὰ
2543 4447 2604 4505 τὸ
2633 4448 2849 4516 ἐξελθεῖν
2896 4450 2952 4519 ἐξ
2987 4453 3258 4531 Αἰγύπτου
3301 4457 3388 4513 τὸν
3430 4458 3558 4516 λαὸν
3585 4463 3694 4517 τῶν

2121 4530 2379 4607 ποιμένων
2401 4535 2475 4598 εἷς
2504 4534 2843 4613 Ἱεροσόλυμα
2892 4542 2919 4596 ὁ
2943 4539 3180 4599 ἐκὸαλὼν
3209 4543 3396 4608 αὐτοὺς
3425 4544 3480 4612 ἐξ
3510 4546 3690 4623 Αἰγύ-

2120 4638 2250 4673 πτου
2284 4618 2523 4694 βασιλεὺς
2572 4620 2927 4698 'Meamne
2961 4628 2980 4703 (
2996 4630 3299 4685 Sethmosis
3327 4634 3456 4691 Eus,
3484 4638 3682 4711 Arm.)

2120 4702 2422 4763 ἐὸασίλευσε
2439 4706 2574 4782 μετὰ
2592 4713 2755 4767 ταῦτα
2787 4709 2875 4782 ἔτη
2896 4712 3059 4772 εἴκοσι
3085 4715 3240 4773 πέντε
3260 4718 3349 4774 καὶ
3379 4722 3550 4793 μῆνας
3571 4720 3688 4779 τέσ-

2119 4810 2304 4865 σαρας,
2333 4794 2422 4850 καὶ
2457 4795 2758 4865 ἐτελεύτησε
2783 4842 2798 4872 ,
2828 4798 2918 4855 καὶ
2951 4801 3218 4881 παρέλαὸε
3247 4801 3343 4874 τὴν
3377 4804 3550 4883 ἀρχὴν
3580 4809 3684 4865 αὖ·

720 4888 3676 4940 —mm—

2123 4970 2185 5006 ex
2208 4959 2408 5022 AEgypto
2426 4974 2640 5023 egressus
2654 4968 2727 5013 est
2747 4967 2999 5017 Pastorum
3021 4970 3227 5032 populus
3243 4970 3304 5019 ad
3322 4973 3677 5037 Hierosolyma,

2119 5034 2202 5095 qui
2226 5036 2332 5086 illos
2348 5052 2408 5087 ex
2430 5040 2628 5102 AEgypto
2647 5042 2826 5103 pepulit
2846 5056 2932 5093 rex
2951 5046 3219 5097 Tethmosis
3230 5082 3245 5107 ,
3267 5050 3433 5109 postea
3453 5053 3678 5113 regnavit

2119 5111 2256 5161 annis
2277 5113 2443 5177 viginti
2466 5119 2516 5165 et
2545 5117 2784 5179 quinque,
2818 5122 2865 5168 et
2889 5122 3129 5171 mensibus
3150 5127 3401 5185 quattuor,
3426 5127 3666 5177 0111011111-

484 5162 671 5221 tompus
694 5166 974 5227 reserantur,
1001 5169 1264 5230 subjiciam.
1332 5176 1409 5225 Sic
1437 5177 1562 5227 enim
1587 5181 1651 5229 ait
1684 5203 1693 5229 :
1724 5204 1743 5226 ιι
1772 5186 2028 5247 Postquain
2119 5190 2226 5239 ctus
2256 5194 2328 5241 est
2352 5210 2365 5241 z
2389 5205 2681 5256 regnumque
2700 5196 2882 5258 accepit
2917 5196 3044 5248 filius
3072 5200 3173 5259 rJus
3193 5201 3416 5250 chebron
3433 5240 3445 5261 ,
3469 5217 3674 5265 regnans
