4016 5916
1696 401 2138 465 MESSENqu.

322 539 501 595 chum
527 557 665 594 vero
690 538 749 592 in
794 530 1233 611 Καταμιτρήσεσι
1259 535 1425 589 etiam
1451 532 1521 589 de
1549 534 1755 606 plantis
1790 551 1879 588 ea·

3401 409 3508 462 281

1972 534 2113 589 nihil
2155 533 2395 608 probat,
2441 533 2710 605 quoniam
2746 532 2863 586 haec
2896 531 2957 585 in
2987 528 3192 586 finibus
3232 530 3530 605 Magnesiae

334 642 574 698 rumque
599 624 811 679 viribus
832 632 890 676 et
910 620 982 676 de
1008 621 1264 693 reliquis,
1308 638 1431 693 quae
1458 621 1695 692 quisque
1720 637 1884 675 mons
1970 623 2072 677 sita
2089 663 2105 692 ,
2157 623 2318 677 sicuti
2367 621 2583 688 Iolcus,
2634 618 2810 674 modo
2860 620 3154 691 Magnesiae
3199 617 3374 673 modo
3419 616 3530 674 Pe-

336 710 727 767 memorabilia
746 709 1006 780 haberet,
1035 709 1351 780 exposuisse
1378 717 1644 763 statuunt.
1674 708 1881 763 Verum
1973 707 2254 783 lasgiotidi
2275 708 2563 764 tribuitur.
2591 704 2702 779 (Cf.
2721 705 2943 761 Miiller.
2964 706 3030 759 Z.
3058 706 3231 759 Karte
3243 707 3298 760 d.
3323 708 3525 760 παν-(ΙΙ.

332 802 453 855 haec
475 809 605 854 sunt
632 796 1049 869 desperantium
1075 795 1305 851 consilia
1324 805 1571 850 extrema
1589 836 1604 861 ,
1636 813 1759 867 quae
1787 813 1883 849 co-

337 886 529 941 dicum
548 882 769 938 indiciis
791 880 1257 951 condemnantur,
1284 893 1451 954 atque
1475 899 1543 936 eo
1571 880 1883 951 diluuntur,

330 971 499 1046 quod
516 968 965 1042 Peliidescriptio
982 966 1179 1040 juncta
1203 979 1321 1024 erat
1349 968 1709 1043 descriptioni
1732 967 1890 1022 urbis

340 1055 728 1115 Demetriadis.

421 1146 602 1219 Igitur
626 1162 748 1216 quae
770 1142 1060 1215 hucusque
1082 1142 1484 1216 disputavimus
1501 1183 1518 1210 ,
1544 1143 1601 1196 in
1635 1159 1755 1197 eam
1790 1160 1892 1194 nos

342 1234 559 1288 ducunt
577 1230 906 1287 sententiam
923 1269 940 1299 ,
969 1238 1035 1283 ut
1060 1230 1432 1304 geographica
1450 1230 1569 1284 haec
1587 1229 1893 1303 fragmenta

346 1321 419 1376 ab
440 1335 611 1394 opere
639 1312 758 1379 Βίος
777 1312 1032 1380 Ἑλλάδος
1058 1316 1327 1390 inscripto
1350 1316 1530 1372 aliena
1563 1332 1704 1383 esse,
1729 1324 1783 1369 et
1820 1314 1891 1367 si—

342 1408 463 1463 cuti
483 1406 729 1478 reliqua,
753 1421 876 1475 quae
901 1401 1123 1458 codices
1150 1404 1460 1470 continent,
1484 1419 1551 1457 ex
1570 1418 1742 1474 opere
1760 1416 1892 1455 vere

336 1492 752 1568 geographico,
781 1486 911 1567 Περὶ
936 1489 1030 1556 τῆς
1052 1484 1308 1553 Ἑλλάδος
1335 1485 1535 1544 πόλεων
1557 1499 1613 1544 et
1643 1486 1896 1543 similiter

347 1584 613 1656 inscripto
639 1621 655 1650 ‚
684 1579 861 1653 petita
889 1595 1224 1633 censeamus,
1251 1578 1406 1651 Opus
1430 1578 1540 1631 hoc
1570 1574 1852 1650 geograph
1862 1574 1898 1626 i-

338 1689 475 1724 eum
485 1688 517 1724 a
526 1666 849 1723 Dicaearcho
858 1664 1176 1739 profectum
1186 1682 1318 1732 esse,
1333 1665 1431 1717 etsi
1440 1681 1530 1718 res
1541 1662 1897 1718 incertissima

340 1767 456 1825 est,
486 1766 672 1812 tamen
698 1763 1001 1827 propterea
1019 1751 1258 1806 maxime
1280 1751 1546 1824 suspicari
1566 1751 1715 1819 licet,
1743 1748 1899 1822 quod

342 1862 475 1916 quae
512 1840 584 1898 de
624 1840 816 1895 indole
862 1849 917 1894 et
942 1838 1196 1894 moribus
1238 1838 1464 1893 urbium
1506 1838 1567 1892 in
1593 1836 1795 1911 fragm.
1826 1834 1899 1890 58

346 1930 524 1985 multa
572 1936 951 2001 exponuntur,
1000 1926 1251 1998 apprime
1292 1923 1492 1979 cadere
1540 1921 1805 1978 videntur
1845 1924 1903 1976 in

344 2036 481 2072 eum
502 2024 791 2071 auctorem
805 2055 821 2083 ‚
849 2030 1015 2085 quem
1037 2014 1203 2067 etiam
1227 2012 1286 2066 in
1305 2011 1536 2084 reliquis
1553 2011 1666 2066 suis
1686 2011 1905 2084 scriptis

348 2103 427 2160 ad
487 2104 604 2159 haec
664 2101 905 2157 maxime
957 2100 1256 2154 attendisse
1323 2110 1756 2154 consentaneum
1812 2099 1901 2153 sit.

348 2192 704 2262 Quamquam
745 2187 791 2241 si
816 2185 1123 2242 Dicaearchi
1148 2203 1291 2259 opus
1318 2195 1398 2240 est
1422 2226 1438 2255 ,
1467 2204 1496 2239 a
1520 2203 1650 2240 sene
1679 2184 1906 2240 demum

352 2276 647 2349 decrepito
671 2273 1048 2345 conscriptum
1067 2290 1179 2327 esse
1209 2271 1396 2327 debet.

436 2365 535 2421 Sin
561 2380 631 2418 ex
658 2362 766 2417 alio
795 2371 1024 2416 auctore
1050 2360 1223 2434 petita
1264 2358 1572 2433 fragmenta
1600 2368 1755 2428 sunt,
1790 2357 1907 2413 duo

357 2452 599 2507 maxime
639 2447 953 2503 offeruntur
995 2447 1295 2520 scriptores
1313 2486 1328 2513 ,
1372 2463 1619 2518 quorum
1656 2445 1910 2499 alterutri

358 2534 695 2592 vindicanda
724 2552 838 2590 esse
862 2535 1175 2608 putaveris,
1207 2532 1442 2588 Phileas
1466 2530 1823 2588 Atheniensis
1857 2541 1913 2587 et

360 2624 684 2681 Heraclides
699 2626 932 2679 criticus,
946 2652 1026 2665 —-
1039 2623 1125 2677 De
1139 2620 1327 2676 Philea
1343 2619 1664 2676 Atheniensi
1680 2629 1913 2692 propter

360 2732 425 2768 ea
446 2712 695 2785 cogitare
721 2709 851 2765 licet
868 2749 885 2779 ,
916 2728 1038 2783 quae
1066 2707 1401 2783 legunturin
1425 2706 1677 2779 Dionysii
1703 2703 1910 2783 Ἀναγρ.

358 2822 414 2855 v.
452 2799 520 2856 33
554 2816 568 2856 Ξ

483 2912 542 2961 Ἤ
566 2908 730 2967 Ἑλλὰς
745 2909 839 2958 ἀπὸ
858 2914 939 2967 τῆς
956 2906 1233 2971 Ἀμὸρακίας
1261 2904 1380 2953 εἶναι
1400 2905 1529 2953 δοκεῖ

484 2982 689 3043 μάλιστα
710 2980 928 3043 συνεχής·
952 2979 1006 3027 τὸ
1037 2980 1178 3040 πέρας
1199 2976 1338 3033 αὐτῆς
1360 2973 1400 3023 δ’
1418 2973 1600 3037 ἔρχιται

485 3051 559 3099 ἐπὶ
578 3050 657 3098 τὸν
676 3049 887 3111 ποταμὸν
906 3048 1120 3106 Πηνειόν,
1147 3050 1210 3102 ὡς
1225 3049 1271 3095 Φ
1284 3064 1297 3093 ι
1309 3047 1367 3094 λέ
1378 3062 1408 3093 α
1423 3062 1443 3101 ς
1457 3044 1637 3107 γράφει,

481 3119 590 3182 ὄρος
604 3126 655 3167 τι
679 3119 939 3180 Μαγνήτων
954 3117 1160 3180 Ὁμόλην
1181 3114 1483 3175 καλούμενον.

490 3188 683 3244 ‘tt-etz&
699 3188 782 3245 τὴν
805 3189 1083 3251 Μαγνησίαν
1110 3192 1189 3244 τῆς
1211 3185 1427 3238 Ἑλλάδος

489 3257 701 3318 λέγωσιν
719 3257 855 3316 dveit,
879 3257 960 3305 τὸν
978 3257 1029 3305 δὲ
1051 3256 1224 3305 vitiem
1247 3254 1430 3316 ἀγνοεῖν

499 3325 877 3389 ἀποχωρίσαντα,
908 3330 1047 3375 τοῦτο
1060 3325 1099 3374 δ’
1113 3325 1229 3374 εἶναι
1244 3322 1474 3384 συμφανὲς

495 3399 586 3450 τοῖς
609 3396 870 3458 φιλομαθιῖν
885 3394 1085 3458 μάλιστα
1103 3393 1514 3458 φιλοτιμουμένοιςι

366 3503 571 3556 Noster
599 3519 733 3558 vero
761 3503 838 3557 ita
881 3501 979 3576 (tr.
1010 3501 1085 3556 60
1116 3501 1239 3554 init.
1264 3508 1317 3554 et
1344 3495 1491 3571 fine)
1528 3515 1542 3550 :
1573 3496 1622 3551 Τ
1624 3492 1687 3563 ἦν
1718 3490 1810 3567 μὲν
1834 3482 1922 3551 οὗν

372 3583 610 3645 Ἱίλλάδα
634 3585 793 3667 μέχρι
827 3591 917 3645 τοῦ
947 3583 1244 3662 Μαγνήτων
1270 3581 1493 3663 ἀφορίζω
1513 3579 1802 3660 [Ὀμολίου
1834 3579 1924 3638 καὶ

370 3677 475 3731 τῶν
499 3674 799 3735 Θετταλῶν.
822 3677 954 3732 Haec
974 3677 1309 3731 omittuntur
1326 3672 1488 3727 initio
1510 3668 1744 3745 fragm.]
1764 3667 1927 3740 στάμ·

374 3783 477 3818 που
503 3762 623 3837 (vel
652 3759 894 3839 στομίου;
919 3763 996 3818 sic
1027 3760 1200 3818 codd.
1229 3770 1516 3833 corrupte.
1540 3758 1770 3834 Τεμπῶν
1798 3758 1925 3830 plu·

374 3855 505 3908 rimi
545 3856 751 3930 corrigi
775 3853 1031 3929 volunt).
1076 3850 1236 3929 Τάχα
1275 3850 1328 3908 δὲ
1376 3847 1596 3930 φήσουσί
1621 3871 1753 3915 τινες
1789 3851 1928 3923 ἡμᾶς

378 3942 577 4016 ἀγνοεῖν
601 3938 693 4011 τὴν
733 3939 1033 4002 Θεσσαλίαν
1062 3943 1153 4010 τῆς
1183 3937 1436 4004 Ἑλλάδος
1457 3941 1897 4016 καταριθμοῦντας
1913 3983 1928 4008 ,

379 4025 581 4106 ἄπειροι
600 4031 691 4098 τῆς
713 4029 814 4085 τῶν
839 4025 1162 4106 πραγμάτων
1183 4026 1323 4091 ὄντες
1344 4022 1603 4096 ἀληθείας.

458 4117 715 4191 Utroque
736 4119 864 4173 loco
884 4117 1094 4173 Graecia
1117 4117 1400 4190 pertinere
1422 4113 1631 4170 dicitur
1654 4131 1830 4186 usque
1857 4112 1929 4168 ad

387 4204 663 4259 Homolen
688 4205 802 4260 sive
832 4204 1161 4260 Homolium
1204 4199 1451 4278 (λέγεται
1472 4197 1574 4279 γὰρ
1599 4196 1928 4280 ἀμφοτέρως,

370 4290 582 4345 ‘Strabo
622 4308 684 4364 p.
736 4290 847 4355 [043
870 4285 906 4363 ).
934 4293 1139 4347 Noster
1186 4309 1324 4344 vero
1374 4289 1703 4344 sententiam
1744 4305 1927 4355 suani,

380 4395 492 4449 qua
520 4372 852 4433 Thessaliam
880 4380 939 4433 in
963 4379 1173 4435 Graecia
1194 4376 1596 4447 comprehendi
1624 4377 1763 4444 vult,
1788 4377 1932 4430 mul-

387 4464 453 4518 tis
474 4464 658 4520 verbis
703 4466 950 4539 probare
985 4465 1201 4532 studet,
1238 4465 1381 4520 adeo
1410 4472 1473 4518 ut
1501 4473 1785 4535 tamquam
1818 4464 1932 4535 pri-

385 4569 507 4606 mus
555 4551 671 4625 ejus
718 4564 917 4609 auctor
954 4553 1111 4609 citari
1150 4572 1182 4608 a
1226 4545 1528 4608 serioribus
1568 4542 1934 4623 scriptoribus

386 4639 653 4710 potuerit.
708 4640 970 4695 Ceterum
998 4640 1213 4694 Phileas
1245 4656 1278 4694 a
1307 4638 1513 4694 Graecia
1540 4635 1787 4692 excludit
1810 4633 1936 4704 Ma-

372 4726 629 4798 gnesiam
644 4767 659 4795 ,
680 4727 794 4782 sive
816 4738 1053 4782 tractum
1074 4727 1231 4781 illum
1250 4724 1525 4780 litoralem
1541 4766 1557 4793 ‚
1589 4725 1687 4797 qui
1709 4741 1739 4779 a
1768 4723 1934 4779 Penei

390 4812 540 4867 ostiis
578 4811 650 4868 ad
705 4814 919 4868 Pelium
948 4824 1196 4869 montem
1239 4824 1296 4869 et
1335 4814 1519 4868 sinum
1558 4811 1932 4886 Pagaseticum

388 4900 655 4956 excurrit.
676 4903 761 4958 De
780 4901 867 4956 bis
894 4902 953 4955 in
971 4900 1282 4974 fragmento
1311 4910 1505 4955 nostro
1533 4899 1673 4953 nihil
1698 4899 1936 4973 legitur3

377 4983 763 5042 demonstrari
789 5006 925 5044 vero
957 4989 1154 5060 nequit
1186 4987 1567 5043 Dicaearchum
1587 5026 1604 5056 ,
1637 5003 1805 5059 quem
1844 4983 1937 5040 di-

378 5090 518 5128 cere
557 5074 755 5145 liceat,
796 5076 1131 5151 Magnesiam
1174 5076 1397 5132 Graeciae
1434 5075 1757 5148 ascripsisse.
1796 5074 1937 5128 Nam

388 5160 550 5233 quod
564 5162 981 5219 Demetriadem
994 5162 1195 5219 urbem
1222 5164 1281 5219 in
1300 5180 1473 5237 opere
1493 5180 1594 5218 suo
1616 5160 1904 5235 descripsit
1919 5201 1936 5231 ,

1980 798 2073 852 Gr.
2117 813 2179 870 p.
2215 791 2312 871 7).
2344 796 2552 851 Contra
2579 811 2749 862 ver0,
2788 793 2833 846 si
2868 792 3204 865 Magnesiam
3239 793 3294 845 in
3324 792 3534 849 Graecia

1977 882 2490 956 comprehendisset
2526 891 2749 954 auctor,
2775 878 2905 950 jure
2942 897 3184 951 quaeras,
3207 896 3307 933 cur
3331 879 3536 936 dixerit

1976 981 2169 1044 patere
2210 989 2333 1026 eam
2370 988 2401 1025 a
2442 969 2833 1042 Peloponneso
2873 966 3106 1021 boream
3133 983 3323 1021 versus
3360 986 3537 1041 usque

1979 1058 2052 1113 ad
2083 1058 2369 1114 Homolen
2398 1068 2647 1112 montem
2677 1056 2694 1131 (
2716 1056 2814 1128 qui
2849 1055 2905 1109 in
2937 1053 3143 1109 finibus
3169 1053 3458 1111 Thessaliae
3485 1067 3542 1111 et

1980 1146 2270 1219 Magnesiae
2314 1145 2387 1200 ad
2423 1146 2665 1200 Peneum
2707 1140 2940 1197 fluvium
2979 1142 3115 1196 situs
3154 1138 3287 1215 est).
3338 1144 3541 1199 Nonne

1979 1233 2304 1306 simpliciter
2326 1231 2579 1287 dicturus
2604 1231 2790 1286 fuisset
2816 1249 2830 1284 t
2856 1246 3034 1303 usque
3059 1228 3130 1284 ad
3159 1226 3408 1284 Peneum
3437 1228 3543 1285 flu-

1979 1321 2133 1374 vium
2174 1329 2230 1374 et
2266 1320 2541 1374 montium
2581 1328 2847 1385 tractum,
2889 1334 3032 1389 quos
3066 1316 3402 1373 Cambunios
3440 1336 3544 1373 vo-

1984 1407 2205 1462 camus?
2244 1410 2376 1463 Haec
2420 1407 2592 1481 igitur
2622 1406 2857 1460 suadent
2897 1405 3087 1477 potius
3119 1404 3385 1459 Nostrum
3425 1423 3543 1458 non

1984 1492 2293 1548 dissensisse
2336 1511 2368 1548 a
2396 1493 2603 1549 Philea.
2642 1490 2742 1551 Sin
2773 1509 2910 1546 vero
2946 1508 3260 1563 expressam
3296 1489 3413 1561 ejus
3462 1492 3543 1546 rei

1985 1582 2329 1636 mentionem
2362 1579 2676 1650 desideras,
2719 1596 2976 1635 accusare
3006 1596 3225 1651 possem
3248 1588 3542 1651 excerpto·

1986 1686 2138 1737 rem,
2184 1670 2279 1742 qui
2335 1669 2498 1742 plura
2538 1669 2806 1723 omiserit.
2856 1669 3051 1740 Neque
3094 1675 3278 1721 tamen
3323 1675 3403 1721 est
3445 1684 3547 1721 cur

1988 1754 2062 1811 ad
2093 1756 2200 1810 tale
2236 1756 2377 1828 quid
2422 1755 2826 1830 confugiamus.
2862 1752 3352 1825 Quemadmodum
3397 1754 3546 1808 enim

1988 1851 2184 1897 nostro
2217 1842 2346 1896 loco
2376 1841 3044 1915 declaratur-„quousque
3085 1859 3117 1895 a
3155 1838 3393 1894 meridie
3432 1836 3548 1892 ho-

1990 1946 2144 1983 ream
2175 1945 2370 1983 versus
2395 1929 2608 1985 Graecia
2644 1939 2861 2002 pateat,
2892 1930 2969 1982 sic
3006 1929 3063 1982 in
3094 1923 3550 1981 antecedentibus

1992 2029 2191 2071 auctor
2226 2018 2542 2090 exposuisse
2572 2016 2860 2091 putandus
2895 2027 3004 2084 est,
3045 2032 3338 2088 quousque
3361 2020 3553 2088 pateat
3619 2043 3630 2053 ·

1992 2105 2065 2161 ab
2107 2122 2308 2159 occasu
2343 2106 2618 2159 orientem
2656 2122 2865 2161 versus».
2898 2105 3084 2176 Atque
3109 2102 3214 2157 hac
3240 2103 3300 2155 in
3326 2100 3552 2174 exposi-

1995 2193 2149 2246 tione
2172 2192 2440 2246 Homoles
2465 2210 2508 2250 s.
2533 2191 2780 2247 Homolii
2805 2192 3151 2246 mentionem
3176 2188 3386 2243 faciunt
3410 2190 3553 2244 Dio-

1994 2280 2183 2351 nysius
2201 2289 2256 2333 et
2277 2278 2472 2351 Scylax
2496 2279 2596 2351 qui
2618 2278 2856 2334 eundem
2879 2277 3124 2332 Phileam
3144 2275 3432 2348 exscripsit
3456 2272 3549 2350 (*).

1995 2366 2208 2420 Dicunt
2243 2365 2392 2419 enim
2421 2365 2687 2420 Graeciam
2730 2365 3010 2437 pertinere
3038 2363 3109 2417 ab
3141 2361 3435 2417 Ambran'a
3462 2380 3554 2417 us·

1999 2471 2110 2527 que
2140 2451 2214 2508 ad
2242 2453 2562 2507 Homoliam
2581 2493 2597 2520 ,
2623 2454 2682 2507 in
2707 2452 3000 2526 Magnesiae
3029 2448 3265 2517 finibus,
3288 2448 3556 2505 docentes

2000 2543 2190 2614 itaque
2214 2559 2335 2595 eam
2363 2551 2580 2613 partem
2622 2557 2745 2612 quae
2782 2540 2853 2594 ab
2880 2538 3150 2594 Homolio
3176 2547 3257 2591 est
3283 2554 3458 2609 usque
3481 2537 3556 2593 ad

1997 2646 2182 2695 mare,
2204 2626 2447 2683 excludi.
2471 2629 2596 2682 Hoc
2624 2627 2795 2701 igitur
2818 2626 2944 2680 loco
2969 2626 3132 2680 etiam
3151 2625 3353 2679 Noster
3381 2623 3453 2680 de
3472 2625 3558 2681 his

1999 2715 2257 2789 pluribus
2291 2715 2602 2783 monuerit,
2646 2713 2891 2786 ideoque
2927 2722 3122 2767 nostro
3165 2711 3295 2765 loco
3335 2713 3556 2766 Homo-

2005 2805 2142 2857 lium
2163 2813 2447 2874 tamquam
2465 2802 2766 2857 terminum
2786 2841 2801 2868 ‚
2829 2800 2899 2855 de
2928 2818 3042 2872 quo
3061 2799 3176 2869 jam
3203 2799 3556 2871 exposuerit,

2004 2890 2182 2946 verbo
2212 2907 2653 2946 commemorare
2687 2887 2948 2944 habuerit
2987 2888 3132 2944 satis.
3173 2887 3298 2941 «lam
3338 2903 3475 2940 vero
3516 2885 3561 2939 si

2004 2980 2342 3054 Magnesiam
2371 2977 2636 3046 exclusit,
2658 2977 2911 3050 sequitur
2930 2974 3312 3046 conjecturam
3339 2989 3559 3042 eorum,

2007 3070 2103 3141 qui
2127 3085 2235 3140 pro
2267 3066 2367 3123 τῶν
2391 3065 2679 3124 Θεσσαλῶν
2700 3061 2941 3138 στάμπου
2970 3064 3057 3118 vel
3078 3057 3292 3135 στομίου
3311 3059 3565 3114 scribunt

2006 3176 2057 3214 τ.
2092 3153 2163 3212 Θ.
2194 3153 2447 3227 Τεμπῶν,
2475 3151 2694 3209 admitti
2728 3171 2846 3207 non
2866 3169 3043 3225 posse.
3066 3150 3209 3206 Nam
3233 3147 3561 3203 Homolium

2007 3260 2118 3296 sec.
2143 3240 2477 3297 Strabonem
2507 3249 2589 3294 est
2615 3236 2755 3294 κατὰ
2782 3233 2877 3306 τὴν
2901 3232 3068 3313 ἀρχὴν
3098 3236 3192 3304 τῆς
3209 3236 3301 3290 τοῦ
3336 3233 3562 3301 Πηνειοῦ

2011 3323 2096 3382 διὰ
2135 3328 2239 3383 τῶν
2267 3326 2501 3401 Τεμπῶν
2529 3322 2828 3394 διεκὸολῆς;
2853 3326 3041 3396 itaque
3074 3325 3282 3396 Tempe
3323 3340 3439 3376 non
3478 3322 3565 3377 fo-

2010 3425 2136 3470 rent
2163 3415 2546 3470 Thessalorum
2565 3454 2581 3482 ,
2615 3412 2716 3468 sed
2742 3410 3078 3486 Magnetum.
3114 3412 3299 3481 Quare
3339 3409 3566 3466 latuerit

2012 3512 2108 3557 aut
2133 3503 2221 3557 τοῦ
2244 3500 2536 3560 Θεσσαλῶν
2555 3496 2832 3573 Ὀλύμπου
2848 3540 2863 3566 ,
2892 3499 2969 3552 ita
2992 3497 3201 3551 scilicet
3227 3505 3290 3550 ut
3318 3514 3445 3549 cum
3466 3514 3567 3550 an-

2014 3588 2353 3662 tiquioribus
2374 3587 2743 3660 scriptoribus
2765 3586 3036 3657 Olympus
3060 3580 3281 3637 dicatur
3304 3590 3451 3636 totus
3473 3581 3567 3636 ille

2013 3677 2293 3730 montium
2326 3686 2562 3742 tractus,
2595 3675 2693 3746 qui
2724 3670 3056 3728 Thessaliam
3089 3679 3144 3724 et
3177 3668 3568 3724 Macedoniam

2016 3764 2305 3837 dispescit;
2341 3772 2435 3818 aut
2465 3761 2820 3817 scribendum
2865 3778 2878 3812 :
2911 3758 3016 3814 τῶν
3048 3756 3335 3813 Θεσσαλῶν
3374 3750 3566 3814 Γόννον

2014 3851 2128 3904 sive
2159 3849 2201 3906 Γ
2201 3845 2385 3919 όννων,
2416 3866 2540 3922 quae
2581 3847 2867 3903 Thessaliae
2912 3843 3048 3899 urbs
3086 3844 3248 3899 sicuti
3287 3841 3564 3911 Homole,

2017 3956 2084 3992 eo
2112 3938 2231 4013 ipso
2252 3937 2380 3992 loco
2406 3936 2510 3992 sita
2525 3946 2605 3990 est
2619 3935 2716 3989 ubi
2740 3936 2948 4005 Tempe
2967 3931 3124 3985 vallis
3146 3932 3294 4004 capit
3322 3930 3564 3986 initium.

2096 4026 2246 4081 Nihil
2277 4025 2445 4099 igitur
2467 4022 2743 4098 impedire
2775 4020 3002 4075 videtur
3032 4019 3167 4091 quin
3211 4029 3398 4072 nostra
3441 4028 3569 4090 apte

2019 4131 2147 4168 cum
2167 4113 2251 4180 iis,
2273 4130 2395 4185 quae
2414 4129 2480 4167 ex
2503 4110 2693 4166 Philea
2719 4108 3036 4175 traduntur,
3056 4106 3318 4179 componi
3333 4106 3565 4178 possint.
3649 4093 3659 4103 ’

2083 4267 2145 4326 (“)
2177 4266 2354 4328 Scylax
2381 4266 2411 4330 ς
2433 4270 2491 4316 33
2514 4284 2529 4316 2
2553 4265 2789 4315 Ἐντεῦθεν
2813 4264 2916 4322 (sc.
2938 4263 3035 4311 ἀπὸ
3057 4260 3357 4323 Ἇμδρακίας)
3381 4257 3563 4320 ἄρχεται

2020 4339 2049 4394 ἡ
2070 4337 2232 4392 Ἑλλὰς
2256 4335 2453 4397 συνεχὴς
2477 4335 2596 4383 εἶναι
2619 4335 2752 4397 μέχρι
2780 4334 2985 4389 Πηνειοῦ
3009 4345 3227 4391 ποταμοο
3244 4330 3324 4376 καὶ
3346 4327 3568 4387 Ὀμολίοο

2020 4407 2199 4464 πόλεως
2237 4408 2483 4467 (montem
2517 4403 2850 4467 cognominem
2884 4402 3020 4464 ponit
3059 4397 3372 4460 Dionysius),
3406 4397 3436 4454 ἦ
3471 4396 3567 4444 ἐστι

2019 4478 2145 4540 παρὰ
2167 4477 2247 4525 τὸν
2273 4473 2498 4535 ποταμόν.
2523 4471 2705 4522 Deinde
2730 4471 2760 4534 §
2785 4478 2863 4528 66,
2879 4474 3133 4532 postquam
3157 4464 3409 4528 Magniesioe
3435 4476 3569 4512 oram

2021 4546 2418 4609 perlustraverat,
2433 4543 2583 4605 pergit
2603 4557 2617 4591 τ
2635 4541 2715 4591 Ἐν
2734 4541 2954 4603 μεσογείᾳ
2968 4541 3017 4587 δὲ
3035 4539 3276 4587 ἐποιιοῦσι
3297 4533 3538 4595 Περραιὸοὶ
3551 4567 3567 4592 ,

2020 4618 2253 4674 Ἕλληνες.
2271 4616 2417 4677 Μέχρι
2441 4612 2635 4663 ἐνταῦθά
2654 4613 2748 4673 (sc.
2766 4623 2916 4673 usque
2935 4608 2996 4658 ad
3012 4605 3297 4658 Perrhaebtae
3314 4606 3364 4653 et
3387 4606 3572 4664 Magne-

2022 4684 2106 4734 siae
2130 4682 2360 4743 confinia)
2383 4682 2506 4731 ἐστιν
2531 4681 2625 4731 ἀπὸ
2649 4679 2924 4743 Ἀμβρακίας
2944 4676 3141 4738 συνεχὴς
3176 4675 3209 4733 ὴ
3229 4671 3411 4728 Ἑλλάς.
3437 4670 3571 4720 Ἐπι-

2025 4761 2160 4810 ιικῶς
2177 4754 2226 4803 δὲ
2250 4754 2331 4802 καὶ
2354 4752 2427 4801 ἐπὶ
2461 4751 2685 4800 Θάλατταν
2717 4755 2852 4799 πᾶσα
2873 4746 3055 4797 Ἐλλάδι
3084 4745 3244 4809 ὅμοιόν
3268 4743 3394 4792 ἐστιν
3421 4741 3573 4804 (lege-

2029 4826 2117 4874 rim
2136 4825 2214 4872 καὶ
2233 4825 2265 4881 ἡ
2283 4821 2592 4871 ἰπιθαλασσία
2609 4825 2743 4870 πᾶσα
2770 4821 2818 4868 ἐν
2837 4818 2959 4868 Ἑλλ.
2986 4814 3158 4881 ὁμοίως
3177 4813 3302 4863 ἐστίν
3316 4814 3353 4872 ).
3383 4815 3574 4862 Postre-

2026 4894 2116 4942 mis
2132 4892 2378 4946 Ἐπιεικῶς
2397 4891 2499 4939 κτλ.
2524 4889 2689 4939 eadem
2716 4888 3004 4946 indicantur,
3036 4899 3147 4949 quse
3177 4882 3432 4946 Dionysius
3460 4880 3575 4929 dicit

2025 4962 2135 5012 inde
2153 4975 2182 5012 a
2201 4960 2364 5011 verbis
2378 4961 2508 5016 Τινὲς
2525 4960 2574 5009 δὲ
2593 4961 2673 5010 καὶ
2694 4961 2778 5016 τὴν
2797 4957 3093 5019 Μαγνησίαν.
3112 4955 3238 5012 Quae
3257 4951 3464 5003 Futirius
3488 4950 3573 5011 iis,

2025 5045 2135 5096 quae
2147 5031 2195 5081 in
2209 5029 2601 5080 antecedentibus
2613 5028 2674 5080 de
2691 5028 2852 5078 Philet
2863 5026 3142 5088 traduntur,
3154 5023 3394 5074 contraria
3409 5022 3573 5084 putat,

2026 5101 2372 5153 versificatores
2390 5099 2686 5163 negligentia:
2699 5100 2902 5159 incusat,
2925 5098 3150 5159 virosque
3165 5095 3332 5144 doctos
3353 5094 3574 5148 miratur.

2029 5173 2111 5235 qui
2135 5171 2493 5235 repugnantiam
2517 5170 2658 5220 istam
2686 5183 2781 5219 non
2800 5168 3023 5220 viderint.
3045 5164 3334 5216 Dormitavit
3352 5160 3574 5213 Fuluius.
