4016 5916
462 439 507 482 χ
1247 414 1348 471 ΕΚ
1389 411 1542 470 ΤΗΣ
1586 408 1947 469 ΙΣΤΟΡΙΑΣ
1989 406 2367 468 ΔΙΟΔΩΡΟΥ
2409 409 2897 470 ΣΙΚΕΛΙΩΪΟΥ.

453 541 561 600 λεῒν
578 538 647 620 (a)
673 535 769 617 μὲν
789 535 873 595 τὸν
895 532 1262 617 πρεσὸύτερον,
1293 530 1577 613 ἐγχειρίσαι
1604 529 1658 589 δὲ
1681 533 1755 611 τῷ
1781 527 2016 610 νεωτέρῳ

2110 537 2238 601 giam
2273 538 2558 601 potestatem
2591 538 2891 588 molirentur.
2959 537 3109 600 Cujus
3147 539 3388 589 tumultus
3423 540 3596 591 nuntio
3633 543 3690 591 in

458 626 551 700 τὴν
570 625 862 709 βασιλείαν,
879 622 1292 703 ἀπαγγελθείσης
1306 622 1361 680 δὲ
1371 625 1463 692 τῆς
1486 622 1721 699 ταραχῆς
1735 620 1806 686 εἷς
1819 616 1911 690 τὴν
1934 621 2020 676 αὖ·
2109 634 2270 684 aulam
2297 634 2483 698 perlato
2498 671 2513 696 ‚
2543 648 2634 685 rex
2651 634 2880 685 arcessito
2909 632 3046 683 fratri
3067 646 3118 684 se
3140 635 3387 698 purgavit,
3414 636 3579 688 multis
3608 640 3684 688 la·

457 713 572 792 λὴν,
585 719 613 776 ὁ
630 712 871 797 βασιλεὺς
887 709 1364 791 μεταπεμψάμενος
1377 707 1463 767 τὸν
1482 706 1702 789 ἀδελφὸν
1718 708 2023 784 ἀπελογεῖτο

463 804 598 882 μετὰ
625 801 888 883 δακρύων,
922 797 996 878 μὴ
1021 796 1278 857 πιστεύειν
1308 800 1384 878 τῷ
1412 795 1504 866 τὴν
1532 792 1803 875 βασιλείαν
1823 796 2021 874 ἐπιχει-

466 897 635 973 ροῦντι
659 888 1079 972 σφετερίσασθαι,
1112 886 1203 945 καὶ
1236 890 1339 956 τῆς
1361 881 1665 966 ἀμφοτέρων
1697 882 1903 954 ἡλικίας
1925 904 2023 940 κα·

461 976 893 1061 ταπεφρονηκότι·
921 978 967 1035 εἰ
992 975 1034 1034 δ’
1064 974 1140 1034 ἔτι
1168 973 1419 1043 διστάζων
1452 976 1516 1054 τῇ
1546 971 1748 1051 διανοίᾳ
1775 968 2022 1053 φοὸἥται,

463 1064 900 1149 παραλαμὸἄνειν
919 1061 1073 1123 αὗτὸν
1111 1063 1349 1121 ἐκέλευσε
1377 1060 1547 1120 καὶτὸ
1561 1058 1790 1134 διάδημα
1816 1058 1906 1118 καὶ
1928 1057 2023 1130 τὴν

465 1155 656 1236 ἀρχήν.
682 1150 841 1233 Ταχὺ
865 1151 919 1211 δὲ
940 1156 1031 1211 τοῦ
1053 1149 1324 1230 μειρακίου
1350 1148 1438 1207 τὸν
1462 1147 1681 1229 ἀδελφὸν
1713 1145 2026 1213 ἀπολύοντος

463 1249 557 1316 τῆς
584 1242 828 1325 ὑποψίας,
851 1237 1136 1321 ἀμφότεροι
1160 1234 1435 1318 βασιλικὰς
1464 1233 1810 1303 ἀναλαὸόντες
1836 1235 2025 1302 στολὰς

465 1330 674 1403 ἐξῆλθον
712 1330 783 1397 εἷς
827 1327 887 1387 τὸ
913 1330 1138 1404 πλῆθος,
1180 1321 1396 1405 φανερὸν
1444 1327 1709 1389 ποιοῦντες
1740 1329 1924 1399 πᾶσιν,
1955 1324 2026 1387 ὣς

465 1421 787 1497 ὁμονοοῦσιν.
872 1416 939 1477 Ὁ
970 1413 1023 1474 δὲ
1052 1411 1314 1480 Διονύσιος
1352 1408 1631 1490 ἀποτυχὼν
1659 1413 1751 1481 τῆς
1780 1407 2027 1482 ἐπιὸολῆς

465 1506 698 1565 ἐκποδὼν
723 1502 903 1564 ἑαυτὸν
935 1502 1169 1575 ἐποίησε.
1230 1499 1337 1561 Kal
1366 1498 1425 1559 τὸ
1448 1498 1543 1577 μὲν
1568 1500 1769 1578 πρῶτον
1800 1498 2024 1575 διαπεμ-

464 1593 686 1673 πόμενος
721 1591 890 1651 ἔπειθε
919 1594 1022 1650 τῶν
1046 1591 1378 1672 στρατιωτῶν
1403 1586 1520 1655 τοὺς
1544 1585 1758 1653 οἰκείους
1799 1585 2027 1644 ἀποστά·

467 1705 597 1749 σεως
622 1687 882 1739 κοινωνεῖν
908 1681 1011 1737 τῶν
1033 1675 1274 1736 ἐλπίδων·
1301 1665 1412 1733 εἶτα
1434 1676 1503 1741 εἷς
1527 1672 1768 1733 Ἐλευσὶν
1804 1672 1870 1751 (4)
1895 1674 2024 1730 ἀνα-

463 1769 712 1850 χωρήσας
725 1763 1071 1850 προσεδέχετο
1086 1762 1204 1832 coia<
1229 1760 1541 1842 νεωτερίζειν
1563 1759 2022 1840 προαιρουμένους,

465 1857 685 1916 καὶτῶν
712 1856 1038 1936 ταραχωδῶν
1079 1852 1409 1932 στρατιωτῶν
1458 1845 1819 1927 ἀθροισθέντας
1857 1844 1922 1926 (s)
1956 1848 2027 1913 εἰς

464 1940 925 2026 τετρακισχιλίους.
952 1938 1022 2001 Ὁ
1047 1937 1102 1998 δὲ
1131 1935 1374 2019 βασιλεὺς
1403 1938 1484 1995 ἐπ’
1506 1932 1686 2001 αὐτοὺς
1707 1932 2027 2015 στρατεύσας

466 2032 555 2091 καὶ
578 2028 792 2102 νικήσας
815 2026 1039 2094 καὶτοὺς
1072 2023 1164 2104 μὲν
1189 2022 1380 2084 ἀνελὼν
1411 2021 1529 2089 τοὺς
1549 2018 1603 2081 δὲ
1631 2020 1835 2093 διώξας,
1862 2043 2022 2092 συνη·

465 2119 697 2198 νάγκασε
730 2117 816 2177 τὸν
858 2114 1127 2177 Διονύσιον
1159 2112 1349 2193 γυμνὸν
1379 2108 1714 2183 διανήξασθαι
1742 2107 1801 2168 τὸ
1830 2109 2025 2191 ῥεῖθρον

465 2211 554 2266 τοῦ
585 2208 846 2282 ποταμοῦ,
878 2202 969 2262 καὶ
997 2201 1093 2273 τὴν
1114 2197 1446 2281 ἀναχώρησιν
1476 2199 1546 2265 εἰς
1568 2195 1684 2265 τοὺς
1712 2196 2027 2274 Αἰγυπτίους

465 2293 821 2370 ποιησάμενον
863 2291 1120 2351 ἅνασείειν
1174 2290 1241 2349 τὰ
1301 2288 1476 2360 πλήθη
1535 2284 1662 2366 πρὸς
1708 2284 2022 2343 ἀπόστασιν.

464 2380 752 2463 Δραστικὸς
776 2378 830 2440 δὲ
853 2376 926 2438 ὣν
953 2378 1044 2439 καὶ
1069 2376 1302 2457 μεγάλης
1320 2377 1584 2453 ἀποδοχῆς
1602 2370 1858 2453 τετευχὼς
1896 2375 2027 2451 παρ’

466 2469 638 2537 αὐτοῖς
662 2466 965 2546 Αἰγυπτίοις
988 2464 1123 2547 ταχὺ
1147 2461 1367 2529 πολλοὺς
1387 2461 1510 2542 ἔσχε
1529 2459 1643 2527 τοὺς
1665 2460 2024 2541 κοινοπραγεῖν

467 2555 825 2637 βουλομένους.
942 2624 951 2630 ἠ

542 2646 649 2708 IX.
707 2641 838 2703 Ὅτι
892 2638 1157 2719 Ἀρταξίας
1201 2641 1228 2699 ὃ
1277 2640 1372 2709 τῆς
1416 2634 1688 2718 Ἀρμενίας
1747 2630 2024 2714 βασιλεὺς,

466 2728 699 2795 ἀποστὰς
743 2725 1027 2805 Ἀντιόχου,
1064 2724 1217 2782 πόλιν
1267 2721 1466 2781 ἔκτισεν
1508 2720 1778 2798 ἐπώνυμον
1818 2721 2023 2793 ἑαυτοῦ,

465 2814 557 2875 καὶ
578 2813 817 2890 δυνάμεις
835 2811 990 2892 ἁδρὰς
1015 2810 1323 2889 συνήγαγεν.
1371 2806 1440 2870 ‘O
1471 2805 1524 2866 δὲ
1550 2806 1803 2886 Ἀντίοχος
1831 2806 2025 2888 ἰσχύων

467 2906 584 2965 κατ’
616 2901 837 2969 ἐκείνους
863 2897 979 2967 τοὺς
1008 2897 1223 2982 χρόνους
1253 2899 1322 2965 ὥς
1348 2892 1511 2963 οὐδεὶς
1537 2898 1638 2954 τῶν
1668 2894 1838 2953 ἄλλων
1871 2898 2025 2976 βασι-

461 2990 613 3066 λέων,
659 2988 993 3071 ἐστράτευσεν
1040 2986 1122 3047 ἐπ’
1173 2983 1347 3066 αὐτὸν,
1376 2983 1466 3044 καὶ
1502 2981 1717 3057 νικήσας
1754 2983 2021 3064 ἠνάγκασε

461 3086 625 3140 ποιεῖν
640 3077 700 3138 τὸ
723 3074 1190 3158 προσταττόμενον.

543 3169 615 3230 X.
643 3162 776 3227 Ὅτι
793 3165 953 3224 πάλιν
984 3164 1121 3236 ἄλλη
1141 3160 1339 3234 κίνησις
1368 3158 1590 3234 συνέστη
1618 3158 1756 3219 κατὰ
1784 3158 1879 3231 τὴν
1903 3160 2021 3231 Θη-

466 3250 653 3334 enisa,
686 3251 1013 3331 ἐμπεσούσης
1041 3253 1204 3332 ὁρμῆς
1230 3250 1335 3317 τοῖς
1372 3247 1594 3320 πλήθεσι
1622 3247 1748 3328 πρὸς
1789 3244 2024 3304 ἀπόστα-

464 3367 566 3403 σιν.
651 3341 720 3402 ‘0
740 3339 794 3400 δὲ
827 3338 1067 3422 βασιλεὺς
1090 3340 1414 3416 Πτολεμαῖος
1434 3334 1711 3405 ἀναζεύξας
1736 3334 1816 3394 ἐπ’
1836 3333 2021 3401 αὐτοὺς

466 3429 601 3509 μετὰ
628 3430 824 3500 πολλῆς
853 3429 1136 3506 δυνάμεως,
1164 3424 1229 3485 τὰ
1259 3424 1354 3505 μὲν
1381 3423 1516 3484 ἄλλα
1539 3422 1673 3504 μέρη
1692 3427 1785 3495 τῆς
1807 3418 2023 3495 Θηδαΐ-

463 3519 545 3584 δος
570 3515 754 3599 ῥαδίως
782 3512 1160 3597 προσηγάγετο·
1189 3518 1284 3587 τῆς
1309 3511 1363 3572 δὲ
1396 3512 1459 3590 (ι)
1484 3509 1804 3587 καλουμένης
1832 3512 2025 3570 Πανῶν

462 3603 663 3670 πόλεως
692 3601 973 3684 βεὸηκυίας
1006 3602 1092 3660 ἐπί
1117 3624 1251 3668 τινος
1282 3600 1342 3678 (a)
1376 3598 1594 3681 ἀρχαίου
1621 3596 1871 3678 χώματος
1888 3641 1905 3669 ,
1932 3597 2024 3655 καὶ

462 3681 716 3754 δοκούσης
765 3684 959 3763 ὀχυρᾶς
1003 3672 1132 3739 εἶναι
1189 3683 1246 3739 ἐκ
1295 3678 1637 3759 δυσπροσίτου
1654 3722 1670 3750 ,
1695 3676 2018 3758 συνέδραμον

461 3769 532 3837 εἷς
561 3766 759 3841 ταύτην
782 3771 830 3827 οἱ
859 3763 1281 3850 πρακτικώτατοι
1312 3769 1413 3825 τῶν
1442 3764 1827 3847 ἀφεστηκότων.
1872 3766 2015 3824 Πτο-

2112 729 2273 780 crimis
2298 743 2498 794 precans
2531 743 2593 781 ne
2619 730 2764 781 tidem
2792 730 2990 781 baberet
3022 729 3181 781 verbis
3205 729 3333 794 eius,
3357 732 3444 796 qui
3461 732 3690 798 despecta
3799 750 3806 754 ·

2113 827 2370 891 utriusque
2380 827 2656 891 iuventute,
2671 827 2759 879 sibi
2783 827 3025 878 vindicare
3042 840 3242 892 regnum
3254 828 3484 881 studeret.
3504 832 3686 889 Quodsi

2112 938 2229 975 vero
2249 927 2409 977 metus
2429 924 2589 976 adbuc
2606 927 2656 977 et
2672 924 2908 976 dubitatio
2927 923 3089 988 aliqua
3109 926 3261 976 menti
3283 925 3561 991 inum-eret,
3587 929 3688 981 dia·

2113 1027 2256 1078 clema
2277 1026 2435 1091 ipsum
2465 1040 2811 1091 summumque
2829 1026 3084 1089 imperium
3107 1039 3350 1078 assumere
3370 1027 3527 1091 jussit.
3591 1030 3687 1081 Sed

2113 1125 2277 1175 statim
2309 1124 2513 1189 puerulo
2547 1138 2577 1175 a
2610 1125 2894 1188 suspicionis
2929 1124 3127 1176 crimine
3160 1126 3356 1177 tratrem
3372 1127 3648 1181 absolvente
3668 1168 3688 1193 ,

2114 1218 2258 1268 ambo
2291 1220 2427 1270 veste
2461 1219 2587 1282 regia
2609 1219 2764 1270 induti
2786 1221 2834 1271 in
2871 1222 3045 1285 vulgus
3065 1223 3323 1285 prodeunt,
3353 1237 3507 1289 eoque
3527 1226 3688 1289 palam

2115 1314 2300 1366 faciunt
2327 1316 2553 1366 omnibus
2590 1329 2642 1367 se
2682 1316 2945 1368 concordes
2980 1312 3099 1370 esse.
3166 1320 3244 1370 Sic
3272 1320 3527 1386 Dionysius
3560 1326 3692 1376 ausis

2113 1411 2213 1463 suis
2234 1412 2461 1464 excidens
2477 1426 2505 1463 e
2518 1416 2775 1477 conspectu
2795 1427 2847 1465 se
2868 1415 3109 1468 subducit.
3175 1422 3246 1468 Ac
3262 1418 3474 1483 primum
3491 1420 3687 1484 quidem

2116 1509 2295 1561 milites
2316 1523 2441 1574 quos
2456 1511 2516 1562 ad
2537 1524 2639 1562 rem
2658 1511 2972 1563 idoneosesse
2994 1516 3203 1578 putaret,
3220 1516 3510 1582 arcessebat,
3535 1519 3691 1582 iisque

2114 1610 2458 1675 persuadebat,
2508 1613 2566 1662 ut
2618 1625 2901 1663 communes
2952 1613 3184 1665 haberent
3234 1628 3344 1679 spes
3390 1616 3687 1668 desectionis.

2117 1704 2296 1755 Deinde
2315 1704 2507 1755 Eleusin
2524 1716 2576 1755 se
2601 1704 2836 1769 recipiens
2848 1705 3137 1770 adjungebat
3155 1707 3246 1758 sibi
3268 1708 3506 1761 studiosos
3528 1724 3696 1760 rerum

2116 1811 2352 1849 novarum
2370 1798 2518 1862 atque
2540 1797 2715 1849 milites
2735 1798 3001 1862 seditiosoS,
3022 1813 3228 1863 quorum
3246 1801 3307 1851 ad
3335 1804 3565 1867 quattuor
3581 1806 3701 1855 mil-

2115 1893 2179 1957 lia
2210 1894 2479 1957 cougregati
2496 1895 2625 1945 sunt.
2692 1897 2795 1945 Rex
2817 1895 2978 1944 autem
2997 1893 3172 1945 educto
3187 1899 3352 1946 contra
3369 1909 3451 1947 eos
3473 1899 3692 1949 exercitu

2115 1989 2382 2054 proelioque
2403 1989 2577 2053 victor,
2599 1990 2740 2041 hoste
2756 1989 2931 2054 partim
2949 1991 3108 2042 occiso
3127 1991 3298 2055 partim
3320 1991 3371 2041 in
3390 1994 3548 2055 sugam
3567 2008 3690 2044 con-

2115 2098 2254 2136 verso
2267 2122 2283 2148 ,
2297 2085 2455 2149 ipsum
2473 2084 2619 2135 etiam
2633 2084 2912 2149 Dionysium
2931 2098 2989 2136 eo
3009 2085 3215 2150 redegit,
3236 2087 3290 2136 ut
3309 2086 3469 2137 Nilum
3482 2086 3698 2140 fluvium·

2116 2179 2275 2230 nudus
2292 2179 2503 2230 natando
2521 2178 2767 2243 trajiceret
2788 2182 2838 2232 et
2855 2180 2904 2230 in
2919 2180 3165 2244 superiora
3178 2182 3365 2245 AEgypti
3378 2181 3690 2247 sereciperet.

2117 2274 2209 2322 Hic
2225 2284 2420 2336 quoque
2441 2271 2505 2323 ad
2528 2272 2846 2323 detectionem
2865 2274 3119 2337 Dionysius
3139 2273 3330 2338 plebem
3347 2276 3608 2341 excitavit,
3639 2280 3696 2328 et
3751 2314 3758 2317 -

2115 2366 2344 2432 quoniam
2363 2366 2440 2417 vir
2455 2367 2561 2418 erat
2584 2367 2810 2418 strenuus
2826 2379 3097 2431 magnaque
3114 2368 3178 2419 ab
3201 2368 3316 2433 ipsis
3351 2373 3580 2434 AEgyptiis
3607 2371 3692 2422 be·

2115 2460 2386 2510 nevolentia
2399 2459 2746 2523 excipiebatur,
2762 2459 2893 2511 brevi
2909 2460 3086 2511 multos
3102 2460 3191 2510 sibi
3209 2463 3519 2523 consiliorum
3534 2464 3694 2514 socios

2116 2556 2431 2618 comparavit.

2177 2644 2262 2692 lx.
2298 2640 2517 2692 Artaxias
2551 2641 2635 2705 qui
2669 2655 2822 2706 quum
2865 2640 2927 2691 ab
2943 2640 3174 2692 Antiocho
3203 2644 3268 2692 Μ.
3306 2641 3571 2706 defecisset,
3601 2641 3698 2696 'rex

2115 2728 2354 2780 Armeniae
2390 2728 2544 2780 sactus
2581 2730 2681 2793 est,
2722 2729 2892 2780 urbem
2925 2728 3014 2779 sibi
3058 2730 3388 2793 cognominem
3443 2731 3689 2796 condidit,

2115 2817 2390 2880 multasque
2405 2816 2565 2881 copias
2577 2816 2779 2881 collegit.
2798 2816 3063 2868 Antiochus
3081 2817 3402 2882 (Epiphanes)
3419 2833 3554 2881 vero,
3569 2822 3692 2871 tunc

2121 2902 2351 2966 temporis
2368 2901 2581 2966 potentia
2606 2901 2804 2966 reliquis
2825 2901 3015 2966 regibus
3032 2902 3258 2953 omnibus
3275 2904 3509 2968 superior,
3537 2918 3689 2970 expe-

2115 2990 2347 3042 ditionem
2372 2991 2540 3041 contra
2575 3003 2687 3040 eum
2722 2991 2932 3055 suscepit
2963 2992 3244 3056 victumque
3262 2993 3418 3044 facere
3453 2994 3694 3059 imperata

2115 3078 2287 3143 coegit.

2179 3170 2242 3219 Χ.
2274 3170 2458 3219 Rursus
2473 3169 2567 3218 alia
2589 3167 2760 3220 seditio
2777 3167 2982 3219 conflata
3005 3171 3079 3220 est
3099 3171 3151 3220 in
3167 3170 3431 3229 Thebaide,
3456 3171 3688 3223 defectio·

2113 3272 2188 3324 nis
2209 3273 2390 3336 impetu
2409 3271 2769 3322 multitudinem
2788 3271 3091 3336 corripiente.
3157 3275 3309 3338 Cujus
3319 3277 3692 3339 compescendoe

2113 3391 2282 3429 caussa
2294 3378 2460 3428 multis
2477 3390 2592 3427 cum
2609 3378 2758 3441 copiis
2769 3377 3013 3441 profectus
3040 3378 3332 3431 Ptolemaeus
3345 3380 3554 3443 reliquas
3571 3381 3685 3444 qui·

2113 3480 2224 3531 dem
2238 3482 2396 3543 partes
2413 3479 2667 3531 Thebaidis
2687 3478 2810 3530 facili
2823 3480 3016 3542 negotio
3036 3478 3095 3529 ad
3119 3479 3440 3531 obedientiam
3463 3481 3686 3543 reduxit;

2120 3574 2371 3640 Panopolis
2388 3577 2569 3638 autem,
2590 3575 2706 3624 urbs
2723 3573 2774 3624 in
2790 3588 2959 3639 aggere
2971 3573 3181 3639 quodam
3195 3575 3393 3640 antiquo
3407 3576 3514 3638 sita,
3530 3589 3684 3639 quum

2126 3675 2321 3737 propter
2337 3672 2497 3723 aditus
2512 3672 2849 3723 difficultatem
2872 3672 2992 3722 bene
3009 3673 3195 3722 munita
3218 3685 3320 3723 esse
3350 3672 3611 3737 videretur,
3633 3673 3682 3722 iu

2113 3770 2239 3820 hanc
2257 3769 2568 3821 strenuissimi
2582 3770 2762 3835 qquue
2776 3768 3076 3821 defectorum
3099 3783 3202 3821 sese
3218 3772 3515 3833 receperunt.
3581 3772 3691 3820 Pto·

458 3940 602 3988 σοῦτ
614 3933 693 3999 ον]
708 3934 943 3984 τοσούτων
959 3933 1062 3983 cod.
1086 3955 1143 3968 -··
1159 3938 1205 3984 3.
1223 3933 1455 3983 ἀνελεῖν
1468 3931 1488 3996 ]
1501 3932 1652 3982 ἀνελεῖ
1672 3931 1782 3981 cod.
1797 3934 1923 3981 —4.
1947 3932 2032 3986 εἰς
2053 3930 2317 3981 Ἐλευσὶν
2330 3928 2350 3994 ]
2364 3931 2604 3986 εῐςελεῠσιν
2623 3929 2731 3979 cod.
2753 3930 2938 3980 Eleusis
2958 3933 3028 3981 est
3044 3930 3304 3994 κωμῦδριον
3327 3928 3686 3992 Ἀλεξανδρείας,

459 4010 516 4056 ιιι
537 4005 709 4056 suidas
727 4005 793 4054 ait
814 4018 858 4054 v.
881 4003 1198 4067 Καλλίμαχος.
1230 4003 1450 4054 Meminit
1470 4002 1562 4052 loci
1580 4002 1723 4052 etiam
1746 4000 1907 4052 Livius
1929 4004 2075 4064 XLV,
2103 4006 2192 4052 12:
2221 4000 2299 4050 Ad
2313 4001 2613 4052 Eleusinem
2635 4003 2958 4063 transm-esso
2979 4001 3247 4060 (Antiocho
3271 3998 3498 4063 epiphani
3513 4001 3530 4062 )
3545 4035 3561 4061 ,
3588 4001 3684 4063 qut

459 4075 600 4126 locus
618 4078 869 4139 quattuor
884 4075 1059 4126 millia
1077 4074 1143 4125 ab
1163 4073 1487 4124 Alexandria
1504 4072 1648 4123 abest
1660 4108 1673 4133 ,
1698 4072 1857 4134 leuati
1878 4074 2099 4123 Romani
2116 4074 2416 4123 occurrunt.
2450 4096 2516 4109 -
2541 4078 2588 4122 5.
2612 4070 2961 4136 ἀθροισθέντας]
2981 4072 3312 4135 ἁθροισθέντων
3330 4070 3438 4119 cod.

519 4147 602 4195 lx.
629 4146 739 4197 Fol.
768 4151 883 4208 180,
912 4148 1085 4197 17-21
1118 4156 1165 4194 v.
1186 4170 1252 4180 —
1268 4141 1599 4210 Ἀρταξίας]
1620 4141 1726 4192 cod.
1750 4141 1975 4206 Ἀρτάεης,
1995 4140 2129 4205 quod
2152 4140 2409 4192 defendere
2439 4140 2591 4204 possis
2608 4141 2717 4191 loco
2738 4141 2980 4191 Plutarchi
3003 4141 3054 4190 iu
3076 4139 3262 4190 Lucull.
3288 4151 3333 4187 c.
3360 4145 3438 4201 31,
3464 4137 3547 4188 ubi
3580 4137 3681 4203 Ἀρ-

457 4215 597 4277 τάξα,
628 4214 857 4280 Ἀρτάξαν.
884 4220 1066 4267 Verum
1093 4213 1318 4280 Ἀρταξίας
1339 4215 1413 4264 est
1439 4213 1569 4277 apud
1593 4213 1815 4264 strabon.
1845 4216 1937 4274 xl,
1969 4227 2018 4276 p.
2047 4217 2164 4273 528,
2194 4210 2391 4275 Appian.
2413 4214 2520 4275 Syr.
2546 4214 2622 4262 45.
2646 4218 2728 4273 66,
2753 4214 2803 4262 et
2827 4211 3080 4275 Polybium
3111 4213 3264 4260 xxvi
3286 4245 3300 4270 ,
3334 4216 3392 4272 6,
3430 4217 3486 4261 12
3522 4215 3575 4260 et
3599 4223 3676 4272 ap.

457 4284 612 4346 ipsum
631 4286 896 4337 Diodorum
914 4285 1077 4351 fragm.
1100 4288 1231 4336 xlv.
1252 4285 1490 4346 Artaxias,
1516 4284 1732 4336 Antiochi
1757 4283 1914 4347 Magni
1930 4284 1980 4333 in
1996 4282 2221 4334 Armenia
2241 4282 2519 4346 praefectus,
2541 4294 2650 4344 rege
2670 4294 2701 4331 a
2722 4281 2949 4332 Romanis
2967 4281 3096 4331 victo
3118 4281 3136 4339 (
3156 4286 3243 4332 190
3268 4293 3313 4330 a.
3333 4283 3391 4330 c.
3407 4279 3427 4343 )
3441 4317 3455 4342 ,
3477 4278 3676 4339 defecit,

455 4356 505 4402 et
526 4355 833 4419 Hannibalis,
859 4355 929 4406 uti
951 4357 1149 4419 dicunt,
1172 4354 1369 4406 consilio
1389 4357 1618 4405 Artaxata
1645 4354 1815 4405 urbem
1832 4356 2127 4405 adAraxam
2148 4351 2362 4402 condidit
2384 4350 2404 4414 (
2417 4351 2589 4402 Strabo
2607 4355 2658 4402 et
2681 4350 2924 4402 Plutarch.
2950 4352 2982 4401 1.
3010 4352 3042 4401 l.
3063 4351 3100 4416 ).
3126 4354 3298 4414 Regem
3322 4351 3406 4414 qui
3431 4350 3684 4402 Artaxiam

455 4421 689 4486 imperata
708 4425 866 4476 tacere
882 4429 1066 4488 coegit,
1087 4424 1294 4494 melligo
1314 4426 1602 4476 Antiochum
1624 4425 1918 4488 Epiphanem
1932 4462 1947 4487 ,
1962 4423 2024 4475 de
2042 4438 2140 4487 quo
2160 4422 2358 4485 Appian.
2379 4426 2486 4485 Syr.
2509 4424 2589 4483 45,
2609 4435 2658 4484 p.
2686 4425 2771 4473 197
2793 4422 2871 4473 ed.
2895 4419 3055 4472 Didot.
3083 4441 3095 4472 ι
3119 4421 3424 4486 Ἐστρὰτευσε
3438 4423 3487 4472 δὲ
3504 4423 3583 4472 καὶ
3601 4420 3675 4470 ἐπὶ

456 4490 689 4555 Ἀρταξίαν
712 4494 793 4544 τὸν
815 4493 1059 4559 Ἀρμενίων
1078 4496 1307 4560 βασιλέα,
1326 4496 1407 4546 καὶ
1426 4496 1565 4547 αὐτὸν
1589 4496 1706 4546 ἑλὼν
1731 4495 2041 4554 ἐτελεύτησεν.
2063 4492 2272 4545 01.ἰάεω
2291 4493 2357 4542 ib.
2378 4506 2422 4541 c.
2446 4498 2524 4542 66.
2546 4495 2772 4542 Ceterum
2790 4492 2851 4544 de
2874 4496 3025 4555 capto
3044 4493 3242 4543 Artaxia
3260 4492 3391 4556 apud
3413 4491 3676 4542 Diodorum

454 4561 571 4611 nibil
586 4597 602 4623 ,
626 4561 710 4612 sed
731 4562 793 4613 de
814 4564 1271 4627 imperatasacere
1289 4569 1480 4617 coacto.
1508 4565 1691 4624 Quodsi
1721 4565 1867 4627 igitur
1885 4577 2000 4616 vere
2029 4566 2199 4626 captus
2219 4566 2294 4612 est
2309 4598 2324 4624 ,
2343 4561 2454 4611 dein
2477 4561 2700 4612 dimissus
2717 4575 2822 4612 esse
2837 4562 2900 4612 ab
2935 4563 3174 4612 Antiocho
3204 4562 3364 4626 putari
3392 4561 3551 4612 debet.
3578 4561 3674 4610 Sed

453 4632 702 4694 complura
722 4633 774 4683 in
797 4634 1003 4696 Syriacis
1024 4634 1223 4697 Appiani
1249 4647 1421 4697 parum
1438 4637 1664 4685 accurate
1682 4634 1806 4684 tradi
1825 4634 1914 4684 viri
1935 4633 2064 4683 docti
2087 4637 2373 4696 queruntur.
2397 4635 2614 4683 Mortuus
2630 4634 2704 4683 est
2724 4633 2989 4683 Antiochus
3018 4646 3146 4683 anno
3185 4637 3273 4686 149
3292 4647 3406 4684 εει-ω
3432 4631 3671 4683 Seleucid.

454 4702 693 4765 (Maccab.
716 4707 769 4766 1,
795 4710 853 4766 6,
880 4709 953 4755 16.
976 4706 1171 4767 ioseph.
1193 4711 1245 4755 A.
1269 4710 1315 4756 J.
1343 4709 1461 4769 xli,
1481 4711 1540 4768 9,
1576 4707 1664 4768 2),
1688 4707 1789 4756 sive
1816 4706 1894 4755 01.
1931 4708 2045 4766 164,
2079 4712 2121 4756 1.
2152 4708 2238 4756 164
2265 4717 2310 4753 a.
2331 4707 2387 4754 c.
2416 4703 2574 4766 (anuo
2606 4704 2865 4767 exeunte).
2903 4704 3267 4767 Expeditionem
3296 4707 3410 4770 πρὸς
3440 4703 3545 4759 τοὺς
3573 4704 3675 4751 ἀνω

452 4773 693 4837 σατράπας
717 4775 926 4837 suscepit
946 4788 1025 4824 an.
1052 4778 1137 4827 147
1158 4788 1272 4826 aeroe
1300 4777 1394 4827 Sel.
1421 4776 1668 4838 (Maccab.
1693 4780 1738 4836 l,
1761 4784 1788 4828 3
1813 4780 1889 4827 87.
1910 4774 2106 4839 ioseph.
2128 4779 2215 4826 xli
2237 4812 2253 4838 ,
2279 4779 2332 4838 7,
2357 4781 2384 4824 2
2401 4775 2438 4838 ).
2460 4776 2797 4839 Fragmentum
2825 4775 3122 4840 assignamus
3142 4789 3226 4827 an.
3260 4783 3366 4827 165.
3388 4774 3461 4826 Ad
3490 4785 3676 4823 annum

456 4849 543 4894 164
563 4857 626 4895 ne
638 4843 1012 4906 descendamus,
1033 4841 1297 4907 impediu'nt
1316 4846 1480 4909 fragm.
1500 4846 1760 4909 sequentia.
1794 4845 2104 4898 Inserendum
2122 4848 2230 4908 post
2248 4844 2330 4894 lib.
2355 4847 2510 4895 xxxi
2528 4858 2636 4908 cap.
2665 4849 2739 4897 17.

510 4917 571 4964 X.
596 4916 706 4966 Fol.
739 4920 854 4978 180,
894 4922 947 4966 21
976 4928 1101 4965 v.-
1130 4920 1207 4965 181
1227 4953 1242 4978 ,
1268 4919 1285 4965 1
1318 4927 1365 4966 r.
1398 4941 1464 4954 -—
1484 4923 1528 4967 1.
1551 4921 1655 4976 τῆς
1679 4914 1774 4980 δὲ]
1802 4918 1882 4967 καὶ
1912 4922 1994 4977 τῆς
2016 4918 2124 4966 καλ.
2160 4915 2476 4965 codex.—-2.
2502 4914 2991 4980 Πανῶν...τινος]
3030 4916 3203 4966 Πάνων
3236 4915 3414 4972 πόλεως
3447 4914 3672 4978 βεὸηκίαν

447 4985 595 5035 σίτινο
608 4985 762 5037 codex
774 5025 789 5049 ,
810 4986 947 5050 cujus
968 4986 1018 5035 in
1039 4984 1252 5048 margine
1270 4999 1393 5037 crux
1405 4987 1727 5051 corruptelam
1746 4990 1932 5038 notans.
1954 4989 2123 5038 Πανῶν
2145 4987 2276 5044 πόλις
2295 4987 2522 5038 scribitur
2538 4989 2684 5040 etiam
2702 4988 2828 5051 apud
2848 4989 3069 5039 strabon.
3090 5002 3141 5051 p.
3161 4993 3256 5040 813
3279 5005 3293 5038 :
3323 4992 3492 5039 Πανῶν
3508 4987 3641 5043 πόλις
3658 5023 3671 5047 ,

446 5057 696 5120 λινουργῶν
722 5061 803 5108 καὶ
826 5060 1078 5121 λιθουργῶν
1104 5056 1323 5107 κατοικία
1344 5057 1535 5108 παλαιά.
1561 5057 1700 5120 Apud
1732 5057 1925 5109 Diodor.
1951 5062 2004 5120 l,
2031 5064 2086 5110 18
2108 5061 2158 5110 et
2184 5058 2478 5121 Stephanum
2511 5062 2625 5122 1352.
2660 5059 2833 5120 legitur
2865 5059 3017 5116 Πανὸς
3047 5060 3179 5115 πόλις
3189 5076 3209 5120 -;
3243 5071 3324 5122 ap.
3355 5059 3670 5109 Ptolemaeum

446 5128 725 5184 Πανόπολις.
754 5132 937 5179 Nomen
966 5126 1102 5176 urbis
1123 5126 1426 5189 AEgyptium,
1444 5140 1543 5178 sec.
1568 5127 1765 5178 Diodor.
1790 5129 1824 5179 l.
1847 5129 1880 5180 l.
1901 5131 2111 5193 Χεμμὼ,
2149 5128 2226 5178 vel
2250 5132 2304 5179 ut
2320 5127 2388 5179 ait
2407 5130 2678 5179 Herodotus
2699 5133 2739 5179 11
2755 5167 2770 5191 ,
2794 5136 2885 5190 91,
2917 5130 3128 5192 Χέμμις
3148 5141 3281 5179 nunc
3301 5129 3545 5192 Alchenya
3569 5127 3674 5177 sive

441 5194 694 5250 Althmim.
718 5200 789 5248 De
805 5196 898 5247 situ
917 5195 1021 5258 ejus
1038 5198 1086 5246 et
1104 5196 1252 5246 ruinis
1267 5195 1379 5246 vide
1393 5209 1517 5258 quos
1536 5196 1733 5247 laudant
1753 5198 1909 5249 Boehr.
1930 5198 1993 5250 ad
2023 5199 2318 5256 Herodotum
2339 5200 2446 5262 Ι.1.;
2468 5200 2711 5264 Forbiger.
2729 5201 2830 5250 aie.
2859 5203 3033 5261 Geoqr.
3057 5202 3120 5258 ll,
3141 5213 3190 5262 p.
3213 5204 3320 5251 789.
3345 5199 3533 5259 Quibus
3543 5197 3672 5249 addc
