<?xml version="1.0" encoding="UTF-8"?>
<!DOCTYPE html PUBLIC "-//W3C//DTD XHTML 1.0 Transitional//EN"
    "http://www.w3.org/TR/xhtml1/DTD/xhtml1-transitional.dtd">
<html xmlns="http://www.w3.org/1999/xhtml" xml:lang="en" lang="en">
 <head>
  <title>
</title>
<meta http-equiv="Content-Type" content="text/html;charset=utf-8" />
  <meta name='ocr-system' content='tesseract 3.04.00' />
  <meta name='ocr-capabilities' content='ocr_page ocr_carea ocr_par ocr_line ocrx_word'/>
</head>
<body>
  <div class='ocr_page' id='page_1' title='image "./fragmentahistor00mgoog/fragmentahistor00mgoog_0290.png"; bbox 0 0 4016 5916; ppageno 0'>
   <div class='ocr_carea' id='block_1_1' title="bbox 428 397 543 451">
    <p class='ocr_par' dir='ltr' id='par_1_1' title="bbox 428 397 543 451">
     <span class='ocr_line' id='line_1_1' title="bbox 428 397 543 451; baseline -0.035 0"><span class='ocrx_word' id='word_1_1' title='bbox 428 397 543 451; x_wconf 67' lang='lat'><strong>281</strong></span> 
     </span>
    </p>
   </div>
   <div class='ocr_carea' id='block_1_2' title="bbox 1600 364 2430 431">
    <p class='ocr_par' dir='ltr' id='par_1_2' title="bbox 1600 364 2430 431">
     <span class='ocr_line' id='line_1_2' title="bbox 1600 364 2430 431; baseline -0.01 1"><span class='ocrx_word' id='word_1_2' title='bbox 1600 369 2045 431; x_wconf 77' lang='lat' dir='ltr'><strong>chAEARcffl</strong></span> <span class='ocrx_word' id='word_1_3' title='bbox 2083 364 2430 427; x_wconf 65' lang='lat' dir='ltr'><strong>MmsENlt</strong></span> 
     </span>
    </p>
   </div>
   <div class='ocr_carea' id='block_1_3' title="bbox 427 474 3637 579">
    <p class='ocr_par' dir='ltr' id='par_1_3' title="bbox 427 474 3637 579">
     <span class='ocr_line' id='line_1_3' title="bbox 427 474 3637 579; baseline -0.009 -16"><span class='ocrx_word' id='word_1_4' title='bbox 427 504 466 576; x_wconf 73' lang='grc' dir='ltr'>ἢ</span> <span class='ocrx_word' id='word_1_5' title='bbox 495 502 552 562; x_wconf 76' lang='grc' dir='ltr'>τὸ</span> <span class='ocrx_word' id='word_1_6' title='bbox 581 500 654 579; x_wconf 84' lang='grc' dir='ltr'>μὴ</span> <span class='ocrx_word' id='word_1_7' title='bbox 691 501 855 559; x_wconf 82' lang='grc' dir='ltr'>ποιεῖν</span> <span class='ocrx_word' id='word_1_8' title='bbox 899 492 1268 576; x_wconf 81' lang='grc' dir='ltr'>περιττώματα</span> <span class='ocrx_word' id='word_1_9' title='bbox 1287 535 1303 564; x_wconf 93' lang='grc'>,</span> <span class='ocrx_word' id='word_1_10' title='bbox 1334 481 1405 549; x_wconf 74' lang='grc' dir='ltr'><strong>ὧν</strong></span> <span class='ocrx_word' id='word_1_11' title='bbox 1435 488 1519 549; x_wconf 79' lang='grc' dir='ltr'><strong>διὰ</strong></span> <span class='ocrx_word' id='word_1_12' title='bbox 1564 486 1756 555; x_wconf 74' lang='grc' dir='ltr'>παντὸς</span> <span class='ocrx_word' id='word_1_13' title='bbox 1797 488 1982 547; x_wconf 77' lang='grc' dir='ltr'>ἐκεῖνοι</span> <span class='ocrx_word' id='word_1_14' title='bbox 2071 487 2225 564; x_wconf 90' lang='grc' dir='ltr'>λεμος</span> <span class='ocrx_word' id='word_1_15' title='bbox 2247 485 2339 543; x_wconf 82' lang='grc' dir='ltr'><strong>οὗκ</strong></span> <span class='ocrx_word' id='word_1_16' title='bbox 2369 474 2432 556; x_wconf 68' lang='grc' dir='ltr'><strong>ἦν</strong></span> <span class='ocrx_word' id='word_1_17' title='bbox 2455 486 2523 550; x_wconf 80' lang='grc' dir='ltr'><strong>ὡς</strong></span> <span class='ocrx_word' id='word_1_18' title='bbox 2546 481 2609 540; x_wconf 76' lang='grc' dir='ltr'><strong>ἂν</strong></span> <span class='ocrx_word' id='word_1_19' title='bbox 2649 481 2854 550; x_wconf 76' lang='grc' dir='ltr'>ἀδικίας</span> <span class='ocrx_word' id='word_1_20' title='bbox 2880 480 3279 558; x_wconf 76' lang='grc' dir='ltr'>ἕξεληλαμένης.</span> <span class='ocrx_word' id='word_1_21' title='bbox 3313 485 3637 555; x_wconf 69' lang='grc' dir='ltr'>Συνεισῆλθε</span> 
     </span>
    </p>
   </div>
   <div class='ocr_carea' id='block_1_4' title="bbox 428 573 2001 2144">
    <p class='ocr_par' dir='ltr' id='par_1_4' title="bbox 428 573 2001 2144">
     <span class='ocr_line' id='line_1_4' title="bbox 428 573 1980 670; baseline -0.012 -19"><span class='ocrx_word' id='word_1_22' title='bbox 428 588 639 670; x_wconf 68' lang='grc' dir='ltr'>καθαρὰ</span> <span class='ocrx_word' id='word_1_23' title='bbox 673 588 739 645; x_wconf 80' lang='grc' dir='ltr'>τὰ</span> <span class='ocrx_word' id='word_1_24' title='bbox 769 585 990 662; x_wconf 83' lang='grc' dir='ltr'>σώματα</span> <span class='ocrx_word' id='word_1_25' title='bbox 1023 579 1331 662; x_wconf 75' lang='grc' dir='ltr'>ἐφύλαττον·</span> <span class='ocrx_word' id='word_1_26' title='bbox 1370 576 1486 637; x_wconf 78' lang='grc' dir='ltr'>οὔτε</span> <span class='ocrx_word' id='word_1_27' title='bbox 1514 575 1616 658; x_wconf 76' lang='grc' dir='ltr'>γὰρ</span> <span class='ocrx_word' id='word_1_28' title='bbox 1646 575 1739 647; x_wconf 79' lang='grc' dir='ltr'><strong>τὴν</strong></span> <span class='ocrx_word' id='word_1_29' title='bbox 1768 579 1859 646; x_wconf 77' lang='grc' dir='ltr'><strong>τῆς</strong></span> <span class='ocrx_word' id='word_1_30' title='bbox 1888 573 1980 655; x_wconf 85' lang='grc' dir='ltr'><strong>φύ-</strong></span> 
     </span>
     <span class='ocr_line' id='line_1_5' title="bbox 430 658 1985 757; baseline -0.012 -19"><span class='ocrx_word' id='word_1_31' title='bbox 430 701 563 744; x_wconf 91' lang='grc' dir='ltr'>σεως</span> <span class='ocrx_word' id='word_1_32' title='bbox 585 673 922 757; x_wconf 75' lang='grc' dir='ltr'>ἰσχυροτέραν</span> <span class='ocrx_word' id='word_1_33' title='bbox 947 667 1159 751; x_wconf 70' lang='grc' dir='ltr'>τροφὴν,</span> <span class='ocrx_word' id='word_1_34' title='bbox 1190 669 1307 725; x_wconf 80' lang='grc' dir='ltr'>ἀλλ’</span> <span class='ocrx_word' id='word_1_35' title='bbox 1333 658 1393 737; x_wconf 71' lang='grc' dir='ltr'><strong>ἧς</strong></span> <span class='ocrx_word' id='word_1_36' title='bbox 1413 669 1446 736; x_wconf 79' lang='grc' dir='ltr'>ἡ</span> <span class='ocrx_word' id='word_1_37' title='bbox 1473 665 1620 745; x_wconf 89' lang='grc' dir='ltr'>φύσις</span> <span class='ocrx_word' id='word_1_38' title='bbox 1645 661 1985 743; x_wconf 81' lang='grc' dir='ltr'>ἰσχυροτέρα,</span> 
     </span>
     <span class='ocr_line' id='line_1_6' title="bbox 435 749 1986 846; baseline -0.011 -23"><span class='ocrx_word' id='word_1_39' title='bbox 435 763 844 846; x_wconf 69' lang='grc' dir='ltr'>προσεφέροντο,</span> <span class='ocrx_word' id='word_1_40' title='bbox 886 756 1004 818; x_wconf 84' lang='grc' dir='ltr'>οὔτε</span> <span class='ocrx_word' id='word_1_41' title='bbox 1042 755 1137 825; x_wconf 83' lang='grc' dir='ltr'><strong>τὴν</strong></span> <span class='ocrx_word' id='word_1_42' title='bbox 1181 754 1344 813; x_wconf 84' lang='grc' dir='ltr'>πλείω</span> <span class='ocrx_word' id='word_1_43' title='bbox 1382 758 1473 824; x_wconf 82' lang='grc' dir='ltr'><strong>τῆς</strong></span> <span class='ocrx_word' id='word_1_44' title='bbox 1518 749 1728 833; x_wconf 88' lang='grc' dir='ltr'>μετρίας</span> <span class='ocrx_word' id='word_1_45' title='bbox 1766 750 1853 808; x_wconf 84' lang='grc' dir='ltr'><strong>διὰ</strong></span> <span class='ocrx_word' id='word_1_46' title='bbox 1892 749 1986 820; x_wconf 74' lang='grc' dir='ltr'><strong>τὴν</strong></span> 
     </span>
     <span class='ocr_line' id='line_1_7' title="bbox 436 836 1986 928; baseline -0.01 -18"><span class='ocrx_word' id='word_1_47' title='bbox 436 851 777 928; x_wconf 79' lang='grc' dir='ltr'>ἑτοιμότητα,</span> <span class='ocrx_word' id='word_1_48' title='bbox 813 846 929 904; x_wconf 79' lang='grc' dir='ltr'>ἀλλ’</span> <span class='ocrx_word' id='word_1_49' title='bbox 959 847 1029 912; x_wconf 81' lang='grc' dir='ltr'><strong>ὥς</strong></span> <span class='ocrx_word' id='word_1_50' title='bbox 1068 841 1136 902; x_wconf 80' lang='grc' dir='ltr'>τὰ</span> <span class='ocrx_word' id='word_1_51' title='bbox 1162 836 1332 900; x_wconf 68' lang='grc' dir='ltr'>πολλὰ</span> <span class='ocrx_word' id='word_1_52' title='bbox 1360 840 1452 911; x_wconf 77' lang='grc' dir='ltr'><strong>τὴν</strong></span> <span class='ocrx_word' id='word_1_53' title='bbox 1500 839 1700 897; x_wconf 80' lang='grc' dir='ltr'>ἐλάττω</span> <span class='ocrx_word' id='word_1_54' title='bbox 1742 841 1834 909; x_wconf 85' lang='grc' dir='ltr'><strong>τῆς</strong></span> <span class='ocrx_word' id='word_1_55' title='bbox 1869 840 1986 896; x_wconf 79' lang='grc' dir='ltr'>ἱκα-</span> 
     </span>
     <span class='ocr_line' id='line_1_8' title="bbox 437 925 1987 1010; baseline -0.009 -15"><span class='ocrx_word' id='word_1_56' title='bbox 437 943 524 1010; x_wconf 87' lang='grc' dir='ltr'><strong>νῆς</strong></span> <span class='ocrx_word' id='word_1_57' title='bbox 555 934 639 995; x_wconf 78' lang='grc' dir='ltr'><strong>διὰ</strong></span> <span class='ocrx_word' id='word_1_58' title='bbox 681 934 775 1006; x_wconf 77' lang='grc' dir='ltr'><strong>τὴν</strong></span> <span class='ocrx_word' id='word_1_59' title='bbox 818 930 1023 992; x_wconf 78' lang='grc' dir='ltr'>σπάνιν.</span> <span class='ocrx_word' id='word_1_60' title='bbox 1074 927 1232 990; x_wconf 82' lang='grc' dir='ltr'>Ἀλλὰ</span> <span class='ocrx_word' id='word_1_61' title='bbox 1262 928 1364 1004; x_wconf 76' lang='grc' dir='ltr'><strong>μὴν</strong></span> <span class='ocrx_word' id='word_1_62' title='bbox 1407 925 1518 984; x_wconf 77' lang='grc' dir='ltr'>οὐδὲ</span> <span class='ocrx_word' id='word_1_63' title='bbox 1567 925 1784 1002; x_wconf 86' lang='grc' dir='ltr'>πόλεμοι</span> <span class='ocrx_word' id='word_1_64' title='bbox 1818 926 1987 991; x_wconf 75' lang='grc' dir='ltr'>αὐτοῖς</span> 
     </span>
     <span class='ocr_line' id='line_1_9' title="bbox 436 1004 1986 1098; baseline -0.01 -15"><span class='ocrx_word' id='word_1_65' title='bbox 436 1016 591 1096; x_wconf 68' lang='grc' dir='ltr'>ἦσαν,</span> <span class='ocrx_word' id='word_1_66' title='bbox 632 1022 746 1081; x_wconf 81' lang='grc' dir='ltr'>οὐδὲ</span> <span class='ocrx_word' id='word_1_67' title='bbox 789 1020 994 1085; x_wconf 82' lang='grc' dir='ltr'>στάσεις</span> <span class='ocrx_word' id='word_1_68' title='bbox 1035 1016 1162 1098; x_wconf 80' lang='grc' dir='ltr'>πρὸς</span> <span class='ocrx_word' id='word_1_69' title='bbox 1198 1015 1470 1085; x_wconf 75' lang='grc' dir='ltr'>ἄλλήλους·</span> <span class='ocrx_word' id='word_1_70' title='bbox 1511 1004 1665 1072; x_wconf 63' lang='grc' dir='ltr'>ἆθλον</span> <span class='ocrx_word' id='word_1_71' title='bbox 1693 1010 1794 1092; x_wconf 71' lang='grc' dir='ltr'>γὰρ</span> <span class='ocrx_word' id='word_1_72' title='bbox 1842 1010 1986 1070; x_wconf 76' lang='grc' dir='ltr'>οὐθὲν</span> 
     </span>
     <span class='ocr_line' id='line_1_10' title="bbox 432 1097 1986 1188; baseline -0.008 -19"><span class='ocrx_word' id='word_1_73' title='bbox 432 1110 698 1188; x_wconf 76' lang='grc' dir='ltr'>ἀξιόλογον</span> <span class='ocrx_word' id='word_1_74' title='bbox 722 1111 773 1168; x_wconf 72' lang='grc' dir='ltr'><strong>ἐν</strong></span> <span class='ocrx_word' id='word_1_75' title='bbox 795 1111 869 1187; x_wconf 76' lang='grc' dir='ltr'>τῷ</span> <span class='ocrx_word' id='word_1_76' title='bbox 899 1105 1044 1187; x_wconf 79' lang='grc' dir='ltr'>μέσῳ</span> <span class='ocrx_word' id='word_1_77' title='bbox 1072 1104 1408 1185; x_wconf 85' lang='grc' dir='ltr'>προκείμενον</span> <span class='ocrx_word' id='word_1_78' title='bbox 1428 1105 1683 1182; x_wconf 75' lang='grc' dir='ltr'>ὑπῆρχεν,</span> <span class='ocrx_word' id='word_1_79' title='bbox 1714 1098 1844 1179; x_wconf 78' lang='grc' dir='ltr'>ὑπὲρ</span> <span class='ocrx_word' id='word_1_80' title='bbox 1869 1097 1986 1157; x_wconf 79' lang='grc' dir='ltr'>ὅτου</span> 
     </span>
     <span class='ocr_line' id='line_1_11' title="bbox 436 1186 2001 1275; baseline -0.006 -18"><span class='ocrx_word' id='word_1_81' title='bbox 436 1223 511 1265; x_wconf 90' lang='grc' dir='ltr'><strong>τις</strong></span> <span class='ocrx_word' id='word_1_82' title='bbox 539 1197 602 1257; x_wconf 75' lang='grc' dir='ltr'><strong>ἂν</strong></span> <span class='ocrx_word' id='word_1_83' title='bbox 635 1195 885 1275; x_wconf 75' lang='grc' dir='ltr'>διαφορὰν</span> <span class='ocrx_word' id='word_1_84' title='bbox 912 1191 1168 1265; x_wconf 78' lang='grc' dir='ltr'>τοσαύτην</span> <span class='ocrx_word' id='word_1_85' title='bbox 1209 1190 1547 1262; x_wconf 79' lang='grc' dir='ltr'>ἑνεστήσατο,</span> <span class='ocrx_word' id='word_1_86' title='bbox 1571 1187 1703 1246; x_wconf 81' lang='grc' dir='ltr'>ὥστε</span> <span class='ocrx_word' id='word_1_87' title='bbox 1742 1186 1801 1244; x_wconf 79' lang='grc' dir='ltr'>τὸ</span> <span class='ocrx_word' id='word_1_88' title='bbox 1831 1187 2001 1267; x_wconf 84' lang='grc' dir='ltr'>κεφά-</span> 
     </span>
     <span class='ocr_line' id='line_1_12' title="bbox 434 1272 1992 1362; baseline -0.009 -17"><span class='ocrx_word' id='word_1_89' title='bbox 434 1290 583 1345; x_wconf 86' lang='grc' dir='ltr'>λαιον</span> <span class='ocrx_word' id='word_1_90' title='bbox 613 1276 743 1343; x_wconf 71' lang='grc' dir='ltr'>εἶναι</span> <span class='ocrx_word' id='word_1_91' title='bbox 787 1289 878 1341; x_wconf 74' lang='grc' dir='ltr'>τοῦ</span> <span class='ocrx_word' id='word_1_92' title='bbox 906 1281 1018 1362; x_wconf 88' lang='grc' dir='ltr'>βίου</span> <span class='ocrx_word' id='word_1_93' title='bbox 1060 1277 1330 1339; x_wconf 72' lang='grc' dir='ltr'>συνέὸαινε</span> <span class='ocrx_word' id='word_1_94' title='bbox 1359 1275 1571 1357; x_wconf 73' lang='grc' dir='ltr'>σχολὴν,</span> <span class='ocrx_word' id='word_1_95' title='bbox 1603 1274 1858 1357; x_wconf 65' lang='grc' dir='ltr'>ῥαθυμίαν</span> <span class='ocrx_word' id='word_1_96' title='bbox 1890 1272 1992 1331; x_wconf 78' lang='grc' dir='ltr'><strong>ἀπὸ</strong></span> 
     </span>
     <span class='ocr_line' id='line_1_13' title="bbox 438 1360 1993 1451; baseline -0.009 -18"><span class='ocrx_word' id='word_1_97' title='bbox 438 1378 541 1432; x_wconf 79' lang='grc' dir='ltr'><strong>τῶν</strong></span> <span class='ocrx_word' id='word_1_98' title='bbox 587 1370 908 1451; x_wconf 77' lang='grc' dir='ltr'>ἀναγκαίων,</span> <span class='ocrx_word' id='word_1_99' title='bbox 957 1368 1172 1448; x_wconf 74' lang='grc' dir='ltr'>ὑγίειαν,</span> <span class='ocrx_word' id='word_1_100' title='bbox 1215 1364 1443 1446; x_wconf 76' lang='grc' dir='ltr'>εἰρήνην,</span> <span class='ocrx_word' id='word_1_101' title='bbox 1487 1362 1681 1437; x_wconf 81' lang='grc' dir='ltr'>φιλίαν.</span> <span class='ocrx_word' id='word_1_102' title='bbox 1786 1364 1910 1429; x_wconf 82' lang='grc' dir='ltr'>Τοῖς</span> <span class='ocrx_word' id='word_1_103' title='bbox 1937 1360 1993 1419; x_wconf 84' lang='grc' dir='ltr'><strong>δὲ</strong></span> 
     </span>
     <span class='ocr_line' id='line_1_14' title="bbox 434 1449 1993 1541; baseline -0.008 -22"><span class='ocrx_word' id='word_1_104' title='bbox 434 1460 666 1541; x_wconf 76' lang='grc' dir='ltr'>ὑστέροις</span> <span class='ocrx_word' id='word_1_105' title='bbox 686 1458 966 1539; x_wconf 77' lang='grc' dir='ltr'>ἐφιεμένοις</span> <span class='ocrx_word' id='word_1_106' title='bbox 994 1453 1236 1533; x_wconf 75' lang='grc' dir='ltr'>μεγάλων</span> <span class='ocrx_word' id='word_1_107' title='bbox 1271 1451 1361 1510; x_wconf 80' lang='grc' dir='ltr'><strong>καὶ</strong></span> <span class='ocrx_word' id='word_1_108' title='bbox 1393 1450 1603 1517; x_wconf 82' lang='grc' dir='ltr'>πολλοῖς</span> <span class='ocrx_word' id='word_1_109' title='bbox 1624 1449 1993 1530; x_wconf 79' lang='grc' dir='ltr'>περιπίπτουσι</span> 
     </span>
     <span class='ocr_line' id='line_1_15' title="bbox 434 1535 1994 1618; baseline -0.009 -12"><span class='ocrx_word' id='word_1_110' title='bbox 434 1551 616 1613; x_wconf 84' lang='grc' dir='ltr'>κακοῖς</span> <span class='ocrx_word' id='word_1_111' title='bbox 644 1546 871 1611; x_wconf 84' lang='grc' dir='ltr'>ποθεινὸς</span> <span class='ocrx_word' id='word_1_112' title='bbox 899 1542 1106 1607; x_wconf 77' lang='grc' dir='ltr'>εἰκότως</span> <span class='ocrx_word' id='word_1_113' title='bbox 1137 1541 1326 1605; x_wconf 79' lang='grc' dir='ltr'>ἐκεῖνος</span> <span class='ocrx_word' id='word_1_114' title='bbox 1350 1541 1378 1596; x_wconf 84' lang='grc' dir='ltr'>ὃ</span> <span class='ocrx_word' id='word_1_115' title='bbox 1408 1537 1516 1618; x_wconf 84' lang='grc' dir='ltr'>βίος</span> <span class='ocrx_word' id='word_1_116' title='bbox 1545 1536 1792 1616; x_wconf 75' lang='grc' dir='ltr'>ἐγίγνετο.</span> <span class='ocrx_word' id='word_1_117' title='bbox 1829 1535 1994 1607; x_wconf 80' lang='grc' dir='ltr'>Δηλοῒ</span> 
     </span>
     <span class='ocr_line' id='line_1_16' title="bbox 441 1621 1995 1710; baseline -0.01 -16"><span class='ocrx_word' id='word_1_118' title='bbox 441 1633 496 1693; x_wconf 72' lang='grc' dir='ltr'><strong>δὲ</strong></span> <span class='ocrx_word' id='word_1_119' title='bbox 521 1634 582 1693; x_wconf 77' lang='grc' dir='ltr'>τὸ</span> <span class='ocrx_word' id='word_1_120' title='bbox 600 1632 739 1691; x_wconf 77' lang='grc' dir='ltr'>λιτὸν</span> <span class='ocrx_word' id='word_1_121' title='bbox 758 1634 859 1689; x_wconf 82' lang='grc' dir='ltr'><strong>τῶν</strong></span> <span class='ocrx_word' id='word_1_122' title='bbox 888 1626 1110 1710; x_wconf 75' lang='grc' dir='ltr'>πρώτων</span> <span class='ocrx_word' id='word_1_123' title='bbox 1137 1626 1227 1685; x_wconf 81' lang='grc' dir='ltr'><strong>καὶ</strong></span> <span class='ocrx_word' id='word_1_124' title='bbox 1243 1623 1577 1704; x_wconf 78' lang='grc' dir='ltr'>αὐτοσχέδιον</span> <span class='ocrx_word' id='word_1_125' title='bbox 1605 1628 1698 1696; x_wconf 86' lang='grc' dir='ltr'><strong>τῆς</strong></span> <span class='ocrx_word' id='word_1_126' title='bbox 1726 1626 1916 1704; x_wconf 87' lang='grc' dir='ltr'>τροφῆς</span> <span class='ocrx_word' id='word_1_127' title='bbox 1938 1621 1995 1679; x_wconf 78' lang='grc' dir='ltr'>τὸ</span> 
     </span>
     <span class='ocr_line' id='line_1_17' title="bbox 442 1708 1996 1800; baseline -0.01 -19"><span class='ocrx_word' id='word_1_128' title='bbox 442 1721 750 1800; x_wconf 76' lang='grc' dir='ltr'>μεθύστερον</span> <span class='ocrx_word' id='word_1_129' title='bbox 773 1713 921 1800; x_wconf 74' lang='grc' dir='ltr'>ῥηθὲν</span> <span class='ocrx_word' id='word_1_130' title='bbox 948 1716 1127 1780; x_wconf 78' lang='grc' dir='ltr'>Ἀλις</span> <span class='ocrx_word' id='word_1_131' title='bbox 1173 1712 1393 1793; x_wconf 79' lang='grc' dir='ltr'>δρυὸς,</span> <span class='ocrx_word' id='word_1_132' title='bbox 1445 1715 1535 1769; x_wconf 73' lang='grc' dir='ltr'>τοῦ</span> <span class='ocrx_word' id='word_1_133' title='bbox 1581 1708 1996 1786; x_wconf 69' lang='grc' dir='ltr'>μεταόάλλοντος</span> 
     </span>
     <span class='ocr_line' id='line_1_18' title="bbox 442 1795 1997 1889; baseline -0.008 -23"><span class='ocrx_word' id='word_1_134' title='bbox 442 1806 651 1889; x_wconf 85' lang='grc' dir='ltr'>πρώτου</span> <span class='ocrx_word' id='word_1_135' title='bbox 682 1798 764 1865; x_wconf 76' lang='grc' dir='ltr'><strong>οἷα</strong></span> <span class='ocrx_word' id='word_1_136' title='bbox 795 1805 927 1871; x_wconf 76' lang='grc' dir='ltr'>εἰκὸς</span> <span class='ocrx_word' id='word_1_137' title='bbox 954 1808 1104 1862; x_wconf 71' lang='grc' dir='ltr'>τοῦτο</span> <span class='ocrx_word' id='word_1_138' title='bbox 1131 1797 1498 1881; x_wconf 74' lang='grc' dir='ltr'>φθεγξαμένου.</span> <span class='ocrx_word' id='word_1_139' title='bbox 1582 1795 1841 1877; x_wconf 63' lang='grc' dir='ltr'>’Υστερον</span> <span class='ocrx_word' id='word_1_140' title='bbox 1863 1799 1891 1854; x_wconf 83' lang='grc' dir='ltr'><strong>ὁ</strong></span> <span class='ocrx_word' id='word_1_141' title='bbox 1911 1818 1997 1854; x_wconf 87' lang='grc' dir='ltr'><strong>νο-</strong></span> 
     </span>
     <span class='ocr_line' id='line_1_19' title="bbox 440 1883 1993 1973; baseline -0.01 -18"><span class='ocrx_word' id='word_1_142' title='bbox 440 1895 661 1973; x_wconf 78' lang='grc' dir='ltr'>μαδικὸς</span> <span class='ocrx_word' id='word_1_143' title='bbox 684 1895 916 1963; x_wconf 82' lang='grc' dir='ltr'>εἰσῆλθεν</span> <span class='ocrx_word' id='word_1_144' title='bbox 949 1889 1086 1969; x_wconf 89' lang='grc' dir='ltr'>βίος,</span> <span class='ocrx_word' id='word_1_145' title='bbox 1114 1886 1229 1946; x_wconf 88' lang='grc' dir='ltr'>καθ’</span> <span class='ocrx_word' id='word_1_146' title='bbox 1261 1886 1317 1944; x_wconf 83' lang='grc' dir='ltr'><strong>ὃν</strong></span> <span class='ocrx_word' id='word_1_147' title='bbox 1350 1883 1716 1965; x_wconf 67' lang='grc' dir='ltr'>περιττοτέραν</span> <span class='ocrx_word' id='word_1_148' title='bbox 1738 1885 1838 1957; x_wconf 85' lang='grc' dir='ltr'><strong>ἤδη</strong></span> <span class='ocrx_word' id='word_1_149' title='bbox 1867 1888 1993 1953; x_wconf 80' lang='grc' dir='ltr'>κτῆ·</span> 
     </span>
     <span class='ocr_line' id='line_1_20' title="bbox 436 1969 1997 2063; baseline -0.01 -22"><span class='ocrx_word' id='word_1_150' title='bbox 436 2006 523 2041; x_wconf 77' lang='grc' dir='ltr'><strong>σιν</strong></span> <span class='ocrx_word' id='word_1_151' title='bbox 552 1979 1090 2063; x_wconf 77' lang='grc' dir='ltr'>προσπεριεὸάλλοντο</span> <span class='ocrx_word' id='word_1_152' title='bbox 1118 1974 1207 2034; x_wconf 81' lang='grc' dir='ltr'><strong>καὶ</strong></span> <span class='ocrx_word' id='word_1_153' title='bbox 1236 1972 1379 2056; x_wconf 81' lang='grc' dir='ltr'>ζῴων</span> <span class='ocrx_word' id='word_1_154' title='bbox 1408 1972 1611 2053; x_wconf 71' lang='grc' dir='ltr'>ἥψαντο</span> <span class='ocrx_word' id='word_1_155' title='bbox 1646 1969 1997 2041; x_wconf 84' lang='grc' dir='ltr'>κατανοήσαν-</span> 
     </span>
     <span class='ocr_line' id='line_1_21' title="bbox 441 2057 1995 2144; baseline -0.01 -15"><span class='ocrx_word' id='word_1_156' title='bbox 441 2093 525 2137; x_wconf 90' lang='grc' dir='ltr'><strong>τες</strong></span> <span class='ocrx_word' id='word_1_157' title='bbox 549 2069 628 2129; x_wconf 78' lang='grc' dir='ltr'>ὅτι</span> <span class='ocrx_word' id='word_1_158' title='bbox 661 2067 729 2126; x_wconf 76' lang='grc' dir='ltr'>τὰ</span> <span class='ocrx_word' id='word_1_159' title='bbox 761 2064 854 2144; x_wconf 76' lang='grc' dir='ltr'><strong>μὲν</strong></span> <span class='ocrx_word' id='word_1_160' title='bbox 887 2068 1040 2136; x_wconf 77' lang='grc' dir='ltr'>ἀσινῆ</span> <span class='ocrx_word' id='word_1_161' title='bbox 1067 2062 1348 2140; x_wconf 79' lang='grc' dir='ltr'>ἐτύγχανεν</span> <span class='ocrx_word' id='word_1_162' title='bbox 1370 2057 1493 2119; x_wconf 76' lang='grc' dir='ltr'>ὄντα</span> <span class='ocrx_word' id='word_1_163' title='bbox 1510 2104 1527 2136; x_wconf 87' lang='grc'>,</span> <span class='ocrx_word' id='word_1_164' title='bbox 1552 2057 1619 2117; x_wconf 70' lang='grc' dir='ltr'>τὰ</span> <span class='ocrx_word' id='word_1_165' title='bbox 1647 2057 1700 2116; x_wconf 76' lang='grc' dir='ltr'><strong>δὲ</strong></span> <span class='ocrx_word' id='word_1_166' title='bbox 1728 2061 1995 2136; x_wconf 74' lang='grc' dir='ltr'>κακοῦργα</span> 
     </span>
    </p>
   </div>
   <div class='ocr_carea' id='block_1_5' title="bbox 2074 568 3640 1083">
    <p class='ocr_par' dir='ltr' id='par_1_5' title="bbox 2074 568 3640 1083">
     <span class='ocr_line' id='line_1_22' title="bbox 2074 568 3640 652; baseline -0.003 -20"><span class='ocrx_word' id='word_1_167' title='bbox 2074 572 2127 632; x_wconf 81' lang='grc' dir='ltr'><strong>δὲ</strong></span> <span class='ocrx_word' id='word_1_168' title='bbox 2170 570 2382 652; x_wconf 79' lang='grc' dir='ltr'>ὕστερον</span> <span class='ocrx_word' id='word_1_169' title='bbox 2422 570 2513 630; x_wconf 80' lang='grc' dir='ltr'><strong>καὶ</strong></span> <span class='ocrx_word' id='word_1_170' title='bbox 2544 568 2768 647; x_wconf 86' lang='grc' dir='ltr'>πόλεμος</span> <span class='ocrx_word' id='word_1_171' title='bbox 2815 569 2911 628; x_wconf 75' lang='grc' dir='ltr'><strong>καὶ</strong></span> <span class='ocrx_word' id='word_1_172' title='bbox 2959 571 3029 636; x_wconf 87' lang='grc' dir='ltr'><strong>εἶς</strong></span> <span class='ocrx_word' id='word_1_173' title='bbox 3064 569 3322 640; x_wconf 75' lang='grc' dir='ltr'>ἀλλήλους</span> <span class='ocrx_word' id='word_1_174' title='bbox 3361 570 3640 639; x_wconf 78' lang='grc' dir='ltr'>πλεονεξία</span> 
     </span>
     <span class='ocr_line' id='line_1_23' title="bbox 2076 653 3639 739; baseline -0.001 -23"><span class='ocrx_word' id='word_1_175' title='bbox 2076 657 2187 736; x_wconf 85' lang='grc' dir='ltr'><strong>ἅμα</strong></span> <span class='ocrx_word' id='word_1_176' title='bbox 2212 663 2277 738; x_wconf 78' lang='grc' dir='ltr'>τῇ</span> <span class='ocrx_word' id='word_1_177' title='bbox 2294 660 2394 717; x_wconf 80' lang='grc' dir='ltr'><strong>τῶν</strong></span> <span class='ocrx_word' id='word_1_178' title='bbox 2420 655 2564 739; x_wconf 79' lang='grc' dir='ltr'>ζῴων</span> <span class='ocrx_word' id='word_1_179' title='bbox 2587 653 2788 737; x_wconf 69' lang='grc' dir='ltr'>ἀδικία·</span> <span class='ocrx_word' id='word_1_180' title='bbox 2815 653 2951 714; x_wconf 75' lang='grc' dir='ltr'>ὃκαὶ</span> <span class='ocrx_word' id='word_1_181' title='bbox 2981 656 3281 733; x_wconf 77' lang='grc' dir='ltr'>θαυμαστὸν</span> <span class='ocrx_word' id='word_1_182' title='bbox 3316 660 3419 715; x_wconf 76' lang='grc' dir='ltr'><strong>τῶν</strong></span> <span class='ocrx_word' id='word_1_183' title='bbox 3443 658 3639 735; x_wconf 79' lang='grc' dir='ltr'>τολμη·</span> 
     </span>
     <span class='ocr_line' id='line_1_24' title="bbox 2077 742 3630 825; baseline -0.001 -21"><span class='ocrx_word' id='word_1_184' title='bbox 2077 746 2279 804; x_wconf 81' lang='grc' dir='ltr'>σάντων</span> <span class='ocrx_word' id='word_1_185' title='bbox 2300 744 2392 816; x_wconf 78' lang='grc' dir='ltr'><strong>τὴν</strong></span> <span class='ocrx_word' id='word_1_186' title='bbox 2419 743 2623 824; x_wconf 80' lang='grc' dir='ltr'>ἅποχὴν</span> <span class='ocrx_word' id='word_1_187' title='bbox 2652 747 2754 802; x_wconf 76' lang='grc' dir='ltr'><strong>τῶν</strong></span> <span class='ocrx_word' id='word_1_188' title='bbox 2784 742 2929 824; x_wconf 77' lang='grc' dir='ltr'>ζῴων</span> <span class='ocrx_word' id='word_1_189' title='bbox 2967 744 3167 812; x_wconf 79' lang='grc' dir='ltr'>ἀδικίας</span> <span class='ocrx_word' id='word_1_190' title='bbox 3212 744 3414 825; x_wconf 83' lang='grc' dir='ltr'>μητέρα</span> <span class='ocrx_word' id='word_1_191' title='bbox 3443 746 3630 822; x_wconf 74' lang='grc' dir='ltr'>εἰπεῖν,</span> 
     </span>
     <span class='ocr_line' id='line_1_25' title="bbox 2077 830 3638 914; baseline 0 -21"><span class='ocrx_word' id='word_1_192' title='bbox 2077 837 2167 906; x_wconf 80' lang='grc' dir='ltr'><strong>τῆς</strong></span> <span class='ocrx_word' id='word_1_193' title='bbox 2194 833 2423 914; x_wconf 78' lang='grc' dir='ltr'>ἱστορίας</span> <span class='ocrx_word' id='word_1_194' title='bbox 2450 833 2539 891; x_wconf 77' lang='grc' dir='ltr'><strong>καὶ</strong></span> <span class='ocrx_word' id='word_1_195' title='bbox 2574 836 2666 904; x_wconf 78' lang='grc' dir='ltr'><strong>τῆς</strong></span> <span class='ocrx_word' id='word_1_196' title='bbox 2690 830 2871 912; x_wconf 88' lang='grc' dir='ltr'>πείρας</span> <span class='ocrx_word' id='word_1_197' title='bbox 2901 830 3015 909; x_wconf 76' lang='grc' dir='ltr'><strong>ἅμα</strong></span> <span class='ocrx_word' id='word_1_198' title='bbox 3044 835 3118 912; x_wconf 78' lang='grc' dir='ltr'>τῷ</span> <span class='ocrx_word' id='word_1_199' title='bbox 3146 832 3284 913; x_wconf 75' lang='grc' dir='ltr'>φόνῳ</span> <span class='ocrx_word' id='word_1_200' title='bbox 3313 835 3482 891; x_wconf 79' lang='grc' dir='ltr'>αὐτῶν</span> <span class='ocrx_word' id='word_1_201' title='bbox 3511 856 3638 913; x_wconf 84' lang='grc' dir='ltr'>τρυ-</span> 
     </span>
     <span class='ocr_line' id='line_1_26' title="bbox 2077 919 3640 1002; baseline 0 -22"><span class='ocrx_word' id='word_1_202' title='bbox 2077 922 2178 1002; x_wconf 79' lang='grc' dir='ltr'><strong>φήν</strong></span> <span class='ocrx_word' id='word_1_203' title='bbox 2206 945 2259 980; x_wconf 91' lang='grc' dir='ltr'><strong>τε</strong></span> <span class='ocrx_word' id='word_1_204' title='bbox 2295 921 2383 980; x_wconf 78' lang='grc' dir='ltr'><strong>καὶ</strong></span> <span class='ocrx_word' id='word_1_205' title='bbox 2404 920 2629 997; x_wconf 86' lang='grc' dir='ltr'>πόλεμον</span> <span class='ocrx_word' id='word_1_206' title='bbox 2672 919 2764 979; x_wconf 79' lang='grc' dir='ltr'><strong>καὶ</strong></span> <span class='ocrx_word' id='word_1_207' title='bbox 2785 919 2988 979; x_wconf 76' lang='grc' dir='ltr'>ἀδικίαν</span> <span class='ocrx_word' id='word_1_208' title='bbox 3019 922 3358 980; x_wconf 84' lang='grc' dir='ltr'>συνεισελθεῖν</span> <span class='ocrx_word' id='word_1_209' title='bbox 3406 921 3640 998; x_wconf 80' lang='grc' dir='ltr'>μηνυού·</span> 
     </span>
     <span class='ocr_line' id='line_1_27' title="bbox 2082 1033 2196 1083; baseline -0.053 0"><span class='ocrx_word' id='word_1_210' title='bbox 2082 1033 2196 1083; x_wconf 65' lang='lat'><strong>⁶⁷2&lt;-</strong></span> 
     </span>
    </p>
   </div>
   <div class='ocr_carea' id='block_1_6' title="bbox 2079 1121 3643 1724">
    <p class='ocr_par' dir='ltr' id='par_1_6' title="bbox 2079 1121 3643 1724">
     <span class='ocr_line' id='line_1_28' title="bbox 2156 1121 3635 1201; baseline -0.001 -17"><span class='ocrx_word' id='word_1_211' title='bbox 2156 1130 2243 1184; x_wconf 91' lang='lat' dir='ltr'><strong>De</strong></span> <span class='ocrx_word' id='word_1_212' title='bbox 2268 1125 2578 1201; x_wconf 78' lang='lat' dir='ltr'><strong>proverbio</strong></span> <span class='ocrx_word' id='word_1_213' title='bbox 2607 1121 2747 1189; x_wconf 79' lang='grc' dir='ltr'>ἅλις</span> <span class='ocrx_word' id='word_1_214' title='bbox 2774 1122 2963 1201; x_wconf 84' lang='grc' dir='ltr'>δρυὸς</span> <span class='ocrx_word' id='word_1_215' title='bbox 2988 1124 3105 1180; x_wconf 82' lang='lat' dir='ltr'><strong>vid.</strong></span> <span class='ocrx_word' id='word_1_216' title='bbox 3138 1127 3355 1181; x_wconf 84' lang='lat' dir='ltr'><strong>Zenob.</strong></span> <span class='ocrx_word' id='word_1_217' title='bbox 3387 1128 3445 1181; x_wconf 91' lang='lat'><strong>11</strong></span> <span class='ocrx_word' id='word_1_218' title='bbox 3464 1167 3481 1195; x_wconf 91' lang='lat'>‚</span> <span class='ocrx_word' id='word_1_219' title='bbox 3516 1132 3635 1191; x_wconf 73' lang='lat'><strong>40:</strong></span> 
     </span>
     <span class='ocr_line' id='line_1_29' title="bbox 2080 1208 3640 1290; baseline -0.001 -19"><span class='ocrx_word' id='word_1_220' title='bbox 2080 1211 2208 1271; x_wconf 72' lang='grc' dir='ltr'><strong>Ἐπὶ</strong></span> <span class='ocrx_word' id='word_1_221' title='bbox 2225 1214 2328 1270; x_wconf 80' lang='grc' dir='ltr'><strong>τῶν</strong></span> <span class='ocrx_word' id='word_1_222' title='bbox 2343 1211 2404 1268; x_wconf 71' lang='grc' dir='ltr'><strong>ἐκ</strong></span> <span class='ocrx_word' id='word_1_223' title='bbox 2421 1209 2738 1290; x_wconf 81' lang='grc' dir='ltr'>φαυλοτέρας</span> <span class='ocrx_word' id='word_1_224' title='bbox 2754 1208 2954 1279; x_wconf 84' lang='grc' dir='ltr'>διαίτης</span> <span class='ocrx_word' id='word_1_225' title='bbox 2973 1209 3266 1288; x_wconf 74' lang='grc' dir='ltr'>ἐρχομένων</span> <span class='ocrx_word' id='word_1_226' title='bbox 3287 1210 3373 1269; x_wconf 77' lang='grc' dir='ltr'><strong>ἐπὶ</strong></span> <span class='ocrx_word' id='word_1_227' title='bbox 3397 1211 3640 1283; x_wconf 80' lang='grc' dir='ltr'>βελτίονα</span> 
     </span>
     <span class='ocr_line' id='line_1_30' title="bbox 2079 1296 3636 1378; baseline 0 -22"><span class='ocrx_word' id='word_1_228' title='bbox 2079 1297 2281 1378; x_wconf 86' lang='grc' dir='ltr'>εἴρηται</span> <span class='ocrx_word' id='word_1_229' title='bbox 2311 1301 2345 1369; x_wconf 83' lang='grc' dir='ltr'>ἠ</span> <span class='ocrx_word' id='word_1_230' title='bbox 2381 1296 2666 1374; x_wconf 83' lang='grc' dir='ltr'>παροιμία·</span> <span class='ocrx_word' id='word_1_231' title='bbox 2707 1297 2887 1367; x_wconf 82' lang='grc' dir='ltr'>ἐπειδὴ</span> <span class='ocrx_word' id='word_1_232' title='bbox 2923 1296 2982 1354; x_wconf 79' lang='grc' dir='ltr'>τὸ</span> <span class='ocrx_word' id='word_1_233' title='bbox 3023 1300 3241 1376; x_wconf 75' lang='grc' dir='ltr'>ἀρχαῖον</span> <span class='ocrx_word' id='word_1_234' title='bbox 3284 1300 3332 1356; x_wconf 69' lang='grc' dir='ltr'><strong>οἳ</strong></span> <span class='ocrx_word' id='word_1_235' title='bbox 3370 1296 3636 1378; x_wconf 83' lang='grc' dir='ltr'>ἄνθρωποι</span> 
     </span>
     <span class='ocr_line' id='line_1_31' title="bbox 2084 1382 3642 1465; baseline 0.001 -23"><span class='ocrx_word' id='word_1_236' title='bbox 2084 1385 2326 1464; x_wconf 85' lang='grc' dir='ltr'>βαλάνοις</span> <span class='ocrx_word' id='word_1_237' title='bbox 2353 1382 2500 1464; x_wconf 77' lang='grc' dir='ltr'>δρυὸς</span> <span class='ocrx_word' id='word_1_238' title='bbox 2525 1382 2861 1465; x_wconf 86' lang='grc' dir='ltr'>τρεφόμενοι,</span> <span class='ocrx_word' id='word_1_239' title='bbox 2891 1382 3104 1463; x_wconf 71' lang='grc' dir='ltr'>ὕστερον</span> <span class='ocrx_word' id='word_1_240' title='bbox 3131 1387 3378 1464; x_wconf 80' lang='grc' dir='ltr'>εὑρεθεῖσι</span> <span class='ocrx_word' id='word_1_241' title='bbox 3411 1389 3504 1457; x_wconf 84' lang='grc' dir='ltr'><strong>τῆς</strong></span> <span class='ocrx_word' id='word_1_242' title='bbox 3526 1385 3642 1456; x_wconf 62' lang='lat' dir='ltr'><strong>Ar}-</strong></span> 
     </span>
     <span class='ocr_line' id='line_1_32' title="bbox 2084 1469 3643 1551; baseline 0.002 -23"><span class='ocrx_word' id='word_1_243' title='bbox 2084 1494 2277 1550; x_wconf 87' lang='grc' dir='ltr'>μητρος</span> <span class='ocrx_word' id='word_1_244' title='bbox 2332 1474 2549 1551; x_wconf 82' lang='grc' dir='ltr'>καρποῖς</span> <span class='ocrx_word' id='word_1_245' title='bbox 2575 1469 2885 1550; x_wconf 71' lang='grc' dir='ltr'>ἐχρήσαντο.</span> <span class='ocrx_word' id='word_1_246' title='bbox 2937 1474 3104 1529; x_wconf 83' lang='lat' dir='ltr'><strong>Locis</strong></span> <span class='ocrx_word' id='word_1_247' title='bbox 3146 1491 3180 1528; x_wconf 85' lang='lat' dir='ltr'><strong>a</strong></span> <span class='ocrx_word' id='word_1_248' title='bbox 3230 1475 3530 1529; x_wconf 84' lang='lat' dir='ltr'><strong>Leutschio</strong></span> <span class='ocrx_word' id='word_1_249' title='bbox 3574 1493 3643 1531; x_wconf 80' lang='lat' dir='ltr'><strong>ac</strong></span> 
     </span>
     <span class='ocr_line' id='line_1_33' title="bbox 2081 1560 3634 1634; baseline 0.001 -17"><span class='ocrx_word' id='word_1_250' title='bbox 2081 1560 2511 1617; x_wconf 82' lang='lat' dir='ltr'><strong>Schneidewino</strong></span> <span class='ocrx_word' id='word_1_251' title='bbox 2557 1560 2796 1616; x_wconf 87' lang='lat' dir='ltr'><strong>laudatis</strong></span> <span class='ocrx_word' id='word_1_252' title='bbox 2824 1560 2970 1616; x_wconf 80' lang='lat' dir='ltr'><strong>adde</strong></span> <span class='ocrx_word' id='word_1_253' title='bbox 3000 1561 3278 1634; x_wconf 74' lang='lat' dir='ltr'><strong>Porphyr.</strong></span> <span class='ocrx_word' id='word_1_254' title='bbox 3304 1562 3344 1616; x_wconf 93' lang='lat' dir='ltr'><strong>l.</strong></span> <span class='ocrx_word' id='word_1_255' title='bbox 3375 1562 3418 1619; x_wconf 88' lang='lat' dir='ltr'><strong>l.</strong></span> <span class='ocrx_word' id='word_1_256' title='bbox 3451 1564 3528 1631; x_wconf 89' lang='grc' dir='ltr'>ΙΙ,</span> <span class='ocrx_word' id='word_1_257' title='bbox 3565 1561 3634 1632; x_wconf 81' lang='lat'><strong>53</strong></span> 
     </span>
     <span class='ocr_line' id='line_1_34' title="bbox 2083 1644 3640 1724; baseline 0.001 -21"><span class='ocrx_word' id='word_1_258' title='bbox 2083 1649 2286 1704; x_wconf 89' lang='lat' dir='ltr'><strong>Euseb.</strong></span> <span class='ocrx_word' id='word_1_259' title='bbox 2311 1650 2399 1704; x_wconf 80' lang='lat' dir='ltr'><strong>Pr.</strong></span> <span class='ocrx_word' id='word_1_260' title='bbox 2419 1649 2521 1703; x_wconf 79' lang='lat' dir='ltr'><strong>Ev.</strong></span> <span class='ocrx_word' id='word_1_261' title='bbox 2541 1649 2648 1717; x_wconf 88' lang='grc' dir='ltr'>ΙΙΙ,</span> <span class='ocrx_word' id='word_1_262' title='bbox 2677 1666 2739 1721; x_wconf 90' lang='lat' dir='ltr'><strong>p.</strong></span> <span class='ocrx_word' id='word_1_263' title='bbox 2770 1646 2844 1703; x_wconf 88' lang='grc'><strong>86</strong></span> <span class='ocrx_word' id='word_1_264' title='bbox 2867 1650 2919 1703; x_wconf 92' lang='lat' dir='ltr'>D</span> <span class='ocrx_word' id='word_1_265' title='bbox 2935 1669 2950 1720; x_wconf 81' lang='lat'>3</span> <span class='ocrx_word' id='word_1_266' title='bbox 2966 1644 3165 1704; x_wconf 83' lang='lat' dir='ltr'><strong>Cicero</strong></span> <span class='ocrx_word' id='word_1_267' title='bbox 3185 1648 3275 1704; x_wconf 79' lang='lat' dir='ltr'><strong>Ad</strong></span> <span class='ocrx_word' id='word_1_268' title='bbox 3298 1651 3411 1707; x_wconf 80' lang='lat' dir='ltr'><strong>Att.</strong></span> <span class='ocrx_word' id='word_1_269' title='bbox 3434 1651 3519 1718; x_wconf 88' lang='grc' dir='ltr'>ΙΙ,</span> <span class='ocrx_word' id='word_1_270' title='bbox 3545 1668 3640 1724; x_wconf 87' lang='lat'><strong>¹9·</strong></span> 
     </span>
    </p>
   </div>
   <div class='ocr_carea' id='block_1_7' title="bbox 2838 1830 2893 1866">
    <p class='ocr_par' dir='ltr' id='par_1_7' title="bbox 2838 1830 2893 1866">
     <span class='ocr_line' id='line_1_35' title="bbox 2838 1830 2893 1866; baseline -0.018 0"><span class='ocrx_word' id='word_1_271' title='bbox 2838 1830 2893 1866; x_wconf 78' lang='lat'><strong>2.</strong></span> 
     </span>
    </p>
   </div>
   <div class='ocr_carea' id='block_1_8' title="bbox 2087 1946 3641 2112">
    <p class='ocr_par' dir='ltr' id='par_1_8' title="bbox 2087 1946 3641 2112">
     <span class='ocr_line' id='line_1_36' title="bbox 2167 1946 3641 2024; baseline -0.001 -17"><span class='ocrx_word' id='word_1_272' title='bbox 2167 1953 2545 2024; x_wconf 74' lang='lat' dir='ltr'>Hieronymus</span> <span class='ocrx_word' id='word_1_273' title='bbox 2567 1949 2710 2005; x_wconf 82' lang='lat' dir='ltr'><strong>Adv.</strong></span> <span class='ocrx_word' id='word_1_274' title='bbox 2734 1950 2922 2004; x_wconf 79' lang='lat' dir='ltr'><strong>Jovin.</strong></span> <span class='ocrx_word' id='word_1_275' title='bbox 2949 1949 3055 2019; x_wconf 81' lang='lat' dir='ltr'><strong>IX,</strong></span> <span class='ocrx_word' id='word_1_276' title='bbox 3076 1967 3136 2022; x_wconf 85' lang='lat' dir='ltr'><strong>p.</strong></span> <span class='ocrx_word' id='word_1_277' title='bbox 3171 1948 3283 2004; x_wconf 84' lang='lat'><strong>230</strong></span> <span class='ocrx_word' id='word_1_278' title='bbox 3315 1946 3406 2005; x_wconf 85' lang='lat' dir='ltr'><strong>ed.</strong></span> <span class='ocrx_word' id='word_1_279' title='bbox 3429 1952 3595 2008; x_wconf 86' lang='lat' dir='ltr'><strong>Reat.</strong></span> <span class='ocrx_word' id='word_1_280' title='bbox 3625 1968 3641 2005; x_wconf 87' lang='lat'>=</span> 
     </span>
     <span class='ocr_line' id='line_1_37' title="bbox 2087 2036 3641 2112; baseline -0.001 -19"><span class='ocrx_word' id='word_1_281' title='bbox 2087 2036 2454 2093; x_wconf 75' lang='lat' dir='ltr'><strong>Dicoeaoelues</strong></span> <span class='ocrx_word' id='word_1_282' title='bbox 2480 2042 2535 2091; x_wconf 81' lang='lat' dir='ltr'><strong>1‘n</strong></span> <span class='ocrx_word' id='word_1_283' title='bbox 2564 2037 2719 2092; x_wconf 73' lang='lat' dir='ltr'><strong>libris</strong></span> <span class='ocrx_word' id='word_1_284' title='bbox 2744 2040 3134 2111; x_wconf 70' lang='lat' dir='ltr'><strong>anIIquitatum</strong></span> <span class='ocrx_word' id='word_1_285' title='bbox 3177 2048 3236 2091; x_wconf 83' lang='lat' dir='ltr'><strong>et</strong></span> <span class='ocrx_word' id='word_1_286' title='bbox 3253 2039 3641 2112; x_wconf 78' lang='lat' dir='ltr'><strong>Descriptione</strong></span> 
     </span>
    </p>
   </div>
   <div class='ocr_carea' id='block_1_9' title="bbox 336 2121 3646 2237">
    <p class='ocr_par' dir='ltr' id='par_1_9' title="bbox 336 2121 3646 2237">
     <span class='ocr_line' id='line_1_38' title="bbox 336 2121 3646 2237; baseline -0.011 -19"><span class='ocrx_word' id='word_1_287' title='bbox 336 2142 348 2152; x_wconf 52' lang='grc'><strong><em>’</em></strong></span> <span class='ocrx_word' id='word_1_288' title='bbox 438 2157 530 2216; x_wconf 68' lang='grc' dir='ltr'><strong>καὶ</strong></span> <span class='ocrx_word' id='word_1_289' title='bbox 557 2155 796 2237; x_wconf 83' lang='grc' dir='ltr'>χαλεπά·</span> <span class='ocrx_word' id='word_1_290' title='bbox 827 2152 916 2212; x_wconf 77' lang='grc' dir='ltr'><strong>καὶ</strong></span> <span class='ocrx_word' id='word_1_291' title='bbox 940 2151 1075 2211; x_wconf 73' lang='grc' dir='ltr'>οὕτω</span> <span class='ocrx_word' id='word_1_292' title='bbox 1108 2150 1171 2221; x_wconf 79' lang='grc' dir='ltr'><strong>δὴ</strong></span> <span class='ocrx_word' id='word_1_293' title='bbox 1200 2147 1264 2207; x_wconf 72' lang='grc' dir='ltr'>τὰ</span> <span class='ocrx_word' id='word_1_294' title='bbox 1295 2145 1389 2224; x_wconf 78' lang='grc' dir='ltr'><strong>μὲν</strong></span> <span class='ocrx_word' id='word_1_295' title='bbox 1414 2143 1770 2217; x_wconf 78' lang='grc' dir='ltr'>ἐτιθάσευσαν,</span> <span class='ocrx_word' id='word_1_296' title='bbox 1800 2144 1905 2209; x_wconf 79' lang='grc' dir='ltr'>τοῖς</span> <span class='ocrx_word' id='word_1_297' title='bbox 1943 2141 1998 2201; x_wconf 76' lang='grc' dir='ltr'><strong>δὲ</strong></span> <span class='ocrx_word' id='word_1_298' title='bbox 2095 2128 2329 2183; x_wconf 61' lang='lat' dir='ltr'><strong><em>Groeffl‘oe</em></strong></span> <span class='ocrx_word' id='word_1_299' title='bbox 2373 2121 2551 2196; x_wconf 64' lang='lat' dir='ltr'><em>refert</em></span> <span class='ocrx_word' id='word_1_300' title='bbox 2580 2124 2682 2178; x_wconf 69' lang='lat' dir='ltr'><strong>-Wb</strong></span> <span class='ocrx_word' id='word_1_301' title='bbox 2716 2123 2970 2191; x_wconf 61' lang='lat' dir='ltr'><strong>Saturus),</strong></span> <span class='ocrx_word' id='word_1_302' title='bbox 3006 2142 3169 2198; x_wconf 74' lang='lat' dir='ltr'><strong>quum</strong></span> <span class='ocrx_word' id='word_1_303' title='bbox 3216 2129 3406 2180; x_wconf 82' lang='lat' dir='ltr'><strong>omm&#39;a</strong></span> <span class='ocrx_word' id='word_1_304' title='bbox 3446 2122 3646 2178; x_wconf 78' lang='lat' dir='ltr'><strong>humus</strong></span> 
     </span>
    </p>
   </div>
   <div class='ocr_carea' id='block_1_10' title="bbox 445 2229 1998 2318">
    <p class='ocr_par' dir='ltr' id='par_1_10' title="bbox 445 2229 1998 2318">
     <span class='ocr_line' id='line_1_39' title="bbox 445 2229 1998 2318; baseline -0.011 -14"><span class='ocrx_word' id='word_1_305' title='bbox 445 2245 699 2304; x_wconf 80' lang='grc' dir='ltr'>ἐπέθεντο.</span> <span class='ocrx_word' id='word_1_306' title='bbox 728 2241 835 2302; x_wconf 76' lang='grc' dir='ltr'><strong>Καὶ</strong></span> <span class='ocrx_word' id='word_1_307' title='bbox 849 2240 960 2315; x_wconf 79' lang='grc' dir='ltr'><strong>ἅμα</strong></span> <span class='ocrx_word' id='word_1_308' title='bbox 982 2240 1034 2296; x_wconf 78' lang='grc' dir='ltr'><strong>ἐν</strong></span> <span class='ocrx_word' id='word_1_309' title='bbox 1055 2241 1130 2318; x_wconf 83' lang='grc' dir='ltr'>τῷ</span> <span class='ocrx_word' id='word_1_310' title='bbox 1151 2237 1292 2315; x_wconf 77' lang='grc' dir='ltr'>αὐτῷ</span> <span class='ocrx_word' id='word_1_311' title='bbox 1314 2232 1414 2314; x_wconf 83' lang='grc' dir='ltr'><strong>βίῳ</strong></span> <span class='ocrx_word' id='word_1_312' title='bbox 1431 2232 1728 2303; x_wconf 69' lang='grc' dir='ltr'>συνεισῆλθε</span> <span class='ocrx_word' id='word_1_313' title='bbox 1745 2229 1998 2307; x_wconf 76' lang='grc' dir='ltr'>πόλεμος,</span> 
     </span>
    </p>
   </div>
   <div class='ocr_carea' id='block_1_11' title="bbox 2074 2211 3647 2285">
    <p class='ocr_par' dir='ltr' id='par_1_11' title="bbox 2074 2211 3647 2285">
     <span class='ocr_line' id='line_1_40' title="bbox 2074 2211 3647 2285; baseline -0.001 -18"><span class='ocrx_word' id='word_1_314' title='bbox 2074 2211 2364 2285; x_wconf 78' lang='lat' dir='ltr'><strong>funderet,</strong></span> <span class='ocrx_word' id='word_1_315' title='bbox 2396 2214 2607 2268; x_wconf 81' lang='lat' dir='ltr'><strong>nullum</strong></span> <span class='ocrx_word' id='word_1_316' title='bbox 2630 2212 2931 2267; x_wconf 79' lang='lat' dir='ltr'><strong>comedisse</strong></span> <span class='ocrx_word' id='word_1_317' title='bbox 2961 2229 3184 2266; x_wconf 80' lang='lat' dir='ltr'><strong>carnem</strong></span> <span class='ocrx_word' id='word_1_318' title='bbox 3201 2254 3214 2281; x_wconf 83' lang='lat'>‚</span> <span class='ocrx_word' id='word_1_319' title='bbox 3240 2213 3344 2267; x_wconf 84' lang='lat' dir='ltr'><strong>sed</strong></span> <span class='ocrx_word' id='word_1_320' title='bbox 3375 2216 3647 2267; x_wconf 71' lang='lat' dir='ltr'><strong>universos</strong></span> 
     </span>
    </p>
   </div>
   <div class='ocr_carea' id='block_1_12' title="bbox 440 2296 3649 2501">
    <p class='ocr_par' dir='ltr' id='par_1_12' title="bbox 440 2296 3649 2501">
     <span class='ocr_line' id='line_1_41' title="bbox 440 2296 3643 2410; baseline -0.01 -19"><span class='ocrx_word' id='word_1_321' title='bbox 440 2331 534 2390; x_wconf 78' lang='grc' dir='ltr'><strong>καὶ</strong></span> <span class='ocrx_word' id='word_1_322' title='bbox 561 2337 758 2403; x_wconf 79' lang='grc' dir='ltr'>ταῦτα,</span> <span class='ocrx_word' id='word_1_323' title='bbox 789 2327 973 2410; x_wconf 79' lang='grc' dir='ltr'>φησὶν,</span> <span class='ocrx_word' id='word_1_324' title='bbox 1008 2326 1106 2403; x_wconf 77' lang='grc' dir='ltr'><strong>οὐχ</strong></span> <span class='ocrx_word' id='word_1_325' title='bbox 1134 2323 1311 2400; x_wconf 77' lang='grc' dir='ltr'>ἡμεῖς,</span> <span class='ocrx_word' id='word_1_326' title='bbox 1344 2320 1460 2379; x_wconf 74' lang='grc' dir='ltr'>ἀλλ’</span> <span class='ocrx_word' id='word_1_327' title='bbox 1487 2321 1535 2378; x_wconf 84' lang='grc' dir='ltr'><strong>οῖ</strong></span> <span class='ocrx_word' id='word_1_328' title='bbox 1558 2319 1623 2378; x_wconf 77' lang='grc' dir='ltr'>τὰ</span> <span class='ocrx_word' id='word_1_329' title='bbox 1644 2315 1847 2377; x_wconf 67' lang='grc' dir='ltr'>παλαιὰ</span> <span class='ocrx_word' id='word_1_330' title='bbox 1867 2321 2001 2375; x_wconf 75' lang='grc' dir='ltr'>ἱστο·</span> <span class='ocrx_word' id='word_1_331' title='bbox 2088 2296 2578 2373; x_wconf 58' lang='lat' dir='ltr'><strong>vfxfssefmgfbus</strong></span> <span class='ocrx_word' id='word_1_332' title='bbox 2599 2302 2866 2401; x_wconf 62' lang='lat' dir='ltr'><strong>⁶²P0s&#39;21‘52</strong></span> <span class='ocrx_word' id='word_1_333' title='bbox 2902 2317 3028 2398; x_wconf 53' lang='lat' dir='ltr'><strong>Qua?</strong></span> <span class='ocrx_word' id='word_1_334' title='bbox 3049 2311 3241 2374; x_wconf 70' lang='lat' dir='ltr'><strong>Sponte</strong></span> <span class='ocrx_word' id='word_1_335' title='bbox 3275 2311 3422 2354; x_wconf 70' lang='lat' dir='ltr'><strong>terra</strong></span> <span class='ocrx_word' id='word_1_336' title='bbox 3442 2304 3643 2373; x_wconf 71' lang='lat' dir='ltr'><strong>gl&#39;gne·</strong></span> 
     </span>
     <span class='ocr_line' id='line_1_42' title="bbox 447 2384 3649 2501; baseline -0.012 -22"><span class='ocrx_word' id='word_1_337' title='bbox 447 2421 531 2501; x_wconf 71' lang='grc' dir='ltr'><strong>ρία</strong></span> <span class='ocrx_word' id='word_1_338' title='bbox 569 2417 902 2488; x_wconf 80' lang='grc' dir='ltr'>διεξελθόντες</span> <span class='ocrx_word' id='word_1_339' title='bbox 925 2412 1191 2495; x_wconf 69' lang='grc' dir='ltr'>εἰρήκασιν</span> <span class='ocrx_word' id='word_1_340' title='bbox 1212 2434 1227 2449; x_wconf 87' lang='grc'><em>·</em></span> <span class='ocrx_word' id='word_1_341' title='bbox 1268 2410 1370 2482; x_wconf 85' lang='grc' dir='ltr'><strong>ἤδη</strong></span> <span class='ocrx_word' id='word_1_342' title='bbox 1400 2407 1615 2487; x_wconf 77' lang='grc' dir='ltr'>(ἐπειδὴ</span> <span class='ocrx_word' id='word_1_343' title='bbox 1646 2410 1699 2485; x_wconf 67' lang='grc' dir='ltr'><strong>ἲ)</strong></span> <span class='ocrx_word' id='word_1_344' title='bbox 1726 2404 1826 2486; x_wconf 75' lang='grc' dir='ltr'><strong>γὰρ</strong></span> <span class='ocrx_word' id='word_1_345' title='bbox 1862 2403 1998 2473; x_wconf 59' lang='lat'><strong>‹3526-</strong></span> <span class='ocrx_word' id='word_1_346' title='bbox 2092 2390 2204 2446; x_wconf 83' lang='lat' dir='ltr'><strong>bat.</strong></span> <span class='ocrx_word' id='word_1_347' title='bbox 2236 2388 2371 2443; x_wconf 78' lang='lat' dir='ltr'><strong>Haec</strong></span> <span class='ocrx_word' id='word_1_348' title='bbox 2398 2404 2467 2442; x_wconf 84' lang='lat' dir='ltr'><strong>ex</strong></span> <span class='ocrx_word' id='word_1_349' title='bbox 2489 2386 2809 2460; x_wconf 74' lang='lat' dir='ltr'><strong>Porphyrlo</strong></span> <span class='ocrx_word' id='word_1_350' title='bbox 2839 2384 3111 2459; x_wconf 78' lang='lat' dir='ltr'><strong>descripta</strong></span> <span class='ocrx_word' id='word_1_351' title='bbox 3141 2402 3252 2440; x_wconf 84' lang='lat' dir='ltr'><strong>esse</strong></span> <span class='ocrx_word' id='word_1_352' title='bbox 3280 2396 3430 2439; x_wconf 84' lang='lat' dir='ltr'><strong>recte</strong></span> <span class='ocrx_word' id='word_1_353' title='bbox 3460 2394 3649 2440; x_wconf 87' lang='lat' dir='ltr'><strong>censet</strong></span> 
     </span>
    </p>
   </div>
   <div class='ocr_carea' id='block_1_13' title="bbox 442 2491 2001 3275">
    <p class='ocr_par' dir='ltr' id='par_1_13' title="bbox 442 2491 2001 3275">
     <span class='ocr_line' id='line_1_43' title="bbox 444 2491 1998 2585; baseline -0.011 -19"><span class='ocrx_word' id='word_1_354' title='bbox 444 2511 575 2585; x_wconf 83' lang='grc' dir='ltr'>λογα</span> <span class='ocrx_word' id='word_1_355' title='bbox 604 2505 854 2584; x_wconf 74' lang='grc' dir='ltr'>κτήματα</span> <span class='ocrx_word' id='word_1_356' title='bbox 884 2497 947 2575; x_wconf 74' lang='grc' dir='ltr'><strong>ἦν</strong></span> <span class='ocrx_word' id='word_1_357' title='bbox 993 2500 1321 2579; x_wconf 80' lang='grc' dir='ltr'>ὑπάρχοντα·</span> <span class='ocrx_word' id='word_1_358' title='bbox 1355 2499 1402 2556; x_wconf 70' lang='lat' dir='ltr'><strong>oi</strong></span> <span class='ocrx_word' id='word_1_359' title='bbox 1432 2495 1526 2573; x_wconf 77' lang='grc' dir='ltr'><strong>μὲν</strong></span> <span class='ocrx_word' id='word_1_360' title='bbox 1567 2494 1653 2554; x_wconf 70' lang='grc' dir='ltr'>ἐπὶ</span> <span class='ocrx_word' id='word_1_361' title='bbox 1696 2494 1755 2553; x_wconf 78' lang='grc' dir='ltr'>τὸ</span> <span class='ocrx_word' id='word_1_362' title='bbox 1774 2491 1998 2573; x_wconf 80' lang='grc' dir='ltr'>παρελέ·</span> 
     </span>
     <span class='ocr_line' id='line_1_44' title="bbox 444 2579 1999 2674; baseline -0.012 -21"><span class='ocrx_word' id='word_1_363' title='bbox 444 2599 564 2652; x_wconf 89' lang='grc' dir='ltr'>σθαι</span> <span class='ocrx_word' id='word_1_364' title='bbox 591 2591 886 2674; x_wconf 84' lang='grc' dir='ltr'>φιλοτιμίαν</span> <span class='ocrx_word' id='word_1_365' title='bbox 913 2592 1206 2662; x_wconf 75' lang='grc' dir='ltr'>ἐποιοῦντο,</span> <span class='ocrx_word' id='word_1_366' title='bbox 1242 2580 1594 2665; x_wconf 83' lang='grc' dir='ltr'>ἆθροιζόμενοί</span> <span class='ocrx_word' id='word_1_367' title='bbox 1627 2603 1679 2639; x_wconf 90' lang='grc' dir='ltr'><strong>τε</strong></span> <span class='ocrx_word' id='word_1_368' title='bbox 1701 2579 1792 2639; x_wconf 76' lang='grc' dir='ltr'><strong>καὶ</strong></span> <span class='ocrx_word' id='word_1_369' title='bbox 1821 2600 1999 2658; x_wconf 87' lang='grc' dir='ltr'>παρα-</span> 
     </span>
     <span class='ocr_line' id='line_1_45' title="bbox 442 2665 2001 2749; baseline -0.01 -11"><span class='ocrx_word' id='word_1_370' title='bbox 442 2683 721 2745; x_wconf 71' lang='grc' dir='ltr'>καλοῦντες</span> <span class='ocrx_word' id='word_1_371' title='bbox 751 2676 1035 2747; x_wconf 81' lang='grc' dir='ltr'>ἀλλήλους,</span> <span class='ocrx_word' id='word_1_372' title='bbox 1062 2676 1110 2733; x_wconf 78' lang='grc' dir='ltr'><strong>οἱ</strong></span> <span class='ocrx_word' id='word_1_373' title='bbox 1143 2672 1198 2731; x_wconf 81' lang='grc' dir='ltr'><strong>δὲ</strong></span> <span class='ocrx_word' id='word_1_374' title='bbox 1221 2670 1308 2728; x_wconf 77' lang='grc' dir='ltr'><strong>ἐπὶ</strong></span> <span class='ocrx_word' id='word_1_375' title='bbox 1327 2669 1386 2728; x_wconf 78' lang='grc' dir='ltr'>τὸ</span> <span class='ocrx_word' id='word_1_376' title='bbox 1418 2667 1748 2749; x_wconf 83' lang='grc' dir='ltr'>διαφυλάξαι.</span> <span class='ocrx_word' id='word_1_377' title='bbox 1779 2665 2001 2744; x_wconf 80' lang='grc' dir='ltr'>Προϊόν-</span> 
     </span>
     <span class='ocr_line' id='line_1_46' title="bbox 442 2754 1999 2841; baseline -0.008 -18"><span class='ocrx_word' id='word_1_378' title='bbox 442 2790 531 2833; x_wconf 81' lang='grc' dir='ltr'><strong>τος</strong></span> <span class='ocrx_word' id='word_1_379' title='bbox 562 2766 616 2824; x_wconf 83' lang='grc' dir='ltr'><strong>δὲ</strong></span> <span class='ocrx_word' id='word_1_380' title='bbox 659 2764 798 2823; x_wconf 76' lang='grc' dir='ltr'>κατὰ</span> <span class='ocrx_word' id='word_1_381' title='bbox 845 2761 1027 2841; x_wconf 82' lang='grc' dir='ltr'>μικρὸν</span> <span class='ocrx_word' id='word_1_382' title='bbox 1059 2758 1195 2820; x_wconf 78' lang='grc' dir='ltr'>οὕτω</span> <span class='ocrx_word' id='word_1_383' title='bbox 1240 2763 1331 2816; x_wconf 73' lang='grc' dir='ltr'>τοῦ</span> <span class='ocrx_word' id='word_1_384' title='bbox 1367 2754 1586 2837; x_wconf 82' lang='grc' dir='ltr'>χρόνου,</span> <span class='ocrx_word' id='word_1_385' title='bbox 1637 2758 1999 2820; x_wconf 78' lang='grc' dir='ltr'>κατανοοῦντες</span> 
     </span>
     <span class='ocr_line' id='line_1_47' title="bbox 448 2838 1999 2937; baseline -0.009 -27"><span class='ocrx_word' id='word_1_386' title='bbox 448 2852 530 2910; x_wconf 79' lang='grc' dir='ltr'><strong>ἀεὶ</strong></span> <span class='ocrx_word' id='word_1_387' title='bbox 553 2856 653 2909; x_wconf 85' lang='grc' dir='ltr'><strong>τῶν</strong></span> <span class='ocrx_word' id='word_1_388' title='bbox 681 2849 956 2937; x_wconf 70' lang='grc' dir='ltr'>χρησίμων</span> <span class='ocrx_word' id='word_1_389' title='bbox 986 2838 1117 2905; x_wconf 74' lang='grc' dir='ltr'>εἶναι</span> <span class='ocrx_word' id='word_1_390' title='bbox 1141 2844 1447 2922; x_wconf 85' lang='grc' dir='ltr'>δοκούντων,</span> <span class='ocrx_word' id='word_1_391' title='bbox 1473 2845 1543 2909; x_wconf 78' lang='grc' dir='ltr'><strong>εἷς</strong></span> <span class='ocrx_word' id='word_1_392' title='bbox 1575 2838 1818 2921; x_wconf 78' lang='grc' dir='ltr'>τὸτρίτον</span> <span class='ocrx_word' id='word_1_393' title='bbox 1835 2861 1892 2897; x_wconf 87' lang='grc' dir='ltr'><strong>τε</strong></span> <span class='ocrx_word' id='word_1_394' title='bbox 1911 2839 1999 2897; x_wconf 76' lang='grc' dir='ltr'><strong>καὶ</strong></span> 
     </span>
     <span class='ocr_line' id='line_1_48' title="bbox 442 2924 1998 3018; baseline -0.008 -20"><span class='ocrx_word' id='word_1_395' title='bbox 442 2938 729 3018; x_wconf 83' lang='grc' dir='ltr'>γεωργικὸν</span> <span class='ocrx_word' id='word_1_396' title='bbox 781 2934 1020 2995; x_wconf 79' lang='grc' dir='ltr'>ἐνέπεσον</span> <span class='ocrx_word' id='word_1_397' title='bbox 1049 2924 1196 3000; x_wconf 80' lang='grc' dir='ltr'>εἶδος.</span> <span class='ocrx_word' id='word_1_398' title='bbox 1239 2932 1289 2990; x_wconf 85' lang='grc' dir='ltr'>Τ</span> <span class='ocrx_word' id='word_1_399' title='bbox 1293 2929 1412 2990; x_wconf 77' lang='grc' dir='ltr'>αυτὶ</span> <span class='ocrx_word' id='word_1_400' title='bbox 1455 2927 1547 3008; x_wconf 68' lang='grc' dir='ltr'><strong>μὲν</strong></span> <span class='ocrx_word' id='word_1_401' title='bbox 1577 2926 1898 3008; x_wconf 80' lang='grc' dir='ltr'>Δικαιάρχου</span> <span class='ocrx_word' id='word_1_402' title='bbox 1932 2926 1998 2986; x_wconf 78' lang='grc' dir='ltr'>τὰ</span> 
     </span>
     <span class='ocr_line' id='line_1_49' title="bbox 444 3013 1997 3096; baseline -0.008 -12"><span class='ocrx_word' id='word_1_403' title='bbox 444 3023 651 3084; x_wconf 81' lang='grc' dir='ltr'>παλαιὰ</span> <span class='ocrx_word' id='word_1_404' title='bbox 684 3028 785 3083; x_wconf 76' lang='grc' dir='ltr'><strong>τῶν</strong></span> <span class='ocrx_word' id='word_1_405' title='bbox 832 3022 1159 3093; x_wconf 81' lang='grc' dir='ltr'>Ἑλληνικῶν</span> <span class='ocrx_word' id='word_1_406' title='bbox 1202 3018 1475 3088; x_wconf 81' lang='grc' dir='ltr'>διεξιόντος</span> <span class='ocrx_word' id='word_1_407' title='bbox 1519 3013 1779 3096; x_wconf 87' lang='grc' dir='ltr'>μακάριόν</span> <span class='ocrx_word' id='word_1_408' title='bbox 1815 3037 1871 3073; x_wconf 83' lang='grc' dir='ltr'><strong>τε</strong></span> <span class='ocrx_word' id='word_1_409' title='bbox 1912 3016 1997 3073; x_wconf 85' lang='grc' dir='ltr'><strong>τὸν</strong></span> 
     </span>
     <span class='ocr_line' id='line_1_50' title="bbox 452 3095 1998 3192; baseline -0.005 -22"><span class='ocrx_word' id='word_1_410' title='bbox 452 3111 562 3192; x_wconf 82' lang='grc' dir='ltr'>βίον</span> <span class='ocrx_word' id='word_1_411' title='bbox 594 3108 955 3192; x_wconf 80' lang='grc' dir='ltr'>ἀφηγουμένου</span> <span class='ocrx_word' id='word_1_412' title='bbox 981 3112 1085 3168; x_wconf 80' lang='grc' dir='ltr'><strong>τῶν</strong></span> <span class='ocrx_word' id='word_1_413' title='bbox 1101 3105 1485 3181; x_wconf 87' lang='grc' dir='ltr'>παλαιοτάτων,</span> <span class='ocrx_word' id='word_1_414' title='bbox 1513 3104 1569 3164; x_wconf 80' lang='grc' dir='ltr'><strong>ὃν</strong></span> <span class='ocrx_word' id='word_1_415' title='bbox 1594 3106 1691 3183; x_wconf 82' lang='grc' dir='ltr'><strong>οὐχ</strong></span> <span class='ocrx_word' id='word_1_416' title='bbox 1715 3095 1869 3175; x_wconf 73' lang='grc' dir='ltr'>ἧττον</span> <span class='ocrx_word' id='word_1_417' title='bbox 1895 3106 1998 3162; x_wconf 80' lang='grc' dir='ltr'><strong>τῶν</strong></span> 
     </span>
     <span class='ocr_line' id='line_1_51' title="bbox 446 3189 1998 3275; baseline -0.007 -17"><span class='ocrx_word' id='word_1_418' title='bbox 446 3199 623 3258; x_wconf 74' lang='grc' dir='ltr'>ἄλλων</span> <span class='ocrx_word' id='word_1_419' title='bbox 640 3196 730 3256; x_wconf 80' lang='grc' dir='ltr'><strong>καὶ</strong></span> <span class='ocrx_word' id='word_1_420' title='bbox 752 3202 785 3268; x_wconf 79' lang='grc' dir='ltr'>ἡ</span> <span class='ocrx_word' id='word_1_421' title='bbox 811 3194 986 3275; x_wconf 72' lang='grc' dir='ltr'>ἀποχὴ</span> <span class='ocrx_word' id='word_1_422' title='bbox 1008 3199 1108 3254; x_wconf 85' lang='grc' dir='ltr'><strong>τῶν</strong></span> <span class='ocrx_word' id='word_1_423' title='bbox 1137 3191 1386 3275; x_wconf 81' lang='grc' dir='ltr'>ἐμψύχων</span> <span class='ocrx_word' id='word_1_424' title='bbox 1408 3190 1750 3271; x_wconf 82' lang='grc' dir='ltr'>συνεπλήρου.</span> <span class='ocrx_word' id='word_1_425' title='bbox 1774 3189 1870 3249; x_wconf 79' lang='grc' dir='ltr'><strong>Διὸ</strong></span> <span class='ocrx_word' id='word_1_426' title='bbox 1894 3189 1998 3248; x_wconf 86' lang='grc' dir='ltr'><strong>πό-</strong></span> 
     </span>
    </p>
   </div>
   <div class='ocr_carea' id='block_1_14' title="bbox 442 3356 2010 5204">
    <p class='ocr_par' dir='ltr' id='par_1_14' title="bbox 442 3356 2010 5204">
     <span class='ocr_line' id='line_1_52' title="bbox 448 3356 2008 3427; baseline -0.005 -13"><span class='ocrx_word' id='word_1_427' title='bbox 448 3365 498 3414; x_wconf 90' lang='lat' dir='ltr'><strong>in</strong></span> <span class='ocrx_word' id='word_1_428' title='bbox 522 3366 621 3414; x_wconf 87' lang='lat' dir='ltr'><strong>otio</strong></span> <span class='ocrx_word' id='word_1_429' title='bbox 647 3364 872 3427; x_wconf 77' lang='lat' dir='ltr'>degerent</span> <span class='ocrx_word' id='word_1_430' title='bbox 889 3363 1068 3425; x_wconf 81' lang='lat' dir='ltr'><strong>absque</strong></span> <span class='ocrx_word' id='word_1_431' title='bbox 1092 3362 1192 3411; x_wconf 86' lang='lat' dir='ltr'><strong>ulla</strong></span> <span class='ocrx_word' id='word_1_432' title='bbox 1219 3373 1333 3410; x_wconf 88' lang='lat' dir='ltr'><strong>cura</strong></span> <span class='ocrx_word' id='word_1_433' title='bbox 1357 3363 1503 3423; x_wconf 88' lang='lat' dir='ltr'><strong>atque</strong></span> <span class='ocrx_word' id='word_1_434' title='bbox 1520 3357 1763 3410; x_wconf 75' lang='lat' dir='ltr'>laboribus</span> <span class='ocrx_word' id='word_1_435' title='bbox 1792 3356 1929 3418; x_wconf 90' lang='lat' dir='ltr'><strong>ullis;</strong></span> <span class='ocrx_word' id='word_1_436' title='bbox 1956 3359 2008 3406; x_wconf 88' lang='lat' dir='ltr'><strong>et</strong></span> 
     </span>
     <span class='ocr_line' id='line_1_53' title="bbox 448 3433 2005 3505; baseline -0.006 -14"><span class='ocrx_word' id='word_1_437' title='bbox 448 3442 487 3491; x_wconf 88' lang='lat' dir='ltr'><strong>si</strong></span> <span class='ocrx_word' id='word_1_438' title='bbox 505 3440 964 3505; x_wconf 72' lang='lat' dir='ltr'><strong>elegantissimorum</strong></span> <span class='ocrx_word' id='word_1_439' title='bbox 990 3438 1288 3488; x_wconf 83' lang='lat' dir='ltr'><strong>medicorum</strong></span> <span class='ocrx_word' id='word_1_440' title='bbox 1325 3436 1580 3487; x_wconf 79' lang='lat' dir='ltr'><strong>sententiae</strong></span> <span class='ocrx_word' id='word_1_441' title='bbox 1604 3433 2005 3499; x_wconf 85' lang='lat' dir='ltr'><strong>acquiescendum</strong></span> 
     </span>
     <span class='ocr_line' id='line_1_54' title="bbox 448 3512 2005 3580; baseline -0.006 -12"><span class='ocrx_word' id='word_1_442' title='bbox 448 3520 545 3580; x_wconf 84' lang='lat' dir='ltr'><strong>est,</strong></span> <span class='ocrx_word' id='word_1_443' title='bbox 574 3520 630 3568; x_wconf 86' lang='lat' dir='ltr'><strong>ut</strong></span> <span class='ocrx_word' id='word_1_444' title='bbox 647 3517 795 3567; x_wconf 89' lang='lat' dir='ltr'><strong>etiam</strong></span> <span class='ocrx_word' id='word_1_445' title='bbox 832 3529 930 3566; x_wconf 89' lang='lat' dir='ltr'><strong>non</strong></span> <span class='ocrx_word' id='word_1_446' title='bbox 955 3516 1260 3579; x_wconf 73' lang='lat' dir='ltr'><strong>mgrotarent.</strong></span> <span class='ocrx_word' id='word_1_447' title='bbox 1301 3514 1500 3565; x_wconf 86' lang='lat' dir='ltr'><strong>Nullum</strong></span> <span class='ocrx_word' id='word_1_448' title='bbox 1527 3512 1654 3563; x_wconf 89' lang='lat' dir='ltr'><strong>enim</strong></span> <span class='ocrx_word' id='word_1_449' title='bbox 1677 3525 1842 3562; x_wconf 89' lang='lat' dir='ltr'><strong>eorum</strong></span> <span class='ocrx_word' id='word_1_450' title='bbox 1877 3523 2005 3573; x_wconf 78' lang='lat' dir='ltr'><strong>proe·</strong></span> 
     </span>
     <span class='ocr_line' id='line_1_55' title="bbox 444 3591 2004 3660; baseline -0.006 -13"><span class='ocrx_word' id='word_1_451' title='bbox 444 3600 641 3659; x_wconf 85' lang='lat' dir='ltr'><strong>ceptum</strong></span> <span class='ocrx_word' id='word_1_452' title='bbox 665 3599 764 3659; x_wconf 85' lang='lat' dir='ltr'><strong>est,</strong></span> <span class='ocrx_word' id='word_1_453' title='bbox 787 3593 920 3658; x_wconf 88' lang='lat' dir='ltr'><strong>qnod</strong></span> <span class='ocrx_word' id='word_1_454' title='bbox 947 3595 1096 3660; x_wconf 81' lang='lat' dir='ltr'><strong>magis</strong></span> <span class='ocrx_word' id='word_1_455' title='bbox 1119 3593 1181 3645; x_wconf 86' lang='lat' dir='ltr'><strong>ad</strong></span> <span class='ocrx_word' id='word_1_456' title='bbox 1204 3594 1458 3644; x_wconf 88' lang='lat' dir='ltr'><strong>sanitatem</strong></span> <span class='ocrx_word' id='word_1_457' title='bbox 1479 3591 1649 3653; x_wconf 81' lang='lat' dir='ltr'><strong>faciat,</strong></span> <span class='ocrx_word' id='word_1_458' title='bbox 1682 3603 1829 3654; x_wconf 88' lang='lat' dir='ltr'><strong>quam</strong></span> <span class='ocrx_word' id='word_1_459' title='bbox 1852 3602 2004 3652; x_wconf 86' lang='lat' dir='ltr'><strong>quum</strong></span> 
     </span>
     <span class='ocr_line' id='line_1_56' title="bbox 450 3666 2006 3734; baseline -0.005 -10"><span class='ocrx_word' id='word_1_460' title='bbox 450 3677 673 3734; x_wconf 86' lang='lat' dir='ltr'><strong>monent,</strong></span> <span class='ocrx_word' id='word_1_461' title='bbox 707 3672 919 3723; x_wconf 86' lang='lat' dir='ltr'><strong>dandam</strong></span> <span class='ocrx_word' id='word_1_462' title='bbox 942 3684 1045 3722; x_wconf 85' lang='lat' dir='ltr'><strong>esse</strong></span> <span class='ocrx_word' id='word_1_463' title='bbox 1078 3683 1272 3734; x_wconf 89' lang='lat' dir='ltr'><strong>operam</strong></span> <span class='ocrx_word' id='word_1_464' title='bbox 1313 3671 1369 3719; x_wconf 88' lang='lat' dir='ltr'><strong>ut</strong></span> <span class='ocrx_word' id='word_1_465' title='bbox 1404 3681 1554 3732; x_wconf 90' lang='lat' dir='ltr'><strong>quam</strong></span> <span class='ocrx_word' id='word_1_466' title='bbox 1586 3667 1872 3731; x_wconf 84' lang='lat' dir='ltr'><strong>paucissima</strong></span> <span class='ocrx_word' id='word_1_467' title='bbox 1903 3666 2006 3717; x_wconf 81' lang='lat' dir='ltr'><strong>fieri</strong></span> 
     </span>
     <span class='ocr_line' id='line_1_57' title="bbox 447 3744 2007 3814; baseline -0.005 -14"><span class='ocrx_word' id='word_1_468' title='bbox 447 3751 606 3814; x_wconf 82' lang='lat' dir='ltr'><strong>potest</strong></span> <span class='ocrx_word' id='word_1_469' title='bbox 627 3751 933 3800; x_wconf 75' lang='lat' dir='ltr'><strong>excrementa</strong></span> <span class='ocrx_word' id='word_1_470' title='bbox 951 3747 1206 3811; x_wconf 76' lang='lat' dir='ltr'><strong>gignantur</strong></span> <span class='ocrx_word' id='word_1_471' title='bbox 1232 3766 1244 3796; x_wconf 90' lang='lat'>:</span> <span class='ocrx_word' id='word_1_472' title='bbox 1260 3761 1289 3796; x_wconf 89' lang='lat' dir='ltr'><strong>a</strong></span> <span class='ocrx_word' id='word_1_473' title='bbox 1308 3746 1484 3809; x_wconf 86' lang='lat' dir='ltr'><strong>quibus</strong></span> <span class='ocrx_word' id='word_1_474' title='bbox 1499 3758 1640 3808; x_wconf 87' lang='lat' dir='ltr'><strong>porro</strong></span> <span class='ocrx_word' id='word_1_475' title='bbox 1660 3744 1729 3794; x_wconf 84' lang='lat' dir='ltr'><strong>illi</strong></span> <span class='ocrx_word' id='word_1_476' title='bbox 1744 3745 2007 3806; x_wconf 78' lang='lat' dir='ltr'><strong>expurgata</strong></span> 
     </span>
     <span class='ocr_line' id='line_1_58' title="bbox 442 3821 2007 3892; baseline -0.005 -14"><span class='ocrx_word' id='word_1_477' title='bbox 442 3841 648 3892; x_wconf 73' lang='lat' dir='ltr'><strong>corpora</strong></span> <span class='ocrx_word' id='word_1_478' title='bbox 658 3828 887 3891; x_wconf 83' lang='lat' dir='ltr'><strong>perpetuo</strong></span> <span class='ocrx_word' id='word_1_479' title='bbox 897 3825 1241 3876; x_wconf 73' lang='lat' dir='ltr'><strong>conservabant</strong></span> <span class='ocrx_word' id='word_1_480' title='bbox 1253 3842 1267 3885; x_wconf 79' lang='lat'><em>3</em></span> <span class='ocrx_word' id='word_1_481' title='bbox 1281 3825 1456 3887; x_wconf 87' lang='lat' dir='ltr'><strong>quippe</strong></span> <span class='ocrx_word' id='word_1_482' title='bbox 1470 3837 1621 3887; x_wconf 89' lang='lat' dir='ltr'><strong>quum</strong></span> <span class='ocrx_word' id='word_1_483' title='bbox 1632 3836 1789 3886; x_wconf 89' lang='lat' dir='ltr'><strong>neque</strong></span> <span class='ocrx_word' id='word_1_484' title='bbox 1803 3821 2007 3871; x_wconf 81' lang='lat' dir='ltr'><strong>validius</strong></span> 
     </span>
     <span class='ocr_line' id='line_1_59' title="bbox 450 3901 2006 3969; baseline -0.006 -12"><span class='ocrx_word' id='word_1_485' title='bbox 450 3910 622 3957; x_wconf 85' lang='lat' dir='ltr'><strong>natura</strong></span> <span class='ocrx_word' id='word_1_486' title='bbox 635 3904 850 3969; x_wconf 87' lang='lat' dir='ltr'><strong>corporis</strong></span> <span class='ocrx_word' id='word_1_487' title='bbox 871 3904 945 3955; x_wconf 86' lang='lat' dir='ltr'><strong>sui</strong></span> <span class='ocrx_word' id='word_1_488' title='bbox 960 3941 975 3966; x_wconf 87' lang='lat'><strong><em>‚</em></strong></span> <span class='ocrx_word' id='word_1_489' title='bbox 1003 3904 1087 3955; x_wconf 85' lang='lat' dir='ltr'><strong>sed</strong></span> <span class='ocrx_word' id='word_1_490' title='bbox 1115 3903 1423 3964; x_wconf 78' lang='lat' dir='ltr'><strong>imbecillius,</strong></span> <span class='ocrx_word' id='word_1_491' title='bbox 1456 3915 1613 3966; x_wconf 86' lang='lat' dir='ltr'><strong>neque</strong></span> <span class='ocrx_word' id='word_1_492' title='bbox 1634 3901 1839 3964; x_wconf 88' lang='lat' dir='ltr'><strong>amplius</strong></span> <span class='ocrx_word' id='word_1_493' title='bbox 1860 3910 2006 3963; x_wconf 87' lang='lat' dir='ltr'><strong>quam</strong></span> 
     </span>
     <span class='ocr_line' id='line_1_60' title="bbox 450 3977 2008 4043; baseline -0.004 -9"><span class='ocrx_word' id='word_1_494' title='bbox 450 3983 754 4034; x_wconf 83' lang='lat' dir='ltr'><strong>moderatum</strong></span> <span class='ocrx_word' id='word_1_495' title='bbox 785 3983 910 4033; x_wconf 84' lang='lat' dir='ltr'><strong>esset</strong></span> <span class='ocrx_word' id='word_1_496' title='bbox 940 3980 1004 4030; x_wconf 90' lang='lat' dir='ltr'><strong>ob</strong></span> <span class='ocrx_word' id='word_1_497' title='bbox 1038 3983 1253 4043; x_wconf 83' lang='lat' dir='ltr'><strong>paratam</strong></span> <span class='ocrx_word' id='word_1_498' title='bbox 1288 3993 1449 4029; x_wconf 85' lang='lat' dir='ltr'><strong>rerum</strong></span> <span class='ocrx_word' id='word_1_499' title='bbox 1487 3978 1702 4042; x_wconf 86' lang='lat' dir='ltr'><strong>copiam,</strong></span> <span class='ocrx_word' id='word_1_500' title='bbox 1734 3978 1831 4028; x_wconf 89' lang='lat' dir='ltr'><strong>imo</strong></span> <span class='ocrx_word' id='word_1_501' title='bbox 1849 3977 2008 4027; x_wconf 87' lang='lat' dir='ltr'><strong>minus</strong></span> 
     </span>
     <span class='ocr_line' id='line_1_61' title="bbox 448 4054 2006 4123; baseline -0.003 -15"><span class='ocrx_word' id='word_1_502' title='bbox 448 4062 734 4123; x_wconf 74' lang='lat' dir='ltr'><strong>plerumque</strong></span> <span class='ocrx_word' id='word_1_503' title='bbox 752 4058 816 4107; x_wconf 92' lang='lat' dir='ltr'><strong>ob</strong></span> <span class='ocrx_word' id='word_1_504' title='bbox 840 4057 1084 4121; x_wconf 87' lang='lat' dir='ltr'><strong>penuriam</strong></span> <span class='ocrx_word' id='word_1_505' title='bbox 1099 4093 1115 4119; x_wconf 87' lang='lat'><em>,</em></span> <span class='ocrx_word' id='word_1_506' title='bbox 1133 4070 1278 4120; x_wconf 85' lang='lat' dir='ltr'><strong>quam</strong></span> <span class='ocrx_word' id='word_1_507' title='bbox 1300 4060 1424 4105; x_wconf 60' lang='lat' dir='ltr'><strong>asset</strong></span> <span class='ocrx_word' id='word_1_508' title='bbox 1455 4054 1596 4113; x_wconf 84' lang='lat' dir='ltr'><strong>satis,</strong></span> <span class='ocrx_word' id='word_1_509' title='bbox 1620 4054 1901 4104; x_wconf 83' lang='lat' dir='ltr'><strong>alimentum</strong></span> <span class='ocrx_word' id='word_1_510' title='bbox 1923 4067 2006 4104; x_wconf 89' lang='lat' dir='ltr'><strong>su-</strong></span> 
     </span>
     <span class='ocr_line' id='line_1_62' title="bbox 450 4131 2010 4196; baseline -0.004 -11"><span class='ocrx_word' id='word_1_511' title='bbox 450 4139 654 4187; x_wconf 85' lang='lat' dir='ltr'><strong>merent.</strong></span> <span class='ocrx_word' id='word_1_512' title='bbox 711 4133 840 4193; x_wconf 88' lang='lat' dir='ltr'><strong>Quin</strong></span> <span class='ocrx_word' id='word_1_513' title='bbox 875 4145 1034 4196; x_wconf 87' lang='lat' dir='ltr'><strong>neque</strong></span> <span class='ocrx_word' id='word_1_514' title='bbox 1068 4132 1194 4183; x_wconf 89' lang='lat' dir='ltr'><strong>bella</strong></span> <span class='ocrx_word' id='word_1_515' title='bbox 1234 4146 1390 4194; x_wconf 84' lang='lat' dir='ltr'><strong>neque</strong></span> <span class='ocrx_word' id='word_1_516' title='bbox 1428 4131 1686 4183; x_wconf 75' lang='lat' dir='ltr'><strong>seditiones</strong></span> <span class='ocrx_word' id='word_1_517' title='bbox 1724 4132 1848 4181; x_wconf 86' lang='lat' dir='ltr'><strong>inter</strong></span> <span class='ocrx_word' id='word_1_518' title='bbox 1881 4131 2010 4192; x_wconf 87' lang='lat' dir='ltr'><strong>ipsos</strong></span> 
     </span>
     <span class='ocr_line' id='line_1_63' title="bbox 442 4207 2008 4276; baseline -0.003 -12"><span class='ocrx_word' id='word_1_519' title='bbox 442 4215 588 4264; x_wconf 82' lang='lat' dir='ltr'><strong>erant</strong></span> <span class='ocrx_word' id='word_1_520' title='bbox 603 4250 618 4275; x_wconf 91' lang='lat'>‚</span> <span class='ocrx_word' id='word_1_521' title='bbox 644 4225 797 4276; x_wconf 88' lang='lat' dir='ltr'><strong>quum</strong></span> <span class='ocrx_word' id='word_1_522' title='bbox 816 4211 1005 4261; x_wconf 89' lang='lat' dir='ltr'><strong>nullum</strong></span> <span class='ocrx_word' id='word_1_523' title='bbox 1031 4209 1288 4274; x_wconf 75' lang='lat' dir='ltr'><strong>proemium</strong></span> <span class='ocrx_word' id='word_1_524' title='bbox 1311 4211 1361 4258; x_wconf 89' lang='lat' dir='ltr'><strong>in</strong></span> <span class='ocrx_word' id='word_1_525' title='bbox 1380 4207 1540 4259; x_wconf 89' lang='lat' dir='ltr'><strong>medio</strong></span> <span class='ocrx_word' id='word_1_526' title='bbox 1569 4208 1866 4273; x_wconf 83' lang='lat' dir='ltr'><strong>propositum</strong></span> <span class='ocrx_word' id='word_1_527' title='bbox 1889 4208 2008 4270; x_wconf 82' lang='lat' dir='ltr'><strong>ejus-</strong></span> 
     </span>
     <span class='ocr_line' id='line_1_64' title="bbox 452 4284 2007 4352; baseline -0.004 -12"><span class='ocrx_word' id='word_1_528' title='bbox 452 4290 581 4340; x_wconf 85' lang='lat' dir='ltr'><strong>modi</strong></span> <span class='ocrx_word' id='word_1_529' title='bbox 600 4290 834 4341; x_wconf 84' lang='lat' dir='ltr'><strong>haberent</strong></span> <span class='ocrx_word' id='word_1_530' title='bbox 849 4326 864 4352; x_wconf 91' lang='lat'>,</span> <span class='ocrx_word' id='word_1_531' title='bbox 889 4300 977 4351; x_wconf 87' lang='lat' dir='ltr'><strong>pro</strong></span> <span class='ocrx_word' id='word_1_532' title='bbox 1014 4301 1110 4351; x_wconf 90' lang='lat' dir='ltr'><strong>quo</strong></span> <span class='ocrx_word' id='word_1_533' title='bbox 1138 4286 1443 4350; x_wconf 86' lang='lat' dir='ltr'><strong>adipiscendo</strong></span> <span class='ocrx_word' id='word_1_534' title='bbox 1461 4284 1701 4349; x_wconf 79' lang='lat' dir='ltr'><strong>suscipere</strong></span> <span class='ocrx_word' id='word_1_535' title='bbox 1730 4287 1880 4336; x_wconf 87' lang='lat' dir='ltr'><strong>ullam</strong></span> <span class='ocrx_word' id='word_1_536' title='bbox 1899 4299 2007 4335; x_wconf 88' lang='lat' dir='ltr'><strong>con·</strong></span> 
     </span>
     <span class='ocr_line' id='line_1_65' title="bbox 445 4363 2007 4430; baseline -0.003 -12"><span class='ocrx_word' id='word_1_537' title='bbox 445 4368 711 4418; x_wconf 70' lang='lat' dir='ltr'><strong>tentionem</strong></span> <span class='ocrx_word' id='word_1_538' title='bbox 731 4366 967 4430; x_wconf 75' lang='lat' dir='ltr'><strong>quispiam</strong></span> <span class='ocrx_word' id='word_1_539' title='bbox 985 4364 1130 4414; x_wconf 79' lang='lat' dir='ltr'><strong>vellet</strong></span> <span class='ocrx_word' id='word_1_540' title='bbox 1155 4384 1167 4413; x_wconf 67' lang='grc' dir='ltr'><strong>ε</strong></span> <span class='ocrx_word' id='word_1_541' title='bbox 1188 4365 1256 4413; x_wconf 85' lang='lat' dir='ltr'><strong>ita</strong></span> <span class='ocrx_word' id='word_1_542' title='bbox 1270 4367 1326 4413; x_wconf 89' lang='lat' dir='ltr'><strong>ut</strong></span> <span class='ocrx_word' id='word_1_543' title='bbox 1338 4375 1527 4413; x_wconf 87' lang='lat' dir='ltr'><strong>summa</strong></span> <span class='ocrx_word' id='word_1_544' title='bbox 1544 4363 1692 4413; x_wconf 87' lang='lat' dir='ltr'><strong>totins</strong></span> <span class='ocrx_word' id='word_1_545' title='bbox 1709 4375 1875 4414; x_wconf 86' lang='lat' dir='ltr'><strong>eorum</strong></span> <span class='ocrx_word' id='word_1_546' title='bbox 1894 4364 2007 4413; x_wconf 66' lang='lat' dir='ltr'><strong>vitaz</strong></span> 
     </span>
     <span class='ocr_line' id='line_1_66' title="bbox 451 4439 2006 4505; baseline -0.003 -11"><span class='ocrx_word' id='word_1_547' title='bbox 451 4445 569 4495; x_wconf 82' lang='lat' dir='ltr'><strong>nibil</strong></span> <span class='ocrx_word' id='word_1_548' title='bbox 599 4442 733 4494; x_wconf 85' lang='lat' dir='ltr'><strong>aliud</strong></span> <span class='ocrx_word' id='word_1_549' title='bbox 754 4445 908 4505; x_wconf 74' lang='lat' dir='ltr'><strong>esset,</strong></span> <span class='ocrx_word' id='word_1_550' title='bbox 941 4455 1088 4504; x_wconf 87' lang='lat' dir='ltr'><strong>quam</strong></span> <span class='ocrx_word' id='word_1_551' title='bbox 1116 4441 1272 4492; x_wconf 87' lang='lat' dir='ltr'><strong>otium</strong></span> <span class='ocrx_word' id='word_1_552' title='bbox 1306 4439 1509 4503; x_wconf 85' lang='lat' dir='ltr'><strong>etquies</strong></span> <span class='ocrx_word' id='word_1_553' title='bbox 1546 4452 1574 4490; x_wconf 86' lang='lat' dir='ltr'><strong>a</strong></span> <span class='ocrx_word' id='word_1_554' title='bbox 1609 4439 1886 4490; x_wconf 85' lang='lat' dir='ltr'><strong>necessariis</strong></span> <span class='ocrx_word' id='word_1_555' title='bbox 1918 4440 2006 4490; x_wconf 79' lang='lat' dir='ltr'><strong>sibi</strong></span> 
     </span>
     <span class='ocr_line' id='line_1_67' title="bbox 448 4517 2010 4585; baseline -0.002 -14"><span class='ocrx_word' id='word_1_556' title='bbox 448 4521 839 4585; x_wconf 74' lang='lat' dir='ltr'><strong>suppeditandis,</strong></span> <span class='ocrx_word' id='word_1_557' title='bbox 866 4520 1075 4584; x_wconf 81' lang='lat' dir='ltr'><strong>sanitas,</strong></span> <span class='ocrx_word' id='word_1_558' title='bbox 1104 4533 1227 4583; x_wconf 84' lang='lat' dir='ltr'><strong>pax,</strong></span> <span class='ocrx_word' id='word_1_559' title='bbox 1255 4519 1484 4570; x_wconf 85' lang='lat' dir='ltr'><strong>amicitia.</strong></span> <span class='ocrx_word' id='word_1_560' title='bbox 1519 4517 1663 4570; x_wconf 87' lang='lat' dir='ltr'><strong>Unde</strong></span> <span class='ocrx_word' id='word_1_561' title='bbox 1698 4519 1896 4582; x_wconf 79' lang='lat' dir='ltr'><strong>posteris</strong></span> <span class='ocrx_word' id='word_1_562' title='bbox 1921 4520 2010 4582; x_wconf 88' lang='lat' dir='ltr'><strong>qui</strong></span> 
     </span>
     <span class='ocr_line' id='line_1_68' title="bbox 454 4595 2010 4661; baseline -0.001 -12"><span class='ocrx_word' id='word_1_563' title='bbox 454 4599 705 4661; x_wconf 83' lang='lat' dir='ltr'><strong>propterea</strong></span> <span class='ocrx_word' id='word_1_564' title='bbox 732 4598 865 4660; x_wconf 85' lang='lat' dir='ltr'><strong>quod</strong></span> <span class='ocrx_word' id='word_1_565' title='bbox 901 4597 1085 4660; x_wconf 75' lang='lat' dir='ltr'><strong>maiora</strong></span> <span class='ocrx_word' id='word_1_566' title='bbox 1102 4595 1466 4660; x_wconf 85' lang='lat' dir='ltr'><strong>appetivissent‚</strong></span> <span class='ocrx_word' id='word_1_567' title='bbox 1488 4596 1536 4646; x_wconf 92' lang='lat' dir='ltr'><strong>in</strong></span> <span class='ocrx_word' id='word_1_568' title='bbox 1569 4597 1723 4646; x_wconf 85' lang='lat' dir='ltr'><strong>multa</strong></span> <span class='ocrx_word' id='word_1_569' title='bbox 1742 4596 1870 4646; x_wconf 87' lang='lat' dir='ltr'><strong>mala</strong></span> <span class='ocrx_word' id='word_1_570' title='bbox 1890 4597 2010 4647; x_wconf 85' lang='lat' dir='ltr'><strong>inci·</strong></span> 
     </span>
     <span class='ocr_line' id='line_1_69' title="bbox 445 4673 2004 4738; baseline 0 -15"><span class='ocrx_word' id='word_1_571' title='bbox 445 4675 651 4736; x_wconf 76' lang='lat' dir='ltr'><strong>derant,</strong></span> <span class='ocrx_word' id='word_1_572' title='bbox 684 4673 1008 4724; x_wconf 77' lang='lat' dir='ltr'><strong>desiderabilis</strong></span> <span class='ocrx_word' id='word_1_573' title='bbox 1045 4674 1377 4736; x_wconf 68' lang='grc' dir='ltr'>Ιιιῇιιεοεωοάἰ</span> <span class='ocrx_word' id='word_1_574' title='bbox 1417 4673 1519 4723; x_wconf 72' lang='lat' dir='ltr'><strong>vita</strong></span> <span class='ocrx_word' id='word_1_575' title='bbox 1563 4674 1738 4725; x_wconf 87' lang='lat' dir='ltr'><strong>merito</strong></span> <span class='ocrx_word' id='word_1_576' title='bbox 1769 4676 2004 4738; x_wconf 80' lang='lat' dir='ltr'><strong>apparuit.</strong></span> 
     </span>
     <span class='ocr_line' id='line_1_70' title="bbox 454 4750 2006 4815; baseline 0 -15"><span class='ocrx_word' id='word_1_577' title='bbox 454 4752 624 4800; x_wconf 78' lang='lat' dir='ltr'><strong>Victus</strong></span> <span class='ocrx_word' id='word_1_578' title='bbox 660 4752 823 4800; x_wconf 83' lang='lat' dir='ltr'><strong>antem</strong></span> <span class='ocrx_word' id='word_1_579' title='bbox 855 4751 1138 4801; x_wconf 78' lang='lat' dir='ltr'><strong>tenuitatem</strong></span> <span class='ocrx_word' id='word_1_580' title='bbox 1176 4751 1357 4801; x_wconf 86' lang='lat' dir='ltr'><strong>nullius</strong></span> <span class='ocrx_word' id='word_1_581' title='bbox 1379 4754 1635 4814; x_wconf 84' lang='lat' dir='ltr'><strong>apparatus</strong></span> <span class='ocrx_word' id='word_1_582' title='bbox 1669 4750 1878 4815; x_wconf 80' lang='lat' dir='ltr'><strong>indigam</strong></span> <span class='ocrx_word' id='word_1_583' title='bbox 1909 4753 2006 4815; x_wconf 88' lang='lat' dir='ltr'><strong>pri-</strong></span> 
     </span>
     <span class='ocr_line' id='line_1_71' title="bbox 449 4826 2006 4892; baseline 0.002 -16"><span class='ocrx_word' id='word_1_584' title='bbox 449 4840 645 4876; x_wconf 77' lang='lat' dir='ltr'><strong>anorum</strong></span> <span class='ocrx_word' id='word_1_585' title='bbox 658 4826 850 4876; x_wconf 87' lang='lat' dir='ltr'><strong>illorum</strong></span> <span class='ocrx_word' id='word_1_586' title='bbox 872 4826 1121 4877; x_wconf 87' lang='lat' dir='ltr'><strong>hominum</strong></span> <span class='ocrx_word' id='word_1_587' title='bbox 1135 4828 1250 4879; x_wconf 79' lang='lat' dir='ltr'><strong>satis</strong></span> <span class='ocrx_word' id='word_1_588' title='bbox 1266 4826 1496 4891; x_wconf 81' lang='lat' dir='ltr'><strong>declarat,</strong></span> <span class='ocrx_word' id='word_1_589' title='bbox 1515 4827 1646 4891; x_wconf 85' lang='lat' dir='ltr'><strong>quod</strong></span> <span class='ocrx_word' id='word_1_590' title='bbox 1666 4827 1853 4878; x_wconf 84' lang='lat' dir='ltr'><strong>dietum</strong></span> <span class='ocrx_word' id='word_1_591' title='bbox 1872 4833 2006 4892; x_wconf 86' lang='lat' dir='ltr'><strong>post·</strong></span> 
     </span>
     <span class='ocr_line' id='line_1_72' title="bbox 455 4904 2010 4970; baseline 0.003 -17"><span class='ocrx_word' id='word_1_592' title='bbox 455 4918 512 4953; x_wconf 81' lang='lat' dir='ltr'><strong>ea</strong></span> <span class='ocrx_word' id='word_1_593' title='bbox 547 4904 666 4964; x_wconf 79' lang='lat' dir='ltr'><strong>fuit,</strong></span> <span class='ocrx_word' id='word_1_594' title='bbox 690 4905 826 4954; x_wconf 78' lang='lat' dir='ltr'><strong>Satis</strong></span> <span class='ocrx_word' id='word_1_595' title='bbox 845 4916 1092 4968; x_wconf 77' lang='lat' dir='ltr'><strong>quercus,-</strong></span> <span class='ocrx_word' id='word_1_596' title='bbox 1111 4918 1266 4969; x_wconf 86' lang='lat' dir='ltr'><strong>qnum</strong></span> <span class='ocrx_word' id='word_1_597' title='bbox 1283 4906 1363 4957; x_wconf 89' lang='lat' dir='ltr'><strong>ille</strong></span> <span class='ocrx_word' id='word_1_598' title='bbox 1383 4906 1469 4969; x_wconf 81' lang='lat' dir='ltr'><strong>qui</strong></span> <span class='ocrx_word' id='word_1_599' title='bbox 1501 4905 1685 4968; x_wconf 85' lang='lat' dir='ltr'><strong>primus</strong></span> <span class='ocrx_word' id='word_1_600' title='bbox 1701 4919 1861 4970; x_wconf 68' lang='lat' dir='ltr'><strong>parem</strong></span> <span class='ocrx_word' id='word_1_601' title='bbox 1878 4908 2010 4958; x_wconf 83' lang='lat' dir='ltr'><strong>illius</strong></span> 
     </span>
     <span class='ocr_line' id='line_1_73' title="bbox 452 4981 2008 5047; baseline 0.004 -17"><span class='ocrx_word' id='word_1_602' title='bbox 452 4983 570 5033; x_wconf 73' lang='lat' dir='ltr'><strong>vitae</strong></span> <span class='ocrx_word' id='word_1_603' title='bbox 586 4981 902 5032; x_wconf 74' lang='lat' dir='ltr'><strong>mutationem</strong></span> <span class='ocrx_word' id='word_1_604' title='bbox 919 4984 994 5034; x_wconf 85' lang='lat' dir='ltr'><strong>est</strong></span> <span class='ocrx_word' id='word_1_605' title='bbox 1017 4995 1288 5047; x_wconf 76' lang='lat' dir='ltr'><strong>aggressus,</strong></span> <span class='ocrx_word' id='word_1_606' title='bbox 1312 4984 1488 5036; x_wconf 76' lang='lat' dir='ltr'><strong>dixisse</strong></span> <span class='ocrx_word' id='word_1_607' title='bbox 1500 4984 1550 5035; x_wconf 88' lang='lat' dir='ltr'><strong>id</strong></span> <span class='ocrx_word' id='word_1_608' title='bbox 1567 4984 1823 5036; x_wconf 83' lang='lat' dir='ltr'><strong>verisimile</strong></span> <span class='ocrx_word' id='word_1_609' title='bbox 1832 4985 1909 5037; x_wconf 84' lang='lat' dir='ltr'><strong>sit.</strong></span> <span class='ocrx_word' id='word_1_610' title='bbox 1931 4988 2008 5038; x_wconf 85' lang='lat' dir='ltr'><strong>Si-</strong></span> 
     </span>
     <span class='ocr_line' id='line_1_74' title="bbox 454 5059 2006 5124; baseline 0.004 -16"><span class='ocrx_word' id='word_1_611' title='bbox 454 5060 745 5111; x_wconf 76' lang='lat' dir='ltr'><strong>mutantem</strong></span> <span class='ocrx_word' id='word_1_612' title='bbox 762 5071 873 5109; x_wconf 80' lang='lat' dir='ltr'><strong>cum</strong></span> <span class='ocrx_word' id='word_1_613' title='bbox 896 5072 954 5111; x_wconf 88' lang='lat' dir='ltr'><strong>eo</strong></span> <span class='ocrx_word' id='word_1_614' title='bbox 984 5060 1132 5110; x_wconf 81' lang='lat' dir='ltr'><strong>verbo</strong></span> <span class='ocrx_word' id='word_1_615' title='bbox 1150 5059 1251 5112; x_wconf 77' lang='lat' dir='ltr'><strong>vita</strong></span> <span class='ocrx_word' id='word_1_616' title='bbox 1271 5060 1527 5124; x_wconf 75' lang='lat' dir='ltr'><strong>pastoricia</strong></span> <span class='ocrx_word' id='word_1_617' title='bbox 1546 5060 1822 5113; x_wconf 78' lang='lat' dir='ltr'><strong>introducta</strong></span> <span class='ocrx_word' id='word_1_618' title='bbox 1841 5065 1930 5114; x_wconf 77' lang='lat' dir='ltr'><strong>est.</strong></span> <span class='ocrx_word' id='word_1_619' title='bbox 1952 5067 2006 5114; x_wconf 81' lang='lat' dir='ltr'><strong>ln</strong></span> 
     </span>
     <span class='ocr_line' id='line_1_75' title="bbox 453 5138 2008 5204; baseline 0.005 -20"><span class='ocrx_word' id='word_1_620' title='bbox 453 5150 558 5201; x_wconf 86' lang='lat' dir='ltr'><strong>qua</strong></span> <span class='ocrx_word' id='word_1_621' title='bbox 585 5139 634 5188; x_wconf 83' lang='lat' dir='ltr'><strong>et</strong></span> <span class='ocrx_word' id='word_1_622' title='bbox 664 5149 1038 5201; x_wconf 84' lang='lat' dir='ltr'><strong>supervacaneas</strong></span> <span class='ocrx_word' id='word_1_623' title='bbox 1063 5138 1166 5200; x_wconf 77' lang='lat' dir='ltr'><strong>iam</strong></span> <span class='ocrx_word' id='word_1_624' title='bbox 1185 5139 1501 5201; x_wconf 68' lang='lat' dir='ltr'><strong>possessiones</strong></span> <span class='ocrx_word' id='word_1_625' title='bbox 1520 5139 1610 5190; x_wconf 87' lang='lat' dir='ltr'><strong>sibi</strong></span> <span class='ocrx_word' id='word_1_626' title='bbox 1639 5141 2008 5204; x_wconf 78' lang='lat' dir='ltr'><strong>comparabant,</strong></span> 
     </span>
    </p>
   </div>
   <div class='ocr_carea' id='block_1_15' title="bbox 2091 2474 2895 2673">
    <p class='ocr_par' dir='ltr' id='par_1_15' title="bbox 2091 2474 2895 2673">
     <span class='ocr_line' id='line_1_76' title="bbox 2091 2474 2433 2531; baseline -0.006 0"><span class='ocrx_word' id='word_1_627' title='bbox 2091 2474 2433 2531; x_wconf 83' lang='lat' dir='ltr'><strong>Eoistenius.</strong></span> 
     </span>
     <span class='ocr_line' id='line_1_77' title="bbox 2841 2618 2895 2673; baseline 0.019 -1"><span class='ocrx_word' id='word_1_628' title='bbox 2841 2618 2895 2673; x_wconf 85' lang='lat'><strong>3.</strong></span> 
     </span>
    </p>
   </div>
   <div class='ocr_carea' id='block_1_16' title="bbox 2087 2757 3656 3183">
    <p class='ocr_par' dir='ltr' id='par_1_16' title="bbox 2087 2757 3656 3183">
     <span class='ocr_line' id='line_1_78' title="bbox 2169 2757 3647 2832; baseline -0.003 -14"><span class='ocrx_word' id='word_1_629' title='bbox 2169 2760 2505 2818; x_wconf 83' lang='lat' dir='ltr'><strong>Censorinus</strong></span> <span class='ocrx_word' id='word_1_630' title='bbox 2529 2762 2614 2814; x_wconf 91' lang='lat' dir='ltr'><strong>De</strong></span> <span class='ocrx_word' id='word_1_631' title='bbox 2638 2757 2730 2814; x_wconf 88' lang='lat' dir='ltr'><strong>die</strong></span> <span class='ocrx_word' id='word_1_632' title='bbox 2757 2769 2871 2816; x_wconf 83' lang='lat' dir='ltr'><strong>nat.</strong></span> <span class='ocrx_word' id='word_1_633' title='bbox 2895 2777 2947 2816; x_wconf 89' lang='lat' dir='ltr'><strong>c.</strong></span> <span class='ocrx_word' id='word_1_634' title='bbox 2986 2764 3017 2823; x_wconf 73' lang='grc'>4</span> <span class='ocrx_word' id='word_1_635' title='bbox 3045 2777 3059 2813; x_wconf 87' lang='lat'>:</span> <span class='ocrx_word' id='word_1_636' title='bbox 3087 2760 3209 2813; x_wconf 72' lang='lat' dir='ltr'><strong>Alie·</strong></span> <span class='ocrx_word' id='word_1_637' title='bbox 3228 2776 3452 2832; x_wconf 80' lang='lat' dir='ltr'><strong>semper</strong></span> <span class='ocrx_word' id='word_1_638' title='bbox 3470 2758 3647 2814; x_wconf 81' lang='lat' dir='ltr'><strong>homi-</strong></span> 
     </span>
     <span class='ocr_line' id='line_1_79' title="bbox 2088 2844 3653 2921; baseline 0 -19"><span class='ocrx_word' id='word_1_639' title='bbox 2088 2866 2188 2903; x_wconf 83' lang='lat' dir='ltr'><strong>nes</strong></span> <span class='ocrx_word' id='word_1_640' title='bbox 2193 2844 2381 2918; x_wconf 74' lang='lat' dir='ltr'><strong>fuisse</strong></span> <span class='ocrx_word' id='word_1_641' title='bbox 2407 2865 2509 2900; x_wconf 81' lang='lat' dir='ltr'><strong>nec</strong></span> <span class='ocrx_word' id='word_1_642' title='bbox 2527 2845 2787 2920; x_wconf 72' lang='lat' dir='ltr'><strong>umquam</strong></span> <span class='ocrx_word' id='word_1_643' title='bbox 2816 2864 2890 2900; x_wconf 73' lang='lat' dir='ltr'><strong>ex</strong></span> <span class='ocrx_word' id='word_1_644' title='bbox 2924 2845 3235 2901; x_wconf 76' lang='lat' dir='ltr'><strong>hominibus</strong></span> <span class='ocrx_word' id='word_1_645' title='bbox 3260 2857 3444 2915; x_wconf 71' lang='lat' dir='ltr'><strong>natm,</strong></span> <span class='ocrx_word' id='word_1_646' title='bbox 3488 2858 3653 2921; x_wconf 81' lang='lat' dir='ltr'><strong>atque</strong></span> 
     </span>
     <span class='ocr_line' id='line_1_80' title="bbox 2089 2933 3655 3008; baseline 0.001 -19"><span class='ocrx_word' id='word_1_647' title='bbox 2089 2952 2271 2991; x_wconf 76' lang='lat' dir='ltr'><strong>eorum</strong></span> <span class='ocrx_word' id='word_1_648' title='bbox 2299 2935 2491 3006; x_wconf 75' lang='lat' dir='ltr'><strong>generi</strong></span> <span class='ocrx_word' id='word_1_649' title='bbox 2520 2943 2690 3006; x_wconf 80' lang='lat' dir='ltr'><strong>caput</strong></span> <span class='ocrx_word' id='word_1_650' title='bbox 2722 2933 3114 3008; x_wconf 77' lang='lat' dir='ltr'><strong>exordiumque</strong></span> <span class='ocrx_word' id='word_1_651' title='bbox 3143 2934 3354 2988; x_wconf 83' lang='lat' dir='ltr'><strong>nullum</strong></span> <span class='ocrx_word' id='word_1_652' title='bbox 3382 2938 3655 2990; x_wconf 71' lang='lat' dir='ltr'><strong>exstitisse</strong></span> 
     </span>
     <span class='ocr_line' id='line_1_81' title="bbox 2088 3016 3656 3095; baseline 0.001 -19"><span class='ocrx_word' id='word_1_653' title='bbox 2088 3018 2347 3076; x_wconf 72' lang='lat' dir='ltr'><strong>arbitr-asi</strong></span> <span class='ocrx_word' id='word_1_654' title='bbox 2363 3031 2519 3088; x_wconf 82' lang='lat' dir='ltr'><strong>sunt‚·</strong></span> <span class='ocrx_word' id='word_1_655' title='bbox 2545 3021 2652 3075; x_wconf 79' lang='lat' dir='ltr'><strong>alii</strong></span> <span class='ocrx_word' id='word_1_656' title='bbox 2665 3038 2785 3075; x_wconf 76' lang='lat' dir='ltr'><strong>vero</strong></span> <span class='ocrx_word' id='word_1_657' title='bbox 2786 3016 2969 3090; x_wconf 75' lang='lat' dir='ltr'><strong>fuisse</strong></span> <span class='ocrx_word' id='word_1_658' title='bbox 2992 3031 3203 3095; x_wconf 80' lang='lat' dir='ltr'><strong>tempus</strong></span> <span class='ocrx_word' id='word_1_659' title='bbox 3221 3039 3383 3094; x_wconf 84' lang='lat' dir='ltr'><strong>quum</strong></span> <span class='ocrx_word' id='word_1_660' title='bbox 3405 3020 3656 3077; x_wconf 76' lang='lat' dir='ltr'><strong>homines</strong></span> 
     </span>
     <span class='ocr_line' id='line_1_82' title="bbox 2087 3104 3652 3183; baseline 0.001 -21"><span class='ocrx_word' id='word_1_661' title='bbox 2087 3125 2198 3162; x_wconf 82' lang='lat' dir='ltr'><strong>non</strong></span> <span class='ocrx_word' id='word_1_662' title='bbox 2228 3117 2431 3172; x_wconf 79' lang='lat' dir='ltr'><strong>essene,</strong></span> <span class='ocrx_word' id='word_1_663' title='bbox 2474 3117 2533 3162; x_wconf 86' lang='lat' dir='ltr'><strong>et</strong></span> <span class='ocrx_word' id='word_1_664' title='bbox 2553 3104 2641 3160; x_wconf 74' lang='lat' dir='ltr'><strong>his</strong></span> <span class='ocrx_word' id='word_1_665' title='bbox 2666 3116 2842 3161; x_wconf 72' lang='lat' dir='ltr'><strong>onum</strong></span> <span class='ocrx_word' id='word_1_666' title='bbox 2878 3106 3179 3181; x_wconf 75' lang='lat' dir='ltr'><strong>aquuancIo</strong></span> <span class='ocrx_word' id='word_1_667' title='bbox 3201 3110 3652 3183; x_wconf 76' lang='lat' dir='ltr'><strong>principiumque</strong></span> 
     </span>
    </p>
   </div>
   <div class='ocr_carea' id='block_1_17' title="bbox 2041 3193 3651 3268">
    <p class='ocr_par' dir='ltr' id='par_1_17' title="bbox 2041 3193 3651 3268">
     <span class='ocr_line' id='line_1_83' title="bbox 2041 3193 3651 3268; baseline 0.002 -22"><span class='ocrx_word' id='word_1_668' title='bbox 2041 3259 2044 3264; x_wconf 19' lang='grc' dir='ltr'><strong>μ</strong></span> <span class='ocrx_word' id='word_1_669' title='bbox 2087 3204 2287 3248; x_wconf 78' lang='lat' dir='ltr'><strong>natura</strong></span> <span class='ocrx_word' id='word_1_670' title='bbox 2309 3193 2584 3249; x_wconf 82' lang='lat' dir='ltr'><strong>tributum.</strong></span> <span class='ocrx_word' id='word_1_671' title='bbox 2606 3193 2724 3248; x_wconf 82' lang='lat' dir='ltr'><strong>Sed</strong></span> <span class='ocrx_word' id='word_1_672' title='bbox 2731 3197 2890 3266; x_wconf 77' lang='lat' dir='ltr'><strong>prior·</strong></span> <span class='ocrx_word' id='word_1_673' title='bbox 2908 3195 3010 3248; x_wconf 63' lang='lat' dir='ltr'><strong>{lla</strong></span> <span class='ocrx_word' id='word_1_674' title='bbox 3029 3199 3327 3262; x_wconf 69' lang='lat' dir='ltr'><strong>sententia,</strong></span> <span class='ocrx_word' id='word_1_675' title='bbox 3374 3214 3485 3268; x_wconf 84' lang='lat' dir='ltr'><strong>qua</strong></span> <span class='ocrx_word' id='word_1_676' title='bbox 3501 3214 3651 3251; x_wconf 80' lang='lat' dir='ltr'><strong>scm-</strong></span> 
     </span>
    </p>
   </div>
   <div class='ocr_carea' id='block_1_18' title="bbox 2093 3355 3652 3655">
    <p class='ocr_par' dir='ltr' id='par_1_18' title="bbox 2093 3355 3652 3655">
     <span class='ocr_line' id='line_1_84' title="bbox 2095 3355 3645 3421; baseline 0.003 -16"><span class='ocrx_word' id='word_1_677' title='bbox 2095 3359 2143 3405; x_wconf 88' lang='lat' dir='ltr'><strong>et</strong></span> <span class='ocrx_word' id='word_1_678' title='bbox 2165 3355 2453 3405; x_wconf 77' lang='lat' dir='ltr'><strong>animalibus</strong></span> <span class='ocrx_word' id='word_1_679' title='bbox 2469 3370 2663 3419; x_wconf 84' lang='lat' dir='ltr'><strong>quoque</strong></span> <span class='ocrx_word' id='word_1_680' title='bbox 2679 3369 2851 3406; x_wconf 86' lang='lat' dir='ltr'><strong>manus</strong></span> <span class='ocrx_word' id='word_1_681' title='bbox 2869 3357 3042 3407; x_wconf 75' lang='lat' dir='ltr'><strong>inferre</strong></span> <span class='ocrx_word' id='word_1_682' title='bbox 3055 3360 3321 3421; x_wconf 85' lang='lat' dir='ltr'><strong>coeperunt.</strong></span> <span class='ocrx_word' id='word_1_683' title='bbox 3339 3363 3506 3419; x_wconf 87' lang='lat' dir='ltr'><strong>Quum</strong></span> <span class='ocrx_word' id='word_1_684' title='bbox 3519 3360 3645 3410; x_wconf 78' lang='lat' dir='ltr'><strong>enirn</strong></span> 
     </span>
     <span class='ocr_line' id='line_1_85' title="bbox 2093 3432 3651 3496; baseline 0.003 -15"><span class='ocrx_word' id='word_1_685' title='bbox 2093 3433 2186 3482; x_wconf 88' lang='lat' dir='ltr'><strong>alia</strong></span> <span class='ocrx_word' id='word_1_686' title='bbox 2220 3432 2358 3482; x_wconf 79' lang='lat' dir='ltr'><strong>exiis</strong></span> <span class='ocrx_word' id='word_1_687' title='bbox 2381 3433 2602 3495; x_wconf 82' lang='lat' dir='ltr'><strong>innoxia,</strong></span> <span class='ocrx_word' id='word_1_688' title='bbox 2619 3433 2730 3482; x_wconf 77' lang='lat' dir='ltr'><strong>alia</strong></span> <span class='ocrx_word' id='word_1_689' title='bbox 2752 3433 2953 3496; x_wconf 82' lang='lat' dir='ltr'><strong>agrestia</strong></span> <span class='ocrx_word' id='word_1_690' title='bbox 2988 3436 3038 3484; x_wconf 84' lang='lat' dir='ltr'><strong>et</strong></span> <span class='ocrx_word' id='word_1_691' title='bbox 3065 3435 3282 3485; x_wconf 82' lang='lat' dir='ltr'><strong>malefica</strong></span> <span class='ocrx_word' id='word_1_692' title='bbox 3306 3449 3410 3486; x_wconf 80' lang='lat' dir='ltr'><strong>esse</strong></span> <span class='ocrx_word' id='word_1_693' title='bbox 3436 3436 3651 3486; x_wconf 86' lang='lat' dir='ltr'><strong>animad-</strong></span> 
     </span>
     <span class='ocr_line' id='line_1_86' title="bbox 2094 3511 3652 3576; baseline 0.003 -16"><span class='ocrx_word' id='word_1_694' title='bbox 2094 3511 2373 3573; x_wconf 76' lang='lat' dir='ltr'><strong>vertissent,</strong></span> <span class='ocrx_word' id='word_1_695' title='bbox 2393 3511 2454 3561; x_wconf 88' lang='lat' dir='ltr'><strong>ad</strong></span> <span class='ocrx_word' id='word_1_696' title='bbox 2472 3511 2730 3562; x_wconf 87' lang='lat' dir='ltr'><strong>cicuranda</strong></span> <span class='ocrx_word' id='word_1_697' title='bbox 2752 3513 2845 3561; x_wconf 89' lang='lat' dir='ltr'><strong>alia</strong></span> <span class='ocrx_word' id='word_1_698' title='bbox 2869 3512 3084 3562; x_wconf 88' lang='lat' dir='ltr'><strong>animum</strong></span> <span class='ocrx_word' id='word_1_699' title='bbox 3102 3513 3380 3574; x_wconf 86' lang='lat' dir='ltr'><strong>adjecerunt</strong></span> <span class='ocrx_word' id='word_1_700' title='bbox 3394 3551 3408 3576; x_wconf 88' lang='lat'><em>,</em></span> <span class='ocrx_word' id='word_1_701' title='bbox 3428 3514 3523 3563; x_wconf 85' lang='lat' dir='ltr'><strong>alia</strong></span> <span class='ocrx_word' id='word_1_702' title='bbox 3550 3515 3652 3564; x_wconf 76' lang='lat' dir='ltr'><strong>vio·</strong></span> 
     </span>
     <span class='ocr_line' id='line_1_87' title="bbox 2094 3590 3647 3655; baseline 0.002 -15"><span class='ocrx_word' id='word_1_703' title='bbox 2094 3590 2240 3641; x_wconf 86' lang='lat' dir='ltr'><strong>lentia</strong></span> <span class='ocrx_word' id='word_1_704' title='bbox 2257 3591 2525 3654; x_wconf 73' lang='lat' dir='ltr'><strong>opprimere</strong></span> <span class='ocrx_word' id='word_1_705' title='bbox 2538 3592 2695 3642; x_wconf 87' lang='lat' dir='ltr'><strong>conati</strong></span> <span class='ocrx_word' id='word_1_706' title='bbox 2719 3593 2848 3641; x_wconf 88' lang='lat' dir='ltr'><strong>sunt.</strong></span> <span class='ocrx_word' id='word_1_707' title='bbox 2871 3593 3027 3655; x_wconf 79' lang='lat' dir='ltr'><strong>Atque</strong></span> <span class='ocrx_word' id='word_1_708' title='bbox 3052 3592 3119 3641; x_wconf 90' lang='lat' dir='ltr'><strong>ita</strong></span> <span class='ocrx_word' id='word_1_709' title='bbox 3145 3592 3289 3642; x_wconf 89' lang='lat' dir='ltr'><strong>simul</strong></span> <span class='ocrx_word' id='word_1_710' title='bbox 3318 3607 3430 3642; x_wconf 89' lang='lat' dir='ltr'><strong>cum</strong></span> <span class='ocrx_word' id='word_1_711' title='bbox 3462 3605 3519 3643; x_wconf 87' lang='lat' dir='ltr'><strong>ea</strong></span> <span class='ocrx_word' id='word_1_712' title='bbox 3542 3593 3647 3643; x_wconf 81' lang='lat' dir='ltr'><strong>vita</strong></span> 
     </span>
    </p>
   </div>
   <div class='ocr_carea' id='block_1_19' title="bbox 2094 3666 3764 3732">
    <p class='ocr_par' dir='ltr' id='par_1_19' title="bbox 2094 3666 3764 3732">
     <span class='ocr_line' id='line_1_88' title="bbox 2094 3666 3764 3732; baseline -0.002 -14"><span class='ocrx_word' id='word_1_713' title='bbox 2094 3666 2278 3718; x_wconf 90' lang='lat' dir='ltr'><strong>bellum</strong></span> <span class='ocrx_word' id='word_1_714' title='bbox 2311 3681 2507 3732; x_wconf 89' lang='lat' dir='ltr'><strong>quoque</strong></span> <span class='ocrx_word' id='word_1_715' title='bbox 2531 3669 2860 3719; x_wconf 84' lang='lat' dir='ltr'><strong>introductum</strong></span> <span class='ocrx_word' id='word_1_716' title='bbox 2885 3672 2974 3720; x_wconf 87' lang='lat' dir='ltr'><strong>est.</strong></span> <span class='ocrx_word' id='word_1_717' title='bbox 2999 3672 3155 3732; x_wconf 78' lang='lat' dir='ltr'><strong>Atque</strong></span> <span class='ocrx_word' id='word_1_718' title='bbox 3183 3671 3287 3720; x_wconf 79' lang='lat' dir='ltr'><strong>hoec</strong></span> <span class='ocrx_word' id='word_1_719' title='bbox 3303 3707 3318 3730; x_wconf 87' lang='lat'><em>,</em></span> <span class='ocrx_word' id='word_1_720' title='bbox 3340 3670 3649 3720; x_wconf 63' lang='lat' dir='ltr'><strong>Dicaearchus</strong></span> <span class='ocrx_word' id='word_1_721' title='bbox 3757 3707 3764 3714; x_wconf 96' lang='lat'>.</span> 
     </span>
    </p>
   </div>
   <div class='ocr_carea' id='block_1_20' title="bbox 2093 3745 3667 5205">
    <p class='ocr_par' dir='ltr' id='par_1_20' title="bbox 2093 3745 3667 5205">
     <span class='ocr_line' id='line_1_89' title="bbox 2093 3745 3651 3810; baseline 0.001 -16"><span class='ocrx_word' id='word_1_722' title='bbox 2093 3745 2278 3809; x_wconf 87' lang='lat' dir='ltr'><strong>inquit,</strong></span> <span class='ocrx_word' id='word_1_723' title='bbox 2298 3758 2387 3796; x_wconf 88' lang='lat' dir='ltr'><strong>nos</strong></span> <span class='ocrx_word' id='word_1_724' title='bbox 2403 3760 2499 3796; x_wconf 90' lang='lat' dir='ltr'><strong>non</strong></span> <span class='ocrx_word' id='word_1_725' title='bbox 2524 3746 2757 3809; x_wconf 77' lang='lat' dir='ltr'><strong>dicimuS‚</strong></span> <span class='ocrx_word' id='word_1_726' title='bbox 2773 3746 2856 3796; x_wconf 87' lang='lat' dir='ltr'><strong>sed</strong></span> <span class='ocrx_word' id='word_1_727' title='bbox 2874 3746 2946 3796; x_wconf 88' lang='lat' dir='ltr'><strong>illi</strong></span> <span class='ocrx_word' id='word_1_728' title='bbox 2968 3746 3052 3810; x_wconf 90' lang='lat' dir='ltr'><strong>qui</strong></span> <span class='ocrx_word' id='word_1_729' title='bbox 3078 3748 3303 3810; x_wconf 81' lang='lat' dir='ltr'><strong>pleraque</strong></span> <span class='ocrx_word' id='word_1_730' title='bbox 3338 3746 3548 3809; x_wconf 81' lang='lat' dir='ltr'><strong>diligenti</strong></span> <span class='ocrx_word' id='word_1_731' title='bbox 3571 3751 3651 3795; x_wconf 85' lang='lat' dir='ltr'><strong>in·</strong></span> 
     </span>
     <span class='ocr_line' id='line_1_90' title="bbox 2093 3822 3642 3887; baseline 0 -15"><span class='ocrx_word' id='word_1_732' title='bbox 2093 3822 2347 3886; x_wconf 88' lang='lat' dir='ltr'><strong>quisitione</strong></span> <span class='ocrx_word' id='word_1_733' title='bbox 2365 3824 2597 3886; x_wconf 87' lang='lat' dir='ltr'><strong>persecuti</strong></span> <span class='ocrx_word' id='word_1_734' title='bbox 2616 3826 2741 3874; x_wconf 84' lang='lat' dir='ltr'><strong>sunt.</strong></span> <span class='ocrx_word' id='word_1_735' title='bbox 2771 3827 2936 3882; x_wconf 88' lang='lat' dir='ltr'><strong>Quum</strong></span> <span class='ocrx_word' id='word_1_736' title='bbox 2954 3825 3081 3874; x_wconf 90' lang='lat' dir='ltr'><strong>enim</strong></span> <span class='ocrx_word' id='word_1_737' title='bbox 3097 3824 3200 3887; x_wconf 84' lang='lat' dir='ltr'><strong>jam</strong></span> <span class='ocrx_word' id='word_1_738' title='bbox 3219 3827 3331 3874; x_wconf 81' lang='lat' dir='ltr'><strong>satis</strong></span> <span class='ocrx_word' id='word_1_739' title='bbox 3347 3825 3511 3873; x_wconf 72' lang='lat' dir='ltr'><strong>multae</strong></span> <span class='ocrx_word' id='word_1_740' title='bbox 3535 3837 3642 3886; x_wconf 87' lang='lat' dir='ltr'><strong>pos·</strong></span> 
     </span>
     <span class='ocr_line' id='line_1_91' title="bbox 2094 3899 3650 3962; baseline 0 -12"><span class='ocrx_word' id='word_1_741' title='bbox 2094 3900 2325 3950; x_wconf 71' lang='lat' dir='ltr'><strong>sessiones</strong></span> <span class='ocrx_word' id='word_1_742' title='bbox 2346 3901 2504 3950; x_wconf 88' lang='lat' dir='ltr'><strong>essent</strong></span> <span class='ocrx_word' id='word_1_743' title='bbox 2516 3936 2531 3962; x_wconf 89' lang='lat'>,</span> <span class='ocrx_word' id='word_1_744' title='bbox 2555 3901 2636 3950; x_wconf 88' lang='lat' dir='ltr'><strong>alii</strong></span> <span class='ocrx_word' id='word_1_745' title='bbox 2654 3900 2840 3950; x_wconf 79' lang='lat' dir='ltr'><strong>collecti</strong></span> <span class='ocrx_word' id='word_1_746' title='bbox 2854 3902 2904 3950; x_wconf 88' lang='lat' dir='ltr'><strong>et</strong></span> <span class='ocrx_word' id='word_1_747' title='bbox 2923 3902 3095 3950; x_wconf 91' lang='lat' dir='ltr'><strong>mutuo</strong></span> <span class='ocrx_word' id='word_1_748' title='bbox 3113 3915 3164 3951; x_wconf 88' lang='lat' dir='ltr'><strong>se</strong></span> <span class='ocrx_word' id='word_1_749' title='bbox 3189 3901 3436 3950; x_wconf 78' lang='lat' dir='ltr'><strong>invitantes</strong></span> <span class='ocrx_word' id='word_1_750' title='bbox 3454 3899 3543 3949; x_wconf 84' lang='lat' dir='ltr'><strong>sibi</strong></span> <span class='ocrx_word' id='word_1_751' title='bbox 3562 3912 3650 3950; x_wconf 86' lang='lat' dir='ltr'><strong>eas</strong></span> 
     </span>
     <span class='ocr_line' id='line_1_92' title="bbox 2095 3976 3654 4040; baseline 0.001 -15"><span class='ocrx_word' id='word_1_752' title='bbox 2095 3976 2371 4040; x_wconf 89' lang='lat' dir='ltr'><strong>acquirere,</strong></span> <span class='ocrx_word' id='word_1_753' title='bbox 2400 3976 2479 4027; x_wconf 89' lang='lat' dir='ltr'><strong>alli</strong></span> <span class='ocrx_word' id='word_1_754' title='bbox 2498 3978 2588 4028; x_wconf 88' lang='lat' dir='ltr'><strong>sibi</strong></span> <span class='ocrx_word' id='word_1_755' title='bbox 2606 3990 2689 4028; x_wconf 85' lang='lat' dir='ltr'><strong>eas</strong></span> <span class='ocrx_word' id='word_1_756' title='bbox 2704 3989 2990 4027; x_wconf 79' lang='lat' dir='ltr'><strong>conservare</strong></span> <span class='ocrx_word' id='word_1_757' title='bbox 3009 3977 3370 4028; x_wconf 81' lang='lat' dir='ltr'><strong>contendebant.</strong></span> <span class='ocrx_word' id='word_1_758' title='bbox 3392 3980 3654 4040; x_wconf 78' lang='lat' dir='ltr'><strong>Quumque</strong></span> 
     </span>
     <span class='ocr_line' id='line_1_93' title="bbox 2094 4052 3655 4117; baseline 0.001 -14"><span class='ocrx_word' id='word_1_759' title='bbox 2094 4054 2162 4104; x_wconf 87' lang='lat' dir='ltr'><strong>ita</strong></span> <span class='ocrx_word' id='word_1_760' title='bbox 2203 4053 2452 4116; x_wconf 81' lang='lat' dir='ltr'><strong>paullatim</strong></span> <span class='ocrx_word' id='word_1_761' title='bbox 2492 4054 2798 4116; x_wconf 78' lang='lat' dir='ltr'><strong>processisset</strong></span> <span class='ocrx_word' id='word_1_762' title='bbox 2829 4055 3050 4117; x_wconf 87' lang='lat' dir='ltr'><strong>tempus,</strong></span> <span class='ocrx_word' id='word_1_763' title='bbox 3090 4066 3150 4104; x_wconf 87' lang='lat' dir='ltr'><strong>ac</strong></span> <span class='ocrx_word' id='word_1_764' title='bbox 3187 4053 3386 4104; x_wconf 85' lang='lat' dir='ltr'><strong>subinde</strong></span> <span class='ocrx_word' id='word_1_765' title='bbox 3418 4052 3655 4115; x_wconf 83' lang='lat' dir='ltr'><strong>quidnam</strong></span> 
     </span>
     <span class='ocr_line' id='line_1_94' title="bbox 2097 4129 3656 4194; baseline 0.001 -14"><span class='ocrx_word' id='word_1_766' title='bbox 2097 4130 2346 4181; x_wconf 76' lang='lat' dir='ltr'><strong>videretur</strong></span> <span class='ocrx_word' id='word_1_767' title='bbox 2391 4143 2495 4181; x_wconf 84' lang='lat' dir='ltr'><strong>esse</strong></span> <span class='ocrx_word' id='word_1_768' title='bbox 2533 4131 2679 4194; x_wconf 87' lang='lat' dir='ltr'><strong>utile,</strong></span> <span class='ocrx_word' id='word_1_769' title='bbox 2717 4130 3179 4194; x_wconf 78' lang='lat' dir='ltr'><strong>animadverterent,</strong></span> <span class='ocrx_word' id='word_1_770' title='bbox 3224 4133 3274 4181; x_wconf 88' lang='lat' dir='ltr'><strong>in</strong></span> <span class='ocrx_word' id='word_1_771' title='bbox 3308 4131 3504 4181; x_wconf 87' lang='lat' dir='ltr'><strong>tertium</strong></span> <span class='ocrx_word' id='word_1_772' title='bbox 3537 4129 3656 4182; x_wconf 64' lang='lat' dir='ltr'><strong>vita</strong></span> 
     </span>
     <span class='ocr_line' id='line_1_95' title="bbox 2094 4207 3658 4272; baseline 0 -13"><span class='ocrx_word' id='word_1_773' title='bbox 2094 4222 2243 4272; x_wconf 81' lang='lat' dir='ltr'><strong>genus</strong></span> <span class='ocrx_word' id='word_1_774' title='bbox 2263 4219 2487 4271; x_wconf 82' lang='lat' dir='ltr'><strong>agrorum</strong></span> <span class='ocrx_word' id='word_1_775' title='bbox 2525 4208 2836 4258; x_wconf 87' lang='lat' dir='ltr'><strong>colendorum</strong></span> <span class='ocrx_word' id='word_1_776' title='bbox 2861 4207 3055 4258; x_wconf 86' lang='lat' dir='ltr'><strong>tandem</strong></span> <span class='ocrx_word' id='word_1_777' title='bbox 3090 4208 3403 4259; x_wconf 80' lang='lat' dir='ltr'><strong>devenerunt.</strong></span> <span class='ocrx_word' id='word_1_778' title='bbox 3497 4211 3658 4272; x_wconf 74' lang='lat' dir='ltr'><strong>Atque</strong></span> 
     </span>
     <span class='ocr_line' id='line_1_96' title="bbox 2100 4285 3658 4348; baseline 0.001 -11"><span class='ocrx_word' id='word_1_779' title='bbox 2100 4288 2207 4338; x_wconf 73' lang='lat' dir='ltr'><strong>llaec</strong></span> <span class='ocrx_word' id='word_1_780' title='bbox 2257 4288 2372 4338; x_wconf 84' lang='lat' dir='ltr'><strong>sunt</strong></span> <span class='ocrx_word' id='word_1_781' title='bbox 2413 4299 2525 4348; x_wconf 80' lang='lat' dir='ltr'><strong>quoe</strong></span> <span class='ocrx_word' id='word_1_782' title='bbox 2566 4285 2811 4338; x_wconf 77' lang='lat' dir='ltr'><strong>veteribus</strong></span> <span class='ocrx_word' id='word_1_783' title='bbox 2862 4290 3144 4340; x_wconf 80' lang='lat' dir='ltr'><strong>Graecorum</strong></span> <span class='ocrx_word' id='word_1_784' title='bbox 3180 4286 3324 4337; x_wconf 81' lang='lat' dir='ltr'><strong>rebus</strong></span> <span class='ocrx_word' id='word_1_785' title='bbox 3359 4300 3658 4338; x_wconf 80' lang='lat' dir='ltr'><strong>commemo-</strong></span> 
     </span>
     <span class='ocr_line' id='line_1_97' title="bbox 2097 4362 3659 4426; baseline 0.002 -14"><span class='ocrx_word' id='word_1_786' title='bbox 2097 4364 2257 4414; x_wconf 83' lang='lat' dir='ltr'><strong>randis</strong></span> <span class='ocrx_word' id='word_1_787' title='bbox 2291 4362 2598 4414; x_wconf 82' lang='lat' dir='ltr'><strong>Dicoearcbus</strong></span> <span class='ocrx_word' id='word_1_788' title='bbox 2631 4363 2806 4426; x_wconf 77' lang='lat' dir='ltr'><strong>refert,</strong></span> <span class='ocrx_word' id='word_1_789' title='bbox 2833 4362 2952 4412; x_wconf 88' lang='lat' dir='ltr'><strong>dum</strong></span> <span class='ocrx_word' id='word_1_790' title='bbox 2986 4363 3177 4414; x_wconf 84' lang='lat' dir='ltr'><strong>beatam</strong></span> <span class='ocrx_word' id='word_1_791' title='bbox 3214 4364 3523 4426; x_wconf 87' lang='lat' dir='ltr'><strong>antiquorum</strong></span> <span class='ocrx_word' id='word_1_792' title='bbox 3551 4365 3659 4415; x_wconf 90' lang='lat' dir='ltr'><strong>illo-</strong></span> 
     </span>
     <span class='ocr_line' id='line_1_98' title="bbox 2096 4439 3656 4506; baseline 0.001 -14"><span class='ocrx_word' id='word_1_793' title='bbox 2096 4455 2205 4492; x_wconf 91' lang='lat' dir='ltr'><strong>rum</strong></span> <span class='ocrx_word' id='word_1_794' title='bbox 2225 4442 2373 4492; x_wconf 80' lang='lat' dir='ltr'><strong>vitam</strong></span> <span class='ocrx_word' id='word_1_795' title='bbox 2403 4439 2658 4504; x_wconf 81' lang='lat' dir='ltr'><strong>praedicat,</strong></span> <span class='ocrx_word' id='word_1_796' title='bbox 2680 4441 2760 4491; x_wconf 88' lang='lat' dir='ltr'><strong>eui</strong></span> <span class='ocrx_word' id='word_1_797' title='bbox 2778 4441 2972 4505; x_wconf 88' lang='lat' dir='ltr'><strong>quidem</strong></span> <span class='ocrx_word' id='word_1_798' title='bbox 2999 4455 3096 4491; x_wconf 88' lang='lat' dir='ltr'><strong>non</strong></span> <span class='ocrx_word' id='word_1_799' title='bbox 3113 4444 3349 4493; x_wconf 86' lang='lat' dir='ltr'><strong>minorem</strong></span> <span class='ocrx_word' id='word_1_800' title='bbox 3378 4456 3525 4506; x_wconf 88' lang='lat' dir='ltr'><strong>quam</strong></span> <span class='ocrx_word' id='word_1_801' title='bbox 3543 4444 3656 4506; x_wconf 84' lang='lat' dir='ltr'><strong>alia,</strong></span> 
     </span>
     <span class='ocr_line' id='line_1_99' title="bbox 2095 4520 3659 4584; baseline -0.001 -11"><span class='ocrx_word' id='word_1_802' title='bbox 2095 4522 2382 4573; x_wconf 82' lang='lat' dir='ltr'><strong>abstinentia</strong></span> <span class='ocrx_word' id='word_1_803' title='bbox 2440 4533 2637 4584; x_wconf 87' lang='lat' dir='ltr'><strong>qnoque</strong></span> <span class='ocrx_word' id='word_1_804' title='bbox 2689 4520 2752 4570; x_wconf 87' lang='lat' dir='ltr'><strong>ab</strong></span> <span class='ocrx_word' id='word_1_805' title='bbox 2806 4520 3032 4571; x_wconf 86' lang='lat' dir='ltr'><strong>animatis</strong></span> <span class='ocrx_word' id='word_1_806' title='bbox 3086 4523 3356 4584; x_wconf 74' lang='lat' dir='ltr'><strong>profectum</strong></span> <span class='ocrx_word' id='word_1_807' title='bbox 3411 4521 3659 4572; x_wconf 76' lang='lat' dir='ltr'><strong>afferebat.</strong></span> 
     </span>
     <span class='ocr_line' id='line_1_100' title="bbox 2098 4598 3662 4662; baseline -0.001 -12"><span class='ocrx_word' id='word_1_808' title='bbox 2098 4599 2235 4650; x_wconf 85' lang='lat' dir='ltr'><strong>Unde</strong></span> <span class='ocrx_word' id='word_1_809' title='bbox 2257 4598 2438 4649; x_wconf 87' lang='lat' dir='ltr'><strong>bellum</strong></span> <span class='ocrx_word' id='word_1_810' title='bbox 2455 4598 2644 4647; x_wconf 89' lang='lat' dir='ltr'><strong>nullum</strong></span> <span class='ocrx_word' id='word_1_811' title='bbox 2663 4598 2713 4647; x_wconf 91' lang='lat' dir='ltr'><strong>in</strong></span> <span class='ocrx_word' id='word_1_812' title='bbox 2735 4611 2791 4646; x_wconf 85' lang='lat' dir='ltr'><strong>ea</strong></span> <span class='ocrx_word' id='word_1_813' title='bbox 2805 4599 2933 4660; x_wconf 86' lang='lat' dir='ltr'><strong>erat,</strong></span> <span class='ocrx_word' id='word_1_814' title='bbox 2950 4611 3101 4660; x_wconf 89' lang='lat' dir='ltr'><strong>quum</strong></span> <span class='ocrx_word' id='word_1_815' title='bbox 3126 4599 3257 4647; x_wconf 89' lang='lat' dir='ltr'><strong>omni</strong></span> <span class='ocrx_word' id='word_1_816' title='bbox 3277 4599 3508 4660; x_wconf 77' lang='lat' dir='ltr'><strong>iniustitia</strong></span> <span class='ocrx_word' id='word_1_817' title='bbox 3527 4613 3662 4662; x_wconf 86' lang='lat' dir='ltr'><strong>pror·</strong></span> 
     </span>
     <span class='ocr_line' id='line_1_101' title="bbox 2095 4675 3662 4736; baseline 0.001 -11"><span class='ocrx_word' id='word_1_818' title='bbox 2095 4688 2178 4726; x_wconf 87' lang='lat' dir='ltr'><strong>sus</strong></span> <span class='ocrx_word' id='word_1_819' title='bbox 2209 4677 2405 4726; x_wconf 84' lang='lat' dir='ltr'><strong>careret.</strong></span> <span class='ocrx_word' id='word_1_820' title='bbox 2436 4676 2606 4725; x_wconf 85' lang='lat' dir='ltr'><strong>Postea</strong></span> <span class='ocrx_word' id='word_1_821' title='bbox 2627 4687 2744 4724; x_wconf 78' lang='lat' dir='ltr'><strong>vero</strong></span> <span class='ocrx_word' id='word_1_822' title='bbox 2774 4688 2871 4724; x_wconf 89' lang='lat' dir='ltr'><strong>una</strong></span> <span class='ocrx_word' id='word_1_823' title='bbox 2892 4683 3003 4724; x_wconf 88' lang='lat' dir='ltr'><strong>cum</strong></span> <span class='ocrx_word' id='word_1_824' title='bbox 3031 4675 3267 4736; x_wconf 79' lang='lat' dir='ltr'><strong>injustitia</strong></span> <span class='ocrx_word' id='word_1_825' title='bbox 3287 4676 3337 4724; x_wconf 88' lang='lat' dir='ltr'><strong>in</strong></span> <span class='ocrx_word' id='word_1_826' title='bbox 3361 4676 3586 4726; x_wconf 87' lang='lat' dir='ltr'><strong>animalia</strong></span> <span class='ocrx_word' id='word_1_827' title='bbox 3611 4679 3662 4726; x_wconf 91' lang='lat' dir='ltr'><strong>et</strong></span> 
     </span>
     <span class='ocr_line' id='line_1_102' title="bbox 2095 4753 3657 4817; baseline 0 -11"><span class='ocrx_word' id='word_1_828' title='bbox 2095 4755 2276 4806; x_wconf 86' lang='lat' dir='ltr'><strong>bellum</strong></span> <span class='ocrx_word' id='word_1_829' title='bbox 2303 4756 2353 4804; x_wconf 83' lang='lat' dir='ltr'><strong>et</strong></span> <span class='ocrx_word' id='word_1_830' title='bbox 2377 4754 2487 4817; x_wconf 85' lang='lat' dir='ltr'><strong>plus</strong></span> <span class='ocrx_word' id='word_1_831' title='bbox 2507 4753 2712 4804; x_wconf 79' lang='lat' dir='ltr'><strong>habendi</strong></span> <span class='ocrx_word' id='word_1_832' title='bbox 2747 4754 2873 4804; x_wconf 88' lang='lat' dir='ltr'><strong>inter</strong></span> <span class='ocrx_word' id='word_1_833' title='bbox 2907 4755 3033 4817; x_wconf 84' lang='lat' dir='ltr'><strong>ipsos</strong></span> <span class='ocrx_word' id='word_1_834' title='bbox 3067 4754 3312 4804; x_wconf 86' lang='lat' dir='ltr'><strong>contentio</strong></span> <span class='ocrx_word' id='word_1_835' title='bbox 3349 4753 3657 4806; x_wconf 80' lang='lat' dir='ltr'><strong>subintravit.</strong></span> 
     </span>
     <span class='ocr_line' id='line_1_103' title="bbox 2096 4831 3662 4898; baseline 0.001 -14"><span class='ocrx_word' id='word_1_836' title='bbox 2096 4839 2204 4894; x_wconf 87' lang='lat' dir='ltr'><strong>Qua</strong></span> <span class='ocrx_word' id='word_1_837' title='bbox 2220 4833 2280 4884; x_wconf 85' lang='lat' dir='ltr'><strong>de</strong></span> <span class='ocrx_word' id='word_1_838' title='bbox 2318 4846 2463 4882; x_wconf 86' lang='lat' dir='ltr'><strong>causa</strong></span> <span class='ocrx_word' id='word_1_839' title='bbox 2495 4846 2593 4883; x_wconf 88' lang='lat' dir='ltr'><strong>non</strong></span> <span class='ocrx_word' id='word_1_840' title='bbox 2629 4833 2745 4883; x_wconf 78' lang='lat' dir='ltr'><strong>satis</strong></span> <span class='ocrx_word' id='word_1_841' title='bbox 2779 4831 3002 4882; x_wconf 81' lang='lat' dir='ltr'><strong>demirari</strong></span> <span class='ocrx_word' id='word_1_842' title='bbox 3025 4847 3113 4896; x_wconf 87' lang='lat' dir='ltr'><strong>pro</strong></span> <span class='ocrx_word' id='word_1_843' title='bbox 3141 4834 3314 4884; x_wconf 85' lang='lat' dir='ltr'><strong>merito</strong></span> <span class='ocrx_word' id='word_1_844' title='bbox 3335 4847 3533 4898; x_wconf 49' lang='lat' dir='ltr'><strong>pomum</strong></span> <span class='ocrx_word' id='word_1_845' title='bbox 3572 4849 3662 4886; x_wconf 84' lang='lat' dir='ltr'><strong>eo·</strong></span> 
     </span>
     <span class='ocr_line' id='line_1_104' title="bbox 2095 4906 3662 4974; baseline 0.001 -14"><span class='ocrx_word' id='word_1_846' title='bbox 2095 4924 2205 4960; x_wconf 85' lang='lat' dir='ltr'><strong>rum</strong></span> <span class='ocrx_word' id='word_1_847' title='bbox 2221 4909 2563 4974; x_wconf 86' lang='lat' dir='ltr'><strong>impudentiam</strong></span> <span class='ocrx_word' id='word_1_848' title='bbox 2575 4951 2590 4973; x_wconf 85' lang='lat'>,</span> <span class='ocrx_word' id='word_1_849' title='bbox 2611 4911 2696 4972; x_wconf 89' lang='lat' dir='ltr'><strong>qui</strong></span> <span class='ocrx_word' id='word_1_850' title='bbox 2710 4909 3045 4960; x_wconf 77' lang='lat' dir='ltr'><strong>abstinentiam</strong></span> <span class='ocrx_word' id='word_1_851' title='bbox 3071 4906 3135 4958; x_wconf 83' lang='lat' dir='ltr'><strong>ab</strong></span> <span class='ocrx_word' id='word_1_852' title='bbox 3152 4909 3438 4959; x_wconf 83' lang='lat' dir='ltr'><strong>animalibus</strong></span> <span class='ocrx_word' id='word_1_853' title='bbox 3457 4913 3662 4961; x_wconf 81' lang='lat' dir='ltr'><strong>matrem</strong></span> 
     </span>
     <span class='ocr_line' id='line_1_105' title="bbox 2097 4986 3664 5051; baseline -0.001 -13"><span class='ocrx_word' id='word_1_854' title='bbox 2097 4987 2308 5050; x_wconf 74' lang='lat' dir='ltr'><strong>iniustiae</strong></span> <span class='ocrx_word' id='word_1_855' title='bbox 2323 4986 2565 5049; x_wconf 80' lang='lat' dir='ltr'><strong>appellare</strong></span> <span class='ocrx_word' id='word_1_856' title='bbox 2584 4999 2683 5036; x_wconf 89' lang='lat' dir='ltr'><strong>non</strong></span> <span class='ocrx_word' id='word_1_857' title='bbox 2701 4989 2933 5036; x_wconf 66' lang='lat' dir='ltr'><strong>‘verentur</strong></span> <span class='ocrx_word' id='word_1_858' title='bbox 2951 5005 2963 5035; x_wconf 89' lang='lat'>:</span> <span class='ocrx_word' id='word_1_859' title='bbox 2982 4998 3136 5049; x_wconf 88' lang='lat' dir='ltr'><strong>quum</strong></span> <span class='ocrx_word' id='word_1_860' title='bbox 3153 4989 3210 5036; x_wconf 76' lang='lat' dir='ltr'><strong>&#39;et</strong></span> <span class='ocrx_word' id='word_1_861' title='bbox 3235 4987 3430 5036; x_wconf 80' lang='lat' dir='ltr'><strong>historia</strong></span> <span class='ocrx_word' id='word_1_862' title='bbox 3445 4989 3496 5037; x_wconf 86' lang='lat' dir='ltr'><strong>et</strong></span> <span class='ocrx_word' id='word_1_863' title='bbox 3513 5002 3664 5051; x_wconf 78' lang='lat' dir='ltr'><strong>expe-</strong></span> 
     </span>
     <span class='ocr_line' id='line_1_106' title="bbox 2097 5062 3667 5126; baseline -0.001 -12"><span class='ocrx_word' id='word_1_864' title='bbox 2097 5063 2268 5114; x_wconf 85' lang='lat' dir='ltr'><strong>rientia</strong></span> <span class='ocrx_word' id='word_1_865' title='bbox 2299 5075 2398 5113; x_wconf 85' lang='lat' dir='ltr'><strong>nna</strong></span> <span class='ocrx_word' id='word_1_866' title='bbox 2419 5075 2533 5112; x_wconf 86' lang='lat' dir='ltr'><strong>cnm</strong></span> <span class='ocrx_word' id='word_1_867' title='bbox 2560 5062 2696 5114; x_wconf 71' lang='lat' dir='ltr'><strong>eoede</strong></span> <span class='ocrx_word' id='word_1_868' title='bbox 2728 5063 2942 5126; x_wconf 84' lang='lat' dir='ltr'><strong>ipsorum</strong></span> <span class='ocrx_word' id='word_1_869' title='bbox 2974 5064 3025 5112; x_wconf 86' lang='lat' dir='ltr'><strong>et</strong></span> <span class='ocrx_word' id='word_1_870' title='bbox 3059 5062 3304 5113; x_wconf 84' lang='lat' dir='ltr'><strong>luxuriam</strong></span> <span class='ocrx_word' id='word_1_871' title='bbox 3326 5066 3375 5114; x_wconf 90' lang='lat' dir='ltr'><strong>et</strong></span> <span class='ocrx_word' id='word_1_872' title='bbox 3405 5062 3589 5114; x_wconf 89' lang='lat' dir='ltr'><strong>bellum</strong></span> <span class='ocrx_word' id='word_1_873' title='bbox 3616 5065 3667 5113; x_wconf 84' lang='lat' dir='ltr'><strong>et</strong></span> 
     </span>
     <span class='ocr_line' id='line_1_107' title="bbox 2099 5139 3666 5205; baseline 0.001 -14"><span class='ocrx_word' id='word_1_874' title='bbox 2099 5140 2381 5205; x_wconf 75' lang='lat' dir='ltr'><strong>iniustitiam</strong></span> <span class='ocrx_word' id='word_1_875' title='bbox 2397 5141 2446 5191; x_wconf 89' lang='lat' dir='ltr'><strong>in</strong></span> <span class='ocrx_word' id='word_1_876' title='bbox 2464 5141 2612 5192; x_wconf 80' lang='lat' dir='ltr'><strong>vitam</strong></span> <span class='ocrx_word' id='word_1_877' title='bbox 2636 5141 2883 5192; x_wconf 84' lang='lat' dir='ltr'><strong>bominum</strong></span> <span class='ocrx_word' id='word_1_878' title='bbox 2897 5139 3122 5192; x_wconf 76' lang='lat' dir='ltr'><strong>invasisse</strong></span> <span class='ocrx_word' id='word_1_879' title='bbox 3137 5140 3388 5193; x_wconf 72' lang='lat' dir='ltr'><strong>manifeste</strong></span> <span class='ocrx_word' id='word_1_880' title='bbox 3407 5143 3666 5194; x_wconf 61' lang='lat' dir='ltr'><strong>testentur.</strong></span> 
     </span>
    </p>
   </div>
  </div>
 </body>
</html>
