4016 5916
522 401 633 451 ⁴3⁴

520 525 709 582 ceant,
740 524 796 566 et
823 512 894 567 de
933 509 1146 564 morbis
1189 523 1386 562 eorum
1422 506 1673 559 AElianus
1715 520 1947 576 quoque
1980 504 2073 557 lo·-

521 605 714 677 quitur
748 601 892 667 XII,
925 603 993 662 44
1040 607 1095 650 et
1125 596 1295 662 xm,
1325 613 1379 662 7.
1412 592 1787 646 Posteriorcm
1829 592 2015 646 locum
2047 609 2077 646 e

518 689 877 766 Megasthene
920 685 1160 783 petitum
1199 698 1311 735 esse
1350 698 1468 733 non
1503 690 1584 733 est
1627 678 1893 747 dubium,
1922 696 2074 752 prae-

519 779 715 834 sertim
758 791 932 846 quum
980 772 1039 824 in
1074 771 1138 823 iis
1165 786 1288 840 quae
1310 767 1568 840 proxime
1594 765 1930 820 antecedunt
1964 767 2080 838 ipse

521 866 770 919 AEiianus
814 871 1102 915 auctorem
1156 873 1319 909 suum
1378 854 1771 909 nominaverit.
1824 852 2078 907 Alterum

522 954 707 1007 locum
747 949 933 1004 minus
974 955 1161 1012 cert0,
1209 941 1582 1017 probabiliter
1622 952 1810 994 tamen
1849 939 1922 994 ad
1958 941 2083 995 Me·-

521 1039 837 1114 gasthenem
861 1032 1087 1089 reseras.
1119 1032 1438 1101 Utrumque
1469 1028 1792 1082 exscribam.

606 1123 949 1183 AElianusN.
978 1123 1047 1175 A.
1064 1119 1202 1186 XII,
1228 1123 1343 1181 44ε
1369 1113 1463 1171 Ἔν
1490 1112 1663 1178 Ἰνᾶιῖς
1680 1111 1739 1168 ἂν
1765 1109 2081 1192 ἆλῷτέλειος

523 1210 607 1270 έλέ
587 1233 732 1291 -ς,φα
758 1212 892 1286 ἡμερ
894 1209 1088 1276 ωθῆναι
1128 1200 1354 1281 χαλεπός
1394 1201 1520 1270 ἐστι,
1550 1197 1639 1257 καὶ
1663 1196 1758 1268 τὴν
1790 1196 2079 1278 ἐλευθερίαν

520 1303 693 1358 ποθῶν
718 1304 867 1376 φονᾷ·
900 1290 985 1351 ἐὰν
1011 1290 1064 1349 δὲ
1092 1289 1246 1348 αὐτὸν
1262 1287 1351 1347 καὶ
1375 1288 1580 1362 δεσμοῖς
1596 1284 1879 1395 &tame-(253
1896 1284 1972 1343 ἔτι
1992 1284 2080 1343 καὶ

524 1388 690 1464 μᾶλολ
693 1407 721 1442 ν
747 1384 795 1449 ἐς
815 1380 901 1439 τὸν
922 1378 1080 1453 θυμὸν
1110 1376 1410 1446 ἐξάπτεται,
1434 1372 1524 1431 καὶ
1546 1372 1797 1442 δεσπότην
1828 1374 1927 1451 οὐχ
1953 1376 2078 1430 ὑπο·

521 1467 682 1544 νέμει.
711 1467 848 1529 Ἀλλ’
873 1470 919 1524 οἳ.
939 1464 1094 1525 Ἰνδοὶ
1114 1487 1202 1520 και
1224 1463 1332 1527 ταῖς
1356 1464 1568 1540 τροφαῖς
1596 1458 1963 1519 κολακεύουσιν
1987 1462 2080 1517 αὗ-

524 1560 631 1632 τὸν,
658 1581 748 1615 και
777 1554 1027 1618 ποικΟοις
1066 1549 1155 1609 καὶ
1194 1552 1424 1630 ἐφολκοῒς
1458 1549 1510 1605 δε
1515 1546 1663 1607 λέασι
1693 1543 1885 1626 πραυνε
1892 1571 1935 1605 ιν
1968 1570 2080 1605 πει-

526 1651 747 1726 ρῶνται,
776 1638 1174 1720 παρατιθέντες,
1214 1642 1281 1702 ὡς
1322 1638 1550 1716 πληροῦν
1587 1635 1681 1707 τὴν
1721 1635 1950 1716 γαστέρα
1991 1636 2081 1694 καὶ

524 1735 718 1810 θέλγειν
746 1730 829 1788 τὸν
870 1727 1059 1806 θυμόν·
1105 1729 1131 1783 6
1153 1726 1205 1784 δὲ
1236 1724 1451 1804 ἄχθεται
1481 1726 1676 1797 αὐτοῖς,
1708 1747 1797 1783 και
1835 1726 2077 1804 υπερορᾷ·

525 1821 595 1882 Ἰί
616 1800 701 1878 οἶν
722 1819 905 1876 ἐκεῖνοι
932 1813 1363 1893 κατασοφίζονται
1391 1811 1481 1869 και
1512 1812 1704 1892 δρῶσι;
1728 1814 1948 1871 Μοῦσαν
1979 1814 2078 1869 αὗ-

523 1910 627 1974 τοῖς
661 1904 1009 1985 προσάγουσιν
1061 1899 1363 1979 ἐπιχώριον,
1417 1897 1506 1956 και
1542 1896 1850 1957 κατέδουσιν
1896 1896 2080 1965 αὐτοὺς

525 1994 728 2102 ὀργάνῳ
752 1991 851 2051 τινὶ
875 1990 965 2049 καὶ
1001 1986 1169 2068 τούτῳ
1198 1985 1434 2056 συνήθει·
1458 1985 1691 2043 καλεῖται
1721 1983 1775 2043 δὲ
1804 1984 2082 2066 σκινδαψὸς

524 2083 583 2141 τὸ
610 2083 857 2163 ὄργανον·
905 2083 933 2137 6
979 2076 1032 2136 δὲ
1060 2081 1156 2134 ὓπε
1142 2074 1241 2154 ’γει
1277 2073 1342 2131 τὸ.
1366 2095 1477 2131 ωτα
1506 2096 1595 2130 και
1626 2071 1888 2148 θέλγεται,
1917 2073 2007 2131 καὶ
2049 2076 2081 2142 ἦ

526 2168 620 2246 μὲν
649 2165 775 2249 ὀργὴ
799 2161 1110 2247 πραυνεται,
1153 2165 1180 2220 6
1204 2160 1259 2220 δὲ
1300 2159 1456 2232 θυμὸς
1495 2162 1683 2218 ὑποστε
1664 2159 1808 2216 ελλετ
1814 2159 1867 2216 αί
1907 2181 1962 2216 τε
1991 2158 2081 2215 καὶ

524 2256 794 2339 θόρνυται,
817 2251 955 2314 κατὰ
985 2250 1151 2331 μικρὰ
1189 2248 1243 2308 δὲ
1285 2272 1376 2307 και
1405 2250 1453 2312 ἐς
1476 2246 1569 2318 τὴν
1589 2245 1781 2327 τροφὴν
1820 2249 1940 2326 ὁρᾷ·
1972 2235 2083 2303 εἶτα

527 2347 732 2425 ἀφεῖται
754 2341 849 2419 μὲν
882 2343 984 2399 τῶν
1010 2340 1234 2415 δεσμῶν,
1259 2335 1399 2414 μένει
1424 2332 1477 2392 δὲ
1494 2338 1569 2421 τῇ
1595 2333 1762 2410 μούσῃ
1795 2329 2109 2408 δεδεμένος,

525 2455 614 2489 και
637 2434 828 2489 δειπνεῖ
852 2429 1126 2508 προθύμοις
1171 2423 1327 2502 ἇὸρος
1356 2410 1616 2497 δαιτυμὼν
1657 2444 1756 2480 κατ
1761 2418 2086 2496 αδεδεμένος·

524 2519 668 2601 πόθῳ
693 2517 793 2599 γὰρ
822 2522 912 2577 τοῦ
934 2513 1119 2593 μέλους
1137 2514 1231 2573 οὐκ
1256 2510 1318 2569 ἂν
1351 2509 1426 2568 ἔτι
1457 2508 1737 2580 ἀποσταίη.

604 2581 766 2664 Idem
795 2609 964 2676 XIII,
995 2606 1070 2660 6:
1100 2604 1220 2660 Τῶν
1256 2594 1617 2676 τεθηραμένων
1646 2591 1976 2676 ἐλεςάντων’
1963 2597 2087 2654 ‹Gav-

525 2717 611 2752 ται
638 2691 703 2749 τὰ
728 2691 1003 2772 τραύματα
1037 2691 1084 2746 οἱ
1113 2685 1271 2747 Ἰνδοι
1298 2684 1382 2743 τὸν
1411 2683 1600 2761 τρόπον
1632 2689 1828 2742 τοῦτον.
1861 2686 2089 2743 Καταιο-

526 2801 671 2838 νουσι
703 2777 796 2855 μὲν
825 2776 957 2834 αὐτὰ
976 2775 1125 2833 ὕδατι
1144 2775 1378 2852 χλιαρῶ,
1402 2770 1577 2849 ὥσπερ
1604 2762 1689 2829 ουν
1718 2769 1776 2827 τὸ
1804 2774 1892 2828 τοῦ
1915 2771 2087 2847 Εὐρυ-

526 2864 693 2923 πύλου
722 2863 865 2941 παρὰ
891 2863 967 2940 τῷ
978 2861 1145 2965 ωκαλῷ
1168 2856 1392 2936 Ὁμηρῳ
1415 2861 1442 2915 6
1471 2856 1798 2937 Πάτροκλος·
1830 2846 1940 2914 εἶτα
1970 2855 2090 2933 μέν·

529 2975 609 3011 τοι
633 2951 921 3029 διαχρίουσι
943 2950 1017 3027 τῷ
1061 2943 1294 3026 βουτύρῳ
1326 2943 1489 3002 αὖτά·
1513 2943 1651 3019 ἐὰν
1624 2943 1676 3002 οὲ
1700 2934 1734 3023 ᾖ
1762 2941 1953 3024 βαθέα,
1991 2943 2086 3015 ττν

530 3036 823 3118 φλεγμονὴν
845 3029 1177 3114 πραυνουσιν,
1200 3032 1314 3092 ὕεια
1354 3030 1510 3111 κρέα,
1542 3031 1705 3110 θερμὰ
1750 3033 1862 3106 μὲν,
1896 3030 2088 3111 ἔναιμα

532 3121 587 3183 δὲ
621 3123 723 3195 ἔτι,
758 3119 1128 3201 προσφέροντες
1146 3143 1236 3178 και
1270 3117 1431 3176 ἐντιθέ
1408 3141 1561 3182 ντες.
1580 3119 1688 3183 Τὰς
1721 3117 1774 3175 δὲ
1801 3119 2090 3199 ὀφθαλμίας

531 3208 899 3291 θεραπεύουσιν
928 3210 1116 3279 αὐτῶν,
1139 3206 1303 3286 βόειον
1318 3206 1456 3282 γάλα
1484 3205 1831 3277 ἀλεαίνοντες,
1858 3197 1968 3264 εἶτα
1993 3209 2086 3264 αὖ·

531 3307 636 3365 τοῖς
666 3295 956 3376 ἐγχέοντες·
985 3297 1032 3354 οἱ
1077 3292 1131 3352 δὲ
1159 3294 1418 3371 ἀνοίγουσι
1456 3291 1521 3351 τὰ
1552 3293 1786 3373 βλέφαρα
1816 3293 1905 3352 καὶ
1947 3295 2084 3374 ὠρε-

530 3384 773 3461 λούμενοι
802 3382 1014 3454 ἥδονταί
1044 3405 1101 3441 τε
1134 3405 1224 3440 και
1253 3379 1648 3441 αῖσθάνονται“
1612 3404 1790 3460 ωσπερ
1811 3380 2088 3460 ἄνθρωποι·

531 3474 620 3533 καὶ
647 3474 717 3539 εἷς
745 3493 986 3531 τοσουτον
1018 3470 1398 3547 ἐπικλύζουσιν,
1429 3472 1499 3536 εἷς
1518 3467 1637 3528 ὅσον
1668 3468 1767 3526 ἂν*
1750 3467 2093 3526 υποπαύσων-

530 3585 618 3620 ται
641 3563 926 3637 λημῶντες·
953 3555 1232 3638 μαρτύριον
1252 3556 1307 3615 δὲ
1329 3580 1420 3615 του
1443 3558 1745 3618 παύσασθαι
1767 3556 1862 3625 τὴν
1887 3559 2088 3637 ὀφθαλ-

534 3647 659 3725 μίαν
692 3644 845 3705 τουτό
868 3648 996 3703 ἐστι.
1043 3644 1131 3704 Τὰ
1159 3643 1212 3701 δὲ
1235 3644 1507 3721 νοσήματα
1544 3642 1642 3702 ὅσα
1672 3645 1843 3709 αὐτοῖς
1870 3642 2137 3723 προοπίυ

533 3757 651 3792 πτει
685 3733 854 3799 ἄλλως
874 3777 891 3809 ,
913 3735 941 3790 6
974 3733 1135 3809 μέλας
1159 3723 1290 3798 οἶνός
1313 3734 1450 3791 ἐστιν
1484 3734 1652 3798 αὖτοῖς
1681 3731 1828 3798 ἄκος·
1856 3733 1900 3789 εἷ
1929 3730 1985 3788 δὲ
2015 3730 2087 3808 μὴ

530 3820 729 3897 γένοιτο
756 3818 964 3890 ἑξάντης
982 3843 1072 3877 του
1105 3841 1265 3878 κακου
1306 3822 1380 3877 τῶ
1408 3818 1668 3899 φαρμάκω
1693 3821 1844 3899 τῷδε,
1875 3817 2088 3877 ἄσωστά

532 3910 578 3965 οἱ
608 3910 763 3967 ἐστιν.
795 3911 975 3965 Etiam
1002 3927 1064 3964 ea
1082 3928 1204 3982 quae
1226 3910 1474 3965 AElianus
1494 3910 1657 3978 XIII,
1683 3908 1717 3964 8
1740 3908 1811 3963 dc
1826 3909 2088 3981 elephan

534 4008 653 4052 tum
680 3997 873 4052 indole
896 4007 953 4052 et
975 3996 1202 4052 vivendi
1222 3996 1472 4064 ratione
1505 4007 1562 4051 et
1582 3998 1699 4065 111,
1751 3995 1822 4061 46
1864 3996 1936 4051 de
1969 3998 2087 4052 ele-

533 4086 744 4159 phanto
761 4086 890 4139 albo
914 4096 1105 4140 narrat
1123 4103 1153 4139 e
1175 4084 1530 4158 Megasthene
1545 4085 1720 4157 petita
1748 4084 1971 4140 fuerint.

1268 4238 1363 4312 39·

615 4352 817 4408 Strabo
853 4351 978 4420 XV,
1007 4370 1066 4423 p.
1101 4351 1252 4423 706,
1291 4350 1362 4405 de
1413 4350 1660 4405 formicis
1708 4370 1902 4406 aurum
1941 4351 2089 4407 esso-

538 4441 857 4497 clientibus,
887 4436 1226 4514 Μεγασθένης
1265 4438 1316 4494 δὲ
1345 4436 1464 4516 περὶ
1488 4440 1588 4495 τῶν
1632 4437 1920 4517 μυρμήκων
1950 4439 2086 4496 οὕτω

1268 4610 1354 4661 39.

599 4693 923 4755 Megasthenes
943 4692 1004 4742 de
1021 4692 1095 4742 his
1131 4691 1337 4741 formicis
1358 4692 1558 4755 loquens
1587 4692 1682 4754 ait,
1716 4692 1844 4755 apud
1876 4692 2088 4754 Derdam,

539 4785 648 4835 quae
668 4784 838 4835 magna
865 4784 978 4834 gens
1000 4773 1072 4821 est
1095 4770 1324 4820 Indorum
1358 4771 1695 4820 montanorum
1715 4774 1764 4821 et
1785 4771 2088 4821 orientalium

539 4847 783 4911 planitiem
820 4846 1069 4909 quandam·
1100 4848 1378 4897 montanam
1414 4859 1515 4898 aese
1546 4850 1622 4897 ter
1645 4848 1775 4898 mille
1804 4847 2087 4910 stadiorum,

541 4925 752 4984 ambitu,
771 4927 822 4975 et
838 4925 928 4975 sub
947 4938 1004 4974 ea
1023 4924 1340 4985 aurifodinaS,
1359 4938 1478 4987 quas
1496 4926 1725 4976 effodiant
1744 4927 1957 4976 sormicae
1982 4928 2087 4975 vul·

541 5000 681 5063 pibus
710 5002 1033 5063 magnitudine
1063 5014 1159 5051 non
1190 5003 1425 5065 minores,
1458 5003 1578 5052 mira
1606 5004 1873 5064 celeritate,
1906 5003 2088 5053 victum

542 5092 571 5128 c
582 5080 830 5129 venatione
845 5082 1190 5142 comparantes.
1204 5081 1383 5132 Fodere
1400 5082 1564 5130 autem
1578 5085 1757 5131 terram
1775 5095 1862 5144 per
1878 5081 2084 5131 hiemem

543 5157 591 5203 ct
609 5154 667 5203 ad
682 5154 857 5205 ostium
876 5157 1195 5218 accumulare,
1215 5157 1619 5221 quemadmodum
1638 5160 1790 5209 soient
1809 5158 1969 5221 talpae.
1988 5161 2089 5207 Hu-

542 5230 619 5293 jus
637 5230 739 5280 auti
764 5234 1006 5294 ramenta,
1041 5232 1088 5281 id
1112 5235 1239 5283 enim
1270 5234 1383 5284 sunt
1396 5245 1582 5298 ‚parva
1618 5233 1893 5286 decoctione
1930 5237 2086 5298 egent.

1839 378 2371 439 MEGASTHENIS

2169 500 2340 581 φησὶν,
2368 500 2446 560 ὅτι
2475 503 2526 559 ἐν
2546 501 2788 581 Δέρδαις,
2808 501 2936 561 ἔθνει
2968 501 3178 584 μεγάλω
3207 506 3308 562 τῶν
3337 504 3652 587 προσεῴων
3677 508 3790 567 καὶ

2167 590 2375 668 ὀρεινῶν
2403 588 2600 661 Ἰνδῶν,
2639 589 2902 668 ὀροπέδιον
2931 589 3011 661 εἴη
3039 591 3340 671 τρισχιλίων
3373 615 3492 660 πως
3521 593 3624 652 τὸν
3661 595 3785 652 κύ-

2169 679 2288 734 κλον
2309 677 2557 734 σταδίων·
2579 680 2742 737 υποκε
2750 678 2934 754 ιμένων
2960 676 3012 735 δὲ
3033 677 3201 756 τούτῳ
3229 682 3696 760 χρυσωρυχείων,
3724 684 3780 740 οἱ

2170 763 2568 839 μεταλλεύοντες
2598 756 2696 824 εἶεν
2727 765 3025 844 μύρμηκες,
3065 738 3258 845 θηρίων
3302 767 3612 827 ἀλωπέκων
3663 773 3775 828 οὐκ

2169 850 2438 928 ἐλάττους,
2466 851 2626 931 τάχος
2652 852 2902 933 υπερφυὲς
2922 849 3151 931 ἔχοντες,
3179 876 3270 912 και
3293 855 3545 923 ζῶντες
3511 856 3632 915 απὸ
3667 857 3774 929 θή-

2174 959 2284 1019 ρας.
2334 938 2643 1020 Ὀρύττουσι
2700 941 2754 1000 δὲ
2807 942 3027 1019 χειμῶνι
3066 939 3159 1010 τὴν
3195 962 3320 1016 γην·
3359 940 3675 1020 σωρεύουσί
3705 965 3769 1002 τε

2169 1024 2296 1104 πρὸς
2334 1036 2439 1092 τοῖς
2488 1027 2748 1105 στομίοις,
2800 1025 3034 1107 καθάπερ
3076 1031 3123 1085 οἱ
3164 1027 3496 1095 ἀσπάλακες·
3549 1031 3766 1111 ψῆγμα

2172 1115 2214 1172 δ’
2237 1114 2344 1172 ἐστὶ
2363 1120 2557 1195 χρυσοῦ
2579 1124 2767 1194 μικρᾶς
2785 1114 3016 1194 ἑψήσεως
3043 1112 3308 1192 δεόμενον·
3332 1120 3474 1175 τοῦθ’
3504 1120 3764 1188 ἱπποζυ-

2169 1201 2296 1280 γίοις
2323 1203 2558 1278 μετίασιν
2587 1205 2632 1263 οἱ
2647 1202 3001 1281 πλησιόχωροι
3019 1199 3204 1281 λάθρα·
3234 1206 3470 1283 φανερῶς
3490 1204 3606 1283 γὰρ
3635 1208 3764 1264 δια-

2173 1288 2459 1367 μάχονται,
2503 1287 2593 1348 καὶ
2618 1288 2858 1348 διώκουσι
2898 1288 3200 1370 φεύγοντας·
3246 1291 3656 1359 καταλαὸόντες
3699 1294 3760 1352 δὲ

2172 1378 2487 1457 διαχρῶνται
2529 1375 2618 1435 καὶ
2661 1376 2843 1442 αὐτοὺς
2866 1376 2955 1434 καὶ
2991 1374 3058 1435 τὰ
3095 1374 3367 1453 ὑποζύγια.
3397 1379 3549 1458 Πρὸς
3595 1379 3654 1438 δὲ
3697 1380 3758 1439 τὸ

2170 1467 2343 1522 λαθεῖν
2372 1463 2499 1544 κρέα
2527 1463 2706 1544 θήρεια
2725 1464 3058 1543 προστιθέασι
3090 1464 3228 1522 κατὰ
3247 1464 3403 1546 μέρη·
3429 1489 3757 1546 περισπασ·

2172 1551 2355 1611 θέντων
2385 1554 2430 1610 δ’
2463 1555 2792 1633 ἀναιροῦνται
2812 1550 2872 1610 τὸ
2894 1555 3110 1633 ψῆγμα,
3141 1549 3232 1609 καὶ
3251 1555 3327 1630 τῷ
3367 1551 3593 1631 τυχόντι
3640 1558 3750 1613 τῶν

2174 1639 2415 1718 ἐμπόρων
2454 1638 2610 1721 ἀργὸν
2653 1639 2993 1712 διατίθενται,
3014 1637 3261 1720 χωνεύειν
3280 1641 3373 1698 οὐκ
3397 1640 3620 1708 εἰδότες.
3657 1645 3748 1704 Cf.

2170 1729 2409 1787 Nearch.
2439 1729 2511 1786 fr.
2552 1747 2642 1788 12.

2248 1818 2515 1873 Arrianus
2537 1817 2668 1874 Ind.
2699 1836 2750 1876 c.
2776 1816 2827 1887 5,
2849 1824 2925 1884 4.
2941 1813 3276 1892 Μεγασθένης
3292 1811 3345 1871 δὲ
3374 1836 3467 1872 και
3493 1816 3755 1894 ἀτρεκέας

2172 1894 2354 1960 εἶναι(
2334 1901 2461 1981 υπὲρ
2499 1906 2601 1960 τῶν
2627 1901 2914 1984 μυρμήκων
2941 1901 3027 1961 τὸν
3071 1901 3221 1979 λόγον
3240 1900 3492 1982 ἱστορέει,
3533 1903 3753 1971 τούτους

2177 1979 2307 2047 εἶναι
2328 1989 2443 2058 τοὺς
2464 1989 2552 2049 τὸν
2577 1990 2771 2070 χρυσὸν
2804 1989 3145 2070 ὀρύσσοντας,
3171 1990 3264 2047 οὐκ
3295 1992 3457 2048 αυτου
3488 2013 3589 2050 του
3610 2015 3748 2072 χρυ-

2177 2100 2270 2135 σου
2301 2074 2470 2148 ἕνεκα,
2495 2078 2631 2134 ἀλλὰ
2651 2077 2771 2156 φύσι
2802 2076 2901 2157 γὰρ
2924 2074 3062 2136 κατὰ
3079 2081 3170 2147 τῆς
3190 2100 3286 2154 γης
3306 2076 3646 2157 ὀρύσσουσιν,
3659 2078 3750 2138 ἵνα

2180 2162 2475 2243 φωλεύοιεν·
2491 2165 2726 2246 κατάπερ
2736 2167 2783 2225 οἳ
2796 2164 3038 2244 ἡμέτεροι
3057 2167 3104 2224 ot
3117 2165 3326 2274 σμικροὶ
3343 2163 3629 2245 μύρμηκες
3638 2167 3749 2226 ὀλί-

2174 2272 2262 2326 γον
2283 2256 2376 2322 τῆς
2400 2257 2495 2328 γῆς
2524 2252 2845 2332 ὀρύσσουσιν·
2878 2254 2937 2332 (ο)
2971 2251 3239 2318 ἐκείνους
3210 2251 3282 2326 οὲ,
3309 2244 3442 2311 εἶναι
3469 2278 3577 2332 γαρ
3607 2256 3750 2313 ἀλω-

2175 2335 2350 2395 πέκων
2380 2341 2620 2414 μέζονας,
2648 2361 2775 2418 προς
2793 2338 2944 2416 λόγον
2972 2362 3064 2398 του
3092 2359 3218 2431 μεγε
3204 2337 3329 2405 ’θεος
3359 2343 3509 2420 σφῶν
3530 2340 3628 2399 καὶ
3655 2341 3749 2412 τὴν

2177 2429 2273 2502 γῆν
2301 2425 2559 2532 ὀρύσσειν·
2587 2428 2682 2498 τὴν
2715 2425 2769 2485 δὲ
2792 2431 2887 2532 γῆν
2915 2429 3151 2507 χρυσῖτιν
3172 2432 3330 2499 εἶναι,
3349 2426 3442 2484 καὶ
3469 2427 3586 2486 ἀπὸ
3622 2428 3748 2487 ταύ·

2177 2533 2268 2582 της
2291 2510 2518 2590 γίνεσθαι
2547 2512 2752 2574 Ινδοισι
2772 2536 2858 2572 τον
2883 2513 3099 2594 χρυσόν.
3123 2515 3186 2591 (7)
3214 2513 3373 2571 Ἀλλὰ
3400 2517 3752 2592 Μεγασθένης

2180 2595 2339 2668 ἀκοὴν
2375 2598 2680 2677 ἀπηγέεται.
2705 2604 3354 2660 AnteceditNearchifr.
3395 2622 3486 2661 12.

2256 2688 2340 2743 cf.
2363 2690 2474 2745 Dio
2498 2690 2878 2764 Chrysostom.
2915 2692 3015 2749 Or.
3041 2689 3113 2746 35
3135 2710 3194 2764 p.
3222 2690 3333 2755 436
3355 2691 3451 2748 ed.
3482 2693 3743 2749 Morell·

2178 2771 2255 2831 Τὸ
2297 2771 2410 2831 δὲ·
2395 2774 2607 2855 χρυσίον
2657 2775 2985 2853 λαμὸάνουσι
3033 2776 3180 2855 παρα
3220 2776 3541 2855 μυρμήκων.
3584 2771 3745 2839 Οὗτοι

2182 2858 2235 2917 δέ
2256 2862 2382 2919 εἰσιν
2414 2862 2596 2920 ἀλωπε
2573 2886 2701 2922 κων
2729 2862 3022 2974 μείζονες,υ
3012 2863 3181 2922 τᾶλλα
3210 2862 3264 2921 δὲ
3293 2860 3466 2940 ὅμοιοι
3491 2864 3602 2929 τοῖς
3622 2865 3744 2944 παρ’

2179 2950 2327 3023 ὑμῖν·
2346 2947 2616 3031 ὀρύττουσι
2645 2951 2699 3010 δὲ
2717 2950 2855 3010 κατὰ
2878 2953 2972 3030 γῆς
2986 2947 3163 3031 ωσπερ
3186 2953 3232 3010 οἱ
3261 2949 3434 3010 λοιποὶ
3450 2951 3745 3032 μύρμηκες.

2180 3035 2247 3097 Ὁ
2277 3034 2330 3095 δὲ
2359 3042 2484 3117 χοῦς
2511 3040 2681 3107 αὐτοῖς
2722 3041 2833 3099 ἐστι
2875 3039 3087 3119 χρυσίον
3129 3036 3500 3117 καθαρώτατον
3532 3042 3745 3100 πάντων

2178 3124 2407 3205 χρυσίων
2432 3124 2521 3184 καὶ
2546 3127 2937 3187 στιλπνότατον.
2983 3127 3134 3188 Εἰσὶν
3170 3151 3257 3186 ουν
3284 3128 3510 3198 πλησίον
3537 3129 3744 3210 ἐφεξης,

2180 3209 2356 3291 ωσπερ
2410 3213 2627 3273 κολωνοὶ
2670 3238 2759 3274 του
2865 3214 3110 3293 ’γματος,
3147 3238 3235 3273 και
3277 3213 3337 3273 τὸ
3383 3215 3562 3273 πεδίον
3604 3217 3743 3275 ἅπαν

2179 3300 2493 3379 ἀστράπτει·
2528 3302 2760 3381 χαλεπὸν
2785 3327 2873 3362 ουν
2901 3304 3026 3362 ἰδεῖν
3053 3307 3162 3363 ἐστι
3188 3302 3314 3381 πρὸς
3344 3301 3430 3360 τὸν
3456 3302 3626 3376 ἥλιον,
3653 3304 3744 3363 καὶ

2178 3388 2362 3446 πολλοὶ
2391 3391 2493 3448 τῶν
2517 3389 2915 3469 ἐπιχειρούντων
2942 3390 3068 3449 ἰδεῖν
3087 3388 3181 3457 τὰς
3194 3389 3335 3469 ὄψεις
3365 3390 3741 3501 διεφθάρησαν.

2180 3479 2250 3535 Ot
2271 3475 2324 3534 δὲ
2352 3482 2743 3558 προσοικουντες
2774 3478 3035 3560 ἄνθρωποι
3052 3476 3150 3548 ,τὴν
3181 3477 3372 3553 μεταξυ
3396 3479 3581 3559 χώραν
3607 3483 3746 3539 διελ-

2182 3563 2348 3631 θόντες
2369 3564 2561 3644 ἔρημον
2590 3556 2750 3623 οὖσαν
2779 3567 2836 3623 ου
2873 3563 3071 3637 πολλὴν
3102 3564 3180 3645 ἐφ’
3206 3564 3478 3644 ἁρμάτων,
3522 3567 3744 3634 υποζεύ·

2182 3651 2354 3718 ξαντες
2377 3650 2567 3719 ἵππους
2585 3654 2888 3732 ταχίστους,
2907 3655 3240 3733 ἀφικνουνται
3269 3656 3360 3722 τῆς
3390 3653 3740 3733 μεσημὸρίας,

2181 3740 2333 3809 ἡνίκα
2379 3740 2622 3799 δεδύκασι
2652 3740 2787 3800 κατα
2824 3745 2944 3820 γῆς·
2975 3741 3156 3800 ἔπειτα
3195 3739 3438 3820 φεύγουσι
3482 3741 3570 3799 τὸν
3609 3763 3738 3820 χουν

2181 3826 2524 3907 ἁρπάσαντες.
2554 3829 2622 3888 Οἱ
2639 3827 2692 3886 δὲ
2716 3828 3074 3906 αἰσθανόμενοι
3094 3826 3333 3886 διώκουσι
3361 3826 3451 3885 καὶ
3477 3827 3739 3907 μάχονται

2180 3913 2593 3988 καταλαὸόντες,
2622 3914 2716 3984 ἕως
2746 3913 3125 3976 ἀποθάνωσιν
3098 3940 3132 3986 η
3161 3913 3564 3974 ἀποκτείνωσιν·
3589 3916 3738 3973 ἀλκι·

2181 3999 2411 4077 μωτατοι
2427 4027 2526 4084 γαρ
2560 4006 2660 4062 εἶσι
2683 4002 2872 4083 θηρίων
2902 4003 3172 4063 ἁπάντων·
3195 4002 3329 4061 ὥστε
3360 3993 3500 4061 ουτοί
3528 4025 3586 4079 γε
3625 4002 3738 4059 ἐπί-

2181 4086 2717 4169 στανταιτὸχρυσίον,
2745 4090 2935 4151 ὁπόσου
2960 4090 3096 4149 ἐστὶν
3112 4089 3269 4161 ἄξιον,
3286 4112 3377 4148 και
3395 4087 3511 4147 οὐδὲ
3528 4086 3729 4166 προΐεν·

2179 4200 2264 4235 ται
2288 4177 2533 4257 πρότερον
2555 4178 2588 4250 ἢ
2612 4181 2904 4239 ἀποθανεῖν.

2258 4266 2342 4321 Cf.
2380 4265 2710 4324 AElianusH.
2752 4272 2861 4326 An.
2893 4269 3012 4338 111,
3062 4273 3127 4338 4;
3166 4269 3332 4342 XVI,
3382 4265 3478 4337 153
3526 4266 3738 4321 Plinius

2177 4355 2290 4422 XI,
2321 4353 2426 4422 363
2456 4352 2715 4428 Propert.
2749 4356 2834 4410 111
2850 4354 3075 4428 ,13,5;
3106 4357 3388 4427 Pompon.
3435 4354 3577 4408 Mela
3607 4355 3738 4423 vn,

2181 4451 2244 4510 23
2268 4397 2473 4499 Isido'r.
2501 4444 2645 4512 XII,
2673 4442 2938 4514 3;Clem.
2963 4443 3124 4501 Alex.
3153 4442 3374 4517 Paedag.
3403 4444 3462 4496 II
3474 4459 3570 4515 ,p.
3598 4460 3739 4511 ²073

2177 4607 2233 4655 V
2222 4609 2329 4656 icini
2345 4609 2574 4669 jumentis
2607 4623 2664 4658 ea
2682 4609 2806 4659 clam
2826 4609 3052 4673 rapiunt;
3075 4611 3236 4672 aperte
3251 4608 3378 4658 enim
3398 4621 3495 4657 non
3516 4608 3740 4669 possunt,

2179 4686 2537 4749 prohibentibus
2557 4688 2765 4738 formicis
2782 4702 2935 4751 ,quae
2960 4692 3006 4739 et
3025 4691 3237 4752 pugnant
3260 4690 3309 4737 et
3336 4688 3570 4749 fugientes
3607 4686 3739 4737 inse-

2159 4769 2375 4827 ctantur,
2399 4779 2523 4828 quos
2542 4780 2693 4829 quum
2714 4767 3137 4830 deprehenderint,
3160 4780 3254 4816 nna
3273 4780 3385 4817 cum
3401 4766 3633 4829 jumentis
3656 4766 3738 4815 in-

2178 4846 2425 4895 terimunt.
2489 4847 2556 4895 Ut·
2586 4860 2698 4909 ergo
2740 4846 2845 4897 illas
2880 4847 3086 4909 lateant,
3123 4846 3294 4897 ferinas
3317 4859 3487 4897 carnes
3520 4859 3604 4908 per
3624 4844 3740 4894 loca

2177 4922 2379 4984 plurima
2413 4920 2696 4985 disponunt,
2730 4924 2892 4986 itaque
2915 4923 2976 4974 ad
2998 4923 3207 4987 praedam
3231 4923 3466 4985 dissipatis
3493 4921 3736 4981 formicis,

2177 5001 2281 5048 auri
2318 5002 2532 5049 ramenta
2569 4999 2656 5062 ipsi
2688 5004 2958 5064 asportant,
2983 5004 3030 5052 et
3055 5000 3252 5051 susionis
3286 5001 3436 5063 ignari
3459 5002 3728 5059 cuicunque

2177 5077 2428 5127 mercatori
2446 5077 2581 5127 rudia
2601 5078 2682 5128 dii
2684 5078 2879 5129 endunt.

2240 5155 2561 5218 Megasthenes
2580 5159 2710 5205 certa
2727 5169 2933 5219 veraque
2951 5169 3052 5206 esse
3070 5169 3180 5218 qum
3197 5154 3258 5204 de
3281 5154 3494 5203 formicis
3513 5153 3730 5203 scribun-

2178 5236 2259 5285 tur
2285 5234 2431 5286 dicit:
2453 5248 2534 5285 eas
2559 5234 2783 5285 nimirum
2807 5248 2907 5286 esse
2930 5249 3041 5299 quae
3067 5247 3239 5285 aurum
3267 5234 3446 5284 eterra
3469 5232 3739 5293 effodiant,
