4016 5916
1621 474 1722 533 DE
1764 474 2004 536 REBUS
2050 475 2406 537 PUBLIClS.

3494 494 3607 547 205

415 598 769 680 βουλομένοις,
787 620 908 657 non
929 620 1066 659 vero
1094 603 1225 657 solis
1249 602 1532 672 Laciadis,
1553 613 1619 658 ut
1640 604 1963 659 Aristoteles
2054 604 2195 659 riam
2213 605 2520 680 frag-menta
2530 607 2647 661 haec
2663 606 3009 676 devenerint,
3021 620 3140 663 tum
3156 608 3382 666 demum
3397 610 3608 689 fingere

410 690 663 748 tradidit.
705 693 912 746 Verum
958 690 1171 744 etiamsi
1212 707 1284 744 ne
1338 708 1482 745 unus
1525 689 1753 762 quidem
1805 690 1963 745 locus
2052 692 2421 763 probabiliter
2457 693 2615 763 licet,
2663 694 2762 749 ubi
2799 695 2921 750 aliis
2949 695 3169 751 indiciis
3210 697 3283 753 ad
3319 700 3427 755 tale
3467 703 3606 775 quid

409 788 676 846 exstaret,
725 795 840 850 quo
885 776 1157 832 dissensus
1208 777 1519 832 Heraclidis
1558 786 1612 832 et
1651 778 1961 834 Aristotelis
2049 778 2404 835 statuendum
2422 781 2700 856 cogimur.
2727 783 2949 854 Quanto
2965 783 3188 858 longius
3210 786 3381 861 igitur
3401 790 3608 861 petitus

406 864 769 939 probaretur,
810 874 980 937 atque
1029 865 1242 919 etiamsi
1284 882 1490 939 negare
1537 865 1707 920 velles
1733 877 1957 921 utrum-
2048 875 2128 919 est
2169 866 2492 923 Heraclides
2538 867 2767 943 quidam
2814 880 3136 944 excerptor,
3186 880 3342 926 tanto
3390 873 3607 931 facilius

408 970 518 1025 que
558 969 627 1007 ex
668 951 865 1006 iisdem
894 951 1144 1006 fontibus
1176 952 1445 1020 hausisse,
1474 952 1565 1007 vel
1605 952 1717 1009 hoc
1743 972 1919 1008 unum
1938 994 1954 1023 ,

407 1038 564 1111 quod
601 1039 749 1094 inter
789 1039 975 1094 varios
1018 1038 1342 1095 Heraclides
1383 1040 1611 1094 nonnisi
1655 1042 1953 1097 Ponticum

403 1126 803 1201 philosophum
824 1126 896 1182 de
917 1127 1084 1182 rebus
1109 1126 1354 1201 politicis
1371 1128 1649 1201 scripsisse
1673 1130 1952 1197 novimus,

403 1215 450 1269 is
467 1231 602 1269 vero
625 1214 936 1271 Aristotelis
963 1213 1268 1287 discipulus
1290 1213 1425 1283 fuit,
1451 1215 1563 1270 hoc
1588 1234 1766 1270 unum
1799 1215 1957 1271 suffi-

403 1311 554 1357 ceret
568 1342 585 1371 ,
610 1312 675 1356 ut
696 1319 993 1357 consensus
1020 1303 1117 1375 qui
1140 1302 1289 1357 inter
1311 1302 1644 1359 Heraclidea
1667 1313 1723 1359 et
1740 1305 1953 1361 Aristo-

403 1389 531 1444 telia
557 1388 866 1463 fragmenta
886 1388 1348 1463 deprehenditur,
1379 1390 1805 1464 explicationem
1830 1391 1951 1447 ido·

399 1492 561 1531 neam
589 1475 925 1535 admitteret.
971 1477 1168 1550 Neque
1202 1477 1349 1532 hanc
1371 1478 1522 1532 viam
1561 1477 1951 1534 Schneidewi-

398 1581 504 1618 nus
539 1563 824 1617 obturasse
851 1561 1133 1637 putandus
1177 1575 1258 1619 est
1290 1582 1359 1619 eo
1399 1564 1558 1637 quod
1598 1565 1951 1621 Heraclidem

399 1665 431 1704 e
486 1666 722 1705 numero
772 1648 1177 1723 discipulorum
1225 1651 1538 1706 Aristotelis
1590 1651 1951 1708 eximendum

399 1738 680 1811 opinatur,
700 1736 874 1811 idque
898 1748 1096 1793 contra
1117 1737 1321 1794 diserta
1341 1748 1592 1794 veterum
1614 1741 1945 1810 testimonia,

399 1823 602 1896 quibus
636 1824 962 1880 Heraclides
1002 1835 1131 1899 post
1156 1825 1447 1881 Platonem
1475 1836 1531 1882 et
1566 1828 1943 1902 Speusippum

398 1913 564 1967 etiam
606 1913 961 1968 Aristotelem
1000 1912 1237 1970 audiisse
1266 1913 1524 1972 traditur.
1563 1917 1819 1987 Quorum
1864 1928 1945 1972 te·

395 2000 561 2054 stium
603 2001 1011 2073 antiquissimus
1054 2018 1159 2055 nec
1189 2000 1357 2076 longe
1384 2001 1454 2056 ab
1485 2003 1797 2058 Heraclidis
1826 2023 1945 2059 aevo

397 2085 601 2142 distans
634 2084 836 2143 Sotion
864 2099 945 2142 est
972 2086 1024 2142 ἐν
1068 2086 1349 2164 Διαδοχαῖς
1387 2085 1509 2162 (ap.
1538 2090 1708 2165 Diog.
1750 2092 1819 2147 L.
1868 2095 1943 2161 V,

398 2172 538 2251 86),
570 2175 668 2247 qui
692 2173 1120 2231 Schneidewino
1163 2194 1280 2230 non
1300 2176 1590 2232 historiam
1616 2177 1827 2233 referre
1854 2179 1945 2231 vi-

397 2260 582 2330 detur,
606 2261 704 2317 sed
732 2262 1107 2334 conjecturam
1132 2263 1336 2335 cepisse
1365 2279 1435 2317 ex
1460 2281 1555 2334 eo,
1585 2263 1744 2336 quod
1762 2265 1945 2338 persi-

395 2348 512 2402 mili
535 2350 595 2403 in
630 2366 834 2423 genere
862 2349 1147 2405 literarum
1174 2361 1456 2405 versatum
1476 2360 1663 2406 nosset
1692 2352 1945 2407 Heracli-

396 2435 542 2491 dem.
571 2435 776 2509 quue,
807 2438 993 2492 nescio
1022 2454 1138 2510 quo
1163 2435 1323 2508 jure,
1355 2438 1546 2512 colligi
1572 2456 1733 2512 posse
1758 2448 1942 2495 censet

394 2542 462 2579 ex
504 2522 773 2578 Cicerone
805 2524 1016 2599 (Legg.
1055 2525 1168 2593 111,
1200 2524 1267 2593 6,
1305 2524 1442 2600 14),
1487 2526 1585 2597 qui
1613 2525 1685 2580 ita
1712 2524 1883 2581 habet
1922 2545 1937 2581 :

391 2614 705 2668 Aristoteles
720 2612 1013 2667 [Iliun-avit
1022 2630 1238 2667 omnem
1259 2611 1405 2666 hunc
1425 2614 1636 2667 civilem
1667 2616 1727 2667 ἰη
1748 2613 1935 2687 dispu-

391 2702 561 2756 tando
603 2702 778 2754 locum
818 2700 1248 2773 Heraclidesque
1280 2700 1539 2755 Ponticus
1547 2697 1834 2775 profectus
1862 2702 1933 2754 ah

390 2788 577 2842 eodem
616 2787 875 2853 Platone,
933 2785 1332 2860 Theophrastus
1368 2805 1503 2842 vero
1550 2791 1822 2842 Institutas
1860 2787 1935 2841 ab

391 2876 684 2930 An'stotele
700 2872 969 2928 habitarit
989 2880 1047 2928 in
1073 2892 1139 2930 eo
1158 2892 1359 2949 genere
1386 2894 1587 2933 rerum.

465 2965 647 3037 Igitur
686 2961 845 3036 quod
888 2965 947 3016 in
987 2963 1308 3037 fragmentis
1350 2965 1625 3020 nonnulla
1651 2964 1934 3038 leguntur,

391 3067 511 3123 quae
537 3051 880 3107 verbotenus
918 3051 1033 3106 fere
1075 3069 1144 3107 ex
1173 3051 1471 3108 Aristotele
1512 3051 1826 3126 descripta,
1868 3071 1937 3107 ex

390 3154 456 3192 eo
482 3156 585 3212 per
610 3158 668 3194 se
698 3140 930 3194 minime
955 3139 1209 3211 sequitur
1231 3140 1446 3212 reliqna
1479 3140 1667 3194 omnia
1684 3180 1700 3207 ,
1732 3157 1856 3213 quae
1881 3140 1938 3193 in

388 3242 601 3282 summa
624 3245 685 3281 re
702 3245 819 3280 non
848 3225 1178 3280 dissentiunt
1196 3227 1268 3281 ab
1291 3227 1589 3282 Aristotele
1604 3268 1619 3294 ,
1642 3236 1938 3300 totumque

389 3311 532 3367 adeo
557 3313 824 3383 libellum,
844 3331 914 3369 ex
936 3313 1236 3368 Aristotele
1257 3331 1370 3369 esse
1397 3324 1682 3387 excerpta.
1712 3312 1937 3369 Adver-

387 3410 579 3455 santur
605 3412 787 3457 autem
814 3401 945 3456 huic
967 3401 1250 3456 sententiae
1278 3411 1334 3457 et
1362 3401 1676 3457 Heraclidis
1694 3420 1901 3457 nomen
1919 3443 1935 3471 ,

389 3487 545 3561 quod
575 3487 797 3544 codices
833 3485 1196 3562 profitentur,
1227 3497 1283 3543 et
1326 3489 1544 3544 ordinis
1584 3487 1835 3545 defectus
1877 3491 1937 3544 in

385 3576 525 3631 serie
551 3577 880 3631 Politiarum
923 3577 1272 3650 conspicuus.
1306 3577 1441 3649 Quae
1469 3576 1750 3632 obstacula
1780 3595 1938 3650 quo-

385 3663 559 3718 modo
595 3664 1053 3720 Schneidewinus
1085 3665 1255 3719 unico
1294 3683 1396 3721 suo
1440 3675 1773 3740 argumento
1807 3662 1940 3723 fisus

387 3753 717 3822 removerit,
760 3770 928 3824 supra
969 3752 1231 3808 vidimus.
1282 3755 1364 3808 Ac
1413 3753 1665 3826 primum
1708 3751 1936 3827 quidem

388 3839 741 3896 Heraclidem
768 3858 887 3894 non
916 3840 1215 3895 Ponticum
1242 3840 1400 3895 illum
1427 3841 1775 3896 notissimum
1796 3881 1815 3914 ,
1851 3842 1936 3895 uti

387 3934 597 3981 tantum
656 3944 778 3981 non
832 3945 1025 3982 omnes
1080 3937 1418 3995 statuerunt,
1464 3945 1576 3982 esse
1631 3927 1779 3996 vult,
1837 3927 1937 3983 sed

386 4013 639 4086 ignotum
674 4013 956 4088 quendam
1000 4014 1246 4086 ejusdem
1291 4015 1534 4070 nominis
1575 4015 1792 4084 virum,
1838 4016 1936 4088 qui

386 4102 736 4157 Aristotelem
761 4101 896 4157 olim
935 4102 1322 4175 excerpsisset‚
1354 4119 1638 4177 quemque
1673 4101 1937 4176 deinceps

387 4186 522 4243 alius
555 4188 787 4261 quidam
813 4206 1124 4262 anonymus
1150 4189 1211 4242 in
1249 4188 1476 4244 brevius
1497 4187 1821 4264 redegisset.
1857 4221 1935 4234 --

387 4273 453 4329 ld
474 4294 609 4332 vero
632 4295 833 4351 parum
872 4275 1168 4350 probabile
1197 4293 1310 4331 esse
1336 4277 1474 4331 mihi
1491 4275 1736 4331 videtur.
1768 4276 1935 4333 Haud

385 4377 560 4434 pauca
600 4363 832 4436 quidem
886 4363 1147 4418 novimus
1195 4364 1427 4419 nomina
1470 4373 1797 4434 auctorum,
1838 4366 1933 4438 qui

385 4449 684 4522 grandiora
729 4451 1085 4506 historiarum
1139 4469 1311 4524 opera
1356 4452 1415 4505 in
1461 4451 1786 4507 breviorem
1834 4452 1934 4508 sed

388 4539 704 4594 continuam
752 4550 936 4594 tamen
971 4541 1351 4595 narrationem
1390 4548 1823 4609 contraxerunt,
1854 4541 1933 4595 si-

388 4626 497 4679 cuti
523 4627 771 4681 Justinus
793 4626 965 4700 Trogi
992 4627 1247 4700 Pompeii
1271 4627 1556 4699 epitomen
1584 4624 1891 4682 elaboravit
1917 4646 1930 4681 ε

387 4713 647 4788 eclogarii
686 4724 906 4782 autem,
939 4714 1039 4786 qui
1075 4715 1324 4789 singulos
1355 4713 1627 4787 quosdam
1668 4712 1824 4769 locos
1866 4732 1936 4770 ex

386 4797 628 4856 historiis
652 4818 762 4873 pro
786 4800 950 4855 libitu
972 4809 1202 4855 enotant
1217 4841 1233 4869 ,
1258 4817 1376 4854 non
1398 4799 1579 4854 solent
1601 4798 1683 4853 illi
1705 4800 1933 4855 nomina

386 4902 480 4942 sua
506 4887 905 4961 scriptionibus
941 4887 1093 4942 hisce
1122 4887 1395 4959 operariis
1428 4882 1738 4959 praefigere.
1768 4885 1934 4958 Ejus-

386 4973 539 5029 modi
576 4991 714 5030 vero
739 4984 1003 5049 excerpta
1034 4975 1203 5029 etiam
1227 4982 1417 5028 nostra
1442 4973 1751 5047 fragmenta
1774 4986 1930 5045 sunt,

388 5062 592 5117 etiamsi
617 5064 755 5118 olim
782 5063 841 5116 in
869 5061 1267 5136 integrioribus
1292 5060 1581 5116 codicibus
1604 5060 1796 5134 paullo
1823 5062 1935 5136 ple-

388 5149 544 5204 niora
567 5149 796 5205 fuerint.
822 5150 1003 5206 Series
1020 5159 1206 5205 autem
1230 5148 1667 5203 infortuniorum
1687 5188 1704 5217 ,
1727 5166 1839 5221 qua
1861 5149 1931 5204 ab

388 5235 537 5297 iustae
564 5237 824 5310 epitomae
851 5235 1031 5291 forma
1058 5235 1131 5291 ad
1158 5246 1484 5310 praesentem
1512 5235 1739 5291 demum
1760 5236 1931 5291 mise-

2045 950 2326 1026 plerisque
2353 971 2467 1009 sese
2511 954 2716 1008 obtulit
2762 954 3087 1011 Heraclides
3113 958 3406 1029 Ponticus,
3436 953 3603 1033 quem

2037 1036 2182 1119 Περὶ
2199 1037 2404 1114 νόμων,
2433 1038 2564 1118 Περὶ
2583 1040 2748 1119 ἀρχῆς
2769 1038 2858 1097 καὶ
2886 1038 2952 1097 τὰ
2986 1045 3208 1119 συγγενῆ
3239 1041 3434 1110 τούτοις
3467 1051 3602 1103 scri-

2045 1128 2214 1201 psisse
2236 1130 2572 1203 accepimus.
2601 1130 2928 1184 Politiarum
2954 1128 3183 1203 quidem
3214 1150 3356 1206 opus
3388 1133 3607 1191 disertis

2043 1214 2230 1271 verbis
2275 1234 2550 1290 nusquam
2600 1227 2971 1286 memoratur3
3022 1217 3083 1273 id
3130 1237 3269 1274 vero
3314 1238 3434 1275 rem
3483 1243 3603 1279 non

2045 1301 2272 1359 dirimit.
2299 1305 2448 1359 Num
2483 1302 2555 1359 de
2577 1304 2886 1359 Dicaearchi
2912 1305 3129 1361 Politiis
3162 1318 3470 1379 constaret,
3495 1313 3600 1367 nisi

2042 1389 2240 1446 Cicero
2267 1392 2445 1447 tribus
2473 1391 2661 1446 verbis
2686 1392 3034 1447 mentionem
3058 1410 3252 1450 earum
3289 1395 3604 1467 injecisset?

2040 1477 2184 1533 Num
2232 1479 2462 1535 Critiam
2507 1478 2735 1535 Politias
2791 1496 2962 1553 prosa
3012 1482 3271 1537 oratione
3317 1485 3597 1558 scripsisse

2042 1577 2393 1639 compertum
2416 1566 2778 1635 haberemus,
2804 1568 2908 1621 nisi
2936 1567 3190 1623 Athenaei
3211 1570 3349 1625 locis
3374 1569 3598 1629 duobus

2040 1650 2513 1708 admoneremur?
2549 1654 2830 1708 Nimirum
2871 1654 3016 1709 fama
3060 1658 3247 1728 operis
3289 1659 3595 1714 Aristotelii

2039 1739 2388 1812 reliquorum
2436 1742 2765 1795 memoriam
2819 1741 3158 1800 obscuravit.
3212 1745 3375 1800 Mitto
3432 1748 3594 1819 quod

2039 1843 2163 1897 quae
2205 1825 2535 1882 Plutarchus
2578 1845 2648 1882 ex
2695 1827 2993 1883 Heraclide
3033 1830 3272 1885 Pontico
3319 1824 3598 1890 affert'de

2036 1913 2271 1982 Solone,
2302 1912 2374 1968 de
2405 1915 2716 1983 Pisistrato,
2750 1914 2820 1969 de
2857 1915 3064 1988 proelio
3105 1918 3489 1990 Marathonio,
3523 1921 3596 1977 de

2036 2000 2248 2055 Pericle
2284 1998 2508 2074 (Solon.
2548 2019 2599 2056 c.
2641 2021 2689 2057 1.
2720 2020 2816 2056 αα.
2847 2002 2941 2057 31.
2984 2002 3080 2058 32.
3112 2005 3317 2063 Pericl.
3351 2026 3445 2077 27.
3495 2008 3587 2066 35.

2034 2085 2174 2143 Vide
2200 2084 2427 2164 supra),
2466 2106 2536 2143 ex
2565 2088 2986 2144 Atheniensium
3021 2090 3223 2147 Politia
3254 2091 3589 2170 deprompta

2036 2191 2148 2228 esse
2170 2185 2430 2247 possunt;
2452 2176 2618 2231 mitto
2650 2174 2896 2249 denique
2921 2177 3234 2234 Heraclidis
3255 2178 3442 2236 locum
3466 2180 3585 2262 (ap.

2033 2260 2209 2317 Cicer.
2237 2264 2323 2317 De
2347 2261 2521 2320 divin.
2546 2265 2602 2332 1,
2639 2258 2738 2338 53)
2765 2262 2836 2318 de
2858 2282 3018 2319 more
3044 2264 3292 2337 quodam
3316 2267 3556 2325 Ceorum
3572 2314 3586 2337 ‚

2035 2348 2131 2418 qui
2161 2367 2290 2403 cum
2336 2349 2400 2403 iis
2427 2367 2551 2422 quae
2581 2351 2639 2404 in
2685 2350 2928 2406 Ceorum
2966 2350 3260 2425 republica
3285 2366 3589 2414 narrantur

2033 2435 2293 2490 cohaeret.
2329 2436 2400 2490 Et
2425 2454 2498 2491 ne
2538 2435 2690 2492 dicas
2728 2437 3085 2494 Heraclidem
3114 2457 3227 2495 esse
3253 2441 3414 2496 illum
3453 2448 3587 2518 qui-

2034 2521 2163 2577 dem
2220 2524 2548 2593 Ponticum,
2596 2524 2695 2579 sed
2741 2535 2948 2581 temere
3006 2527 3321 2584 Aristotelis
3367 2536 3585 2588 nomini

2030 2608 2389 2664 substitutum
2409 2609 2572 2666 fuisse
2597 2628 2611 2665 ε
2632 2628 2761 2665 nam
2783 2614 3096 2669 contrarius
3112 2614 3278 2688 plane
3299 2635 3421 2673 mos
3439 2618 3588 2673 obti-

2032 2708 2157 2753 net:
2172 2699 2347 2755 multa
2369 2699 2695 2754 tribuuntur
2711 2702 3012 2771 Aristoteli,
3035 2721 3158 2776 quae
3176 2715 3304 2759 sunt
3319 2706 3556 2761 aliorum
3569 2750 3588 2779 ,

2029 2803 2148 2839 non
2172 2787 2294 2841 vice
2328 2803 2507 2841 versa.
2538 2787 2719 2861 Igitur
2744 2799 2955 2860 quanto
2974 2792 3235 2847 notiores
3261 2803 3420 2847 erant
3455 2795 3584 2848 Ari·

2028 2874 2262 2929 stoteliae
2276 2874 2490 2929 Politiae
2504 2915 2520 2944 ,
2538 2886 2593 2929 et
2612 2886 2824 2948 quanto
2848 2877 3106 2951 cupidius
3125 2880 3364 2934 aliorum
3382 2884 3588 2955 scripta

2030 2962 2396 3018 celeberrimo
2412 2964 2681 3037 Stagiritae
2695 2962 3124 3038 affingebantur,
3139 2975 3294 3021 tanto
3311 2968 3493 3040 major
3510 2983 3590 3026 est

2030 3050 2349 3105 Heraclidei
2363 3052 2608 3106 nominis
2619 3092 2635 3122 ,
2658 3051 2815 3125 quod
2837 3052 3162 3128 fragmentis
3179 3057 3384 3110 nostris
3401 3057 3589 3113 inscri-

2026 3137 2201 3206 bitur,
2225 3139 2546 3197 auctoritas.

2106 3225 2138 3278 J
2141 3243 2227 3278 am
2247 3226 2290 3279 si
2307 3225 2424 3280 haec
2444 3226 2503 3279 in
2519 3226 2889 3298 suspicionem
2911 3226 3128 3283 ducunt
3150 3228 3373 3285 subesse
3391 3243 3586 3288 nostro

2028 3309 2219 3364 libello
2251 3309 2488 3365 fundum
2536 3310 2819 3384 quendam
2848 3312 3291 3388 fragmentorum
3329 3318 3586 3374 Heracli-

2028 3396 2296 3469 deorum,
2325 3399 2531 3473 quibus
2556 3400 2876 3456 Aristotelia
2911 3419 2980 3456 ex
3013 3402 3134 3458 aliis
3167 3404 3374 3478 eologis
3395 3406 3484 3460 vel
3517 3425 3586 3462 ex

2026 3485 2394 3558 scriptoribus
2440 3486 2800 3541 Aristotelem
2839 3488 3042 3560 passim
3071 3489 3439 3546 excitantibus
3478 3492 3584 3547 ad-

2027 3572 2202 3627 mixta
2240 3573 2352 3627 sint
2378 3591 2393 3627 z
2428 3572 2717 3628 videamus
2745 3572 3039 3646 deinceps,
3070 3593 3207 3629 num
3231 3576 3400 3631 series
3435 3577 3585 3654 frag-

2025 3669 2347 3714 mentorum
2370 3659 2550 3715 faveat
2573 3659 2707 3715 huic
2734 3663 3017 3715 sententiae
3046 3680 3118 3717 an
3142 3662 3473 3738 refragetur.
3507 3698 3586 3710 —-

2026 3747 2246 3801 Etenim
2267 3746 2747 3821 quemadmodum
2767 3749 2826 3802 in
2852 3749 3081 3823 singulis
3098 3749 3420 3823 fragmentis
3439 3754 3584 3809 ordo

2025 3851 2215 3889 rerum
2237 3834 2674 3910 percommodus
2706 3846 2817 3905 aet,
2845 3837 2923 3891 sic
2950 3837 3118 3892 etiam
3154 3838 3215 3891 in
3244 3840 3387 3894 serie
3426 3842 3584 3895 Poli-

2028 3923 2227 3979 tiarum
2243 3965 2259 3994 ,
2283 3925 2328 3979 si
2348 3922 2577 3998 quidem
2597 3942 2775 3979 unum
2797 3924 3108 3981 Aristotelis
3129 3943 3271 3998 opus
3288 3939 3584 4003 excerptor

2026 4021 2153 4067 ante
2181 4012 2378 4067 oculos
2413 4010 2640 4079 habuit,
2682 4011 2981 4086 pristinum
3011 4010 3271 4067 ordinem
3305 4026 3584 4071 servatum

2025 4116 2139 4155 esse
2167 4108 2561 4173 exspectamus.
2588 4097 2770 4172 quue
2797 4099 2915 4172 ipse
2945 4097 3403 4156 Schneidewinus
3438 4121 3582 4158 con-

2026 4185 2204 4258 cedit3
2221 4204 2418 4242 verum
2438 4204 2613 4260 quum
2626 4187 2902 4242 rationem
2922 4185 3086 4258 hujus
3106 4186 3324 4242 ordinis
3339 4188 3582 4247 reddere

2024 4292 2143 4329 non
2181 4275 2383 4349 possit,
2424 4274 2536 4329 hoc
2576 4290 2647 4329 eo
2694 4291 2958 4329 excusare
2989 4271 3209 4343 studet,
3253 4274 3414 4348 quod
3442 4279 3586 4351 quid

2024 4361 2347 4418 Aristoteles
2371 4362 2432 4415 in
2456 4360 2562 4417 hac
2595 4378 2659 4416 re
2698 4370 2919 4416 secutus
2955 4361 3058 4430 sit,
3102 4378 3306 4434 parum
3346 4362 3578 4436 liqueat.

2027 4449 2151 4503 Hoc
2176 4466 2374 4504 verum
2394 4446 2624 4524 quidem
2654 4457 2766 4516 oet3
2796 4456 2855 4503 at
2883 4445 3026 4502 illud
3047 4457 3232 4502 tamen
3258 4447 3438 4522 liquet
3463 4469 3580 4507 non

2026 4536 2477 4609 qualemcunque
2504 4534 2835 4590 Politiarum
2860 4534 3063 4589 seriem
3091 4553 3215 4590 eam
3242 4552 3356 4591 esse
3386 4555 3575 4611 posse,

2026 4640 2192 4695 quam
2221 4620 2545 4678 Aristoteles
2566 4620 2940 4695 adoptaverit.
2973 4623 3178 4678 Nostra
3200 4631 3384 4678 autem
3412 4628 3579 4684 series

2025 4711 2149 4766 talis
2180 4719 2290 4779 est,
2320 4709 2499 4783 qualis
2519 4726 2554 4764 a
2586 4727 2731 4764 sanae
2759 4709 2961 4764 mentis
2985 4710 3263 4784 scriptore
3293 4709 3575 4785 proficisci

2025 4799 2257 4853 omnino
2314 4815 2435 4852 non
2480 4797 2686 4872 potuit.
2730 4799 2927 4870 Neque
2972 4797 3286 4872 quidquam
3341 4799 3577 4858 lucraris

2023 4894 2265 4941 statuens
2297 4885 2499 4940 multas
2541 4884 2771 4940 Politias
2814 4883 3122 4940 Aristotelis
3145 4884 3217 4941 ab
3247 4897 3578 4962 excerptore

2025 4974 2248 5029 omissas
2274 4990 2407 5030 esse.
2433 4973 2578 5028 Nam
2611 4971 2691 5028 sic
2717 4988 2949 5046 quoque
2976 4989 3044 5027 ex
3070 4973 3455 5046 superstitibus
3475 4977 3579 5030 Po·

2024 5061 2157 5117 litiis
2180 5059 2492 5133 conjuncta
2515 5077 2629 5115 esse
2657 5058 2866 5115 debent
2890 5076 2968 5115 eae
2997 5077 3121 5133 quae
3142 5059 3307 5115 simul
3337 5071 3580 5136 propter

2024 5149 2301 5224 originem
2337 5157 2394 5204 et
2429 5147 2670 5203 formam
2709 5146 3031 5220 reipublicae
3058 5155 3115 5201 et
3148 5147 3314 5203 situm
3342 5164 3580 5222 geogra-

2023 5237 2253 5310 phicum
2267 5278 2282 5305 ,
2300 5237 2414 5292 sive
2439 5244 2677 5311 propter
2697 5252 2761 5291 ea
2782 5236 2968 5290 omnia
2985 5276 3001 5305 ,
3026 5252 3150 5309 quae
3174 5236 3231 5290 in
3251 5232 3585 5290 ordinandis
