4016 5916
1652 442 2148 505 FRAGMENTA.
3415 448 3448 498 5
3460 450 3488 498 1

291 590 602 644 simbrotus
641 585 955 643 tradiderit.
986 586 1132 640 Num
1169 583 1395 638 Thasius
1419 581 1736 636 Samiorum
1758 577 1853 631 hi-

291 678 530 733 storiam
557 675 765 741 texuit,
794 691 869 728 an
889 673 1097 727 librum
1118 671 1335 743 scripsit
1356 666 1519 724 talem
1541 666 1656 722 fere
1673 706 1690 732 ‚
1716 682 1853 737 qua-

281 762 408 821 *lem
435 760 682 819 Phanias
701 760 1021 833 composuit
1038 754 1322 833 Τυράννων
1354 745 1638 829 ἀναιρέσεις
1660 751 1854 806 inscri-

292 850 499 925 ptum?
521 852 607 909 De
624 859 808 903 morte
829 845 1139 919 Polycratis
1161 862 1217 897 v.
1237 844 1554 915 interprett.
1575 839 1647 895 ad
1669 841 1855 894 Hero-

295 937 424 992 dot.
449 937 564 1005 111,
593 933 724 1003 1253
745 934 995 989 Valerius
1017 933 1169 987 Max.
1193 931 1299 999 vl,
1323 947 1387 1003 9,
1418 927 1473 983 5.
1497 929 1754 983 Ceterum
1778 924 1850 980 cl.

293 1026 363 1082 1..
389 1022 617 1080 Lerscb.
643 1023 731 1077 De
751 1020 1073 1095 Fulgentio,
1102 1019 1283 1073 Bonn.
1323 1014 1491 1084 1844,
1512 1032 1570 1087 p.
1600 1012 1692 1067 36.

2676 590 2697 627 1
2711 577 2739 637 l.
2751 611 2764 625 .

2021 678 2223 735 Strabo
2250 678 2334 746 X,
2359 695 2417 751 p.
2446 684 2556 748 472
2585 696 2599 732 ι
2626 670 2752 733 Ἔτι
2780 670 2835 731 δὲ
2860 671 3060 753 Κρόνου
3081 669 3214 738 τινὲς
3233 669 3347 740 τοὺς
3380 675 3493 734 Κο-

1946 763 2230 843 ρύὸαντας,
2253 766 2299 821 οἱ
2327 762 2383 820 δὲ
2404 767 2495 820 τοῦ
2519 761 2639 828 Διὸς
2666 759 2757 819 καὶ
2786 758 3085 829 Καλλιόπης
3109 758 3235 840 sparsi
3258 757 3375 826 τοὺς
3402 762 3494 818 αὗ-

1943 847 2060 915 τοὺς
2081 851 2186 914 τοῖς
2212 845 2487 926 Καὸείροις
2509 845 2683 918 ὄντας,
2708 846 2946 904 ἀπελθεῖν
2981 843 3036 902 δὲ
3057 846 3265 911 τούτους
3292 846 3362 911 εἰς
3383 847 3495 905 Σα-

1946 930 2227 1013 μοθρᾴκην,
2247 931 2572 1009 καλουμένην
2597 931 2845 1012 πρότερον
2878 930 3109 1010 μελίτην·
3147 931 3242 997 τὰς
3265 930 3318 991 δὲ
3353 933 3493 1012 προί-

1946 1021 2043 1089 ξεις
2064 1023 2233 1078 αὐτῶν
2255 1018 2507 1096 μυστικὰς
2540 1011 2691 1077 εἶναι.
2714 1022 2901 1078 Ταῦτα
2925 1019 2973 1075 δ’
3003 1020 3098 1077 οὐκ
3124 1016 3496 1095 ἀποδεξάμενος

1837 1130 1846 1135 ·
1945 1112 1973 1166 6
2010 1106 2246 1187 Σκήψιος
2279 1112 2308 1165 6
2336 1107 2453 1173 τοὺς
2486 1107 2674 1183 μύθους
2695 1105 2905 1172 τούτους
2940 1104 3263 1182 συναγαγὼν,
3295 1109 3364 1173 ὡς
3392 1131 3495 1182 μη·

781 1326 958 1386 ΠΕΡΙ
999 1324 1381 1385 ΤΕΛΕΤΩΝ.

1041 1496 1130 1553 13.

377 1672 568 1746 Etym.
592 1671 671 1727 M.
693 1686 755 1743 p.
775 1667 912 1737 465,
934 1667 1007 1724 30
1029 1686 1043 1722 ε
1069 1666 1254 1725 Ἰδαῖοι
1266 1662 1560 1735 ἐκλήθησαν
1582 1665 1630 1722 οἱ
1653 1662 1855 1721 Δάκτυ·

295 1760 380 1818 λοι
398 1756 480 1815 ὅτι
499 1759 535 1826 ἡ
555 1753 693 1820 κόνις
713 1754 779 1825 ἣν
804 1752 1019 1833 ἔρριψαν
1037 1756 1142 1827 (sc.
1164 1755 1196 1808 J
1199 1755 1318 1807 ovis
1340 1753 1611 1827 nutrices)
1642 1750 1695 1816 ἐξ
1711 1747 1858 1821 Ἴδης

299 1835 382 1915 ἧῦ.
416 1840 814 1921 Στησίμὸροτος
840 1838 895 1898 δὲ
935 1842 988 1897 ἐν
1016 1842 1090 1919 τῷ
1115 1839 1274 1917 Περὶ
1301 1835 1588 1895 τελετῶν
1614 1835 1733 1902 Διὸς
1768 1835 1859 1894 καὶ

299 1931 447 2003 Ἴδης
464 1927 666 2009 νύμφης
688 1926 872 1992 αὐτοὺς
892 1924 1032 2003 λέγει
1045 1926 1071 1951 *
1092 1925 1243 2005 φησὶν
1267 1923 1345 1981 ὅτι
1369 1922 1496 1990 Ζεὺς
1515 1921 1748 1981 ἐκέλευσε
1768 1922 1860 1989 τὰς

303 2017 439 2083 ἰδίας
465 2014 681 2096 τροφοὺς
697 2012 881 2072 λαὸεἷν
905 2012 1044 2070 κόνιν
1067 2012 1157 2068 καὶ
1178 2014 1324 2092 ῥῖψαι
1350 2012 1418 2076 εἷς
1439 2007 1669 2069 τούπισω
1690 2010 1780 2067 καὶ
1800 2012 1859 2073 ἐκ

305 2108 398 2175 τ’ῆς
420 2103 609 2168 κόνεως
636 2098 876 2178 γενέσθαι
898 2097 1015 2165 τοὺς
1043 2098 1258 2164 Ἰδαίους
1280 2096 1593 2162 Δακτύλους.

384 2191 520 2248 Post
540 2187 681 2267 λέγει
700 2191 959 2245 lacunam
983 2187 1241 2244 indicavi.
1265 2189 1486 2243 Nomen
1506 2188 1748 2242 auctoris
1770 2204 1863 2242 ne-

307 2282 424 2336 scio
449 2279 606 2350 cujus
634 2276 903 2334 excidisse
928 2274 1170 2333 videtur.
1208 2273 1290 2332 cf.
1324 2272 1601 2329 We'lcker.
1648 2276 1855 2349 Trilog.

307 2386 367 2441 p.
403 2385 530 2441 1793
557 2364 817 2421 Lobeck.
844 2362 1121 2437 Aglaoph.
1143 2379 1202 2434 p.
1241 2380 1263 2416 1
1281 2359 1409 2417 158.

386 2454 655 2528 Apollon.
681 2449 877 2507 Rhod.
907 2452 966 2519 1,
1005 2469 1024 2503 1
1043 2467 1150 2524 129
1175 2468 1189 2503 ι

387 2608 650 2669 Δάκτυλοι
673 2606 852 2667 Ἰδαῖοι
887 2604 1169 2685 Κρηταιέες
1183 2648 1200 2681 ,
1221 2602 1306 2669 οὓς
1327 2626 1453 2662 ποτε
1475 2601 1647 2685 νύμφη

389 2696 642 2775 Ἀγχιάλη
664 2699 913 2755 Δικταῖον
940 2691 1039 2750 ἀνὰ
1063 2690 1246 2768 σπέος,
1276 2689 1625 2771 ἀμφοτίρῃσιν

389 2781 684 2865 δραξαμένη
705 2780 857 2860 γαίης
880 2777 1148 2852 Οἰαξίδος,
1169 2778 1507 2851 ἔὸλάστησεν.

311 2932 401 2992 Ad
425 2933 542 2989 haec
567 2932 743 2991 schol.
773 2950 789 2986 ι
813 2924 944 2990 Ὀτι
974 2924 1030 2986 δὲ
1056 2924 1230 3008 νύμφη
1252 2949 1330 2995 τις
1356 2924 1594 2995 Οἰαξίδος
1611 2930 1706 3006 γῆς
1732 2927 1861 3008 δρα-

311 3015 510 3094 ξαμένη
529 3017 645 3083 τοὺς
669 3014 1019 3091 καλουμένους
1048 3014 1271 3081 Ἰδαίους
1295 3014 1591 3080 Δακτύλους
1614 3012 1824 3085 ἐποίησε
1839 3059 1856 3092 ,

309 3101 460 3183 παρὰ
507 3101 907 3181 Στησιμβρότου
957 3100 1163 3180 εἴληφε·
1206 3101 1298 3159 καὶ
1341 3099 1420 3159 ὅτι
1459 3099 1545 3159 διὰ
1591 3099 1649 3158 τὸ
1685 3103 1864 3180 ῥυῆναι

314 3191 501 3257 αὐτοὺς
527 3188 613 3249 διὰ
641 3193 744 3248 τῶν
769 3191 979 3269 χειρῶν,
1006 3189 1265 3248 Δάκτυλοι
1293 3189 1568 3258 κληθῆναι.
1597 3189 1866 3267 Σοφοκλῆς

312 3278 368 3337 δὲ
389 3280 487 3359 (fr.
512 3299 543 3350 7
557 3280 651 3354 ια)
674 3275 858 3342 αὐτοὺς
871 3274 1089 3355 Φρύγας
1111 3277 1262 3334 καλεῖ
1281 3278 1333 3334 ἐν
1361 3275 1568 3355 Κωφοῖς
1587 3274 1862 3354 Σατύροις.

391 3366 478 3424 Cf.
498 3369 675 3422 Varro
689 3364 843 3439 apud
863 3366 1016 3422 Serv.
1039 3363 1112 3419 ad
1125 3366 1278 3438 Virg.
1294 3365 1414 3419 Ecl.
1433 3366 1482 3431 Ι,
1506 3363 1580 3417 66
1605 3382 1620 3417 z
1644 3386 1667 3412 e«
1687 3365 1866 3418 Varro

311 3454 394 3510 ait
434 3470 450 3507 t
495 3453 648 3524 Quos
668 3469 872 3524 magno
889 3450 1164 3505 Anchiale
1179 3463 1376 3524 pat-ms
1409 3451 1655 3504 adducta
1683 3452 1869 3506 dolore

311 3543 390 3597 Et
399 3546 637 3612 gemim's
654 3544 883 3613 capiens
904 3540 1151 3594 tellurem
1177 3539 1446 3593 GEea-Ida
1468 3540 1678 3610 palmis
1708 3535 1867 3615 (Edi-

309 3631 396 3683 dit
417 3633 474 3682 in
505 3628 686 3685 Creta.
707 3628 776 3681 V.
795 3627 954 3681 Poet.
973 3627 1110 3683 Min.
1132 3637 1268 3683 tom.
1296 3628 1366 3693 V,
1382 3643 1443 3698 p.
1465 3625 1497 3680 3
1513 3667 1530 3695 ,
1549 3644 1606 3699 p.
1631 3626 1821 3700 1412).
1843 3651 1868 3675 ι.

313 3714 709 3773 -Diomedes
724 3713 971 3771 Gramm.
1002 3714 1118 3781 111,
1141 3732 1203 3786 p.
1233 3719 1345 3783 474
1363 3715 1425 3769 P.
1451 3732 1467 3766 ε
1495 3718 1676 3767 Aiunt
1692 3713 1866 3786 Opem

313 3809 372 3857 ι’,
408 3803 578 3858 Idam
617 3812 851 3855 montem
890 3802 1089 3854 insula·
1132 3800 1312 3856 creeae
1322 3798 1602 3873 fugIendo
1624 3801 1870 3854 delatam

313 3908 515 3945 manus
537 3906 666 3942 suas
682 3893 998 3961 imposuisse
1011 3899 1310 3942 memorato
1329 3892 1501 3943 monti
1517 3898 1573 3942 et
1591 3891 1670 3942 sic
1686 3883 1874 3956 insan-

316 3989 424 4031 oem
468 3981 646 4049 ipsum
679 3975 936 4040 alidekse,
993 3986 1051 4029 et
1092 3993 1167 4029 ex
1211 3992 1475 4029 manuum
1521 3979 1874 4047 impressione

315 4068 599 4121 emersisse
626 4062 856 4119 emeras
879 4066 988 4116 sive
1023 4059 1392 4129 Corrbantas,
1426 4081 1559 4135 quos
1597 4081 1636 4116 a
1678 4067 1874 4117 monus

315 4155 534 4205 nomine
549 4161 605 4205 et
625 4169 664 4203 a
681 4151 952 4222 qualitate
963 4145 1121 4218 sacti
1140 4150 1328 4204 Idaeos
1342 4151 1604 4221 Daco‘los
1619 4152 1873 4222 appella·

317 4249 462 4292 mae.
491 4266 568 4279 —-
595 4235 703 4293 Καὶ
724 4231 804 4291 ὅτι
827 4234 875 4294 δ.
897 4255 951 4294 τ.
985 4238 1059 4312 ῥ.]
1090 4238 1216 4291 naec
1244 4236 1318 4290 ad
1346 4255 1466 4291 eam
1495 4238 1874 4291 narrationem

318 4333 597 4396 spectant,
617 4341 689 4379 ex
715 4341 828 4396 qua
846 4324 1068 4396 Dactyli
1093 4341 1123 4377 e
1143 4323 1298 4394 jactu
1323 4325 1569 4398 pulveris
1590 4322 1874 4396 Nympha-

321 4431 448 4467 rum
466 4412 655 4487 digitis
669 4413 842 4486 sparsi
856 4413 972 4466 nati
991 4414 1375 4486 nominatique
1389 4413 1675 4469 dicuntur.
1692 4415 1876 4484 Quare

321 4500 483 4572 plura
504 4499 771 4555 videntur
792 4500 1019 4567 omissa3
1046 4511 1101 4555 et
1118 4500 1395 4555 scholiast.
1419 4509 1475 4553 et
1491 4501 1678 4571 Etym.
1703 4500 1780 4555 M.
1806 4515 1875 4553 ex

321 4586 523 4643 eodem
552 4587 708 4643 sonte
736 4599 1006 4662 corrupto
1031 4606 1128 4643 sua
1155 4588 1363 4642 habere
1387 4586 1683 4661 probabile
1710 4597 1811 4642 est.

919 4776 1014 4832 DE
1045 4776 1297 4833 mirus.

389 4913 463 4962 2³.
493 4908 843 4961 stesimbmtus
859 4908 912 4958 ln
927 4908 1046 4958 libro
1071 4912 1140 4959 De
1157 4909 1304 4960 initiis
1327 4909 1480 4959 ldoeos
1505 4910 1729 4972 Dactylos
1745 4909 1882 4959 Jovts

324 4990 374 5038 et
394 4987 488 5038 lde
505 4988 736 5050 nymphe
752 4987 879 5036 filios
894 4986 1024 5037 dicit.

390 5065 532 5122 Quod
555 5065 772 5128 nympha
799 5063 1022 5126 quaedam
1051 5064 1306 5114 OEaxidem
1329 5066 1506 5114 terram
1528 5063 1747 5113 manibus
1770 5077 1880 5127 pre·

329 5140 537 5192 tndem
569 5140 728 5190 111aeoe
754 5140 979 5201 baetylos
995 5141 1134 5191 enisa
1151 5142 1212 5191 at
1225 5178 1240 5202 ,
1275 5140 1323 5190 id
1344 5140 1617 5206 Apollonius
1637 5154 1665 5190 a
1682 5141 1878 5194 ste-sim-

332 5219 468 5276 ιωιο
485 5220 743 5280 minatus
760 5219 850 5266 est.
1637 5221 1644 5228 ·

1948 1191 2084 1258 δενδς
2122 1193 2175 1249 ἐν
2218 1193 2539 1276 Σαμοθρᾴκῃ
2579 1197 2830 1268 μυστικοῦ
2866 1189 3021 1267 λόγου
3049 1191 3168 1271 περὶ
3222 1191 3497 1272 Καὸείρων

1944 1279 2255 1355 λεγομένω,
2286 1279 2633 1360 παρατίθησιν
2670 1278 2809 1355 ὅμως
2846 1279 2940 1337 καὶ
2970 1279 3368 1357 Στησιμὸρότου
3404 1288 3495 1343 τοῦ

1947 1368 2156 1428 Θασίου
2177 1366 2347 1440 δόξαν,
2361 1370 2431 1433 ὡς
2452 1366 2519 1425 τὰ
2543 1368 2597 1424 ἐν
2618 1366 2941 1446 Σαμοθρᾴκῃ
2960 1365 3075 1446 ispi:
3095 1374 3201 1433 τοῖς
3224 1366 3499 1448 Καὸείροις
3534 1377 3543 1387 ’
3594 1422 3603 1430 ,

1946 1456 2237 1514 ἐπετελεῖτο
2253 1475 2267 1488 ·
2292 1455 2563 1513 καλεῖσθαι
2592 1454 2648 1511 δέ
2674 1473 2828 1533 φησιν
2855 1453 3038 1519 αὐτοὺς
3060 1454 3249 1521 ἐκεῖνος
3275 1453 3381 1513 ἀπὸ
3409 1463 3500 1516 τοῦ

1945 1540 2091 1623 ὄρους
2108 1545 2198 1599 τοῦ
2219 1544 2273 1600 ἐν
2292 1540 2602 1621 Βιρεκυντία
2626 1539 2906 1617 Καὸείρου.

2024 1635 2174 1705 Lege
2229 1632 2394 1686 etiam
2453 1649 2577 1703 quae
2619 1631 2958 1686 antecedunt
3005 1648 3097 1704 ap.
3146 1631 3497 1687 Strabonem.

1953 1742 1978 1767 α
2003 1720 2259 1789 Quorum
2275 1718 2417 1785 haec,
2435 1727 2500 1771 ut
2520 1716 2781 1788 conjicio,
2806 1719 3075 1773 sententia
3100 1726 3212 1773 est:
3235 1718 3503 1772 Nonnulli

1946 1805 2291 1878 Corybantes
2315 1805 2620 1879 (incertum
2644 1822 2838 1858 omnes
2859 1822 2930 1859 an
2955 1803 3225 1859 duntaxat
3251 1804 3499 1878 aliquos)

1947 1893 2006 1947 in
2023 1893 2461 1948 Samothraciam
2479 1892 2679 1949 abiisse
2692 1901 3026 1958 memorant,
3047 1902 3107 1945 et
3122 1909 3236 1946 esse
3257 1891 3503 1960 cosdem,

1949 1968 2130 2053 quiin
2153 1982 2258 2035 hac
2281 1980 2459 2034 insula
2480 1978 2669 2034 Cabiri
2688 1980 3069 2047 nominentur,
3095 1979 3192 2033 sed
3208 2020 3223 2047 ,
3250 1981 3381 2052 quia
3403 1981 3507 2035 Co-

1947 2067 2247 2141 rybantum
2266 2067 2645 2141 Phrygiorum
2663 2067 2752 2123 vel
2771 2066 3117 2122 Cretensium
3139 2063 3348 2140 πράξεις
3368 2067 3428 2123 h.
3452 2086 3502 2125 c.

1949 2174 2123 2229 opera
2150 2165 2206 2210 et
2230 2154 2535 2209 ministeria
2563 2155 2816 2209 omnium
2843 2170 3100 2208 sermone
3124 2153 3502 2220 celebrantur,

1949 2240 2023 2297 de
2041 2241 2435 2297 Samotbraciis
2455 2251 2641 2295 autem
2660 2238 3073 2312 Corybantibus
3089 2238 3230 2292 nihil
3245 2239 3508 2307 innotuit,

1950 2325 2141 2382 dicere
2164 2327 2344 2382 coacti
2365 2337 2496 2381 sunt
2516 2322 2610 2390 τὰς
2638 2322 2847 2401 πράξεις
2870 2323 3040 2381 αὐτῶν
3066 2321 3318 2399 μυστικὰς
3345 2312 3498 2380 εἶναι.

1950 2412 2020 2469 Id
2059 2425 2243 2469 autem
2272 2415 2568 2488 impugnat
2590 2414 2939 2487 Demetrius,
2977 2413 3038 2466 in
3064 2413 3339 2486 mysteriis
3366 2412 3507 2466 nihil

1951 2499 2024 2555 de
2053 2499 2393 2556 Cabirorum
2420 2500 2588 2556 rebus
2617 2501 2779 2575 gestis
2800 2499 2973 2567 tradi,
3003 2517 3185 2572 neque
3207 2511 3271 2554 ut
3293 2500 3509 2555 Rheam

1879 2610 1884 2619 ·
1951 2588 2201 2642 comitati
2231 2589 2368 2656 sint,
2412 2605 2596 2659 neque
2622 2599 2687 2641 ut
2713 2589 2917 2642 Jovem
2948 2587 3340 2659 Bacchumque
3363 2587 3509 2642 edu·

1951 2675 2232 2741 caverint,
2273 2673 2519 2746 ideoque
2546 2675 2757 2729 nullam
2785 2680 3004 2728 causam
3044 2690 3158 2727 esse
3195 2692 3297 2728 cur
3322 2673 3509 2729 Cabiri

1951 2761 2125 2817 iidem
2164 2760 2509 2833 Corybantes
2556 2778 2669 2816 esse
2704 2759 3024 2816 credantur.
3062 2759 3285 2815 Miilleri
3334 2758 3512 2835 (Pm-

1952 2851 2103 2921 legg.
2142 2867 2204 2922 p.
2241 2847 2383 2923 150)
2414 2846 2738 2920 conjectura
2763 2866 2873 2922 pro
2899 2844 3115 2922 μηδενὸς
3142 2850 3394 2921 μυστικοῦ
3420 2845 3511 2904 λό·

1949 2955 2044 3009 γου
2068 2932 2188 3011 περὶ
2219 2931 2492 3014 Καὸείρων
2518 2933 2630 3011 λεγ.
2657 2935 3038 2991 substituentis
3058 2931 3181 3011 περὶ
3201 2932 3508 3013 Κουρήτων,

1952 3043 2073 3079 non
2097 3024 2283 3079 solum
2304 3023 2455 3094 justo
2502 3022 2792 3092 audacior,
2833 3023 2934 3079 sed
2974 3023 3142 3078 etiam
3167 3041 3200 3079 a
3236 3025 3511 3079 Demetrii

1952 3112 2468 3185 argumentatione,
2497 3128 2621 3183 quae
2662 3120 2781 3166 tota
2825 3111 2885 3164 in
2913 3111 3181 3167 Curetum
3220 3112 3511 3184 Coryban-

1953 3207 2143 3253 tumve
2181 3207 2237 3254 et
2268 3198 2610 3254 Cabirorum
2644 3196 3003 3252 distinctione
3023 3209 3294 3267 versatur,
3335 3199 3515 3254 aliena

1952 3283 2210 3352 videtur3
2241 3301 2372 3338 nam
2401 3282 2561 3356 quod
2586 3283 2840 3356 sequitur
2874 3282 2921 3338 οἱ
2963 3279 3017 3337 δὲ
3051 3278 3282 3350 Ἑκάτης
3311 3281 3513 3359 προπό-

1954 3369 2075 3435 λους
2106 3368 2374 3445 νομίζωσι
2402 3364 2519 3433 τοὺς
2545 3368 2819 3446 Κουρῆτας
2838 3364 2957 3432 τοὺς
2985 3363 3169 3432 αὐτοὺς
3195 3367 3300 3433 τοῖς
3329 3367 3509 3446 Κορύ-

1956 3458 2108 3513 6ασιν
2145 3455 2323 3527 ὄντας,
2352 3456 2412 3512 id
2439 3457 2729 3513 Strabonis
2763 3456 3205 3511 additamentum
3245 3466 3355 3528 est,
3397 3476 3513 3529 quo

1957 3545 2281 3600 inchoatum
2305 3543 2379 3599 de
2395 3544 2693 3600 Curetibus
2709 3560 3026 3598 sermonem
3046 3541 3300 3597 absolvit.
3323 3543 3514 3598 Nihilo

1959 3633 2134 3705 magis
2158 3631 2348 3704 probo
2378 3630 2537 3703 quod
2562 3631 2655 3685 alii
2686 3630 3078 3703 subsequentia
3104 3630 3275 3684 verba
3298 3628 3517 3707 παρατί-

1958 3720 2106 3785 θησιν
2128 3713 2271 3791 ὁμοί
2280 3739 2357 3781 ως
2373 3718 2676 3772 sollicitant
2698 3713 2840 3790 ὅμως
2866 3727 3269 3790 praeoptantes3
3298 3736 3429 3773 nam
3456 3719 3517 3773 il-

1958 3805 2060 3860 lud
2086 3801 2279 3878 ὁμοίως
2314 3804 2558 3860 refertur
2600 3804 2674 3859 ad
2716 3803 3092 3877 praecedentia
3121 3805 3150 3858 6
3178 3799 3293 3867 τοὺς
3329 3800 3517 3876 μύθους

1960 3887 2265 3966 συναγαγὼν
2283 3888 2515 3964 τούτους,
2537 3901 2831 3963 totumque
2846 3891 3193 3946 enuntiatum
3212 3890 3322 3944 hoc
3336 3891 3513 3948 valet:

1959 3981 2268 4034 Demetrius
2294 3991 2356 4033 ut
2385 3991 2568 4034 cetera
2591 3998 2720 4052 quoe
2746 3978 2855 4032 huc
2866 3984 3177 4051 pertinent,
3229 3981 3309 4031 ita
3347 3982 3514 4032 etiam
3544 4047 3563 4054 -

1959 4067 2293 4121 Stesimbmti
2319 4072 2645 4121 sentenciam
2688 4075 3086 4130 commemorat,
3122 4081 3288 4118 sacra
3321 4064 3515 4118 Samo-

1961 4152 2175 4207 thracia
2205 4150 2523 4208 Cabe'rorum
2563 4158 2621 4206 in
2647 4151 2904 4207 honorem
2935 4155 3178 4204 Instituta
3213 4166 3355 4214 esse,·
3390 4166 3518 4221 quae

1963 4238 2317 4294 Stesimbroti
2334 4235 2452 4303 δόξα
2475 4240 2597 4294 mit.
2620 4240 2767 4294 Hinc
2780 4239 3139 4311 perspicuum
3154 4235 3217 4290 fit
3230 4254 3347 4289 non
3366 4233 3515 4289 idem

1964 4345 2161 4382 omnes
2172 4329 2426 4395 sensisse3
2449 4326 2888 4381 dissentientium
2904 4342 3041 4379 vero
3058 4342 3174 4378 non
3195 4324 3298 4378 alia
3321 4324 3518 4394 opinio

1962 4431 2076 4468 esse
2101 4414 2317 4486 potuit,
2349 4431 2519 4485 quam
2551 4430 2615 4467 ea
2644 4430 2800 4467 sacra
2825 4430 2949 4484 quae
2975 4407 3090 4487 ἱερὰ
3120 4406 3393 4486 Καὸείρων
3429 4408 3517 4462 di·

1963 4509 2181 4569 cantur,
2208 4500 2319 4554 hoc
2349 4516 2560 4553 nomen
2584 4499 2794 4554 habere
2823 4499 2956 4571 quia
2991 4514 3024 4551 a
3050 4496 3264 4552 Cabiris
3290 4495 3519 4550 condita

1964 4595 2022 4641 et
2041 4585 2417 4642 administrata
2448 4586 2658 4641 fuerint
2672 4626 2687 4654 ,
2709 4603 2828 4639 non
2846 4585 2976 4657 quia
3000 4583 3336 4639 Cabirorum
3358 4600 3517 4638 causa

2031 4833 2118 4883 Alii
2133 4834 2429 4895 Corybantes
2448 4833 2642 4883 saturni
2660 4833 2843 4895 prolem
2864 4833 3073 4895 [acinum
3102 4835 3216 4882 mut
3233 4831 3316 4895 qui
3335 4834 3457 4882 Jove
3473 4834 3523 4882 et

1971 4910 2185 4973 calliope
2202 4912 2340 4960 natos
2360 4913 2638 4973 autument,
2664 4911 2857 4961 comem
2875 4924 2988 4961 cum
3005 4910 3187 4962 cabiris
3209 4929 3221 4959 ι
3242 4923 3421 4973 eosque
3436 4923 3522 4959 ve-

1968 4990 2095 5038 nisse
2117 4989 2167 5038 in
2186 4990 2557 5051 Samothracen,
2584 5003 2695 5052 quoe
2726 4993 2865 5040 antea
2896 4990 3058 5042 Melita
3076 4989 3203 5039 dicta
3227 4990 3291 5040 sit
3312 4997 3331 5040 ἐ
3358 5001 3523 5037 eorum

1967 5065 2178 5114 actiones
2202 5078 2305 5114 esse
2323 5065 2564 5127 mysticas.
2587 5067 2703 5115 flavo
2720 5079 2815 5116 non
2839 5067 3044 5129 probans
3067 5065 3398 5130 (Demetrius)
3419 5068 3523 5115 Sce-

1967 5141 2122 5202 psius,
2145 5140 2229 5203 qui
2248 5141 2430 5192 tabulas
2460 5142 2575 5191 istas
2597 5143 2812 5204 collegit,
2849 5143 2965 5205 quia
2984 5142 3035 5191 in
3053 5143 3363 5192 Samothrace
3394 5141 3527 5192 nulla

1966 5218 2027 5267 dc
2046 5217 2229 5269 cabiris
2239 5218 2435 5280 mystica
2446 5219 2654 5269 narratio
2671 5221 2863 5277 seratur,
2882 5219 3178 5269 stt-simbroti
3190 5221 3353 5269 tamen
3372 5218 3535 5278 Thasii
