4016 5916
1681 376 2192 440 FRAGMENTA.

274 525 416 580 quo
446 508 733 580 syncellus
757 508 1029 580 loquitur,
1060 508 1212 562 liautl
1249 506 1420 582 magis
1450 508 1519 562 ad
1553 509 1848 565 Manetho-

272 613 424 649 nem
449 606 703 649 nostrum
722 596 1004 667 pertinere
1025 612 1191 667 quam
1212 595 1458 650 carmina
1475 592 1847 670 Ἀποτελεσμα-

271 677 441 754 rixa,
464 700 588 755 quae
607 683 736 736 item
760 699 826 736 ex
855 682 1182 737 Hermeticis
1200 682 1349 736 stelis
1366 679 1584 737 fluxisse
1607 684 1850 756 itemque

271 769 599 824 Ptolemaeo
650 763 1089 843 (Philadelpho)
1135 785 1167 823 a
1211 768 1548 825 Manethone
1595 770 1849 825 dedicata

274 856 694 911 esse‘feruntur
721 854 810 931 (*).
839 857 907 909 V.
935 855 1275 928 Apotelesm.
1302 855 1408 914 lib.
1439 860 1485 912 V
1504 857 1626 913 init.
1664 875 1677 910 :

377 980 468 1050 Ἐξ
494 980 691 1039 ἀδύτων
719 982 867 1059 ἱερῶν
899 978 1113 1059 βίὸλων,
1145 980 1358 1058 βασιλεῦ
1393 984 1689 1059 Πτολεμαῖε
1707 1027 1721 1055 ,

374 1073 464 1126 καὶ
489 1065 756 1146 κρυφίμων
785 1068 1006 1140 στηλῶν,
1036 1066 1093 1134 ἃς
1125 1065 1310 1146 εὕρατο
1337 1065 1596 1148 πάνσοφος
1619 1067 1842 1148 Ἑρμῆς.

375 1163 634 1215 Ceterum
661 1158 733 1214 ad
773 1160 1012 1215 Sotheos
1050 1158 1255 1213 librum
1291 1159 1666 1232 probabiliter
1705 1159 1846 1214 rese·

277 1248 468 1303 reuda
509 1257 638 1302 sunt
674 1265 796 1319 quae
836 1245 1177 1301 lamblichus
1220 1243 1336 1322 (De
1377 1247 1542 1319 Myst.
1573 1247 1731 1320 v111,
1777 1246 1844 1322 1)

282 1335 366 1390 de
401 1351 588 1389 rerum
618 1333 787 1387 initiis
815 1333 1084 1388 disserens
1106 1331 1270 1388 affert
1291 1332 1409 1387 haec
1444 1352 1457 1387 :
1491 1329 1603 1396 Τὰς
1634 1327 1727 1404 μὲν
1760 1321 1845 1390 οὗν

279 1417 413 1487 ὅλας
439 1421 541 1495 (sc.
563 1416 727 1499 ἀρχὰς
755 1416 977 1497 Ἑρμῆς)
1013 1421 1063 1476 ἐν
1087 1417 1198 1483 ταῖς
1214 1416 1504 1496 δισμυρίαις
1533 1416 1750 1497 βίόλοις,
1779 1422 1849 1486 ὥς

281 1507 548 1573 Σέλευκος
593 1508 939 1587 ἀνεγράψατο,
978 1503 1012 1576 ἢ
1054 1508 1107 1564 ἐν
1149 1505 1261 1566 ταῖς
1300 1505 1624 1586 τρισμυρίαις
1659 1529 1715 1563 τε
1759 1506 1846 1565 καὶ

280 1593 608 1673 ὗξακισχιλίσ
617 1617 656 1660 ις
672 1595 760 1652 καὶ
781 1593 1140 1657 πεντακοσίαις
1159 1591 1248 1651 καὶ
1262 1593 1429 1652 εἴκοσι
1449 1591 1601 1651 πέντε
1626 1593 1846 1668 (36:325

277 1683 660 1755 =25><1461
684 1683 701 1760 )
724 1724 739 1753 ‚
766 1684 834 1747 ὥς
858 1683 1111 1746 Μανεθῶς
1128 1682 1340 1759 ἱστορεῖ,
1363 1679 1548 1747 τελέως
1574 1679 1842 1749 ἀνέδειξεν.

279 1770 376 1829 Cf.
424 1770 652 1828 Boeckh.
697 1787 758 1844 p.
808 1770 897 1827 16.
940 1772 1049 1825 Tot
1083 1770 1255 1843 igitur
1289 1770 1577 1825 volumina
1616 1772 1848 1827 Hermes

282 1857 543 1932 scripsit,
565 1868 706 1930 quot
734 1876 908 1913 annos
925 1857 1151 1931 periodi
1177 1856 1447 1913 Sothiacae
1464 1857 1659 1931 viginti
1684 1858 1846 1930 quin·

285 1965 402 2019 que
440 1946 765 2016 continent,
801 1956 970 2017 atque
1008 1962 1184 2019 regno
1215 1944 1614 2019 AEgyptiorum
1652 1945 1848 2001 tribuit

285 2044 488 2087 auctor
509 2031 770 2087 Chronici
792 2033 1021 2087 Veteris.

372 2122 494 2176 Jam
523 2138 660 2175 vero
696 2120 983 2194 syncellus
1009 2128 1307 2193 postquam
1332 2119 1585 2192 apposita
1613 2118 1844 2192 epistola

291 2227 401 2264 nos
439 2208 510 2264 de
544 2219 874 2283 argumento
913 2207 1150 2262 Sotheos
1189 2206 1322 2261 libri
1363 2206 1624 2274 edocuit,
1661 2210 1846 2282 pergit

282 2295 438 2350 bunc
466 2296 525 2349 in
547 2293 780 2350 modum
809 2311 823 2352 ε
858 2290 1010 2352 Μετὰ
1033 2290 1272 2349 δὲταῦτα
1296 2290 1386 2349 καὶ
1414 2289 1533 2370 περὶ
1560 2293 1663 2347 τῶν
1687 2293 1841 2348 ἐθνῶν

283 2381 659 2456 Αἰγυπτιακῶν
685 2377 839 2437 πέντε
864 2381 915 2437 ἓν
941 2376 1216 2457 τριάκοντα
1253 2376 1578 2444 δυναστείαις
1611 2379 1839 2456 ἱστορεῖ,

282 2469 387 2525 τῶν
418 2465 705 2544 λεγομένων
732 2465 856 2546 παρ’
885 2467 1060 2532 αὐτοῖς
1089 2468 1215 2524 θεῶν
1244 2461 1334 2523 καὶ
1369 2462 1595 2540 ἡμιθέων
1630 2462 1721 2521 καὶ
1756 2485 1835 2521 νε·

285 2553 423 2612 κύων
463 2554 555 2613 καὶ
582 2557 800 2625 Θνητῶν.
886 2554 1204 2612 Secundum
1232 2556 1351 2610 haec
1381 2555 1554 2630 igitur
1590 2553 1838 2610 Pseudo-

287 2645 551 2703 Manetho
587 2662 706 2699 non
748 2643 924 2699 modo
955 2640 1073 2720 περὶ
1097 2644 1198 2698 τῶν
1232 2639 1525 2717 μελλόντων
1553 2641 1628 2720 τῷ
1657 2637 1840 2718 κόσμῳ

286 2730 547 2807 γίγνεσθαι
573 2732 862 2806 exposuit,
889 2731 988 2786 sed
1022 2731 1188 2786 etiam
1215 2748 1405 2785 rerum
1426 2729 1837 2803 praeteritarum

288 2822 556 2876 rationem
583 2819 781 2875 habuit
802 2828 970 2892 atque
1001 2829 1287 2892 tempora,
1310 2835 1416 2891 per
1453 2835 1576 2890 quae
1603 2834 1838 2902 regnum

286 2907 676 2984 AEgyptiorum
690 2907 924 2982 steterit,
936 2905 1256 2982 singillatim
1274 2904 1569 2963 recensuit.
1588 2906 1839 2980 Eamque

286 2997 447 3053 finisse
469 2996 709 3071 Syncelli
728 2995 1058 3052 sententiam
1077 2995 1165 3050 vel
1183 2992 1317 3049 inde
1337 2991 1656 3062 concludas,
1680 2994 1838 3067 quod

284 3085 359 3139 sic
376 3084 600 3139 demum
618 3083 973 3157 perspicitur,
1002 3100 1104 3137 cur
1127 3083 1361 3137 omnino
1382 3092 1581 3137 auctor
1606 3080 1678 3136 de
1703 3092 1836 3137 tem·

285 3171 516 3246 poribus
541 3167 926 3245 AEgyptiorum
957 3168 1362 3242 disputaturus,
1394 3169 1486 3235 τῖς
1515 3164 1716 3232 Σώθεος
1754 3170 1838 3245 βί-

290 3256 410 3313 mou
437 3259 780 3314 mentionem
815 3256 1027 3311 fecerit.
1113 3261 1186 3312 At
1211 3274 1346 3311 num
1373 3275 1506 3311 vere
1533 3274 1622 3312 res
1662 3257 1736 3311 ita
1778 3275 1834 3313 se

285 3345 514 3419 habeat,
538 3344 945 3417 anSyncellus,
969 3344 1034 3397 iis
1058 3362 1181 3415 quae
1213 3344 1270 3398 in
1300 3343 1458 3399 fonte
1481 3362 1582 3399 suo
1609 3341 1630 3419 (
1645 3344 1703 3399 in
1731 3344 1827 3400 Pa·

291 3432 550 3501 nodoro,
579 3431 745 3506 puta)
777 3432 1015 3504 reperit,
1047 3448 1344 3505 perperam
1372 3432 1693 3500 intellectis,
1740 3431 1832 3487 di-

287 3538 440 3576 versa
468 3536 698 3595 prorsus
731 3536 932 3592 opera,
972 3517 1589 3574 Pseudo-Manethonis
1626 3519 1833 3574 scilieet

290 3606 358 3661 de
389 3604 623 3664 Sothide
657 3605 865 3661 librum
905 3615 1073 3678 atque
1118 3606 1470 3661 Manethonis
1506 3605 1681 3660 libros
1720 3615 1828 3661 tres

288 3692 671 3767 Αἰγυπτιακῶν,
698 3693 759 3746 in
779 3710 955 3746 unum
993 3702 1199 3747 temere
1224 3691 1579 3763 conjunxerit
1595 3732 1611 3761 ,
1645 3711 1677 3747 a
1703 3694 1828 3766 ple-

288 3782 467 3853 risque
515 3778 831 3835 dubitatum
878 3788 975 3837 aet.
1016 3780 1137 3853 Ego
1179 3798 1279 3834 cur
1327 3779 1437 3835 hoc
1479 3779 1607 3833 loco
1659 3777 1829 3833 fidem

287 3866 522 3938 Syncelli
575 3875 633 3921 et
672 3864 948 3937 judicium
999 3877 1373 3940 suspectemus
1390 3908 1406 3935 ,
1456 3865 1595 3922 nihil
1640 3861 1826 3923 video,

287 4029 362 4091 qui
395 4041 561 4079 sensus
591 4040 757 4079 earum
793 4026 920 4079 notis
950 4026 1099 4079 literis
1125 4027 1488 4092 hieroglyphieis
1524 4028 1827 4092 exprimeret.

285 4101 403 4149 Fuse
439 4111 499 4148 ac
536 4097 811 4148 doctissime
844 4097 905 4149 de
936 4099 1012 4150 his
1043 4097 1268 4149 disseruit
1304 4103 1504 4149 Movers.
1549 4100 1566 4161 (
1592 4102 1827 4149 Untersu-

286 4168 513 4230 chunyen
529 4168 656 4218 aber
681 4166 762 4219 die
783 4169 1010 4232 Reliyion
1029 4180 1083 4219 ιι.
1105 4167 1158 4218 d.
1191 4168 1477 4220 Goeeheilen
1495 4167 1590 4218 der
1611 4167 1827 4217 Phoeni·

287 4240 389 4288 sier
410 4241 512 4288 mit
528 4236 802 4289 Rachicht
820 4237 1019 4301 aufdie
1043 4238 1375 4289 venoandten
1416 4238 1562 4289 Culte
1582 4237 1676 4286 der
1700 4240 1830 4287 Car-

287 4307 478 4370 maycr,
498 4310 764 4371 AEyypeer,
788 4310 880 4358 etc.
904 4311 1056 4359 Bona.
1087 4311 1221 4370 1841,
1241 4322 1290 4372 p.
1320 4314 1406 4357 105
1418 4321 1521 4371 sqq.
1541 4310 1588 4356 et
1601 4306 1774 4370 passim
1789 4308 1824 4368 ).

286 4376 536 4428 cmdeler.
560 4379 862 4442 Hennapion.
889 4378 1106 4441 append.
1128 4392 1174 4441 p.
1203 4377 1468 4438 5;Boeckh.
1490 4377 1524 4426 1.
1549 4377 1580 4426 1.
1603 4390 1651 4439 p.
1678 4382 1748 4427 17.
1766 4406 1827 4417 —

287 4450 501 4499 ceterum
518 4445 626 4498 bec
642 4448 682 4497 si
695 4449 794 4497 sola
811 4450 1054 4499 exstarent
1066 4486 1082 4511 ,
1104 4447 1345 4511 juniorem
1366 4447 1542 4505 Σώθεος
1559 4447 1720 4511 βίὸλου
1737 4447 1828 4497 ori·

286 4515 598 4581 ginanjhaud
631 4517 912 4580 probarent,
943 4530 1094 4581 quum
1129 4529 1299 4581 parum
1331 4516 1510 4580 liqueat
1527 4553 1541 4577 ,
1580 4528 1829 4579 quousque

287 4585 523 4638 Ptolemaei
549 4588 593 4636 11
618 4589 760 4637 atate
775 4587 903 4637 docti
922 4587 1126 4650 theologi
1156 4587 1206 4636 in
1225 4584 1567 4649 conjungendis
1585 4584 1825 4636 variarum

285 4658 486 4722 gentium
516 4657 951 4721 mythologuments
972 4657 1204 4721 progressi
1229 4656 1340 4707 sint.
1405 4655 1496 4706 cui
1524 4654 1720 4718 quidem
1755 4655 1826 4705 ra·

286 4728 497 4777 bularum
516 4727 736 4777 mixtioni
755 4727 866 4777 inde
882 4727 944 4777 ab
964 4726 1219 4778 Alexandri
1241 4724 1537 4787 temporibus
1554 4727 1658 4774 tum
1681 4726 1829 4776 tatius

285 4797 404 4846 orbis
426 4798 664 4846 terrarum
697 4797 939 4858 conditio,
972 4798 1078 4845 tum
1112 4794 1328 4857 inprimis
1352 4794 1512 4844 studia
1541 4795 1820 4845 Ptolemaio-

285 4880 382 4916 rum
405 4878 690 4929 magnopere
707 4865 947 4916 favebant.

338 4938 401 4999 (*)
422 4936 957 4986 Deauctoribuseorum
972 4934 1154 4996 (neque
1171 4933 1298 4983 enim
1315 4933 1378 4983 ab
1397 4947 1491 4984 una
1503 4948 1649 4984 manu
1667 4934 1828 4985 omnia

283 5004 485 5068 proiecta
517 5004 664 5066 sunt)
717 5018 768 5054 v.
809 5006 920 5054 Axi..
966 5005 1014 5053 et
1062 5002 1236 5066 Rigier.
1273 5004 1323 5053 in
1362 5002 1475 5053 edit.
1523 5004 1823 5068 Ἇποτελισμ.

285 5074 520 5133 (Coloniae
539 5080 657 5125 1832
675 5076 692 5137 )
709 5088 756 5138 p.
775 5075 994 5124 xxxiv.
1016 5072 1093 5124 cr.
1116 5074 1487 5138 Hengsteuberg.
1517 5078 1606 5126 Die
1624 5068 1826 5126 Βιῖεὴεν

283 5148 429 5195 Moses
451 5143 565 5194 und
585 5146 857 5206 AEyypten,
879 5156 927 5206 p.
951 5147 1060 5193 219.

552 5231 835 5269 monnau
858 5232 977 5267 ms‘r.
999 5232 1080 5268 cn.
1111 5245 1163 5255 —
1193 5233 1296 5267 VOL·
1324 5234 1370 5267 ΙΙ.

3375 405 3487 457 513

1941 511 2126 568 Facile
2168 514 2429 588 equidem
2469 518 2724 574 concedo
2759 521 2858 576 tibi
2895 520 3144 582 Sothidis
3177 529 3323 585 libro
3363 550 3492 587 cum

1941 599 2292 656 Manethonis
2327 620 2500 675 opere
2534 605 2802 661 historico
2842 610 2982 664 nihii
3013 630 3124 668 esse
3165 634 3490 692 commune,

1943 704 2281 761 quamquam
2310 691 2426 764 ipse
2455 694 2619 747 etiam
2642 694 2907 750 Manetho
2937 698 2994 751 in
3016 699 3260 761 historiis
3285 711 3393 765 suis
3421 711 3494 766 de

1942 775 2183 846 periodo
2208 777 2467 833 Sothiaca
2484 821 2502 851 ,
2529 780 2688 852 cujus
2705 800 2823 837 non
2844 793 3063 856 poterat
3083 809 3198 845 non
3218 797 3491 852 rationem

1943 860 2177 932 habere,
2221 868 2558 938 exposuerit.
2639 868 2791 940 Quid
2834 888 2969 928 vero
3008 879 3160 950 cogit
3177 921 3191 947 ,
3232 893 3297 935 ut
3341 887 3494 958 apud

1942 947 2263 1020 Syncellum
2285 952 2326 1009 l.
2353 951 2394 1009 l.
2422 953 2493 1007 de
2517 955 2873 1012 Manethonis
2896 957 3270 1033 Αἰγυπτιακοῖς
3291 967 3495 1038 cogite·

1941 1036 2100 1091 mus?
2122 1040 2324 1095 Nonne
2353 1041 2670 1114 complures
2699 1043 3077 1116 dynastiarum
3102 1048 3357 1106 laterculi
3388 1055 3493 1109 sub

1943 1124 2291 1181 Manethonis
2312 1129 2542 1184 nomine
2565 1130 3136 1189 circumferebantur?
3160 1138 3377 1193 Horum
3400 1142 3495 1216 igi-

1945 1219 2036 1262 tur
2058 1229 2203 1267 unus
2233 1215 2400 1268 etiam
2430 1215 2666 1272 Sotheos
2691 1218 2839 1273 libro
2868 1222 2956 1276 vel
2984 1223 3223 1280 insertus
3264 1228 3353 1281 vel
3388 1229 3489 1284 ad-

1936 1294 2114 1366 jectus
2142 1298 2335 1370 fuerit,
2364 1319 2433 1356 eo
2460 1302 2615 1358 haud
2642 1304 2813 1361 dubie
2839 1310 3070 1364 consilio
3095 1352 3110 1380 ‚
3135 1322 3199 1366 ut
3227 1315 3490 1371 ostende-

1941 1394 2030 1437 ret
2070 1395 2286 1456 auctor,
2323 1406 2623 1461 quamnam
2650 1393 2762 1446 vim
2794 1395 3062 1467 periodus
3094 1398 3187 1452 iila
3228 1400 3486 1459 Sothiaca

1943 1471 1999 1524 in
2063 1473 2461 1531 conversiones¹
2508 1496 2696 1533 rerum
2757 1481 3129 1539 humanarum
3184 1500 3488 1548 exerceret.

1941 1557 2109 1612 Unde
2124 1564 2484 1635 consequitur
2498 1574 2748 1639 tempora
2772 1569 3166 1643 AEgyptiorum
3186 1575 3243 1627 in
3262 1593 3329 1628 eo
3344 1576 3490 1632 libro

1942 1644 2016 1699 ita
2046 1644 2206 1702 fuisse
2228 1648 2499 1708 adornata
2518 1693 2535 1722 ,
2565 1665 2629 1708 ut
2668 1668 2881 1711 certum
2916 1659 3199 1731 quendam
3226 1663 3489 1735 periodo·

1941 1751 2065 1786 rum
2104 1753 2400 1792 numerum
2426 1741 2714 1814 explerent
2750 1740 2838 1821 (*).
2870 1746 2953 1800 Ex
2984 1746 3087 1802 hac
3116 1748 3289 1820 igitur
3334 1763 3491 1824 parte

1940 1821 2264 1879 Chronicon
2283 1825 3036 1888 Pseudo-Manethonianum
3060 1853 3404 1910 componere
3424 1841 3489 1894 li·

1940 1919 2027 1961 eet
2066 1928 2195 1965 cum
2233 1913 2516 1970 Chronico
2556 1919 2782 1988 Vetere,
2823 1921 2882 1974 in
2908 1939 3022 1994 quo
3049 1940 3223 1997 regna
3253 1925 3488 1982 deorum

1939 2006 1993 2049 et
2012 1999 2333 2055 mortalium
2359 2004 2914 2075 comprehenduntur
2951 2007 3212 2080 dynastiis
3237 2013 3489 2087 triginta,

1937 2085 2094 2140 annis
2112 2104 2248 2142 vero
2280 2087 2469 2144 36525
2493 2090 2606 2145 sive
2640 2089 2971 2158 254-1461.
3056 2095 3417 2172 Quapropter
3445 2103 3490 2156 si

1937 2171 2228 2242 Synceilus
2246 2193 2309 2248 p.
2344 2172 2409 2230 51
2445 2174 2518 2231 de
2538 2179 2737 2234 Vetere
2760 2178 2871 2236 hoc
2895 2180 3176 2238 Chronico
3199 2186 3371 2241 verba
3402 2186 3487 2243 sa-

1937 2260 2088 2314 ciens
2108 2258 2243 2316 dicit
2277 2281 2291 2317 :
2320 2259 2551 2338 Φέρεται
2573 2262 2697 2340 παρ’
2724 2265 3024 2342 Αἰγυπτίοις
3044 2268 3267 2327 παλαιόν
3296 2292 3345 2327 τι
3363 2293 3488 2350 χρο·

1936 2352 2239 2422 νογραφεῖον
2265 2345 2317 2414 ἐξ
2335 2338 2394 2404 οἷ
2417 2348 2506 2405 καὶ
2526 2346 2612 2406 τὸν
2634 2351 2858 2409 Μανεθῶ
2881 2355 3242 2425 πεπλανῆσθαι
3261 2359 3454 2434 νομίζω
3470 2403 3486 2430 ,

1936 2443 1991 2485 et
2011 2434 2205 2506 paullo
2241 2447 2371 2509 post
2406 2456 2420 2491 ε
2453 2432 2521 2495 ‘O
2552 2433 2652 2516 γὰρ
2681 2437 2806 2517 παρ’
2834 2441 3205 2518 Αἰγυπτιακοῖς
3233 2445 3486 2520 ἐπισημό-

1933 2540 2088 2585 τατος
2118 2523 2341 2580 Mauo&
2368 2522 2486 2603 περὶ
2512 2526 2614 2581 τῶν
2642 2527 2811 2584 αὐτῶν
2837 2525 2885 2586 λ’
2915 2531 3223 2606 δυναστειῶν
3259 2534 3483 2614 γράψας,

1936 2607 1992 2662 ἐκ
2011 2605 2205 2666 τούτων
2234 2609 2432 2682 δηλαδὴ
2456 2610 2632 2669 λαὸὼν
2654 2612 2747 2679 τὰς
2769 2615 3002 2695 ἀφορμὰς
3018 2662 3034 2690 ,
3058 2618 3194 2677 κατὰ
3218 2620 3347 2679 πολὺ
3373 2623 3478 2680 δια·

1933 2702 2092 2773 φωνεῖ
2130 2697 2248 2774 περὶ
2277 2696 2393 2764 τοὺς
2417 2698 2632 2777 χρόνους
2662 2701 2782 2781 περὶ
2820 2708 2985 2761 ταῦτα
3022 2725 3038 2765 t
3067 2708 3241 2765 facilis
3280 2711 3481 2785 conje-

1931 2794 2089 2841 ctura
2101 2797 2181 2842 est
2193 2786 2485 2845 referenda
2498 2791 2618 2848 haec
2629 2809 2741 2847 esse
2754 2792 2827 2848 ad
2838 2793 3484 2869 Pseudo-Manethonem‚
3519 2832 3525 2840 ·

1929 2874 2022 2941 τῆς
2053 2870 2252 2940 Σώθεος
2278 2871 2458 2951 βίὸλου
2479 2888 2790 2938 auctorem.
2875 2879 3058 2956 quue
3075 2884 3166 2940 vel
3183 2903 3250 2940 eo
3272 2884 3483 2941 confir-

1929 2974 2134 3034 matur,
2156 2964 2314 3036 quod
2342 2965 2891 3036 Pseudo-Manetho,
2927 2970 3128 3027 eodem
3162 2972 3338 3030 modo
3368 2993 3483 3048 quo

1932 3053 2098 3106 Vetus
2134 3052 2457 3108 Chronicon
2476 3095 2493 3124 ‚
2525 3056 2751 3131 triginta
2792 3056 3055 3131 dynastiis
3084 3069 3138 3114 et
3165 3064 3483 3118 mortalium

1929 3148 1985 3192 et
2036 3140 2437 3195 immortalium
2481 3160 2655 3217 regna
2704 3145 3192 3219 comprehendisse
3245 3147 3481 3226 dicitur,

1929 3226 2065 3281 dum
2085 3228 2207 3283 veri
2234 3229 2587 3286 Manethonis
2616 3232 2841 3307 triginta
2870 3232 3132 3306 dynastiae
3158 3238 3381 3291 nonnisi
3411 3236 3483 3293 ad

1927 3314 2188 3371 mortales
2206 3316 2509 3389 pertinent.
2585 3319 2766 3374 Porro
2793 3331 2857 3375 ut
2879 3321 2939 3374 in
2965 3324 3164 3377 Vetere
3198 3323 3481 3380 Chronico

1925 3412 2285 3458 recensentur
2333 3405 2653 3460 mortalium
2700 3416 2755 3460 et
2806 3408 3205 3465 immortalium
3252 3428 3481 3484 genera-

1929 3490 2106 3545 tiones
2158 3509 2181 3545 1
2199 3489 2297 3561 13,
2344 3492 2421 3545 sic
2462 3492 2627 3547 etiam
2666 3493 3187 3550 Pseudo-Manetho
3245 3494 3480 3552 totidem

1921 3580 2308 3652 generationes
2362 3597 2677 3636 numerasse
2736 3581 2974 3652 dicitur,
3018 3592 3154 3638 teste
3215 3581 3476 3657 Syncello

1925 3666 1959 3721 Ι.
1977 3666 2017 3719 l.
2040 3667 2288 3722 Ulterius
2304 3667 2421 3722 haec
2441 3668 2636 3740 paullo
2662 3667 2804 3724 infra
2826 3686 3252 3743 prosequemur.
3310 3673 3474 3728 Nunc

1928 3752 2037 3807 hoc
2084 3771 2263 3808 unum
2312 3755 2592 3809 monuisse
2632 3754 2945 3827 referebat,
2987 3755 3228 3813 Sotheos
3268 3758 3477 3816 librum

1922 3838 2194 3910 sequioris
2222 3858 2336 3895 esse
2359 3842 2530 3896 aetatis
2544 3883 2561 3915 ,
2583 3859 2767 3916 neque
2788 3843 2908 3898 ullo
2930 3843 3107 3900 modo
3126 3863 3255 3902 cum
3280 3847 3477 3903 Mane-

1921 3926 2105 3980 thonis
2132 3927 2285 3983 libris
2310 3928 2486 3983 tribus
2511 3928 2879 4004 Αἰγυπτιακῶν
2916 3931 3392 4008 conjungendum.

1999 4014 2257 4069 Ceterum
2283 4017 2327 4071 si
2361 4018 2600 4073 Sotheos
2626 4016 2756 4072 libri
2779 4027 3070 4074 auctorem
3094 4019 3476 4077 Pseudo-Ma·

1920 4102 2224 4158 nethonem
2274 4102 2449 4160 modo
2493 4104 2796 4180 appellavi,
2842 4123 2958 4161 non
3010 4108 3087 4162 ita
3126 4118 3312 4162 tamen
3359 4108 3473 4163 hoc
3578 4157 3590 4170 ,

1919 4187 2224 4264 intelligas,
2274 4191 2431 4264 quasi
2470 4192 2688 4265 reliqua
2723 4209 2845 4265 quae
2874 4210 2945 4248 ex
2980 4193 3318 4250 Manethone
3354 4204 3470 4250 tra-

1919 4275 2151 4348 duntur,
2189 4279 2378 4333 omnia
2411 4297 2545 4335 vere
2581 4279 3013 4337 Manethoniana
3058 4291 3254 4339 essent.
3289 4283 3472 4338 Immo

1920 4382 2044 4439 quae
2082 4383 2153 4422 ex
2187 4366 2555 4441 Αἷγυπτιακῶν
2585 4367 2743 4423 libris
2768 4368 2921 4442 apud
2958 4369 3295 4443 Josephum,
3322 4369 3465 4426 Afri-

1893 4464 2151 4525 canum,
2191 4454 2525 4525 Eusebium,
2554 4456 2871 4528 syncellum
2896 4457 3157 4525 citantur,
3180 4468 3472 4531 tantopere

1916 4540 2065 4598 inter
2099 4558 2158 4598 se
2182 4540 2481 4616 differunt,
2512 4552 2576 4596 ut
2614 4560 2784 4598 nemo
2812 4560 2932 4598 non
2971 4543 3156 4600 videat
3185 4544 3471 4618 dynastia-

1915 4646 2045 4684 rum
2082 4628 2513 4685 adornationem
2545 4648 2924 4704 numerosque
2950 4648 3254 4706 regnorum
3291 4651 3467 4689 anno·

1980 4792 2045 4856 (*)
2070 4793 2147 4844 cr.
2172 4792 2394 4857 Scaliger.
2416 4791 2477 4842 ad
2501 4792 2673 4845 Euseb.
2698 4806 2747 4857 p.
2769 4796 2896 4844 408:
2928 4813 2952 4837 ι
2983 4793 3221 4844 Videntur
3256 4795 3459 4858 AEgyptii

1915 4875 2151 4913 annorum
2184 4875 2381 4914 suorum
2400 4864 2632 4928 epocham
2667 4863 2983 4914 certissimam
3007 4864 3100 4915 ἀπὸ
3122 4871 3202 4925 τῆς
3230 4867 3467 4924 Σωθιαιιῆς

1913 4934 2129 4999 περιόδου
2160 4933 2458 4998 repetivisse,
2494 4937 2550 4985 ut
2581 4933 2830 4985 manifesto
2862 4935 3099 4999 colligitur
3128 4948 3189 4986 ex
3220 4937 3466 4986 clemente

1917 5006 2053 5055 Alex.
2078 5006 2287 5068 (strom.
2311 5008 2357 5069 Ι,
2375 5019 2430 5069 p.
2454 5007 2578 5067 355)
2595 5044 2608 5066 ,
2638 5017 2794 5069 neque
2815 5004 2984 5056 dubito
3000 5006 3083 5066 τὴν
3107 5008 3284 5064 Σώθεος
3309 5007 3466 5071 picto».

1913 5080 1995 5124 τοῦ
2018 5077 2213 5125 Μανεθῶ
2236 5075 2297 5125 ab
2314 5075 2482 5125 eodem
2504 5075 2638 5125 initio
2656 5087 2820 5139 regum
2842 5087 3039 5126 suorum
3058 5074 3296 5139 dynastias
3312 5075 3464 5125 dedu-

1915 5142 2055 5194 xioee.
2079 5164 2103 5188 n

3119 5273 3171 5314 33
