4016 5916
912 416 1789 557 DIODORUS
1876 426 2863 563 PERIEGETA.

372 938 650 993 Pumn.
685 930 758 987 ad
780 931 994 986 Polem.
1025 948 1084 1005 p.
1134 947 1245 1001 ¹70
1287 949 1303 985 ι
1349 954 1376 981 ι
1424 931 1641 987 Primus
1668 933 1764 1005 qui
1789 951 1848 989 se

293 1025 636 1100 periegetam
664 1020 810 1074 inter
835 1019 1135 1090 scriptores
1161 1017 1437 1091 professus
1467 1029 1577 1088 est,
1619 1019 1847 1076 videtur

294 1113 459 1169 fuisse
486 1107 774 1165 Diodorus
798 1104 1178 1182 (Atheniensis
1197 1104 1247 1179 );
1280 1117 1430 1162 certe
1456 1105 1549 1161 bic
1587 1108 1850 1179 antiquis-

293 1201 465 1254 simus
486 1207 568 1252 est
597 1211 825 1262 eorum,
857 1191 928 1247 de
972 1191 1176 1264 quibus
1200 1192 1328 1246 satis
1368 1209 1576 1267 magno
1596 1191 1672 1248 ad
1689 1191 1852 1264 judi-

295 1284 540 1341 candum
564 1299 801 1337 numero
826 1280 1267 1354 fragmentorum
1286 1290 1518 1336 constat.
1538 1281 1704 1336 Hunc
1724 1291 1851 1337 ante

300 1371 605 1428 duodecim
631 1368 807 1424 tribus
832 1367 1042 1423 Atticas
1059 1366 1334 1421 institutas
1351 1367 1389 1420 i.
1417 1384 1469 1421 e.
1494 1376 1620 1422 ante
1643 1385 1851 1421 annum

299 1459 413 1516 308
439 1477 492 1514 a.
519 1459 579 1516 C.
599 1457 872 1530 scripsisse
898 1454 1135 1510 Abrens.
1159 1451 1275 1529 (De
1302 1454 1509 1511 Athen.
1534 1464 1681 1510 statu
1702 1455 1854 1527 poli-

300 1549 413 1602 tico
433 1555 489 1602 et
509 1545 681 1602 litter.
698 1562 755 1618 p.
784 1540 878 1617 27)
900 1541 1184 1616 ingeniose
1200 1540 1472 1596 conclusit
1487 1559 1556 1596 ex
1571 1559 1640 1596 eo
1656 1582 1673 1614 ,
1696 1538 1855 1614 quod

302 1632 717 1706 Harpocration
757 1630 967 1701 aliique
985 1668 1001 1696 ,
1047 1645 1291 1700 quorum
1324 1626 1396 1683 de
1438 1626 1616 1683 demis
1657 1629 1857 1684 Atticis

300 1721 615 1775 notationes
637 1717 935 1772 maximam
958 1725 1177 1789 partem
1205 1733 1276 1770 ex
1299 1714 1560 1771 Diodoro
1590 1714 1854 1770 derivatae

298 1818 470 1877 sunt,·
495 1823 786 1878 nunquam
820 1814 1138 1859 memorant
1178 1802 1611 1878 Antigenidem,
1650 1805 1856 1860 Deme-

300 1894 569 1962 triadem,
599 1890 1001 1947 Ptolemaidem
1022 1930 1039 1959 ,
1064 1889 1388 1946 Attalidem.
1415 1889 1496 1948 Cf.
1526 1890 1853 1948 Grotefcnd.

299 1982 359 2035 in
388 1974 754 2052 Zeus-elisas.
780 1977 1194 2036 Alterthumsw.
1228 1976 1374 2033 1836
1402 1996 1461 2051 p.
1494 1983 1659 2043 1040.
1701 1979 1856 2033 Scri-

298 2070 466 2142 psisse
507 2085 636 2123 eum
682 2077 813 2140 post
853 2075 1067 2121 aetatem
1109 2066 1499 2134 Anaximenis,
1542 2065 1600 2122 h.
1636 2083 1686 2123 e.
1731 2076 1859 2140 post

296 2154 684 2212 Alexandrum
711 2150 822 2223 Μ.,
850 2163 1006 2228 patet
1035 2171 1102 2208 ex
1130 2152 1398 2209 Athenaeo
1431 2153 1606 2220 xm,
1635 2170 1696 2226 p.
1743 2150 1849 2227 591

304 2245 347 2298 E
376 2243 463 2318 (fr.
488 2242 553 2318 5)
578 2259 593 2300 ε
615 2253 682 2297 ιιι
694 2240 862 2297 fuerit
881 2241 1106 2314 aequalis
1122 2238 1509 2313 Theophrasti,
1525 2240 1855 2311 Dicaearchi,

300 2330 567 2399 Eudemi,
592 2327 905 2386 Heraclidis
922 2327 1170 2396 Pontici,
1191 2326 1534 2382 Philochoro
1551 2338 1735 2382 autem
1755 2346 1853 2383 an·

298 2420 531 2492 tiquior,
558 2428 623 2473 ut
657 2418 753 2489 qui
781 2416 998 2488 scripsit
1018 2425 1147 2489 post
1168 2412 1472 2469 duodecim
1494 2414 1671 2470 tribus
1701 2416 1856 2469 insti-

303 2516 465 2564 tutas.
484 2509 569 2562 De
582 2505 765 2579 patria
784 2503 1028 2559 Diodori
1050 2520 1169 2557 non
1188 2512 1434 2571 constat,
1448 2501 1548 2558 sed
1564 2513 1706 2576 puto
1727 2521 1856 2558 eum

302 2592 388 2647 vel
428 2594 653 2647 natione
683 2591 770 2646 vel
798 2590 1020 2646 civitate
1048 2589 1442 2645 Atheniensem
1470 2588 1652 2646 fuisse.
1696 2590 1858 2646 Certe

296 2679 597 2754 periegesis
610 2677 730 2751 ejus
743 2686 858 2732 tota
875 2677 1056 2732 Attica
1074 2684 1210 2745 erat,
1226 2694 1410 2749 neque
1428 2677 1576 2731 ultra
1591 2677 1858 2732 terminos

303 2768 500 2824 Atticae
531 2782 828 2841 progressa
854 2782 967 2821 esse
994 2763 1237 2834 videtur,
1258 2773 1314 2818 et
1337 2774 1553 2820 constat
1579 2764 1671 2819 illa
1695 2774 1854 2820 aetate

301 2855 696 2928 antiquitatum
738 2853 1048 2910 Atticarum
1087 2852 1334 2908 studium
1373 2863 1430 2907 et
1469 2852 1620 2926 apud
1665 2871 1858 2928 gram-

303 2943 535 3000 maticos
555 2952 612 2999 et
628 2940 780 3017 apud
812 2940 1107 2996 historicos
1129 2958 1344 2996 summe
1363 2937 1638 2997 floruisse.
1668 2942 1752 2998 Ita
1783 2940 1854 2997 de

300 3032 559 3106 sepulcro
582 3028 966 3086 Themistoclis
983 3027 1272 3084 Diodorus
1291 3028 1594 3095 adhibetur
1611 3047 1703 3103 ap.
1734 3029 1861 3084 Plu·

304 3119 485 3176 tarch.
518 3118 784 3174 Themist.
813 3133 864 3175 c.
901 3116 972 3171 32
1007 3115 1113 3190 (fr.
1167 3116 1223 3190 ι)
1248 3116 1302 3172 ἐν
1334 3113 1438 3180 τοῖς
1490 3113 1621 3192 Περὶ
1648 3114 1863 3190 μνημά-

305 3226 442 3274 των,
474 3206 515 3261 i.
546 3222 598 3259 e.
627 3206 713 3260 De
729 3204 1088 3259 monimentis
1110 3215 1175 3258 ut
1200 3203 1428 3259 videtur
1448 3203 1856 3277 sepulcrorum.

308 3291 549 3347 Fabulas
566 3292 732 3346 etiam
761 3291 1008 3363 ritusque
1036 3308 1222 3346 sacros
1248 3292 1307 3345 in
1329 3293 1704 3346 monumentis
1729 3310 1860 3364 per·

302 3377 602 3450 quirendis
627 3376 945 3433 Diodorum
973 3388 1327 3450 persecutum
1366 3396 1479 3433 esse
1518 3380 1766 3433 cernitur
1792 3396 1862 3433 ex

308 3465 590 3521 Plutarch.
612 3464 774 3522 Thes.
806 3483 859 3523 c.
900 3466 973 3520 36
1002 3465 1101 3539 (sr.
1134 3461 1222 3540 3).
1256 3464 1583 3536 Inquirebat
1609 3467 1773 3519 etiam
1801 3465 1862 3520 in

300 3555 506 3626 stirpes
544 3551 877 3607 familiarum
920 3552 1234 3621 Atticarum
1276 3551 1378 3625 (fr.
1428 3558 1457 3617 4
1478 3549 1518 3629 ).
1552 3553 1860 3608 Plurimum

304 3655 445 3693 vero
465 3637 633 3692 studii
662 3645 828 3709 atque
860 3656 1046 3711 operae
1072 3637 1250 3692 demis
1275 3638 1470 3692 Atticis
1492 3648 1748 3694 accurate
1771 3657 1859 3694 re·

302 3723 598 3780 censendis
619 3741 926 3797 eorumque
957 3725 1258 3799 gentilibus
1280 3723 1353 3780 ad
1381 3735 1558 3781 certas
1578 3743 1860 3800 gramma-

304 3815 429 3868 ticae
457 3813 604 3887 leges
624 3812 955 3869 revocandis
974 3812 1224 3881 navavit3
1247 3830 1317 3867 ex
1340 3831 1457 3885 quo
1487 3830 1660 3885 opere
1676 3853 1693 3883 ,
1728 3810 1863 3891 Περὶ

302 3895 487 3973 δήμων
505 3910 569 3954 ut
581 3898 808 3955 videtur
822 3900 1092 3973 inscripto
1115 3898 1216 3973 (sr.
1244 3895 1375 3975 16),
1394 3900 1570 3955 multa
1588 3902 1863 3974 excerpsit

303 3987 749 4061 Harpocration.
791 3989 874 4043 Ex
896 3988 1248 4062 singulorum
1283 3987 1541 4042 locorum
1571 4004 1861 4061 compara·

305 4076 461 4131 tione
484 4084 636 4149 patet
658 4092 786 4130 eum
804 4075 880 4131 ita
898 4075 1018 4131 fere
1036 4076 1098 4129 in
1116 4075 1227 4129 hoc
1249 4092 1422 4147 opere
1435 4085 1710 4130 versatum
1729 4093 1860 4147 esse,

304 4173 371 4218 ut
428 4175 483 4219 et
529 4162 829 4218 demorum
878 4163 1110 4218 nomina
1162 4173 1218 4216 et
1275 4162 1601 4236 phylarum,
1664 4164 1866 4237 quibus

305 4252 545 4325 quisque
568 4250 843 4325 ascriptus
893 4260 1059 4319 esset,
1090 4260 1313 4304 notaret
1340 4260 1394 4304 ct
1426 4267 1633 4304 nomen
1660 4252 1865 4324 gentile

305 4358 376 4393 ex
402 4338 551 4393 demi
580 4339 808 4393 nomine
835 4348 985 4394 recte
1014 4337 1385 4393 derivandum
1411 4336 1743 4410 subjiceret,
1765 4338 1865 4394 ad-

304 4426 426 4480 dita
466 4425 628 4479 simul
664 4424 955 4495 cautione,
993 4426 1037 4480 si
1078 4424 1245 4497 plura
1279 4423 1526 4495 ejusdem
1566 4421 1716 4479 demi
1757 4443 1863 4480 no·

308 4513 461 4565 mina
496 4511 723 4585 gentilia
742 4511 830 4567 vel
852 4512 1053 4567 similia
1068 4511 1417 4566 diversorum
1442 4509 1735 4565 demorum
1761 4530 1867 4567 usu

300 4607 534 4670 recepta
550 4608 754 4667 essent,
775 4615 846 4652 ne
863 4598 980 4653 haec
1004 4596 1506 4652 confunderentur.
1540 4596 1675 4668 Quae
1693 4594 1866 4650 docto

745 4763 845 4822 DE
888 4762 1053 4823 Mor(
1065 4762 1427 4824 UMENTIS.

376 4935 613 4988 Diodorus
631 4938 896 5003 Pei-iegetes
912 4938 961 4989 in
979 4952 1122 5003 opere
1144 4941 1216 4989 De
1234 4940 1557 4991 monumentis
1574 4940 1767 5002 scribit,
1799 4940 1867 4989 ita

306 5014 479 5062 tamen
522 5016 576 5064 ut
619 5015 876 5078 conjectari
923 5016 1098 5080 magis,
1131 5029 1277 5079 quam
1314 5021 1446 5068 certo
1476 5017 1599 5067 scire
1628 5016 1863 5080 videatur,

309 5090 451 5150 juxta
468 5092 659 5151 portum
684 5094 878 5154 Pittaci,
896 5107 924 5142 a
947 5093 1301 5158 promontorio,
1326 5095 1457 5157 quod
1489 5097 1560 5145 est
1590 5106 1714 5157 pone
1736 5093 1864 5144 Alci-

312 5178 479 5226 mum,
500 5168 669 5230 porrigi
693 5170 935 5231 quendam
964 5170 1115 5221 veluti
1147 5171 1389 5233 cubitum,
1422 5171 1683 5223 secundum
1719 5184 1864 5232 quem

310 5242 351 5292 si
370 5242 496 5292 intro
517 5243 674 5295 flectat
690 5246 800 5310 quis
815 5261 1010 5298 cursum
1025 5284 1039 5309 ,
1056 5262 1152 5311 quo
1171 5249 1277 5297 loco
1291 5262 1422 5299 mare
1439 5249 1535 5300 fere
1554 5248 1865 5310 tranquillum

523 5338 795 5381 mentem
826 5344 1015 5381 nisron.
1048 5345 1130 5381 cn.
1151 5356 1203 5369 —
1226 5344 1336 5383 voi..
1359 5349 1410 5386 ιι.

1853 5359 1963 5412 353

1939 940 2169 1014 insuper
2183 943 2629 999 testimoniorum
2643 945 2925 1001 variorum
2941 959 3213 1021 apparatu
3227 952 3493 1014 instructa

1941 1026 2105 1082 fuisse
2150 1025 2575 1099 affirmaverim,
2618 1047 2745 1104 quae
2784 1049 2854 1087 ex
2902 1035 3177 1091 seriorum
3211 1055 3494 1113 gramma-

1944 1115 2183 1170 ticorum
2220 1134 2380 1171 more
2426 1118 2612 1174 omisit
2657 1121 3093 1196 Harpocration.
3147 1146 3172 1174 n
3235 1126 3494 1185 Ceterum

1944 1203 2135 1257 Vossio
2179 1221 2239 1276 p.
2282 1202 2395 1269 430
2435 1205 2721 1262 Diodorus
2754 1209 3040 1282 periegeta
3071 1209 3224 1266 idem
3271 1231 3384 1270 esse
3411 1219 3493 1272 vi·

1943 1289 2131 1359 detur,
2175 1292 2273 1365 qui
2320 1288 2450 1368 Περὶ
2482 1294 2727 1369 σταθμῶν
2775 1296 2995 1370 scripsit
3045 1295 3257 1371 (schol.
3305 1302 3371 1356 ll.
3413 1309 3489 1374 V,

1946 1373 2084 1451 5763
2112 1377 2310 1434 Suidas
2343 1398 2395 1433 v.
2427 1376 2748 1457 Τοίλαντον).
2786 1383 2958 1454 Quod
2991 1384 3144 1440 haud
3177 1386 3336 1444 facile
3366 1409 3495 1446 cre-

1944 1462 2170 1521 dideris.
2215 1467 2258 1522 F
2260 1466 2431 1522 efellit
2458 1469 2709 1525 Vossium
2729 1475 3035 1544 periegetoe
3063 1474 3254 1529 titulus
3291 1477 3495 1534 Nostro

1945 1550 2204 1623 tributus,
2219 1572 2388 1627 quem
2400 1554 2470 1610 de
2489 1557 2812 1631 geographo
2835 1559 2988 1614 orbis
3011 1570 3285 1617 terrarum
3307 1567 3495 1637 perie-

1944 1655 2136 1712 goeeos
2159 1651 2388 1696 auctore
2412 1643 2665 1716 accipere
2687 1644 2885 1700 solent.
2922 1644 3085 1701 Idem
3108 1649 3313 1705 accidit
3339 1654 3492 1708 Leo-

1944 1725 2155 1799 poldo,
2184 1730 2284 1800 qui
2308 1728 2381 1784 ad
2423 1730 2704 1788 Plutarch.
2736 1732 2900 1788 Thes·
2940 1743 3083 1790 extr.
3131 1735 3204 1791 de
3234 1739 3496 1796 Diodoro

1948 1813 2071 1872 Per.
2098 1817 2290 1871 scribit
2318 1834 2331 1874 ε
2373 1817 2544 1872 Gente
2567 1816 2931 1875 Characenus
2953 1817 3106 1891 fias,
3151 1828 3498 1901 geographus

1945 1903 2350 1973 celeberrimus,
2413 1909 2511 1979 qui
2557 1910 2797 1981 Augusti
2849 1910 3182 1986 temporibus
3205 1911 3494 1983 floruerit.

1945 1990 2267 2047 Diodorum
2311 1992 2609 2078 confundit
2655 2012 2783 2049 cum
2827 1996 3099 2070 Dionysio
3141 1999 3493 2074 Characeno,

1944 2080 2293 2154 periegeseos
2337 2098 2532 2156 geogr.
2582 2083 2885 2157 scriptore,
2925 2082 3083 2156 cujus
3129 2087 3339 2145 Plinius
3381 2109 3498 2148 me·

1945 2168 2122 2226 minit.

2386 2281 2561 2340 ΠΕΡΙ
2604 2283 3063 2344 ΜΝΗΜΑΤΩΝ.

2699 2415 2748 2453 1.

2025 2509 2310 2567 Plutarch.
2343 2510 2699 2567 Themistocl.
2739 2529 2791 2565 c.
2826 2510 2924 2586 32,
2966 2521 3259 2586 postquam
3297 2513 3499 2571 Ando-

1947 2596 2134 2653 cidem
2161 2608 2216 2652 et
2243 2597 2616 2669 Phylarchum
2642 2617 2784 2653 vana
2819 2598 3040 2654 tradere
3069 2600 3140 2655 de
3180 2602 3498 2659 Themisto-

1948 2685 2048 2740 clis
2074 2686 2323 2757 reliquiis
2357 2684 2576 2741 dixerat
2593 2726 2609 2754 ,
2637 2688 2825 2759 pergit
2852 2705 2865 2741 :
2897 2684 3151 2766 Διόδωρος
3179 2688 3224 2745 δ’
3253 2691 3281 2746 ὁ
3308 2712 3500 2771 περιη-

1946 2769 2110 2848 γητὴς
2130 2773 2181 2829 ἐν
2201 2778 2304 2838 τοῖς
2331 2770 2462 2849 Περὶ
2484 2774 2585 2829 τῶν
2607 2770 2893 2848 μνημάτων
2924 2771 3127 2853 εἴρηκεν
3141 2818 3156 2847 ,
3180 2778 3250 2842 ὥς
3269 2779 3499 2837 ὑπονοῶν

1951 2859 2150 2932 μᾶλλον
2176 2854 2211 2929 ἢ
2240 2854 2506 2935 γινώσκων
2524 2902 2540 2930 ,
2567 2854 2646 2916 ὅτι
2667 2855 2784 2937 περὶ
2814 2856 2900 2916 τὸν
2918 2858 3107 2935 λιμένα
3126 2866 3217 2919 τοῦ
3242 2866 3502 2945 Πειραιῶς

1951 2945 2056 3005 ἀπὸ
2090 2950 2181 3005 τοῦ
2209 2943 2343 3004 κατὰ
2379 2943 2465 3003 τὸν
2492 2940 2742 3023 Ἄλκιμον
2774 2949 3096 3027 ἀκρωτηρίου
3131 2949 3400 3029 πρόκειταί
3426 2977 3503 3020 τις

1949 3026 2053 3092 οἷον
2084 3031 2256 3111 ἀγκὼν
2274 3078 2290 3110 ,
2315 3031 2404 3092 καὶ
2440 3032 2709 3114 κάμψαντι
2735 3038 2914 3093 τοῦτον
2942 3035 3081 3102 ἐντὸς
3116 3028 3153 3114 ᾗ
3175 3038 3234 3096 τὸ
3262 3039 3501 3099 ὑπεύδιον

1950 3126 2041 3192 τῆς
2061 3121 2319 3192 θαλάττης
2338 3120 2524 3198 κρηπίς
2552 3124 2690 3181 ἐστιν
2711 3121 2986 3200 εὐμεγέθης
3005 3124 3093 3182 καὶ
3118 3124 3175 3184 τὸ
3194 3125 3314 3207 περὶ
3338 3126 3501 3198 αὐτὴν
3601 3166 3612 3177 ·

1953 3207 2230 3285 βωμοειδὲς
2269 3208 2430 3288 τάφος
2471 3215 2560 3268 τοῦ
2607 3209 3039 3285 Θεμιστοκλέους.
3083 3212 3270 3274 Οἴεται
3311 3214 3367 3274 δὲ
3409 3215 3501 3275 καὶ

1956 3293 2216 3353 Πλάτωνα
2245 3294 2331 3352 τὸν
2361 3295 2595 3372 κωμικὸν
2625 3298 2769 3375 αὑτῷ
2793 3306 3072 3377 μαρτυρεῖν
3103 3302 3155 3358 ἐν
3181 3300 3401 3367 τούτοις·

2072 3415 2132 3463 ‘O
2155 3413 2236 3470 σὸς
2265 3414 2315 3463 δὲ
2337 3414 2508 3478 ‘tuti-60<
2527 3415 2574 3464 ἐν
2593 3417 2726 3478 καλῷ
2744 3418 3043 3479 κεχωσμένος

2072 3491 2167 3540 τοῖς
2189 3484 2406 3548 ἐμπόροις
2428 3484 2681 3549 πρόσρησις
2703 3486 2835 3534 ἔσται
2855 3492 3113 3550 πανταχοῦ,

2077 3554 2182 3609 τούς
2207 3554 2248 3601 τ’
2275 3554 2548 3610 ἐκπλέοντας
2566 3555 2858 3612 εῑσπλὲοντάς
2874 3557 2917 3604 τ’
2937 3557 3100 3617 ὄψεται

2073 3623 2294 3687 χώπόταν
2323 3624 2491 3687 ἅμιλλα
2513 3629 2607 3673 τῶν
2634 3630 2750 3674 νεῶν
2773 3625 3011 3675 θεάσεται.

1958 3748 1981 3772 «ι
2025 3723 2448 3778 Accuratissima
2477 3722 2590 3777 loci
2627 3722 2958 3798 descriptio,
2997 3736 3062 3781 nt
3098 3727 3275 3782 oculis
3311 3730 3500 3785 stilum

1951 3812 2195 3866 auctoris
2213 3811 2371 3882 sequi
2399 3811 2592 3884 possis,
2625 3829 2800 3884 eaque
2830 3812 3045 3868 Comici
3078 3814 3326 3887 insuper,
3359 3835 3504 3889 quo-

1951 3918 2079 3954 rum
2104 3899 2429 3955 testimoniis
2450 3900 2631 3954 omnis
2667 3899 2785 3955 haec
2813 3899 3204 3973 antiquitatum
3247 3901 3506 3960 doctrina

1951 3985 2104 4059 apud
2144 3987 2490 4058 antiquiores
2522 3986 2784 4042 illustrari
2807 3987 3053 4056 solebat,
3086 3986 3212 4042 loco
3241 3988 3500 4045 stabilita.

1948 4076 2144 4148 Neque
2168 4076 2563 4130 asseverantius
2581 4093 2736 4130 suam
2764 4076 3093 4149 opinionem
3119 4077 3341 4148 posuit3
3366 4078 3504 4132 scri-

1949 4162 2121 4218 bebat
2143 4163 2290 4217 enirn
2319 4162 2388 4226 ὡς
2414 4163 2644 4219 ὑπονοῶν
2673 4162 2872 4236 μᾶλλον
2908 4158 2943 4230 ἢ
2985 4158 3316 4238 γιγνώσκων,
3348 4164 3505 4235 quod

1951 4250 2068 4304 noli
2096 4249 2169 4305 ad
2198 4248 2630 4323 descriptionem
2658 4250 2769 4305 loci
2797 4248 3037 4318 referre,
3061 4267 3184 4321 quae
3206 4249 3335 4304 satis
3354 4249 3506 4305 lucu-

1951 4337 2100 4391 lenta
2127 4346 2237 4405 est,
2286 4353 2483 4393 verum
2524 4336 2755 4392 nolebat
2794 4333 3147 4391 confidenter
3184 4334 3255 4391 de
3294 4336 3507 4392 ossibus

1952 4422 2335 4479 Themistoclis
2353 4424 2412 4477 in
2437 4424 2680 4479 Atticam
2704 4422 3011 4496 deportatis
3036 4441 3499 4491 commemorare,

1953 4508 2026 4564 de
2046 4510 2250 4583 quibus
2268 4509 2590 4565 dubitanter
2608 4522 2795 4565 narrat
2815 4512 2980 4565 etiam
3000 4509 3258 4582 Thucyd.
3285 4511 3313 4565 1
3331 4551 3346 4578 ‚
3374 4529 3395 4565 1
3409 4511 3501 4569 38.

1953 4595 2037 4651 Cf.
2064 4597 2294 4652 Pausan.
2324 4598 2374 4671 1,
2405 4615 2456 4666 1,
2480 4614 2536 4655 a.
2575 4620 2600 4646 ι»
2637 4597 2910 4651 l’amu.
2942 4596 3014 4653 ad
3037 4597 3248 4654 Polem.
3271 4615 3331 4672 p.
3373 4616 3504 4669 ¹7¹·

1953 4763 2052 4822 est,
2077 4759 2141 4808 ibi
2160 4759 2303 4820 justae
2329 4759 2667 4823 magnitudinis
2698 4764 2886 4810 exstare
2916 4761 3232 4824 crepidinem,
3256 4763 3402 4825 atque
3440 4762 3504 4811 ad

1952 4852 2060 4888 eam
2083 4851 2180 4887 arae
2198 4839 2399 4888 sormam
2419 4838 2596 4888 babens
2621 4839 2951 4889 Themistoclis
2979 4839 3306 4890 essobustnm.
3331 4842 3508 4891 censet

1953 4917 2100 4967 etiam
2123 4917 2211 4966 sibi
2235 4917 2480 4966 Platonem
2497 4916 2733 4966 comicum
2752 4918 3001 4981 suffragari
3023 4919 3098 4969 his
3116 4919 3329 4969 versibus
3352 4938 3365 4969 ε

2060 5050 2156 5101 Qua
2174 5046 2370 5092 tumulus
2386 5050 2453 5092 est
2470 5050 2573 5104 apto
2591 5046 2736 5093 editus
2755 5048 2834 5093 tibi
2853 5049 2953 5093 loco

2059 5117 2359 5174 negotiatores
2376 5116 2630 5161 salutabunt
2648 5128 2752 5162 eum

2056 5196 2231 5242 semper
2249 5201 2261 5228 ι
2281 5185 2448 5229 videbit
2467 5184 2622 5229 advehi
2638 5189 2680 5229 et
2699 5185 2926 5233 discedere

2057 5266 2133 5300 eos
2147 5286 2158 5308 ‚
2177 5254 2343 5299 videbit
2362 5255 2543 5298 navium
2562 5255 2821 5300 certamina.
