4016 5916
1596 432 2096 497 FRAGMENTA.

3316 457 3425 507 ⁴91

242 568 347 642 κὸς,
371 567 504 646 μετὰ
537 566 622 625 τὸν
654 567 847 625 ἐκείνου
872 564 1113 641 θάνατον,
1147 569 1214 633 ὡς
1245 570 1292 625 οἱ
1325 565 1458 648 ἀμφὶ
1486 565 1572 625 τὸν
1597 566 1803 644 Ἰδομε-
1832 588 1842 608 ·
1906 576 2041 626 ναῖοι
2082 570 2238 627 αὐτοῦ
2268 568 2356 627 καὶ
2383 569 2557 648 γένους
2587 572 2853 652 ἀειφυγίαν
2896 575 3245 652 κατέγνωσαν,
3282 583 3467 660 ‘ti-pc&-

243 656 330 713 νέα
356 653 532 736 φασίν.

638 765 839 846 [ΠΕΡι
883 766 1400 844 sumamma]

994 905 1050 964 li.

329 1016 622 1071 Athenaeus
637 1014 775 1081 XII,
805 1032 863 1086 p.
899 1009 1031 1085 532,
1053 1013 1097 1067 F
1120 1032 1134 1066 ε
1159 1007 1444 1085 Ἰδομενεὺς
1472 1009 1528 1069 δέ
1558 1035 1685 1092 φησι
1711 1009 1799 1069 καὶ

250 1098 363 1166 τοὺς
392 1096 821 1177 Πεισιστρατίδας
849 1095 1060 1155 Ἱππίαν
1081 1095 1170 1154 καὶ
1190 1092 1487 1177 Ἵππαρχον
1512 1098 1674 1178 εὑρεῖν
1702 1103 1800 1156 θα-

251 1188 367 1252 λίας
386 1185 476 1243 καὶ
495 1183 717 1261 κώμους·
743 1183 819 1242 διὸ
842 1183 933 1241 καὶ
949 1182 1126 1241 ἵππων
1151 1182 1242 1242 καὶ
1263 1183 1450 1263 ἑτέρων
1471 1186 1676 1243 πολλῶν
1696 1187 1802 1244 ἔπι-

252 1273 480 1332 πολοίσαι
504 1270 562 1330 τὸ
575 1274 768 1343 πλῆθος
785 1273 910 1351 παρ’
941 1270 1140 1336 αὐτοῖς·
1165 1271 1277 1330 ὅθεν
1301 1274 1512 1350 βαρεῖαν
1538 1274 1705 1330 αὐτῶν
1720 1295 1801 1351 γε·

249 1359 426 1418 νέσθαι
450 1358 546 1430 τὴν
573 1357 763 1438 ἀρχήν.
791 1361 1060 1433 Sequitur
1075 1361 1431 1435 Tbeopompi
1457 1360 1528 1419 sr.
1565 1367 1696 1434 147.
1727 1392 1807 1405 —

253 1449 470 1525 Πορνῶν
487 1471 535 1505 κ.
558 1449 771 1526 ἑταιρῶν
796 1447 1169 1518 CasaubonuS,
1213 1447 1515 1526 παρασίτων
1547 1448 1636 1504 καὶ
1667 1450 1805 1505 ἑται-

258 1539 357 1613 ρῶν
381 1534 743 1611 Sintenis(ad
773 1536 854 1590 Pl.
885 1536 1084 1593 Pericl.
1118 1554 1179 1610 p.
1211 1535 1350 1612 318)
1401 1537 1570 1596 scrib.
1596 1555 1806 1610 propo·

256 1635 505 1680 suerunt.

1005 1707 1038 1764 5

336 1815 636 1870 Athenaeus
662 1815 805 1869 XIII
825 1854 844 1881 ,
874 1833 936 1887 p.
971 1812 1113 1884 576,
1137 1815 1179 1869 C
1210 1833 1223 1868 :
1255 1815 1615 1888 Θεμιστοκλῆς
1638 1836 1721 1885 τε,
1744 1813 1812 1879 ὥς

258 1921 412 1980 φησιν
433 1895 740 1976 Ἰδομενεὺς,
761 1899 859 1976 οὐχ
879 1898 1020 1977 ἅρμα
1035 1896 1335 1975 ζευξάμενος
1349 1901 1565 1978 ἑταιρῶν
1587 1900 1812 1972 πληθούω

260 2010 352 2060 σης
375 1989 566 2067 ἀγορᾶς
594 1986 866 2055 εἰσήλασεν
890 1988 959 2052 εἷς
979 1986 1037 2044 τὸ
1064 1985 1220 2058 cio-tm
1242 1977 1423 2047 Ἦσαν
1445 1986 1497 2044 δὲ
1523 1978 1677 2047 αὗται
1699 1989 1810 2048 Λά-

264 2096 386 2152 μια,
412 2075 502 2131 καὶ
527 2072 736 2145 Σκιώνη
760 2071 851 2131 καὶ
879 2071 1093 2154 Σατύρα
1127 2072 1217 2131 καὶ
1247 2074 1486 2134 Νάννιον.
1777 2125 1800 2161 ⁸

342 2164 502 2220 Idem
519 2163 654 2232 XII,
674 2181 735 2236 p.
768 2159 905 2237 533,
923 2164 974 2217 D
1000 2181 1014 2219 ε
1037 2160 1399 2238 Θεμιστοκλῆς
1415 2162 1476 2234 δ’,
1496 2160 1650 2220 οὔπω
1668 2161 1815 2234 Ἀθη-

265 2248 419 2307 ναίων
445 2247 836 2326 μεθυσκομένων
857 2249 963 2305 οὐδ’
983 2247 1209 2325 ἑταίραις
1233 2247 1540 2330 χρωμένων,
1571 2252 1814 2330 ἐμφανῶς

263 2336 539 2416 τέθριππον
551 2335 723 2405 ζεύξας
734 2335 1021 2414 ἑταιρίδων,
1036 2336 1117 2393 διὰ
1127 2341 1217 2394 τοῦ
1232 2340 1557 2416 Κεραμεικοῦ
1568 2337 1816 2409 πληθύον·

265 2447 348 2490 τος
371 2423 570 2492 ἑωθινὸς
596 2423 807 2495 ἤλασεν.
840 2422 1160 2503 Ἀμφιδόλως
1179 2424 1222 2481 δ’
1247 2424 1374 2482 αὐτὸ
1394 2423 1595 2503 εἴρηκεν
1627 2428 1655 2483 δ
1685 2424 1814 2485 '180-

269 2510 443 2587 μενεὶις
461 2558 475 2582 ,
501 2510 601 2569 εἴτε
624 2510 830 2590 ἑταίρας
849 2510 1098 2590 τέτταρας
1125 2510 1486 2580 συνυπέζευξεν
1506 2515 1576 2578 ὣς
1597 2510 1816 2586 ἵππους,

267 2598 365 2657 εἴτε
396 2598 700 2656 ἀνεὸίὸασεν
729 2596 885 2664 αὐτὰς
914 2599 999 2656 ἐπὶ
1022 2598 1082 2657 τὸ
1104 2598 1400 2679 τέθριππον.

344 2690 525 2744 Priori
543 2690 669 2744 loco
693 2687 810 2762 ipsa
834 2688 1123 2743 Idomenei
1147 2690 1315 2745 verba
1337 2689 1407 2745 ab
1434 2690 1697 2747 Athenaeo
1720 2710 1816 2766 po·
1833 2659 1854 2678 ·

267 2778 366 2834 sita
400 2794 511 2832 esse
538 2787 730 2832 monet
755 2775 1133 2831 Casaubonus.

1013 2889 1066 2944 6.

345 2997 532 3054 Schol.
549 2996 832 3069 Aristoph.
850 2998 1009 3069 Vesp.
1026 3002 1096 3069 94
1108 3015 1136 3066 7
1166 3017 1180 3051 :
1201 2996 1825 3072 ThucydideS,ll1elesiae

268 3085 334 3154 s.,
370 3085 593 3140 Periclis
630 3083 991 3152 adversariuS,
1014 3084 1181 3138 exilio
1214 3083 1408 3139 decem
1445 3102 1720 3140 annorum
1758 3105 1826 3142 ex

271 3173 389 3246 lege
419 3169 722 3227 ostracismi
736 3171 1030 3226 mulctatus
1054 3182 1154 3228 est.
1173 3168 1297 3227 Ὅτι
1314 3169 1366 3227 δὲ
1387 3172 1414 3227 ὁ
1436 3169 1714 3243 Ἀθηναίων
1733 3173 1823 3244 δῆ-

274 3279 365 3333 μος
395 3255 662 3335 ἀειφυγίαν
692 3258 847 3312 αὐτοῦ
889 3253 1173 3334 καταγνοὺς
1211 3255 1462 3334 ἐδήμευσε
1497 3257 1591 3330 τὴν
1622 3258 1822 3336 οὐσίαν,

272 3344 363 3402 καὶ
389 3342 514 3421 πρὸς
542 3340 875 3420 Ἀρταξέρξην
903 3334 998 3413 ἧκε
1026 3341 1247 3423 φεύγων,
1277 3342 1434 3422 σαφὲς
1460 3352 1596 3402 ποιεῖ
1625 3343 1824 3420 Ἰδομε-

271 3428 383 3496 νεὺς
415 3429 498 3487 διὰ
527 3433 616 3487 τοῦ
651 3427 699 3509 β’
732 3428 818 3486 τὸν
845 3428 1031 3508 τρόπον
1066 3436 1267 3488 τοῦτον·
1312 3458 1337 3482 σι
1365 3433 1434 3491 Οἱ
1474 3430 1646 3507 μέντοι
1678 3431 1827 3503 Ἀθη-

273 3596 515 3646 hominem
546 3594 836 3644 admiramur
857 3615 870 3644 ε
891 3597 980 3645 nisi
1012 3610 1176 3646 revera
1210 3599 1434 3661 sapientis
1466 3600 1674 3648 Socratis
1712 3603 1824 3649 sunt

272 3675 449 3736 scripta
465 3672 549 3722 illa
561 3709 576 3734 ,
595 3672 709 3721 huic
726 3685 839 3722 vcro
861 3673 1035 3722 donata
1051 3687 1079 3722 a
1097 3674 1391 3739 Xanthippe,
1417 3688 1567 3728 uxore
1589 3676 1822 3740 Socratis,

273 3753 378 3813 post
398 3750 501 3811 eius
518 3748 704 3799 obitum
718 3787 732 3809 ,
752 3750 808 3798 ut
826 3749 1107 3801 Idomeneus
1128 3751 1211 3801 ait.

729 3844 851 3924 [DE
891 3846 1392 3925 flammeis]

339 4044 622 4095 Idomeneus
642 4044 806 4094 scribit
825 4044 1137 4095 Pisistratidas
1152 4058 1347 4109 quoque
1357 4080 1374 4106 ,
1393 4043 1610 4108 Hippiam
1636 4045 1684 4093 et
1710 4044 1823 4106 Hip·

275 4121 503 4185 parchum
517 4157 532 4181 ‚
563 4121 693 4170 lauta
724 4121 860 4184 epula
884 4124 934 4172 et
968 4122 1333 4172 comessationes
1361 4120 1597 4170 invenisse
1630 4136 1642 4168 ε
1667 4122 1829 4182 itaque

274 4203 324 4250 et
342 4212 576 4262 equonim
595 4203 641 4249 et
660 4199 858 4250 aliarum
887 4214 1045 4250 rerum
1081 4202 1382 4262 (scortorum
1393 4199 1441 4261 θ)
1473 4200 1636 4261 ingens
1664 4199 1828 4248 multi·

277 4276 399 4326 tudo
422 4289 565 4339 penes
591 4276 696 4327 illos
722 4280 824 4326 erat
863 4297 874 4326 ε
915 4278 1042 4327 unde
1076 4291 1219 4340 grave
1253 4277 1321 4326 ait
1356 4276 1497 4327 fuisse
1521 4275 1711 4325 illorum
1734 4276 1827 4325 im-

277 4356 482 4418 perium.

340 4516 707 4579 Themistocles,
727 4520 780 4566 ut
798 4517 865 4566 ait
886 4517 1193 4579 idomeneuS,
1212 4531 1371 4568 nonne
1391 4516 1570 4580 junctis
1593 4516 1831 4580 quadrigis

278 4594 585 4644 meretricum
603 4594 744 4656 pleno
762 4595 865 4644 soro
889 4594 937 4644 in
962 4594 1128 4645 urbem
1149 4595 1367 4645 invectus
1384 4595 1489 4646 est?
1508 4595 1645 4644 erant
1666 4596 1827 4644 autem

278 4671 376 4721 illae
398 4670 562 4721 Lamia
585 4673 632 4720 et
655 4670 825 4721 Scione
845 4674 893 4721 et
913 4672 1081 4733 satyra
1098 4674 1148 4721 et
1165 4672 1422 4723 Nannium.

341 4747 706 4808 Themistocles,
740 4762 838 4811 quo
869 4751 1081 4811 tempore
1107 4748 1320 4797 nondum
1346 4747 1655 4798 Athenienses
1687 4747 1830 4809 vulgo

278 4824 575 4875 temulentiae
605 4828 653 4874 et
683 4824 959 4874 scortationi
980 4824 1127 4873 dediti
1151 4825 1317 4886 erant,
1343 4823 1613 4887 quadr-iaia
1629 4824 1830 4886 ,iunctis

279 4900 732 4953 meretricularum
762 4900 954 4964 publice
989 4913 1074 4963 per
1105 4899 1406 4951 ceramicum
1429 4900 1699 4949 hominibus
1737 4902 1830 4951 t're·

280 4982 508 5042 quentem
526 4990 668 5028 mane
688 4978 986 5028 transvectus
1002 4979 1090 5027 est.
1119 4980 1276 5035 Quam
1295 4989 1398 5027 rem
1428 4990 1625 5027 narrans
1645 4977 1831 5027 idume-

280 5069 400 5106 neus
417 5054 637 5117 ambigue
653 5055 846 5104 locutus
861 5055 961 5117 est3
982 5055 1038 5104 ut
1063 5052 1270 5116 nesciae,
1293 5055 1460 5104 utrum
1482 5056 1709 5117 quattuor
1731 5068 1831 5106 me·

284 5134 478 5184 retrices
503 5133 654 5183 veluti
685 5146 835 5196 equos
867 5131 1108 5196 quadrigis
1133 5131 1378 5196 junxerit,
1413 5145 1474 5182 an
1514 5132 1561 5182 in
1597 5132 1835 5195 quadrigis

285 5211 388 5261 ilias
405 5209 568 5260 feccrit
585 5209 765 5261 sedere.

1908 654 2079 723 δόντος
2104 655 2195 726 τὴν
2225 656 2492 730 Ἐλλάδα,
2526 658 2614 716 καὶ
2645 663 2800 717 αὐτοῦ
2829 665 2862 731 ἡ
2892 661 3040 719 οὐσία
3069 663 3348 739 ἐδημεύθη.
3378 697 3402 718 u

1991 744 2234 803 Clinton.
2258 748 2323 801 F.
2354 744 2421 803 Η.
2453 749 2564 817 111,
2596 767 2655 821 p.
2687 747 2800 814 488
2826 769 2839 804 ε
2875 773 2897 798 c<
2935 751 3332 828 Thispassage,
3374 777 3464 812 re-

1887 831 2078 900 fhrred
2096 833 2172 904 by
2191 852 2268 887 cm
2292 852 2444 889 ermr
2462 832 2631 903 osthe
2647 834 2913 892 scholiase
2925 849 2979 891 to
3006 838 3350 910 Thucydides
3366 864 3467 898 son

1889 916 1964 990 ⁰f
1989 919 2264 974 Melese‘as
2280 962 2300 987 ,
2335 940 2575 995 appears
2605 934 2656 976 to
2690 922 2936 978 describe
2966 923 3373 987 Themistocles.
3432 957 3455 980 »

1895 1007 2061 1062 Plura
2083 1007 2139 1061 in
2158 1009 2371 1063 scholio
2398 1011 2502 1064 isto
2526 1011 2856 1084 perturbata
2878 1023 3034 1083 sunt3
3060 1032 3235 1087 quare
3258 1035 3455 1072 verum

1897 1095 2133 1168 tetigisse
2176 1096 2499 1152 Clintonum
2548 1098 2734 1152 nullus
2783 1097 3005 1157 dubito.
3067 1101 3306 1157 Sintenis
3351 1103 3457 1174 (ad

1897 1182 2043 1236 Plut.
2076 1183 2276 1240 Pericl.
2309 1202 2360 1241 c.
2400 1185 2501 1257 10)
2531 1183 2726 1240 videns
2753 1205 2871 1240 non
2898 1205 3058 1262 posse
3084 1188 3257 1244 verba
3283 1191 3457 1250 schol.

1899 1267 1971 1323 de
2003 1286 2072 1324 eo
2101 1270 2269 1325 exilio
2304 1272 2574 1346 intelligi,
2607 1272 2765 1344 quod
2794 1274 3122 1330 Plutarchus
3155 1288 3460 1344 memorat,

1905 1379 1930 1405 a
1963 1357 2021 1411 Si
2048 1356 2189 1429 quid
2215 1360 2364 1427 veri,
2396 1360 2608 1432 inquit,
2636 1370 2717 1416 est
2764 1360 2822 1413 in
2854 1362 2954 1416 ista
2993 1360 3283 1418 Idomenei
3329 1383 3461 1419 nar-

1899 1443 2153 1517 ratione,
2181 1462 2301 1499 non
2341 1444 2510 1499 video
2549 1445 2842 1517 quomodo
2873 1448 3034 1502 aliter
3075 1466 3161 1503 res
3204 1450 3465 1523 expediri

1899 1531 2070 1604 possit
2088 1571 2103 1599 ,
2137 1548 2302 1603 quam
2330 1533 2407 1587 sic
2424 1573 2440 1602 ,
2469 1543 2534 1587 ut
2556 1532 2912 1606 Thucydides
2935 1536 3045 1590 alio
3077 1547 3330 1609 tempore
3360 1539 3465 1593 ite·

1903 1636 2031 1672 rum
2051 1618 2109 1671 in
2142 1620 2364 1673 exilium
2394 1620 2589 1674 missus
2609 1638 2721 1675 esse
2745 1632 3037 1691 statuatur,
3063 1634 3179 1677 tum
3201 1625 3457 1697 quidem,

1901 1715 1964 1759 ut
1989 1702 2264 1780 προδοσίας
2293 1718 2600 1776 accusatus,
2628 1705 2711 1762 ἐπ’
2737 1705 2998 1788 ἀειφυγίᾳ.
3033 1734 3057 1758 ν

2658 1850 2688 1868 Π

2665 1869 2708 1900 J.

1982 1940 2265 1998 Plutarch.
2287 1942 2499 1997 Pericle
2523 1960 2572 1998 c.
2605 1959 2705 2010 10,
2738 1941 2773 1996 6
2803 1960 2818 1996 ε
2852 1942 2976 2005 Πῶς
3016 1939 3080 1999 ἂν
3117 1931 3205 1998 οὗν
3227 1964 3302 2008 τις
3330 1941 3465 2009 Ἰδο-

1907 2033 2049 2099 μενεῖ
2078 2025 2368 2084 πιστεύσειε
2404 2031 2777 2105 κατηγοροῦντι
2803 2031 2896 2085 τοῦ
2930 2028 3239 2106 Περικλέους
3277 2032 3347 2095 ὡς
3375 2029 3469 2087 τὸν

1907 2111 2219 2189 δημαγωγὸν
2258 2111 2545 2193 Ἐφιάλτην
2587 2112 2733 2193 φίλον
2773 2112 3046 2192 γενόμενον
3088 2115 3178 2173 καὶ
3219 2115 3462 2174 κοινωνὸν

1907 2197 2029 2256 ὄντα
2064 2203 2157 2271 τῆς
2195 2199 2248 2256 ἓν
2273 2202 2339 2278 τῇ
2376 2200 2612 2279 πολιτεία
2647 2199 2994 2280 προαιρέσεως
3030 2200 3464 2278 δολοφονήσαντος

1908 2283 1993 2342 διὰ
2017 2284 2328 2356 ζηλοτυπίαν
2362 2285 2451 2344 καὶ
2475 2287 2655 2367 φθόνον
2684 2291 2775 2357 τῆς
2803 2286 2979 2359 δόξηςς
3017 2290 3205 2348 Ταῦτα
3231 2287 3332 2367 γὰρ
3369 2292 3462 2347 οὐκ

1908 2361 2001 2428 οἷδ’
2026 2369 2139 2430 ὅθεν
2162 2370 2467 2451 συναγαγὼν
2490 2371 2666 2453 ὥσπερ
2688 2373 2851 2454 χολὴν
2873 2375 3050 2454 τάνδρὶ
3074 2374 3458 2454 προσὸέὸληκε.

2659 2488 2713 2549 8.

1987 2595 2145 2652 Idem
2165 2598 2303 2653 ibid.
2328 2618 2377 2654 c.
2409 2599 2480 2656 35
2504 2600 2574 2656 de
2600 2603 2832 2672 Pericle,
2864 2613 2993 2676 post
3020 2602 3298 2659 infelicem
3323 2622 3461 2660 con·

1910 2694 1994 2738 tra
2017 2683 2366 2759 Epidaurum
2402 2687 2816 2762 expeditionem
2853 2700 3108 2746 accusato
3148 2701 3201 2745 et
3247 2692 3462 2747 conde-

1909 2782 2102 2826 mnato
2122 2772 2360 2846 loquens
2387 2793 2400 2828 :
2428 2769 2737 2854 Ἐπεγρᾶςρη
2759 2772 2812 2831 δὲ
2840 2779 2905 2852 τῇ
2923 2773 3041 2853 δίκῃ
3069 2774 3374 2854 κατήγορος,
3394 2779 3467 2842 ὡς
3556 2819 3567 2834 .

1911 2854 2005 2930 μὲν
2027 2854 2315 2933 Ἰδομενεὺς
2334 2857 2509 2936 λέγει,
2541 2857 2742 2933 Κλέων,
2770 2865 2838 2927 ὥς
2861 2859 2916 2919 δὲ
2938 2860 3272 2942 Θεόφραστος
3288 2907 3301 2932 ,
3327 2865 3461 2938 Σιμ-

1913 2940 2060 3017 μίας·
2097 2947 2123 3002 ὁ
2155 2943 2207 3003 δὲ
2248 2946 2498 3013 Ποντικὸς
2528 2945 2871 3028 Ἡρακλείδης
2902 2949 3233 3028 Λακρατίδαν
3266 2949 3458 3029 εἴρηκε.

2659 3084 2715 3139 9.

1990 3176 2276 3234 Plutarch.
2317 3178 2545 3233 Aristid.
2588 3196 2638 3233 c.
2688 3198 2708 3233 1
2750 3198 2764 3232 ε
2809 3178 2913 3236 Καὶ
2954 3177 3057 3252 μὴν
3102 3176 3250 3258 ἄρξαι
3283 3201 3341 3255 γε
3379 3177 3479 3236 τὸν·

1871 3288 1874 3301 ·
1915 3259 2229 3339 Ἀριστείδην
2254 3265 2282 3320 ὁ
2305 3261 2620 3339 Ἰδομενεὺς,
2647 3264 2704 3321 οὗ
2746 3263 3034 3338 κυαμευτὸν
3065 3266 3180 3321 ἀλλ’
3210 3264 3466 3341 ἑλομένων

1870 3314 1876 3405 ί
1916 3346 2195 3419 Ἀθηναίων
2224 3345 2402 3430 φησίν.

1997 3438 2092 3494 Ad
2120 3456 2241 3494 rem
2268 3439 2341 3496 cf.
2360 3443 2667 3512 sequentia,
2685 3451 2740 3494 et
2758 3459 2879 3513 cap.
2902 3438 2956 3509 5,
2980 3441 3080 3494 ubi
3103 3442 3221 3497 haec
3255 3440 3467 3509 εΦησὶν

2657 3610 2711 3659 6.

1974 3695 2302 3757 Thucydidem
2324 3695 2528 3746 Melesiae
2551 3696 2704 3746 tilium
2720 3696 2849 3757 (deb.
2873 3713 2891 3744 .·
2916 3697 3307 3760 Themisloclem)
3327 3699 3485 3749 exilio·

1913 3774 2141 3835 perpetuo
2163 3773 2224 3823 ab
2242 3774 2596 3825 Atheniensium
2616 3775 2793 3837 populo
2812 3775 3099 3825 mulctatum
3122 3776 3341 3840 bonaque
3367 3778 3471 3839 ejus

1915 3851 2155 3914 publicata
2172 3865 2301 3915 esse,
2324 3851 2478 3915 ipsum
2502 3865 2617 3903 vero
2634 3852 2693 3902 ad
2724 3856 3033 3904 Artaxerxem
3052 3854 3250 3917 fugisse,
3270 3855 3467 3918 planum

1915 3929 2027 3979 tacit
2049 3929 2334 3981 Idomeneus
2350 3930 2473 3981 libro
2494 3931 2702 3982 secundo
2732 3931 2861 3982 hunc
2893 3932 2943 3982 in
2976 3933 3174 3983 modum

1917 4009 2127 4070 nienses,
2160 4008 2346 4071 inquit,
2382 4009 2539 4073 ipsum
2580 4013 2629 4059 et
2668 4010 2896 4060 familiam
2935 4011 3037 4074 ejus
3067 4012 3209 4062 exilio
3243 4017 3468 4076 perpetuo

1918 4087 2239 4150 mulctarunt,
2264 4089 2429 4151 utpote
2454 4088 2654 4140 Graeciae
2687 4089 3007 4153 proditorem,
3039 4093 3184 4154 atque
3219 4090 3343 4140 bona
3369 4090 3470 4152 ejus

1918 4163 2157 4228 publicata
2180 4166 2309 4215 sunt.
2340 4184 2365 4209 ι.

2666 4251 2699 4300 7

1978 4333 2076 4389 Qut
2095 4344 2204 4394 crgo
2223 4331 2365 4382 tidem
2384 4334 2623 4383 mereatur
2648 4287 2957 4394 idomeneus,
2980 4333 3209 4383 Periclem
3246 4334 3471 4397 culpans,

1918 4408 2047 4472 quod
2064 4409 2105 4460 is
2124 4410 2367 4473 Ephialten
2384 4411 2594 4461 amicum
2612 4425 2755 4462 suum
2769 4415 2915 4474 atque
2929 4411 3142 4475 ejusdem
3157 4413 3205 4462 in
3226 4412 3471 4476 republica

1918 4486 2162 4551 factionis,
2181 4487 2485 4538 aemulatione
2500 4488 2771 4552 invidiaque
2793 4489 2957 4552 gloriae
2974 4490 3225 4551 adductuS,
3244 4490 3468 4552 perfrau-

1917 4564 2028 4616 dem
2046 4567 2318 4619 necaverit?
2338 4570 2471 4617 Hanc
2492 4569 2619 4618 enim
2647 4569 2789 4619 bilem
2813 4568 2972 4619 nescio
2999 4567 3125 4618 unde
3155 4570 3401 4620 collectam
3425 4571 3467 4619 ei

1917 4642 2023 4693 viro
2043 4643 2259 4694 suffudit.

1980 4807 2283 4859 Accusationi
2324 4807 2516 4859 Periclis
2551 4728 2829 4871 subsgcripsit
2864 4809 3043 4872 Cleon,
3087 4808 3127 4858 si
3161 4809 3468 4860 idomeneum

1917 4887 2192 4951 sequimur3
2226 4886 2299 4936 sin
2320 4885 2727 4950 Theophrastum,
2765 4888 3013 4951 Simmiam
3047 4888 3317 4938 Heraclides
3352 4891 3469 4939 Pon·

1920 4967 2048 5017 ticus
2068 4965 2364 5017 Lacratidam
2387 4968 2650 5030 nuncupat.

1980 5128 2310 5192 Magistratum
2343 5128 2538 5193 gessisse
2572 5048 2852 5194 Arisotidem,
2872 5142 2967 5178 non
2999 5132 3161 5180 tamen
3193 5131 3348 5193 sorte,
3386 5131 3471 5182 sed

1920 5206 2155 5271 suffragiis
2178 5205 2532 5259 AthenIensium
2558 5207 2787 5270 electum,
2806 5207 3014 5259 affirmat
3033 5208 3329 5260 idomeneus.

3211 3953 3288 3983 ια
3322 3936 3468 3985 Athe·
3542 3936 3549 3941 ’
