4016 5916
1422 405 1839 468 ARGOLlDlS
1883 406 2392 467 RESPUBLICAE.

301 536 499 645 ᾤκισε,
531 534 681 604 δόξαν
711 531 764 592 δὲ
807 531 1037 610 μάλιστα
1083 530 1289 589 πάντων
1319 533 1389 598 ὥς
1426 530 1555 611 ἀνὴρ
1598 531 1767 609 λόγιος
1807 550 1860 589 εν

302 630 407 691 τοῖς
433 624 551 683 τότε
579 646 670 682 και
694 620 990 702 σοφώτατος
1013 619 1188 698 ἔσχεν.
1214 609 1320 679 Ἦν
1346 620 1398 678 δὲ
1423 624 1514 691 τῆς
1536 620 1756 701 σοφίας
1739 621 1864 680 ἐ·κεί

303 737 396 785 νης
410 709 628 783 τοιαύτη
655 733 761 785 τις,
793 715 862 776 ὼς
888 708 1075 779 ἔοικεν,
1099 706 1208 765 ἰδέα
1234 706 1322 766 καὶ
1349 707 1592 784 δύναμις,
1617 706 1700 766 οἵα
1728 731 1858 787 χρη-

303 801 527 878 σάμενος
555 798 794 865 Ἡσίοδος
822 795 1082 873 εὐδοκίμει
1114 794 1345 871 μάλιστα
1387 795 1506 875 περὶ
1539 794 1631 864 τὰς
1661 798 1714 853 ἐν
1758 800 1863 861 τοῖς

303 889 519 968 Ἔργοις
542 886 915 965 γνωμολογίας
947 882 1056 943 Και
1082 882 1207 959 μίαν
1238 906 1296 960 γε
1321 882 1516 942 τούτων
1555 883 1754 954 ἐκείνην
1778 883 1862 942 λέ-

302 999 455 1056 γουσι
484 973 715 1042 Πιτθέως
743 964 899 1047 εἶναι,

428 1109 605 1166 Μισθὸς
635 1109 675 1158 δ’
710 1106 835 1171 ἀνδρὶ
869 1106 985 1171 φίλῳ
1017 1106 1250 1170 εἰρημένος
1281 1090 1439 1169 ἄρκιος
1470 1105 1610 1154 ἔστω.

303 1232 476 1291 Τοῦτο
504 1229 599 1307 μὲν
627 1220 715 1287 οὗν
741 1227 833 1287 καὶ
874 1226 1232 1308 Ἀριστοτέλης
1266 1229 1294 1284 ὁ
1338 1226 1610 1308 φιλόσοφος
1639 1224 1859 1305 εἴρηκεν.

304 1320 638 1376 Welckerus
668 1317 858 1393 (Cycl.
880 1336 942 1391 p.
978 1317 1083 1392 49)
1109 1317 1261 1373 hunc
1290 1317 1480 1372 locum
1503 1335 1532 1371 e
1552 1316 1708 1371 libris
1733 1312 1862 1391 Περὶ

303 1407 537 1477 ποιητῶν
565 1405 786 1462 fluxisse
811 1417 1024 1475 censet3
1055 1404 1215 1478 quod
1234 1423 1352 1460 non
1378 1405 1716 1479 negaverim.

979 1544 1077 1622 [96
1107 1543 1189 1622 a·]

387 1694 599 1772 [Arist.
632 1695 754 1750 Pol.
781 1696 916 1765 VII,
946 1701 1045 1765 ι4,
1071 1701 1103 1760 4
1140 1712 1154 1751 :

302 1784 437 1840 λεων
479 1777 885 1859 ἐπιχωριάζεται
923 1778 984 1838 τὸ
1029 1777 1170 1846 νέους
1207 1776 1540 1857 συζευγνύναι
1576 1782 1665 1835 καὶ
1711 1776 1859 1852 νέας,

302 1870 503 1936 ἀτελεῖς
535 1867 626 1927 καὶ
668 1866 847 1948 μικροὶ
884 1864 949 1925 τὰ
987 1864 1211 1943 σώματά
1240 1869 1388 1926 εἰσιν.
1432 1862 1559 1924 Ἔτι
1594 1862 1649 1922 δὲ
1678 1864 1729 1922 ἐν
1757 1887 1864 1930 τοις

301 1956 471 2022 τόκοις
516 1958 569 2014 αἱ
610 1955 723 2013 νέαι
757 1953 971 2013 πονοῦσί
1013 1978 1070 2012 τε
1114 1955 1312 2030 μᾶλλον
1352 1951 1443 2011 καὶ
1489 1950 1863 2031 διαφθείρονται

307 2044 535 2112 πλείους·
572 2042 651 2102 διὸ
681 2042 772 2102 καὶ
800 2041 887 2100 τὸν
914 2041 1155 2121 χρησμὸν
1183 2041 1419 2120 γενέσθαι
1455 2039 1584 2105 τινές
1612 2062 1740 2119 φασι
1779 2040 1863 2097 δια

302 2130 551 2202 τοιαύτην
580 2128 753 2188 αἰτίαν
779 2130 884 2197 τοῖς
907 2127 1254 2210 Τροιζηνίοις,
1289 2131 1359 2196 ὡς
1391 2127 1600 2185 πολλῶν
1629 2127 1829 2205 &asoa

1192 1691 1286 1752 Ἐν
1317 1689 1459 1757 ὅσαις
1496 1688 1595 1769 γὰρ
1629 1693 1729 1747 τῶν
1761 1712 1861 1747 πο-

304 2217 538 2298 ρομίνων
585 2216 671 2275 διὰ
715 2216 774 2276 τὸ
820 2216 1173 2294 γαμίσκεσθαι
1213 2216 1305 2283 τὰς
1345 2212 1620 2294 νεωτέρας,
1649 2216 1765 2271 ἀλλ’
1806 2238 1863 2272 ου

303 2304 433 2384 πρὸς
456 2304 552 2376 τὴν
583 2307 683 2362 τῶν
706 2308 919 2382 καρπῶν
944 2302 1218 2383 κομιδήν.]

391 2421 416 2445 α
449 2397 516 2450 In
543 2396 797 2470 margine
850 2394 981 2450 cod.
1022 2392 1197 2449 Paris.
1239 2393 1390 2447 2023
1433 2402 1862 2466 peropportune

301 2492 583 2537 servatum
610 2483 777 2538 nobis
804 2492 884 2537 est
902 2481 1013 2537 hoc
1040 2481 1332 2538 oraculum
1356 2499 1370 2535 ε
1399 2476 1472 2553 μὴ
1497 2475 1553 2535 τὲ
1581 2475 1721 2554 (sic)
1742 2499 1866 2552 μνε-

301 2590 422 2634 νεας
452 2567 591 2646 (sic)
621 2566 818 2638 ἄλοκα,
842 2569 880 2626 ἰ.
909 2588 956 2627 e.
990 2564 1066 2643 μὴ
1091 2564 1246 2644 τέμνε
1261 2564 1379 2631 νέας
1406 2564 1572 2622 ἄλοκα
1592 2585 1606 2620 :
1626 2568 1743 2621 noli
1760 2568 1854 2618 sul

303 2677 428 2712 cum
462 2662 781 2732 imprimere
811 2662 1012 2733 virgini
1041 2652 1214 2736 (νέα),
1242 2676 1371 2731 quoe
1385 2656 1622 2710 nondum
1648 2666 1867 2708 matura

300 2758 388 2801 cst
409 2751 557 2817 viro,
588 2746 679 2802 vel
709 2765 726 2802 z
753 2741 829 2821 μὴ
858 2743 1011 2821 τέμνε
1039 2752 1155 2809 νεᾶς
1179 2740 1343 2800 ἄλοκα
1360 2785 1376 2810 ,
1399 2745 1517 2799 noli
1535 2745 1746 2796 sulcum
1764 2748 1863 2796 im·

289 2839 545 2904 prz‘mere
580 2837 783 2890 novali.
814 2835 995 2909 Igitur
1031 2832 1104 2887 i'ta
1134 2831 1361 2887 sortasse
1390 2831 1634 2887 babebat
1661 2849 1867 2887 oracu-

312 2921 426 2977 lum
455 2941 469 2977 ε
501 2919 657 2981 Ἀλλὰ
685 2918 827 2988 νέας,
857 2917 1110 2998 Τροίζην,
1141 2917 1332 2983 ἄλοκας
1353 2915 1427 2994 μὴ
1457 2915 1612 2994 τέμνε
1638 2916 1867 2998 βαθείας.

309 3008 447 3074 Νέας
474 3012 648 3086 igitur
674 3010 750 3066 ad
771 3007 832 3066 τὸ
862 3007 1172 3085 γαμίζεσθαι
1195 3005 1287 3073 τὰς
1309 3005 1559 3084 νεωτέρας
1585 3011 1868 3082 pertinet3

309 3104 427 3163 νεᾶς
453 3116 592 3153 vero
617 3097 691 3153 ad
717 3093 811 3165 τὴν
833 3098 936 3153 τῶν
951 3096 1166 3175 καρπῶν
1185 3092 1424 3169 κομιδήν.
1443 3098 1630 3168 Atque
1657 3097 1873 3150 Troeze·

303 3186 388 3248 nii
416 3187 495 3240 ita
519 3187 917 3242 intellexerunt
942 3185 1264 3253 oraculum,
1289 3185 1445 3257 quasi
1466 3191 1583 3247 νεᾶς
1615 3183 1869 3253 dixisset,

305 3295 489 3349 quum
516 3273 633 3339 νέας
655 3276 1090 3350 pronuntiasset.
1123 3299 1147 3323 ν
1180 3274 1466 3346 Goetcling.
1499 3272 1573 3328 ad
1592 3273 1651 3327 h.
1675 3272 1712 3326 l.

387 3366 476 3419 De
504 3365 764 3435 Mycenis·
791 3363 1119 3418 Aristoteles
1147 3361 1410 3416 laudatur
1438 3360 1593 3435 apud
1620 3360 1870 3416 Eustath.

308 3452 604 3522 ad.11.A,
634 3458 815 3525 4ο,Ῑ).
853 3450 964 3516 443
1002 3451 1124 3504 init.
1157 3450 1353 3506 .Δοκεῖ
1377 3447 1426 3504 δὲ
1450 3448 1670 3504 ἐνταῦθα
1695 3468 1872 3523 μαντι-

310 3536 537 3617 κώτερον
556 3538 881 3617 παρακαλεῖν
907 3540 934 3593 ὃ
956 3532 1209 3640 ποιητὴς,
1203 3533 1298 3606 τὴν
1328 3538 1420 3603 τῆς
1447 3531 1754 3604 Μυκήνης’
1725 3531 1874 3590 απώ-

311 3627 486 3698 λειαν,
506 3623 572 3696 ἢν
595 3626 654 3682 ἐκ
676 3627 776 3682 τῶν
810 3625 1059 3704 ῥηθεισῶν
1086 3625 1241 3703 τριῶν
1271 3623 1358 3698 (sc

307 3885 648 3964 Ομηρικοῖς.

1366 3620 1644 3692 .,πο’λεων
1661 3613 1876 3696 Ἄργους

315 3710 570 3791 Σπάρτης
591 3711 680 3770 και
711 3710 991 3789 Μυκήνης)
1022 3712 1194 3776 κακῶς
1224 3712 1494 3767 παθουσαν
1519 3706 1608 3764 καὶ
1639 3706 1875 3784 Ἀριστο-

312 3798 468 3870 τέλης
486 3797 751 3877 ἱστόρηκε.
792 3802 930 3872 Quae
956 3801 1132 3874 petita
1153 3817 1265 3855 esse
1282 3809 1424 3872 puto
1444 3816 1514 3852 ex
1542 3793 1873 3871 Ἀπορήμασι

3395 419 3503 472 137

2451 532 2994 612 (ΙΞΙῙΙΔΑΥΡΙΩΝ.)

2679 666 2777 721 97·

2030 761 2232 817 Strabo
2262 764 2425 836 VIII,
2447 780 2503 835 p.
2539 761 2647 831 374
2684 782 2698 816 :
2739 757 2807 819 ‘H
2841 760 3152 842 Ἐπίδαυρος
3192 762 3236 821 δ’
3274 764 3509 822 ἐκαλεῖτο

1951 843 2257 926 Ἐπίκαρος·
2301 846 2429 928 φησὶ
2476 845 2575 926 γὰρ
2620 846 2978 925 Ἀριστοτέλης
3019 854 3305 928 κατασχεῖν
3348 850 3510 922 αὐτὴν

1955 934 2162 1011 Κᾶρας,
2209 934 2386 1015 ὥσπερ
2436 934 2523 992 καὶ
2557 932 2875 1014 Ἑρμιόνην·
2918 940 3020 1003 τῶν
3064 937 3111 994 δ’
3158 935 3512 1017 Ἡρακλειδῶν

1952 1023 2335 1095 κατελθόντων,
2364 1020 2550 1088 Ἴωνας
2595 1023 2765 1088 αὐτοῖς
2804 1028 3137 1097 συνοικῆσαι,
3168 1022 3285 1090 τοὺς
3324 1026 3384 1082 ἐκ
3423 1029 3514 1096 τῆς

1954 1106 2183 1181 Ἀττικῆς
2206 1111 2561 1189 τετραπόλεως
2591 1109 2966 1185 συνεπομένους
2989 1113 3058 1177 εἰς
3082 1110 3283 1191 Ἄργος.
3314 1116 3513 1188 Sequi·

1955 1208 2045 1252 tur
2074 1202 2323 1254 narratio
2347 1199 2417 1254 de
2445 1199 2658 1272 templo
2693 1199 3018 1275 ,Esculapih

2034 1280 2354 1362 Ἐπίκαρος]
2385 1286 2606 1341 emend.
2642 1282 2994 1362 Casaubon.;
3032 1284 3344 1366 Ἐπίταυρος
3381 1289 3513 1344 libri

1953 1391 2165 1428 omnes.
2195 1375 2406 1430 Vitium
2435 1375 2761 1446 antiquum,
2814 1376 2899 1429 uti
2947 1377 3162 1450 colligis
3195 1394 3263 1431 ex
3309 1375 3504 1449 Steph.

1951 1463 2083 1535 Byz.
2110 1480 2168 1517 v,
2200 1459 2558 1539 Ἐπίδαυροςε
2589 1462 2822 1518 ἐκαλεῖτο
2841 1460 2943 1518 καὶ
2983 1460 3251 1520 Μυλισσία
3284 1484 3372 1519 και
3410 1459 3513 1521 Αἴ-

1954 1569 2142 1625 μηρα..
2159 1593 2172 1607 .
2218 1536 2330 1605 εἶτα
2373 1546 2685 1625 Ἐπίταυρος
2719 1571 2809 1605 και
2851 1547 3184 1627 Ἐπίδαυρος.
3220 1551 3516 1625 vulgatam

1953 1631 2264 1714 Ἐπίταυρος
2300 1638 2448 1691 tueri
2488 1637 2668 1691 voluit
2696 1637 2953 1693 Grashof.
2987 1639 3021 1693 1.
3054 1639 3090 1695 l.
3129 1657 3190 1712 p.
3235 1637 3383 1707 168,
3416 1640 3517 1712 qui

1953 1724 2211 1796 Hesychii
2223 1724 2477 1797 glossam,
2491 1720 2671 1780 ἐπίταυ
2681 1742 2783 1798 ρος,
2796 1720 3007 1799 ἰσχυρόν
3024 1762 3043 1795 ,
3057 1724 3291 1780 asserens
3300 1726 3519 1799 putavit

1951 1812 2285 1883 Epitaurum
2306 1809 2639 1885 significasse
2664 1810 2866 1866 urbem
2893 1809 3066 1866 firmae
3095 1813 3243 1867 inter
3270 1812 3434 1868 Cares
3461 1822 3518 1867 et

1950 1900 2117 1954 Iones
2162 1900 2310 1953 initae
2344 1900 2638 1954 societatis.
2687 1900 2841 1954 Talia
2881 1900 3059 1955 aliena
3102 1910 3231 1955 sunt
3270 1919 3303 1956 a
3336 1903 3520 1974 prisca

1952 1987 2303 2059 antiquitate.
2328 1987 2500 2060 Apud
2534 1986 2873 2059 Hesychium
2904 2005 3042 2042 vero
3071 1984 3343 2063 ἐπίταυρος
3370 1988 3509 2043 falso

1952 2074 2061 2148 legi
2088 2093 2198 2147 pro
2230 2070 2505 2150 ἐπίγαυρος
2526 2073 2649 2147 jam
2686 2076 2815 2129 satis
2856 2085 3089 2130 constat.
3124 2076 3207 2130 Ex
3243 2075 3519 2131 Strabone

1950 2178 2050 2216 sua
2082 2160 2254 2217 habet
2279 2162 2528 2217 Eustath.
2559 2161 2631 2216 ad
2659 2161 2727 2216 11.
2756 2162 2832 2229 B,
2867 2160 3002 2230 561,
3029 2180 3089 2235 p.
3121 2161 3234 2231 287
3258 2203 3273 2230 ‚
3303 2161 3398 2216 38.

2029 2251 2116 2305 De
2136 2258 2392 2322 tempore
2415 2266 2531 2321 quo
2559 2249 2724 2302 Iones
2754 2247 3103 2321 Epidaurum
3121 2250 3381 2303 venerint
3409 2249 3512 2302 ali·

1955 2345 2039 2389 ter
2067 2336 2255 2390 statuit
2274 2336 2567 2390 Pausanias
2590 2337 2672 2403 11,
2695 2334 2768 2388 26
2788 2375 2803 2403 ,
2838 2354 2860 2388 1
2892 2354 2905 2389 z
2929 2331 3061 2412 Πρὶν
3082 2331 3116 2403 ἢ
3135 2333 3517 2412 παραγενέσθαι

1954 2419 2184 2498 Δωριέας
2207 2423 2254 2486 ἐς
2285 2419 2680 2492 Πελοπόννησον
2705 2420 3010 2497 βασιλεῦσαί
3037 2420 3362 2496 (Epidauri)
3391 2441 3518 2500 φασι

1958 2507 2189 2587 Πιτυρέα
2226 2505 2403 2574 Ἴωνος
2446 2506 2696 2583 ἀπόγονον
2730 2511 2821 2564 τοῦ
2852 2504 3079 2565 Ξούθου·
3126 2510 3303 2564 τοῦτον
3332 2529 3515 2585 παρα-

1956 2597 2130 2653 δοῦναι
2155 2593 2393 2671 λέγουσιν
2412 2594 2609 2673 ἀμαχεὶ
2627 2593 2721 2664 τὴν
2737 2599 2833 2670 γῆν
2851 2594 3115 2675 Δηιφόντῃ
3135 2594 3226 2652 καὶ
3245 2592 3510 2674 Ἀργείοις.

1956 2685 2125 2758 Quod
2152 2685 2381 2759 praesert
2402 2685 2627 2740 Miiller.
2661 2687 2796 2740 Dor.
2822 2686 2876 2754 1,
2908 2683 3005 2738 81.
3035 2703 3093 2741 n.
3125 2690 3181 2749 4.

2034 2773 2205 2846 Apud
2227 2773 2402 2829 schol.
2428 2773 2715 2828 Theocrit.
2735 2773 2843 2827 XV
2859 2813 2874 2840 ,
2907 2770 2977 2835 64
3001 2771 3266 2826 laudatur
3290 2768 3342 2827 ’A
3353 2791 3520 2848 ριστο-

1956 2858 2112 2930 τέλης
2135 2861 2187 2917 ἐν
2212 2861 2287 2938 τῷ
2319 2858 2439 2937 περὶ
2472 2856 2755 2935 Ἑρμιόνης
2776 2859 2900 2937 ἱερῷ
2942 2857 3088 2934 (εἷος
3120 2858 3162 2912 l.
3207 2857 3378 2935 ἱεροῦ)
3398 2901 3416 2933 ,
3446 2878 3517 2915 ex

1958 2968 2139 3023 eoque
2167 2960 2430 3005 narratur
2449 2947 2638 3004 sabula
2662 2945 2734 3002 de
2755 2946 2878 3023 ἱερῷ
2898 2944 3054 3024 γάμῳ
3082 2946 3113 3000 .Ῐ
3118 2947 3238 3001 ovis
3264 2955 3321 3001 et
3344 2946 3518 3002 Juno·

1962 3038 2066 3094 ιιίε.
2095 3038 2288 3093 Putari
2313 3037 2488 3110 possit
2532 3035 2890 3090 Aristotelem
2911 3034 3057 3089 hanc
3098 3033 3348 3088 fabulam
3377 3053 3512 3089 nar-

1959 3141 2102 3178 rasse
2135 3125 2197 3177 in
2218 3125 2365 3197 Rep.
2395 3121 2916 3190 Hermionensium3
2939 3119 3037 3175 sed
3054 3138 3257 3193 parum
3280 3119 3390 3174 hoc
3417 3136 3520 3172 ve-

1970 3211 2229 3280 risimile;
2257 3229 2469 3265 nomen
2492 3210 2732 3265 auctoris
2764 3218 3097 3281 corruptum
3120 3224 3234 3262 esse
3262 3205 3518 3277 videtur3

1961 3316 2303 3371 quamquam
2328 3298 2614 3353 emendari
2644 3306 2802 3350 certo
2840 3294 3057 3367 nequit.
3089 3296 3204 3349 Nos
3229 3294 3515 3366 fragmen-

1961 3397 2081 3439 tum
2106 3385 2493 3440 exhibebimus
2522 3401 2590 3439 eo
2619 3383 2781 3452 loco,
2806 3381 2907 3437 ubi
2936 3379 3007 3435 de
3031 3381 3206 3452 Peplo
3239 3379 3515 3434 Aristote-

1960 3472 2027 3526 lis
2052 3489 2235 3527 sermo
2261 3473 2387 3528 erit.

2517 3560 2970 3639 (ΑΣΙΝΑΙΩΝ.)

2697 3675 2795 3750 98.

2043 3792 2245 3849 Strabo
2272 3792 2408 3847 VIII
2430 3830 2446 3858 ,
2482 3789 2592 3859 373
2626 3808 2640 3846 :
2675 3784 2930 3864 Δρυόπων
2970 3786 3016 3842 δ’
3060 3779 3356 3859 οἷκητήριόν
3392 3801 3520 3860 φασι

1917 3905 1927 3932 2
1964 3878 2054 3936 καὶ
2077 3877 2168 3948 τὴν
2196 3876 2397 3947 Ἀσίνην
2416 3900 2428 3911 ·
2452 3874 2543 3933 εἶτ’
2568 3876 2627 3933 ἐκ
2646 3877 2747 3933 τῶν
2776 3871 2896 3951 περὶ
2926 3870 3215 3949 Σπερχειὸν
3246 3869 3418 3927 τόπων
3440 3866 3525 3925 ὅν·

332 3981 3528 4014 —————-———————-———-—-——-—-

315 4052 483 4115 auxit,
501 4053 584 4103 sed
603 4066 703 4116 prm
724 4053 948 4103 omnibus
973 4066 1149 4102 nomen
1172 4052 1380 4101 obtinuit
1399 4050 1526 4099 docti
1547 4063 1632 4112 pro
1652 4048 1746 4097 iltis
1765 4051 1878 4098 tem·

311 4130 517 4194 poribus
550 4136 599 4180 et
629 4129 963 4193 sapientissimi
984 4129 1092 4178 viri.
1127 4131 1243 4179 Erat
1277 4131 1440 4178 autem
1473 4125 1715 4189 sapienti-‘e
1753 4124 1879 4174 illius

309 4207 431 4258 “talis
456 4208 583 4270 fere,
606 4212 664 4257 ut
686 4207 881 4257 credere
911 4220 995 4270 par
1024 4208 1125 4269 est,
1143 4205 1325 4270 species
1355 4208 1403 4255 et
1425 4206 1525 4264 vis,
1554 4202 1685 4266 quali
1712 4203 1876 4252 Hesio·

315 4286 414 4336 dus
429 4299 580 4349 quum
614 4287 849 4347 uteretur,
874 4284 1200 4335 celebritatem
1232 4284 1434 4348 adeptus
1456 4284 1528 4332 est
1555 4282 1794 4343 praecipue
1819 4293 1880 4328 ex

316 4365 568 4415 sententiis
584 4366 635 4415 in
655 4365 806 4427 libro,
830 4378 975 4428 quem
996 4368 1152 4428 Opera
1169 4362 1457 4426 appellavit,
1482 4360 1688 4423 scriptis.
1725 4362 1878 4408 Unam

320 4445 496 4492 harum
517 4443 691 4493 Pittbei
711 4442 873 4492 serunt
895 4442 1065 4504 fixisse,
1090 4441 1214 4490 banc
1230 4439 1481 4500 videlicet,

429 4521 633 4573 sument
647 4538 817 4572 merces
834 4538 933 4583 quae
949 4525 1223 4571 decernatur
1240 4524 1403 4578 amico.

319 4608 486 4670 Atque
525 4606 618 4656 boc
651 4606 929 4656 Aristoteles
961 4617 1158 4668 quoque
1193 4603 1502 4666 philosophus
1533 4599 1744 4651 tradidit.

1012 4710 1103 4776 [96
1129 4710 1203 4775 3.]

392 4821 710 4886 [argumento
727 4823 800 4872 est
813 4820 942 4886 quod
969 4818 1176 4883 quibus·
1163 4833 1213 4868 nn
1229 4816 1504 4867 civitatibus
1520 4814 1886 4866 adolescentulis

319 4903 484 4951 solent
500 4901 725 4963 puellulae
749 4901 953 4962 nubere,
977 4900 1025 4948 in
1047 4897 1121 4948 bis
1135 4895 1352 4947 homines
1368 4895 1631 4958 imperfecti
1649 4897 1698 4944 et
1715 4907 1884 4968 corpo-

329 4978 463 5028 ribus
479 4977 638 5040 exigui
664 4980 944 5027 nascuntur.
968 4976 1038 5027 Ad
1069 4976 1174 5025 baec
1199 4975 1248 5023 in
1269 4975 1409 5037 partu
1428 4972 1599 5037 puellae
1618 4970 1889 5020 adolescen-

330 5057 449 5106 tula:
467 5055 618 5117 magis
636 5054 881 5116 laborant,
912 5058 963 5105 et
994 5055 1154 5117 plures
1179 5054 1436 5104 intereunt.
1467 5054 1635 5114 ltaque
1660 5049 1723 5098 ob
1742 5050 1887 5100 talem

327 5147 528 5185 causam
547 5133 807 5184 Trmeniis
830 5134 1011 5183 alitum
1029 5148 1131 5184 esse
1154 5133 1404 5183 oraculum
1427 5129 1620 5194 quidam
1651 5129 1885 5191 interpre-

331 5216 520 5277 tantur,
548 5213 746 5278 proinde
766 5213 903 5277 quasi
928 5214 1096 5265 multae
1114 5214 1336 5265 mulieres
1365 5211 1640 5274 interirent,
1660 5209 1773 5273 quia
1803 5209 1885 5271 ju-

1965 4047 2124 4096 niores
2142 4044 2315 4107 nuptui
2331 4043 2651 4103 traderentur,
2676 4053 2771 4090 non
2791 4041 2984 4103 propter
3000 4038 3245 4087 fructuum
3260 4034 3526 4098 perceptio·

1967 4137 2079 4173 nem
2097 4122 2535 4186 (intempestivam
2546 4118 2582 4182 ).
2603 4117 2621 4181 1
3360 4125 3383 4150 ⁸

2404 4218 3039 4300 (EPmAURIORUM.
3050 4214 3077 4297 )

2696 4351 2786 4402 97.

2032 4477 2303 4541 Epidaurus
2333 4476 2449 4526 olim
2486 4473 2826 4524 nominabatur
2862 4471 3090 4532 Epicarus
3122 4485 3136 4516 ε
3174 4464 3352 4515 etenim
3382 4468 3529 4515 Cares

1971 4556 2087 4604 olim
2115 4555 2283 4604 urbem
2308 4554 2516 4603 tenuisse
2533 4551 2670 4601 sicuti
2689 4551 2835 4600 etiam
2856 4545 3147 4598 Hermionen
3174 4544 3320 4593 refert
3351 4541 3529 4592 Aristo-

1972 4636 2117 4696 teles3
2149 4633 2241 4685 sub
2276 4633 2431 4682 reditu
2464 4644 2576 4681 vero
2615 4628 2973 4680 Heraclidarum
2995 4623 3293 4675 cohabitasse
3329 4635 3439 4671 cum
3472 4621 3530 4671 iis

1971 4716 2110 4763 lones
2121 4748 2136 4773 ,
2155 4710 2239 4773 qui
2257 4724 2351 4758 una
2369 4722 2483 4758 cum
2508 4707 2769 4758 Heraclidis
2793 4719 2856 4756 ex
2876 4702 3097 4766 tetrapoli
3119 4701 3277 4752 Attica
3303 4700 3352 4749 in
3371 4704 3523 4761 Argo·

1972 4791 2116 4841 iidem
2144 4790 2399 4839 venissent.

2470 4884 2486 4958 (
2505 4877 3029 4954 AsmAEORUM.)

2701 5004 2793 5056 98.

2038 5123 2212 5174 Αείιιοιι
2252 5125 2502 5184 Dry-opum
2540 5118 2873 5170 babitaculum
2906 5116 3047 5166 ruisse
3072 5114 3268 5170 dicunt,
3310 5124 3431 5172 quos
3470 5123 3529 5156 ex

1977 5205 2249 5269 regionibus
2275 5205 2401 5254 circa
2420 5202 2712 5268 Spercheum
2732 5201 2835 5251 sitis
2870 5203 3058 5261 Dryops
3077 5195 3268 5248 Arcadis
3291 5193 3417 5241 silius
3434 5193 3531 5240 huc
