4016 5916
1682 391 2178 477 FRAGMENTA.

316 559 477 615 tertia
518 556 763 612 Africani
782 596 799 625 ,
851 573 949 611 nec
985 553 1101 609 ullo
1154 551 1326 607 verbo
1379 548 1681 620 indicetur,
1721 566 1859 604 num

318 647 479 702 tertia
516 645 615 699 ista
644 643 895 717 dynastia
924 640 1167 698 Africani
1194 639 1266 694 sit
1316 656 1388 694 an
1412 637 1664 707 Eusebii‚
1692 635 1862 693 verba

321 734 442 788 liaec
478 732 893 805 inscriptionem
934 728 1128 802 capitis
1168 727 1442 799 sequentis
1475 724 1635 782 fuisse
1679 736 1858 799 putes,

316 812 483 883 ejecta
501 810 703 865 scilicet
718 827 847 864 voce
867 807 1128 883 δευτέραν,
1150 824 1294 878 qum,
1314 815 1569 861 monente
1595 803 1861 860 Boeckhio

316 917 378 972 p.
409 915 537 965 122,
567 895 916 968 facile‘repeti
945 911 1007 948 ex
1023 890 1476 947 antecedentibus
1490 901 1729 966 poterat.
1753 893 1863 946 Ve-

318 1003 449 1040 rum
481 993 545 1038 ut
585 983 807 1037 titulum
842 980 1173 1036 nanciscaris
1190 981 1563 1053 sequentium,
1601 995 1714 1033 una
1750 995 1864 1032 vox

248 1075 257 1088 “
318 1065 620 1147 Ἀφρικανοῦ
638 1065 865 1135 sufficit3
887 1085 1054 1140 quam
1072 1077 1312 1140 repetere
1328 1066 1590 1121 librarius
1614 1065 1863 1140 neglexe-

318 1159 411 1213 rit.
435 1155 626 1212 Verbis
648 1163 830 1210 autem
850 1150 986 1208 κατὰ
1009 1150 1103 1222 τὴν
1132 1149 1377 1231 δευτέραν
1412 1149 1611 1209 ἔκδοσιν
1652 1151 1866 1208 subesse

318 1240 533 1315 aliquid
559 1240 717 1313 quod
743 1259 846 1296 nos
895 1240 1011 1313 jam
1037 1241 1187 1310 latet,
1237 1241 1506 1314 suspicari
1553 1240 1698 1297 licet.
1730 1241 1868 1298 Sane

318 1328 451 1385 alibi
479 1329 738 1401 nuspiam
757 1327 1040 1401 syncellus
1053 1327 1280 1383 alteram
1304 1325 1553 1384 Africani
1572 1328 1755 1400 operis
1781 1345 1870 1383 re-

319 1416 624 1472 censionem
642 1425 929 1472 memorat.
952 1417 1027 1470 At
1052 1415 1258 1470 mirum
1282 1425 1358 1472 oet
1379 1412 1521 1470 duos
1542 1415 1673 1469 istos
1693 1432 1866 1489 regem,

320 1521 463 1577 quos
480 1504 607 1557 loco
631 1521 733 1558 suo
746 1513 929 1557 motos
941 1501 1200 1572 vidimus,
1215 1520 1281 1558 ex
1290 1502 1545 1558 Bunsenii
1562 1501 1871 1557 rationibus

319 1609 437 1646 non
457 1607 563 1646 esse
588 1601 896 1664 postremos
941 1588 1203 1662 dynastiae
1221 1588 1498 1658 secundae,
1525 1588 1619 1644 sed
1658 1590 1872 1663 primos

321 1679 585 1752 dynastiae
612 1680 802 1748 tertiae,
830 1675 1027 1733 deinde
1048 1695 1180 1733 vero
1204 1694 1378 1732 annos
1395 1683 1531 1746 224,
1558 1696 1702 1750 quos
1713 1679 1873 1751 prio-

321 1767 480 1822 ribus
494 1775 695 1841 septem
741 1764 963 1839 regibus
999 1763 1135 1838 dyn.
1182 1766 1239 1820 11
1280 1763 1573 1820 Africanus
1612 1767 1871 1839 assignat,

324 1856 533 1929 egregie
561 1850 836 1926 quadrare
867 1862 919 1908 et
946 1869 1076 1907 cum
1106 1851 1381 1908 laterculis
1400 1850 1805 1926 EratostheniS,
1823 1864 1875 1909 et

324 1959 455 1994 cum
477 1947 745 2013 computo
764 1937 1108 1994 Manethonis
1126 1937 1358 2010 cyclico,
1381 1934 1448 1992 de
1472 1954 1587 2009 quo
1608 1939 1668 1992 in
1694 1939 1875 1994 intro-

326 2027 589 2082 ductione
625 2025 995 2099 exposuimus.
1026 2024 1208 2096 Quare
1250 2040 1357 2096 pro
1386 2042 1446 2079 ea
1465 2064 1481 2092 ,
1513 2042 1681 2097 quarn
1724 2043 1875 2081 nunc

324 2113 620 2170 Africanus
647 2124 699 2168 et
714 2112 976 2168 Eusebius
1001 2111 1259 2168 exhibent
1285 2111 1697 2185 computatione
1715 2113 1878 2167 exsti-

327 2202 447 2256 tisse
473 2193 696 2255 aiteram
723 2217 948 2272 eamque
988 2200 1357 2273 antiquiorem
1376 2241 1392 2268 ,
1422 2217 1485 2255 ex
1516 2216 1626 2271 qua
1656 2200 1878 2255 nonnisi

330 2293 441 2352 224
460 2286 857 2343 annisecundae
871 2285 1130 2359 dynastiae
1154 2286 1350 2340 tributi
1369 2288 1497 2354 sint,
1511 2288 1784 2344 existimo.
1801 2317 1880 2330 —-

327 2376 393 2429 In
419 2392 631 2429 summa
650 2391 926 2430 annorum
948 2372 1059 2428 302
1089 2391 1217 2428 cum
1244 2373 1507 2428 Africano
1530 2372 1739 2428 faciunt
1766 2375 1882 2428 Ex-

332 2470 518 2534 cerpta
544 2460 789 2516 Barbara
823 2460 1243 2535 :Regnaverant
1264 2471 1321 2513 et
1355 2461 1589 2514 aliorum
1629 2471 1750 2515 octo
1783 2478 1877 2518 απ.

334 2547 570 2605 CCCII.
600 2551 742 2603 Ante
771 2565 960 2602 vocem
1008 2557 1064 2601 et
1093 2564 1297 2600 nomen
1343 2547 1513 2619 primi
1537 2548 1680 2620 regis
1727 2546 1881 2602 exci-

336 2634 473 2690 disse
498 2645 637 2708 puto
665 2630 1077 2709 (Ἐὸασίλευσαν
1108 2629 1422 2710 [Καιέχως]
1461 2629 1549 2689 καὶ
1571 2631 1718 2689 ἄλλοι
1741 2627 1848 2709 η’).

1060 2797 1117 2852 9.

820 2928 968 3025 SEq.
1012 2927 1396 2985 EUSEBIUM.

417 3068 657 3141 Syneon.
690 3087 747 3141 p.
776 3065 867 3123 55.
896 3058 1338 3144 1)“;Δευτέρα
1369 3062 1719 3136 δυναστεία
1771 3066 1883 3142 βα-

339 3150 568 3210 σιλέων
596 3153 696 3208 ἑνν
714 3148 806 3208 έα.

424 3241 636 3318 Πρῶτος
677 3239 932 3316 Βῶχος,
959 3238 1037 3317 ἐφ’
1081 3228 1140 3294 οὗ
1184 3238 1372 3317 χάσμα
1419 3210 1556 3298 πατὰ
1581 3237 1882 3299 Βούὸαστον

344 3324 561 3402 ἐγένετο,
584 3323 674 3384 καὶ
691 3321 871 3382 πολλοὶ
895 3320 1179 3383 ἀπώλοντο.

428 3412 557 3471 Μεθ’
589 3411 644 3470 ὃν
671 3408 762 3470 καὶ
806 3410 1037 3489 δεύτερος
1056 3413 1233 3478 Χῶος
1258 3410 1390 3492 (scr.
1423 3416 1535 3490 μεθ’
1564 3411 1620 3471 ὃν
1657 3411 1886 3494 δεύτερος

370 3760 378 3887 ἱ
468 3775 592 3812 Ati-te.
616 3782 638 3812 ο
662 3782 772 3820 regg.
798 3782 861 3812 an.
885 3782 964 3812 sos.
1252 3776 1345 3814 Eus.
1370 3778 1488 3823 sync.
1507 3785 1531 3816 s
1554 3787 1665 3825 regg.
1690 3787 1741 3816 au
1763 3784 1843 3817 m.

419 3971 458 4014 1.
497 3966 713 4015 Boethos.
1110 3971 1169 4016 38
1265 3974 1304 4016 ι.
1340 3968 1543 4018 Bochos.

414 4038 459 4106 ᾗ.
496 4056 744 4108 Kaiecbos.
1110 4065 1168 4109 39
1260 4065 1306 4109 2.
1342 4061 1518 4109 choos.

413 4154 457 4199 3.
490 4149 743 4200 Binothris.
1111 4156 1167 4201 47
1261 4151 1549 4215 3.·Βίορ1ιίε.

417 4244 460 4289 4.
493 4241 617 4289 Tlas.
1118 4248 1168 4293 17
1261 4244 1307 4291 4.

377 4282 383 4363 Ι
418 4339 463 4382 5.
498 4324 740 4383 δούιωα.
1112 4339 1163 4384 ln
1265 4251 1350 4571 ξιξ
1417 4335 1616 4385 Nomina

378 4366 385 4523 l
418 4430 463 4474 6.
499 4425 708 4474 chain-es.
1120 4433 1171 4478 17
1263 4438 1310 4480 6.
1385 4427 1689 4478 omittuntur.

417 4520 465 4567 7.
500 4516 866 4579 Nephercheroe.
1116 4527 1174 4569 25
1265 4523 1311 4569 7.

417 4615 460 4659 8.
495 4609 748 4660 Soeochris.
1116 4614 1175 4660 48
1268 4615 1314 4661 8.
1348 4612 1589 4662 sesocinris
1782 4616 1842 4664 48

418 4707 464 4752 9.
499 4702 783 4753 chenneres.
1117 4710 1177 4753 30
1266 4708 1313 4754 9.
1347 4706 1530 4753 Romen
1552 4705 1709 4755 omitt.

1088 4856 1178 4902 302

385 4979 440 4983 ,-
597 4981 618 4984 .—
691 4980 716 4984 —
1088 4975 1203 4982 -—..

435 5079 519 5135 Ex
544 5078 822 5135 laterculis
845 5089 1000 5152 patet
1025 5080 1162 5134 nihil
1194 5079 1521 5139 Manethoni
1551 5101 1677 5157 curu
1706 5084 1902 5138 Erato-

359 5164 551 5221 sthene
577 5183 873 5222 commune
907 5183 1039 5224 esse.
1122 5168 1250 5226 Huc
1274 5167 1490 5226 accedit
1529 5170 1688 5246 quod
1723 5182 1907 5229 sextus

1063 3655 1459 3706 MANETHOMS
1494 3658 1804 3707 DYNAsTm
1838 3659 1899 3707 11.

1839 4769 1849 4780 ³
1964 4712 2015 4757 9.
2045 4709 2225 4757 Nomen
2253 4704 2410 4754 omitt.

3304 417 3312 424 ’
3384 418 3498 476 543

1947 545 2251 625 Καιχῶος
2271 565 2318 604 s,
2351 537 2644 621 Καιέχως),
2674 539 2759 599 ὅτε
2787 540 2875 600 καὶ
2903 543 2930 598 ὁ
2951 534 3104 606 ’Ἆπις
3132 537 3221 598 καὶ
3243 542 3269 597 ὁ
3288 541 3497 610 Manu,

1949 631 2084 692 ἀλλὰ
2110 631 2199 691 καὶ
2230 634 2258 688 ὁ
2287 629 2575 702 Μενδήσιος
2603 627 2790 705 τράγος
2812 626 2915 687 θεοὶ
2934 627 3296 704 ἐνομίσθησαν.

2026 717 2097 798 γ’.
2142 718 2393 798 Βιόφις,
2424 720 2503 798 ἐφ’
2534 707 2591 774 οὗ
2623 715 2796 796 ἐκρίθη
2821 714 2911 773 καὶ
2948 713 3038 783 τὰς
3066 721 3313 791 γυναῖκας
3347 717 3502 794 βασι-

1948 806 2090 874 λείας
2122 805 2274 886 γέρας
2305 804 2465 884 ἔχειν.
2504 803 2610 864 Καὶ
2647 801 2780 880 μετὰ
2820 799 3028 869 τούτους
3055 802 3204 861 ἄλλοι
3227 803 3379 880 τρεῖς,
3419 800 3501 881 ἐφ’

1949 885 2019 954 ὧν
2049 893 2190 953 οὐδὲν
2219 892 2534 972 παράσημον
2568 892 2789 967 ἐγένετο.

2033 981 2100 1051 ζ’.
2147 980 2277 1042 Ἐπὶ
2307 978 2362 1038 δὲ
2408 984 2500 1037 τοῦ
2524 978 2746 1055 ἑὸδόμου
2775 977 3049 1055 μυθεύεται
3071 976 3158 1035 τὸν
3189 977 3372 1036 Νεῖλον
3404 973 3501 1052 μέ-

1952 1070 2057 1127 λιτι
2083 1064 2401 1146 κεκραμένον
2424 1065 2642 1144 ἡμέραις
2669 1063 2849 1123 ἕνδεκα
2884 1067 3092 1144 ῥυῆναι.

2030 1155 2105 1228 η’.
2123 1157 2253 1215 Μεθ’
2273 1152 2329 1212 ὃν
2347 1151 2427 1213 Σέ
2445 1174 2578 1231 σωχ
2594 1175 2621 1231 ρ
2638 1176 2654 1210 ι
2669 1176 2692 1218 ς
2708 1146 3368 1230 μη’,;ὃςλέγεταιγεγονίναι
3383 1145 3506 1228 ὕψος

1954 1240 2088 1322 ἔχων
2114 1244 2300 1320 πηχῶν
2321 1238 2380 1313 ε’,
2396 1241 2700 1298 παλαιστῶν
2730 1239 2778 1316 γ’
2807 1238 2866 1297 τὸ
2882 1236 3092 1315 μέγεθος
3113 1235 3345 1315 [πλάτος
3366 1255 3444 1292 m.
3463 1233 3504 1311 ].

2033 1329 2101 1388 θ’.
2145 1327 2273 1388 Ἐπὶ
2302 1325 2354 1386 δὲ
2383 1333 2473 1386 τοῦ
2498 1324 2541 1385 θ’
2564 1327 2707 1385 οὗδὲν
2741 1325 3205 1404 ἀξιομνημόνευτον
3252 1325 3505 1402 ὑπῆρχεν.

1951 1409 2028 1478 Οἳ
2044 1415 2133 1475 καὶ
2155 1414 2495 1474 ἰὸασίλευσαν
2514 1413 2603 1485 ἔτη
2635 1417 2716 1494 ¹⁶4
2745 1414 2809 1483 ζ’.
2843 1475 2848 1482 ,

2035 1501 2205 1580 Ὁμοῦ
2234 1500 2441 1581 πρώτης
2480 1501 2571 1560 καὶ
2612 1501 2850 1581 δευτέρας
2892 1498 3192 1566 δυναστείας
3239 1496 3330 1570 ἔτη
3377 1497 3506 1577 φμθ’

1957 1588 2096 1649 κατὰ
2128 1588 2223 1660 τὴν
2245 1588 2444 1646 ἔκδοσιν
2469 1585 2740 1647 Εὗσεὸίου.

2042 1676 2170 1737 Μεθ’
2211 1673 2266 1733 ὃν
2302 1672 2567 1752 Σέσωχρις
2595 1674 2740 1752 κτλ.]
2769 1677 2900 1732 Haec
2926 1683 2960 1731 a·
2993 1674 3234 1730 librariis
3258 1684 3510 1746 transpo-

1958 1767 2058 1822 sita
2081 1765 2344 1840 leguntur
2367 1781 2428 1837 p.
2456 1767 2550 1834 57,
2568 1765 2639 1823 A.

2694 1910 2785 1949 10.

2041 2025 2248 2082 Euseb.
2298 2023 2507 2082 Chron.
2553 2041 2614 2098 p.
2656 2025 2732 2098 96
2766 2040 2782 2080 ε
2811 2022 3066 2079 Secunda
3115 2023 3378 2096 dynastia
3427 2036 3512 2074 re-

1960 2130 2094 2186 gum
2122 2115 2164 2167 Ι
2159 2113 2228 2167 X
2225 2155 2240 2170 .

2041 2201 2265 2256 Primus
2305 2199 2544 2258 BochuS.
2585 2197 2699 2254 Sub
2729 2216 2794 2255 eo
2829 2215 3021 2272 specus
3053 2202 3247 2273 ingens
3285 2200 3520 2256 Bubasti

1962 2286 2207 2342 subsedit
2231 2287 2531 2361 multosque
2557 2286 2813 2341 mortales
2844 2284 3044 2343 hausit.

2043 2374 2181 2428 Post
2195 2391 2318 2429 eum
2344 2372 2616 2441 Cechou53
2649 2373 2900 2446 idemque
2924 2368 3088 2450 (deb.
3112 2391 3218 2446 quo
3239 2373 3514 2450 tempore)

1968 2463 2139 2534 Apis,
2177 2472 2234 2516 et
2252 2462 2466 2517 Mnevis
2511 2472 2678 2535 atque
2720 2459 3040 2515 Mendesius
3081 2459 3264 2516 hircus
3287 2462 3372 2517 dii
3397 2479 3528 2520 esse-

1960 2548 2321 2623 putabantur.
2873 2565 2880 2570 ’

2050 2636 2270 2692 Deinde
2304 2634 2539 2710 Biopbis
2551 2676 2569 2706 ‚
2599 2634 2700 2691 sub
2734 2652 2840 2708 quo
2877 2634 3001 2708 lege
3029 2645 3292 2690 statutum
3322 2647 3430 2706 est,
3463 2649 3521 2690 ut

1954 2719 2204 2794 feminoe
2223 2741 2433 2798 quoque
2457 2726 2666 2798 regiam
2687 2721 3018 2794 dignitatem
3041 2721 3360 2780 obtinerent.

2055 2811 2190 2866 Tum
2232 2812 2333 2866 alii
2381 2823 2515 2884 tres,
2569 2827 2795 2884 quorum
2838 2819 3008 2864 cetate
3048 2810 3260 2863 nullum
3309 2814 3526 2883 insigne

1970 2896 2194 2960 facinus
2206 2909 2501 2975 patratum
2532 2908 2629 2953 est.

2047 2985 2162 3041 Sub
2190 2989 2425 3060 septimo
2465 2983 2692 3057 mythici
2717 2988 2880 3038 aiunt
2889 2981 3108 3054 flumen
3146 2983 3338 3039 Nilum
3367 2983 3530 3037 melle

1969 3074 2143 3130 simul
2154 3086 2210 3128 et
2227 3092 2378 3147 aqua
2381 3071 2619 3144 flaeoeisse
2638 3070 2891 3126 undecim
2919 3071 3128 3128 diebus.

2047 3162 2253 3217 Postea
2268 3159 2546 3216 Sesochris
2559 3158 2798 3214 annisX
2791 3157 2895 3213 JV
2891 3159 3017 3224 III,
3033 3175 3194 3231 quem
3213 3161 3373 3212 aiunt
3381 3161 3536 3230 quin·

1976 3266 2082 3323 que
2124 3248 2329 3303 cubicas·
2349 3248 2549 3313 altum,
2594 3258 2704 3301 tres
2722 3263 2857 3301 vero
2872 3245 3096 3319 palmos
3121 3245 3292 3299 latum
3318 3243 3529 3314 fuisse.

2049 3332 2164 3387 Sub
2171 3351 2315 3389 nono
2327 3335 2548 3388 tandem
2563 3329 2718 3386 nihil
2721 3334 2989 3386 memoria
2997 3331 3226 3405 dignum
3236 3340 3417 3385 actum
3430 3340 3530 3384 est.

2054 3420 2132 3473 Hi
2146 3432 2512 3495 regnaverunt
2532 3423 2698 3473 annis
2721 3417 3078 3474 CCXCVII.

1955 3777 2050 3816 Rus.
2072 3780 2182 3816 Arm.
2207 3785 2231 3816 ο
2250 3786 2362 3825 regg.
2387 3787 2454 3817 an.
2471 3784 2551 3817 w.

1965 3975 2007 4018 1.
2043 3970 2242 4019 Bochus.

1961 4067 2005 4111 2.
2044 4061 2279 4113 eechous.

1958 4158 2005 4204 3.
2041 4153 2251 4217 Biephis.

1962 4250 2008 4296 ⁴.

1961 4344 2007 4389 5.
2127 4337 2328 4388 Nomina

1961 4437 2010 4481 6.
2088 4430 2394 4480 omittuntur.

1963 4525 2008 4573 7.

1964 4619 2011 4665 8.
2045 4613 2302 4664 Sesochris.
2482 4615 2541 4661 ⁴8

1993 5101 2095 5139 rex
2132 5081 2512 5137 Eratosthenis
2549 5077 2944 5153 (Momcheiri)
2979 5076 3181 5132 diserte
3215 5073 3547 5149 'appellatur

1996 5167 2342 5244 Memphim,
2385 5170 2650 5243 septimus
2689 5183 2827 5223 vero
2866 5163 3011 5220 filius
3046 5163 3164 5236 ejus
3197 5161 3361 5219 finisse
3403 5159 3547 5216 dici-
