4016 5916
1660 430 2175 491 FRAGMENTA.

3423 448 3533 499 36⁵

332 563 621 619 inferiores
646 560 943 637 potuerint
968 560 1195 617 diaetetis
1218 561 1493 616 committi
1511 601 1528 631 ,
1560 572 1680 616 tum
1703 561 1889 617 eidem
1982 564 2085 642 ρῶν
2112 559 2207 634 τὴν
2244 561 2318 637 μὴ
2350 552 2509 621 οὖσαν
2549 562 2878 644 ἀντιγράφειν
2917 567 3296 641 rescripserim
3325 567 3538 625 ἀντιλα-

336 641 672 716 respondet,
734 640 893 714 q¹¹0d
947 639 1318 716 qmdl'aglnta
1364 639 1471 693 Viri
1525 641 1641 696 Sive
1687 641 1889 716 pagani
1978 649 2108 728 χεῗν.
2136 653 2211 708 Iis
2238 652 2409 725 igitur
2448 653 2546 726 qui
2586 653 2656 708 ab
2696 653 2920 708 arbitris
2953 665 3194 728 propter
3240 653 3523 712 desertum

323 729 545 802 judices
571 730 695 784 lites
712 769 728 798 ,
751 747 873 802 quae
897 736 1079 783 essent
1101 726 1299 783 decem
1316 725 1597 782 drachmis
1617 729 1890 796 minores,

332 817 439 890 ipsi
479 813 840 887 judicabant,
889 831 1013 887 quae
1057 811 1304 884 majores
1353 822 1561 882 essent,
1604 812 1893 885 judicibus

334 903 633 959 heliasticis
641 900 979 973 judicandas
1004 898 1360 972 deferebant3
1387 900 1467 957 ita
1490 901 1642 956 enim
1669 910 1725 956 et
1746 902 1887 958 Lex.

330 991 501 1047 Rbet.
523 1009 585 1064 p.
614 989 753 1060 306,
779 986 847 1045 15
876 1007 891 1045 ε
924 984 1381 1065 τεσσαράκοντα...
1409 984 1537 1066 πρὸς
1563 983 1649 1054 οθς
1680 988 1735 1044 αἱ
1758 985 1893 1043 ἴδιαι

332 1075 478 1134 δίκαι
507 1073 859 1156 ἕλαγχοίνοντο
878 1071 969 1133 καὶ
996 1071 1061 1131 τὰ
1096 1072 1322 1152 [malim
1351 1075 1427 1134 ἐλ.
1459 1073 1549 1153 αἱ]
1581 1071 1741 1154 μέχρι
1764 1072 1890 1131 δέκα

332 1164 605 1243 δραχμῶν,
645 1160 713 1220 τὰ
744 1162 966 1241 [malim
1002 1159 1122 1234 τὰς]
1159 1161 1203 1219 δ’
1244 1159 1373 1240 ὑπὲρ
1411 1166 1560 1219 τοῦτο
1595 1160 1653 1219 τὸ
1687 1160 1894 1238 τίμημα

333 1258 439 1316 τοῖς
471 1251 739 1316 δικασταῖς
766 1248 1134 1330 παρεδίδοσαν.
1175 1250 1245 1306 Id
1278 1252 1429 1306 enim
1456 1252 1644 1307 verius
1668 1251 1896 1306 videtur

338 1341 581 1396 Pollucis
625 1342 980 1410 narratione,
1031 1340 1129 1413 qui
1170 1341 1335 1410 vlu,
1384 1357 1492 1395 100
1535 1339 1730 1395 scribit
1771 1358 1786 1394 :
1828 1339 1895 1397 Oi

334 1424 619 1506 περιιόντες
647 1423 783 1483 κατὰ
804 1424 997 1501 δήμους
1029 1423 1095 1482 τὰ
1105 1423 1275 1504 μέχρι
1302 1424 1551 1504 δραχμῶν
1572 1424 1699 1483 δέκα
1725 1425 1896 1482 ἐδίκα-

335 1519 441 1586 ζον,
472 1512 537 1572 τὰ
566 1515 611 1572 δ’
641 1511 773 1595 ὖπὲρ
797 1518 965 1571 ταῦτα
991 1513 1049 1570 δι
1068 1520 1376 1584 αιτηταῖς
1403 1512 1771 1593 παρεδίδοσαν,
1793 1515 1899 1569 nisi

336 1605 509 1660 mavis
544 1604 772 1676 utrIque
801 1601 1042 1658 reddere
1081 1621 1094 1657 z
1131 1601 1235 1667 τοῖς
1261 1600 1614 1666 δικασταῖς
1643 1597 1678 1671 ἢ
1725 1600 1755 1657 δ
1773 1622 1899 1656 ιαι-

336 1694 573 1761 τηταῖς
594 1688 972 1775 παραδιδόασιν
1004 1687 1434 1771 (παρεδίδοσαν).
1461 1693 1552 1748 Sic
1578 1693 1745 1748 etiam
1760 1693 1897 1750 Lex.

334 1783 505 1838 Rhet.
555 1780 668 1837 310
685 1822 700 1850 ,
746 1799 813 1836 21
853 1798 868 1839 t
910 1773 1005 1845 ἕως
1047 1777 1169 1836 δέκα
1211 1778 1465 1856 δραχμῶν
1497 1775 1730 1845 ἐδίκαζον
1763 1773 1900 1834 κατὰ

339 1866 553 1943 δήμους.
605 1869 759 1925 Nihil
802 1879 989 1924 autem
1036 1867 1404 1923 tribuendum
1442 1877 1524 1922 est
1565 1869 1815 1923 Zonarae·
1839 1884 1897 1926 V.

337 1952 617 2026 Διαιτηταί
637 1971 653 2014 :
677 1956 725 2012 oi
746 1953 984 2034 ὑπεράνω
1006 1956 1108 2010 τῶν
1131 1975 1244 2011 πεν
1261 1952 1543 2025 τήκοντα
1563 1951 1901 2029 νομισμάτων

338 2042 486 2108 δίκας
519 2041 773 2121 κρίνοντες
800 2043 869 2107 ὡς
890 2030 1021 2098 εἶναι
1049 2039 1163 2106 τοὺς
1189 2038 1456 2111 διαιτητὰς
1489 2038 1757 2117 μεγίστους
1785 2062 1902 2119 κρι-

338 2129 450 2203 τοίς,
471 2150 656 2206 neque
687 2130 950 2186 tribuitei
986 2130 1299 2203 quidquam
1342 2128 1905 2185 lludtwalckerusDe

236 2233 243 2237 “
340 2222 567 2277 arbitris
583 2239 646 2294 p.
668 2218 763 2294 39,
786 2236 1127 2293 quamquam
1148 2217 1219 2273 de
1237 2218 1488 2291 pecuniae
1507 2235 1741 2286 summa,
1761 2217 1903 2272 infra

343 2326 512 2380 quam
542 2307 666 2361 lites
695 2306 920 2362 arbitris
932 2303 1172 2380 publicis
1201 2302 1576 2379 disceptandae
1602 2304 1714 2359 sint
1737 2301 1900 2374 datae,

342 2393 815 2450 Hudtwalckerus
849 2391 919 2447 ab
950 2409 1013 2447 ea
1037 2391 1309 2446 sententia
1334 2390 1695 2446 vehementer
1725 2388 1907 2445 disce-

344 2480 458 2552 dit,
491 2499 661 2554 quam
690 2481 805 2554 ipse
848 2479 1024 2535 modo
1059 2478 1341 2552 professus
1377 2487 1476 2533 est.
1528 2502 1553 2529 υ
1590 2509 1666 2520 -
1708 2478 1778 2531 In
1817 2495 1900 2532 se-

344 2568 646 2641 quentibus
692 2587 815 2642 quae
866 2567 1026 2622 uncis
1079 2565 1550 2635 intercluduntur,
1599 2564 1859 2638 suppleta
1885 2606 1902 2634 ‚

346 2656 451 2711 alia
477 2663 730 2711 correcta
773 2661 903 2709 sunt
934 2652 1004 2708 ab
1046 2653 1286 2708 Meiero.
1325 2652 1520 2709 Codex
1548 2670 1562 2707 z
1695 2647 1902 2726 ἡμέραν

344 2741 438 2798 οὐκ
480 2737 723 2798 ἁπάντων
760 2737 852 2804 τὰς
889 2733 994 2809 ὅπη
1039 2735 1311 2810 δύνοντας,
1354 2750 1411 2795 et
1451 2757 1584 2794 mox
1642 2757 1656 2794 t
1689 2734 1826 2794 ὥστε
1854 2735 1904 2804 ἐξ

344 2828 429 2887 ὑπ’
476 2830 650 2908 ἀρχῶν
681 2825 955 2905 ἀκέραιον;
982 2826 1117 2883 dein
1157 2844 1171 2885 ε
1204 2829 1237 2895 ἡ
1276 2825 1534 2896 ἀντίληξις
1570 2823 1729 2890 οὕτως
1760 2826 1903 2882 ἀντι-

345 2918 593 2997 λαχεῖν...
610 2914 741 2984 δλως
764 2917 823 2974 ἐκ
850 2916 952 2972 τῶν
976 2911 1165 2991 λόγων.
1190 2918 1276 2972 De
1298 2927 1583 2990 postrema
1606 2913 1717 2970 loci
1746 2925 1907 2988 parte

348 3008 425 3061 ita
468 3007 711 3062 Meierus
775 3005 1007 3079 exponit
1071 3023 1084 3060 :
1140 3030 1164 3054 «ι
1220 3005 1573 3078 Quicumque
1625 3002 1696 3059 ab
1749 3002 1876 3058 arbi
1882 3034 1909 3043 -

349 3099 447 3149 tris
480 3093 840 3150 condemnati
873 3102 1084 3160 essent,
1120 3092 1186 3146 iis
1208 3089 1488 3163 judicium
1514 3092 1607 3160 τῆς
1637 3087 1710 3164 μὴ
1750 3085 1905 3155 οὔσης

348 3202 465 3237 non
502 3200 657 3237 secus
697 3181 955 3249 dabatur,
993 3191 1162 3252 atque
1197 3181 1293 3249 iis,
1343 3182 1440 3253 qui
1483 3179 1553 3235 ab
1596 3178 1908 3234 heliaseicis

338 3269 626 3342 judicibus
653 3268 912 3324 absentiae
940 3267 1172 3322 nomine
1202 3266 1449 3322 damnati
1474 3277 1680 3336 essent,
1701 3267 1746 3320 si
1767 3264 1910 3336 inju-

352 3359 491 3412 riam
515 3356 621 3411 sibi
655 3355 855 3411 factam
895 3355 1283 3429 opinarentur,
1320 3349 1414 3423 τὴν
1446 3351 1645 3431 ἐρήμην
1697 3351 1909 3408 ἀντιλα-

349 3442 464 3520 χεῖν
497 3440 929 3498 concedebatur.
961 3440 1132 3514 Quod
1168 3442 1362 3516 igitur,
1404 3442 1502 3514 qui
1527 3441 1621 3496 hic
1652 3457 1910 3495 comme-

350 3541 667 3599 morantur,
705 3531 959 3585 nonnulli
994 3526 1086 3597 τὴν
1121 3525 1194 3603 μὴ
1224 3517 1380 3584 οὖσαν
1418 3529 1588 3602 plane
1635 3537 1913 3603 negarunt

353 3630 524 3692 atque
563 3618 634 3674 de
672 3617 958 3673 actionum
981 3636 1220 3673 numero
1251 3617 1502 3673 funditus
1531 3616 1906 3686 sustulerunt,

355 3705 414 3760 id
440 3724 509 3761 ex
536 3706 810 3760 sententia
834 3704 1000 3778 hujus
1036 3704 1386 3780 grammatici
1408 3704 1485 3758 sic
1515 3702 1909 3776 explicandum

353 3805 461 3862 est,
490 3791 649 3867 quod
669 3811 797 3847 cum
820 3793 1042 3848 arbitris
1062 3791 1291 3848 sublatis
1311 3809 1372 3847 ea
1394 3808 1622 3864 quoque
1646 3792 1791 3845 actio
1807 3808 1911 3864 per

353 3878 778 3935 desuetudinem
806 3879 1075 3955 abrogata
1103 3890 1201 3934 est.
1225 3880 1423 3951 Itaque
1449 3877 1618 3933 docet
1632 3877 1725 3931 hic
1752 3877 1912 3933 locus

353 3968 698 4023 arbitrorum
738 3984 942 4022 munus
974 3976 1418 4041 potestatemque
1449 3963 1781 4038 aliquando,
1824 3964 1907 4019 id-

354 4072 463 4126 que
503 4054 734 4127 reliquis
759 4053 977 4129 legibus
1005 4064 1060 4109 et
1092 4052 1319 4126 judiciis
1346 4052 1771 4108 Atheniensium
1815 4069 1906 4106 su-

351 4142 694 4214 perstitibus,
728 4159 840 4196 esse
863 4141 1166 4209 sublatam,
1197 4159 1537 4213 quamquam
1562 4158 1680 4194 non
1704 4138 1905 4209 docet,

351 4228 583 4301 quando
614 4227 675 4282 id
703 4227 992 4284 acciderit.
1022 4227 1191 4300 Quod
1220 4246 1357 4282 vero
1381 4229 1441 4281 in
1466 4226 1578 4282 fine
1603 4227 1912 4282 enarratio-

352 4318 438 4371 nis
453 4316 701 4389 positum
730 4326 837 4383 est,
857 4317 1065 4371 rectius
1081 4326 1263 4370 autem
1295 4326 1433 4370 esset
1455 4324 1583 4370 ante
1609 4314 1725 4369 κατ’
1752 4310 1911 4378 ἐνίους

350 4405 711 4473 collocatum,
732 4399 848 4470 ἐξῆν
872 4399 925 4457 δὲ
949 4400 1346 4480 ἀντιλαγχάνειν
1368 4398 1505 4466 ἐντὸς
1531 4402 1740 4476 ἡμερῶν
1758 4397 1910 4471 δέκα,

352 4488 503 4544 idem
524 4488 695 4545 tradit
717 4500 774 4543 et
795 4489 1025 4545 Photius
1050 4509 1113 4564 p.
1147 4490 1280 4560 267,
1309 4510 1373 4561 17
1400 4509 1452 4543 v.
1478 4486 1570 4558 Μὴ
1601 4477 1728 4546 οῧσα
1754 4484 1869 4558 δίκη
1893 4507 1909 4544 :

355 4572 496 4641 ἐντὸς
523 4573 578 4633 δὲ
600 4577 811 4655 ἡμερῶν
838 4574 962 4641 ,δέκα
990 4574 1107 4646 ἐξῆν
1125 4577 1306 4654 λαχεῖν
1332 4574 1425 4646 τὴν
1455 4573 1531 4653 μὴ
1560 4565 1718 4634 οὖσαν
1742 4573 1908 4645 δίκην,

352 4661 492 4738 μετὰ
509 4661 565 4720 δὲ
579 4659 772 4728 ταύτας
794 4660 986 4740 οὐκέτι,
1004 4677 1080 4735 et,
1099 4667 1195 4739 qui
1220 4676 1464 4739 utroque
1488 4667 1690 4721 melior
1713 4675 1913 4720 auctor

349 4762 471 4821 est,
498 4748 705 4808 Pollux
732 4753 865 4808 VIII
885 4792 900 4819 ,
925 4752 1027 4820 60,
1054 4753 1153 4806 ubi
1180 4771 1289 4825 pro
1313 4748 1426 4820 ἐξῆν
1456 4749 1595 4818 ἐντὸς
1626 4750 1747 4808 δέκα
1776 4752 1907 4825 ἡμε·

418 5003 740 5053 Undecimviri
773 5006 912 5064 sunt,
940 4922 1156 5065 quorulrff
1172 5002 1343 5065 singuli
1378 5017 1407 5053 e
1444 5004 1641 5066 singulis
1677 5004 1915 5066 eliguntur

354 5081 606 5143 tribubus,
624 5081 834 5146 ipsisque
868 5083 1020 5133 scriba
1043 5081 1400 5131 adnumeratus.
1427 5082 1702 5132 secuudum
1736 5084 1913 5133 Deme·

358 5159 508 5209 trium
528 5158 811 5211 Phalereum
838 5158 1208 5223 nomophylacoe
1229 5156 1523 5209 denominati
1548 5160 1681 5210 sunt.

1979 729 2368 787 vadimonium
2406 730 2768 788 condemnati
2811 741 3021 804 essent,
3080 732 3276 788 decem
3317 743 3530 790 tantum

1982 816 2102 874 dies
2132 816 2616 888 concedebantur,
2661 819 2803 874 intra
2840 836 2986 892 quos
3019 820 3086 874 iis
3123 821 3543 893 permitteretur

1981 905 2048 983 τῇ
2094 899 2168 978 μὴ
2203 900 2335 983 οὔσῃ
2382 907 2497 976 uti3
2535 904 2689 962 idem
2728 904 2953 962 dierum
2996 924 3266 963 numerus
3313 908 3410 980 iis,
3446 912 3545 984 qui

1985 994 2310 1049 testularum
2338 992 2560 1066 judicio
2587 992 2948 1050 condemnati
2969 1004 3177 1064 essent,
3210 997 3539 1069 praescribe-

1982 1080 2172 1149 batur,
2206 1083 2353 1136 intra
2382 1099 2552 1155 quem
2579 1081 2726 1138 urbe
2752 1080 3115 1140 excederent.
3158 1083 3271 1155 Qui
3304 1101 3442 1140 vero
3477 1083 3547 1140 ab

1980 1167 2265 1240 judicibus
2299 1168 2598 1226 heliasticis
2627 1169 2882 1226 absentes
2930 1169 3296 1227 condemnati
3340 1181 3546 1242 essent,

1985 1257 2070 1312 his
2113 1257 2359 1332 legitima
2393 1267 2514 1313 erat
2556 1257 2803 1314 duorum
2843 1259 3118 1314 mensium
3163 1261 3548 1335 praescriptio,

1987 1347 2132 1400 intra
2162 1363 2304 1419 quos
2329 1346 2394 1401 iis
2420 1345 2627 1402 licebat
2655 1341 2750 1416 τὴν
2781 1341 2981 1423 ἐρήμην
3012 1345 3332 1424 ἀντιλαχεῖν.
3367 1374 3390 1398 n

2724 1470 2813 1508 12.
3271 1465 3286 1476 ·

2068 1557 2269 1612 Pollux
2291 1558 2457 1629 VIII,
2497 1575 2605 1612 102
2647 1557 2769 1615 :Oi
2799 1551 3062 1628 ἕνδεκα,
3093 1545 3164 1622 εἶς
3202 1555 3288 1636 ἀφ’
3332 1555 3554 1628 ἑκάστης

1991 1644 2154 1724 φυλῆς
2181 1641 2441 1720 ἐγίγνετο,
2465 1641 2556 1701 καὶ
2583 1640 2923 1722 γραμματεὺς
2956 1643 3131 1708 αὐτοῖς
3154 1647 3551 1723 συνηριθμεῖτο·

1989 1729 2346 1810 νομοφύλακες
2378 1729 2432 1787 δὲ
2464 1728 2602 1789 κατὰ
2638 1728 2727 1788 τὸν
2756 1728 3018 1809 Φαληρέα
3049 1729 3552 1807 μετωνομάσθησαν.

1999 1851 2077 1863 —-
2104 1819 2283 1877 Addit
2319 1838 2334 1878 z
2374 1817 2764 1895 Ἐπεμελοῦντο
2792 1815 2847 1876 δὲ
2875 1820 2977 1876 τῶν
3005 1818 3057 1874 ἐν
3088 1822 3160 1895 τῷ
3188 1818 3557 1900 δεσμωτηρίῳ,

1994 1905 2085 1964 καὶ
2117 1908 2321 1982 ἀπῆγον
2364 1904 2628 1974 κλέπτας,
2665 1903 3107 1985 ἀνδραποδιστὰς,
3145 1904 3476 1979 λωποδύτας,
3512 1909 3557 1965 εἰ

1993 1990 2088 2069 μὲν
2113 1991 2407 2069 ὁμολογοῖεν
2432 1989 2838 2060 θανατώσοντες·
2873 1994 2918 2050 εἰ
2942 1990 2997 2050 δὲ
3024 1991 3099 2069 μὴ
3122 2038 3138 2068 ,
3171 1993 3459 2061 εἷσοίξοντες
3484 1996 3554 2060 εἷς

1992 2078 2059 2137 τὰ
2103 2078 2446 2159 δικαστήρια,
2490 2074 2605 2138 κᾶν
2633 2080 2850 2151 ἁλῶσιν,
2896 2081 3313 2148 ἀποκτενοῦντες.
3342 2085 3454 2142 Τοῦ
3493 2082 3547 2140 δὲ

1992 2165 2374 2249 νομοφυλακίου
2403 2165 2533 2246 θύρα
2559 2165 2655 2243 μία
2677 2167 2963 2247 χαρωνεῗον
2993 2169 3262 2247 ἐκαλεῖτο,
3293 2169 3357 2227 δι’
3380 2160 3443 2241 ἧς
3460 2168 3555 2240 τὴν

1994 2255 2083 2314 ἐπὶ
2111 2255 2318 2335 θανάτῳ
2350 2254 2634 2332 ἀπήγοντο.

2080 2342 2233 2403 Κατὰ
2248 2343 2335 2402 τὸν
2367 2342 2660 2423 Φαληρέα]
2678 2348 2746 2403 V.
2765 2342 2962 2402 Meier.
2982 2346 3043 2400 in
3059 2358 3253 2402 annot.
3278 2347 3350 2404 ad
3366 2347 3436 2404 fr.
3467 2367 3554 2407 ιο.

1993 2465 2074 2476 ——-
2114 2430 2511 2509 νομοφύλακας]
2565 2433 2751 2490 Aliter
2800 2433 2979 2490 schol.
3033 2435 3323 2508 Aristoph.
3385 2437 3553 2509 Vesp.

2003 2518 2152 2577 1108
2188 2538 2203 2578 z
2235 2521 2314 2579 Οἱ
2350 2517 2613 2577 ἕνδεκα·
2656 2517 2870 2599 ἐτήρουν
2917 2515 3022 2576 οἵδε
3066 2518 3183 2587 τοὺς
3227 2518 3546 2598 δεδεμένους·

1997 2598 2135 2666 οὗτοι
2180 2605 2236 2665 δὲ
2282 2611 2372 2666 νῦν
2423 2605 2930 2687 θεσμοφύλακες
2972 2609 3276 2667 καλοῦνται.
3337 2606 3404 2666 ‘H
3441 2612 3543 2666 τῶν

1997 2693 2178 2753 ἕνδεκα
2209 2693 2347 2775 ἀρχὴ
2371 2692 2492 2762 τοὺς
2507 2693 2604 2771 μὲν
2629 2696 3007 2772 ὁμολογοῦντας
3031 2692 3121 2752 καὶ
3148 2695 3559 2775 ἀνδραποδιστὰς

1998 2782 2088 2840 καὶ
2114 2781 2419 2849 λωποδύτας
2442 2780 2650 2861 θανοίτῳ
2672 2781 2916 2849 ἐκόλαζον
2932 2827 2948 2855 ,
2989 2780 3104 2848 τοὺς
3133 2780 3186 2839 δὲ
3216 2781 3557 2861 ἀρνουμένους

1998 2871 2070 2936 εἰς
2109 2869 2442 2950 δικαστήριον
2484 2871 2710 2946 εἰσῆγον.
2755 2871 3028 2926 Proclivis
3058 2871 3383 2942 conjectura
3421 2883 3561 2928 esset

1994 2978 2108 3035 pro
2156 2957 2547 3040 θεσμοφύλακες
2586 2958 2958 3017 scribendum
2993 2977 3107 3015 esse
3135 2954 3556 3036 δεσμοφύλακας,

2001 3051 2106 3105 nisi
2160 3049 2409 3106 obstaret
2448 3048 2737 3124 geminum
2776 3043 3150 3124 νομοφυλάκων
3190 3048 3555 3104 vocabulum.

2000 3136 2393 3212 Distinguendi
2433 3136 2604 3212 igitur
2659 3136 2721 3191 hi
2762 3136 3201 3209 nomophylaces
3235 3135 3308 3191 ab
3343 3145 3560 3209 septem

2001 3225 2019 3299 (
2046 3226 2137 3281 vel
2155 3244 2259 3281 sex
2283 3243 2394 3281 sec.
2426 3220 2741 3299 Meierum)
2771 3223 3305 3297 nomophylacibus,
3331 3222 3405 3279 de
3430 3224 3559 3296 qui-

2000 3314 2107 3369 bus
2137 3314 2337 3369 Pollux
2361 3314 2498 3368 VIII
2515 3353 2532 3381 ,
2555 3320 2651 3385 94,
2674 3321 2731 3367 et
2757 3310 2954 3366 Suidas
2979 3328 3024 3364 s.
3053 3330 3107 3368 v.
3143 3320 3204 3365 et
3224 3312 3357 3365 Lex.
3387 3311 3554 3366 Rhet.

2002 3404 2061 3455 in
2108 3399 2374 3475 Append.
2424 3400 2498 3456 ad
2545 3400 2811 3456 Photium
2846 3417 2906 3472 p.
2945 3397 3095 3468 673,
3141 3396 3249 3471 23,
3290 3397 3388 3451 ubi
3427 3397 3560 3454 vide

2002 3492 2293 3547 Meierum.
2339 3491 2469 3545 Non
2503 3486 2931 3562 distinguendos
2975 3504 3088 3541 esse
3127 3486 3434 3558 suspicatus
3477 3496 3559 3541 est

2001 3578 2316 3645 Ulrichins,
2393 3575 2754 3649 improbante
2806 3574 3181 3629 Schoemanno
3237 3573 3383 3628 Hist.
3438 3573 3557 3644 jur.

2000 3666 2165 3739 publ.
2198 3684 2259 3738 p.
2299 3682 2433 3738 299,
2468 3683 2527 3718 n.
2554 3662 2609 3717 3.
2640 3663 2902 3719 Ceterum
2939 3660 3012 3716 de
3044 3660 3460 3718 Undecimviris
3494 3680 3552 3717 v.

2001 3753 2357 3809 Schoemann.
2388 3751 2428 3806 l.
2459 3751 2499 3810 l.
2524 3768 2584 3824 p.
2620 3750 2757 3815 246.

2081 3838 2179 3895 His
2197 3839 2434 3911 subjicio
2451 3838 2557 3894 alia
2585 3837 2869 3911 quaedam,
2900 3854 3027 3909 quae
3041 3836 3142 3892 etsi
3169 3854 3286 3891 non
3301 3855 3370 3892 ex
3387 3836 3563 3892 histo-

2000 3928 2130 3984 ricis
2151 3926 2308 3983 libris
2328 3925 2638 4004 desumpta,
2655 3923 2726 3981 ad
2746 3926 3031 3981 historiam
3047 3935 3232 3979 tamen
3252 3925 3557 3997 pertinent.

2743 4029 2832 4086 13.

2087 4135 2367 4192 Plutarch.
2398 4136 2534 4208 Lyc.
2588 4132 2663 4189 23
2694 4152 2709 4188 :
2746 4126 2815 4190 Ὅ
2857 4128 2909 4187 δὲ
2948 4126 3231 4208 Φαληρεὺς
3266 4125 3564 4206 Δημήτριος

2006 4221 2168 4303 (φησὶ)
2197 4222 2438 4297 οὐδεμιᾶς
2468 4218 2733 4300 ἁψάμενον
2763 4218 2874 4295 (se.
2905 4218 3240 4295 Λυκοῦργον)
3272 4216 3565 4291 πολεμικῆς

2001 4308 2268 4389 πράξεως,
2317 4311 2370 4367 ἐν
2417 4306 2594 4387 εἰρήνῃ
2648 4304 3089 4376 καταστήσασθαι
3137 4302 3227 4373 τὴν
3273 4301 3558 4363 πολιτείαν.

2002 4393 2187 4458 Ἔοικε
2216 4393 2270 4455 δὲ
2302 4394 2393 4454 καὶ
2428 4399 2522 4467 τῆς
2557 4394 2927 4470 Ὀλυμπιακῆς
2961 4389 3246 4470 ἐκεχειρίας
3281 4395 3316 4461 ἡ
3360 4389 3560 4448 ἐπίνοια

2006 4482 2174 4566 πρᾴου
2214 4485 2303 4543 καὶ
2330 4482 2457 4563 πρὸς
2485 4481 2692 4561 εἰρήνην
2722 4479 2928 4561 ἔχοντος
2962 4478 3159 4546 οἰκείως
3187 4478 3369 4558 ἀνδρὸς
3410 4468 3561 4539 εἶναι.

2001 4576 2136 4631 Haec
2161 4574 2233 4630 ad
2270 4574 2399 4630 libri
2430 4570 2562 4651 Περὶ
2585 4572 2852 4640 πολιτικῆς
2877 4572 2966 4626 vel
2990 4565 3122 4647 Περὶ
3145 4566 3315 4642 νόμων
3347 4568 3564 4622 retule-

2002 4663 2514 4719 rim.·Contrariam
2540 4660 2627 4716 his
2653 4660 2986 4716 sententiam
3023 4658 3292 4732 probavit
3331 4657 3565 4730 Hippias

2004 4752 2075 4806 fr.
2108 4770 2165 4824 9,
2185 4770 2245 4823 p.
2277 4750 2372 4808 62.

2063 5000 2336 5052 Demetrius
2372 5000 2627 5051 Phalereus
2678 5003 2946 5063 Lycurgum
2994 4998 3063 5047 ait
3107 4998 3290 5047 nullam
3341 4996 3561 5047 bellicam

1999 5079 2236 5129 actionem
2256 5076 2481 5140 attigisse,
2494 5076 2576 5127 sed
2600 5077 2646 5126 in
2667 5089 2786 5139 pace
2804 5076 3147 5139 rempublicam
3167 5072 3463 5124 constituisse
3480 5087 3562 5122 au·

2000 5158 2174 5205 tumet.
2200 5160 2323 5205 Sane
2358 5155 2747 5218 Olympiacarum
2774 5152 3074 5202 induciarum
3108 5151 3393 5215 excogitatio
3420 5165 3564 5200 marn

2001 5234 2124 5286 sueti
2151 5237 2198 5284 et
2223 5234 2353 5298 pacis
2375 5247 2606 5297 perquam
2631 5231 2831 5283 studiosi
2853 5232 3059 5281 hominis
3088 5231 3276 5281 videtur
3296 5230 3452 5280 fuisse-
