4016 5916
476 373 586 426 152

896 556 909 563 ,
969 485 1530 566 [meinamma]

1146 597 1354 675 [149·]

550 712 747 790 [Idem
789 711 912 768 Pol.
953 715 1028 780 V,
1053 710 1087 767 8
1108 751 1123 780 ,
1161 730 1228 766 12
1260 729 1274 765 ε
1313 707 1628 767 Συνεπέθετο
1657 707 1711 766 δὲ
1738 711 1872 783 (una
1899 728 2027 765 cum

472 802 682 859 Grataea
705 801 1043 855 Archelaum
1078 817 1266 873 regem
1306 799 1539 854 adortus
1559 799 1668 873 est)
1700 797 1789 854 καὶ
1814 795 2026 856 Ἑλλα-

474 886 726 965 νοκράτης
754 888 782 943 ὃ
814 889 1128 964 Λαρισσαῖος
1156 884 1239 942 διὰ
1264 882 1360 954 τὴν
1392 883 1552 954 αὗτὴν
1592 884 1761 942 αἰτίαν
1780 908 1792 921 ·
1830 884 2027 964 (ὓς-γὰρ

474 974 742 1055 χρώμενος
782 975 940 1031 αὐτοῦ
988 977 1053 1051 τῇ
1095 972 1273 1050 ἡλικίᾳ
1314 973 1370 1029 οὗ
1412 975 1636 1048 κατῆγεν
1670 971 1940 1048 (ejectum
1969 975 2029 1027 in

474 1064 713 1138 patriam
748 1056 1008 1137 reduxit)
1051 1058 1424 1137 ὑποσχόμενος,
1458 1059 1522 1115 δι’
1563 1056 1709 1136 ὕὸριν
1747 1057 1836 1115 καὶ
1866 1060 1924 1116 οὗ
1962 1058 2029 1114 δι’

475 1146 726 1228 ἐρωτικὴν
770 1146 1043 1222 ἐπιθυμίαν
1084 1145 1216 1227 ᾤετο
1242 1136 1371 1203 εἶναι
1414 1143 1508 1215 τὴν
1536 1145 1880 1222 γεγενημένην
1911 1149 2029 1222 ὁμι-

477 1236 652 1314 λίαν.]
677 1241 763 1295 De
790 1237 876 1292 his
904 1237 1130 1292 aliunde
1160 1255 1277 1291 non
1305 1246 1539 1292 constat.
1565 1235 1652 1296 Cf.
1682 1236 1752 1294 fr.
1787 1233 1918 1300 154.

1200 1323 1327 1379 150.

561 1415 716 1483 [Pol.
746 1414 823 1483 V,
854 1410 918 1482 5,
944 1431 1002 1486 9,
1022 1412 1121 1467 ubi
1150 1323 1222 1466 ἑο
1254 1323 1455 1480 εθιίεὶε,
1488 1430 1554 1467 ex
1588 1412 1791 1485 quibus
1821 1412 2027 1487 oligar·

479 1500 615 1554 chiae
643 1510 973 1555 evertuntur
989 1499 1078 1553 vel
1099 1500 1252 1571 pacis
1267 1499 1355 1553 vel
1375 1498 1511 1553 belli
1536 1509 1791 1571 tempore
1817 1518 1831 1553 t
1861 1495 1954 1557 Ἔν
1979 1495 2034 1554 δὲ

477 1588 544 1661 τῇ
575 1584 753 1665 εἰρήνῃ
778 1583 863 1642 διὰ
884 1583 980 1655 τὴν
1005 1581 1364 1652 ἄπιστίαν“τὴν
1382 1582 1506 1662 πρὸς
1530 1583 1786 1654 ἀλλήλους
1812 1583 2031 1662 ἐγχειρί·

481 1677 622 1740 ζουσι
648 1671 742 1742 τὴν
767 1670 1006 1750 φυλακὴν
1021 1669 1363 1750 στρατιώταις
1378 1671 1467 1728 καὶ
1498 1670 1709 1750 ἄρχοντι
1728 1670 1967 1751 μεσιδίῳ,
1984 1670 2038 1738 ὃς

483 1759 638 1819 ἐνίοτε
661 1762 857 1837 γίνεται
873 1757 1043 1837 κύριος
1059 1757 1383 1839 ἀμφοτέρων.
1422 1756 1596 1838 Ὅπερ
1632 1757 1823 1828 συνέὸη
1847 1760 1899 1816 ἐν
1926 1763 2038 1819 Λα·

483 1847 633 1925 ρίσσῃ
651 1847 840 1916 &niz-71<
863 1849 964 1903 τῶν
988 1844 1275 1904 Ἀλευαδῶν
1299 1849 1464 1925 ἀρχῆς
1491 1849 1593 1903 τῶν
1609 1844 1734 1923 περὶ
1754 1847 1919 1921 Σῖμον
1948 1847 2039 1904 καὶ

482 1938 532 1992 ἐν
578 1933 777 2013 Ἀὅύδῳ
805 1933 889 1990 ἐπὶ
919 1935 1019 1990 τῶν
1053 1935 1317 2011 ἑταιριῶν,
1347 1925 1419 1991 ὧν
1457 1924 1520 2004 ἦν
1554 1932 1648 2010 μία
1678 1936 1711 2002 ἡ
1742 1932 2036 2012 Ἰφιάδου.]

560 2025 670 2078 Pro
722 2024 888 2096 Σῖμον
938 2021 1112 2077 codd.
1179 2018 1362 2095 Σάμον
1418 2039 1569 2077 corr.
1613 2022 1913 2077 Schlosser.
1958 2022 2040 2078 Cf.

482 2111 770 2165 Demosth.
800 2128 861 2183 p.
895 2116 1001 2173 241
1023 2150 1040 2178 ,
1089 2127 1200 2179 27;
1256 2107 1438 2175 1352,
1482 2106 1586 2176 333
1631 2107 1776 2163 1382
1798 2148 1814 2174 ‚
1860 2108 1916 2162 6.
1963 2111 2028 2163 V.

484 2197 712 2251 Boeckh.
742 2197 908 2269 Expl.
960 2194 1188 2251 Pindar.
1214 2215 1276 2270 p.
1312 2195 1455 2264 3333
1499 2194 1744 2251 Meiuek.
1776 2196 2030 2268 Euphor.

482 2302 538 2356 p.
566 2283 703 2352 1333
734 2285 999 2342 Kortiim.
1037 2279 1364 2353 Saxae-werf.
1402 2300 1444 2357 p
1504 2300 1614 2355 793
1653 2282 2038 2339 Wachsmuth.

486 2372 716 2443 Antiqq.
752 2372 810 2440 1,
843 2389 877 2425 a
904 2388 966 2444 p.
1004 2366 1140 2441 374.
1165 2373 1252 2427 De
1280 2368 1520 2443 Iphiade
1540 2367 1615 2424 cf.
1654 2370 1858 2424 AEneas
1884 2371 2037 2424 Tact.

484 2474 535 2511 c.
565 2456 666 2526 23,
693 2458 984 2513 Demosth.
1007 2475 1070 2531 p.
1101 2457 1248 2531 679,
1288 2456 1356 2512 18
1381 2466 1438 2512 et
1462 2474 1594 2530 pen.

1170 2545 1177 2551 ’
1200 2541 1366 2619 151.]

564 2629 757 2706 [Idem
795 2632 916 2690 Pol.
956 2635 1036 2700 V,
1082 2546 1227 2699 &15
1276 2650 1290 2685 ε
1337 2626 1402 2685 Ἦ
1452 2624 1764 2704 δημαγωγία
1802 2626 1978 2698 διττή·
2007 2629 2042 2697 ἡ

487 2714 644 2790 μὲν...
674 2715 799 2774 ὅταν
826 2717 914 2775 τὸν
931 2718 1087 2795 ὄχλον
1109 2717 1493 2793 δημαγωγῶσιν
1516 2717 1568 2771 οἱ
1593 2717 1644 2772 ἐν
1664 2718 1729 2792 τῇ
1759 2714 2038 2793 ὀλιγαρχίᾳ

488 2802 664 2877 ὄντες,
698 2794 801 2861 οἷον
826 2805 879 2861 ἐν
903 2803 1144 2882 Λαρίσσῃ
1169 2805 1218 2861 ot
1240 2800 1647 2881 πολιτοφύλακες
1677 2800 1764 2858 διὰ
1798 2802 1857 2859 τὸ
1880 2805 2042 2880 αἱρεῖ-

489 2892 608 2946 σθαι
632 2887 814 2954 αὐτοὺς
839 2888 923 2947 τὸν
950 2887 1105 2968 ὄχλον
1134 2887 1568 2977 ἕδημαγώγουν.]

1001 3009 1527 3082 [cefff-Auum

1205 3127 1333 3187 152.

574 3239 825 3307 [Aristot.
855 3238 975 3292 Pol.
1009 3240 1085 3304 V,
1115 3127 1186 3304 515
1214 3255 1245 3305 7
1279 3254 1292 3289 τ
1333 3126 1663 3308 ’]Ομονοο“θ’σα
1693 3231 1746 3291 δὲ
1765 3232 2043 3313 ὀλιγαρχία

934 3404 1577 3483 [LARISSAEORUM.]

555 3601 573 3666 [
593 3602 878 3651 Archelaum
911 3613 1024 3650 cum
1041 3602 1235 3649 Crataea
1249 3597 1446 3648 adortus
1475 3599 1547 3647 est
1569 3597 1714 3647 etiam
1732 3597 2044 3648 Hellanocra·

493 3684 566 3732 tes
585 3681 843 3730 Larissaeus
864 3678 1067 3730 eandem
1088 3680 1152 3728 ob
1171 3690 1381 3728 causam.
1411 3676 1503 3726 Ubi
1523 3676 1651 3726 enim
1674 3689 1725 3726 se
1749 3677 1810 3726 ab
1833 3678 1916 3726 illo
1932 3714 1947 3739 ,
1968 3677 2046 3726 cui

492 3771 594 3809 suae
606 3758 763 3808 oetatis
784 3756 949 3806 florem
972 3756 1226 3805 fruendum
1250 3753 1478 3813 dederat,
1502 3753 1567 3802 ab
1592 3754 1736 3803 exilio
1758 3767 1854 3802 non
1877 3753 2041 3803 reduci

494 3837 545 3885 in
577 3834 784 3898 patriam
821 3833 946 3883 vidit
963 3870 979 3895 ,
997 3831 1127 3896 quod
1153 3832 1236 3882 ille
1273 3844 1326 3881 se
1366 3829 1607 3880 facturum
1637 3830 1878 3892 pollicitus
1915 3832 2047 3892 erat,

493 3911 884 3963 consuetudinem
904 3910 1035 3960 illam
1052 3922 1150 3962 non
1164 3908 1226 3958 ab
1255 3908 1487 3958 amatoria
1504 3906 1781 3970 cupiditate,
1804 3907 1888 3957 sed
1909 3920 1939 3956 a
1963 3920 2045 3957 vo-

494 3993 682 4041 luntate
725 3986 959 4038 inserendi
986 3986 1326 4037 contumellam
1345 3985 1609 4049 profectam
1639 3984 1780 4035 fuisse
1801 3984 2047 4050 putavit.]

556 4157 645 4224 [ln
671 4168 791 4220 paee
815 4151 1073 4217 eligat-chia
1096 4151 1221 4215 perit
1260 4150 1513 4215 propterea
1530 4148 1660 4213 quod
1694 4151 1866 4199 mutuo
1902 4149 2046 4201 tidem

493 4250 591 4287 non
601 4235 795 4295 babent,
811 4231 1074 4282 custodiam
1085 4228 1296 4291 corporis
1313 4226 1522 4278 externis
1531 4225 1764 4276 militibus
1772 4230 1821 4276 et
1829 4227 2046 4278 archonti

494 4313 777 4366 intermedio
799 4311 1135 4369 committunt,
1168 4308 1251 4371 qui
1270 4307 1326 4357 fit
1356 4305 1598 4362 interdum
1620 4305 1871 4368 utriusque
1900 4306 2049 4369 partis

494 4389 733 4443 domines.
754 4393 857 4440 Hoc
881 4387 1081 4438 Larissae
1101 4384 1275 4435 accidit
1295 4396 1359 4433 ex
1382 4382 1698 4433 Aleuadarum
1723 4382 1903 4431 familia
1918 4385 2047 4433 Simo

493 4470 811 4534 principatum
829 4465 1102 4525 obtinente;
1128 4463 1178 4513 et
1199 4460 1353 4523 Abydi
1371 4462 1589 4523 tempore
1612 4458 1873 4509 factionum
1887 4496 1903 4521 ,
1924 4474 2047 4523 qua-

496 4562 603 4599 rum
622 4559 717 4597 una
738 4547 843 4595 erat
859 4540 1121 4607 lpbiadaeq

559 4708 779 4772 [Duplex
795 4703 1037 4768 popularis
1054 4703 1307 4753 assentatio
1324 4704 1396 4752 est
1415 4721 1427 4751 ι
1454 4713 1549 4749 una
1566 4711 1719 4762 quum
1736 4696 1860 4761 plebi
1880 4711 2043 4748 assen-

497 4789 660 4840 tantur
682 4785 819 4848 pauci
852 4782 1179 4842 dominantes,
1200 4784 1257 4831 ut
1281 4781 1481 4832 Larissae
1511 4778 1908 4842 politophylaces,
1931 4779 2045 4841 quia

496 4865 584 4929 ipsi
613 4877 642 4914 a
658 4861 795 4925 plebe
812 4859 1108 4922 legebantur,
1129 4856 1424 4908 multitudini
1449 4855 1833 4906 blandiebantur.
1856 4854 1878 4919 ]

929 4949 1616 5031 [PHARSALIORUM]

557 5142 901 5212 [consentiens
931 5144 1093 5193 autem
1125 5144 1175 5193 et
1197 5059 1474 5205 gozipirans
1495 5137 1759 5203 eligat-chia
1783 5149 1879 5188 non
1905 5138 2044 5188 facile

1534 359 2029 419 ARISTOTELIS
2069 358 2569 419 FRAGMENTA.

2113 487 2205 544 οὐκ
2233 485 2559 569 εὐδιάφθορος
2587 484 2637 553 ἐξ
2685 487 2871 555 αὓτῆς·
2902 487 3119 561 σημεῖον
3160 482 3214 543 δὲ
3242 488 3275 557 ἡ
3305 487 3358 544 ἐν
3388 487 3676 567 Φαρσάλῳ

2114 571 2349 630 πολιτεία
2367 593 2381 609 ·
2419 572 2603 629 ἐκεῖνοι
2641 568 2742 651 γὰρ
2771 569 2934 650 ὀλίγοι
2963 571 3104 637 ὄντες
3132 572 3341 630 πολλῶν
3369 572 3535 650 κύριοί
3569 576 3675 631 εἰσι

2115 658 2201 717 διὰ
2241 659 2301 717 τὸ
2321 662 2552 738 χρῆσθαι
2581 657 2754 739 σφίσιν
2783 659 2954 725 αὐτοῖς
2978 660 3213 730 καλῶς.]
3244 664 3309 719 V.
3340 662 3674 719 Schneideri

2116 765 2410 803 excursum
2438 746 2510 803 ad
2532 747 2592 801 h.
2622 747 2662 802 l.
2689 765 2752 820 p.
2785 754 2898 820 490
2925 764 3049 820 sqq.

2197 830 2585 890 Μεθωναίων
2610 829 2913 888 πολιτεία
2945 831 3206 888 laudatur
3227 835 3286 889 in
3303 833 3461 889 libris
3488 835 3672 890 Athe-

2115 922 2219 974 naei
2246 922 2323 977 VI
2339 938 2436 995 ¹‚p.
2491 916 2607 974 236
2627 921 2693 977 E.
2722 923 2798 976 At
2814 918 3114 993 legendum
3139 931 3220 974 est
3244 916 3525 988 Ἀθηναίων
3548 921 3671 978 πολ.

2117 1007 2187 1061 fr.
2218 1013 2288 1077 47
2312 1009 2366 1063 b.

2196 1094 2569 1166 sequentibus
2608 1094 2891 1168 praemitto
2921 1111 3044 1167 quae
3082 1092 3155 1149 de
3190 1095 3591 1150 Macedonibus
3618 1107 3678 1150 et

2120 1198 2320 1234 eorum
2370 1181 2599 1255 regibus
2639 1181 2792 1255 apud
2835 1182 3194 1237 Aristotelem
3231 1183 3291 1234 in
3331 1180 3545 1237 Politiis
3586 1184 3674 1238 le-

2119 1277 2347 1341 guntur.
2375 1269 2593 1324 Dixerit
2614 1268 2686 1323 de
2702 1269 2853 1323 hisce
2881 1269 2941 1322 in
2967 1270 3111 1342 Rep.
3139 1265 3431 1324 Πελλαίων.

2791 1359 3000 1439 [ι53.]

2203 1455 2458 1534 [Aristot.
2484 1460 2609 1515 Pol.
2639 1460 2774 1527 VII,
2815 1476 2847 1513 2
2866 1501 2883 1531 ,
2927 1459 2963 1513 6
3002 1478 3016 1512 τ
3048 1446 3155 1515 Ἦν
3186 1454 3244 1514 δέ
3269 1479 3397 1515 ποτε
3438 1457 3527 1516 καὶ
3553 1459 3680 1539 περὶ

2124 1543 2455 1604 Μακεδονίαν
2492 1545 2643 1621 νόμος
2674 1543 2761 1601 τὸν
2800 1542 2996 1616 μηθένα
3027 1543 3395 1621 ἀπεκταγκότα
3424 1545 3680 1622 πολέμιον

2126 1631 2286 1712 ἄνδρα
2314 1633 2654 1711 περιεζῶσθαι
2681 1628 2775 1702 τὴν
2803 1629 3073 1711 φορὸειάν.

2793 1725 2815 1804 [
2836 1749 2858 1784 1
2871 1727 3003 1807 54.]

2208 1824 2391 1901 [Idem
2425 1827 2550 1882 Pol.
2580 1829 2660 1896 V,
2684 1825 2752 1895 8,
2795 1846 2816 1881 1
2835 1845 2855 1880 1
2897 1845 2910 1880 ι
2947 1821 3150 1883 Πολλαὶ
3176 1822 3220 1880 δ’
3249 1824 3499 1891 ἐπιθέσεις
3527 1824 3680 1905 γεγέ-

2128 1933 2308 1982 νηνται
2336 1910 2426 1968 καὶ
2469 1908 2555 1968 διὰ
2580 1910 2639 1968 τὸ
2669 1913 2739 1976 εἷς
2762 1910 2822 1969 τὸ
2859 1914 3013 1987 σῶμα
3039 1909 3375 1989 αἰσχύνεσθαι
3422 1915 3520 1969 τῶν
3571 1936 3680 1989 μο-

2128 1998 2336 2077 νάρχων
2375 1997 2537 2064 τινάς.
2591 1990 2717 2057 Οἷον
2765 1997 2856 2056 καὶ
2883 2002 2917 2068 ἡ
2948 1997 3216 2076 Κραταίου
3258 2001 3329 2065 εἰς
3364 1998 3678 2078 Ἀρχέλαον·

2129 2084 2212 2142 ἀεὶ
2258 2083 2358 2165 γὰρ
2409 2083 2608 2165 βαρέως
2636 2074 2743 2165 εἶχε
2777 2085 2903 2164 πρὸς
2940 2084 3034 2155 τὴν
3062 2084 3302 2161 ὁμιλίαν·
3345 2083 3481 2144 ὥστε
3521 2087 3679 2158 ἱκανὴ

2129 2172 2216 2230 καὶ
2261 2172 2490 2230 ἐλάττων
2530 2170 2729 2249 ἐγένετο
2764 2169 3021 2252 πρόφασις
3040 2216 3058 2248 ,
3087 2170 3218 2231 διότι
3243 2173 3347 2230 τῶν
3383 2173 3679 2253 θυγατέρων

2129 2259 2373 2336 οὐδεμίαν
2394 2258 2583 2317 ἔδωκεν
2611 2257 2940 2337 ὁμολογήσας
2963 2261 3104 2339 αὐτῷ
3122 2304 3137 2332 ,
3164 2258 3300 2318 ἀλλὰ
3319 2260 3414 2332 τὴν
3435 2259 3527 2338 μὲν
3547 2284 3682 2341 προ-

2128 2346 2281 2426 τέραν
2304 2346 2651 2425 κατεχόμενος
2668 2345 2767 2404 ὑπὸ
2779 2345 3011 2425 πολέμου
3028 2346 3154 2427 πρὸς
3176 2347 3373 2429 Σίρραν
3393 2348 3482 2407 καὶ
3501 2348 3680 2428 'Appet-

2132 2433 2277 2493 ὅαιον
2306 2433 2462 2493 ἔδωκε
2492 2436 2565 2513 τῷ
2593 2436 2797 2512 βασιλεῖ
2817 2437 2891 2515 τῷ
2909 2439 3001 2505 τῆς
3026 2434 3296 2510 Ἐλιμείας
3315 2480 3332 2512 ,
3360 2434 3452 2506 τὴν
3478 2436 3529 2494 δὲ
3552 2461 3677 2496 νεω-

2131 2520 2284 2601 τέραν
2304 2524 2376 2601 τῷ
2391 2524 2490 2579 υἱεῖ
2513 2520 2562 2580 Ἀ
2572 2521 2757 2603 μύντα,
2777 2520 3005 2599 οἰόμενος
3026 2520 3185 2588 οὕτως
3204 2522 3267 2580 ἂν
3290 2524 3476 2582 ἐκεῖνον
3492 2523 3683 2594 ἥκιστα

2133 2608 2462 2688 διαφέρεσθαι
2490 2607 2578 2666 καὶ
2610 2608 2698 2666 τὸν
2726 2610 2785 2666 ἐκ
2813 2613 2905 2680 τῆς
2942 2608 3311 2690 Κλεοπάτρας·
3340 2610 3474 2668 ἀλλὰ
3503 2614 3593 2681 τῆς
3620 2633 3683 2688 γε

2134 2694 2523 2775 ἀλλοτριότητος
2564 2698 2795 2775 ὑπῆρχεν
2826 2694 2965 2775 ἀρχὴ
3011 2695 3069 2755 τὸ
3115 2697 3314 2777 βαρέως
3355 2696 3519 2778 φέρειν
3552 2697 3685 2778 πρὸς

2132 2782 2228 2855 τὴν
2250 2783 2709 2863 ἀφροδισιαστικὴν
2750 2784 2967 2864 χάριν.]
2995 2788 3064 2843 V.
3119 2788 3421 2844 Schneider
3448 2788 3517 2843 ad
3546 2789 3604 2842 h.
3641 2791 3676 2843 1.

2130 2892 2194 2948 p.
2222 2872 2335 2929 338
2360 2884 2415 2928 et
2439 2871 2552 2928 500
2576 2892 2657 2947 sq.
2689 2874 2771 2932 cf.
2797 2874 2869 2930 fr.
2909 2882 3042 2949 149.

2216 3060 2413 3138 [Idem
2452 3063 2574 3122 Pol.
2604 3064 2683 3132 V,
2716 3062 2750 3119 8
2771 3105 2787 3134 ,
2814 2967 3064 3122 Ξὲὄεδίέαὶ
3081 3065 3169 3134 τῆς
3190 3057 3464 3140 Ἀρχελάου
3487 3062 3532 3119 δ’
3560 3064 3672 3120 ἐπι·

2135 3146 2321 3214 θέσεως
2349 3146 2672 3227 Δεκάμνιχος
2712 3147 2922 3226 ἡγεμὼν
2969 3149 3198 3227 ἐγένετο,
3238 3147 3530 3229 παροξύνων
3559 3147 3679 3215 τοὺς

2139 3235 2466 3311 ἐπιθεμένους
2493 3240 2723 3316 πρῶτος·
2767 3235 2930 3294 αἴτιον
2970 3235 3023 3295 δὲ
3064 3242 3156 3309 τῆς
3191 3239 3368 3317 ὀργῆς,
3408 3236 3486 3294 ὅτι
3525 3235 3674 3294 αὐτὸν

2134 3415 2193 3452 ex
2213 3416 2264 3452 se
2287 3403 2386 3464 ipsa
2411 3402 2662 3464 evertitur,
2680 3406 2963 3465 argumento
2977 3404 3249 3466 reipublicae
3269 3404 3563 3454 Pharsalicae.
3580 3404 3682 3453 lllic

2133 3480 2260 3529 enim
2290 3480 2429 3542 pauci
2461 3479 2511 3528 in
2553 3480 2733 3530 multos
2758 3481 3012 3545 imperium
3041 3484 3236 3544 tenent,
3265 3483 3493 3545 quoniam
3521 3495 3571 3531 se
3597 3481 3700 3544 ipsi·

2134 3560 2271 3622 pauci
2292 3560 2412 3609 bene
2429 3561 2615 3623 gerunt.
2633 3558 2654 3623 ]

2849 3650 2971 3700 153.

2197 3735 2357 3801 [Olim
2383 3738 2510 3802 apud
2538 3738 2820 3790 Macedonas
2836 3739 2918 3789 lex
2936 3740 3039 3788 erat
3066 3739 3121 3787 ut
3150 3736 3357 3799 capistro
3385 3737 3694 3800 cingerentur

2134 3816 2216 3877 qni
2235 3816 2421 3866 nullum
2439 3817 2623 3867 bostem
2637 3815 2963 3878 occidissent]

2856 3913 2975 3965 154.

2196 4002 2391 4069 [Multae
2417 4008 2559 4057 etiam
2601 4003 2968 4068 conspirationes
2997 4002 3132 4051 sactae
3162 4004 3276 4053 sunt
3314 4001 3362 4052 in
3399 4006 3694 4058 monarchos

2135 4087 2328 4148 propter
2354 4085 2599 4148 pudendas
2619 4082 2928 4135 contumelias
2945 4082 2994 4130 in
3008 4093 3181 4144 corpus
3198 4081 3373 4142 illatas,
3405 4087 3461 4132 ut
3482 4086 3700 4136 crataeae-

2136 4161 2185 4210 in
2197 4163 2497 4214 Archelaum.
2515 4166 2710 4226 Semper
2728 4160 2855 4210 enim
2864 4159 3073 4223 graviter
3085 4158 3264 4209 ferebat
3283 4172 3542 4210 veneream
3563 4162 3690 4214 illius

2137 4240 2567 4302 consuetudinem;
2604 4241 2767 4302 itaque
2791 4238 2864 4287 vel
2888 4237 3041 4287 levior
3071 4249 3216 4286 causa
3244 4237 3360 4288 satis
3383 4238 3559 4288 idonea
3587 4241 3696 4291 visa

2136 4320 2209 4366 est
2226 4317 2333 4380 illa,
2355 4316 2485 4381 quod
2513 4316 2698 4366 nullam
2722 4315 2812 4365 sibi
2826 4328 2886 4364 ex
2903 4313 3094 4363 filiabus
3110 4350 3123 4375 ,
3143 4314 3201 4363 ut
3226 4316 3327 4363 erat
3346 4315 3614 4378 pollicitus,
3638 4317 3688 4368 i'n

2136 4396 2495 4446 matrimonium
2522 4394 2730 4444 dedisset
2749 4392 2866 4455 (sed
2887 4393 3119 4454 maiorem
3145 4394 3262 4441 natu
3289 4392 3512 4455 quidem,
3532 4393 3687 4456 bello,

2136 4474 2267 4536 qnod
2285 4488 2395 4524 cum
2428 4474 2556 4525 Sirra
2576 4476 2626 4523 et
2662 4473 2890 4522 Arrabaeo
2920 4471 3142 4534 gerebat,
3163 4470 3451 4534 implicitus,
3481 4473 3690 4524 Elimaeoe

2137 4549 2233 4612 regi
2267 4549 2545 4614 despondit,
2584 4550 2818 4599 minorem
2853 4562 2968 4600 vero
3007 4549 3226 4611 Amynta}
3263 4546 3391 4608 filio,
3416 4549 3690 4600 existimans

2137 4635 2239 4682 sore
2255 4632 2346 4682 boc
2365 4633 2522 4694 pacto,
2538 4633 2596 4681 ut
2612 4631 2774 4680 minus
2795 4630 2875 4680 ille
2893 4629 3166 4680 dissentiret
3180 4629 3243 4679 ab
3261 4628 3360 4677 filio
3378 4630 3460 4692 qui
3482 4628 3565 4692 ipsi
3591 4631 3688 4680 fue·

2137 4713 2210 4759 rat
2232 4722 2297 4759 ex
2320 4710 2573 4771 cleopatra
2591 4706 2767 4769 natus)
2798 4726 2813 4756 ι
2840 4705 2927 4756 sed
2949 4705 3248 4756 alienationis
3266 4705 3401 4768 origo
3420 4707 3534 4760 suit,
3560 4707 3689 4770 quod

2135 4787 2342 4849 graviter
2356 4784 2751 4835 consuetudinem
2774 4783 2927 4846 stupri
2945 4782 3186 4847 tulisset-J

2823 4880 2995 4946 [¹5⁵]

2198 4972 2609 5039 [conspirationis
2645 4974 2694 5023 in
2719 4972 3010 5023 Archelaum
3043 4972 3183 5021 sactae
3218 4973 3568 5022 Decamnicbus
3589 4970 3690 5020 dux

2135 5053 2253 5113 suit,
2281 5053 2363 5115 qui
2382 5051 2568 5114 primus
2588 5053 2775 5100 ceteros
2800 5048 3091 5109 concitavit,
3118 5047 3452 5110 iratuS,quod
3481 5048 3693 5110 Euripidi
3755 5045 3762 5052 '

2135 5137 2289 5199 poetae
2319 5132 2521 5184 traditus
2542 5131 2603 5181 ab
2626 5146 2683 5181 eo
2707 5132 2868 5181 fuisset
2891 5128 3234 5192 verberandus3
3267 5131 3514 5195 Euripides
3530 5133 3694 5180 autem
