4016 5916
1426 381 1907 446 CRETENSIUM
1966 386 2460 448 RESPUBLICA.
2568 434 2573 441 .

3404 395 3513 446 131

317 504 442 581 ἅμα
469 509 545 583 τῷ
575 504 719 580 με’λει
751 503 810 563 τὸ
838 507 954 563 κατ’
981 502 1147 584 ἀρχὰς
1184 505 1235 562 ἐν
1277 505 1448 569 αὐτοῖς
1476 503 1750 582 θηριῶδες,
1787 503 1882 561 καὶ
1977 502 2127 574 τικὴν
2154 504 2419 563 πολιτείαν
2460 506 2494 575 ἦ
2529 505 2633 563 τῶν
2662 503 2925 565 Λακώνων
2944 526 2961 545 ·
2988 506 3052 565 τὰ
3085 507 3137 566 δὲ
3181 510 3402 569 πλεῖστα
3431 516 3532 570 τῶν

329 592 631 671 εὐπρόσιτον
659 596 725 670 τῇ
768 597 857 650 τοῦ
894 585 1091 670 ῥυθμοῦ
1132 590 1348 663 ἧδύτητι
1391 594 1551 649 ποιῶν
1591 590 1651 649 τὸ
1679 614 1888 669 παραγ-
1977 590 2212 669 ἀρχαίων
2237 582 2391 661 ἧττον
2418 589 2729 671 διήρθρωται
2751 596 2853 651 τῶν
2881 593 3167 673 νεωτέρων.
3252 598 3401 657 Φασὶ
3429 598 3532 680 γὰρ

323 677 664 755 γελλόμενον,
688 677 777 736 καὶ
796 678 1087 750 ἐκλήθησαν
1116 678 1265 755 νόμοι
1284 676 1634 758 κιθαρῳδικοί.
1652 677 1884 738 Ἐκεῖθεν
1975 677 2064 736 τὸν
2094 681 2408 757 Λυκοῦργον,
2438 678 2522 738 ὅτε
2550 680 2646 753 τὴν
2670 680 2999 759 ἐπιτροπείαν
3028 682 3123 752 τὴν
3148 683 3417 764 Χαριλάου
3442 693 3532 746 τοῦ

327 763 386 824 δὲ
425 768 830 843 σεμνολογικῶς,
871 769 940 833 ὡς
976 764 1065 823 καὶ
1103 764 1444 845 Ἀριστοτέλει
1485 766 1652 837 δοκεῖ,
1691 765 1888 842 νόμοι
1982 764 2239 842 βασιλέως
2273 763 2580 823 καταλιπὼν
2622 765 2985 841 ἀπεδήμησεν,
3032 769 3149 826 τότε
3179 768 3265 827 τὸν
3292 773 3533 830 πλεῖστον

336 855 617 912 καλοῦνται
656 857 701 911 οἱ
743 853 978 930 μουσικοὶ
1006 851 1213 933 τρόποι,
1252 852 1369 912 καθ’
1397 852 1632 920 οὕστινας
1674 853 1885 935 ᾄδομεν.

333 944 542 999 Eadem
571 944 687 999 sere
715 946 892 1017 Etym.
925 946 1003 999 M.
1033 962 1094 1017 p.
1121 944 1255 1015 607.

1066 1038 1162 1095 88.

413 1145 693 1202 Zenobius
719 1146 797 1214 II,
829 1150 900 1210 al.
933 1162 947 1201 ε
975 1140 1031 1202 ‘A
1058 1139 1558 1223 φιλοχρηματία
1580 1140 1888 1221 Σπάρταν

337 1228 513 1304 ἕλοι,
542 1230 702 1288 ἄλλο
735 1226 797 1286 δὲ
827 1227 1057 1287 οὐδέν·
1108 1228 1241 1299 αὕτη
1281 1227 1520 1285 λέλεκται
1565 1226 1787 1285 ἐπὶτῶν
1834 1226 1888 1293 ἐξ

331 1315 563 1383 ἅπαντος
604 1314 887 1396 κερδαίνειν
926 1315 1371 1395 προαιρουμένων.
1409 1314 1795 1385 Μετενήνεκται
1833 1313 1885 1372 δὲ

338 1404 441 1461 ἀπὸ
487 1408 729 1482 χρησμοῦ
773 1402 998 1469 δοθέντος
1033 1401 1488 1480 Λακεδαιμονίοις,
1526 1403 1579 1460 ἐν
1610 1393 1655 1482 ᾧ
1695 1401 1888 1482 ἔχρησε

333 1490 454 1549 τότε
483 1494 510 1549 ὁ
538 1490 648 1557 θεὸς
673 1492 980 1549 ἀπολεῖσθαι
999 1486 1114 1555 τοὺς
1133 1489 1605 1565 Λακεδαιμονίους,
1635 1487 1760 1547 ὅταν
1789 1491 1888 1569 ἀρ-

322 1577 507 1657 γύριον
531 1577 624 1637 καὶ
648 1577 862 1657 χρυσίον
884 1577 1163 1655 τιμήσωσι.
1195 1576 1476 1654 Μέμνηται
1513 1583 1604 1637 τοῦ
1645 1583 1886 1657 χρησμοῦ

333 1663 690 1744 Ἀριστοτέλης
718 1667 772 1723 ἐν
799 1670 863 1745 τῇ
890 1665 1315 1742 Λακεδαιμονίων
1343 1664 1598 1745 πολιτεία.

419 1780 445 1804 α
493 1749 601 1811 ἕλοι
641 1766 961 1811 constanter
996 1756 1496 1830 Paroemiographi.
1529 1757 1703 1810 Recte
1748 1755 1886 1811 Plu-

331 1842 512 1899 tarch.
547 1843 754 1917 aliique
782 1842 907 1901 ὀλεῖ.
943 1843 1059 1899 vid.
1099 1842 1430 1916 Bernhardy
1458 1841 1531 1898 ad
1567 1841 1816 1899 Suidam.
1857 1867 1880 1891 υ

1981 852 2246 934 διατρῖψαι
2263 851 2449 931 χρόνον
2477 851 2598 933 περὶ
2623 851 2716 922 τὴν
2738 850 2950 930 Κρήτην
2976 852 3060 911 διὰ
3084 853 3178 926 τὴν
3200 856 3526 934 συγγένειαν·

1982 938 2189 999 ἄποικοι
2215 938 2316 1019 γὰρ
2339 942 2386 998 οἱ
2414 941 2629 999 Λύκτιοι
2651 941 2755 998 τῶν
2776 939 3041 1000 Λακώνων
3068 933 3225 1012 ἦσαν·
3250 943 3535 1004 κατέλαὸον

1981 1026 2026 1084 δ’
2056 1030 2104 1086 οἱ
2130 1026 2257 1107 πρὸς
2286 1024 2381 1098 τὴν
2405 1027 2652 1086 ἀποικίαν
2675 1027 2903 1094 ἐλθόντες
2928 1027 3022 1099 τὴν
3050 1029 3193 1098 τάξιν
3221 1033 3323 1089 τῶν
3361 1031 3533 1108 νόμων

1984 1113 2322 1194 ὑπάρχουσαν
2352 1116 2404 1173 ἐν
2444 1122 2548 1181 τοῖς
2573 1113 2689 1174 τότε
2731 1120 3058 1174 κατοικοῦσιν
3078 1139 3092 1154 ·
3131 1116 3210 1176 διὸ
3249 1118 3338 1176 καὶ
3366 1125 3452 1177 νῦν
3491 1122 3536 1178 οἱ

1980 1202 2234 1281 περίοικοι
2257 1201 2343 1260 τὸν
2375 1200 2529 1260 αὗτὸν
2559 1201 2749 1283 τρόπον
2771 1206 3001 1282 χρῶνται
3032 1206 3231 1280 αὐτοῖς,
3257 1210 3325 1274 ὡς
3366 1230 3538 1265 κατα-

1981 1288 2324 1355 σκευάσαντος
2349 1288 2498 1349 Μίνω
2511 1288 2717 1370 πρώτου
2734 1288 2826 1361 τὴν
2849 1289 2992 1359 τάξιν
3013 1294 3116 1349 τῶν
3143 1293 3332 1371 νόμων.
3356 1295 3417 1371 (2)
3436 1300 3536 1353 Δο·

1979 1376 2064 1433 κεῖ
2076 1376 2120 1433 δ’
2146 1381 2179 1447 ἡ
2199 1379 2351 1448 ν’ἤσος
2373 1377 2462 1434 καὶ
2486 1378 2610 1455 πρὸς
2627 1377 2720 1448 τὴν
2735 1376 2903 1457 ἀρχὴν
2918 1375 3010 1449 τὴν
3034 1376 3351 1451 Ἑλληνικὴν
3374 1402 3538 1460 πεφυ-

1978 1462 2122 1521 κέναι
2142 1463 2231 1522 καὶ
2243 1465 2442 1524 κεῖσθαι
2461 1466 2649 1531 καλῶς·
2666 1463 2813 1542 πάσῃ
2828 1463 2929 1545 γὰρ
2942 1464 3196 1525 ἐπίκειται
3210 1472 3276 1547 τῇ
3299 1466 3536 1548 θαλάσσῃ

1981 1549 2168 1629 σχεδὸν
2198 1552 2300 1608 τῶν
2342 1548 2613 1621 Ἑλλήνων
2653 1550 2938 1631 ἱδρυμένων
2981 1551 3103 1633 περὶ
3131 1550 3223 1625 τὴν
3264 1552 3533 1612 θάλασσαν

1979 1639 2215 1697 πάντων·
2241 1637 2428 1718 ἀπέχει
2446 1637 2547 1718 γὰρ
2567 1641 2631 1719 τῇ
2654 1637 2746 1715 μὲν
2775 1643 2866 1711 τῆς
2891 1639 3292 1713 Πελοποννήσου
3322 1641 3534 1721 μικρὸν,

1978 1730 2043 1805 τῇ
2073 1726 2127 1785 δὲ
2155 1729 2245 1797 τῆς
2270 1726 2440 1793 Ἄσίας
2468 1731 2557 1784 τοῦ
2583 1726 2701 1806 περὶ
2729 1725 2980 1806 Τριόπιον
3005 1728 3165 1786 τόπου
3198 1728 3287 1786 καὶ
3323 1727 3527 1789 Ῥόδον.

1977 1812 2072 1872 Διὸ
2112 1812 2201 1871 καὶ
2229 1813 2323 1884 τὴν
2345 1817 2436 1885 τῆς
2476 1812 2741 1884 θαλάσσης
2770 1812 2939 1893 ἀρχὴν
2969 1814 3222 1895 κατέσχεν
3259 1819 3287 1873 ὁ
3324 1816 3537 1886 Μίνως,

339 1932 770 1989 Scunmmm.
803 1931 901 1994 Cf.
958 1932 1298 2006 Diogenian.
1329 1932 1414 2000 11,
1457 1928 1565 1999 36;
1608 1929 1889 1986 Plutarch.
1933 1966 1938 1979 ·
1980 1899 2067 1956 καὶ
2094 1898 2184 1966 τὰς
2206 1899 2391 1971 νήσους
2418 1897 2509 1967 τὰς
2529 1899 2623 1976 μὲν
2643 1900 2984 1980 ἐἉεῑΡώσατΟν
3005 1900 3096 1967 τὰς
3119 1904 3165 1961 δ’
3187 1900 3372 1984 ‘'imm“
3396 1902 3540 1969 τέλος

333 2021 507 2077 prov,
555 2018 657 2091 433
687 2021 945 2093 Apostol.
977 2023 1051 2097 V„
1086 2039 1185 2087 113
1215 2022 1414 2076 Arsen.
1437 2019 1560 2093 '873
1607 2018 1887 2074 Plutarch.
1931 1982 1941 2112 i

341 2110 553 2164 Lacon.
576 2106 780 2167 Institt.
805 2127 865 2182 p.
889 2107 1004 2181 239
1024 2110 1099 2177 E3
1130 2107 1375 2164 Diodor.
1404 2109 1543 2163 Exc.
1566 2109 1688 2162 Vat.
1718 2104 1887 2178 (VII,

348 2201 415 2260 ιΙ.
434 2233 451 2262 ,
479 2192 512 2249 5
536 2194 628 2251 ed.
645 2193 896 2271 Didot.);
915 2196 1092 2253 schol.
1119 2196 1287 2251 Arist.
1311 2197 1435 2249 Pac.
1455 2192 1600 2262 6233
1624 2191 1821 2248 Suidas
1835 2211 1888 2249 v.

341 2278 753 2357 Διειρωνόξενοις
776 2283 973 2339 Cicero
991 2285 1078 2338 De
1099 2280 1248 2339 osfic.
1269 2284 1325 2338 11
1352 2323 1367 2350 ,
1392 2300 1488 2350 αα,
1514 2300 1544 2351 7
1563 2302 1578 2349 ;
1600 2281 1887 2336 Plutarch.

335 2369 504 2443 Agid.
527 2388 595 2443 93
621 2372 885 2428 Institutt.
911 2373 1127 2427 Lacon.
1155 2389 1204 2428 c.
1233 2376 1335 2438 42,
1353 2389 1412 2443 p.
1436 2368 1571 2444 239,
1595 2371 1668 2436 E;
1695 2368 1892 2440 Olym-

323 2459 569 2533 =piodor.
595 2461 654 2515 in
673 2462 890 2519 Platon.
918 2459 1100 2516 Alcib.
1121 2461 1172 2516 1.
1204 2468 1568 2515 commentar.
1604 2475 1665 2531 p.
1699 2456 1828 2521 164.

903 2606 1283 2684 [KPHTQN.
1309 2605 1332 2682 ]

1003 2728 1112 2806 [88
1142 2727 1235 2806 a.]

421 2863 613 2930 [Arist.
641 2863 764 2919 Pol.
798 2863 887 2930 11,
918 2881 977 2936 7,
1004 2882 1026 2916 1
1053 2881 1067 2917 ε
1096 2858 1163 2918 Ἡ
1190 2857 1244 2917 δὲ
1275 2856 1512 2939 Κρητικὴ
1534 2855 1768 2916 πολιτεία
1792 2855 1895 2915 πά-

343 2968 524 3024 ρεγγυς
540 2944 635 3021 μέν
658 2948 768 3005 ἐστι
792 2944 982 3018 ταύτης
1004 2950 1020 3025 (
1040 2949 1130 3018 τῆς
1154 2948 1501 3023 Λακωνικῆς),
1530 2945 1639 3025 ἔχει
1662 2945 1715 3004 δὲ
1735 2943 1895 3025 μικρὰ

346 3031 441 3108 μὲν
473 3035 530 3091 οὗ
557 3042 754 3112 χεῖρον,
781 3033 841 3092 τὸ
882 3031 938 3091 δὲ
966 3035 1142 3091 πλεῖον
1170 3025 1326 3104 ἧττον
1355 3035 1628 3113 γλαφυρῶς
1645 3056 1657 3069 ·
1683 3032 1774 3091 καὶ
1797 3031 1897 3111 γὰρ

339 3117 474 3178 ἔοικε
504 3120 594 3179 καὶ
613 3120 820 3198 λέγεται
844 3120 897 3179 δὲ
924 3119 990 3179 τὰ
1013 3122 1234 3179 πλεῖστα
1264 3124 1593 3198 μεμιμῆσθαι
1614 3121 1708 3191 τὴν
1741 3121 1887 3201 Κρη-

1068 3291 1156 3341 88.

407 3404 646 3452 Avaritia
677 3403 924 3464 Spartam
954 3400 1163 3463 perdet,
1194 3399 1347 3451 aliud
1371 3400 1527 3450 nihil.
1559 3401 1662 3449 Hoc
1689 3410 1888 3461 prover-

341 3479 479 3528 bium
497 3478 558 3529 de
572 3479 630 3528 iis
642 3477 837 3541 dicitur,
856 3476 1019 3540 quiex
1031 3476 1161 3526 omni
1181 3490 1232 3526 rc
1251 3478 1488 3540 quaestum
1509 3477 1662 3526 facere
1681 3475 1892 3525 student.

343 3557 648 3607 ‘translatum
671 3558 743 3606 est
764 3555 827 3605 ab
847 3554 1045 3604 oraculo
1065 3553 1441 3604 Lacedaemoniis
1459 3554 1571 3602 dato
1585 3589 1599 3613 ,
1614 3565 1710 3616 quo
1730 3551 1898 3601 ratici-

341 3637 489 3684 natus
515 3633 635 3683 deus
652 3636 724 3682 est
743 3634 851 3682 tum
869 3631 1259 3682 Lacedaemonios
1281 3630 1520 3693 perditum
1547 3630 1631 3690 iri,
1653 3643 1802 3692 quum
1820 3641 1899 3677 ar-

344 3714 542 3774 gentum
566 3713 615 3760 et
630 3723 804 3760 aurum
823 3710 871 3758 in
890 3709 1071 3758 honore
1092 3708 1267 3757 babere
1289 3709 1532 3769 coeperiut.
1559 3707 1772 3756 Meminit
1795 3719 1900 3754 ora-

343 3789 735 3840 cul'rAristoteles
752 3788 800 3837 iu
827 3785 1290 3837 Lacedaemoniorum
1317 3784 1591 3847 Republica.

874 3947 968 4006 CR
978 3944 1375 4004 ETENSIUM.

1045 4093 1114 4142 88
1151 4101 1200 4141 a.

414 4220 710 4270 Cretensium
729 4219 892 4266 autem
908 4215 1171 4278 respublica
1185 4215 1245 4264 ad
1262 4216 1546 4276 Spartanam
1561 4214 1777 4276 proxime
1799 4214 1903 4276 qui-

337 4297 468 4347 -dem
494 4295 677 4346 accedit
704 4293 822 4343 :sed
846 4306 999 4355 quum
1024 4292 1198 4342 babeat
1216 4305 1369 4354 pauca
1400 4291 1623 4355 qutrdam
1649 4304 1747 4340 non
1771 4289 1903 4340 dete-

353 4376 482 4425 riora
494 4412 509 4437 ,
529 4372 736 4438 plurima
753 4372 915 4421 tamen
930 4370 1074 4419 babet
1099 4369 1259 4418 minus
1276 4369 1466 4418 exculta
1494 4368 1746 4430 minusque
1763 4382 1904 4431 expo·

353 4453 457 4502 lita.
500 4450 697 4500 videtur
719 4447 847 4497 enim
865 4484 880 4510 ,
902 4449 950 4497 et
968 4460 1084 4495 vero
1109 4446 1176 4496 ita
1211 4445 1406 4506 dicitur,
1435 4444 1904 4495 Lacedaemonioruin

355 4529 622 4593 respublica
636 4526 874 4591 plerisque
889 4525 939 4574 in
955 4525 1098 4574 rebus
1110 4525 1386 4575 Cretensem
1401 4536 1504 4573 ase
1520 4522 1762 4572 aemulata.
1785 4524 1907 4573 Anti·

354 4607 518 4670 quitas
539 4607 700 4654 autem
734 4603 1050 4665 utplurimum
1067 4602 1229 4650 minus
1245 4602 1318 4650 est
1335 4600 1576 4649 elaborata
1597 4602 1646 4649 et
1669 4599 1879 4663 perfecta
1891 4636 1906 4662 ,

353 4698 505 4749 qnam
524 4683 788 4733 recentiora
803 4683 995 4731 iuventa
1011 4682 1164 4730 solent
1179 4693 1294 4730 esse.
1317 4679 1463 4729 Aiunt
1477 4679 1603 4729 enim
1619 4681 1907 4741 Lycurgum,

356 4777 510 4827 quum
526 4762 689 4812 relicta
702 4760 909 4811 Cltarilai
925 4760 1047 4821 regis
1058 4758 1210 4809 tutela
1221 4771 1415 4821 peregre
1427 4758 1635 4820 abiisset,
1650 4758 1909 4821 plurimum

355 4840 587 4903 temporis
609 4840 658 4888 in
686 4838 837 4887 insula
857 4839 1000 4887 Creta
1023 4837 1372 4906 commoratum
1391 4849 1492 4884 esse
1518 4838 1709 4898 propter
1735 4847 1910 4897 cogna-

359 4921 560 4968 tionem.
588 4917 758 4966 coloni
778 4915 906 4963 enim
921 4916 1060 4964 erant
1082 4913 1232 4976 Lyctii
1248 4926 1276 4962 a
1301 4912 1675 4963 Lacedaemoniis
1688 4913 1908 4976 profecti.

359 4997 656 5061 Repererunt
677 4996 841 5043 autem
865 4993 926 5054 ii,
948 4993 1028 5055 qui
1049 4993 1097 5042 in
1116 4991 1350 5041 coloniam
1373 4991 1566 5040 deducti
1583 4994 1712 5052 sunt,
1735 4991 1913 5040 incolas

351 5079 469 5124 mm
485 5073 672 5135 legibus
693 5073 742 5120 et
758 5070 991 5120 institutis
1004 5071 1191 5119 utentes
1210 5105 1225 5131 ,
1244 5069 1422 5133 quibus
1441 5081 1517 5118 ree
1537 5079 1705 5118 eorum
1729 5070 1913 5131 primus

355 5151 830 5205 annosordiuaverat
848 5170 859 5200 ι
876 5149 1101 5212 quocirca
1118 5148 1262 5198 etiam
1279 5160 1406 5197 nunc
1420 5147 1564 5198 vicini
1583 5147 1752 5197 eodem
1768 5147 1912 5220 modo

1983 1985 2038 2043 δὲ
2069 1986 2367 2064 ἐπιθέμενος
2409 1990 2473 2067 τῇ
2518 1988 2734 2067 Σικελία
2785 1986 2872 2046 τὸν
2902 1988 3011 2066 βίον
3055 1990 3387 2060 ἐτελεύτησεν
3432 1989 3540 2047 ἐκεῖ

1978 2072 2098 2152 περὶ
2132 2072 2394 2150 Κάμικον.
2431 2073 2494 2154 (a)
2523 2072 2682 2154 Ἔχει
2705 2076 2751 2133 δ’
2780 2074 3032 2153 ἀνάλογον
3060 2079 3094 2148 ἡ
3129 2074 3367 2157 Κρητικὴ
3392 2075 3532 2144 τάξις

1982 2160 2111 2241 πρὸς
2136 2161 2232 2232 τὴν
2255 2161 2597 2233 Λακωνικήν·
2624 2162 2910 2243 γεωργοῦσί
2938 2187 2993 2221 τε
3021 2162 3122 2246 γὰρ
3146 2169 3259 2231 τοῖς
3273 2164 3367 2241 μὲν
3389 2161 3539 2223 εἵλω-

1981 2272 2096 2320 τες,
2142 2250 2245 2314 τοῒς
2284 2248 2338 2307 δὲ
2378 2249 2581 2331 Κρησὶν
2610 2252 2657 2308 οἱ
2693 2250 2974 2329 περίοικοι·
3013 2252 3101 2309 καὶ
3131 2251 3371 2310 συσσίτια
3407 2253 3536 2331 παρ’

1983 2334 2291 2416 ἀμφοτέροις
2315 2336 2427 2396 ἐστί
2444 2362 2455 2373 ·
2486 2337 2575 2395 καὶ
2604 2338 2664 2396 τό
2689 2361 2748 2417 γε
2782 2340 2999 2419 ἀρχαῖον
3029 2338 3244 2398 ἐκάλουν
3272 2341 3318 2397 οἱ
3346 2338 3539 2398 Λάκω-

1983 2444 2063 2488 νες
2085 2424 2141 2480 οὗ
2167 2422 2383 2501 φιδίτια,
2411 2423 2549 2482 ἀλλὰ
2578 2422 2790 2503 ἅνδρια,
2820 2425 3052 2506 καθάπερ
3067 2427 3115 2484 οἱ
3142 2429 3358 2505 Κρῆτες,
3387 2418 3423 2503 ᾗ
3449 2426 3540 2484 καὶ

1982 2509 2136 2579 δῆλον
2165 2506 2243 2567 ὅτι
2284 2512 2474 2569 ἐκεῖθεν
2512 2510 2774 2582 ἐλήλυθεν.
2810 2508 2932 2572 Ἔτι
2976 2511 3030 2571 δὲ
3058 2516 3151 2583 τ’ῆς
3186 2513 3451 2581 πολιτείας
3500 2518 3535 2584 ἠ

1985 2593 2157 2662 τάξις·
2187 2598 2232 2654 οἱ
2274 2594 2368 2673 μὲν
2411 2595 2512 2677 γὰρ
2558 2597 2730 2678 ἔφοροι
2771 2598 2865 2669 τὴν
2906 2598 3063 2670 αὐτὴν
3104 2598 3282 2678 ἔχουσι
3322 2598 3539 2674 δύναμιν

1889 2731 1900 2741 .
1984 2681 2088 2747 τοῖς
2112 2682 2163 2739 ἐν
2198 2686 2264 2761 τῇ
2300 2681 2479 2762 Κρήτῃ
2526 2682 2862 2760 καλουμένοις
2902 2684 3140 2762 κόσμοις,
3183 2685 3320 2758 πλὴν
3363 2689 3410 2745 οἱ
3441 2686 3535 2761 μὲν

1986 2767 2157 2852 ἔφοροι
2187 2773 2336 2829 πέντε
2365 2769 2452 2830 τὸν
2473 2771 2713 2852 ἀριθμὸν,
2749 2775 2796 2831 οἱ
2824 2772 2877 2830 δὲ
2913 2772 3101 2849 κόσμοι
3128 2775 3253 2831 δέκα
3286 2773 3433 2833 εἰσίν.
3467 2777 3539 2833 Οἱ

1986 2855 2040 2912 δὲ
2066 2855 2299 2936 γέροντες
2323 2866 2427 2924 τοῖς
2459 2856 2716 2938 γέρουσιν,
2746 2859 2832 2925 οὓς
2861 2861 3107 2917 καλοῦσιν
3130 2862 3176 2917 οἳ
3205 2861 3405 2939 Κρῆτες
3428 2864 3541 2938 βου·

1984 2942 2103 3018 λὴν,
2128 2942 2252 3005 ἴσοι.
2276 2946 2528 3005 Βασιλεία
2554 2946 2606 3004 δὲ
2632 2945 2875 3028 πρότερον
2898 2944 2992 3024 μὲν
3008 2938 3089 3019 ἦν,
3110 2936 3220 3005 εἶτα
3249 2946 3542 3006 κατέλυσαν

1988 3034 2036 3090 οἱ
2060 3034 2286 3112 Κρῆτες·
2315 3034 2405 3093 καὶ
2428 3032 2521 3105 τὴν
2554 3035 2838 3112 ἡγεμονίαν
2872 3037 2918 3092 οἱ
2944 3035 3131 3112 κόσμοι
3159 3035 3253 3107 τὴν
3277 3034 3413 3094 κατὰ
3446 3036 3544 3094 πό-

1987 3121 2146 3196 λεμον
2186 3119 2409 3201 ἔχουσιν.
2453 3124 2517 3200 (ε)
2550 3122 2872 3194 Ἐκκλησίας
2901 3122 2956 3181 δὲ
2992 3121 3269 3202 μετέχουσι
3318 3123 3541 3191 πάντες·

1989 3284 2046 3333 iis
2061 3288 2277 3337 utuntur.
2295 3287 2361 3348 (2)
2376 3287 2574 3336 Videtur
2587 3290 2748 3337 autem
2764 3288 2919 3337 insula
2937 3289 2985 3337 et
2998 3288 3058 3336 ad
3078 3289 3331 3350 imperium
3342 3289 3545 3340 Graecioe

1994 3363 2117 3411 saeta
2141 3365 2313 3412 natura
2336 3365 2385 3412 et
2412 3364 2664 3414 commode
2686 3365 2948 3413 admodum
2970 3364 3077 3414 sita.
3103 3366 3245 3413 Omni
3272 3367 3401 3414 enim
3420 3369 3543 3414 mari

1991 3438 2257 3502 propinqua
2276 3439 2521 3502 imminet,
2550 3443 2601 3491 et
2620 3442 2775 3491 Graeci
2801 3442 2899 3490 fere
2911 3454 3078 3490 omnae
3094 3441 3223 3490 circa
3246 3453 3377 3492 mare
3404 3442 3543 3492 sedes

1992 3516 2218 3565 fixerunt.
2251 3515 2395 3566 Abest
2426 3517 2556 3567 enim
2577 3518 2666 3567 hac
2693 3519 2829 3580 parte
2852 3518 3050 3580 quidem
3077 3530 3174 3566 non
3199 3518 3337 3580 longe
3354 3531 3384 3567 a
3406 3519 3545 3568 Pelo-

1993 3605 2203 3652 ponneso
2220 3628 2234 3652 ,
2272 3592 2353 3641 illa
2393 3596 2556 3643 autem
2601 3595 2664 3643 ab
2703 3597 2825 3644 Asiae
2864 3595 3053 3656 regione
3096 3608 3208 3658 quae
3247 3597 3319 3644 est
3364 3596 3545 3645 circum

1990 3670 2236 3732 'rriopium
2256 3672 2306 3720 et
2332 3671 2570 3721 Rhodum.
2593 3667 2891 3735 Quapropter
2913 3675 2963 3721 et
2987 3673 3132 3722 maris
3152 3672 3407 3735 imperium
3425 3673 3545 3723 obti-

1990 3748 2100 3797 nuit
2117 3749 2272 3799 Minos
2288 3784 2301 3810 ,
2318 3751 2368 3799 et
2385 3749 2564 3799 insulas
2588 3749 2706 3799 alias
2732 3750 2857 3812 cepit
2874 3786 2888 3810 ,
2908 3750 3027 3799 alias
3059 3749 3242 3800 colonia
3273 3750 3546 3812 frequenta·

1992 3826 2078 3875 vit.
2147 3825 2219 3875 Ad
2237 3827 2508 3876 extremum
2526 3827 2689 3876 autem
2711 3826 2836 3875 bello
2857 3825 3030 3875 Siciliae
3055 3826 3189 3877 illato
3203 3863 3219 3888 ,
3253 3826 3351 3877 illic
3376 3827 3439 3876 ad
3456 3829 3545 3878 Ca·

1993 3905 2173 3953 micum
2212 3905 2415 3955 excessit
2448 3918 2475 3954 e
2511 3904 2628 3954 vita.
2699 3905 2765 3966 (3)
2801 3905 3043 3954 Cretensis
3072 3906 3235 3954 autem
3272 3905 3546 3967 reipublicae

1993 3983 2248 4045 descriptio
2265 3985 2408 4045 atque
2425 3981 2662 4032 ordinatio
2682 3981 2930 4032 Laconicae
2953 3983 3221 4045 respondet.
3250 3988 3398 4046 Agros
3416 3985 3543 4033 enim

1993 4060 2157 4110 colunt
2191 4059 2263 4110 his
2291 4059 2484 4123 quidem
2504 4059 2723 4121 Helotes,
2751 4058 2843 4108 illis
2865 4062 3025 4108 autem
3064 4060 3260 4109 Perioeci
3304 4073 3426 4122 quos
3456 4075 3543 4124 ap·

1992 4139 2172 4201 pellant
2201 4157 2214 4187 ι
2240 4140 2289 4188 et
2315 4137 2533 4186 convivia
2552 4137 2741 4199 publica
2779 4136 2902 4186 flunt
2935 4138 3063 4200 apud
3086 4140 3329 4201 utrosque.
3356 4143 3425 4189 Ac
3446 4141 3547 4202 pri-

1993 4216 2089 4265 scis
2105 4228 2219 4265 saue
2236 4214 2529 4277 temporibus
2547 4214 2858 4263 nominabant
2877 4215 2956 4264 illa
2973 4218 3185 4265 Lacones
3209 4229 3303 4264 non
3317 4216 3519 4266 Phiditia
3532 4254 3547 4278 ,

1993 4294 2065 4343 uti
2099 4307 2230 4343 nuuc
2246 4329 2260 4356 ,
2288 4293 2371 4343 sed
2408 4293 2614 4355 Andria,
2633 4293 3041 4354 quemadmodum
3062 4296 3309 4343 Cretenses
3335 4307 3430 4343 aex
3449 4308 3548 4356 quo

1992 4374 2137 4423 etiam
2154 4373 2458 4436 perspicuum
2478 4374 2576 4432 eet,
2612 4371 2673 4420 ab
2715 4371 2787 4420 liis
2820 4372 2926 4420 orta
2955 4384 3071 4422 esse.
3140 4374 3374 4421 Praeterea
3402 4372 3546 4422 etiam

1994 4451 2268 4513 reipublicoe
2291 4448 2677 4499 administrandae
2699 4449 2970 4512 descriptio.
2996 4451 3173 4513 Ephori
3199 4450 3327 4500 enim
3346 4451 3547 4501 eandem

1995 4528 2337 4578 Lacedaemone
2388 4528 2671 4589 potestatem
2725 4527 2977 4588 obtinent,
3030 4530 3176 4589 atque
3227 4526 3277 4575 iu
3331 4529 3472 4577 Creta
3516 4529 3550 4578 ii

1994 4604 2080 4667 qui
2106 4605 2333 4653 dicuntur
2352 4603 2513 4653 cosmi
2540 4622 2553 4652 z
2586 4603 2675 4653 nisi
2703 4603 2833 4665 quod
2860 4604 3025 4666 epliori
3048 4617 3247 4654 numero
3264 4606 3379 4654 sunt
3406 4605 3550 4666 quiu-

1997 4694 2119 4744 que,
2157 4681 2306 4730 cosmi
2340 4680 2508 4730 decem
2545 4698 2558 4729 z
2601 4683 2845 4730 senatores
2876 4683 3038 4730 autem
3073 4681 3398 4740 senatoribuS,
3429 4695 3550 4745 quos

1997 4761 2166 4807 Cretes
2184 4757 2333 4807 Bulan
2347 4793 2362 4818 ,
2391 4758 2483 4806 boc
2509 4759 2582 4807 est
2608 4757 2863 4806 consilium
2878 4793 2893 4818 ,
2923 4758 3196 4820 appellant,
3215 4771 3418 4808 numero
3438 4762 3549 4809 sunt

1997 4848 2150 4898 parea.
2175 4837 2319 4884 Porro
2328 4835 2471 4884 etiam
2485 4834 2673 4896 regibus
2685 4837 2825 4883 antea
2845 4837 3095 4885 Cretensoe
3111 4838 3374 4899 paruerunt
3394 4839 3551 4898 ;post·

1998 4926 2056 4962 ea
2086 4923 2202 4962 vero
2226 4911 2430 4974 regalem
2459 4913 2743 4973 potestatem
2762 4912 3086 4974 sustulerunt,
3123 4915 3175 4962 et
3193 4914 3342 4963 cosmi
3358 4913 3407 4963 in
3426 4913 3551 4964 bello

1999 4990 2259 5052 principem
2277 4989 2436 5038 locum
2452 4988 2799 5049 imperiumque
2811 4989 3045 5039 obtinent.
3063 4991 3128 5052 (4)
3145 4990 3400 5040 concionis
3412 4999 3555 5052 porro

1999 5081 2166 5118 omnes
2186 5070 2300 5118 sunt
2326 5066 2522 5129 quidem
2545 5066 2823 5128 participes,
2848 5067 2929 5117 sed
2958 5081 3104 5130 penes
3133 5068 3264 5118 illam
3284 5064 3467 5117 nullius
3484 5068 3553 5118 rei

2001 5145 2220 5206 gerendae
2238 5146 2451 5207 potestas
2473 5145 2544 5194 est
2558 5181 2572 5205 ,
2591 5144 2911 5206 praeterqumn
2931 5157 3097 5194 earum
3124 5157 3287 5196 rerum
3300 5181 3315 5207 ,
3334 5157 3446 5206 quae
3476 5157 3556 5194 se-

3195 5268 3234 5305 9.
