4016 5916
510 377 623 429 628

1238 518 1303 554 12

509 600 529 610 ⁶
580 615 865 671 Plutarch.
903 616 1148 685 Lycurg.
1183 630 1234 665 c.
1270 607 1375 678 25,
1418 612 1449 674 A
1487 603 1664 664 εΟὗδὲ
1692 602 1793 685 γὰρ
1823 603 1976 670 αὐτὸς
2007 594 2074 675 ἦν

506 699 748 781 ἀκράτως
773 697 1028 777 αὐστηρὸς
1052 701 1079 755 ὁ
1100 701 1413 776 Λυκοῦργος·
1439 691 1574 751 ἀλλὰ
1596 692 1686 749 καὶ
1708 692 1767 750 τὸ
1791 697 1881 750 τοῦ
1903 691 2076 751 Γέλω-

499 803 587 847 τος
620 777 949 858 ἀγαλμάτιον
990 778 1183 835 ἐκεῖνον
1211 775 1521 855 ἱδρύσασθαι
1559 769 1815 838 Σωσίὸιος
1842 773 2069 850 ἱστορεῖ,

504 870 597 941 τὴν
626 867 841 927 παιδιὰν
870 865 1048 946 ὥσπερ
1071 863 1286 941 ἥδυσμα
1310 868 1402 921 τοῦ
1440 858 1598 919 πόνου
1637 859 1727 918 καὶ
1758 864 1851 932 τῆς
1873 860 2075 929 διαίτης

503 948 804 1027 ἐμὸαλόντα
831 943 971 1005 κατὰ
993 943 1170 1024 καιρὸν
1193 946 1263 1009 εἰς
1290 941 1356 1000 τὰ
1381 940 1651 1019 συμπόσια
1672 938 1762 997 καὶ
1785 938 1880 1006 τὰς
1905 939 2075 997 τοιαύ·

509 1059 604 1104 τας
631 1032 921 1116 διατριὸάς.
953 1033 1035 1093 Cf.
1061 1034 1284 1090 Miiller.
1323 1033 1455 1090 Dor.
1490 1031 1574 1100 11,
1593 1048 1650 1104 p.
1677 1029 1812 1103 390.
1860 1032 1865 1036 ’

1243 1137 1334 1193 13.

581 1258 881 1314 Athenaeus
897 1257 1003 1325 111,
1030 1273 1088 1328 p.
1114 1253 1206 1324 78,
1231 1254 1273 1309 C
1298 1273 1312 1307 :
1333 1249 1592 1316 Σωσίὸιος
1613 1249 1658 1307 δ’
1683 1250 1710 1306 ὁ
1731 1246 1924 1308 Λάκων
1941 1249 2076 1305 ἀπο·

503 1342 701 1411 δεικνὺς
745 1340 950 1423 εὕρημα
980 1338 1231 1399 Διονύσου
1273 1336 1366 1408 τὴν
1410 1340 1600 1415 συκῆν,
1645 1332 1731 1394 διὰ
1769 1333 1919 1394 τοῦτό
1947 1357 2076 1415 φησι

503 1431 593 1492 καὶ
622 1426 1066 1506 Λακεδαιμονίους
1090 1424 1307 1496 συκίτην
1339 1423 1588 1484 Διόνυσον
1613 1432 1792 1500 τιμᾶν.

1247 1553 1268 1588 1
1282 1541 1312 1601 ί,
1325 1577 1339 1593 .

585 1647 836 1704 Clemens
858 1644 1018 1700 Alex.
1041 1644 1232 1698 Protr.
1260 1659 1309 1696 c.
1332 1657 1388 1708 2,
1411 1657 1472 1714 p.
1504 1657 1527 1693 1
1545 1658 1595 1707 1,
1614 1637 1686 1693 23
1705 1637 1859 1712 Sylb.
1885 1632 2077 1694 z'Ectt

503 1733 594 1791 καὶ
612 1731 889 1810 [Ιοδᾶγροις
910 1725 1202 1807 Ἀρτέμιδος
1222 1727 1273 1783 ἐν
1290 1729 1355 1804 τῇ
1377 1727 1660 1803 Λακωνικῇ
1680 1723 1837 1803 ἱερὸν,
1861 1720 1929 1790 ὥς
1950 1745 2076 1802 φησι

506 1819 786 1885 Σωσίὸιος.

1254 1911 1342 1972 15.

582 2039 745 2096 Idem
770 2037 912 2095 ibid.
943 2056 1004 2111 p.
1052 2055 1139 2107 10,
1163 2034 1235 2101 46
1264 2054 1277 2089 2
1304 2030 1560 2098 Σωσίὸιος
1589 2029 1641 2088 δὲ
1672 2028 1762 2088 καὶ
1786 2028 1873 2087 τὸν
1905 2027 2074 2109 Ἥρα-

507 2126 636 2187 κλέα
669 2124 797 2207 πρὸς
823 2127 926 2181 τῶν
952 2120 1404 2184 Ἱπποκοωντίδων
1428 2117 1568 2177 κατὰ
1596 2121 1688 2190 τῆς
1724 2116 1895 2199 χειρὸς
1924 2121 2080 2176 οὔτα-

505 2218 691 2286 σθῆναι
712 2211 875 2292 λέγει.
899 2213 1188 2269 Amobius
1207 2211 1353 2269 Adv.
1375 2210 1541 2269 Gent.
1574 2211 1669 2278 lv,
1705 2227 1772 2264 ια
1804 2227 1820 2263 2
1852 2210 1981 2265 Non
2001 2209 2077 2264 ab

504 2308 902 2385 Hippocoontis
929 2305 1113 2360 liheris
1140 2307 1317 2378 ipsum
1350 2299 1606 2358 Sose‘he‘us
1636 2300 1930 2355 Herculem
1958 2319 2081 2354 cru·

506 2402 715 2452 ciatum
746 2397 935 2451 tulisse
943 2391 1316 2469 pronuntiat?
1350 2388 1437 2449 Cf.
1470 2386 1742 2460 Diodor.‚
1772 2388 1869 2461 IV,
1902 2386 1996 2444 33.

1248 2501 1340 2557 16.

587 2627 779 2684 Schol.
802 2628 939 2682 Eur.
966 2625 1150 2683 Orest.
1183 2621 1330 2678 1632
1362 2640 1377 2676 ε
1403 2615 1534 2681 Ὅτι
1557 2617 1648 2676 καὶ
1683 2620 1717 2688 ἡ
1752 2614 1944 2691 Ἑλένη
1976 2619 2084 2683 τοῖς

503 2710 902 2794 χειμαζομένοις
957 2710 1095 2769 κατὰ
1147 2707 1412 2767 θάλατταν
1468 2704 1692 2778 ἐπήκοός
1744 2707 1887 2777 ἔστι,
1942 2703 2081 2763 κατὰ

512 2800 799 2881 Εὐριπίδην
846 2796 1238 2875 σεσημείωται·
1273 2798 1300 2852 ὁ
1334 2795 1507 2873 μέντοι
1548 2791 1807 2860 Σωσίὸιος
1847 2792 2075 2871 ἔμπαλιν

505 2885 669 2945 οἴεται
706 2889 800 2945 οὒκ
828 2888 1057 2963 εὖμενῶς
1089 2883 1253 2954 αὐτὴν
1295 2880 1674 2964 ἐπιφαίνεσθαι.
1722 2880 1980 2957 Πολέμων
2022 2877 2077 2938 δὲ

503 2997 553 3034 κ.
574 2998 621 3032 τ.
641 2975 695 3034 λ.
725 2978 813 3031 De
839 2994 979 3054 ιον.
1008 2974 1297 3032 Welcker.
1329 2974 1541 3048 Trilog.
1568 2988 1631 3045 p.
1656 2969 1791 3045 599,
1812 2970 1926 3028 288
1946 2990 2077 3045 sqq.

1252 3094 1340 3145 17.

586 3212 867 3284 Diogenes
885 3210 953 3266 L.
974 3208 1025 3277 1,
1060 3226 1081 3262 1
1100 3226 1121 3261 1
1135 3205 1190 3276 5,
1212 3205 1284 3260 de
1311 3203 1643 3279 Epimenide
1668 3223 1682 3258 :
1714 3199 1823 3262 Καὶ
1842 3200 1901 3259 τὸ
1921 3205 2080 3279 σῶμα

510 3298 666 3356 αὐτοῦ
692 3292 1017 3375 φυλάσσουσι
1046 3288 1454 3367 Λακεδαιμόνιοι
1483 3287 1607 3368 παρ’
1634 3290 1832 3355 ἑαυτοῖς
1861 3289 2000 3347 κατά
2030 3312 2081 3347 τι

1244 3464 1328 3514 12.

568 3569 733 3631 Neque
759 3576 1108 3627 usquequaque
1125 3564 1344 3613 austerus
1378 3563 1479 3611 erat
1500 3561 1599 3624 ipse
1630 3564 1904 3624 Lycurgus,
1928 3575 2082 3625 quum

508 3646 682 3696 auctor
701 3642 765 3693 sit
787 3641 1004 3694 Sosibius
1033 3639 1310 3690 dedicatum
1328 3639 1392 3689 ab
1419 3651 1479 3690 eo
1506 3640 1644 3691 Risus
1660 3639 1975 3690 simulacrum
1994 3676 2007 3701 ‚
2030 3642 2085 3690 ut

509 3722 591 3784 qui
609 3721 776 3784 jocum
791 3755 808 3783 ,
844 3718 982 3782 quasi
999 3716 1367 3768 condimentum
1391 3726 1571 3767 severae
1590 3714 1704 3765 vitae
1736 3714 1966 3779 rationis,
1991 3728 2085 3779 op-

512 3802 718 3863 portune
732 3796 968 3850 conviviis
987 3797 1037 3848 et
1058 3795 1106 3846 id
1125 3808 1276 3860 genus
1288 3793 1896 3847 conventibusimmiserit.

572 3963 785 4015 Sosibius
817 3965 946 4013 Laco
967 3961 1222 4025 postquam
1248 3879 1369 4011 {ign-s
1399 3959 1703 4009 inventorem
1722 3959 1964 4010 Bacchum
1984 3971 2088 4008 esse

509 4042 702 4104 docuit,
726 4041 980 4105 propterea
1011 4040 1155 4089 etiam
1190 4036 1581 4089 Lacedaemonios
1601 4037 1845 4089 Bacchum
1879 4038 2086 4101 syenen

514 4118 678 4184 (quasi
694 4121 911 4171 ficuum
929 4117 1242 4180 patronum)
1261 4115 1432 4165 colere.

1262 4208 1339 4259 14.

575 4295 662 4345 Est
679 4293 825 4344 etiam
852 4288 1084 4354 Pddagrae
1102 4289 1270 4340 Dianae
1297 4289 1645 4341 Lacedaemone
1670 4289 1862 4353 fanum,
1878 4291 1935 4340 ut
1955 4289 2087 4341 sosi-

512 4374 622 4425 bius
647 4372 731 4423 ait.

1252 4451 1338 4501 15.

576 4538 791 4591 Sosibius
819 4537 1074 4588 Herculem
1111 4546 1307 4598 quoque
1342 4533 1406 4583 ab
1426 4534 1818 4598 Hippocoontidis
1856 4538 1905 4585 in
1938 4547 2086 4584 manu

518 4619 693 4668 vulnus
715 4614 951 4678 accepisse
971 4615 1153 4664 narrat.

582 4784 815 4834 Helenam
851 4793 1047 4846 quoque
1082 4779 1140 4830 iis
1166 4777 1250 4842 qui
1290 4779 1575 4842 tempestate
1604 4779 1654 4829 in
1695 4781 1817 4830 mari
1839 4780 2087 4842 iactantur

518 4859 866 4911 auxiliatricem
903 4870 1005 4910 esse
1029 4855 1279 4920 Euripides
1307 4855 1540 4919 significat
1555 4873 1571 4920 ς
1591 4856 1808 4909 Sosibius
1828 4871 1946 4909 vero
1976 4868 2084 4907 eam

518 4952 614 4989 non
640 4937 898 5000 propitiam
923 4947 1151 5000 apparere
1169 4934 1253 4984 ait.

580 5104 738 5153 Etiam
765 5112 938 5164 corpus
958 5098 1246 5164 Epimenidis
1280 5097 1627 5149 Lacedaemonii
1650 5098 1779 5163 apud
1814 5112 1866 5151 se
1889 5103 2084 5151 servant

519 5180 717 5231 eraculo
732 5177 940 5243 quodam
964 5175 1223 5239 admoniti,
1243 5177 1299 5226 ut
1321 5175 1533 5228 Sosibius
1550 5176 1633 5226 ait.

1800 355 2076 418 soslssu
2117 356 2432 454 Lapole

2162 476 2359 561 λόγιον,
2405 476 2475 546 ὥς
2500 488 2627 560 φήσι
2657 477 2917 545 Σωσίὸιος
2939 480 2967 536 δ
2992 476 3204 539 Λάκων.
3234 483 3302 540 V.
3337 441 3581 538 'Mallem
3617 481 3784 535 Dur.

2167 569 2260 641 II,
2282 586 2345 643 p.
2382 567 2516 644 395.

2905 663 2996 718 18.

2243 797 2552 872 Hesychius
2575 813 2589 849 ι
2616 793 2939 866 Ἤλακάτια,
2963 791 3102 870 ἀγὼν
3132 794 3185 851 ἐν
3211 792 3653 874 Λακεδαιμονίᾳ,
3683 795 3790 852 ἐπὶ

2164 883 2480 964 Ἠλακάτῳ,
2510 881 2563 949 ὃς
2598 873 2664 954 ἦν
2696 879 2952 961 ἐρώμενος
2981 880 3325 962 Ἡρακλέους,
3354 878 3429 947 ὥς
3457 903 3596 961 φησι
3635 884 3790 941 Σω-

2164 972 2348 1040 σί6ιος.
2374 974 2459 1032 Cf.
2493 973 2718 1029 Miiller.
2753 972 2794 1030 1.
2823 973 2865 1031 l.
2907 973 2967 1043 1,
2996 992 3059 1047 p.
3090 969 3237 1042 4513
3277 974 3604 1028 Hermann.
3655 973 3702 1031 l.
3741 975 3784 1028 1.

2164 1065 2196 1139 §
2223 1061 2318 1133 53,
2357 1082 2445 1134 17.
2475 1064 2562 1118 Ex
2586 1059 2791 1116 eodem
2819 1059 3043 1117 Sosibio
3071 1057 3342 1117 fluxerint
3363 1061 3600 1134 reliqua
3641 1079 3790 1135 quae

2165 1153 2238 1208 de
2273 1150 2421 1207 ludis
2460 1149 2717 1222 festisque
2755 1150 3050 1206 Laconicis
3084 1147 3237 1224 apud
3278 1148 3645 1223 Hesychin‘m
3688 1151 3786 1206 le-

2164 1251 2393 1317 guntur.

2617 1360 2796 1421 nEPI
2840 1359 3288 1419 ΑΛΚΜΑΝΟΣ.

2627 1513 2672 1566 Ε
2714 1512 2940 1567 LIBRO
2983 1511 3279 1566 TERTIO.

2906 1654 2993 1708 19.

2245 1777 2543 1834 Athenaeus
2571 1778 2690 1847 111,
2720 1795 2782 1850 p.
2827 1796 2848 1830 1
2867 1774 2933 1831 15
2953 1818 2969 1844 ,
3007 1776 3054 1830 Α
3085 1795 3099 1831 2
3129 1772 3387 1844 Σωσίδιος
3425 1775 3474 1833 δ’
3506 1776 3562 1832 ἐν
3605 1775 3782 1856 τρίτῳ

2170 1863 2303 1944 Περὶ
2331 1860 2621 1940 Ἀλκμᾶνος
2642 1861 2866 1945 κρίὸανά
2897 1885 3024 1943 φησι
3048 1862 3288 1940 λέγεσθαι
3315 1865 3665 1931 πλακοῦντάς
3693 1888 3776 1923 τι·

2166 1975 2258 2019 νας
2284 1954 2358 2031 τῷ
2383 1949 2619 2031 σχήματι
2650 1951 2990 2025 μαστοειδεῖς.

2247 2042 2407 2098 Idem
2426 2043 2581 2112 XIV,
2598 2061 2655 2116 p.
2679 2040 2814 2112 646,
2834 2044 2913 2098 A:
2940 2042 2985 2099 K
2993 2038 3206 2121 ριὸάνας
3227 2064 3240 2076 ·
3255 2041 3602 2108 πλακοῦντάς
3619 2065 3772 2108 τινας

2168 2130 2523 2205 ὀνομαστικῶς
2547 2125 2933 2208 Ἀπολλόδωρος
2952 2129 3077 2209 παρ’
3099 2127 3378 2205 Ἀλκμᾶνι.
3403 2127 3652 2206 ‘Op-olm<
3671 2130 3764 2187 καὶ

2171 2214 2429 2284 Σωσίὸιος
2457 2217 2509 2274 ἑν
2540 2214 2699 2297 τρίτῳ
2729 2213 2865 2297 Περὶ
2893 2215 3214 2293 Ἀλκμᾶνος,
3244 2219 3321 2298 τῷ
3366 2218 3618 2296 σχήματι
3661 2242 3766 2294 μα-

2168 2305 2411 2372 στοειδεῖς
2430 2294 2561 2362 εἶναι
2580 2303 2792 2385 φάσκων
2811 2302 3018 2378 αὐτοὺς,
3036 2296 3267 2385 χρῆσθαι
3292 2307 3340 2363 δ’
3363 2307 3554 2372 αὐτοῖς
3579 2307 3770 2367 Acin-›-

2170 2417 2260 2460 νας
2279 2391 2406 2473 πρὸς
2433 2391 2526 2460 τὰς
2546 2395 2649 2451 τῶν
2670 2395 2929 2471 γυναικῶν
2952 2393 3233 2458 ἑστιάσεις·
3257 2393 3568 2474 περιφέρειν
3583 2418 3642 2453 τε
3663 2397 3761 2454 αὖ·

2168 2480 2305 2554 τοὺς,
2321 2480 2445 2540 ὅταν
2459 2480 2719 2559 μέλλωσιν
2737 2479 2877 2564 ᾅδειν
2893 2480 2953 2539 τὸ
2967 2480 3473 2562 παρεσκευασμένον
3493 2480 3756 2562 ἐγκώμιον

2169 2572 2262 2641 τῆς
2288 2568 2547 2649 παρθένου
2571 2570 2627 2627 αῖ
2655 2570 2709 2627 ἑν
2737 2571 2813 2649 τῷ
2839 2570 2984 2651 χορῷ
3010 2568 3303 2630 ἀκόλουθοι.

2583 2720 2628 2775 Ε
2666 2718 2913 2775 LIBRIS
2954 2717 3321 2775 INCERTIS.

2912 2837 3007 2876 20.
3050 2843 3058 2852 ⁸

2249 2921 2411 2980 Idem
2428 2925 2587 2995 XIV,
2614 2943 2670 3000 p.
2699 2923 2841 3001 648,
2863 2927 2906 2981 B
2933 2944 2946 2980 t
2971 2920 3183 2982 Πόλτου
3209 2919 3265 2982 δὲ
3292 2921 3607 3002 μνημονεύει
3634 2922 3751 2984 Ἀλ-

2179 3009 2320 3088 κμὰν
2346 3010 2533 3077 οὕτως·

2301 3115 2423 3175 Ἤδη
2442 3116 2625 3181 παρέξει
2648 3133 2692 3166 τι
2715 3116 2910 3166 πυάνιόν
2932 3132 2983 3165 τε
3003 3117 3177 3166 πόλτον

2300 3185 2460 3251 χίδρον
2478 3202 2529 3235 τε
2547 3187 2711 3236 λευκὸν
2734 3186 2924 3250 κηρίναν
2946 3187 2989 3234 τ’
3010 3186 3221 3248 ὀπώραν.

2174 3284 2335 3352 Ἐστι
2358 3289 2413 3349 δὲ
2436 3290 2496 3350 τὸ
2515 3290 2750 3365 πυάνιον,
2775 3289 2846 3359 ὥς
2870 3315 2998 3371 φησι
3020 3290 3286 3359 Σωσίὸιος
3301 3337 3318 3370 ,
3343 3291 3681 3373 πανσπερμία
3701 3294 3756 3351 ἐν

2927 3468 3012 3517 18.

2245 3591 2459 3641 Elacatia
2475 3629 2491 3655 ‚
2525 3591 2622 3641 ludi
2656 3592 2742 3654 qni
2775 3591 3116 3645 Lacedaemone
3133 3592 3506 3644 celebranturin
3525 3594 3754 3645 honorem

2177 3672 2361 3723 Elac'ati
2375 3710 2391 3734 ,
2410 3670 2496 3734 qui
2522 3671 2744 3721 Herculis
2765 3672 2974 3721 amasius
2997 3672 3152 3722 fuerat
3167 3710 3184 3735 ‚
3203 3675 3328 3723 teste
3350 3675 3553 3725 Sosibio.

2699 3814 2801 3873 DE
2847 3814 3228 3875 ALCMANE.

2930 3964 3009 4015 19.

2239 4084 2453 4137 Sosibius
2472 4086 2595 4138 libro
2610 4088 2754 4138 tertio
2772 4087 2834 4137 de
2848 4085 3077 4137 Alcsnane
3089 4083 3159 4134 ait
3175 4083 3398 4135 cribana
3414 4084 3575 4134 vocari
3595 4097 3756 4135 mam

2175 4162 2408 4225 quasdam
2434 4166 2661 4216 mammis
2677 4166 2832 4216 sonna
2849 4162 3046 4215 similes.

2246 4240 2499 4293 cribanas
2509 4280 2525 4307 ,
2548 4243 2790 4307 placentas
2798 4240 3032 4306 quasdam
3050 4240 3244 4303 proprie
3260 4241 3331 4290 sic
3346 4239 3620 4291 nominatas
3627 4240 3756 4305 apud

2175 4317 2455 4369 Alcmanem
2488 4320 2830 4384 Apollodorus.
2856 4318 3085 4369 Similiter
3115 4317 3262 4368 etiam
3289 4317 3506 4369 Sosibius
3529 4317 3673 4368 tertio
3697 4319 3752 4368 li·

2181 4396 2272 4447 bro
2303 4400 2374 4449 De
2392 4398 2648 4459 Meamne,
2676 4398 2841 4449 dicens
2863 4398 3068 4449 sormam
3091 4395 3272 4447 habere
3293 4409 3619 4447 mammarum
3636 4433 3651 4457 ,
3686 4398 3756 4447 uti

2176 4479 2339 4527 autem
2372 4476 2469 4527 illis
2501 4480 2714 4527 Lacones
2752 4477 2800 4525 in
2843 4475 3102 4526 mulierum
3129 4475 3313 4539 epulis,
3348 4476 3756 4539 circumfer-reque

2175 4562 2260 4601 eas
2273 4588 2288 4614 ,
2314 4550 2689 4615 quaudolaudes
2711 4551 2907 4614 virginis
2924 4551 3169 4621 (sponsas)
3189 4552 3414 4601 encomio
3435 4554 3606 4614 parato
3647 4564 3760 4602 can-

2174 4629 2351 4678 taturae
2377 4631 2490 4679 suut
2503 4629 2669 4680 amicae
2685 4630 2842 4693 illius,
2867 4629 3071 4679 chorum
3095 4628 3377 4679 formantes.

2897 4758 2984 4809 20.

2237 4877 2413 4928 Pullis
2427 4875 2627 4927 Alcman
2646 4875 2862 4928 meminit
2880 4876 2951 4927 his
2971 4875 3157 4927 verbis:

2280 5000 2378 5046 Iam
2395 5000 2443 5043 et
2450 4997 2680 5054 maniam
2699 4999 2870 5056 pultem
2881 4998 3097 5054 praebebit
3107 5028 3121 5050 ‚

2281 5071 2327 5114 et
2351 5066 2561 5113 chidrnm
2577 5066 2821 5113 candidum
2848 5071 2894 5111 et
2908 5077 3086 5111 cereum
3103 5064 3323 5113 trucum.

2176 5180 2443 5240 Pyanium
2475 5180 2666 5241 autem,
2689 5178 2744 5228 ut
2777 5176 2985 5227 sosibius
3016 5175 3114 5235 ait,
3155 5175 3390 5228 dicuntur
3423 5179 3552 5230 varii
3580 5180 3761 5245 generis
