4016 5916
460 335 572 386 200

1597 327 1748 387 BER
1757 327 2068 389 ACLIDES
2125 329 2513 392 PONTICUS.

458 459 717 514 lustratos
733 458 894 514 fuisse
922 458 1098 514 libros
1128 454 1263 536 Περὶ
1301 454 1656 536 σωφροσύνης,
1699 436 1830 535 Περὶ
1863 458 2010 515 εύσε-
2106 458 2240 538 Περὶ
2281 463 2372 530 τῆς
2411 462 2605 540 ἀρχῆς,
2654 461 2785 540 Περὶ
2820 460 2991 539 νόμων
3023 464 3089 541 (*)
3134 465 3223 524 καὶ
3252 470 3356 525 τῶν
3400 476 3661 549 συγγενῶν

461 542 603 608 δείας
618 587 635 619 ,
667 542 796 622 Περὶ
818 542 1081 621 ἀνδρείας,
1107 543 1238 623 Περὶ
1265 547 1479 623 ἀρετῆς,
1500 545 1634 624 Περὶ
1654 543 2008 621 εὐδαιμονίας,

459 690 637 747 κλείδης
656 691 682 738 6
704 689 925 746 Ποντικὸς
939 690 985 738 ἐν
1007 692 1075 751 τῷ
1097 692 1135 739 Π
1156 705 1177 738 ε
1192 693 1241 752 ρὶ
1260 690 1484 749 ἡδονῆς,
1502 693 1564 747 ὡς
1588 692 1841 749 ἀπήλλαξεν
1865 692 1917 741 ἐκ
1934 698 2015 750 τῆς

460 759 609 816 οἰκίας
623 761 706 818 τήν
733 764 957 821 γυναῖκα,
989 761 1166 808 καὶτὸν
1191 760 1289 823 μεθ’
1303 762 1466 819 ἡδονῆς
1491 762 1593 823 βίον
1612 762 1872 823 προείλετο,
1896 763 2008 825 ᾤκει

459 846 507 879 τε
545 831 660 892 μετὰ
683 829 935 886 Ἀσπασίας
953 865 967 889 ,
1000 835 1083 888 τῆς
1118 831 1171 878 ἐκ
1208 830 1433 892 Μεγάρων
1457 832 1666 891 ἑταίρας,
1695 833 1774 879 καὶ
1801 834 1854 880 τὸ
1890 833 2010 881 πολὺ

462 901 595 962 μέρος
629 903 708 956 τῆς
749 899 911 955 οὐσίας
947 900 1010 954 εἰς
1045 899 1214 955 ταύτην
1247 900 1567 948 κατανάλωσε.
1602 902 1918 962 Θεμιστοκλῆς
1953 901 2014 963 δ’,

461 970 594 1017 οὔπω
609 968 857 1026 Ἀθηναίων
877 970 1235 1030 μεθυσκομένων
1255 968 1350 1016 οὐδ’
1372 968 1577 1032 ἑταίραις
1596 971 1863 1032 χρωμένων,
1883 971 2016 1033 ἐκφα·

460 1044 548 1095 νῶς
566 1040 808 1102 τέθριππον
832 1039 984 1095 ζεύξας
1008 1037 1242 1102 ἑταιρίδων
1261 1038 1338 1087 διὰ
1363 1043 1446 1087 τοῦ
1478 1041 1765 1102 Κεραμεικοῦ
1785 1041 2012 1098 πληθύον-

459 1125 535 1165 τος
560 1109 745 1163 ἑωθινὸς
762 1109 952 1167 ἤλασεν.

524 1176 657 1227 ldem
694 1179 814 1237 xli,
836 1189 886 1239 p.
915 1181 1032 1237 552,
1057 1178 1095 1226 F
1122 1194 1136 1225 ι
1171 1176 1469 1240 Ἡρακλείδης
1498 1177 1547 1225 δὲ
1581 1179 1608 1224 ὀ
1628 1180 1851 1234 Ποντικὸς
1879 1178 1925 1227 ἐν
1948 1184 2018 1242 τῷ

463 1248 603 1311 Περὶ
627 1248 658 1306 ἡ
673 1247 847 1305 δονῆς
876 1245 1059 1294 Δεινίαν
1098 1247 1208 1309 φησὶ
1233 1247 1311 1294 τὸν
1336 1248 1630 1308 μυροπώλην,
1656 1248 1733 1296 διὰ
1753 1250 1922 1310 τρυφὴν
1955 1250 2020 1305 εἰς

466 1317 618 1380 ἔρωτα
659 1316 921 1379 ἐμπεσόντα
937 1351 951 1376 ,
992 1316 1073 1364 καὶ
1115 1316 1265 1364 πολλὰ
1307 1317 1524 1379 χρήματα
1575 1318 1905 1378 ἀναλώσαντα,
1956 1323 2020 1375 ὡς

463 1388 548 1441 ἔξω
566 1392 658 1436 τῶν
678 1388 927 1447 ἐπιθυμιῶν
946 1386 1148 1446 ἐγένετο,
1167 1386 1258 1433 ὑπὸ
1277 1385 1419 1441 λύπης
1438 1385 1772 1450 ἐκταραχθέντα
1792 1387 2021 1451 ἐκτέμνειν

463 1460 605 1506 αὑτοῦ
656 1458 713 1506 τὰ
757 1457 911 1505 αἰδοῖα
928 1491 943 1517 ,
987 1460 1135 1505 ταῦτα
1183 1455 1333 1505 πάντα
1368 1456 1589 1513 ποιούσης
1643 1461 1722 1515 τῆς
1758 1458 2021 1507 ἀκολάστου

462 1546 487 1577 τ
515 1534 643 1590 υφῆς.

490 1546 513 1592 ρ
526 1598 657 1647 idem
679 1599 786 1655 ΧΙΙ,
805 1610 854 1658 p.
883 1599 991 1657 554,
1010 1598 1048 1647 E
1076 1610 1087 1639 =
1110 1596 1190 1646 Ἐν
1214 1596 1357 1661 μανία
1374 1597 1422 1646 δὲ
1440 1598 1608 1661 τρυφὴν
1624 1598 1814 1658 ἡδίστην
1837 1601 2021 1662 γενομέ-

462 1686 543 1726 νην
563 1669 651 1717 ούκ
673 1668 824 1726 ἀηδῶς
848 1668 876 1716 6
897 1667 1120 1723 Ποντικὸς
1135 1667 1435 1729 Ἡρακλείδης
1458 1669 1681 1730 διηγεῖται
1695 1704 1708 1729 ,
1726 1671 1773 1719 ἐν
1790 1676 1858 1734 τῷ
1884 1675 1923 1721 Π
1938 1673 2020 1735 ερὶ

463 1735 676 1798 ἡδονῆς
699 1739 845 1793 οὕτως
866 1736 1077 1799 γράφων·
1117 1756 1142 1779 σι
1167 1737 1218 1787 Ὁ
1257 1738 1479 1794 Αἰξωνεὺς
1503 1740 1800 1800 Θρασύλαος,
1820 1743 1848 1788 ὀ
1873 1743 2021 1790 Πυθο·

464 1812 614 1873 δώρου
630 1846 645 1868 ,
668 1809 844 1865 διετέθη
863 1809 977 1856 ποτὲ
995 1807 1087 1856 ὑπὸ
1106 1807 1270 1869 μανίας
1290 1808 1503 1864 τοιαύτης
1516 1843 1529 1866 ,
1547 1810 1611 1864 ὡς
1629 1809 1780 1858 πάντα
1797 1810 1856 1858 τὰ
1883 1813 2022 1859 πλοῖα

463 1880 521 1927 τὰ
554 1880 618 1935 εἰς
641 1879 720 1927 τὸν
747 1880 944 1940 Πειραιᾶ
977 1876 1274 1939 καταγόμενα
1296 1877 1634 1940 ὑπολαμὸάνειν
1663 1880 1832 1928 ἑαυτοῦ
1868 1880 1985 1929 εἶναι
2002 1918 2016 1941 ,

464 1952 543 1998 καὶ
575 1949 861 2012 ἀπεγράφετο
886 1948 1005 1996 αὐτὰ
1020 1983 1035 2007 ,
1060 1950 1135 1996 καὶ
1162 1949 1404 1997 ἀπέστειλε
1422 1985 1434 2008 ,
1460 1951 1539 1997 καὶ
1572 1950 1760 2012 διῴκει,
1781 1952 1859 1999 καὶ
1883 1968 2021 2000 κατα·

469 2023 666 2070 πλέοντα
686 2020 939 2080 ἀπεδέχετο
962 2019 1079 2080 μετὰ
1101 2023 1245 2081 χαρᾶς
1268 2019 1495 2076 τοσαύτης
1513 2055 1526 2076 ,
1550 2020 1662 2075 ὅσης
1681 2037 1764 2083 περ
1785 2021 1840 2069 ἀν
1862 2039 1928 2077 τις
1947 2022 2020 2079 ein

465 2091 707 2140 τοσούτων
756 2088 1007 2152 χρημάτων
1029 2088 1183 2151 κύριος
1221 2088 1305 2136 ὧν.
1348 2090 1441 2137 Καὶ
1468 2094 1562 2137 τῶν
1596 2090 1678 2150 μὲν
1702 2090 2021 2154 ἀπολομένων,

465 2162 596 2211 οὐδὲν
621 2161 902 2220 ἐπεζήτησε,
926 2164 1020 2215 τοῖς
1053 2160 1102 2208 δὲ
1137 2160 1413 2220 σωζομένοις
1442 2159 1623 2223 ἔχαιρε,
1650 2162 1730 2208 καὶ
1751 2161 1878 2223 διῆγε
1900 2164 2020 2225 μετὰ

463 2232 679 2288 πλείστης
698 2232 881 2290 ἡδονῆς.
902 2230 1034 2278 Ἐπεὶ
1053 2230 1101 2278 δὲ
1121 2230 1147 2277 6
1162 2229 1349 2291 ἀδελφὸς
1364 2229 1506 2278 αὐτοῦ
1528 2229 1725 2292 Κρίτων,
1743 2230 1795 2279 ἐκ
1811 2232 2020 2289 Σικελίας

469 2302 757 2364 ἐπιδημήσας
772 2335 787 2360 ,
806 2299 1050 2348 συλλαόὼν
1085 2299 1222 2347 αὐτὸν
1241 2298 1506 2360 παρέδωκεν
1526 2299 1671 2362 ἰατρῷ
1690 2335 1705 2360 ,
1733 2301 1814 2349 καὶ
1835 2307 1913 2359 τῆς
1930 2319 2017 2364 μα-

465 2374 564 2428 νίας
596 2372 862 2432 ἐπαύσατο,
902 2370 1103 2428 διηγεῖτο
1136 2368 1432 2418 οὐδεπώποτε
1454 2367 1644 2432 φάσκων
1669 2371 1790 2418 κατὰ
1812 2372 1891 2420 τόν
1922 2372 2024 2432 βίον

462 2446 657 2502 ἡσθῆναι
696 2441 903 2491 πλείονα·
938 2440 1083 2497 λύπην
1120 2440 1201 2502 μὲν
1221 2441 1310 2503 γὰρ
1332 2441 1429 2487 οὐδ’
1467 2443 1675 2498 ἡντινοῦν
1708 2440 1834 2506 αὐτῷ
1869 2459 2020 2507 παρα.

461 2513 665 2574 γίνεσθαι
679 2549 693 2573 ,
716 2512 769 2561 τὸ
788 2512 839 2560 δὲ
859 2514 954 2559 τῶν
978 2510 1155 2569 ἡδονῶν
1173 2511 1342 2566 πλῆθος
1363 2510 1673 2573 ὑπερὸάλλειν.
1698 2530 1723 2554 ι»

522 2580 739 2631 conferri
755 2580 903 2629 etiam
924 2580 1168 2627 merentur
1182 2577 1377 2640 haecap.
1393 2578 1600 2628 eundem
1622 2578 1729 2641 xil,
1745 2594 1794 2643 p.
1818 2588 1926 2645 512,
1948 2587 2018 2634 A:

461 2652 757 2715 Ἡρακλείδης
778 2650 820 2699 δ’
843 2651 869 2698 6
907 2649 1131 2704 Ποντικὸς
1169 2649 1219 2697 ἐν
1245 2654 1313 2711 τῷ
1337 2651 1478 2713 Περὶ
1507 2651 1720 2710 ἡδονῆς
1751 2653 1859 2701 τάδε
1880 2655 2018 2716 λέγει·

464 2741 487 2762 κ
512 2725 571 2772 Οἱ
593 2721 807 2783 τύραννοι
831 2719 911 2767 καὶ
931 2721 975 2766 οἱ
1001 2719 1235 2780 βασιλεῖς,
1259 2723 1351 2766 τῶν
1375 2719 1560 2781 ἀγαθῶν
1587 2719 1710 2777 ὄντες
1730 2721 1911 2783 κύριοι,
1940 2725 2020 2772 καὶ

460 2789 645 2838 πάντων
664 2787 896 2850 εἰληφότες
916 2791 1093 2850 πεῖραν,
1110 2788 1194 2845 τὴν
1213 2788 1378 2845 ἡδονὴν
1396 2788 1693 2851 προκρίνουσι
1710 2826 1724 2849 ,
1750 2792 2018 2854 μεγαλοψυ-

464 2863 658 2923 χοτὲρας
673 2860 899 2915 ποιούσης
918 2865 998 2916 τῆς
1012 2859 1176 2916 ἡδονῆς
1191 2859 1273 2914 τὰς
1285 2864 1380 2907 τῶν
1394 2860 1647 2921 ἀνθρώπων
1663 2860 1832 2921 φύσεις.
1850 2861 2017 2912 Ἅπαν-

465 2948 537 2987 τες
564 2935 676 2993 γοῦν
700 2933 743 2979 οἱ
767 2931 851 2987 τήν
872 2929 1041 2987 ἡδονὴν
1063 2933 1282 2991 τιμῶντες
1307 2930 1386 2977 καὶ
1405 2933 1575 2993 τρυφᾶν
1604 2931 1912 2995 προῃρημένοι
1936 2949 2018 2996 με·

459 3001 720 3064 γαλόψυχοι
757 3001 837 3048 καὶ
874 3000 1235 3061 μεγαλοπρεπεῖς
1272 3000 1407 3058 εἰσιν,
1439 3001 1503 3055 ὡς
1536 3001 1712 3062 Πέρσαι
1739 3003 1818 3050 καὶ
1847 3005 2017 3061 Μῆδοι.

465 3071 682 3120 Μάλιστα
704 3069 794 3132 γὰρ
824 3073 917 3118 τῶν
941 3069 1092 3117 ἀλλων
1129 3068 1380 3128 ἀνθρώπων
1409 3070 1492 3126 τήν
1521 3070 1688 3129 ἡδονὴν
1708 3071 1834 3120 οὗτοι
1866 3075 2019 3123 καὶτὸ

460 3144 634 3204 τρυφᾶν
655 3144 873 3201 τιμῶσιν,
900 3137 1210 3201 ἀνδρειότατοι
1233 3140 1312 3186 καὶ
1339 3119 1770 3202 μεγαλοψυχότατοι
1793 3146 1885 3189 τῶν
1910 3144 2017 3206 βαρ·

460 3212 620 3275 ὀάρων
644 3210 786 3266 ὄντες.
807 3208 944 3259 Ἔστι
975 3209 1065 3273 γάρ
1085 3209 1140 3258 τὸ
1164 3208 1245 3271 μὲν
1264 3209 1454 3267 ἥδεσθαι
1476 3210 1557 3258 καὶ
1582 3210 1636 3258 τὸ
1654 3214 1822 3272 τρυφᾶν
1848 3211 2017 3276 ἐλευθέ·

458 3298 551 3346 ρων
564 3299 574 3308 ·
598 3279 754 3337 ἀνίησι
775 3278 864 3341 γὰρ
880 3277 962 3333 τὰς
980 3277 1132 3341 ψυχὰς
1147 3278 1229 3325 καὶ
1249 3278 1374 3334 αὔξει
1391 3291 1403 3304 ·
1429 3279 1483 3328 τὸ
1497 3279 1546 3328 δὲ
1564 3285 1717 3328 πονεῖν
1742 3280 1917 3330 δούλων
1935 3284 2018 3331 καὶ

458 3356 689 3402 ταπεινῶν
704 3366 715 3377 ·
745 3351 815 3399 διὸ
845 3350 925 3398 καὶ
945 3350 1267 3398 συστέλλονται
1292 3349 1418 3398 οὗτοι
1440 3350 1520 3406 τάς
1540 3350 1712 3411 φύσεις.
1734 3352 1826 3399 Καὶ
1845 3353 1876 3410 ἡ
1895 3351 2017 3410 Ἀθηο

456 3423 599 3472 ναίων
625 3421 782 3478 πόλις,
807 3419 893 3475 ἔως
915 3418 1109 3483 ἐτρύφα,
1136 3418 1332 3480 μεγίστη
1375 3435 1426 3466 τε
1453 3418 1511 3479 ἦν
1530 3420 1610 3467 καὶ
1630 3421 2017 3482 μεγαλοψυχοτά-

455 3510 561 3550 τους
590 3492 767 3556 ἔτρεφεν
802 3490 984 3552 ἄνδρας.
1050 3489 1264 3551 Ἀλουργῆ
1291 3489 1374 3552 μὲν
1397 3490 1484 3552 γὰρ
1511 3490 1804 3553 ἠμπίσχοντο
1827 3491 2018 3553 ἱμάτια,

457 3563 698 3618 ποικίλους
716 3559 757 3609 δ’
774 3561 998 3609 ὑπέδυνον
1018 3563 1218 3621 χιτῶνας
1236 3595 1249 3618 ,
1269 3558 1527 3622 κορύμδους
1545 3559 1586 3608 δ’
1599 3559 1898 3622 ἀναδούμενοι
1922 3566 2016 3610 τῶν

454 3637 624 3697 τριχῶν
641 3668 657 3693 ,
695 3634 896 3693 χρυσοῦς
935 3630 1144 3689 τέττιγας
1174 3630 1277 3693 περὶ
1314 3630 1367 3677 τὸ
1407 3630 1621 3690 μέτωπον
1644 3631 1724 3678 καὶ
1753 3632 1836 3686 τὰς
1866 3630 2017 3692 κόμας

457 3703 646 3765 ἐφόρουν
665 3716 677 3728 ·
699 3697 920 3753 ὀκλαδίας
942 3713 992 3746 τε
1016 3698 1168 3753 αὐτοῖς
1192 3697 1374 3761 δίφρους
1401 3698 1556 3761 ἔφερον
1579 3700 1625 3747 οἱ
1642 3699 1828 3759 παῖδες,
1853 3699 1930 3752 ἵνα
1948 3702 2013 3763 μὴ

455 3771 682 3828 καθίζοιεν
718 3771 782 3825 ὡς
814 3768 988 3830 ἔτυχεν.
1023 3768 1114 3816 Καὶ
1138 3766 1264 3816 οὗτοι
1288 3767 1410 3828 ἦσαν
1450 3770 1497 3817 οἱ
1520 3774 1753 3829 τοιοῦτοι,
1786 3772 1829 3817 οἱ
1857 3771 1940 3828 τὴν
1968 3772 2016 3820 ἐν

456 3843 704 3904 Μαραθῶνι
718 3838 989 3896 νικήσαντες
1008 3835 1181 3900 μάχην,
1202 3838 1282 3886 καὶ
1305 3837 1438 3896 μόνοι
1458 3839 1541 3897 τὴν
1560 3843 1641 3896 τῆς
1658 3838 1807 3894 Ἀσίας
1832 3839 2016 3897 ἁπάσης

453 3912 643 3973 δύναμιν
658 3907 1011 3973 χειρωσάμενοι.
1042 3927 1065 3951 ›-
1093 3907 1352 3970 sequentia
1368 3907 1428 3956 ad
1444 3920 1531 3957 nos
1548 3908 1707 3957 minus
1736 3907 2015 3970 pertinentia

452 3995 531 4043 ap.
572 3982 731 4043 ipsum
774 3978 1060 4028 Athenaeum
1080 3976 1225 4039 legas.

515 4055 583 4114 (2)
610 4050 870 4100 Athenaeus
905 4050 1019 4097 xm
1038 4083 1053 4108 ,
1077 4059 1130 4110 p.
1167 4053 1281 4109 602,
1310 4051 1349 4096 A
1377 4067 1389 4096 ε
1431 4048 1624 4096 Παίδων
1649 4047 1737 4111 γὰρ
1769 4048 2014 4112 παρόντων

453 4121 645 4183 ἐραστής
664 4124 757 4169 πᾶν
778 4120 931 4167 ὁτιοῦν
952 4118 1091 4166 ἕλοιτ’
1113 4117 1169 4165 ἂν
1188 4117 1367 4176 παθεῖν,
1385 4120 1414 4176 ἢ
1433 4118 1586 4166 δειλοῦ
1604 4118 1737 4174 δόξαν
1757 4118 2011 4181 ἀπενέγκα-

453 4193 560 4240 σθαι
579 4190 707 4252 παρά
728 4193 825 4245 τοῖς
847 4188 1097 4242 παιδικοῖς.
1118 4188 1275 4251 Ἐργῳ
1294 4191 1405 4248 γοῦν
1426 4192 1563 4236 τοῦτο
1591 4188 1753 4244 ἔδειξεν
1792 4189 1818 4236 6
1839 4205 2010 4238 συντα-

451 4262 573 4324 χθεὶς
600 4260 811 4318 Θήόησιν
825 4260 916 4308 ύπό
938 4257 1293 4320 Ἐπαμινώνδου
1312 4258 1429 4320 ῐερός
1447 4256 1604 4320 λόχος,
1628 4258 1708 4306 καὶ
1731 4258 1758 4305 6
1776 4260 1897 4307 κατὰ
1918 4264 2012 4309 τῶν

455 4329 847 4393 Πεισιστρατιδῶν
862 4328 1054 4383 θάνατος
1071 4327 1164 4378 ὑπὸ
1181 4327 1418 4390 Ἁρμοδίου
1436 4329 1515 4375 καὶ
1536 4326 1914 4389 Ἀριστογείτονος
1939 4345 2014 4389 γε·

450 4402 655 4463 νόμενος·
671 4401 772 4463 περὶ
788 4398 998 4449 Σικελίαν
1019 4398 1060 4446 δ’
1073 4398 1120 4445 ἐν
1145 4397 1413 4460 Ἀκράγαντι
1432 4397 1459 4445 6
1478 4397 1742 4459 Χαρίτωνος
1765 4399 1845 4446 καὶ
1865 4400 2015 4448 Μελα-

451 4472 645 4520 νίππου.
670 4469 967 4524 Μελάνιππος
994 4469 1034 4517 δ’
1056 4467 1114 4527 ἦν
1144 4467 1204 4515 τὰ
1222 4467 1444 4527 παιδικὰ,
1465 4468 1529 4522 ὥς
1558 4483 1693 4530 φησιν
1716 4467 2013 4530 Ἡρακλείδης

451 4545 478 4591 6
489 4542 714 4599 Ποντικὸς
728 4541 774 4590 ἐν
787 4546 856 4605 τῷ
873 4542 985 4604 Περὶ
1001 4541 1245 4604 ἐρωτικῶν.
1268 4538 1410 4588 Οὗτοι
1422 4540 1631 4602 φανέντες
1646 4539 2011 4598 ἑπιδουλεύοντες

451 4609 679 4673 Φαλάριδι
695 4646 710 4671 ,
746 4612 828 4659 καὶ
866 4610 1218 4674 βασανιζόμενοι
1255 4609 1619 4673 ἀναγκαζόμενοί
1647 4624 1698 4658 τε
1731 4609 1877 4670 λέγειν
1900 4610 2010 4667 τοὺς

452 4679 714 4736 συνειδότας
727 4714 742 4738 ,
762 4680 818 4728 ού
847 4680 986 4742 μόνον
1009 4680 1064 4729 ού
1085 4687 1324 4740 κατεῖπον,
1354 4680 1471 4729 ἀλλὰ
1499 4681 1580 4727 καὶ
1599 4680 1678 4728 τὸν
1698 4679 1905 4742 Φάλαριν
1928 4679 2008 4728 αὗ·

451 4751 531 4799 τὸν
549 4751 612 4804 εἰς
632 4747 761 4796 ἔλεον
782 4752 875 4797 τῶν
898 4749 1120 4812 βασάνων
1134 4750 1330 4810 ἤγαγον,
1343 4751 1406 4804 ὡς
1423 4748 1656 4798 ἀπολῦσαι
1677 4747 1842 4804 αὐτοὺς
1860 4749 2011 4800 πολλὰ

452 4819 771 4868 ἐπαινέσαντα.
806 4817 892 4866 Διὸ
917 4820 996 4866 καὶ
1018 4820 1045 4867 6
1067 4818 1298 4868 Ἀπόλλων
1315 4820 1470 4878 ἡσθεὶς
1489 4819 1563 4868 ἐπὶ
1578 4818 1759 4874 τούτοις
1778 4815 2007 4877 ἀναὸολὴν

453 4893 537 4937 τοῦ
577 4886 777 4936 θανάτου
814 4891 882 4949 τῷ
922 4888 1147 4951 Φαλάριδι
1185 4889 1436 4951 ἐχαρίσατο
1449 4924 1463 4950 ,
1499 4892 1638 4937 τοῦτο
1678 4889 1881 4951 ἐμφήνας
1912 4893 2006 4945 τοῖς

454 4957 812 5019 πυνθανομένοις
838 4961 919 5015 τῆς
940 4957 1117 5014 Πυθίας
1132 4994 1145 5017 ,
1167 4959 1295 5015 ὅπως
1314 4960 1442 5021 αὐτῷ
1465 4957 1714 5008 ἐπιθῶνται
1729 4972 1740 4983 ·
1763 4958 1934 5020 ἔχρησέ
1954 4975 2006 5008 τε

452 5028 533 5077 καὶ
551 5027 654 5089 περὶ
674 5031 767 5075 τῶν
785 5026 900 5089 ἀμφὶ
929 5028 1010 5076 τὸν
1029 5027 1302 5091 Χαρίτωνα,
1322 5028 1546 5090 προτάξας
1577 5033 1660 5077 τοῦ
1686 5028 1934 5091 ἑξαμέτρου
1951 5030 2005 5078 τὸ

451 5093 783 5159 πεντάμετρον,
822 5095 1029 5160 καθάπερ
1072 5096 1279 5159 ὕστερον·
1309 5099 1389 5146 καὶ
1435 5096 1674 5154 Διονύσιος
1713 5099 1741 5145 6
1775 5097 2003 5156 Ἀθηναῖος

2105 546 2300 613 τούτοις
2326 550 2521 625 (Diog.
2546 552 2610 606 L.
2639 552 2679 606 l.
2706 553 2742 608 l.
2767 552 2806 628 ).
2833 554 3090 625 Quorum
3123 555 3183 609 in
3219 563 3516 630 postremis
3536 561 3662 618 fieri

2106 636 2338 690 omnino
2364 656 2484 691 non
2501 640 2689 711 potuit
2714 640 2853 712 quin
2872 638 2944 694 de
2962 641 3171 697 Solone
3189 661 3375 700 sermo
3400 647 3664 706 institue-

2104 732 2278 778 retur.
2312 724 2526 780 Vellem
2561 734 2748 782 tamen
2778 727 2974 801 paullo
3013 732 3327 787 accuratius
3366 734 3666 794 indicasset

2103 808 2383 884 Diogenes
2410 832 2663 886 quaenam
2680 814 2889 870 fuerint
2912 812 2979 871 τὰ
3006 820 3228 893 συγγενῆ
3263 816 3479 886 τούτοις.
3509 826 3658 881 Fieri

2106 898 2256 952 enim
2271 902 2487 974 potuit,
2509 901 2667 974 quod
2688 903 2948 958 Koelerus
2968 906 3297 979 suspicatur,
3319 927 3659 984 quamquam

2105 1001 2306 1056 parum
2323 989 2620 1059 probabile
2647 989 2947 1045 Welckero
2967 1008 3080 1046 esse
3098 991 3342 1065 videtur,
3367 1007 3432 1051 ut
3442 998 3662 1074 Dioge—

2107 1090 2235 1143 nes,
2269 1092 2393 1147 quae
2421 1085 2500 1131 est
2532 1075 2649 1148 ejus
2673 1077 2921 1133 hominis
2963 1079 3329 1155 negligentia,
3370 1083 3660 1143 Πολιτειῶν

2110 1178 2277 1233 opus,
2308 1163 2467 1236 quod
2508 1181 2660 1219 nunc
2698 1165 2923 1220 nonnisi
2962 1182 3031 1221 ex
3073 1179 3469 1243 excerptorum
3495 1174 3660 1229 titulo

2108 1248 2396 1318 novimuS,
2426 1250 2493 1305 iis
2532 1250 3044 1325 comprehenderit.

2187 1332 2409 1392 Primus
2434 1348 2694 1411 excerpta
2709 1340 2809 1394 ista
2835 1358 2950 1394 una
2976 1360 3105 1396 cum
3126 1344 3331 1399 AEliani
3375 1350 3538 1403 Varia
3564 1349 3662 1404 hi-

2108 1423 2279 1478 storia
2298 1423 2477 1479 edidit
2502 1424 2764 1481 Camillus
2800 1428 3100 1497 PeruscuS‚
3143 1432 3339 1487 Romae
3393 1432 3573 1504 1545,
3625 1444 3660 1504 4

2109 1509 2285 1566 hocce
2313 1512 2478 1567 titulo
2516 1531 2529 1567 ι
2570 1509 2673 1569 Ἐκ
2714 1514 2817 1569 τῶν
2843 1509 3189 1590 Ἡρακλείδου
3231 1518 3351 1594 περὶ
3389 1521 3661 1580 πολιτειῶν

2110 1593 2415 1673 ὑπόμνημα,
2445 1600 2538 1653 Ex
2554 1600 2849 1655 Heraclide
2866 1603 2937 1657 de
2963 1603 3121 1658 rebus
3128 1607 3377 1677 publicis
3388 1628 3662 1667 commen-

2111 1689 2309 1740 tarium
2349 1685 2452 1761 (V.
2488 1687 2775 1743 Fabricius
2810 1690 2874 1743 B.
2905 1690 3002 1747 Gr.
3032 1693 3101 1762 V,
3141 1710 3203 1765 p.
3237 1693 3381 1766 6153
3413 1698 3657 1774 Freitag.

2110 1772 2325 1846 Adpar.
2398 1774 2634 1830 litterar.
2693 1776 2751 1845 1,
2807 1793 2941 1847 217.

2111 1900 2331 1963 ἐποίησε,
2361 1903 2387 1951 6
2428 1903 2687 1963 ἐπικληθεὶς
2721 1906 2935 1962 Χαλκοῦς
2952 1941 2967 1966 ,
3001 1907 3049 1956 ἐν
3071 1912 3166 1965 τοῖς
3191 1909 3411 1973 ἐλεγείοις.
3442 1914 3572 1964 Ἐστὶ
3604 1916 3657 1966 δὲ

2110 1973 2137 2018 ό
2158 1973 2364 2034 χρησμὸς
2384 1973 2460 2022 ὅδε
2474 1989 2488 2001 ·
3020 1986 3028 1993 ’

2233 2059 2482 2123 Εὐδαίμων
2503 2062 2714 2126 Χαρίτων
2738 2065 2816 2113 καὶ
2837 2064 3134 2123 Μελάνιππος
3153 2067 3258 2128 ἔφυ,

2172 2130 2294 2187 θείας
2310 2132 2530 2197 ἁγητῆρες
2547 2134 2804 2197 ἐφαμερίοις
2821 2135 3074 2197 φιλότατος.

2173 2216 2372 2282 Reliqua
2402 2232 2512 2281 quae
2544 2219 2606 2269 ad
2623 2220 2844 2271 historiae
2867 2222 2943 2271 vel
2967 2224 3299 2286 geographiam
3324 2227 3538 2288 speciant
3553 2228 3662 2281 hoec

2111 2291 2225 2337 sunt
2260 2309 2272 2339 ε
2294 2290 2466 2340 Strabo
2485 2293 2626 2354 vm,
2646 2304 2695 2354 p.
2720 2294 2810 2343 384
2846 2306 2920 2356 sq.
2945 2293 3006 2344 de
3032 2294 3192 2344 Helice
3219 2293 3337 2344 urbe
3356 2297 3498 2347 terrae
3524 2303 3661 2350 motu

2112 2356 2269 2409 diruta
2291 2379 2302 2409 ε
2329 2362 2626 2425 Ἡρακλείδης
2646 2364 2694 2412 δὲ
2713 2380 2855 2427 φησι,
2881 2363 2986 2413 καθ’
3005 2365 3145 2414 αὑτὸν
3186 2366 3398 2427 γενέσθαι
3421 2369 3475 2417 τὸ
3515 2370 3660 2428 πάθος

2110 2430 2317 2497 νύκτωρ,
2338 2434 2519 2484 δώδεκα
2551 2434 2763 2491 σταδίους
2798 2435 3043 2498 διεχούσης
3067 2441 3146 2496 τῆς
3170 2437 3348 2496 πόλεως
3376 2440 3467 2490 ἀπὸ
3489 2442 3661 2491 θαλάσ-

2110 2518 2219 2563 σης,
2240 2504 2319 2551 καὶ
2343 2505 2508 2554 τούτου
2525 2510 2609 2553 τοῦ
2628 2504 2803 2568 χωρίου
2815 2506 2985 2563 παντὸς
3004 2508 3088 2554 σὺν
3106 2512 3163 2569 τῇ
3181 2507 3310 2556 πόλει
3331 2511 3631 2574 καλυφθέντος
3645 2527 3659 2540 ·

2112 2571 2367 2633 δισχιλίους
2394 2574 2443 2622 δὲ
2463 2574 2592 2637 παρὰ
2621 2580 2716 2623 τῶν
2745 2573 2942 2637 Ἀχαιῶν
2970 2576 3279 2639 πεμφθέντας,
3309 2578 3545 2629 ἀνελέσθαι
3576 2582 3660 2643 μὲν

2110 2641 2216 2696 τοὺς
2237 2643 2424 2706 νεκροὺς
2448 2644 2512 2705 μὴ
2532 2644 2784 2705 δύνασθαι,
2804 2649 2900 2700 τοῖς
2932 2645 2972 2694 δ’
2997 2646 3181 2708 ὁμόροις
3200 2652 3350 2710 νεῖμαι
3370 2650 3452 2706 τὴν
3471 2651 3658 2714 χώραν.

2111 2714 2343 2774 συμὸῆναι
2366 2714 2416 2763 δὲ
2442 2714 2496 2763 τὸ
2517 2715 2661 2770 πάθος
2693 2716 2814 2764 κατὰ
2839 2722 2974 2779 μῆνιν
3009 2718 3323 2774 Ποσειδῶνος·
3356 2721 3464 2777 τοὺς
3486 2722 3573 2784 γὰρ
3593 2722 3659 2770 ’ἐκ

2110 2786 2192 2839 τῆς
2224 2783 2410 2841 Ἑλίκης
2435 2783 2714 2841 ἐκπεσόντας
2733 2784 2900 2842 Ἴωνας
2927 2787 3072 2835 αἰτεῖν
3100 2786 3370 2849 πέμψαντας
3412 2792 3536 2847 παρὰ
3563 2794 3659 2839 τῶν

2110 2851 2349 2915 Ἐλικέων,
2384 2854 2586 2917 μάλιστα
2607 2856 2691 2913 μὲν
2718 2856 2772 2904 τὸ
2797 2856 2962 2919 βρέτας
2979 2862 3064 2905 τοῦ
3082 2858 3403 2916 Ποσειδῶνος·
3439 2863 3479 2907 εἶ
3505 2860 3552 2908 δὲ
3573 2862 3659 2921 μὴ,

2108 2926 2191 2970 τοῦ
2211 2938 2264 2984 γε
2292 2926 2414 2988 ἱεροῦ
2436 2925 2519 2983 τήν
2551 2924 2818 2990 ἀφίδρυσιν·
2847 2926 2902 2976 ού
2937 2925 3109 2976 δόντων
3140 2927 3217 2989 δὲ,
3249 2930 3430 2992 πέμψαι
3457 2930 3567 2993 πρὸς
3603 2931 3657 2981 τὸ

2111 2997 2264 3043 κοινὸν
2277 3000 2369 3043 τῶν
2385 2994 2580 3058 Ἀχαιῶν
2598 3010 2610 3022 ·
2631 3002 2725 3045 τῶν
2744 2998 2792 3046 δὲ
2805 2998 3158 3061 ψηφισαμένων,
3171 2999 3268 3049 οὐδ’
3281 3002 3347 3056 ὣς
3359 3003 3623 3050 ὑπακοῦσαι
3639 3015 3653 3027 ·

2108 3066 2176 3124 τῷ
2186 3062 2227 3112 δ’
2238 3064 2337 3122 ἑξῆς
2351 3071 2542 3128 χειμῶνι
2553 3066 2782 3128 συμδῆναι
2792 3067 2845 3114 τό
2855 3066 3025 3130 πάθοςξ
3041 3067 3148 3123 τοὺς
3169 3069 3210 3115 δ’
3240 3069 3452 3133 Ἄχαιοὺς
3469 3070 3658 3133 ὕστερον

2109 3133 2265 3182 δοῦναι
2288 3140 2382 3190 τοῖς
2406 3135 2537 3184 Ἴωσι
2563 3137 2645 3193 τήν
2665 3136 2919 3199 ἀφίδρυσιν.

2172 3203 2305 3252 mem
2329 3207 2474 3266 xm,
2504 3218 2553 3268 p.
2580 3209 2670 3256 σοι
2700 3206 2812 3255 :mv
2840 3207 2890 3255 δὲ
2923 3212 2982 3269 τῇ
3010 3208 3171 3271 Χρύσῃ
3203 3209 3348 3272 ταύτῃ
3379 3210 3458 3259 καὶ
3483 3197 3537 3261 ἐι
3575 3217 3657 3262 τοῦ

2110 3275 2337 3336 Σμινθέως
2361 3274 2640 3332 Ἀπόλλωνός
2673 3277 2798 3325 ἐστιν
2828 3278 2946 3340 ἱερὸν
2963 3312 2978 3337 ,
3012 3279 3091 3327 καὶ
3122 3279 3176 3328 τὸ
3198 3279 3450 3342 σύμόολον,
3487 3284 3538 3331 τὸ
3573 3286 3657 3343 τὴν

2109 3343 2371 3405 ἐτυμότητα
2407 3349 2557 3402 σῶζον
2572 3382 2586 3406 ,
2622 3348 2648 3393 6
2672 3351 2757 3408 μῦς
2776 3347 3019 3395 ὑπόκειται
3041 3352 3108 3409 τῷ
3126 3348 3233 3397 ποδὶ
3255 3354 3338 3397 τοῦ
3360 3349 3540 3406 ξοάνου.
3571 3353 3660 3403 Rei·

2109 3424 2300 3462 causam
2323 3415 2584 3476 mythicam
2602 3418 2859 3478 postquam
2877 3416 3037 3466 nescio
3052 3430 3177 3479 quoe
3198 3422 3393 3469 secutus
3417 3424 3654 3485 exposuit,

2108 3482 2243 3532 addit
2267 3504 2280 3534 ι
2307 3484 2607 3549 Ἡρακλείδης
2631 3485 2671 3535 δ’
2690 3488 2717 3534 6
2737 3488 2962 3543 Ποντικὸς
2980 3487 3262 3545 πληθύοντάς
3281 3507 3391 3552 φησι
3416 3491 3531 3553 μύας
3553 3495 3656 3557 περὶ

2105 3554 2160 3602 τό
2178 3554 2296 3617 ἱερὸν
2319 3557 2589 3618 νομισθῆναί
2608 3572 2658 3604 τε
2676 3557 2822 3619 ἱεροὺς
2834 3593 2848 3616 ,
2865 3557 3016 3606 καὶτὸ
3035 3557 3193 3612 ξόανον
3212 3559 3337 3607 οὕτω
3359 3573 3657 3628 ριατασκευα-

2106 3625 2268 3681 σθῆναι
2290 3626 2487 3687 βεὸηκός
2509 3627 2583 3675 ἐπὶ
2597 3631 2668 3689 τῷ
2684 3627 2784 3690 μυί.
2802 3632 2915 3676 llaec
2932 3626 3239 3690 probabiliter
3259 3642 3320 3678 ex
3335 3630 3454 3679 libro
3474 3631 3658 3688 Κτίσεις

2107 3696 2240 3756 ίερῶν
2260 3694 2501 3757 inscripto.

2169 3763 2242 3814 Cf.
2261 3765 2392 3815 Idem
2404 3770 2468 3828 ΙΙ,
2484 3780 2534 3830 p.
2547 3773 2626 3818 98:
2638 3768 3085 3832 Ἡρακλείδηνδὲτόν
3097 3769 3320 3818 Ποντικὸν
3334 3768 3381 3817 ἐν
3399 3770 3449 3817 δι
3462 3771 3526 3818 αλ
3537 3769 3655 3833 όγῳ

2103 3840 2252 3883 ποιεῖν
2263 3835 2509 3900 ἀφιγμένον
2518 3839 2643 3901 παρὰ
2657 3841 2827 3890 Γέλωνι
2837 3839 2984 3902 μάγον
2995 3839 3098 3887 τινὰ
3111 3841 3406 3902 περιπλεῦσαι
3415 3839 3654 3901 φάσκοντα

2106 3906 2205 3966 (sc.
2231 3908 2541 3964 Ποσειδώνιος
2563 3910 2736 3971 λέγει).
2769 3909 2899 3958 Idem
2918 3907 3078 3957 denuo
3110 3908 3280 3958 Strabo
3300 3909 3446 3969 tangit
3465 3921 3512 3970 p.
3539 3915 3650 3958 100.

2172 3976 2432 4038 Antigonus
2459 3978 2635 4028 Histor.
2659 3979 2830 4029 Mirab.
2857 3983 2942 4029 157
2972 3997 2985 4026 ε
3016 3980 3113 4037 Τὴν
3137 3979 3186 4028 δὲ
3205 3980 3251 4028 ἐν
3267 3984 3360 4034 τοῖς
3383 3979 3652 4042 Σαρμάταις

2103 4044 2264 4108 λίμνην
2279 4047 2580 4111 Ἡρακλείδην
2597 4049 2802 4114 γράφειν,
2813 4050 2883 4099 ὅτι
2899 4048 3031 4098 οὐδὲν
3052 4054 3145 4098 τῶν
3166 4050 3352 4112 ὀρνίθων
3375 4049 3652 4113 ὑπεραίρειν,

2103 4119 2156 4165 τὸ
2175 4117 2223 4166 δὲ
2241 4119 2490 4181 προσελθὸν
2509 4120 2601 4169 ὑπὸ
2615 4127 2695 4180 τῆς
2709 4120 2859 4184 ὀσμῆς
2882 4122 3113 4170 τελευτᾶν.
3131 4119 3310 4170 Eadem
3330 4120 3508 4170 Sotion.
3526 4133 3571 4169 c.
3592 4128 3652 4170 22

2086 4185 2149 4262 'in
2176 4185 2410 4235 paradox.
2436 4186 2513 4237 ed.
2538 4192 2798 4240 westerm.
2822 4192 2870 4238 et
2894 4190 3057 4240 Tzetz.
3084 4189 3146 4239 ad
3174 4193 3287 4252 Lyc.
3311 4192 3420 4239 704.

2164 4256 2488 4307 Tertullianus
2524 4262 2654 4322 opp.
2683 4274 2734 4323 p.
2772 4264 2862 4310 346
2884 4259 3052 4321 Rigalt.
3076 4258 3137 4308 de
3153 4258 3449 4308 somniorum
3477 4262 3655 4310 eventu

2102 4326 2350 4390 disputans
2366 4326 2516 4376 dicit:
2538 4329 2898 4380 Alexandrum
2916 4330 3006 4393 qm·
3030 4330 3203 4378 sciunt
3238 4330 3429 4379 leonem
3464 4331 3655 4379 annuli

2103 4401 2466 4460 recoqnoscunt
2481 4415 2497 4460 ;
2525 4400 2762 4461 Ephorus
2781 4399 2963 4449 scribit
2986 4398 3157 4460 <locus
3193 4398 3271 4447 hic
3305 4399 3424 4461 fugit
3450 4397 3655 4449 editores

2102 4469 2270 4531 fragm.
2297 4468 2522 4531 Ephori).
2544 4470 2642 4519 Sed
2663 4473 2714 4519 et
2741 4471 2965 4530 Dionysii
2989 4468 3178 4517 Sicilioe
3201 4466 3534 4529 tyrannidem
3557 4470 3655 4517 m-

2101 4551 2293 4588 meroea
2329 4538 2573 4602 quaedam
2594 4541 2910 4598 somniavit3
2953 4535 3253 4586 Heraclides
3279 4536 3536 4598 prodidit.
3576 4537 3650 4588 ci.

2101 4607 2310 4657 Timaeus
2331 4620 2405 4670 ap.
2433 4607 2583 4656 schol.
2610 4607 2822 4657 AEschin.
2841 4608 2938 4657 vol.
2960 4609 3010 4668 Ι,
3036 4619 3085 4668 p.
3108 4610 3195 4656 751
3219 4605 3393 4668 (locus
3410 4605 3458 4653 in
3481 4605 3652 4667 fragm.

2101 4679 2224 4728 Tim.
2240 4677 2475 4741 omissus)
2494 4679 2544 4726 et
2559 4678 2642 4740 qui
2665 4678 2901 4727 Timoeum
2922 4689 3080 4740 presse
3097 4675 3318 4738 sequitur
3343 4674 3500 4725 Valet.
3520 4677 3648 4725 Max.

2099 4750 2153 4809 1,
2174 4751 2223 4807 7,
2253 4753 2298 4797 6.

2162 4816 2229 4880 (*)
2255 4817 2326 4867 Ad
2354 4815 2498 4867 hosce
2516 4817 2662 4869 libros
2684 4818 2796 4883 Περὶ
2816 4818 2960 4881 ἀρχῆς
2982 4818 3054 4879 α’,
3074 4817 3184 4882 Περὶ
3202 4815 3359 4879 νόμων
3390 4823 3437 4864 α’
3466 4816 3653 4865 καὶτῶν

2099 4893 2358 4950 συγγεννῶν
2390 4888 2568 4944 τούτοις
2597 4889 2836 4950 pertinent
2863 4886 3176 4937 Ciceroniana
3210 4885 3381 4948 (Legg.
3419 4887 3512 4944 111,
3541 4885 3598 4945 6)
3635 4904 3650 4935 ε

2099 4957 2392 5006 Aristoteles
2417 4957 2705 5008 illustravit
2735 4969 2934 5006 omnem
2963 4956 3100 5005 hunc
3120 4957 3327 5005 civilem
3370 4957 3427 5003 in
3465 4953 3652 5016 dispu-

2100 5026 2258 5076 tando
2290 5027 2484 5082 locum,
2533 5026 2933 5090 Heraclidesque
2967 5027 3247 5082 Ponticus.
3281 5024 3547 5088 profectus
3582 5023 3652 5074 ab

2112 5096 2284 5146 eodem
2311 5095 2541 5146 Platone.
