4016 5916
539 460 647 512 864

1722 447 2096 507 DEMETRII
2140 445 2526 508 PHALEREI

533 580 869 662 εἰσαγγελίαι
897 576 1163 660 [’Έκρινον
1188 579 1242 638 δὲ
1268 579 1360 646 τὰς
1388 576 1738 658 εἰσαγγελίας]
1768 581 1837 645 ὧς
1853 577 1946 655 μὲν
1983 578 2088 639 Φι-
2183 564 2466 652 ὅητοῧντας
2516 580 2781 653 διαιτητὰς
2833 580 2955 639 δέκα
3006 580 3097 651 ἔτη
3143 581 3464 660 λαμόάνειν·
3517 584 3598 643 διὸ
3655 585 3755 644 καὶ

530 669 748 750 λόχορος
778 667 1097 748 (Φιλόχανος
1120 667 1501 748 οοά.),χιλίων
1530 666 1905 745 καθεζομένων,
1934 668 2005 733 ὥς
2035 666 2088 725 δὲ

532 756 829 839 Δημήτριος
857 759 885 814 ὃ
913 755 1225 835 Φαληρεὺς,
1252 756 1435 835 χιλίων
1458 752 1833 813 πεντακοσίων.
1869 753 2090 811 Inclusa

531 847 809 921 supplevit
828 848 1083 903 Meierus.

611 935 814 990 Pollux
834 932 1000 1003 VIII,
1029 930 1101 987 53
1126 949 1140 990 z
1169 928 1344 992 Χίλιοι
1378 928 1431 988 δὲ
1456 927 1593 987 κατὰ
1627 927 1722 1006 μὲν
1745 926 1964 988 Σόλωνα
1996 925 2090 994 τὰς

516 1017 856 1095 ,εἰσαγγελίας
896 1015 1109 1098 ἔκρινον·
1147 1015 1284 1074 κατὰ
1323 1013 1376 1074 δὲ
1410 1015 1496 1072 τὸν
1538 1014 1820 1096 Φαληρέα,
1842 1012 2088 1093 καὶπρὸς

531 1104 882 1163 πεντακόσιοι.

618 1218 642 1245 a
682 1195 770 1250 Ab
812 1193 1041 1249 Polluce
1091 1211 1267 1266 quum
1305 1191 1624 1248 Demetrius
1658 1189 1853 1248 Soloni
1900 1209 2090 1264 oppo-

529 1293 715 1350 natur,
731 1291 797 1336 ut
814 1281 1036 1336 Solonis
1052 1281 1283 1335 nomine
1293 1279 1443 1354 leges
1457 1279 1700 1347 Solonis,
1720 1278 1795 1332 ita
1809 1278 2088 1333 Demetrii

529 1370 759 1424 nomine
776 1367 1049 1424 Demetrii
1063 1367 1210 1441 leges
1227 1354 1524 1440 significari
1539 1364 1872 1433 credideris;
1891 1376 2088 1421 contra

532 1475 595 1511 ea
612 1456 707 1510 hic
729 1457 1120 1530 grammaticus
1134 1472 1308 1527 quum
1318 1453 1665 1508 Demetrium
1680 1462 1933 1525 opponat
1950 1452 2087 1506 Phi-

530 1543 883 1613 lochoro,ut
910 1542 1237 1597 I’hilochori
1259 1541 1487 1595 nomine
1523 1539 1846 1595 Philochori
1876 1538 2081 1609 libros,

529 1632 608 1686 ita
628 1630 903 1685 Demetrii
923 1629 1152 1683 nomine
1168 1628 1445 1683 Demetrii
1465 1627 1641 1681 libros
1665 1622 1976 1700 significare
1996 1628 2087 1681 vi-

531 1717 699 1773 detur
714 1737 730 1786 3
754 1717 906 1771 hunc
920 1716 1093 1790 igitur
1108 1717 1185 1770 sic
1207 1715 1575 1788 interpretere
1593 1755 1608 1782 ,
1629 1713 1784 1785 quasi
1802 1730 1940 1767 vero
1957 1713 2087 1768 Phi-

530 1804 799 1860 lochorus
830 1803 1140 1858 narraverit
1179 1802 1251 1858 de
1275 1796 1618 1876 εἰσαγγελίαις
1648 1815 1870 1870 semper
1901 1799 2084 1868 mille,

528 1892 848 1948 Demetrius
865 1900 1049 1945 autem
1068 1889 1365 1945 tradiderit
1386 1888 1458 1943 de
1479 1889 1545 1941 iis
1560 1903 1781 1958 semper
1802 1887 1911 1940 MD
1931 1883 2088 1956 judi-

533 1998 621 2035 ces
632 1977 903 2050 judicasse
922 2020 938 2049 ‚
961 1995 1156 2051 quum,
1181 1977 1467 2031 Pollucem
1486 1975 1531 2029 si
1549 1972 1709 2028 audis
1723 2014 1739 2041 ‚
1757 1972 1893 2026 olim
1920 1973 2085 2028 Solo-

530 2067 617 2119 nis
630 2064 846 2139 legibus
858 2065 1012 2119 mille
1026 2104 1043 2134 ‚
1062 2074 1254 2138 postea
1275 2062 1544 2118 Demetrii
1568 2078 1638 2115 ex
1655 2057 1994 2132 legibusMD
2014 2057 2086 2114 de

533 2147 876 2226 εἰσαγγελίαις
889 2150 1216 2223 judicarint.
1259 2154 1446 2223 Atque
1482 2166 1611 2203 cum
1648 2146 1760 2200 hoc
1796 2146 2084 2201 rhetorico

518 2238 715 2293 ‘lexico
734 2248 799 2292 ut
824 2237 1006 2292 facere
1024 2237 1212 2292 malim
1227 2278 1242 2305 ,
1266 2235 1408 2291 illud
1426 2235 1562 2289 mihi
1578 2231 1904 2307 persuadet,
1928 2232 2086 2305 quod

533 2326 806 2381 Demetrii
858 2324 1017 2380 libris
1064 2321 1194 2399 Περὶ
1236 2324 1330 2390 τῆς
1381 2318 1624 2391 Ἀθήνησι
1667 2317 1970 2394 νομοθεσίας
2013 2320 2083 2375 ab

536 2408 982 2485 Harpocratione
1013 2420 1118 2480 ter,
1141 2409 1212 2464 ab
1238 2409 1350 2463 hoc
1378 2409 1558 2463 lexico
1591 2407 1881 2462 rhetorico
1914 2406 2085 2460 semel

532 2498 737 2555 diserte
754 2497 832 2572 (p.
854 2496 988 2569 672,
1006 2497 1084 2570 4),
1108 2496 1279 2552 semel
1299 2495 1483 2550 minus
1501 2494 1704 2550 diserte
1729 2492 1802 2568 (p.
1824 2492 1961 2563 673,
2002 2491 2080 2565 4),

531 2584 650 2657 ejus
677 2596 864 2640 autem
904 2584 1122 2658 legibus
1144 2600 1435 2655 nunquam
1478 2582 1547 2636 ab
1594 2581 1678 2635 his
1712 2580 2085 2655 grammaticis

534 2672 909 2728 testimonium
949 2669 1347 2737 denunciatur3
1372 2670 1560 2740 itaque
1599 2665 1753 2740 apud
1796 2668 2081 2722 Pollucem

532 2776 764 2832 quoque
789 2768 909 2812 tum
932 2775 1031 2828 eo,
1061 2774 1177 2830 quo
1207 2774 1359 2810 nunc
1385 2757 1588 2829 agitur,
1620 2756 1749 2809 loco
1795 2756 1959 2823 VIII,
1987 2753 2082 2823 52,

531 2842 670 2909 κατὰ
704 2839 759 2900 δὲ
786 2841 876 2901 τὸν
901 2840 1161 2919 Φαληρέα
1196 2860 1313 2897 non
1333 2840 1608 2915 significat
1624 2859 1701 2896 ex
1730 2841 1942 2916 legIbus
1969 2842 2084 2897 sive

531 2943 776 3005 tempore
795 2931 1179 2999 Phalerenst‘s,
1212 2940 1332 2985 tum
1352 2929 1514 2997 VIII,
1560 2946 1690 2999 τοο,
1721 2923 2085 3004 νομοφύλακας

532 3016 589 3073 δὲ
611 3014 748 3073 κατὰ
773 3014 859 3073 τὸν
882 3014 1139 3095 Φαληρέα
1154 3060 1170 3091 ,
1193 3011 1669 3090 μετωνομάσθησαν
1698 3032 1817 3070 non
1843 3025 1923 3071 est
1954 3035 2083 3073 cum

531 3106 767 3161 Kuhnio
826 3104 1221 3178 explicandum
1277 3115 1518 3178 tempore
1555 3102 1934 3171 Phalerea-ris,
1983 3105 2082 3161 sed

530 3203 770 3265 uterque
798 3193 956 3248 locus
978 3191 1052 3248 ad
1074 3210 1169 3247 eos
1197 3181 1345 3265 quos
1367 3191 1610 3246 diximus
1632 3190 1807 3245 libros
1830 3193 1916 3247 De
1938 3191 2081 3268 legi-

532 3280 638 3334 bus
664 3280 854 3335 Atticis
872 3278 1201 3334 referendus
1224 3288 1321 3335 est.
1354 3278 1388 3332 J
1391 3295 1480 3332 am
1500 3277 1591 3332 via
1611 3287 1807 3351 parata
1843 3287 1950 3349 est,
1971 3297 2083 3351 qua

530 3367 821 3422 Pollucem
847 3384 974 3421 cum
1001 3366 1111 3420 hoc
1139 3366 1352 3434 lexic0,
1379 3382 1490 3437 qua
1515 3364 1919 3421 Philochorum
1950 3385 2081 3421 cum

526 3455 817 3510 Demetrio
852 3454 1227 3510 conciliemus.
1257 3454 1479 3508 Etenim
1514 3452 1883 3508 Philochorus
1922 3453 2082 3526 quod

524 3542 678 3597 mille
705 3540 924 3612 judices
951 3541 1022 3597 de
1049 3537 1394 3617 εἷσαγγελίαις
1418 3539 1695 3612 judicasse
1727 3542 1976 3614 scripsit,
2007 3540 2080 3596 ad

523 3636 770 3684 veterem
818 3628 1040 3683 Solonis
1081 3629 1262 3703 legem
1284 3670 1300 3701 ,
1339 3628 1683 3700 Demetrius,
1725 3626 1883 3700 quod
1927 3628 2080 3683 mille

524 3716 860 3790 quingentos
897 3714 1114 3785 judices
1152 3717 1214 3770 in
1260 3716 1367 3771 illis
1406 3714 1849 3771 accusationibus
1877 3714 2081 3771 sedisse

524 3800 787 3871 tradidit,
814 3800 888 3858 ad
904 3820 1122 3857 morem
1147 3812 1372 3878 postea,
1394 3804 1581 3857 nescio
1606 3801 1835 3875 quando
1851 3844 1868 3872 ,
1890 3803 2079 3858 intro-

525 3890 757 3945 ductum
788 3890 1086 3964 respexisse
1110 3890 1396 3965 putandus
1423 3900 1520 3947 est.
1558 3916 1581 3941 ο
1617 3890 1899 3948 Mamaos.

1262 4055 1353 4091 11.

508 4230 517 4238 ,
602 4175 796 4230 Lexic.
829 4174 995 4229 Rhet.
1039 4192 1099 4248 p.
1128 4172 1269 4243 673,
1302 4173 1333 4229 3
1359 4192 1412 4233 V.
1447 4170 1567 4250 [Ἦ]
1595 4170 1676 4250 μὴ
1702 4164 1864 4232 οῧσα
1894 4170 2073 4244 δίκη·

522 4257 823 4337 Δημήτριος
858 4261 886 4316 ὃ
926 4257 1207 4338 Φαληρεὺς
1244 4257 1405 4325 ἐνίους
1444 4258 1583 4337 λέγει
1621 4263 1723 4317 τῶν
1762 4258 2076 4341 κρινομένων

522 4352 851 4423 κακοτεχνεῖν
892 4352 996 4412 τοῖς
1035 4344 1304 4404 διώκουσιν
1359 4344 1830 4425 ἅντιλαγχάνοντας
1868 4346 1961 4416 τὴν
2001 4349 2075 4422 μὴ

522 4424 709 4490 οὖσαν·
740 4433 816 4489 δεῖ
852 4430 953 4511 γὰρ
975 4429 1090 4499 τοὺς
1115 4430 1262 4511 [μὴ]
1289 4430 1417 4512 ὓπὲρ
1447 4433 1569 4491 δέκα
1599 4434 1846 4512 δραχμῶν
1878 4435 2071 4513 ἀμφισ-

520 4599 678 4658 mille,
714 4598 978 4649 secundum
1015 4599 1311 4648 Demetrium
1340 4600 1622 4650 Phalereum
1665 4598 1791 4649 mille
1826 4600 2072 4664 quingenti

520 4675 767 4727 sedebant.

578 4838 848 4889 Demetrius
868 4837 1127 4890 Phalereus
1151 4838 1269 4889 dicit
1290 4840 1548 4893 nonnullos
1582 4852 1688 4891 reos
1718 4840 1857 4890 malis
1889 4841 2074 4891 artibus

518 4916 568 4965 ln
586 4919 887 4967 accusatores
904 4917 975 4967 uti
993 4930 1051 4967 eo
1062 4955 1078 4980 ,
1098 4916 1232 4981 quod
1250 4919 1598 4971 restitutionem
1617 4919 1715 4970 litis
1732 4924 1961 4984 peterent.
1982 4924 2076 4972 De-

518 4992 634 5042 bent
651 4995 777 5043 enirn
801 4992 861 5054 ii,
883 5007 1088 5057 quorum
1118 4994 1177 5045 lis
1194 4998 1267 5045 est
1289 4995 1411 5045 infra
1433 4996 1597 5047 decem
1616 4994 1953 5047 drachmarum
1969 5011 2074 5059 pre·

522 5071 668 5131 tium,
695 5071 753 5121 ad
776 5072 982 5122 arbitros
1006 5086 1114 5122 eam
1134 5073 1332 5124 deferre,
1359 5076 1512 5138 Atque
1534 5076 1609 5126 lex
1639 5080 1822 5126 eratne
1842 5075 2075 5138 ejusmodi

519 5161 660 5198 causa
682 5149 730 5198 in
746 5150 981 5212 judicium
995 5150 1244 5214 publicum
1263 5153 1648 5204 introduceretur
1662 5158 1919 5217 antequam
1943 5153 2075 5217 apud

519 5226 723 5276 arbitros
753 5228 876 5277 esset
905 5227 1156 5278 instructa.
1195 5230 1307 5279 Jam
1335 5243 1449 5280 vero
1470 5232 1716 5295 nonnulli,
1755 5232 1837 5296 qui
1873 5232 2072 5294 justitiae

2178 667 2346 729 ἔκειτο
2375 667 2527 745 νόμος
2557 667 2630 745 μὴ
2658 667 2955 746 εἰσάγεσθαι
2984 669 3153 743 δίκην,
3179 673 3224 727 εἰ
3255 667 3327 746 μὴ
3351 669 3601 753 πρότερον
3639 673 3760 741 ἐξε-

2179 753 2393 827 τασθείη
2426 758 2554 833 παρ’
2596 755 2766 822 αὐτοῖς
2794 754 2852 813 τὸ
2879 764 3131 833 πρᾶγμα·
3165 756 3324 824 ἐνίους
3363 757 3417 816 δὲ
3447 759 3663 826 ἀσθενὲς
3694 759 3763 818 τὸ

2179 838 2378 899 δίκαιον
2408 838 2621 922 ἔχοντας
2647 841 2737 900 καὶ
2767 841 3057 911 δεδοικότας
3086 841 3180 915 τὴν
3208 844 3572 920 καταδίαιταν,
3614 848 3760 928 χρό-

2179 948 2294 994 νους
2319 927 2598 1004 ἑμὸάλλειν
2618 928 2708 987 καὶ
2731 927 2946 1009 σκήψεις
2962 973 2978 1001 ,
2996 927 3107 998 οἵας
3131 932 3295 990 δοκεῖν
3311 923 3443 991 εἶναι
3463 931 3722 1012 εὐλόγους
3739 961 3755 974 ·

2180 1012 2272 1072 καὶ
2301 1012 2361 1073 τὸ
2390 1013 2486 1092 μὲν
2518 1020 2724 1096 πρῶτον
2749 1015 3206 1097 παραγράφεσθαι,
3232 1018 3292 1077 τὸ
3320 1022 3342 1098 [
3367 1018 3422 1078 δὲ
3453 1021 3707 1102 δεύτερον
3732 1025 3762 1103 }

2177 1098 2505 1178 ὀπόμνυσθαι
2532 1103 2679 1162 νόσον
2707 1101 2743 1174 ἢ
2783 1103 3103 1180 ἀποδημίαν,
3137 1104 3227 1163 καὶ
3262 1108 3615 1176 τελευτῶντας
3661 1110 3756 1168 ἐπὶ

2179 1186 2272 1259 τὴν
2297 1189 2478 1269 κυρίαν
2507 1192 2666 1263 αὖτῆς
2692 1190 2851 1270 [τῆς]
2881 1190 3081 1262 διαίτης
3108 1191 3308 1273 ἡμέραν
3332 1196 3425 1252 οὐκ
3458 1197 3756 1255 ἀπαντῶν-

2179 1298 2271 1343 τας
2287 1322 2304 1352 ,
2328 1278 2704 1356 [ἀπαντῶντας
2728 1279 2817 1357 δὲ]
2845 1276 3041 1356 ἡ[λίου]
3062 1276 3316 1354 δύνοντος,
3340 1282 3756 1362 ἀντιλαγχάνειν

2180 1361 2278 1435 τὴν
2307 1362 2381 1437 μὴ
2412 1354 2571 1422 οὖσαν
2611 1367 2685 1444 τῶ
2721 1365 2920 1442 ἑλόντι,
2951 1364 3086 1426 ὥστε
3116 1366 3168 1435 ἐξ
3206 1371 3450 1448 ὑπαρχῆς
3491 1370 3756 1451 ἀκέραιον

2179 1452 2352 1516 αὐτοῖς
2374 1449 2716 1509 καθίστασθαι
2738 1451 2823 1510 τὸν
2855 1454 3052 1530 ἀγῶνα.

2258 1551 2541 1606 Hactenus
2560 1553 2832 1607 Demetrii
2858 1553 3153 1612 sententia.
3188 1555 3575 1628 Subjiciuntur
3596 1577 3751 1616 vero

2115 1697 2120 1702 ‚
2178 1636 2294 1691 haec
2325 1654 2342 1691 ε
2382 1635 2516 1693 Κατ’
2548 1634 2709 1704 ἐνίους
2737 1634 2790 1694 δὲ
2826 1640 2861 1708 ἡ
2896 1636 3152 1707 ἀντίληξις
3195 1639 3440 1718 [οὐδεμία
3468 1633 3600 1723 ἧν],
3632 1645 3748 1702 οὐδ’

2182 1717 2356 1799 [Qum
2397 1722 2695 1801 ἀντιλαχεῖν
2741 1720 2880 1794 ἐξῆν,
2919 1724 3009 1781 καὶ
3054 1724 3387 1806 μετέγραψαν
3430 1727 3466 1798 ἢ
3502 1727 3640 1795 ὅλως
3683 1734 3746 1790 ἐκ

2177 1811 2278 1867 τῶν
2303 1809 2457 1866 δικῶν
2485 1808 2644 1879 αὐτὴν
2675 1811 2902 1872 ἀνεῖλον·
2930 1811 3110 1870 τούτου
3136 1812 3190 1871 δὲ
3229 1812 3389 1872 αἴτιον
3411 1820 3446 1888 ἡ
3474 1821 3564 1876 τοῦ
3592 1816 3745 1884 ἔθους

2179 1893 2427 1975 ἔκλειψις·
2453 1894 2704 1975 ἀνῄρηται
2726 1896 2828 1977 γὰρ
2857 1896 2992 1974 μετὰ
3013 1900 3115 1956 τῶν
3150 1900 3358 1958 διαιτῶν
3387 1905 3419 1971 ἡ
3451 1901 3740 1974 ἅντίληξις.

2178 1980 2336 2053 Ἐξῆν
2361 1979 2414 2040 δὲ
2445 1981 2839 2062 ἀντιλαγχάνειν
2862 1983 3001 2051 ἐντὸς
3022 1989 3232 2064 ἡμερῶν
3258 1986 3399 2046 δέκα.

2259 2068 2771 2148 ἄντιλαγχάνοντας]
2800 2070 3236 2150 ἀντιλαγχάνουσι
3278 2076 3437 2147 cod.;
3475 2098 3739 2157 κακοτεχ-

2177 2161 2404 2224 νοῦντας.
2430 2200 2466 2220 ..
2482 2155 2876 2236 ἀντιλαγχάνειν
2895 2160 3052 2216 dedit
3074 2162 3292 2234 Meier.;
3316 2163 3464 2219 idem
3483 2181 3619 2221 mox
3630 2167 3739 2223 ad-

2176 2245 2321 2301 didit
2344 2243 2438 2320 μὴ,
2459 2280 2537 2290 -
2556 2243 2858 2317 διαιτητὰς]
2874 2247 3094 2322 Meier.‚
3114 2246 3390 2318 διαιτητεῗς
3402 2251 3610 2310 codex·
3624 2255 3733 2310 Ce-

2176 2342 2358 2388 terum
2373 2335 2639 2392 Meierus:
2673 2357 2699 2383 α
2722 2336 2789 2389 In
2805 2329 2928 2390 δέκα
2964 2329 3052 2402 ἔτη
3087 2334 3226 2408 quid
3256 2336 3439 2409 lateat,
3472 2339 3735 2396 nondum

2171 2423 2461 2495 perspexi,
2499 2439 2628 2476 nam
2657 2420 2814 2493 quod
2838 2422 2895 2479 C.
2920 2423 2986 2480 F.
3014 2423 3365 2478 Hermannus
3391 2425 3451 2478 in
3479 2427 3730 2481 Prooem.

2175 2508 2296 2563 ind.
2338 2507 2519 2564 schol.
2559 2508 2848 2584 Marburg.
2882 2526 2953 2564 an
2982 2508 3287 2577 1833-34
3319 2512 3561 2585 conjecit
3590 2513 3730 2569 διαι-

2174 2592 2266 2660 τάς
2313 2593 2358 2652 δ’
2401 2598 2516 2652 sive
2566 2592 2823 2671 τέσσαρας
2872 2594 3278 2674 ἕπιλαμὸάνειν,
3315 2598 3376 2653 id
3427 2617 3559 2655 sane
3610 2619 3730 2654 non

2173 2684 2413 2740 multum
2456 2683 2670 2740 recedit
2702 2684 2772 2739 ab
2810 2685 3100 2740 literarum
3135 2687 3402 2761 vestigiis,
3453 2702 3730 2762 repugnat

2174 2781 2394 2841 autem,
2428 2773 2486 2825 ni
2517 2772 2704 2841 fallor,
2738 2783 2857 2827 tum
2897 2773 3018 2827 usui
3051 2775 3323 2829 sermonis
3361 2773 3546 2848 (certe
3578 2794 3729 2830 nun-

2175 2876 2342 2932 quam
2358 2901 2373 2928 ,
2398 2858 2554 2933 quod
2573 2859 2759 2929 sciam,
2789 2855 3161 2933 ἐπιλαμὸάνειν
3176 2858 3443 2930 διαιτητὴν
3467 2860 3728 2937 dicitur),

2175 2955 2294 3003 tum
2340 2948 2506 3004 etiam
2544 2948 2720 3023 magis
2769 2948 3114 3021 antiquitatis
3162 2946 3325 3020 fidei3
3374 2969 3504 3005 nam
3547 2969 3725 3006 unum

2174 3037 2492 3110 exemplum
2537 3054 2713 3093 causae
2758 3036 2829 3091 ab
2884 3049 3154 3110 quattuor
3204 3039 3426 3093 arbitris
3462 3036 3727 3109 judicatae

2172 3140 2244 3181 eo
2274 3126 2457 3181 minus
2488 3125 2697 3199 probat
2721 3126 2972 3181 debuisse
3007 3144 3196 3182 coram
3251 3119 3537 3201 quaternis
3573 3128 3729 3184 arbi-

2174 3213 2273 3267 tris
2298 3230 2484 3268 causas
2510 3211 2827 3287 disceptari,
2849 3231 2963 3287 quo
3003 3213 3171 3287 plura
3195 3214 3454 3270 novimus
3470 3216 3724 3290 exempla

2171 3299 2350 3355 litium
2375 3299 2445 3354 ab
2462 3300 2691 3375 singulis
2718 3300 2940 3355 arbitris
2947 3299 3341 3372 judicatarum.
3369 3326 3393 3349 υ
3423 3299 3724 3379 [Equidem

2169 3404 2279 3460 pro
2306 3385 2584 3457 διαιτητεῖς
2621 3383 2745 3442 δέκα
2775 3383 2867 3456 ἔτη
2891 3386 2939 3444 λ.
2975 3391 3372 3463 proposuerim
3399 3408 3414 3447 z
3460 3388 3728 3460 διαιτητὰς

2172 3474 2243 3538 εἰς
2266 3471 2413 3543 δίκην
2434 3472 2660 3544 ἑκάστην
2673 3470 2984 3550 λαμὸάνειν,
2999 3477 3089 3530 vel
3106 3473 3367 3545 διαιτητὰς
3383 3478 3451 3541 ὡς
3477 3474 3725 3541 δικαστὰς

2170 3556 2484 3635 λαμὸάνειν,
2531 3560 2689 3634 quod
2729 3579 2848 3616 non
2887 3563 2962 3618 ita
3009 3563 3176 3640 longe
3227 3563 3384 3619 abest
3436 3563 3509 3619 ab
3555 3564 3728 3621 literis

2172 3666 2309 3725 quas
2341 3647 2569 3705 traditas
2601 3649 2938 3724 accepimus.
2977 3648 3086 3728 —]
3117 3676 3142 3703 «ι
3175 3654 3381 3710 Verum
3422 3650 3566 3706 illud
3599 3663 3728 3709 utut

2171 3749 2280 3808 est,
2311 3739 2355 3793 si
2381 3737 2557 3794 modo
2592 3739 2788 3812 priora
2818 3739 2989 3795 verba
3018 3751 3169 3796 recte
3209 3740 3532 3812 emendavi,
3570 3740 3722 3809 lites,

2171 3842 2294 3897 quae
2319 3834 2494 3891 essent
2522 3824 2665 3880 infra
2688 3823 2886 3880 decem
2915 3825 3233 3897 drachmas,
3260 3823 3538 3882 debebant
3563 3837 3722 3883 antea

2170 3909 2323 3984 apud
2351 3910 2594 3966 arbitros
2617 3910 2942 3983 disceptari,
2970 3930 3140 3985 quam
3164 3915 3221 3968 in
3237 3913 3517 3986 judicium
3538 3911 3723 3969 deser·

2168 4009 2366 4053 rentur
2391 3998 2769 4067 heliasticum3
2813 4016 2940 4072 quae
2983 4000 3156 4075 igitur
3201 4000 3397 4057 decem
3438 4000 3724 4057 drachmis

2170 4081 2410 4154 majores
2481 4095 2661 4142 essent
2698 4087 2932 4158 privatae
2979 4087 3410 4157 conoeoversiae,
3457 4097 3723 4160 poterant

2168 4172 2276 4227 illae
2304 4172 2534 4245 quidem
2553 4214 2568 4243 ,
2603 4173 2701 4229 sed
2725 4191 2842 4229 non
2877 4173 3159 4232 debebant
3191 4176 3418 4231 arbitris
3452 4186 3617 4231 antea
3650 4175 3720 4229 ad

2169 4259 2590 4334 disceptandum
2630 4262 2776 4318 dari.
2815 4262 2884 4317 Id
2924 4281 3061 4318 vero
3107 4274 3224 4319 tum
3269 4272 3482 4318 naturae
3527 4280 3721 4317 rerum

2168 4347 2589 4404 convenientius
2609 4360 2719 4419 est,
2745 4368 2913 4423 quarn
2942 4369 3065 4424 quae
3086 4361 3163 4405 est
3181 4350 3416 4425 vulgatae
3435 4349 3722 4424 scripturae

2168 4434 2437 4489 sententia
2454 4475 2469 4503 ,
2505 4446 2570 4489 ut
2593 4435 2788 4491 decem
2823 4435 3099 4492 drachmis
3121 4437 3360 4508 majores
3382 4436 3688 4491 debuerint
3703 4477 3720 4502 ,

2162 4610 2321 4648 causae
2346 4611 2446 4648 suoe
2479 4610 2650 4662 parum
2684 4596 2881 4650 fiderent
2895 4637 2910 4662 ,
2940 4602 3319 4664 vererenturque
3337 4614 3399 4650 ne
3434 4599 3496 4650 ab
3531 4598 3720 4650 arbitris

2162 4674 2613 4735 condemnarentur,
2628 4688 2788 4726 moras
2804 4679 2993 4727 nectere
3005 4690 3064 4727 ac
3081 4679 3344 4740 praetextus
3356 4678 3405 4726 et
3419 4676 3722 4740 exceptiones

2161 4752 2399 4814 speciosas
2416 4752 2590 4803 afferre
2610 4752 2893 4815 studebant;
2919 4766 2976 4803 ac
2998 4755 3208 4818 primum
3227 4752 3419 4817 quidem
3437 4752 3722 4816 exceptione

2161 4828 2363 4878 actionis
2378 4842 2476 4879 non
2501 4831 2629 4880 recte
2652 4831 2882 4881 institutae
2914 4832 3012 4893 uti,
3036 4832 3208 4883 deinde
3236 4845 3353 4881 vero
3383 4830 3609 4880 morbum
3635 4832 3722 4880 aut

2163 4905 2586 4969 peregrinationem
2598 4906 2687 4956 sub
2698 4907 3004 4969 iurisiurandi
3016 4908 3111 4959 fide
3120 4909 3434 4972 praetexentes
3443 4907 3726 4961 dilationem

2162 4987 2323 5046 petere
2333 5023 2347 5048 ,
2362 4984 2568 5048 deniqne
2581 4985 2709 5036 dicta
2727 4985 2804 5036 die
2821 4989 2907 5036 aut
2920 4988 3114 5037 omnino
3131 5000 3245 5047 non,
3260 4989 3345 5038 aut
3356 4986 3604 5037 occidente
3616 4987 3726 5047 jam

2161 5060 2261 5110 sole
2274 5075 2326 5112 se
2338 5062 2556 5113 sistentes
2570 5062 2916 5113 restitutionem
2934 5064 3033 5114 litis
3050 5067 3212 5127 petere
3223 5102 3237 5127 ,
3253 5064 3373 5115 adeo
3392 5067 3449 5114 ut
3461 5062 3523 5113 de
3536 5063 3727 5125 integro

2162 5153 2357 5203 prorsus
2384 5154 2528 5191 causa
2550 5141 2708 5191 denuo
2729 5142 3022 5192 instituenda
3048 5144 3191 5193 esset.
