<?xml version="1.0" encoding="UTF-8"?>
<!DOCTYPE html PUBLIC "-//W3C//DTD XHTML 1.0 Transitional//EN"
    "http://www.w3.org/TR/xhtml1/DTD/xhtml1-transitional.dtd">
<html xmlns="http://www.w3.org/1999/xhtml" xml:lang="en" lang="en">
 <head>
  <title>
</title>
<meta http-equiv="Content-Type" content="text/html;charset=utf-8" />
  <meta name='ocr-system' content='tesseract 3.04.00' />
  <meta name='ocr-capabilities' content='ocr_page ocr_carea ocr_par ocr_line ocrx_word'/>
</head>
<body>
  <div class='ocr_page' id='page_1' title='image "./fragmentahistor00mgoog_0461.png"; bbox 0 0 4016 5916; ppageno 0'>
   <div class='ocr_carea' id='block_1_1' title="bbox 1365 465 2637 605">
    <p class='ocr_par' dir='ltr' id='par_1_1' title="bbox 1365 465 2637 605">
     <span class='ocr_line' id='line_1_1' title="bbox 1365 465 2637 605; baseline -0.008 0"><span class='ocrx_word' id='word_1_1' title='bbox 1365 465 2637 605; x_wconf 89' lang='lat' dir='ltr'><em>MEGASTHENES.</em></span> 
     </span>
    </p>
   </div>
   <div class='ocr_carea' id='block_1_2' title="bbox 1747 791 2288 829">
    <p class='ocr_par' dir='ltr' id='par_1_2' title="bbox 1747 791 2288 829">
     <span class='ocr_line' id='line_1_2' title="bbox 1747 791 2288 829; baseline 0 5087"><span class='ocrx_word' id='word_1_2' title='bbox 1747 791 2288 829; x_wconf 95' lang='lat' dir='ltr'><em> </em></span> 
     </span>
    </p>
   </div>
   <div class='ocr_carea' id='block_1_3' title="bbox 491 977 3607 1054">
    <p class='ocr_par' dir='ltr' id='par_1_3' title="bbox 491 977 3607 1054">
     <span class='ocr_line' id='line_1_3' title="bbox 491 977 3607 1054; baseline -0.002 -11"><span class='ocrx_word' id='word_1_3' title='bbox 491 989 738 1044; x_wconf 71' lang='lat' dir='ltr'><em>lustinus</em></span> <span class='ocrx_word' id='word_1_4' title='bbox 752 987 857 1041; x_wconf 85' lang='lat' dir='ltr'><em>XV</em></span> <span class='ocrx_word' id='word_1_5' title='bbox 873 1026 890 1054; x_wconf 91' lang='lat'><em>,</em></span> <span class='ocrx_word' id='word_1_6' title='bbox 913 990 969 1054; x_wconf 75' lang='lat'><em>4,</em></span> <span class='ocrx_word' id='word_1_7' title='bbox 995 982 1067 1039; x_wconf 88' lang='lat' dir='ltr'><em>de</em></span> <span class='ocrx_word' id='word_1_8' title='bbox 1086 984 1318 1039; x_wconf 84' lang='lat' dir='ltr'>Seleuco</span> <span class='ocrx_word' id='word_1_9' title='bbox 1342 984 1612 1038; x_wconf 77' lang='lat' dir='ltr'><strong>Nicatore</strong></span> <span class='ocrx_word' id='word_1_10' title='bbox 1637 1001 1652 1037; x_wconf 72' lang='grc' dir='ltr'>ι</span> <span class='ocrx_word' id='word_1_11' title='bbox 1679 983 1870 1038; x_wconf 88' lang='lat' dir='ltr'><em>Multa</em></span> <span class='ocrx_word' id='word_1_12' title='bbox 1902 986 1959 1037; x_wconf 80' lang='lat' dir='ltr'><em>in</em></span> <span class='ocrx_word' id='word_1_13' title='bbox 2054 983 2201 1038; x_wconf 88' lang='lat' dir='ltr'><em>inter</em></span> <span class='ocrx_word' id='word_1_14' title='bbox 2233 980 2575 1037; x_wconf 76' lang='lat' dir='ltr'>recentiores</span> <span class='ocrx_word' id='word_1_15' title='bbox 2600 978 2764 1034; x_wconf 86' lang='lat' dir='ltr'><em>multi</em></span> <span class='ocrx_word' id='word_1_16' title='bbox 2799 977 3241 1048; x_wconf 83' lang='lat' dir='ltr'><em>contenderunt,</em></span> <span class='ocrx_word' id='word_1_17' title='bbox 3270 979 3476 1035; x_wconf 83' lang='lat' dir='ltr'><em>scilicet</em></span> <span class='ocrx_word' id='word_1_18' title='bbox 3500 983 3607 1038; x_wconf 85' lang='lat' dir='ltr'><em>Se-</em></span> 
     </span>
    </p>
   </div>
   <div class='ocr_carea' id='block_1_4' title="bbox 407 1070 1985 3686">
    <p class='ocr_par' dir='ltr' id='par_1_4' title="bbox 407 1070 1969 2375">
     <span class='ocr_line' id='line_1_4' title="bbox 409 1070 1953 1152; baseline -0.005 -20"><span class='ocrx_word' id='word_1_19' title='bbox 409 1082 619 1133; x_wconf 83' lang='lat' dir='ltr'><em>oriente</em></span> <span class='ocrx_word' id='word_1_20' title='bbox 632 1086 762 1149; x_wconf 77' lang='lat' dir='ltr'><em>post</em></span> <span class='ocrx_word' id='word_1_21' title='bbox 781 1073 1104 1128; x_wconf 74' lang='lat' dir='ltr'><em>divisionem</em></span> <span class='ocrx_word' id='word_1_22' title='bbox 1127 1076 1271 1125; x_wconf 81' lang='lat' dir='ltr'><em>iuter</em></span> <span class='ocrx_word' id='word_1_23' title='bbox 1292 1074 1468 1125; x_wconf 75' lang='lat' dir='ltr'><em>socios</em></span> <span class='ocrx_word' id='word_1_24' title='bbox 1494 1073 1656 1143; x_wconf 73' lang='lat' dir='ltr'><em>regni</em></span> <span class='ocrx_word' id='word_1_25' title='bbox 1684 1070 1953 1152; x_wconf 77' lang='lat' dir='ltr'><em>Macedo-</em></span> 
     </span>
     <span class='ocr_line' id='line_1_5' title="bbox 411 1157 1962 1236; baseline -0.004 -18"><span class='ocrx_word' id='word_1_26' title='bbox 411 1169 527 1218; x_wconf 84' lang='lat' dir='ltr'><em>nici</em></span> <span class='ocrx_word' id='word_1_27' title='bbox 547 1163 694 1218; x_wconf 84' lang='lat' dir='ltr'><em>bella</em></span> <span class='ocrx_word' id='word_1_28' title='bbox 715 1165 897 1236; x_wconf 82' lang='lat' dir='ltr'><em>gessit.</em></span> <span class='ocrx_word' id='word_1_29' title='bbox 926 1161 1217 1231; x_wconf 82' lang='lat' dir='ltr'><em>Principio</em></span> <span class='ocrx_word' id='word_1_30' title='bbox 1233 1158 1606 1228; x_wconf 70' lang='lat' dir='ltr'><em>Babyloniam</em></span> <span class='ocrx_word' id='word_1_31' title='bbox 1628 1160 1773 1231; x_wconf 85' lang='lat' dir='ltr'><em>cepit</em></span> <span class='ocrx_word' id='word_1_32' title='bbox 1791 1174 1814 1212; x_wconf 90' lang='lat'><em>.·</em></span> <span class='ocrx_word' id='word_1_33' title='bbox 1835 1157 1962 1212; x_wconf 83' lang='lat' dir='ltr'><em>inde</em></span> 
     </span>
     <span class='ocr_line' id='line_1_6' title="bbox 410 1242 1955 1318; baseline -0.005 -12"><span class='ocrx_word' id='word_1_34' title='bbox 410 1256 585 1306; x_wconf 83' lang='lat' dir='ltr'><em>auctis</em></span> <span class='ocrx_word' id='word_1_35' title='bbox 610 1267 685 1303; x_wconf 76' lang='lat' dir='ltr'><em>ex</em></span> <span class='ocrx_word' id='word_1_36' title='bbox 711 1249 944 1304; x_wconf 79' lang='lat' dir='ltr'><em>victoria</em></span> <span class='ocrx_word' id='word_1_37' title='bbox 979 1242 1215 1313; x_wconf 84' lang='lat' dir='ltr'><em>viribus,</em></span> <span class='ocrx_word' id='word_1_38' title='bbox 1252 1246 1579 1300; x_wconf 75' lang='lat' dir='ltr'><em>Bactrianos</em></span> <span class='ocrx_word' id='word_1_39' title='bbox 1600 1249 1955 1318; x_wconf 69' lang='lat' dir='ltr'><em>expugnavit.</em></span> 
     </span>
     <span class='ocr_line' id='line_1_7' title="bbox 420 1329 1961 1407; baseline -0.005 -15"><span class='ocrx_word' id='word_1_40' title='bbox 420 1339 727 1392; x_wconf 83' lang='lat' dir='ltr'><em>Transitum</em></span> <span class='ocrx_word' id='word_1_41' title='bbox 751 1335 953 1391; x_wconf 81' lang='lat' dir='ltr'><em>deinde</em></span> <span class='ocrx_word' id='word_1_42' title='bbox 973 1339 1030 1389; x_wconf 84' lang='lat' dir='ltr'><em>in</em></span> <span class='ocrx_word' id='word_1_43' title='bbox 1057 1329 1465 1403; x_wconf 71' lang='lat' dir='ltr'><em>Indiamficie,</em></span> <span class='ocrx_word' id='word_1_44' title='bbox 1494 1351 1623 1406; x_wconf 83' lang='lat' dir='ltr'><em>quoe</em></span> <span class='ocrx_word' id='word_1_45' title='bbox 1631 1343 1765 1407; x_wconf 88' lang='lat' dir='ltr'><em>post</em></span> <span class='ocrx_word' id='word_1_46' title='bbox 1805 1351 1961 1386; x_wconf 85' lang='lat' dir='ltr'><em>mor-</em></span> 
     </span>
     <span class='ocr_line' id='line_1_8' title="bbox 410 1421 1958 1495; baseline -0.006 -14"><span class='ocrx_word' id='word_1_47' title='bbox 410 1437 519 1480; x_wconf 86' lang='lat' dir='ltr'><em>tem</em></span> <span class='ocrx_word' id='word_1_48' title='bbox 540 1424 873 1491; x_wconf 73' lang='lat' dir='ltr'><em>Alexandri,</em></span> <span class='ocrx_word' id='word_1_49' title='bbox 907 1422 1085 1477; x_wconf 81' lang='lat' dir='ltr'><em>veluti</em></span> <span class='ocrx_word' id='word_1_50' title='bbox 1106 1421 1399 1476; x_wconf 75' lang='lat' dir='ltr'><em>cervicibus</em></span> <span class='ocrx_word' id='word_1_51' title='bbox 1406 1426 1551 1495; x_wconf 84' lang='lat' dir='ltr'><em>jugo</em></span> <span class='ocrx_word' id='word_1_52' title='bbox 1574 1424 1837 1474; x_wconf 82' lang='lat' dir='ltr'><em>servitutis</em></span> <span class='ocrx_word' id='word_1_53' title='bbox 1862 1439 1958 1473; x_wconf 74' lang='lat' dir='ltr'><em>ex·</em></span> 
     </span>
     <span class='ocr_line' id='line_1_9' title="bbox 410 1502 1965 1585; baseline -0.005 -17"><span class='ocrx_word' id='word_1_54' title='bbox 410 1530 583 1579; x_wconf 89' lang='lat' dir='ltr'><em>cusso,</em></span> <span class='ocrx_word' id='word_1_55' title='bbox 619 1506 928 1585; x_wconf 72' lang='lat' dir='ltr'><em>praefectos</em></span> <span class='ocrx_word' id='word_1_56' title='bbox 965 1515 1087 1581; x_wconf 82' lang='lat' dir='ltr'><em>ejus</em></span> <span class='ocrx_word' id='word_1_57' title='bbox 1114 1510 1412 1566; x_wconf 84' lang='lat' dir='ltr'><em>occiderat.</em></span> <span class='ocrx_word' id='word_1_58' title='bbox 1451 1510 1659 1562; x_wconf 82' lang='lat' dir='ltr'><em>Auctor</em></span> <span class='ocrx_word' id='word_1_59' title='bbox 1696 1502 1965 1561; x_wconf 83' lang='lat' dir='ltr'><em>libertatis</em></span> 
     </span>
     <span class='ocr_line' id='line_1_10' title="bbox 409 1594 1960 1669; baseline -0.005 -14"><span class='ocrx_word' id='word_1_60' title='bbox 409 1594 1009 1667; x_wconf 71' lang='lat' dir='ltr'><em>Sandmcotttoefuerae</em></span> <span class='ocrx_word' id='word_1_61' title='bbox 1034 1616 1054 1651; x_wconf 94' lang='grc'>.·</span> <span class='ocrx_word' id='word_1_62' title='bbox 1078 1597 1182 1652; x_wconf 85' lang='lat' dir='ltr'><em>sed</em></span> <span class='ocrx_word' id='word_1_63' title='bbox 1199 1597 1414 1651; x_wconf 83' lang='lat' dir='ltr'><em>titulum</em></span> <span class='ocrx_word' id='word_1_64' title='bbox 1444 1595 1714 1650; x_wconf 71' lang='lat' dir='ltr'><em>libertatis</em></span> <span class='ocrx_word' id='word_1_65' title='bbox 1737 1607 1866 1669; x_wconf 84' lang='lat' dir='ltr'><em>post</em></span> <span class='ocrx_word' id='word_1_66' title='bbox 1884 1600 1960 1648; x_wconf 73' lang='lat' dir='ltr'><em>vi-</em></span> 
     </span>
     <span class='ocr_line' id='line_1_11' title="bbox 407 1683 1964 1756; baseline -0.003 -15"><span class='ocrx_word' id='word_1_67' title='bbox 407 1691 640 1744; x_wconf 74' lang='lat' dir='ltr'><em>cmrt‘am</em></span> <span class='ocrx_word' id='word_1_68' title='bbox 669 1690 729 1741; x_wconf 82' lang='lat' dir='ltr'><em>t‘n</em></span> <span class='ocrx_word' id='word_1_69' title='bbox 754 1689 1058 1741; x_wconf 68' lang='lat' dir='ltr'><em>servitutem</em></span> <span class='ocrx_word' id='word_1_70' title='bbox 1085 1695 1350 1740; x_wconf 82' lang='lat' dir='ltr'><em>verterat.</em></span> <span class='ocrx_word' id='word_1_71' title='bbox 1386 1683 1668 1756; x_wconf 72' lang='lat' dir='ltr'><em>Siquidem</em></span> <span class='ocrx_word' id='word_1_72' title='bbox 1697 1694 1964 1756; x_wconf 84' lang='lat' dir='ltr'><em>occupato</em></span> 
     </span>
     <span class='ocr_line' id='line_1_12' title="bbox 408 1767 1964 1848; baseline -0.004 -19"><span class='ocrx_word' id='word_1_73' title='bbox 408 1793 603 1848; x_wconf 73' lang='lat' dir='ltr'><em>regno,</em></span> <span class='ocrx_word' id='word_1_74' title='bbox 639 1775 910 1848; x_wconf 82' lang='lat' dir='ltr'><em>populum</em></span> <span class='ocrx_word' id='word_1_75' title='bbox 926 1813 945 1840; x_wconf 90' lang='lat'>‚</span> <span class='ocrx_word' id='word_1_76' title='bbox 992 1790 1152 1845; x_wconf 84' lang='lat' dir='ltr'><em>quem</em></span> <span class='ocrx_word' id='word_1_77' title='bbox 1194 1767 1269 1826; x_wconf 88' lang='lat' dir='ltr'><em>ab</em></span> <span class='ocrx_word' id='word_1_78' title='bbox 1320 1782 1553 1825; x_wconf 71' lang='lat' dir='ltr'><em>externa</em></span> <span class='ocrx_word' id='word_1_79' title='bbox 1587 1770 1964 1824; x_wconf 80' lang='lat' dir='ltr'><em>dominatione</em></span> 
     </span>
     <span class='ocr_line' id='line_1_13' title="bbox 410 1859 1963 1937; baseline -0.005 -19"><span class='ocrx_word' id='word_1_80' title='bbox 410 1864 807 1929; x_wconf 72' lang='lat' dir='ltr'><em>vindicaverat,</em></span> <span class='ocrx_word' id='word_1_81' title='bbox 836 1866 953 1937; x_wconf 86' lang='lat' dir='ltr'><em>ipse</em></span> <span class='ocrx_word' id='word_1_82' title='bbox 967 1863 1183 1915; x_wconf 77' lang='lat' dir='ltr'><em>servitio</em></span> <span class='ocrx_word' id='word_1_83' title='bbox 1189 1860 1551 1934; x_wconf 82' lang='lat' dir='ltr'><em>premebat...</em></span> <span class='ocrx_word' id='word_1_84' title='bbox 1577 1859 1669 1912; x_wconf 86' lang='lat' dir='ltr'><em>Sic</em></span> <span class='ocrx_word' id='word_1_85' title='bbox 1690 1860 1963 1930; x_wconf 86' lang='lat' dir='ltr'><em>acquisito</em></span> 
     </span>
     <span class='ocr_line' id='line_1_14' title="bbox 410 1944 1967 2023; baseline -0.005 -18"><span class='ocrx_word' id='word_1_86' title='bbox 410 1969 596 2023; x_wconf 79' lang='lat' dir='ltr'><em>regno,</em></span> <span class='ocrx_word' id='word_1_87' title='bbox 635 1949 1030 2005; x_wconf 82' lang='lat' dir='ltr'><em>Sandmcottus</em></span> <span class='ocrx_word' id='word_1_88' title='bbox 1062 1966 1133 2002; x_wconf 84' lang='lat' dir='ltr'><em>ea</em></span> <span class='ocrx_word' id='word_1_89' title='bbox 1176 1959 1508 2021; x_wconf 79' lang='lat' dir='ltr'><em>tempestate,</em></span> <span class='ocrx_word' id='word_1_90' title='bbox 1555 1963 1668 2017; x_wconf 82' lang='lat' dir='ltr'><em>qua</em></span> <span class='ocrx_word' id='word_1_91' title='bbox 1709 1944 1967 2000; x_wconf 81' lang='lat' dir='ltr'><em>Seleucus</em></span> 
     </span>
     <span class='ocr_line' id='line_1_15' title="bbox 410 2031 1965 2111; baseline -0.004 -19"><span class='ocrx_word' id='word_1_92' title='bbox 410 2036 618 2102; x_wconf 79' lang='lat' dir='ltr'><em>futuroe</em></span> <span class='ocrx_word' id='word_1_93' title='bbox 644 2036 1040 2111; x_wconf 81' lang='lat' dir='ltr'><em>magnitudinis</em></span> <span class='ocrx_word' id='word_1_94' title='bbox 1040 2031 1421 2105; x_wconf 82' lang='lat' dir='ltr'><em>fundamenta</em></span> <span class='ocrx_word' id='word_1_95' title='bbox 1435 2032 1711 2103; x_wconf 82' lang='lat' dir='ltr'><em>jaciebat,</em></span> <span class='ocrx_word' id='word_1_96' title='bbox 1736 2033 1965 2086; x_wconf 78' lang='lat' dir='ltr'><em>Indiam</em></span> 
     </span>
     <span class='ocr_line' id='line_1_16' title="bbox 408 2118 1969 2200; baseline -0.003 -20"><span class='ocrx_word' id='word_1_97' title='bbox 408 2125 741 2200; x_wconf 85' lang='lat' dir='ltr'><em>possidebat,</em></span> <span class='ocrx_word' id='word_1_98' title='bbox 779 2143 899 2178; x_wconf 87' lang='lat' dir='ltr'><em>cum</em></span> <span class='ocrx_word' id='word_1_99' title='bbox 924 2142 1030 2196; x_wconf 82' lang='lat' dir='ltr'><em>quo</em></span> <span class='ocrx_word' id='word_1_100' title='bbox 1035 2118 1210 2193; x_wconf 83' lang='lat' dir='ltr'><em>facta</em></span> <span class='ocrx_word' id='word_1_101' title='bbox 1216 2124 1483 2197; x_wconf 81' lang='lat' dir='ltr'><em>pactione</em></span> <span class='ocrx_word' id='word_1_102' title='bbox 1508 2120 1784 2187; x_wconf 82' lang='lat' dir='ltr'><em>Seleucus,</em></span> <span class='ocrx_word' id='word_1_103' title='bbox 1818 2138 1969 2176; x_wconf 84' lang='lat' dir='ltr'><em>com-</em></span> 
     </span>
     <span class='ocr_line' id='line_1_17' title="bbox 410 2207 1966 2287; baseline -0.003 -21"><span class='ocrx_word' id='word_1_104' title='bbox 410 2217 712 2287; x_wconf 80' lang='lat' dir='ltr'><em>positisque</em></span> <span class='ocrx_word' id='word_1_105' title='bbox 729 2216 785 2266; x_wconf 84' lang='lat' dir='ltr'><em>in</em></span> <span class='ocrx_word' id='word_1_106' title='bbox 809 2211 1029 2266; x_wconf 82' lang='lat' dir='ltr'><em>Oriente</em></span> <span class='ocrx_word' id='word_1_107' title='bbox 1045 2210 1232 2277; x_wconf 85' lang='lat' dir='ltr'><em>rebus,</em></span> <span class='ocrx_word' id='word_1_108' title='bbox 1274 2214 1331 2263; x_wconf 87' lang='lat' dir='ltr'><em>in</em></span> <span class='ocrx_word' id='word_1_109' title='bbox 1356 2208 1557 2266; x_wconf 81' lang='lat' dir='ltr'><em>bellum</em></span> <span class='ocrx_word' id='word_1_110' title='bbox 1580 2210 1845 2281; x_wconf 80' lang='lat' dir='ltr'><em>Antigoni</em></span> <span class='ocrx_word' id='word_1_111' title='bbox 1863 2207 1966 2262; x_wconf 86' lang='lat' dir='ltr'><em>de-</em></span> 
     </span>
     <span class='ocr_line' id='line_1_18' title="bbox 409 2297 1015 2375; baseline -0.002 -20"><span class='ocrx_word' id='word_1_112' title='bbox 409 2301 627 2356; x_wconf 82' lang='lat' dir='ltr'><em>scendit</em></span> <span class='ocrx_word' id='word_1_113' title='bbox 654 2297 801 2375; x_wconf 77' lang='lat'>(302</span> <span class='ocrx_word' id='word_1_114' title='bbox 825 2317 876 2357; x_wconf 90' lang='lat' dir='ltr'><em>a.</em></span> <span class='ocrx_word' id='word_1_115' title='bbox 901 2297 1015 2372; x_wconf 88' lang='lat' dir='ltr'><em>C.).</em></span> 
     </span>
    </p>

    <p class='ocr_par' dir='ltr' id='par_1_5' title="bbox 414 2382 1985 3686">
     <span class='ocr_line' id='line_1_19' title="bbox 496 2382 1969 2458; baseline -0.002 -16"><span class='ocrx_word' id='word_1_116' title='bbox 496 2389 705 2443; x_wconf 85' lang='lat' dir='ltr'><em>Praetcr</em></span> <span class='ocrx_word' id='word_1_117' title='bbox 746 2386 1031 2441; x_wconf 70' lang='lat' dir='ltr'><em>lustinum</em></span> <span class='ocrx_word' id='word_1_118' title='bbox 1064 2385 1233 2455; x_wconf 81' lang='lat' dir='ltr'><em>belli,</em></span> <span class='ocrx_word' id='word_1_119' title='bbox 1273 2382 1432 2458; x_wconf 86' lang='lat' dir='ltr'><em>quod</em></span> <span class='ocrx_word' id='word_1_120' title='bbox 1467 2384 1729 2441; x_wconf 82' lang='lat' dir='ltr'><em>Seleucus</em></span> <span class='ocrx_word' id='word_1_121' title='bbox 1772 2394 1969 2441; x_wconf 87' lang='lat' dir='ltr'><em>contra</em></span> 
     </span>
     <span class='ocr_line' id='line_1_20' title="bbox 414 2472 1971 2547; baseline -0.002 -16"><span class='ocrx_word' id='word_1_122' title='bbox 414 2475 848 2532; x_wconf 82' lang='lat' dir='ltr'><em>Sandrocottam</em></span> <span class='ocrx_word' id='word_1_123' title='bbox 892 2475 1007 2530; x_wconf 83' lang='lat' dir='ltr'><em>sive</em></span> <span class='ocrx_word' id='word_1_124' title='bbox 1053 2473 1555 2547; x_wconf 75' lang='lat' dir='ltr'><em>Chandragyptam</em></span> <span class='ocrx_word' id='word_1_125' title='bbox 1605 2472 1692 2547; x_wconf 80' lang='lat' dir='ltr'><em>(v.</em></span> <span class='ocrx_word' id='word_1_126' title='bbox 1730 2480 1853 2528; x_wconf 91' lang='lat' dir='ltr'><em>not.</em></span> <span class='ocrx_word' id='word_1_127' title='bbox 1899 2473 1971 2529; x_wconf 91' lang='lat' dir='ltr'><em>ad</em></span> 
     </span>
     <span class='ocr_line' id='line_1_21' title="bbox 420 2558 1973 2638; baseline -0.001 -20"><span class='ocrx_word' id='word_1_128' title='bbox 420 2562 489 2618; x_wconf 83' lang='lat' dir='ltr'><em>fr.</em></span> <span class='ocrx_word' id='word_1_129' title='bbox 516 2561 578 2638; x_wconf 76' lang='grc' dir='ltr'>α)</span> <span class='ocrx_word' id='word_1_130' title='bbox 601 2605 617 2632; x_wconf 93' lang='grc'>,</span> <span class='ocrx_word' id='word_1_131' title='bbox 651 2563 965 2621; x_wconf 78' lang='lat' dir='ltr'><em>Prasiorum</em></span> <span class='ocrx_word' id='word_1_132' title='bbox 997 2562 1143 2634; x_wconf 88' lang='lat' dir='ltr'><em>sive,</em></span> <span class='ocrx_word' id='word_1_133' title='bbox 1178 2572 1242 2615; x_wconf 87' lang='lat' dir='ltr'><em>ut</em></span> <span class='ocrx_word' id='word_1_134' title='bbox 1266 2558 1459 2615; x_wconf 87' lang='lat' dir='ltr'><em>Indice</em></span> <span class='ocrx_word' id='word_1_135' title='bbox 1492 2559 1711 2632; x_wconf 87' lang='lat' dir='ltr'><em>loquar,</em></span> <span class='ocrx_word' id='word_1_136' title='bbox 1742 2560 1973 2632; x_wconf 69' lang='lat' dir='ltr'><em>Prakja·</em></span> 
     </span>
     <span class='ocr_line' id='line_1_22' title="bbox 422 2646 1974 2726; baseline -0.002 -20"><span class='ocrx_word' id='word_1_137' title='bbox 422 2669 547 2706; x_wconf 89' lang='lat' dir='ltr'><em>rum</em></span> <span class='ocrx_word' id='word_1_138' title='bbox 577 2649 638 2726; x_wconf 67' lang='grc' dir='ltr'><em>(Ἴ</em></span> <span class='ocrx_word' id='word_1_139' title='bbox 669 2668 855 2724; x_wconf 88' lang='lat' dir='ltr'><em>regem</em></span> <span class='ocrx_word' id='word_1_140' title='bbox 877 2690 892 2719; x_wconf 93' lang='lat'><em>,</em></span> <span class='ocrx_word' id='word_1_141' title='bbox 922 2650 1112 2724; x_wconf 83' lang='lat' dir='ltr'><em>gessit,</em></span> <span class='ocrx_word' id='word_1_142' title='bbox 1140 2648 1483 2704; x_wconf 76' lang='lat' dir='ltr'><em>mentionem</em></span> <span class='ocrx_word' id='word_1_143' title='bbox 1511 2646 1720 2703; x_wconf 85' lang='lat' dir='ltr'><em>faciunt</em></span> <span class='ocrx_word' id='word_1_144' title='bbox 1751 2649 1974 2721; x_wconf 86' lang='lat' dir='ltr'><em>Appia-</em></span> 
     </span>
     <span class='ocr_line' id='line_1_23' title="bbox 424 2730 1969 2812; baseline -0.001 -20"><span class='ocrx_word' id='word_1_145' title='bbox 424 2757 529 2793; x_wconf 84' lang='lat' dir='ltr'><em>nus</em></span> <span class='ocrx_word' id='word_1_146' title='bbox 550 2741 674 2812; x_wconf 81' lang='lat' dir='ltr'><em>Syr.</em></span> <span class='ocrx_word' id='word_1_147' title='bbox 706 2757 754 2796; x_wconf 80' lang='lat' dir='ltr'><em>c,</em></span> <span class='ocrx_word' id='word_1_148' title='bbox 786 2737 856 2793; x_wconf 82' lang='lat'><em>55</em></span> <span class='ocrx_word' id='word_1_149' title='bbox 884 2754 898 2794; x_wconf 70' lang='grc' dir='ltr'>ε</span> <span class='ocrx_word' id='word_1_150' title='bbox 926 2730 1246 2812; x_wconf 78' lang='grc' dir='ltr'>(Σέλευκος)</span> <span class='ocrx_word' id='word_1_151' title='bbox 1267 2732 1353 2791; x_wconf 78' lang='grc' dir='ltr'>τὸν</span> <span class='ocrx_word' id='word_1_152' title='bbox 1390 2731 1550 2792; x_wconf 77' lang='grc' dir='ltr'>Ἰνδὸν</span> <span class='ocrx_word' id='word_1_153' title='bbox 1590 2731 1822 2811; x_wconf 78' lang='grc' dir='ltr'>περάσας</span> <span class='ocrx_word' id='word_1_154' title='bbox 1850 2735 1969 2791; x_wconf 77' lang='grc' dir='ltr'>ὶπο·</span> 
     </span>
     <span class='ocr_line' id='line_1_24' title="bbox 424 2819 1971 2903; baseline -0.001 -23"><span class='ocrx_word' id='word_1_155' title='bbox 424 2823 651 2899; x_wconf 82' lang='grc' dir='ltr'>λέμησεν</span> <span class='ocrx_word' id='word_1_156' title='bbox 674 2821 1054 2903; x_wconf 71' lang='grc' dir='ltr'>Σανδρακόττῳ</span> <span class='ocrx_word' id='word_1_157' title='bbox 1084 2822 1293 2901; x_wconf 83' lang='grc' dir='ltr'>βασιλεῖ</span> <span class='ocrx_word' id='word_1_158' title='bbox 1318 2822 1418 2878; x_wconf 81' lang='grc' dir='ltr'>τῶν</span> <span class='ocrx_word' id='word_1_159' title='bbox 1445 2819 1563 2898; x_wconf 71' lang='grc' dir='ltr'>περὶ</span> <span class='ocrx_word' id='word_1_160' title='bbox 1595 2819 1746 2878; x_wconf 80' lang='grc' dir='ltr'>αὐτὸν</span> <span class='ocrx_word' id='word_1_161' title='bbox 1777 2819 1971 2892; x_wconf 78' lang='grc' dir='ltr'>Ἰνδῶν,</span> 
     </span>
     <span class='ocr_line' id='line_1_25' title="bbox 427 2905 1975 2992; baseline -0.001 -23"><span class='ocrx_word' id='word_1_162' title='bbox 427 2911 581 2991; x_wconf 78' lang='grc' dir='ltr'>μέχρι</span> <span class='ocrx_word' id='word_1_163' title='bbox 609 2909 782 2992; x_wconf 76' lang='grc' dir='ltr'>φιλίαν</span> <span class='ocrx_word' id='word_1_164' title='bbox 811 2911 952 2988; x_wconf 78' lang='grc' dir='ltr'>αὐτῷ</span> <span class='ocrx_word' id='word_1_165' title='bbox 989 2907 1080 2967; x_wconf 81' lang='grc' dir='ltr'><em>καὶ</em></span> <span class='ocrx_word' id='word_1_166' title='bbox 1116 2909 1270 2979; x_wconf 77' lang='grc' dir='ltr'>κῆδος</span> <span class='ocrx_word' id='word_1_167' title='bbox 1310 2905 1572 2967; x_wconf 79' lang='grc' dir='ltr'>συνέθετο·</span> <span class='ocrx_word' id='word_1_168' title='bbox 1611 2911 1810 2967; x_wconf 84' lang='lat' dir='ltr'><em>Strabo</em></span> <span class='ocrx_word' id='word_1_169' title='bbox 1839 2912 1975 2983; x_wconf 81' lang='lat' dir='ltr'><em>XV,</em></span> 
     </span>
     <span class='ocr_line' id='line_1_26' title="bbox 426 2994 1977 3076; baseline -0.003 -17"><span class='ocrx_word' id='word_1_170' title='bbox 426 3020 485 3075; x_wconf 89' lang='lat' dir='ltr'><em>p.</em></span> <span class='ocrx_word' id='word_1_171' title='bbox 511 3007 620 3073; x_wconf 74' lang='lat'><em>724</em></span> <span class='ocrx_word' id='word_1_172' title='bbox 653 3020 667 3056; x_wconf 73' lang='grc' dir='ltr'>ε</span> <span class='ocrx_word' id='word_1_173' title='bbox 698 2995 900 3057; x_wconf 81' lang='grc' dir='ltr'>Ἔδωκε</span> <span class='ocrx_word' id='word_1_174' title='bbox 920 2995 974 3054; x_wconf 83' lang='grc' dir='ltr'><em>δὲ</em></span> <span class='ocrx_word' id='word_1_175' title='bbox 1004 2994 1257 3061; x_wconf 81' lang='grc' dir='ltr'>Σέλευκος</span> <span class='ocrx_word' id='word_1_176' title='bbox 1280 2999 1306 3052; x_wconf 84' lang='grc' dir='ltr'><strong>ὁ</strong></span> <span class='ocrx_word' id='word_1_177' title='bbox 1324 2994 1573 3072; x_wconf 79' lang='grc' dir='ltr'>Νικάτωρ</span> <span class='ocrx_word' id='word_1_178' title='bbox 1604 2995 1977 3076; x_wconf 82' lang='grc' dir='ltr'>Σανδροκόττῳ</span> 
     </span>
     <span class='ocr_line' id='line_1_27' title="bbox 427 3079 1978 3162; baseline -0.003 -18"><span class='ocrx_word' id='word_1_179' title='bbox 427 3088 535 3162; x_wconf 90' lang='lat' dir='ltr'><em>(sc.</em></span> <span class='ocrx_word' id='word_1_180' title='bbox 567 3106 825 3162; x_wconf 85' lang='lat' dir='ltr'><em>magnam</em></span> <span class='ocrx_word' id='word_1_181' title='bbox 845 3084 1067 3142; x_wconf 77' lang='lat' dir='ltr'><em>Arianae</em></span> <span class='ocrx_word' id='word_1_182' title='bbox 1092 3095 1326 3158; x_wconf 89' lang='lat' dir='ltr'><em>partem.</em></span> <span class='ocrx_word' id='word_1_183' title='bbox 1355 3083 1440 3142; x_wconf 85' lang='lat' dir='ltr'><em>cf.</em></span> <span class='ocrx_word' id='word_1_184' title='bbox 1465 3102 1521 3157; x_wconf 91' lang='lat' dir='ltr'><em>p.</em></span> <span class='ocrx_word' id='word_1_185' title='bbox 1543 3082 1658 3158; x_wconf 86' lang='lat'><em>689</em></span> <span class='ocrx_word' id='word_1_186' title='bbox 1685 3100 1699 3141; x_wconf 77' lang='lat' dir='ltr'><em>t</em></span> <span class='ocrx_word' id='word_1_187' title='bbox 1722 3079 1978 3162; x_wconf 64' lang='grc' dir='ltr'><em>εὝστερον</em></span> 
     </span>
     <span class='ocr_line' id='line_1_28' title="bbox 420 3166 1978 3249; baseline -0.004 -18"><span class='ocrx_word' id='word_1_188' title='bbox 420 3173 514 3231; x_wconf 71' lang='grc' dir='ltr'>καὶ</span> <span class='ocrx_word' id='word_1_189' title='bbox 543 3175 633 3241; x_wconf 73' lang='grc' dir='ltr'><em>τῆς</em></span> <span class='ocrx_word' id='word_1_190' title='bbox 660 3170 893 3249; x_wconf 82' lang='grc' dir='ltr'>Ἀριανῆς</span> <span class='ocrx_word' id='word_1_191' title='bbox 910 3168 1105 3240; x_wconf 78' lang='grc' dir='ltr'>πολλὴν</span> <span class='ocrx_word' id='word_1_192' title='bbox 1125 3168 1276 3248; x_wconf 78' lang='grc' dir='ltr'>ἔσχον</span> <span class='ocrx_word' id='word_1_193' title='bbox 1301 3171 1348 3227; x_wconf 77' lang='grc' dir='ltr'><em>οἱ</em></span> <span class='ocrx_word' id='word_1_194' title='bbox 1371 3168 1548 3240; x_wconf 75' lang='grc' dir='ltr'>Ἰνδοὶ,</span> <span class='ocrx_word' id='word_1_195' title='bbox 1570 3166 1815 3234; x_wconf 73' lang='grc' dir='ltr'>λαὸόντες</span> <span class='ocrx_word' id='word_1_196' title='bbox 1834 3169 1978 3245; x_wconf 83' lang='grc' dir='ltr'>παρὰ</span> 
     </span>
     <span class='ocr_line' id='line_1_29' title="bbox 426 3254 1979 3336; baseline -0.004 -19"><span class='ocrx_word' id='word_1_197' title='bbox 426 3264 530 3318; x_wconf 83' lang='grc' dir='ltr'>τῶν</span> <span class='ocrx_word' id='word_1_198' title='bbox 556 3256 927 3336; x_wconf 84' lang='grc' dir='ltr'>Μακεδόνων),</span> <span class='ocrx_word' id='word_1_199' title='bbox 947 3255 1244 3333; x_wconf 79' lang='grc' dir='ltr'>συνθέμενος</span> <span class='ocrx_word' id='word_1_200' title='bbox 1267 3254 1550 3333; x_wconf 83' lang='grc' dir='ltr'>ἐπιγαμίαν</span> <span class='ocrx_word' id='word_1_201' title='bbox 1569 3255 1660 3313; x_wconf 82' lang='grc' dir='ltr'><em>καὶ</em></span> <span class='ocrx_word' id='word_1_202' title='bbox 1689 3254 1979 3313; x_wconf 74' lang='grc' dir='ltr'>ἆντιλαὸὼν</span> 
     </span>
     <span class='ocr_line' id='line_1_30' title="bbox 431 3341 1981 3425; baseline -0.002 -22"><span class='ocrx_word' id='word_1_203' title='bbox 431 3343 712 3425; x_wconf 76' lang='grc' dir='ltr'>ἐλέφαντας</span> <span class='ocrx_word' id='word_1_204' title='bbox 747 3341 1111 3408; x_wconf 74' lang='grc' dir='ltr'>πεντακοσίους</span> <span class='ocrx_word' id='word_1_205' title='bbox 1160 3347 1433 3421; x_wconf 86' lang='lat' dir='ltr'><em>(quorum</em></span> <span class='ocrx_word' id='word_1_206' title='bbox 1454 3342 1859 3401; x_wconf 86' lang='lat' dir='ltr'><em>Sandrocottus</em></span> <span class='ocrx_word' id='word_1_207' title='bbox 1876 3345 1981 3400; x_wconf 90' lang='lat' dir='ltr'><em>ha-</em></span> 
     </span>
     <span class='ocr_line' id='line_1_31' title="bbox 436 3432 1980 3509; baseline 0.001 -20"><span class='ocrx_word' id='word_1_208' title='bbox 436 3435 606 3490; x_wconf 89' lang='lat' dir='ltr'><em>bebat</em></span> <span class='ocrx_word' id='word_1_209' title='bbox 632 3451 807 3508; x_wconf 85' lang='lat' dir='ltr'><em>9ooo.</em></span> <span class='ocrx_word' id='word_1_210' title='bbox 833 3433 1042 3487; x_wconf 88' lang='lat' dir='ltr'><em>Plinius</em></span> <span class='ocrx_word' id='word_1_211' title='bbox 1074 3436 1149 3487; x_wconf 85' lang='lat' dir='ltr'><em>vl</em></span> <span class='ocrx_word' id='word_1_212' title='bbox 1170 3474 1184 3501; x_wconf 93' lang='lat'><em>,</em></span> <span class='ocrx_word' id='word_1_213' title='bbox 1224 3452 1294 3487; x_wconf 67' lang='grc' dir='ltr'>αα</span> <span class='ocrx_word' id='word_1_214' title='bbox 1316 3477 1333 3509; x_wconf 82' lang='grc'>,</span> <span class='ocrx_word' id='word_1_215' title='bbox 1382 3433 1477 3507; x_wconf 88' lang='lat'><em>5);</em></span> <span class='ocrx_word' id='word_1_216' title='bbox 1510 3432 1791 3487; x_wconf 75' lang='lat' dir='ltr'><em>Plutarch.</em></span> <span class='ocrx_word' id='word_1_217' title='bbox 1818 3433 1980 3490; x_wconf 84' lang='lat' dir='ltr'><em>Alex.</em></span> 
     </span>
     <span class='ocr_line' id='line_1_32' title="bbox 442 3516 1983 3598; baseline -0.003 -20"><span class='ocrx_word' id='word_1_218' title='bbox 442 3523 517 3578; x_wconf 78' lang='lat'><em>62</em></span> <span class='ocrx_word' id='word_1_219' title='bbox 558 3540 572 3577; x_wconf 69' lang='grc' dir='ltr'>ε</span> <span class='ocrx_word' id='word_1_220' title='bbox 604 3517 960 3598; x_wconf 80' lang='grc' dir='ltr'>Ἀνδρόκοττος</span> <span class='ocrx_word' id='word_1_221' title='bbox 994 3517 1096 3598; x_wconf 81' lang='grc' dir='ltr'><em>γὰρ</em></span> <span class='ocrx_word' id='word_1_222' title='bbox 1135 3516 1345 3597; x_wconf 74' lang='grc' dir='ltr'>ὕστερον</span> <span class='ocrx_word' id='word_1_223' title='bbox 1375 3520 1432 3576; x_wconf 80' lang='grc' dir='ltr'><em>οὗ</em></span> <span class='ocrx_word' id='word_1_224' title='bbox 1460 3518 1641 3597; x_wconf 82' lang='grc' dir='ltr'>πολλῷ</span> <span class='ocrx_word' id='word_1_225' title='bbox 1672 3517 1983 3597; x_wconf 84' lang='grc' dir='ltr'>βασιλεύσας</span> 
     </span>
     <span class='ocr_line' id='line_1_33' title="bbox 434 3602 1985 3686; baseline -0.003 -19"><span class='ocrx_word' id='word_1_226' title='bbox 434 3604 678 3686; x_wconf 75' lang='grc' dir='ltr'>Σελεύκῳ</span> <span class='ocrx_word' id='word_1_227' title='bbox 704 3603 1067 3671; x_wconf 78' lang='grc' dir='ltr'>πεντακοσίους</span> <span class='ocrx_word' id='word_1_228' title='bbox 1083 3604 1362 3683; x_wconf 63' lang='grc' dir='ltr'>ἐλέφαντας</span> <span class='ocrx_word' id='word_1_229' title='bbox 1387 3603 1704 3684; x_wconf 73' lang='grc' dir='ltr'>ἐδωρήσατο,</span> <span class='ocrx_word' id='word_1_230' title='bbox 1722 3602 1812 3662; x_wconf 81' lang='grc' dir='ltr'><em>καὶ</em></span> <span class='ocrx_word' id='word_1_231' title='bbox 1833 3627 1985 3683; x_wconf 82' lang='grc' dir='ltr'>στρα·</span> 
     </span>
    </p>
   </div>
   <div class='ocr_carea' id='block_1_5' title="bbox 2045 1064 3627 3329">
    <p class='ocr_par' dir='ltr' id='par_1_6' title="bbox 2045 1064 3627 3329">
     <span class='ocr_line' id='line_1_34' title="bbox 2053 1064 3607 1140; baseline 0.002 -19"><span class='ocrx_word' id='word_1_232' title='bbox 2053 1069 2273 1123; x_wconf 87' lang='lat' dir='ltr'><em>leucum</em></span> <span class='ocrx_word' id='word_1_233' title='bbox 2323 1064 2476 1122; x_wconf 91' lang='lat' dir='ltr'><em>bello</em></span> <span class='ocrx_word' id='word_1_234' title='bbox 2519 1066 2632 1121; x_wconf 83' lang='lat' dir='ltr'><em>hoc</em></span> <span class='ocrx_word' id='word_1_235' title='bbox 2679 1066 2734 1119; x_wconf 88' lang='lat' dir='ltr'><em>in</em></span> <span class='ocrx_word' id='word_1_236' title='bbox 2779 1064 3023 1119; x_wconf 89' lang='lat' dir='ltr'><em>mediam</em></span> <span class='ocrx_word' id='word_1_237' title='bbox 3063 1064 3281 1120; x_wconf 80' lang='lat' dir='ltr'><em>Indiam</em></span> <span class='ocrx_word' id='word_1_238' title='bbox 3332 1084 3507 1140; x_wconf 84' lang='lat' dir='ltr'><em>usque</em></span> <span class='ocrx_word' id='word_1_239' title='bbox 3535 1068 3607 1124; x_wconf 89' lang='lat' dir='ltr'><em>ad</em></span> 
     </span>
     <span class='ocr_line' id='line_1_35' title="bbox 2051 1150 3608 1229; baseline -0.001 -18"><span class='ocrx_word' id='word_1_240' title='bbox 2051 1154 2300 1229; x_wconf 82' lang='lat' dir='ltr'><em>Gangem</em></span> <span class='ocrx_word' id='word_1_241' title='bbox 2328 1165 2384 1209; x_wconf 89' lang='lat' dir='ltr'><em>et</em></span> <span class='ocrx_word' id='word_1_242' title='bbox 2404 1151 2730 1208; x_wconf 84' lang='lat' dir='ltr'><em>Palibothra</em></span> <span class='ocrx_word' id='word_1_243' title='bbox 2748 1151 2966 1222; x_wconf 89' lang='lat' dir='ltr'><em>urbem,</em></span> <span class='ocrx_word' id='word_1_244' title='bbox 2987 1150 3125 1225; x_wconf 87' lang='lat' dir='ltr'><em>quid</em></span> <span class='ocrx_word' id='word_1_245' title='bbox 3140 1192 3155 1221; x_wconf 92' lang='lat'>‚</span> <span class='ocrx_word' id='word_1_246' title='bbox 3181 1170 3355 1226; x_wconf 88' lang='lat' dir='ltr'><em>usque</em></span> <span class='ocrx_word' id='word_1_247' title='bbox 3377 1153 3449 1208; x_wconf 90' lang='lat' dir='ltr'><em>ad</em></span> <span class='ocrx_word' id='word_1_248' title='bbox 3469 1156 3608 1210; x_wconf 86' lang='lat' dir='ltr'><em>ostia</em></span> 
     </span>
     <span class='ocr_line' id='line_1_36' title="bbox 2051 1238 3607 1317; baseline 0 -19"><span class='ocrx_word' id='word_1_249' title='bbox 2051 1242 2254 1317; x_wconf 83' lang='lat' dir='ltr'><em>Gangis</em></span> <span class='ocrx_word' id='word_1_250' title='bbox 2276 1259 2388 1298; x_wconf 84' lang='lat' dir='ltr'><em>esse</em></span> <span class='ocrx_word' id='word_1_251' title='bbox 2405 1257 2760 1314; x_wconf 82' lang='lat' dir='ltr'><em>progressum</em></span> <span class='ocrx_word' id='word_1_252' title='bbox 2779 1281 2794 1308; x_wconf 89' lang='lat'><em>,</em></span> <span class='ocrx_word' id='word_1_253' title='bbox 2818 1238 3062 1312; x_wconf 90' lang='lat' dir='ltr'><em>ideoque</em></span> <span class='ocrx_word' id='word_1_254' title='bbox 3084 1239 3253 1314; x_wconf 83' lang='lat' dir='ltr'><em>longe</em></span> <span class='ocrx_word' id='word_1_255' title='bbox 3281 1251 3407 1313; x_wconf 79' lang='lat' dir='ltr'><em>post</em></span> <span class='ocrx_word' id='word_1_256' title='bbox 3438 1259 3496 1296; x_wconf 88' lang='lat' dir='ltr'><em>se</em></span> <span class='ocrx_word' id='word_1_257' title='bbox 3517 1261 3607 1299; x_wconf 87' lang='lat' dir='ltr'><em>re·</em></span> 
     </span>
     <span class='ocr_line' id='line_1_37' title="bbox 2052 1326 3607 1402; baseline 0.001 -19"><span class='ocrx_word' id='word_1_258' title='bbox 2052 1329 2272 1401; x_wconf 86' lang='lat' dir='ltr'><em>liquisse</em></span> <span class='ocrx_word' id='word_1_259' title='bbox 2294 1327 2693 1385; x_wconf 82' lang='lat' dir='ltr'><em>Alexandrum.</em></span> <span class='ocrx_word' id='word_1_260' title='bbox 2722 1330 2796 1383; x_wconf 83' lang='lat' dir='ltr'><em>At</em></span> <span class='ocrx_word' id='word_1_261' title='bbox 2823 1345 3022 1383; x_wconf 78' lang='lat' dir='ltr'><em>vanam</em></span> <span class='ocrx_word' id='word_1_262' title='bbox 3038 1326 3249 1382; x_wconf 88' lang='lat' dir='ltr'><em>hancce</em></span> <span class='ocrx_word' id='word_1_263' title='bbox 3279 1329 3607 1402; x_wconf 84' lang='lat' dir='ltr'><em>opinionem</em></span> 
     </span>
     <span class='ocr_line' id='line_1_38' title="bbox 2045 1413 3607 1489; baseline 0.001 -17"><span class='ocrx_word' id='word_1_264' title='bbox 2045 1417 2160 1489; x_wconf 85' lang='lat' dir='ltr'><em>jam</em></span> <span class='ocrx_word' id='word_1_265' title='bbox 2192 1416 2516 1472; x_wconf 77' lang='lat' dir='ltr'><em>refellerant</em></span> <span class='ocrx_word' id='word_1_266' title='bbox 2562 1413 2851 1472; x_wconf 86' lang='lat' dir='ltr'><em>Lassenius</em></span> <span class='ocrx_word' id='word_1_267' title='bbox 2884 1417 2969 1470; x_wconf 90' lang='lat' dir='ltr'><em>De</em></span> <span class='ocrx_word' id='word_1_268' title='bbox 3005 1416 3296 1489; x_wconf 84' lang='lat' dir='ltr'><em>pentapoli</em></span> <span class='ocrx_word' id='word_1_269' title='bbox 3328 1415 3456 1475; x_wconf 89' lang='lat' dir='ltr'><em>Ind.</em></span> <span class='ocrx_word' id='word_1_270' title='bbox 3503 1419 3571 1473; x_wconf 84' lang='lat'><em>61</em></span> <span class='ocrx_word' id='word_1_271' title='bbox 3591 1459 3607 1488; x_wconf 89' lang='lat'><em>,</em></span> 
     </span>
     <span class='ocr_line' id='line_1_39' title="bbox 2054 1503 3598 1578; baseline 0 -18"><span class='ocrx_word' id='word_1_272' title='bbox 2054 1511 2121 1560; x_wconf 82' lang='lat' dir='ltr'><em>A.</em></span> <span class='ocrx_word' id='word_1_273' title='bbox 2150 1505 2212 1561; x_wconf 89' lang='lat' dir='ltr'><em>G.</em></span> <span class='ocrx_word' id='word_1_274' title='bbox 2234 1503 2506 1578; x_wconf 83' lang='lat' dir='ltr'><em>Schlegel.</em></span> <span class='ocrx_word' id='word_1_275' title='bbox 2532 1504 2591 1557; x_wconf 90' lang='lat' dir='ltr'><em>in</em></span> <span class='ocrx_word' id='word_1_276' title='bbox 2612 1505 2870 1558; x_wconf 83' lang='lat' dir='ltr'><em>Berliner</em></span> <span class='ocrx_word' id='word_1_277' title='bbox 2895 1503 3177 1559; x_wconf 80' lang='lat' dir='ltr'><em>Cateader</em></span> <span class='ocrx_word' id='word_1_278' title='bbox 3212 1505 3385 1577; x_wconf 79' lang='lat'><em>1829,</em></span> <span class='ocrx_word' id='word_1_279' title='bbox 3414 1522 3476 1577; x_wconf 90' lang='lat' dir='ltr'><em>p.</em></span> <span class='ocrx_word' id='word_1_280' title='bbox 3531 1504 3598 1560; x_wconf 84' lang='lat'><em>31</em></span> 
     </span>
     <span class='ocr_line' id='line_1_40' title="bbox 2056 1589 3605 1665; baseline 0 -20"><span class='ocrx_word' id='word_1_281' title='bbox 2056 1589 2418 1665; x_wconf 88' lang='lat' dir='ltr'><em>(quamquam</em></span> <span class='ocrx_word' id='word_1_282' title='bbox 2447 1589 2867 1646; x_wconf 84' lang='lat' dir='ltr'><em>contradicente</em></span> <span class='ocrx_word' id='word_1_283' title='bbox 2911 1589 3138 1662; x_wconf 80' lang='lat' dir='ltr'><em>Benfey.</em></span> <span class='ocrx_word' id='word_1_284' title='bbox 3192 1589 3251 1644; x_wconf 90' lang='lat' dir='ltr'><em>in</em></span> <span class='ocrx_word' id='word_1_285' title='bbox 3295 1589 3491 1649; x_wconf 78' lang='lat' dir='ltr'><em>Ersch.</em></span> <span class='ocrx_word' id='word_1_286' title='bbox 3548 1610 3605 1649; x_wconf 86' lang='lat' dir='ltr'><em>u.</em></span> 
     </span>
     <span class='ocr_line' id='line_1_41' title="bbox 2058 1675 3611 1752; baseline 0 -18"><span class='ocrx_word' id='word_1_287' title='bbox 2058 1678 2287 1734; x_wconf 83' lang='lat' dir='ltr'><em>Gruber.</em></span> <span class='ocrx_word' id='word_1_288' title='bbox 2321 1679 2549 1750; x_wconf 73' lang='lat' dir='ltr'><em>Eurycl.</em></span> <span class='ocrx_word' id='word_1_289' title='bbox 2588 1696 2645 1735; x_wconf 74' lang='lat' dir='ltr'><em>v.</em></span> <span class='ocrx_word' id='word_1_290' title='bbox 2679 1679 2883 1732; x_wconf 82' lang='lat' dir='ltr'><em>Iudien</em></span> <span class='ocrx_word' id='word_1_291' title='bbox 2924 1694 2982 1750; x_wconf 92' lang='lat' dir='ltr'><em>p.</em></span> <span class='ocrx_word' id='word_1_292' title='bbox 3023 1675 3161 1752; x_wconf 86' lang='lat'><em>67),</em></span> <span class='ocrx_word' id='word_1_293' title='bbox 3205 1688 3260 1732; x_wconf 90' lang='lat' dir='ltr'><em>et</em></span> <span class='ocrx_word' id='word_1_294' title='bbox 3287 1680 3611 1751; x_wconf 89' lang='lat' dir='ltr'><em>nuperrime</em></span> 
     </span>
     <span class='ocr_line' id='line_1_42' title="bbox 2054 1764 3612 1838; baseline 0 -18"><span class='ocrx_word' id='word_1_295' title='bbox 2054 1764 2592 1821; x_wconf 79' lang='lat' dir='ltr'><em>Schwanbcckiusin</em></span> <span class='ocrx_word' id='word_1_296' title='bbox 2614 1766 2763 1820; x_wconf 88' lang='lat' dir='ltr'><em>libro</em></span> <span class='ocrx_word' id='word_1_297' title='bbox 2777 1764 2942 1819; x_wconf 82' lang='lat' dir='ltr'><em>bonae</em></span> <span class='ocrx_word' id='word_1_298' title='bbox 2967 1764 3138 1837; x_wconf 83' lang='lat' dir='ltr'><em>frugis</em></span> <span class='ocrx_word' id='word_1_299' title='bbox 3156 1765 3358 1837; x_wconf 81' lang='lat' dir='ltr'><em>pleno,</em></span> <span class='ocrx_word' id='word_1_300' title='bbox 3394 1767 3488 1838; x_wconf 88' lang='lat' dir='ltr'><em>qui</em></span> <span class='ocrx_word' id='word_1_301' title='bbox 3524 1768 3612 1820; x_wconf 88' lang='lat' dir='ltr'><em>in-</em></span> 
     </span>
     <span class='ocr_line' id='line_1_43' title="bbox 2053 1851 3610 1928; baseline 0.002 -22"><span class='ocrx_word' id='word_1_302' title='bbox 2053 1853 2315 1907; x_wconf 84' lang='lat' dir='ltr'><em>scribitur</em></span> <span class='ocrx_word' id='word_1_303' title='bbox 2359 1852 2748 1928; x_wconf 73' lang='lat' dir='ltr'><em>]llegasthenis</em></span> <span class='ocrx_word' id='word_1_304' title='bbox 2782 1853 2984 1906; x_wconf 80' lang='lat' dir='ltr'><em>Indica</em></span> <span class='ocrx_word' id='word_1_305' title='bbox 3026 1852 3231 1924; x_wconf 89' lang='lat' dir='ltr'><em>(Bonn.</em></span> <span class='ocrx_word' id='word_1_306' title='bbox 3286 1851 3487 1928; x_wconf 75' lang='lat'><em>1846).</em></span> <span class='ocrx_word' id='word_1_307' title='bbox 3529 1859 3610 1910; x_wconf 85' lang='lat' dir='ltr'><em>Ac</em></span> 
     </span>
     <span class='ocr_line' id='line_1_44' title="bbox 2055 1938 3612 2013; baseline 0.001 -19"><span class='ocrx_word' id='word_1_308' title='bbox 2055 1941 2298 2013; x_wconf 89' lang='lat' dir='ltr'><em>primum</em></span> <span class='ocrx_word' id='word_1_309' title='bbox 2327 1939 2560 2012; x_wconf 88' lang='lat' dir='ltr'><em>quidem</em></span> <span class='ocrx_word' id='word_1_310' title='bbox 2603 1938 3070 1995; x_wconf 79' lang='lat' dir='ltr'><em>Schwanbeckius</em></span> <span class='ocrx_word' id='word_1_311' title='bbox 3111 1956 3175 2011; x_wconf 88' lang='lat' dir='ltr'><em>p.</em></span> <span class='ocrx_word' id='word_1_312' title='bbox 3213 1941 3281 1996; x_wconf 85' lang='lat'><em>13</em></span> <span class='ocrx_word' id='word_1_313' title='bbox 3311 1951 3505 1996; x_wconf 87' lang='lat' dir='ltr'><em>monet</em></span> <span class='ocrx_word' id='word_1_314' title='bbox 3540 1941 3612 1996; x_wconf 90' lang='lat' dir='ltr'><em>de</em></span> 
     </span>
     <span class='ocr_line' id='line_1_45' title="bbox 2055 2027 3614 2099; baseline 0.001 -18"><span class='ocrx_word' id='word_1_315' title='bbox 2055 2028 2184 2082; x_wconf 90' lang='lat' dir='ltr'><em>loco</em></span> <span class='ocrx_word' id='word_1_316' title='bbox 2212 2028 2414 2082; x_wconf 82' lang='lat' dir='ltr'><em>Justini</em></span> <span class='ocrx_word' id='word_1_317' title='bbox 2448 2029 2507 2096; x_wconf 90' lang='lat'><em>1,</em></span> <span class='ocrx_word' id='word_1_318' title='bbox 2539 2044 2604 2095; x_wconf 72' lang='grc' dir='ltr'><em>α,</em></span> <span class='ocrx_word' id='word_1_319' title='bbox 2640 2045 2736 2092; x_wconf 89' lang='lat'><em>10,</em></span> <span class='ocrx_word' id='word_1_320' title='bbox 2767 2027 2862 2080; x_wconf 88' lang='lat' dir='ltr'><em>ubi</em></span> <span class='ocrx_word' id='word_1_321' title='bbox 2881 2035 3086 2099; x_wconf 78' lang='lat' dir='ltr'><em>praeter</em></span> <span class='ocrx_word' id='word_1_322' title='bbox 3110 2027 3532 2082; x_wconf 87' lang='lat' dir='ltr'><em>Semiramidem</em></span> <span class='ocrx_word' id='word_1_323' title='bbox 3557 2039 3614 2084; x_wconf 84' lang='lat' dir='ltr'><em>et</em></span> 
     </span>
     <span class='ocr_line' id='line_1_46' title="bbox 2055 2113 3614 2185; baseline -0.001 -14"><span class='ocrx_word' id='word_1_324' title='bbox 2055 2113 2438 2171; x_wconf 79' lang='lat' dir='ltr'><em>Alexandrum</em></span> <span class='ocrx_word' id='word_1_325' title='bbox 2466 2114 2684 2169; x_wconf 88' lang='lat' dir='ltr'><em>Indiam</em></span> <span class='ocrx_word' id='word_1_326' title='bbox 2712 2131 2880 2168; x_wconf 90' lang='lat' dir='ltr'><em>nemo</em></span> <span class='ocrx_word' id='word_1_327' title='bbox 2909 2115 3140 2168; x_wconf 89' lang='lat' dir='ltr'><em>intrasse</em></span> <span class='ocrx_word' id='word_1_328' title='bbox 3180 2114 3416 2185; x_wconf 87' lang='lat' dir='ltr'><em>dicitur;</em></span> <span class='ocrx_word' id='word_1_329' title='bbox 3461 2115 3614 2170; x_wconf 91' lang='lat' dir='ltr'><em>unde</em></span> 
     </span>
     <span class='ocr_line' id='line_1_47' title="bbox 2058 2193 3613 2278; baseline -0.001 -20"><span class='ocrx_word' id='word_1_330' title='bbox 2058 2212 2322 2276; x_wconf 85' lang='lat' dir='ltr'><em>appareat</em></span> <span class='ocrx_word' id='word_1_331' title='bbox 2347 2202 2562 2259; x_wconf 90' lang='lat' dir='ltr'><em>Seleuci</em></span> <span class='ocrx_word' id='word_1_332' title='bbox 2586 2193 3003 2275; x_wconf 81' lang='lat' dir='ltr'><em>expeditionem</em></span> <span class='ocrx_word' id='word_1_333' title='bbox 3031 2210 3143 2255; x_wconf 89' lang='lat' dir='ltr'><em>tam</em></span> <span class='ocrx_word' id='word_1_334' title='bbox 3164 2201 3343 2256; x_wconf 78' lang='lat' dir='ltr'><em>levem</em></span> <span class='ocrx_word' id='word_1_335' title='bbox 3367 2219 3399 2257; x_wconf 92' lang='lat' dir='ltr'><em>a</em></span> <span class='ocrx_word' id='word_1_336' title='bbox 3424 2204 3613 2278; x_wconf 84' lang='lat' dir='ltr'><em>Trogo</em></span> 
     </span>
     <span class='ocr_line' id='line_1_48' title="bbox 2061 2288 3606 2361; baseline 0 -16"><span class='ocrx_word' id='word_1_337' title='bbox 2061 2291 2423 2346; x_wconf 83' lang='lat' dir='ltr'><em>existimatam</em></span> <span class='ocrx_word' id='word_1_338' title='bbox 2444 2308 2579 2359; x_wconf 83' lang='lat' dir='ltr'><em>esse,</em></span> <span class='ocrx_word' id='word_1_339' title='bbox 2593 2300 2655 2344; x_wconf 92' lang='lat' dir='ltr'><em>ut</em></span> <span class='ocrx_word' id='word_1_340' title='bbox 2676 2307 2748 2344; x_wconf 90' lang='lat' dir='ltr'><em>ne</em></span> <span class='ocrx_word' id='word_1_341' title='bbox 2768 2288 3072 2344; x_wconf 83' lang='lat' dir='ltr'><em>Alexandri</em></span> <span class='ocrx_word' id='word_1_342' title='bbox 3094 2288 3324 2361; x_wconf 87' lang='lat' dir='ltr'><em>quidem</em></span> <span class='ocrx_word' id='word_1_343' title='bbox 3337 2288 3489 2344; x_wconf 93' lang='lat' dir='ltr'><em>bello</em></span> <span class='ocrx_word' id='word_1_344' title='bbox 3505 2292 3606 2345; x_wconf 91' lang='lat' dir='ltr'><em>In-</em></span> 
     </span>
     <span class='ocr_line' id='line_1_49' title="bbox 2063 2376 3611 2453; baseline 0 -20"><span class='ocrx_word' id='word_1_345' title='bbox 2063 2378 2192 2434; x_wconf 92' lang='lat' dir='ltr'><em>dico</em></span> <span class='ocrx_word' id='word_1_346' title='bbox 2208 2395 2312 2451; x_wconf 88' lang='lat' dir='ltr'><em>par</em></span> <span class='ocrx_word' id='word_1_347' title='bbox 2332 2379 2400 2433; x_wconf 89' lang='lat' dir='ltr'><em>sit</em></span> <span class='ocrx_word' id='word_1_348' title='bbox 2418 2376 2510 2453; x_wconf 69' lang='lat'><em>(⁸).</em></span> <span class='ocrx_word' id='word_1_349' title='bbox 2535 2379 2716 2433; x_wconf 87' lang='lat' dir='ltr'><em>Porro</em></span> <span class='ocrx_word' id='word_1_350' title='bbox 2745 2378 3044 2432; x_wconf 79' lang='lat' dir='ltr'><em>Arrianum</em></span> <span class='ocrx_word' id='word_1_351' title='bbox 3068 2377 3162 2445; x_wconf 87' lang='lat' dir='ltr'><em>ait,</em></span> <span class='ocrx_word' id='word_1_352' title='bbox 3179 2377 3223 2431; x_wconf 88' lang='lat' dir='ltr'><em>si</em></span> <span class='ocrx_word' id='word_1_353' title='bbox 3244 2377 3611 2452; x_wconf 85' lang='lat' dir='ltr'><em>longinquam</em></span> 
     </span>
     <span class='ocr_line' id='line_1_50' title="bbox 2062 2462 3614 2540; baseline 0.001 -20"><span class='ocrx_word' id='word_1_354' title='bbox 2062 2467 2219 2522; x_wconf 89' lang='lat' dir='ltr'><em>istam</em></span> <span class='ocrx_word' id='word_1_355' title='bbox 2242 2462 2460 2522; x_wconf 89' lang='lat' dir='ltr'><em>Seleuci</em></span> <span class='ocrx_word' id='word_1_356' title='bbox 2485 2464 2896 2540; x_wconf 84' lang='lat' dir='ltr'><em>expeditionem</em></span> <span class='ocrx_word' id='word_1_357' title='bbox 2921 2474 3266 2539; x_wconf 87' lang='lat' dir='ltr'><em>compertam</em></span> <span class='ocrx_word' id='word_1_358' title='bbox 3300 2465 3581 2522; x_wconf 79' lang='lat' dir='ltr'><em>habuisset</em></span> <span class='ocrx_word' id='word_1_359' title='bbox 3597 2507 3614 2535; x_wconf 92' lang='lat'>‚</span> 
     </span>
     <span class='ocr_line' id='line_1_51' title="bbox 2063 2550 3621 2610; baseline 0 -3"><span class='ocrx_word' id='word_1_360' title='bbox 2063 2553 2215 2609; x_wconf 83' lang='lat' dir='ltr'><em>haud</em></span> <span class='ocrx_word' id='word_1_361' title='bbox 2239 2552 2413 2609; x_wconf 85' lang='lat' dir='ltr'><em>dubie</em></span> <span class='ocrx_word' id='word_1_362' title='bbox 2441 2554 2603 2610; x_wconf 89' lang='lat' dir='ltr'><em>aliter</em></span> <span class='ocrx_word' id='word_1_363' title='bbox 2638 2553 2962 2608; x_wconf 83' lang='lat' dir='ltr'><em>locuturum</em></span> <span class='ocrx_word' id='word_1_364' title='bbox 2985 2552 3146 2606; x_wconf 82' lang='lat' dir='ltr'><em>fuisse</em></span> <span class='ocrx_word' id='word_1_365' title='bbox 3184 2552 3242 2605; x_wconf 89' lang='lat' dir='ltr'><em>in</em></span> <span class='ocrx_word' id='word_1_366' title='bbox 3269 2550 3480 2607; x_wconf 86' lang='lat' dir='ltr'><em>Indicis</em></span> <span class='ocrx_word' id='word_1_367' title='bbox 3509 2552 3621 2607; x_wconf 87' lang='lat' dir='ltr'><em>suis</em></span> 
     </span>
     <span class='ocr_line' id='line_1_52' title="bbox 2069 2638 3620 2718; baseline -0.001 -22"><span class='ocrx_word' id='word_1_368' title='bbox 2069 2640 2142 2718; x_wconf 80' lang='lat' dir='ltr'><em>(c.</em></span> <span class='ocrx_word' id='word_1_369' title='bbox 2169 2639 2223 2711; x_wconf 85' lang='lat'><em>5,</em></span> <span class='ocrx_word' id='word_1_370' title='bbox 2252 2639 2315 2716; x_wconf 74' lang='lat'><em>4)</em></span> <span class='ocrx_word' id='word_1_371' title='bbox 2339 2682 2356 2712; x_wconf 93' lang='lat'><em>,</em></span> <span class='ocrx_word' id='word_1_372' title='bbox 2381 2641 2483 2696; x_wconf 90' lang='lat' dir='ltr'><em>ubi</em></span> <span class='ocrx_word' id='word_1_373' title='bbox 2503 2640 2918 2715; x_wconf 71' lang='lat' dir='ltr'><em>megasthenem</em></span> <span class='ocrx_word' id='word_1_374' title='bbox 2947 2641 3025 2695; x_wconf 90' lang='lat' dir='ltr'><em>ait</em></span> <span class='ocrx_word' id='word_1_375' title='bbox 3049 2658 3164 2694; x_wconf 91' lang='lat' dir='ltr'><em>non</em></span> <span class='ocrx_word' id='word_1_376' title='bbox 3183 2639 3421 2694; x_wconf 88' lang='lat' dir='ltr'><em>multum</em></span> <span class='ocrx_word' id='word_1_377' title='bbox 3444 2638 3620 2695; x_wconf 70' lang='lat' dir='ltr'><em>Indiae</em></span> 
     </span>
     <span class='ocr_line' id='line_1_53' title="bbox 2066 2721 3622 2804; baseline -0.001 -22"><span class='ocrx_word' id='word_1_378' title='bbox 2066 2744 2385 2802; x_wconf 75' lang='lat' dir='ltr'><em>peragrasse</em></span> <span class='ocrx_word' id='word_1_379' title='bbox 2400 2724 2539 2795; x_wconf 75' lang='grc' dir='ltr'>πλήν</span> <span class='ocrx_word' id='word_1_380' title='bbox 2567 2747 2627 2801; x_wconf 82' lang='grc' dir='ltr'><em>γε</em></span> <span class='ocrx_word' id='word_1_381' title='bbox 2657 2723 2736 2783; x_wconf 75' lang='grc' dir='ltr'><em>ὅτι</em></span> <span class='ocrx_word' id='word_1_382' title='bbox 2758 2727 2952 2782; x_wconf 79' lang='grc' dir='ltr'>πλεῦνα</span> <span class='ocrx_word' id='word_1_383' title='bbox 2966 2723 3001 2795; x_wconf 80' lang='grc' dir='ltr'>ἢ</span> <span class='ocrx_word' id='word_1_384' title='bbox 3022 2727 3068 2781; x_wconf 83' lang='grc' dir='ltr'><em>οἱ</em></span> <span class='ocrx_word' id='word_1_385' title='bbox 3097 2723 3181 2791; x_wconf 72' lang='grc' dir='ltr'>ξὺν</span> <span class='ocrx_word' id='word_1_386' title='bbox 3204 2721 3523 2804; x_wconf 79' lang='grc' dir='ltr'>Ἀλεξάνδρῳ</span> <span class='ocrx_word' id='word_1_387' title='bbox 3546 2728 3622 2804; x_wconf 78' lang='grc' dir='ltr'><em>τῷ</em></span> 
     </span>
     <span class='ocr_line' id='line_1_54' title="bbox 2067 2810 3624 2887; baseline -0.003 -13"><span class='ocrx_word' id='word_1_388' title='bbox 2067 2812 2340 2874; x_wconf 86' lang='grc' dir='ltr'>Φιλίππου</span> <span class='ocrx_word' id='word_1_389' title='bbox 2365 2810 2675 2878; x_wconf 70' lang='grc' dir='ltr'>ἐπελθόντες.</span> <span class='ocrx_word' id='word_1_390' title='bbox 2709 2817 2837 2887; x_wconf 87' lang='lat' dir='ltr'><em>Quo</em></span> <span class='ocrx_word' id='word_1_391' title='bbox 2870 2815 2998 2870; x_wconf 93' lang='lat' dir='ltr'><em>loco</em></span> <span class='ocrx_word' id='word_1_392' title='bbox 3031 2815 3211 2869; x_wconf 88' lang='lat' dir='ltr'><em>multo</em></span> <span class='ocrx_word' id='word_1_393' title='bbox 3239 2815 3422 2886; x_wconf 86' lang='lat' dir='ltr'><em>aptius</em></span> <span class='ocrx_word' id='word_1_394' title='bbox 3454 2824 3510 2869; x_wconf 88' lang='lat' dir='ltr'><em>et</em></span> <span class='ocrx_word' id='word_1_395' title='bbox 3543 2815 3624 2869; x_wconf 82' lang='lat' dir='ltr'><em>fa—</em></span> 
     </span>
     <span class='ocr_line' id='line_1_55' title="bbox 2068 2901 3624 2977; baseline -0.003 -17"><span class='ocrx_word' id='word_1_396' title='bbox 2068 2903 2224 2960; x_wconf 87' lang='lat' dir='ltr'><em>cilius</em></span> <span class='ocrx_word' id='word_1_397' title='bbox 2248 2920 2376 2957; x_wconf 90' lang='lat' dir='ltr'><em>cum</em></span> <span class='ocrx_word' id='word_1_398' title='bbox 2404 2902 2638 2958; x_wconf 87' lang='lat' dir='ltr'><em>Seleuco</em></span> <span class='ocrx_word' id='word_1_399' title='bbox 2663 2901 3072 2977; x_wconf 82' lang='lat' dir='ltr'><em>Megasthenem</em></span> <span class='ocrx_word' id='word_1_400' title='bbox 3097 2912 3295 2956; x_wconf 89' lang='lat' dir='ltr'><em>auctor</em></span> <span class='ocrx_word' id='word_1_401' title='bbox 3329 2920 3624 2976; x_wconf 87' lang='lat' dir='ltr'><em>compara·</em></span> 
     </span>
     <span class='ocr_line' id='line_1_56' title="bbox 2067 2988 3626 3065; baseline 0.001 -22"><span class='ocrx_word' id='word_1_402' title='bbox 2067 2991 2230 3047; x_wconf 75' lang='lat' dir='ltr'><em>visset</em></span> <span class='ocrx_word' id='word_1_403' title='bbox 2253 2988 2382 3065; x_wconf 50' lang='grc' dir='ltr'>(ῃ).</span> <span class='ocrx_word' id='word_1_404' title='bbox 2402 2991 2566 3046; x_wconf 82' lang='lat' dir='ltr'><em>Mitto</em></span> <span class='ocrx_word' id='word_1_405' title='bbox 2598 2991 2702 3045; x_wconf 88' lang='lat' dir='ltr'><em>alia</em></span> <span class='ocrx_word' id='word_1_406' title='bbox 2730 2990 2955 3045; x_wconf 76' lang='lat' dir='ltr'><em>levioris</em></span> <span class='ocrx_word' id='word_1_407' title='bbox 2975 2992 3247 3044; x_wconf 88' lang='lat' dir='ltr'><em>momenti</em></span> <span class='ocrx_word' id='word_1_408' title='bbox 3277 2989 3503 3059; x_wconf 90' lang='lat' dir='ltr'><em>indicia,</em></span> <span class='ocrx_word' id='word_1_409' title='bbox 3520 3009 3626 3045; x_wconf 89' lang='lat' dir='ltr'><em>ne-</em></span> 
     </span>
     <span class='ocr_line' id='line_1_57' title="bbox 2072 3070 3627 3151; baseline 0.001 -18"><span class='ocrx_word' id='word_1_410' title='bbox 2072 3070 2182 3151; x_wconf 73' lang='lat' dir='ltr'><em>qu‘e</em></span> <span class='ocrx_word' id='word_1_411' title='bbox 2213 3076 2403 3133; x_wconf 88' lang='lat' dir='ltr'><em>denuo</em></span> <span class='ocrx_word' id='word_1_412' title='bbox 2445 3078 2504 3135; x_wconf 87' lang='lat' dir='ltr'><em>h.</em></span> <span class='ocrx_word' id='word_1_413' title='bbox 2552 3080 2591 3133; x_wconf 91' lang='lat' dir='ltr'><em>l.</em></span> <span class='ocrx_word' id='word_1_414' title='bbox 2637 3095 2919 3151; x_wconf 85' lang='lat' dir='ltr'><em>exponere</em></span> <span class='ocrx_word' id='word_1_415' title='bbox 2953 3076 3139 3150; x_wconf 82' lang='lat' dir='ltr'><em>juvat,</em></span> <span class='ocrx_word' id='word_1_416' title='bbox 3178 3077 3512 3149; x_wconf 88' lang='lat' dir='ltr'><em>quibusnam</em></span> <span class='ocrx_word' id='word_1_417' title='bbox 3553 3078 3627 3134; x_wconf 84' lang='lat' dir='ltr'><em>de</em></span> 
     </span>
     <span class='ocr_line' id='line_1_58' title="bbox 2072 3164 3626 3239; baseline -0.001 -18"><span class='ocrx_word' id='word_1_418' title='bbox 2072 3166 2246 3222; x_wconf 85' lang='lat' dir='ltr'><em>causis</em></span> <span class='ocrx_word' id='word_1_419' title='bbox 2284 3184 2389 3239; x_wconf 91' lang='lat' dir='ltr'><em>per</em></span> <span class='ocrx_word' id='word_1_420' title='bbox 2415 3183 2473 3222; x_wconf 88' lang='lat' dir='ltr'><em>se</em></span> <span class='ocrx_word' id='word_1_421' title='bbox 2511 3166 2887 3238; x_wconf 86' lang='lat' dir='ltr'><em>improbabile</em></span> <span class='ocrx_word' id='word_1_422' title='bbox 2925 3183 3160 3238; x_wconf 78' lang='lat' dir='ltr'><em>prorsus</em></span> <span class='ocrx_word' id='word_1_423' title='bbox 3190 3166 3289 3233; x_wconf 89' lang='lat' dir='ltr'><em>sit,</em></span> <span class='ocrx_word' id='word_1_424' title='bbox 3331 3183 3508 3238; x_wconf 87' lang='lat' dir='ltr'><em>usque</em></span> <span class='ocrx_word' id='word_1_425' title='bbox 3553 3164 3626 3219; x_wconf 90' lang='lat' dir='ltr'><em>ad</em></span> 
     </span>
     <span class='ocr_line' id='line_1_59' title="bbox 2071 3254 3624 3329; baseline 0.001 -18"><span class='ocrx_word' id='word_1_426' title='bbox 2071 3254 2400 3329; x_wconf 83' lang='lat' dir='ltr'><em>Gangeticas</em></span> <span class='ocrx_word' id='word_1_427' title='bbox 2438 3255 2692 3329; x_wconf 85' lang='lat' dir='ltr'><em>regiones</em></span> <span class='ocrx_word' id='word_1_428' title='bbox 2720 3272 2872 3309; x_wconf 88' lang='lat' dir='ltr'><em>arma</em></span> <span class='ocrx_word' id='word_1_429' title='bbox 2899 3271 2931 3307; x_wconf 94' lang='lat' dir='ltr'><em>a</em></span> <span class='ocrx_word' id='word_1_430' title='bbox 2973 3254 3208 3310; x_wconf 91' lang='lat' dir='ltr'><em>Seleuco</em></span> <span class='ocrx_word' id='word_1_431' title='bbox 3233 3255 3452 3325; x_wconf 86' lang='lat' dir='ltr'><em>prolata</em></span> <span class='ocrx_word' id='word_1_432' title='bbox 3491 3271 3624 3312; x_wconf 84' lang='lat' dir='ltr'><em>esse.</em></span> 
     </span>
    </p>
   </div>
   <div class='ocr_carea' id='block_1_6' title="bbox 2074 3414 3630 3684">
    <p class='ocr_par' dir='ltr' id='par_1_7' title="bbox 2074 3414 3630 3684">
     <span class='ocr_line' id='line_1_60' title="bbox 2134 3414 3630 3480; baseline -0.002 -13"><span class='ocrx_word' id='word_1_433' title='bbox 2134 3417 2203 3480; x_wconf 68' lang='grc' dir='ltr'><em>(Ἴ</em></span> <span class='ocrx_word' id='word_1_434' title='bbox 2227 3417 2466 3467; x_wconf 78' lang='lat' dir='ltr'><em>Praeterea</em></span> <span class='ocrx_word' id='word_1_435' title='bbox 2475 3415 2876 3466; x_wconf 82' lang='lat' dir='ltr'><em>Schwanbeckius</em></span> <span class='ocrx_word' id='word_1_436' title='bbox 2893 3429 2942 3477; x_wconf 86' lang='lat' dir='ltr'><em>p.</em></span> <span class='ocrx_word' id='word_1_437' title='bbox 2973 3419 3024 3463; x_wconf 80' lang='lat'><em>14</em></span> <span class='ocrx_word' id='word_1_438' title='bbox 3046 3414 3225 3465; x_wconf 85' lang='lat' dir='ltr'><em>attendi</em></span> <span class='ocrx_word' id='word_1_439' title='bbox 3239 3414 3379 3475; x_wconf 84' lang='lat' dir='ltr'><em>jubet</em></span> <span class='ocrx_word' id='word_1_440' title='bbox 3401 3414 3466 3463; x_wconf 84' lang='lat' dir='ltr'><em>ad</em></span> <span class='ocrx_word' id='word_1_441' title='bbox 3485 3415 3630 3464; x_wconf 80' lang='lat' dir='ltr'><em>verba</em></span> 
     </span>
     <span class='ocr_line' id='line_1_61' title="bbox 2077 3484 3629 3550; baseline -0.001 -15"><span class='ocrx_word' id='word_1_442' title='bbox 2077 3486 2270 3549; x_wconf 76' lang='lat' dir='ltr'><em>Appiani</em></span> <span class='ocrx_word' id='word_1_443' title='bbox 2296 3487 2327 3536; x_wconf 90' lang='lat' dir='ltr'><em>l.</em></span> <span class='ocrx_word' id='word_1_444' title='bbox 2352 3487 2404 3549; x_wconf 88' lang='lat' dir='ltr'><em>l.,</em></span> <span class='ocrx_word' id='word_1_445' title='bbox 2429 3485 2510 3536; x_wconf 87' lang='lat' dir='ltr'><em>ubi</em></span> <span class='ocrx_word' id='word_1_446' title='bbox 2527 3501 2678 3550; x_wconf 87' lang='lat' dir='ltr'><em>quum</em></span> <span class='ocrx_word' id='word_1_447' title='bbox 2703 3486 3037 3535; x_wconf 81' lang='lat' dir='ltr'><em>Sandracottus</em></span> <span class='ocrx_word' id='word_1_448' title='bbox 3061 3498 3231 3547; x_wconf 81' lang='lat' dir='ltr'><em>parum</em></span> <span class='ocrx_word' id='word_1_449' title='bbox 3252 3486 3474 3534; x_wconf 82' lang='lat' dir='ltr'><em>accurate</em></span> <span class='ocrx_word' id='word_1_450' title='bbox 3496 3484 3629 3533; x_wconf 82' lang='lat' dir='ltr'><em>dica·</em></span> 
     </span>
     <span class='ocr_line' id='line_1_62' title="bbox 2074 3551 3629 3620; baseline -0.001 -16"><span class='ocrx_word' id='word_1_451' title='bbox 2074 3557 2154 3604; x_wconf 79' lang='lat' dir='ltr'><em>tur</em></span> <span class='ocrx_word' id='word_1_452' title='bbox 2187 3557 2403 3618; x_wconf 81' lang='grc' dir='ltr'>βασιλεὺς</span> <span class='ocrx_word' id='word_1_453' title='bbox 2440 3561 2534 3605; x_wconf 83' lang='grc' dir='ltr'>τῶν</span> <span class='ocrx_word' id='word_1_454' title='bbox 2558 3557 2660 3620; x_wconf 85' lang='grc' dir='ltr'>περὶ</span> <span class='ocrx_word' id='word_1_455' title='bbox 2687 3557 2766 3604; x_wconf 85' lang='grc' dir='ltr'>τὸν</span> <span class='ocrx_word' id='word_1_456' title='bbox 2804 3551 2947 3603; x_wconf 78' lang='grc' dir='ltr'>Ἰνδὸν</span> <span class='ocrx_word' id='word_1_457' title='bbox 2972 3553 3141 3613; x_wconf 77' lang='grc' dir='ltr'>Ἰνδῶν,</span> <span class='ocrx_word' id='word_1_458' title='bbox 3173 3566 3231 3600; x_wconf 90' lang='lat' dir='ltr'><em>eo</em></span> <span class='ocrx_word' id='word_1_459' title='bbox 3254 3553 3355 3614; x_wconf 85' lang='lat' dir='ltr'><em>ipso</em></span> <span class='ocrx_word' id='word_1_460' title='bbox 3378 3552 3629 3614; x_wconf 72' lang='lat' dir='ltr'><em>significari</em></span> 
     </span>
     <span class='ocr_line' id='line_1_63' title="bbox 2077 3621 3629 3684; baseline -0.001 -12"><span class='ocrx_word' id='word_1_461' title='bbox 2077 3624 2225 3673; x_wconf 84' lang='lat' dir='ltr'><em>videri</em></span> <span class='ocrx_word' id='word_1_462' title='bbox 2243 3625 2424 3675; x_wconf 87' lang='lat' dir='ltr'><em>bellum</em></span> <span class='ocrx_word' id='word_1_463' title='bbox 2447 3625 2496 3672; x_wconf 89' lang='lat' dir='ltr'><em>in</em></span> <span class='ocrx_word' id='word_1_464' title='bbox 2517 3624 2690 3673; x_wconf 80' lang='lat' dir='ltr'><em>finibus</em></span> <span class='ocrx_word' id='word_1_465' title='bbox 2707 3623 2854 3673; x_wconf 62' lang='lat' dir='ltr'><em>Indiae</em></span> <span class='ocrx_word' id='word_1_466' title='bbox 2877 3625 3062 3684; x_wconf 69' lang='lat' dir='ltr'><em>gestum</em></span> <span class='ocrx_word' id='word_1_467' title='bbox 3083 3622 3243 3671; x_wconf 78' lang='lat' dir='ltr'><em>fuisse.</em></span> <span class='ocrx_word' id='word_1_468' title='bbox 3268 3625 3368 3670; x_wconf 82' lang='lat' dir='ltr'><em>Hoc</em></span> <span class='ocrx_word' id='word_1_469' title='bbox 3385 3621 3522 3670; x_wconf 84' lang='lat' dir='ltr'><em>nihili</em></span> <span class='ocrx_word' id='word_1_470' title='bbox 3541 3624 3629 3671; x_wconf 69' lang='lat' dir='ltr'><em>est.</em></span> 
     </span>
    </p>
   </div>
   <div class='ocr_carea' id='block_1_7' title="bbox 433 3689 3632 3773">
    <p class='ocr_par' dir='ltr' id='par_1_8' title="bbox 433 3689 3632 3773">
     <span class='ocr_line' id='line_1_64' title="bbox 433 3689 3632 3773; baseline -0.003 -21"><span class='ocrx_word' id='word_1_471' title='bbox 433 3700 523 3752; x_wconf 76' lang='grc' dir='ltr'><em>τοῦ</em></span> <span class='ocrx_word' id='word_1_472' title='bbox 554 3692 801 3773; x_wconf 77' lang='grc' dir='ltr'>μυριάσιν</span> <span class='ocrx_word' id='word_1_473' title='bbox 838 3690 1083 3764; x_wconf 70' lang='grc' dir='ltr'>ἐξήκοντα</span> <span class='ocrx_word' id='word_1_474' title='bbox 1110 3690 1205 3763; x_wconf 85' lang='grc' dir='ltr'>τὴν</span> <span class='ocrx_word' id='word_1_475' title='bbox 1249 3690 1473 3763; x_wconf 57' lang='grc' dir='ltr'>Ἰνδικὸν</span> <span class='ocrx_word' id='word_1_476' title='bbox 1505 3694 1723 3763; x_wconf 76' lang='grc' dir='ltr'>ἐπῆλθεν</span> <span class='ocrx_word' id='word_1_477' title='bbox 1772 3689 1987 3750; x_wconf 78' lang='grc' dir='ltr'>ἅπασαν</span> <span class='ocrx_word' id='word_1_478' title='bbox 2078 3698 2196 3745; x_wconf 86' lang='lat' dir='ltr'><em>Nam</em></span> <span class='ocrx_word' id='word_1_479' title='bbox 2217 3696 2457 3758; x_wconf 75' lang='lat' dir='ltr'><em>Appianas</em></span> <span class='ocrx_word' id='word_1_480' title='bbox 2474 3695 2651 3744; x_wconf 81' lang='lat' dir='ltr'><em>habet:</em></span> <span class='ocrx_word' id='word_1_481' title='bbox 2678 3698 2771 3743; x_wconf 77' lang='grc' dir='ltr'>τῶν</span> <span class='ocrx_word' id='word_1_482' title='bbox 2791 3696 2893 3755; x_wconf 74' lang='grc' dir='ltr'>περὶ</span> <span class='ocrx_word' id='word_1_483' title='bbox 2915 3693 3053 3741; x_wconf 78' lang='grc' dir='ltr'>αὐτὸν</span> <span class='ocrx_word' id='word_1_484' title='bbox 3073 3692 3246 3753; x_wconf 80' lang='grc' dir='ltr'>Ἰνδῶν,</span> <span class='ocrx_word' id='word_1_485' title='bbox 3270 3691 3340 3740; x_wconf 85' lang='lat' dir='ltr'><em>uti</em></span> <span class='ocrx_word' id='word_1_486' title='bbox 3367 3692 3468 3754; x_wconf 82' lang='lat' dir='ltr'><em>lpse</em></span> <span class='ocrx_word' id='word_1_487' title='bbox 3485 3692 3632 3741; x_wconf 82' lang='lat' dir='ltr'><em>etiam</em></span> 
     </span>
    </p>
   </div>
   <div class='ocr_carea' id='block_1_8' title="bbox 434 3779 1989 3945">
    <p class='ocr_par' dir='ltr' id='par_1_9' title="bbox 434 3779 1989 3945">
     <span class='ocr_line' id='line_1_65' title="bbox 434 3779 1984 3862; baseline -0.003 -21"><span class='ocrx_word' id='word_1_488' title='bbox 434 3779 929 3862; x_wconf 72' lang='grc' dir='ltr'>καταστρεφόμενος.</span> <span class='ocrx_word' id='word_1_489' title='bbox 991 3783 1115 3838; x_wconf 86' lang='lat' dir='ltr'><em>Alia</em></span> <span class='ocrx_word' id='word_1_490' title='bbox 1160 3782 1416 3855; x_wconf 77' lang='lat' dir='ltr'><em>quaedam</em></span> <span class='ocrx_word' id='word_1_491' title='bbox 1460 3782 1611 3837; x_wconf 86' lang='lat' dir='ltr'><em>dona</em></span> <span class='ocrx_word' id='word_1_492' title='bbox 1646 3783 1775 3837; x_wconf 88' lang='lat' dir='ltr'><em>satis</em></span> <span class='ocrx_word' id='word_1_493' title='bbox 1813 3783 1984 3851; x_wconf 84' lang='lat' dir='ltr'><em>mira,</em></span> 
     </span>
     <span class='ocr_line' id='line_1_66' title="bbox 435 3868 1989 3945; baseline -0.002 -18"><span class='ocrx_word' id='word_1_494' title='bbox 435 3890 558 3945; x_wconf 79' lang='lat' dir='ltr'><em>quae</em></span> <span class='ocrx_word' id='word_1_495' title='bbox 602 3871 676 3927; x_wconf 91' lang='lat' dir='ltr'><em>ad</em></span> <span class='ocrx_word' id='word_1_496' title='bbox 700 3871 995 3926; x_wconf 86' lang='lat' dir='ltr'><em>Seleucum</em></span> <span class='ocrx_word' id='word_1_497' title='bbox 1028 3868 1430 3925; x_wconf 86' lang='lat' dir='ltr'><em>Sandrocottus</em></span> <span class='ocrx_word' id='word_1_498' title='bbox 1464 3869 1702 3939; x_wconf 86' lang='lat' dir='ltr'><em>miserit,</em></span> <span class='ocrx_word' id='word_1_499' title='bbox 1735 3887 1989 3926; x_wconf 89' lang='lat' dir='ltr'><em>comme-</em></span> 
     </span>
    </p>
   </div>
   <div class='ocr_carea' id='block_1_9' title="bbox 2078 3763 3631 3962">
    <p class='ocr_par' dir='ltr' id='par_1_10' title="bbox 2078 3763 3631 3962">
     <span class='ocr_line' id='line_1_67' title="bbox 2078 3763 2851 3825; baseline -0.005 -10"><span class='ocrx_word' id='word_1_500' title='bbox 2078 3763 2478 3815; x_wconf 78' lang='lat' dir='ltr'><em>Scliwanbeckius</em></span> <span class='ocrx_word' id='word_1_501' title='bbox 2494 3763 2683 3825; x_wconf 80' lang='lat' dir='ltr'><em>scripsit</em></span> <span class='ocrx_word' id='word_1_502' title='bbox 2705 3776 2751 3824; x_wconf 83' lang='lat' dir='ltr'><em>p.</em></span> <span class='ocrx_word' id='word_1_503' title='bbox 2779 3770 2851 3812; x_wconf 78' lang='lat'><em>13.</em></span> 
     </span>
     <span class='ocr_line' id='line_1_68' title="bbox 2142 3828 3627 3895; baseline -0.004 -11"><span class='ocrx_word' id='word_1_504' title='bbox 2142 3834 2225 3895; x_wconf 41' lang='grc' dir='ltr'><em>βῆ*</em></span> <span class='ocrx_word' id='word_1_505' title='bbox 2250 3832 2518 3895; x_wconf 68' lang='lat' dir='ltr'><em>Gangeticas</em></span> <span class='ocrx_word' id='word_1_506' title='bbox 2535 3832 2822 3895; x_wconf 78' lang='lat' dir='ltr'><em>expeditioni</em></span> <span class='ocrx_word' id='word_1_507' title='bbox 2845 3832 3004 3881; x_wconf 75' lang='lat' dir='ltr'><em>favere</em></span> <span class='ocrx_word' id='word_1_508' title='bbox 3019 3828 3168 3879; x_wconf 77' lang='lat' dir='ltr'><em>videri</em></span> <span class='ocrx_word' id='word_1_509' title='bbox 3189 3831 3336 3892; x_wconf 69' lang='lat' dir='ltr'><em>pooeit</em></span> <span class='ocrx_word' id='word_1_510' title='bbox 3350 3829 3484 3880; x_wconf 85' lang='lat' dir='ltr'><em>locus</em></span> <span class='ocrx_word' id='word_1_511' title='bbox 3509 3831 3627 3881; x_wconf 78' lang='grc' dir='ltr'>Μα-</span> 
     </span>
     <span class='ocr_line' id='line_1_69' title="bbox 2079 3901 3631 3962; baseline -0.003 -9"><span class='ocrx_word' id='word_1_512' title='bbox 2079 3903 2396 3954; x_wconf 74' lang='lat' dir='ltr'><em>drardxasoe</em></span> <span class='ocrx_word' id='word_1_513' title='bbox 2416 3903 2663 3952; x_wconf 81' lang='lat' dir='ltr'><em>comoedioe</em></span> <span class='ocrx_word' id='word_1_514' title='bbox 2709 3902 2877 3951; x_wconf 78' lang='lat' dir='ltr'><em>indicae</em></span> <span class='ocrx_word' id='word_1_515' title='bbox 2893 3939 2908 3962; x_wconf 87' lang='grc'>,</span> <span class='ocrx_word' id='word_1_516' title='bbox 2933 3901 3016 3951; x_wconf 91' lang='lat' dir='ltr'><em>ubi</em></span> <span class='ocrx_word' id='word_1_517' title='bbox 3037 3901 3142 3950; x_wconf 82' lang='lat' dir='ltr'><em>hoec</em></span> <span class='ocrx_word' id='word_1_518' title='bbox 3168 3902 3275 3962; x_wconf 83' lang='lat' dir='ltr'><em>(ap.</em></span> <span class='ocrx_word' id='word_1_519' title='bbox 3302 3903 3492 3951; x_wconf 80' lang='lat' dir='ltr'><em>Lassen.</em></span> <span class='ocrx_word' id='word_1_520' title='bbox 3515 3903 3631 3950; x_wconf 81' lang='lat' dir='ltr'><em>Pen-</em></span> 
     </span>
    </p>
   </div>
   <div class='ocr_carea' id='block_1_10' title="bbox 434 3936 3633 4037">
    <p class='ocr_par' dir='ltr' id='par_1_11' title="bbox 434 3936 3633 4037">
     <span class='ocr_line' id='line_1_70' title="bbox 434 3936 3633 4037; baseline -0.004 -5"><span class='ocrx_word' id='word_1_521' title='bbox 434 3970 621 4015; x_wconf 63' lang='lat'><em>¹¹¹0¹⁸²</em></span> <span class='ocrx_word' id='word_1_522' title='bbox 645 3957 985 4031; x_wconf 61' lang='lat' dir='ltr'><em>Phylarchus</em></span> <span class='ocrx_word' id='word_1_523' title='bbox 1005 3954 1107 4032; x_wconf 49' lang='lat' dir='ltr'><em>(fn</em></span> <span class='ocrx_word' id='word_1_524' title='bbox 1133 3955 1227 4031; x_wconf 75' lang='lat'><em>33)</em></span> <span class='ocrx_word' id='word_1_525' title='bbox 1250 3976 1345 4030; x_wconf 79' lang='lat' dir='ltr'><em>aP·</em></span> <span class='ocrx_word' id='word_1_526' title='bbox 1367 3957 1694 4013; x_wconf 62' lang='lat' dir='ltr'><em>Athenaeum</em></span> <span class='ocrx_word' id='word_1_527' title='bbox 1729 3974 1788 4030; x_wconf 90' lang='lat' dir='ltr'><em>P·</em></span> <span class='ocrx_word' id='word_1_528' title='bbox 1816 3955 1884 4011; x_wconf 76' lang='lat'><em>¹3</em></span> <span class='ocrx_word' id='word_1_529' title='bbox 1911 3958 1983 4011; x_wconf 83' lang='lat' dir='ltr'><em>D·</em></span> <span class='ocrx_word' id='word_1_530' title='bbox 2028 3936 2042 4024; x_wconf 69' lang='grc'>1</span> <span class='ocrx_word' id='word_1_531' title='bbox 2079 3973 2389 4037; x_wconf 76' lang='lat' dir='ltr'><em>tap.p.ot):</em></span> <span class='ocrx_word' id='word_1_532' title='bbox 2429 3992 2455 4017; x_wconf 78' lang='grc' dir='ltr'>κ</span> <span class='ocrx_word' id='word_1_533' title='bbox 2491 3976 2588 4023; x_wconf 84' lang='lat' dir='ltr'><em>Est</em></span> <span class='ocrx_word' id='word_1_534' title='bbox 2635 3975 2832 4022; x_wconf 79' lang='lat' dir='ltr'><em>interea</em></span> <span class='ocrx_word' id='word_1_535' title='bbox 2871 3971 3110 4021; x_wconf 81' lang='lat' dir='ltr'><em>omnibus</em></span> <span class='ocrx_word' id='word_1_536' title='bbox 3150 3973 3369 4027; x_wconf 75' lang='lat' dir='ltr'><em>Cir-atis,</em></span> <span class='ocrx_word' id='word_1_537' title='bbox 3405 3971 3633 4029; x_wconf 70' lang='lat' dir='ltr'><em>Jumts,</em></span> 
     </span>
    </p>
   </div>
   <div class='ocr_carea' id='block_1_11' title="bbox 440 4043 1991 4205">
    <p class='ocr_par' dir='ltr' id='par_1_12' title="bbox 440 4043 1991 4205">
     <span class='ocr_line' id='line_1_71' title="bbox 515 4043 1990 4117; baseline -0.002 -16"><span class='ocrx_word' id='word_1_538' title='bbox 515 4044 804 4101; x_wconf 83' lang='lat' dir='ltr'><em>Diodorus</em></span> <span class='ocrx_word' id='word_1_539' title='bbox 846 4044 996 4100; x_wconf 87' lang='lat' dir='ltr'><em>libro</em></span> <span class='ocrx_word' id='word_1_540' title='bbox 1036 4045 1152 4099; x_wconf 81' lang='lat' dir='ltr'><em>XX</em></span> <span class='ocrx_word' id='word_1_541' title='bbox 1199 4045 1414 4099; x_wconf 90' lang='lat' dir='ltr'><em>Seleuci</em></span> <span class='ocrx_word' id='word_1_542' title='bbox 1460 4062 1550 4099; x_wconf 89' lang='lat' dir='ltr'><em>res</em></span> <span class='ocrx_word' id='word_1_543' title='bbox 1590 4061 1876 4117; x_wconf 85' lang='lat' dir='ltr'><em>exponens</em></span> <span class='ocrx_word' id='word_1_544' title='bbox 1919 4043 1990 4098; x_wconf 90' lang='lat' dir='ltr'><em>de</em></span> 
     </span>
     <span class='ocr_line' id='line_1_72' title="bbox 440 4132 1991 4205; baseline 0 -19"><span class='ocrx_word' id='word_1_545' title='bbox 440 4132 592 4187; x_wconf 91' lang='lat' dir='ltr'><em>bello</em></span> <span class='ocrx_word' id='word_1_546' title='bbox 617 4132 814 4187; x_wconf 85' lang='lat' dir='ltr'><em>Indico</em></span> <span class='ocrx_word' id='word_1_547' title='bbox 846 4150 917 4187; x_wconf 92' lang='lat' dir='ltr'><em>ne</em></span> <span class='ocrx_word' id='word_1_548' title='bbox 937 4132 1115 4187; x_wconf 76' lang='lat' dir='ltr'><em>verbo</em></span> <span class='ocrx_word' id='word_1_549' title='bbox 1138 4132 1370 4205; x_wconf 89' lang='lat' dir='ltr'><em>quidem</em></span> <span class='ocrx_word' id='word_1_550' title='bbox 1393 4132 1633 4187; x_wconf 89' lang='lat' dir='ltr'><em>monuit.</em></span> <span class='ocrx_word' id='word_1_551' title='bbox 1664 4132 1869 4186; x_wconf 85' lang='lat' dir='ltr'><em>Mirum</em></span> <span class='ocrx_word' id='word_1_552' title='bbox 1893 4150 1991 4187; x_wconf 88' lang='lat' dir='ltr'><em>au-</em></span> 
     </span>
    </p>
   </div>
   <div class='ocr_carea' id='block_1_12' title="bbox 2079 4039 3636 4247">
    <p class='ocr_par' dir='ltr' id='par_1_13' title="bbox 2079 4039 3636 4247">
     <span class='ocr_line' id='line_1_73' title="bbox 2084 4039 3634 4106; baseline -0.003 -13"><span class='ocrx_word' id='word_1_553' title='bbox 2084 4042 2351 4106; x_wconf 72' lang='lat' dir='ltr'><em>Camboqts</em></span> <span class='ocrx_word' id='word_1_554' title='bbox 2368 4079 2383 4103; x_wconf 89' lang='lat'><em>,</em></span> <span class='ocrx_word' id='word_1_555' title='bbox 2443 4045 2640 4098; x_wconf 78' lang='lat' dir='ltr'><em>Persis,</em></span> <span class='ocrx_word' id='word_1_556' title='bbox 2703 4043 2998 4091; x_wconf 74' lang='lat' dir='ltr'><em>Bactrianis</em></span> <span class='ocrx_word' id='word_1_557' title='bbox 3035 4041 3318 4103; x_wconf 73' lang='lat' dir='ltr'><em>ceterisque</em></span> <span class='ocrx_word' id='word_1_558' title='bbox 3368 4039 3634 4090; x_wconf 72' lang='lat' dir='ltr'><em>chanam-</em></span> 
     </span>
     <span class='ocr_line' id='line_1_74' title="bbox 2079 4108 3636 4177; baseline -0.003 -13"><span class='ocrx_word' id='word_1_559' title='bbox 2079 4115 2254 4177; x_wconf 71' lang='lat' dir='ltr'><em>auptoe</em></span> <span class='ocrx_word' id='word_1_560' title='bbox 2270 4116 2320 4163; x_wconf 82' lang='lat' dir='ltr'><em>et</em></span> <span class='ocrx_word' id='word_1_561' title='bbox 2337 4115 2468 4175; x_wconf 74' lang='lat' dir='ltr'><em>reyis</em></span> <span class='ocrx_word' id='word_1_562' title='bbox 2491 4116 2757 4175; x_wconf 69' lang='lat' dir='ltr'><em>reqionum</em></span> <span class='ocrx_word' id='word_1_563' title='bbox 2775 4114 3148 4161; x_wconf 76' lang='lat' dir='ltr'><em>montanorum</em></span> <span class='ocrx_word' id='word_1_564' title='bbox 3183 4113 3338 4173; x_wconf 74' lang='lat' dir='ltr'><em>copiis</em></span> <span class='ocrx_word' id='word_1_565' title='bbox 3370 4108 3636 4159; x_wconf 79' lang='lat' dir='ltr'><em>undecun-</em></span> 
     </span>
     <span class='ocr_line' id='line_1_75' title="bbox 2083 4180 3636 4247; baseline -0.003 -15"><span class='ocrx_word' id='word_1_566' title='bbox 2083 4196 2179 4247; x_wconf 79' lang='lat' dir='ltr'><em>que</em></span> <span class='ocrx_word' id='word_1_567' title='bbox 2195 4186 2524 4232; x_wconf 80' lang='lat' dir='ltr'><em>circumsessa</em></span> <span class='ocrx_word' id='word_1_568' title='bbox 2544 4182 2668 4231; x_wconf 82' lang='lat' dir='ltr'><em>urbs</em></span> <span class='ocrx_word' id='word_1_569' title='bbox 2697 4184 3075 4244; x_wconf 79' lang='lat' dir='ltr'><em>Cusumapura,</em></span> <span class='ocrx_word' id='word_1_570' title='bbox 3095 4182 3128 4228; x_wconf 84' lang='lat'><em>1.</em></span> <span class='ocrx_word' id='word_1_571' title='bbox 3149 4193 3193 4229; x_wconf 86' lang='lat' dir='ltr'><em>e.</em></span> <span class='ocrx_word' id='word_1_572' title='bbox 3219 4180 3529 4242; x_wconf 51' lang='lat' dir='ltr'><em>Pataliputrffi</em></span> <span class='ocrx_word' id='word_1_573' title='bbox 3550 4182 3636 4229; x_wconf 78' lang='lat' dir='ltr'><em>Pa·</em></span> 
     </span>
    </p>
   </div>
   <div class='ocr_carea' id='block_1_13' title="bbox 442 4220 3638 4383">
    <p class='ocr_par' dir='ltr' id='par_1_14' title="bbox 442 4220 3638 4383">
     <span class='ocr_line' id='line_1_76' title="bbox 448 4220 3634 4312; baseline -0.001 -38"><span class='ocrx_word' id='word_1_574' title='bbox 448 4231 559 4274; x_wconf 89' lang='lat' dir='ltr'><em>tem</em></span> <span class='ocrx_word' id='word_1_575' title='bbox 587 4220 733 4275; x_wconf 79' lang='lat' dir='ltr'><em>foret</em></span> <span class='ocrx_word' id='word_1_576' title='bbox 762 4232 873 4275; x_wconf 87' lang='lat' dir='ltr'><em>tam</em></span> <span class='ocrx_word' id='word_1_577' title='bbox 895 4221 1079 4275; x_wconf 87' lang='lat' dir='ltr'><em>obiter</em></span> <span class='ocrx_word' id='word_1_578' title='bbox 1110 4238 1144 4275; x_wconf 91' lang='lat' dir='ltr'><em>a</em></span> <span class='ocrx_word' id='word_1_579' title='bbox 1163 4220 1394 4292; x_wconf 88' lang='lat' dir='ltr'><em>reliquis</em></span> <span class='ocrx_word' id='word_1_580' title='bbox 1415 4238 1605 4275; x_wconf 88' lang='lat' dir='ltr'><em>rerum</em></span> <span class='ocrx_word' id='word_1_581' title='bbox 1627 4220 1993 4292; x_wconf 85' lang='lat' dir='ltr'><em>scriptoribus</em></span> <span class='ocrx_word' id='word_1_582' title='bbox 2085 4251 2360 4303; x_wconf 57' lang='lat' dir='ltr'><strong>limbotbm·</strong></span> <span class='ocrx_word' id='word_1_583' title='bbox 2377 4271 2403 4296; x_wconf 44' lang='grc' dir='ltr'><strong>υ</strong></span> <span class='ocrx_word' id='word_1_584' title='bbox 2424 4254 2484 4302; x_wconf 65' lang='lat' dir='ltr'><em>At</em></span> <span class='ocrx_word' id='word_1_585' title='bbox 2508 4270 2534 4296; x_wconf 54' lang='grc' dir='ltr'>ι</span> <span class='ocrx_word' id='word_1_586' title='bbox 2555 4251 2890 4302; x_wconf 53' lang='lat' dir='ltr'><em>mmmm</em></span> <span class='ocrx_word' id='word_1_587' title='bbox 2919 4249 3353 4311; x_wconf 59' lang='lat' dir='ltr'>(Schwauboeffius</span> <span class='ocrx_word' id='word_1_588' title='bbox 3372 4263 3421 4312; x_wconf 49' lang='lat' dir='ltr'><em>p·</em></span> <span class='ocrx_word' id='word_1_589' title='bbox 3449 4253 3502 4299; x_wconf 64' lang='lat'><em>¹3</em></span> <span class='ocrx_word' id='word_1_590' title='bbox 3522 4248 3634 4312; x_wconf 53' lang='lat' dir='ltr'><strong>ait),</strong></span> 
     </span>
     <span class='ocr_line' id='line_1_77' title="bbox 442 4306 3638 4383; baseline -0.004 -2"><span class='ocrx_word' id='word_1_591' title='bbox 442 4306 861 4380; x_wconf 59' lang='lat' dir='ltr'><em>expeditionem</em></span> <span class='ocrx_word' id='word_1_592' title='bbox 888 4309 1044 4363; x_wconf 64' lang='lat' dir='ltr'><em>istam</em></span> <span class='ocrx_word' id='word_1_593' title='bbox 1082 4308 1310 4382; x_wconf 62' lang='lat' dir='ltr'><em>affingi»</em></span> <span class='ocrx_word' id='word_1_594' title='bbox 1339 4308 1385 4362; x_wconf 65' lang='lat' dir='ltr'><em>Si</em></span> <span class='ocrx_word' id='word_1_595' title='bbox 1409 4324 1608 4361; x_wconf 57' lang='lat' dir='ltr'><strong>verum</strong></span> <span class='ocrx_word' id='word_1_596' title='bbox 1643 4317 1810 4377; x_wconf 56' lang='lat'><em>⁸5²²»</em></span> <span class='ocrx_word' id='word_1_597' title='bbox 1838 4306 1994 4380; x_wconf 66' lang='grc' dir='ltr'>(111οᾶ</span> <span class='ocrx_word' id='word_1_598' title='bbox 2084 4324 2122 4373; x_wconf 84' lang='lat' dir='ltr'><em>si</em></span> <span class='ocrx_word' id='word_1_599' title='bbox 2172 4320 2372 4371; x_wconf 79' lang='lat' dir='ltr'><em>Vilsonii</em></span> <span class='ocrx_word' id='word_1_600' title='bbox 2422 4323 2753 4371; x_wconf 82' lang='lat' dir='ltr'><em>auctoritatem</em></span> <span class='ocrx_word' id='word_1_601' title='bbox 2793 4321 3035 4383; x_wconf 75' lang='lat' dir='ltr'><em>sequariS,</em></span> <span class='ocrx_word' id='word_1_602' title='bbox 3075 4321 3251 4369; x_wconf 79' lang='lat' dir='ltr'><em>saeculo</em></span> <span class='ocrx_word' id='word_1_603' title='bbox 3294 4318 3481 4368; x_wconf 85' lang='lat' dir='ltr'><em>decimo</em></span> <span class='ocrx_word' id='word_1_604' title='bbox 3531 4321 3638 4380; x_wconf 81' lang='lat' dir='ltr'><em>post</em></span> 
     </span>
    </p>
   </div>
   <div class='ocr_carea' id='block_1_14' title="bbox 346 4468 2002 5232">
    <p class='ocr_par' dir='ltr' id='par_1_15' title="bbox 346 4468 2002 5232">
     <span class='ocr_line' id='line_1_78' title="bbox 509 4468 1997 4533; baseline 0 -14"><span class='ocrx_word' id='word_1_605' title='bbox 509 4468 570 4533; x_wconf 63' lang='lat'>(³⁹¹)</span> <span class='ocrx_word' id='word_1_606' title='bbox 594 4471 814 4521; x_wconf 81' lang='lat' dir='ltr'><em>Proxime</em></span> <span class='ocrx_word' id='word_1_607' title='bbox 834 4471 893 4520; x_wconf 84' lang='lat' dir='ltr'><em>ad</em></span> <span class='ocrx_word' id='word_1_608' title='bbox 922 4471 1131 4532; x_wconf 74' lang='lat' dir='ltr'><em>Pralcjae</em></span> <span class='ocrx_word' id='word_1_609' title='bbox 1156 4470 1220 4530; x_wconf 86' lang='lat' dir='ltr'><em>(i.</em></span> <span class='ocrx_word' id='word_1_610' title='bbox 1255 4484 1300 4521; x_wconf 89' lang='lat' dir='ltr'><em>e.</em></span> <span class='ocrx_word' id='word_1_611' title='bbox 1330 4468 1634 4533; x_wconf 79' lang='lat' dir='ltr'><em>orientales)</em></span> <span class='ocrx_word' id='word_1_612' title='bbox 1669 4482 1843 4519; x_wconf 88' lang='lat' dir='ltr'><em>nomen</em></span> <span class='ocrx_word' id='word_1_613' title='bbox 1879 4469 1997 4519; x_wconf 82' lang='lat' dir='ltr'><em>indi·</em></span> 
     </span>
     <span class='ocr_line' id='line_1_79' title="bbox 446 4539 1998 4604; baseline 0.001 -17"><span class='ocrx_word' id='word_1_614' title='bbox 446 4553 561 4591; x_wconf 85' lang='lat' dir='ltr'><em>cum</em></span> <span class='ocrx_word' id='word_1_615' title='bbox 608 4539 791 4589; x_wconf 80' lang='lat' dir='ltr'><em>accedit</em></span> <span class='ocrx_word' id='word_1_616' title='bbox 833 4540 1122 4602; x_wconf 68' lang='lat' dir='ltr'><em>adjectivum</em></span> <span class='ocrx_word' id='word_1_617' title='bbox 1160 4541 1418 4604; x_wconf 79' lang='grc' dir='ltr'>Πραξιακός</span> <span class='ocrx_word' id='word_1_618' title='bbox 1463 4553 1539 4604; x_wconf 81' lang='lat' dir='ltr'><em>ap.</em></span> <span class='ocrx_word' id='word_1_619' title='bbox 1586 4540 1758 4590; x_wconf 78' lang='lat' dir='ltr'><em>AElian.</em></span> <span class='ocrx_word' id='word_1_620' title='bbox 1807 4542 1867 4590; x_wconf 81' lang='grc' dir='ltr'>Η.</span> <span class='ocrx_word' id='word_1_621' title='bbox 1906 4548 1998 4593; x_wconf 75' lang='lat' dir='ltr'><em>An.</em></span> 
     </span>
     <span class='ocr_line' id='line_1_80' title="bbox 450 4609 1999 4672; baseline 0 -15"><span class='ocrx_word' id='word_1_622' title='bbox 450 4611 604 4657; x_wconf 78' lang='lat' dir='ltr'><em>xvii!</em></span> <span class='ocrx_word' id='word_1_623' title='bbox 622 4645 636 4668; x_wconf 88' lang='lat'><em>,</em></span> <span class='ocrx_word' id='word_1_624' title='bbox 664 4613 725 4658; x_wconf 82' lang='grc'><em>39</em></span> <span class='ocrx_word' id='word_1_625' title='bbox 749 4609 1065 4672; x_wconf 76' lang='lat' dir='ltr'><em>(Megasthen.</em></span> <span class='ocrx_word' id='word_1_626' title='bbox 1091 4611 1147 4660; x_wconf 76' lang='lat' dir='ltr'><em>ir.</em></span> <span class='ocrx_word' id='word_1_627' title='bbox 1180 4614 1231 4660; x_wconf 82' lang='lat'><em>11</em></span> <span class='ocrx_word' id='word_1_628' title='bbox 1264 4609 1394 4671; x_wconf 84' lang='lat' dir='ltr'><em>init).</em></span> <span class='ocrx_word' id='word_1_629' title='bbox 1434 4613 1621 4659; x_wconf 84' lang='lat' dir='ltr'><em>Nomen</em></span> <span class='ocrx_word' id='word_1_630' title='bbox 1650 4609 1999 4659; x_wconf 76' lang='lat' dir='ltr'><em>substantivum</em></span> 
     </span>
     <span class='ocr_line' id='line_1_81' title="bbox 450 4678 1996 4742; baseline -0.001 -16"><span class='ocrx_word' id='word_1_631' title='bbox 450 4680 568 4727; x_wconf 67' lang='lat' dir='ltr'><em>foret</em></span> <span class='ocrx_word' id='word_1_632' title='bbox 591 4678 794 4742; x_wconf 77' lang='grc' dir='ltr'>ΙΙράξιοι,</span> <span class='ocrx_word' id='word_1_633' title='bbox 820 4679 962 4742; x_wconf 87' lang='lat' dir='ltr'><em>idque</em></span> <span class='ocrx_word' id='word_1_634' title='bbox 984 4680 1384 4731; x_wconf 78' lang='lat' dir='ltr'><em>schwanbeckius</em></span> <span class='ocrx_word' id='word_1_635' title='bbox 1400 4680 1744 4741; x_wconf 78' lang='lat' dir='ltr'><em>(Megasthenis</em></span> <span class='ocrx_word' id='word_1_636' title='bbox 1764 4678 1925 4728; x_wconf 83' lang='lat' dir='ltr'><em>Indica</em></span> <span class='ocrx_word' id='word_1_637' title='bbox 1949 4692 1996 4741; x_wconf 87' lang='lat' dir='ltr'><em>p.</em></span> 
     </span>
     <span class='ocr_line' id='line_1_82' title="bbox 346 4749 1999 4812; baseline 0.001 -16"><span class='ocrx_word' id='word_1_638' title='bbox 346 4792 356 4811; x_wconf 76' lang='grc'>,</span> <span class='ocrx_word' id='word_1_639' title='bbox 456 4749 537 4810; x_wconf 72' lang='grc'><em>12)</em></span> <span class='ocrx_word' id='word_1_640' title='bbox 555 4749 863 4810; x_wconf 80' lang='lat' dir='ltr'><em>probabiliter</em></span> <span class='ocrx_word' id='word_1_641' title='bbox 886 4753 1048 4799; x_wconf 84' lang='lat' dir='ltr'><em>censet</em></span> <span class='ocrx_word' id='word_1_642' title='bbox 1078 4749 1427 4800; x_wconf 58' lang='lat' dir='ltr'><em>restituendum</em></span> <span class='ocrx_word' id='word_1_643' title='bbox 1468 4764 1569 4799; x_wconf 79' lang='lat' dir='ltr'><em>esse</em></span> <span class='ocrx_word' id='word_1_644' title='bbox 1594 4762 1670 4812; x_wconf 86' lang='lat' dir='ltr'><em>ap.</em></span> <span class='ocrx_word' id='word_1_645' title='bbox 1707 4750 1999 4811; x_wconf 81' lang='lat' dir='ltr'><em>Stephanum</em></span> 
     </span>
     <span class='ocr_line' id='line_1_83' title="bbox 449 4817 2001 4884; baseline 0.001 -18"><span class='ocrx_word' id='word_1_646' title='bbox 449 4819 588 4879; x_wconf 69' lang='lat' dir='ltr'><em>Byz„</em></span> <span class='ocrx_word' id='word_1_647' title='bbox 624 4817 708 4866; x_wconf 84' lang='lat' dir='ltr'><em>ubi</em></span> <span class='ocrx_word' id='word_1_648' title='bbox 742 4817 930 4868; x_wconf 74' lang='lat' dir='ltr'><em>codices</em></span> <span class='ocrx_word' id='word_1_649' title='bbox 963 4819 1088 4869; x_wconf 89' lang='lat' dir='ltr'><em>inter</em></span> <span class='ocrx_word' id='word_1_650' title='bbox 1116 4830 1259 4868; x_wconf 67' lang='lat' dir='ltr'><em>voces</em></span> <span class='ocrx_word' id='word_1_651' title='bbox 1293 4819 1512 4883; x_wconf 79' lang='grc' dir='ltr'>Πράξιλος</span> <span class='ocrx_word' id='word_1_652' title='bbox 1548 4821 1599 4869; x_wconf 86' lang='lat' dir='ltr'><em>et</em></span> <span class='ocrx_word' id='word_1_653' title='bbox 1632 4823 1757 4884; x_wconf 80' lang='grc' dir='ltr'>Πρᾶς</span> <span class='ocrx_word' id='word_1_654' title='bbox 1797 4819 2001 4869; x_wconf 85' lang='lat' dir='ltr'><em>mediam</em></span> 
     </span>
     <span class='ocr_line' id='line_1_84' title="bbox 447 4886 2002 4953; baseline 0.003 -17"><span class='ocrx_word' id='word_1_655' title='bbox 447 4887 676 4937; x_wconf 74' lang='lat' dir='ltr'><em>exhibent</em></span> <span class='ocrx_word' id='word_1_656' title='bbox 694 4901 860 4938; x_wconf 81' lang='lat' dir='ltr'><em>vocem</em></span> <span class='ocrx_word' id='word_1_657' title='bbox 882 4888 1095 4950; x_wconf 79' lang='grc' dir='ltr'>Πράσιοι.</span> <span class='ocrx_word' id='word_1_658' title='bbox 1117 4891 1342 4939; x_wconf 78' lang='lat' dir='ltr'><em>Ceterum</em></span> <span class='ocrx_word' id='word_1_659' title='bbox 1363 4886 1561 4953; x_wconf 68' lang='grc' dir='ltr'>Πρίσιοι</span> <span class='ocrx_word' id='word_1_660' title='bbox 1579 4887 1848 4940; x_wconf 87' lang='lat' dir='ltr'><em>dicuntura</em></span> <span class='ocrx_word' id='word_1_661' title='bbox 1868 4891 2002 4940; x_wconf 80' lang='lat' dir='ltr'><em>Stra·</em></span> 
     </span>
     <span class='ocr_line' id='line_1_85' title="bbox 452 4953 2002 5020; baseline 0.004 -19"><span class='ocrx_word' id='word_1_662' title='bbox 452 4953 577 5003; x_wconf 86' lang='lat' dir='ltr'><em>bone</em></span> <span class='ocrx_word' id='word_1_663' title='bbox 593 4992 608 5015; x_wconf 90' lang='lat'><em>,</em></span> <span class='ocrx_word' id='word_1_664' title='bbox 629 4956 856 5017; x_wconf 78' lang='lat' dir='ltr'><em>Arriano,</em></span> <span class='ocrx_word' id='word_1_665' title='bbox 881 4957 1061 5016; x_wconf 76' lang='lat' dir='ltr'><em>Plini03</em></span> <span class='ocrx_word' id='word_1_666' title='bbox 1088 4958 1304 5020; x_wconf 77' lang='grc' dir='ltr'>Πραίσιοι</span> <span class='ocrx_word' id='word_1_667' title='bbox 1329 4970 1410 5019; x_wconf 79' lang='lat' dir='ltr'><em>ap.</em></span> <span class='ocrx_word' id='word_1_668' title='bbox 1431 4957 1675 5008; x_wconf 81' lang='lat' dir='ltr'><em>Plutarch.</em></span> <span class='ocrx_word' id='word_1_669' title='bbox 1697 4958 1833 5008; x_wconf 69' lang='lat' dir='ltr'><em>Alex.</em></span> <span class='ocrx_word' id='word_1_670' title='bbox 1862 4971 1908 5007; x_wconf 89' lang='lat' dir='ltr'><em>c.</em></span> <span class='ocrx_word' id='word_1_671' title='bbox 1942 4966 2002 5008; x_wconf 78' lang='lat'><em>62</em></span> 
     </span>
     <span class='ocr_line' id='line_1_86' title="bbox 452 5025 2002 5091; baseline 0.006 -21"><span class='ocrx_word' id='word_1_672' title='bbox 452 5025 502 5070; x_wconf 86' lang='lat' dir='ltr'><em>et</em></span> <span class='ocrx_word' id='word_1_673' title='bbox 534 5025 773 5075; x_wconf 81' lang='lat' dir='ltr'><em>AElianum</em></span> <span class='ocrx_word' id='word_1_674' title='bbox 814 5026 1015 5088; x_wconf 76' lang='lat' dir='ltr'><em>soepius3</em></span> <span class='ocrx_word' id='word_1_675' title='bbox 1042 5027 1317 5091; x_wconf 70' lang='grc' dir='ltr'>Πραΰσιοια</span> <span class='ocrx_word' id='word_1_676' title='bbox 1350 5027 1544 5078; x_wconf 77' lang='lat' dir='ltr'><em>Nicolao</em></span> <span class='ocrx_word' id='word_1_677' title='bbox 1578 5032 1713 5081; x_wconf 81' lang='lat' dir='ltr'><em>Dam.</em></span> <span class='ocrx_word' id='word_1_678' title='bbox 1750 5041 1826 5091; x_wconf 83' lang='lat' dir='ltr'><em>ap.</em></span> <span class='ocrx_word' id='word_1_679' title='bbox 1866 5029 2002 5079; x_wconf 72' lang='lat' dir='ltr'><em>stol».</em></span> 
     </span>
     <span class='ocr_line' id='line_1_87' title="bbox 458 5093 1999 5161; baseline 0.006 -23"><span class='ocrx_word' id='word_1_680' title='bbox 458 5093 613 5142; x_wconf 83' lang='lat' dir='ltr'><em>Floril.</em></span> <span class='ocrx_word' id='word_1_681' title='bbox 632 5098 689 5143; x_wconf 79' lang='lat'><em>37</em></span> <span class='ocrx_word' id='word_1_682' title='bbox 709 5131 724 5156; x_wconf 88' lang='lat'>‚</span> <span class='ocrx_word' id='word_1_683' title='bbox 743 5100 802 5145; x_wconf 76' lang='grc'><em>38</em></span> <span class='ocrx_word' id='word_1_684' title='bbox 819 5111 835 5156; x_wconf 77' lang='lat'><em>3</em></span> <span class='ocrx_word' id='word_1_685' title='bbox 854 5096 1055 5160; x_wconf 81' lang='grc' dir='ltr'>Βρεὶσιοι</span> <span class='ocrx_word' id='word_1_686' title='bbox 1089 5099 1137 5146; x_wconf 84' lang='lat' dir='ltr'><em>et</em></span> <span class='ocrx_word' id='word_1_687' title='bbox 1173 5096 1382 5161; x_wconf 82' lang='grc' dir='ltr'>Βραίσιοι</span> <span class='ocrx_word' id='word_1_688' title='bbox 1405 5097 1515 5147; x_wconf 84' lang='lat' dir='ltr'><em>libri</em></span> <span class='ocrx_word' id='word_1_689' title='bbox 1534 5111 1647 5148; x_wconf 78' lang='lat' dir='ltr'><em>mss.</em></span> <span class='ocrx_word' id='word_1_690' title='bbox 1683 5111 1760 5161; x_wconf 81' lang='lat' dir='ltr'><em>ap.</em></span> <span class='ocrx_word' id='word_1_691' title='bbox 1805 5098 1999 5147; x_wconf 79' lang='lat' dir='ltr'><em>Diodor-</em></span> 
     </span>
     <span class='ocr_line' id='line_1_88' title="bbox 456 5161 2001 5232; baseline 0.005 -24"><span class='ocrx_word' id='word_1_692' title='bbox 456 5161 618 5222; x_wconf 80' lang='lat' dir='ltr'><em>xvtt‚</em></span> <span class='ocrx_word' id='word_1_693' title='bbox 646 5167 740 5223; x_wconf 72' lang='lat'><em>9³3</em></span> <span class='ocrx_word' id='word_1_694' title='bbox 762 5164 1041 5216; x_wconf 66' lang='lat' dir='ltr'><em>Phar-rasit</em></span> <span class='ocrx_word' id='word_1_695' title='bbox 1060 5180 1138 5229; x_wconf 84' lang='lat' dir='ltr'><em>ap.</em></span> <span class='ocrx_word' id='word_1_696' title='bbox 1155 5169 1292 5219; x_wconf 86' lang='lat' dir='ltr'><em>curt.</em></span> <span class='ocrx_word' id='word_1_697' title='bbox 1327 5170 1421 5230; x_wconf 77' lang='lat' dir='ltr'><em>lx,</em></span> <span class='ocrx_word' id='word_1_698' title='bbox 1444 5173 1505 5232; x_wconf 84' lang='lat'><em>2,</em></span> <span class='ocrx_word' id='word_1_699' title='bbox 1539 5174 1595 5231; x_wconf 73' lang='lat'><em>³3</em></span> <span class='ocrx_word' id='word_1_700' title='bbox 1636 5167 1891 5219; x_wconf 77' lang='lat' dir='ltr'><em>Proesidoe</em></span> <span class='ocrx_word' id='word_1_701' title='bbox 1925 5181 2001 5231; x_wconf 82' lang='lat' dir='ltr'><em>ap.</em></span> 
     </span>
    </p>
   </div>
   <div class='ocr_carea' id='block_1_15' title="bbox 458 5231 891 5297">
    <p class='ocr_par' dir='ltr' id='par_1_16' title="bbox 458 5231 891 5297">
     <span class='ocr_line' id='line_1_89' title="bbox 458 5231 891 5297; baseline 0.014 -18"><span class='ocrx_word' id='word_1_702' title='bbox 458 5231 629 5281; x_wconf 79' lang='lat' dir='ltr'><em>sustin.</em></span> <span class='ocrx_word' id='word_1_703' title='bbox 650 5235 759 5297; x_wconf 81' lang='grc' dir='ltr'>ΧΙΙ,</span> <span class='ocrx_word' id='word_1_704' title='bbox 779 5240 824 5285; x_wconf 86' lang='grc'>8.</span> <span class='ocrx_word' id='word_1_705' title='bbox 843 5240 891 5285; x_wconf 81' lang='grc'>9.</span> 
     </span>
    </p>
   </div>
   <div class='ocr_carea' id='block_1_16' title="bbox 2038 4446 2051 4845">
    <p class='ocr_par' dir='ltr' id='par_1_17' title="bbox 2038 4446 2051 4845">
     <span class='ocr_line' id='line_1_90' title="bbox 2038 4446 2051 4845; baseline 0 1071"><span class='ocrx_word' id='word_1_706' title='bbox 2038 4446 2051 4845; x_wconf 95' lang='lat' dir='ltr'><em> </em></span> 
     </span>
    </p>
   </div>
   <div class='ocr_carea' id='block_1_17' title="bbox 2044 4858 2054 5207">
    <p class='ocr_par' dir='ltr' id='par_1_18' title="bbox 2044 4858 2054 5207">
     <span class='ocr_line' id='line_1_91' title="bbox 2044 4858 2054 5207; baseline 0 709"><span class='ocrx_word' id='word_1_707' title='bbox 2044 4858 2054 5207; x_wconf 95' lang='lat' dir='ltr'><em> </em></span> 
     </span>
    </p>
   </div>
   <div class='ocr_carea' id='block_1_18' title="bbox 2038 4389 3638 4455">
    <p class='ocr_par' dir='ltr' id='par_1_19' title="bbox 2038 4389 3638 4455">
     <span class='ocr_line' id='line_1_92' title="bbox 2038 4389 3638 4455; baseline -0.004 -12"><span class='ocrx_word' id='word_1_708' title='bbox 2038 4420 2046 4443; x_wconf 74' lang='grc' dir='ltr'>ι</span> <span class='ocrx_word' id='word_1_709' title='bbox 2085 4392 2328 4444; x_wconf 86' lang='lat' dir='ltr'><em>Christum</em></span> <span class='ocrx_word' id='word_1_710' title='bbox 2345 4393 2520 4455; x_wconf 80' lang='lat' dir='ltr'><em>scripta</em></span> <span class='ocrx_word' id='word_1_711' title='bbox 2538 4396 2609 4443; x_wconf 72' lang='lat' dir='ltr'><em>est</em></span> <span class='ocrx_word' id='word_1_712' title='bbox 2621 4430 2636 4455; x_wconf 89' lang='lat'><em>,</em></span> <span class='ocrx_word' id='word_1_713' title='bbox 2660 4393 2827 4442; x_wconf 80' lang='lat' dir='ltr'><em>decem</em></span> <span class='ocrx_word' id='word_1_714' title='bbox 2846 4396 2972 4440; x_wconf 84' lang='lat' dir='ltr'><em>certe</em></span> <span class='ocrx_word' id='word_1_715' title='bbox 2991 4389 3183 4440; x_wconf 64' lang='lat' dir='ltr'><em>seculis</em></span> <span class='ocrx_word' id='word_1_716' title='bbox 3217 4393 3324 4452; x_wconf 82' lang='lat' dir='ltr'><em>post</em></span> <span class='ocrx_word' id='word_1_717' title='bbox 3349 4389 3533 4439; x_wconf 80' lang='lat' dir='ltr'><em>Seleuci</em></span> <span class='ocrx_word' id='word_1_718' title='bbox 3549 4402 3638 4438; x_wconf 79' lang='lat' dir='ltr'><em>ex·</em></span> 
     </span>
    </p>
   </div>
   <div class='ocr_carea' id='block_1_19' title="bbox 2088 4457 3644 5230">
    <p class='ocr_par' dir='ltr' id='par_1_20' title="bbox 2088 4457 3644 5230">
     <span class='ocr_line' id='line_1_93' title="bbox 2088 4457 3636 4526; baseline -0.004 -13"><span class='ocrx_word' id='word_1_719' title='bbox 2088 4463 2393 4526; x_wconf 84' lang='lat' dir='ltr'><em>peditionem.</em></span> <span class='ocrx_word' id='word_1_720' title='bbox 2417 4466 2611 4526; x_wconf 84' lang='lat' dir='ltr'><em>ltaque,</em></span> <span class='ocrx_word' id='word_1_721' title='bbox 2630 4475 2781 4526; x_wconf 87' lang='lat' dir='ltr'><em>quum</em></span> <span class='ocrx_word' id='word_1_722' title='bbox 2805 4475 2866 4512; x_wconf 90' lang='lat' dir='ltr'><em>ne</em></span> <span class='ocrx_word' id='word_1_723' title='bbox 2887 4461 3189 4511; x_wconf 81' lang='lat' dir='ltr'><em>historiarum</em></span> <span class='ocrx_word' id='word_1_724' title='bbox 3203 4460 3400 4522; x_wconf 85' lang='lat' dir='ltr'><em>quidem</em></span> <span class='ocrx_word' id='word_1_725' title='bbox 3424 4457 3533 4508; x_wconf 86' lang='lat' dir='ltr'><em>libri</em></span> <span class='ocrx_word' id='word_1_726' title='bbox 3555 4462 3636 4509; x_wconf 86' lang='lat' dir='ltr'><em>ln-</em></span> 
     </span>
     <span class='ocr_line' id='line_1_94' title="bbox 2088 4533 3635 4600; baseline -0.002 -13"><span class='ocrx_word' id='word_1_727' title='bbox 2088 4537 2182 4587; x_wconf 88' lang='lat' dir='ltr'><em>dici</em></span> <span class='ocrx_word' id='word_1_728' title='bbox 2191 4538 2402 4600; x_wconf 84' lang='lat' dir='ltr'><em>aliquam</em></span> <span class='ocrx_word' id='word_1_729' title='bbox 2412 4537 2461 4586; x_wconf 87' lang='lat' dir='ltr'><em>in</em></span> <span class='ocrx_word' id='word_1_730' title='bbox 2476 4536 2672 4587; x_wconf 86' lang='lat' dir='ltr'><em>historia</em></span> <span class='ocrx_word' id='word_1_731' title='bbox 2681 4537 3013 4587; x_wconf 82' lang='lat' dir='ltr'><em>auctoritatem</em></span> <span class='ocrx_word' id='word_1_732' title='bbox 3025 4536 3248 4595; x_wconf 78' lang='lat' dir='ltr'><em>habeant,</em></span> <span class='ocrx_word' id='word_1_733' title='bbox 3258 4534 3376 4598; x_wconf 84' lang='lat' dir='ltr'><em>quid</em></span> <span class='ocrx_word' id='word_1_734' title='bbox 3386 4533 3635 4584; x_wconf 78' lang='lat' dir='ltr'><em>comoediae</em></span> 
     </span>
     <span class='ocr_line' id='line_1_95' title="bbox 2088 4602 3640 4668; baseline -0.003 -10"><span class='ocrx_word' id='word_1_735' title='bbox 2088 4609 2433 4667; x_wconf 84' lang='lat' dir='ltr'><em>demonstrent,</em></span> <span class='ocrx_word' id='word_1_736' title='bbox 2454 4609 2559 4668; x_wconf 85' lang='lat' dir='ltr'><em>post</em></span> <span class='ocrx_word' id='word_1_737' title='bbox 2578 4607 2728 4655; x_wconf 74' lang='lat' dir='ltr'><em>multa</em></span> <span class='ocrx_word' id='word_1_738' title='bbox 2745 4605 2921 4655; x_wconf 68' lang='lat' dir='ltr'><em>saecula</em></span> <span class='ocrx_word' id='word_1_739' title='bbox 2948 4605 3259 4666; x_wconf 67' lang='lat' dir='ltr'><em>conscriptae?</em></span> <span class='ocrx_word' id='word_1_740' title='bbox 3278 4608 3492 4665; x_wconf 57' lang='lat' dir='ltr'><em>savants,</em></span> <span class='ocrx_word' id='word_1_741' title='bbox 3508 4602 3640 4665; x_wconf 83' lang='lat' dir='ltr'><em>quod</em></span> 
     </span>
     <span class='ocr_line' id='line_1_96' title="bbox 2090 4676 3640 4739; baseline -0.001 -15"><span class='ocrx_word' id='word_1_742' title='bbox 2090 4676 2285 4737; x_wconf 76' lang='lat' dir='ltr'><em>quidem</em></span> <span class='ocrx_word' id='word_1_743' title='bbox 2329 4677 2591 4739; x_wconf 82' lang='lat' dir='ltr'><em>posteriore</em></span> <span class='ocrx_word' id='word_1_744' title='bbox 2631 4679 2842 4739; x_wconf 87' lang='lat' dir='ltr'><em>tempore</em></span> <span class='ocrx_word' id='word_1_745' title='bbox 2873 4676 3017 4724; x_wconf 81' lang='lat' dir='ltr'><em>etiam</em></span> <span class='ocrx_word' id='word_1_746' title='bbox 3053 4678 3328 4725; x_wconf 75' lang='lat' dir='ltr'><em>Graecorum</em></span> <span class='ocrx_word' id='word_1_747' title='bbox 3351 4678 3424 4725; x_wconf 83' lang='lat' dir='ltr'><em>est</em></span> <span class='ocrx_word' id='word_1_748' title='bbox 3463 4687 3640 4724; x_wconf 90' lang='lat' dir='ltr'><em>nomen</em></span> 
     </span>
     <span class='ocr_line' id='line_1_97' title="bbox 2094 4744 3639 4811; baseline -0.001 -15"><span class='ocrx_word' id='word_1_749' title='bbox 2094 4746 2334 4809; x_wconf 79' lang='lat' dir='ltr'><em>indicum,</em></span> <span class='ocrx_word' id='word_1_750' title='bbox 2347 4750 2559 4811; x_wconf 84' lang='lat' dir='ltr'><em>tempore</em></span> <span class='ocrx_word' id='word_1_751' title='bbox 2578 4746 2676 4809; x_wconf 79' lang='lat' dir='ltr'><em>jam</em></span> <span class='ocrx_word' id='word_1_752' title='bbox 2695 4746 3024 4809; x_wconf 81' lang='lat' dir='ltr'><em>antiquissimo</em></span> <span class='ocrx_word' id='word_1_753' title='bbox 3043 4759 3158 4808; x_wconf 81' lang='lat' dir='ltr'><em>gens</em></span> <span class='ocrx_word' id='word_1_754' title='bbox 3177 4744 3400 4808; x_wconf 75' lang='lat' dir='ltr'><em>quaedam</em></span> <span class='ocrx_word' id='word_1_755' title='bbox 3418 4746 3639 4796; x_wconf 85' lang='lat' dir='ltr'><em>nomina-</em></span> 
     </span>
     <span class='ocr_line' id='line_1_98' title="bbox 2092 4816 3640 4880; baseline 0 -13"><span class='ocrx_word' id='word_1_756' title='bbox 2092 4819 2192 4879; x_wconf 85' lang='lat' dir='ltr'><em>tur,</em></span> <span class='ocrx_word' id='word_1_757' title='bbox 2216 4830 2364 4879; x_wconf 87' lang='lat' dir='ltr'><em>quam</em></span> <span class='ocrx_word' id='word_1_758' title='bbox 2404 4816 2508 4867; x_wconf 86' lang='lat' dir='ltr'><em>tndi</em></span> <span class='ocrx_word' id='word_1_759' title='bbox 2530 4816 2579 4866; x_wconf 90' lang='lat' dir='ltr'><em>in</em></span> <span class='ocrx_word' id='word_1_760' title='bbox 2599 4818 2772 4867; x_wconf 82' lang='lat' dir='ltr'><em>tinibus</em></span> <span class='ocrx_word' id='word_1_761' title='bbox 2793 4817 2938 4868; x_wconf 73' lang='lat' dir='ltr'><em>ludite</em></span> <span class='ocrx_word' id='word_1_762' title='bbox 2958 4817 3081 4866; x_wconf 84' lang='lat' dir='ltr'><em>inter</em></span> <span class='ocrx_word' id='word_1_763' title='bbox 3111 4829 3333 4866; x_wconf 82' lang='lat' dir='ltr'><em>occasum</em></span> <span class='ocrx_word' id='word_1_764' title='bbox 3356 4818 3405 4867; x_wconf 85' lang='lat' dir='ltr'><em>et</em></span> <span class='ocrx_word' id='word_1_765' title='bbox 3439 4819 3640 4880; x_wconf 67' lang='lat' dir='ltr'><em>septan-</em></span> 
     </span>
     <span class='ocr_line' id='line_1_99' title="bbox 2093 4886 3641 4950; baseline 0.001 -13"><span class='ocrx_word' id='word_1_766' title='bbox 2093 4888 2297 4937; x_wconf 87' lang='lat' dir='ltr'><em>trionem</em></span> <span class='ocrx_word' id='word_1_767' title='bbox 2327 4888 2540 4938; x_wconf 74' lang='lat' dir='ltr'><em>habitare</em></span> <span class='ocrx_word' id='word_1_768' title='bbox 2571 4888 2850 4950; x_wconf 53' lang='lat' dir='ltr'><em>perhibeam</em></span> <span class='ocrx_word' id='word_1_769' title='bbox 2875 4889 3140 4950; x_wconf 84' lang='lat' dir='ltr'><em>eademque</em></span> <span class='ocrx_word' id='word_1_770' title='bbox 3167 4887 3264 4949; x_wconf 84' lang='lat' dir='ltr'><em>jam</em></span> <span class='ocrx_word' id='word_1_771' title='bbox 3287 4886 3414 4950; x_wconf 84' lang='lat' dir='ltr'><em>apud</em></span> <span class='ocrx_word' id='word_1_772' title='bbox 3445 4891 3641 4938; x_wconf 72' lang='lat' dir='ltr'><em>Manum</em></span> 
     </span>
     <span class='ocr_line' id='line_1_100' title="bbox 2094 4956 3642 5021; baseline 0.001 -15"><span class='ocrx_word' id='word_1_773' title='bbox 2094 4960 2156 5019; x_wconf 83' lang='lat' dir='ltr'><em>X,</em></span> <span class='ocrx_word' id='word_1_774' title='bbox 2178 4960 2236 5006; x_wconf 74' lang='lat'><em>44</em></span> <span class='ocrx_word' id='word_1_775' title='bbox 2263 4972 2357 5007; x_wconf 78' lang='lat' dir='ltr'><em>una</em></span> <span class='ocrx_word' id='word_1_776' title='bbox 2384 4971 2497 5007; x_wconf 90' lang='lat' dir='ltr'><em>cum</em></span> <span class='ocrx_word' id='word_1_777' title='bbox 2521 4958 2770 5020; x_wconf 72' lang='lat' dir='ltr'><em>Cammgis</em></span> <span class='ocrx_word' id='word_1_778' title='bbox 2784 4994 2800 5021; x_wconf 92' lang='lat'><em>,</em></span> <span class='ocrx_word' id='word_1_779' title='bbox 2823 4958 2980 5018; x_wconf 81' lang='lat' dir='ltr'><em>Sacis,</em></span> <span class='ocrx_word' id='word_1_780' title='bbox 3000 4956 3450 5021; x_wconf 66' lang='lat' dir='ltr'><em>PAradis,Pablavis</em></span> <span class='ocrx_word' id='word_1_781' title='bbox 3465 4957 3642 5008; x_wconf 70' lang='lat' dir='ltr'><em>citatis</em></span> 
     </span>
     <span class='ocr_line' id='line_1_101' title="bbox 2095 5026 3641 5090; baseline 0.001 -14"><span class='ocrx_word' id='word_1_782' title='bbox 2095 5027 2218 5076; x_wconf 88' lang='lat' dir='ltr'><em>inter</em></span> <span class='ocrx_word' id='word_1_783' title='bbox 2236 5028 2455 5090; x_wconf 75' lang='lat' dir='ltr'><em>xatrigas</em></span> <span class='ocrx_word' id='word_1_784' title='bbox 2471 5026 2757 5090; x_wconf 76' lang='lat' dir='ltr'><em>depravatos</em></span> <span class='ocrx_word' id='word_1_785' title='bbox 2783 5031 3088 5077; x_wconf 82' lang='lat' dir='ltr'><em>enumeratur</em></span> <span class='ocrx_word' id='word_1_786' title='bbox 3104 5028 3196 5087; x_wconf 77' lang='lat' dir='ltr'><em>(Cf.</em></span> <span class='ocrx_word' id='word_1_787' title='bbox 3221 5031 3412 5078; x_wconf 83' lang='lat' dir='ltr'><em>Lasseu.</em></span> <span class='ocrx_word' id='word_1_788' title='bbox 3435 5028 3484 5076; x_wconf 86' lang='lat' dir='ltr'><em>in</em></span> <span class='ocrx_word' id='word_1_789' title='bbox 3499 5030 3641 5077; x_wconf 80' lang='lat' dir='ltr'><em>Zeit-</em></span> 
     </span>
     <span class='ocr_line' id='line_1_102' title="bbox 2093 5095 3644 5160; baseline 0.003 -16"><span class='ocrx_word' id='word_1_790' title='bbox 2093 5096 2281 5157; x_wconf 77' lang='lat' dir='ltr'><em>schrift</em></span> <span class='ocrx_word' id='word_1_791' title='bbox 2287 5096 2393 5157; x_wconf 70' lang='lat' dir='ltr'><em>sur</em></span> <span class='ocrx_word' id='word_1_792' title='bbox 2407 5096 2459 5145; x_wconf 84' lang='lat' dir='ltr'><em>d.</em></span> <span class='ocrx_word' id='word_1_793' title='bbox 2478 5096 2660 5146; x_wconf 77' lang='lat' dir='ltr'><em>Kunde</em></span> <span class='ocrx_word' id='word_1_794' title='bbox 2682 5097 2769 5147; x_wconf 80' lang='lat' dir='ltr'><em>des</em></span> <span class='ocrx_word' id='word_1_795' title='bbox 2789 5098 3176 5160; x_wconf 76' lang='lat' dir='ltr'><em>Morqenlandes</em></span> <span class='ocrx_word' id='word_1_796' title='bbox 3191 5134 3204 5159; x_wconf 89' lang='lat'>‚</span> <span class='ocrx_word' id='word_1_797' title='bbox 3226 5101 3314 5157; x_wconf 83' lang='lat' dir='ltr'><em>tn,</em></span> <span class='ocrx_word' id='word_1_798' title='bbox 3334 5110 3383 5159; x_wconf 82' lang='lat' dir='ltr'><em>p.</em></span> <span class='ocrx_word' id='word_1_799' title='bbox 3403 5097 3540 5159; x_wconf 72' lang='lat'><em>245).</em></span> <span class='ocrx_word' id='word_1_800' title='bbox 3559 5095 3644 5148; x_wconf 78' lang='lat' dir='ltr'><em>utt</em></span> 
     </span>
     <span class='ocr_line' id='line_1_103' title="bbox 2096 5162 3642 5230; baseline 0.002 -16"><span class='ocrx_word' id='word_1_801' title='bbox 2096 5162 2239 5228; x_wconf 79' lang='lat' dir='ltr'><em>igilur</em></span> <span class='ocrx_word' id='word_1_802' title='bbox 2260 5170 2456 5215; x_wconf 73' lang='lat' dir='ltr'><em>Javanae</em></span> <span class='ocrx_word' id='word_1_803' title='bbox 2483 5166 2576 5216; x_wconf 85' lang='lat' dir='ltr'><em>hoc</em></span> <span class='ocrx_word' id='word_1_804' title='bbox 2600 5180 2795 5230; x_wconf 86' lang='lat' dir='ltr'><em>quoque</em></span> <span class='ocrx_word' id='word_1_805' title='bbox 2814 5168 2919 5217; x_wconf 84' lang='lat' dir='ltr'><em>loeo</em></span> <span class='ocrx_word' id='word_1_806' title='bbox 2949 5168 3240 5230; x_wconf 80' lang='lat' dir='ltr'><em>intelligendi</em></span> <span class='ocrx_word' id='word_1_807' title='bbox 3257 5170 3369 5217; x_wconf 83' lang='lat' dir='ltr'><em>sunt</em></span> <span class='ocrx_word' id='word_1_808' title='bbox 3384 5202 3397 5226; x_wconf 93' lang='lat'><em>,</em></span> <span class='ocrx_word' id='word_1_809' title='bbox 3424 5181 3524 5229; x_wconf 84' lang='lat' dir='ltr'><em>quo</em></span> <span class='ocrx_word' id='word_1_810' title='bbox 3545 5179 3642 5217; x_wconf 79' lang='lat' dir='ltr'><em>um</em></span> 
     </span>
    </p>
   </div>
   <div class='ocr_carea' id='block_1_20' title="bbox 2038 5212 3643 5307">
    <p class='ocr_par' dir='ltr' id='par_1_21' title="bbox 2038 5212 3643 5307">
     <span class='ocr_line' id='line_1_104' title="bbox 2038 5212 3643 5307; baseline 0.002 -16"><span class='ocrx_word' id='word_1_811' title='bbox 2038 5212 2056 5283; x_wconf 66' lang='lat' dir='ltr'>J</span> <span class='ocrx_word' id='word_1_812' title='bbox 2097 5255 2208 5292; x_wconf 86' lang='lat' dir='ltr'><em>cum</em></span> <span class='ocrx_word' id='word_1_813' title='bbox 2235 5241 2400 5293; x_wconf 86' lang='lat' dir='ltr'><em>iisdem</em></span> <span class='ocrx_word' id='word_1_814' title='bbox 2428 5243 2680 5306; x_wconf 81' lang='lat' dir='ltr'><em>gentibus,</em></span> <span class='ocrx_word' id='word_1_815' title='bbox 2700 5244 2984 5306; x_wconf 85' lang='lat' dir='ltr'><em>quibuscum</em></span> <span class='ocrx_word' id='word_1_816' title='bbox 3023 5246 3206 5307; x_wconf 82' lang='lat' dir='ltr'><em>solent,</em></span> <span class='ocrx_word' id='word_1_817' title='bbox 3234 5246 3591 5295; x_wconf 81' lang='lat' dir='ltr'><em>enumerantur.</em></span> <span class='ocrx_word' id='word_1_818' title='bbox 3613 5260 3643 5289; x_wconf 67' lang='grc' dir='ltr'><strong>υ</strong></span> 
     </span>
    </p>
   </div>
   <div class='ocr_carea' id='block_1_21' title="bbox 1991 5352 2091 5406">
    <p class='ocr_par' dir='ltr' id='par_1_22' title="bbox 1991 5352 2091 5406">
     <span class='ocr_line' id='line_1_105' title="bbox 1991 5352 2091 5406; baseline 0 -1"><span class='ocrx_word' id='word_1_819' title='bbox 1991 5352 2091 5406; x_wconf 76' lang='lat'><em>397</em></span> 
     </span>
    </p>
   </div>
  </div>
 </body>
</html>
