4016 5916
505 444 618 499 1⁴0

1027 547 1530 627 [KoplNelnN]

1163 692 1302 772 [ιω
1328 693 1405 772 3.]

584 829 777 909 [Arist.
800 832 922 887 Pol.
954 835 1021 901 V,
1041 852 1097 905 9,
1125 850 1197 887 αα
1225 850 1237 888 :
1268 828 1496 907 Δευτέρα
1513 831 1530 911 (
1544 833 1704 906 quod
1728 833 1801 889 ad
1817 845 2062 908 tempuS,

497 938 603 994 per
643 917 804 993 quod
828 918 1013 995 stetit)
1052 914 1104 972 δὲ
1134 915 1255 992 περὶ
1283 914 1533 994 Κόρινθον
1561 921 1595 986 ἡ
1622 920 1727 977 τῶν
1756 920 2066 999 Κυψελιδῶν

507 1007 614 1082 (sc.
640 1002 919 1082 τυραννίς)·
943 1001 1033 1059 καὶ
1055 999 1156 1081 γὰρ
1177 999 1310 1073 αὕτη
1341 1002 1624 1087 διετέλεσεν
1646 1003 1735 1075 ἔτη
1766 1004 1885 1085 τρία
1907 1003 2068 1083 [ἑπτὰ

501 1095 679 1168 Sylb.;
717 1088 769 1158 ἓξ
796 1093 1021 1148 Miiller.
1060 1092 1248 1165 AEgin.
1276 1110 1336 1165 p.
1381 1090 1488 1162 64,
1521 1094 1655 1148 Dor.
1692 1096 1751 1164 Ι,
1789 1094 1937 1164 163]
1976 1091 2067 1151 καὶ

506 1178 866 1256 ἕὸδομήκοντα
902 1177 992 1235 καὶ
1021 1175 1073 1243 ἓξ
1099 1180 1284 1252 μῆνας.
1344 1174 1581 1257 Κύψελος
1607 1177 1701 1255 μὲν
1726 1177 1827 1257 γὰρ
1853 1179 2064 1260 ἱτυράν·

503 1290 656 1337 νησεν
687 1264 778 1337 ἔτη
799 1264 1107 1344 τριάκοντα,
1144 1262 1459 1344 Περίανδρος
1487 1264 1543 1321 δὲ
1569 1264 1952 1346 τετταράκοντα
1975 1266 2068 1325 καὶ

509 1354 756 1433 τέτταρα.
841 1351 1214 1429 Ψαμμήτιχος
1243 1351 1288 1409 δ’
1326 1354 1353 1409 ὁ
1381 1351 1597 1431 Γορδίου
1632 1350 1748 1432 τρία
1780 1351 1894 1424 ἔτη.
1978 1352 2066 1414 Τὰ

506 1441 551 1499 δ’
580 1440 726 1500 αἴτια
749 1438 919 1499 ταυτα
942 1438 1032 1497 καὶ
1053 1436 1249 1509 ταύτης
1269 1461 1283 1475 ·
1313 1442 1341 1497 ὁ
1369 1436 1464 1515 μὲν
1491 1438 1593 1519 γὰρ
1625 1438 1865 1521 Κύψελος
1894 1442 2066 1518 δημα-

505 1526 672 1606 γωγὸς
697 1518 760 1599 ἦν
777 1570 796 1602 ,
830 1524 923 1584 καὶ
958 1522 1097 1584 κατὰ
1125 1521 1219 1595 τὴν
1251 1524 1419 1607 ἀρχὴν
1449 1525 1729 1585 διετέλεσεν
1753 1525 2069 1608 ἀδορυφόρη-

506 1636 626 1687 τος,
657 1613 975 1695 Περίανδρος
1000 1613 1045 1670 δ’
1086 1611 1287 1691 ἐγένετο
1324 1610 1421 1689 μὲν
1449 1612 1784 1692 τυραννικὸς,
1810 1615 1943 1671 ἀλλὰ
1967 1637 2065 1673 πο-

509 1701 743 1781 λεμικός.
778 1704 795 1779 (
824 1707 1145 1778 lncongrua
1172 1704 1332 1759 locus
1358 1705 1635 1775 continet3
1673 1723 1732 1761 v.
1767 1706 2001 1779 interpr.
2026 1701 2065 1781 ).

582 1796 652 1849 V.
693 1792 747 1861 8,
776 1797 808 1858 t.
844 1809 860 1849 τ
893 1789 1131 1870 Κύψελος
1159 1791 1211 1847 ἐν
1240 1789 1519 1872 Κορίνθῳ..
1549 1791 1610 1849 ἐκ
1631 1790 1973 1869 δημαγωγίας
1995 1794 2069 1849 ad

508 1876 865 1952 tyrannidem
892 1878 1171 1951 pervenit.

587 1963 705 2035 111,
736 1963 805 2035 8,
839 1964 871 2020 3
908 1982 925 2022 :
959 1961 1053 2021 Διὸ
1080 1961 1171 2021 καὶ
1210 1961 1328 2031 τοὺς
1362 1962 1618 2044 ψέγοντας
1656 1964 1751 2037 τὴν
1789 1964 2067 2044 τυραννίδα

507 2050 601 2108 καὶ
646 2050 740 2122 τὴν
797 2050 1118 2130 Περιάνδρου
1170 2051 1536 2133 Θρασυὸούλῳ
1592 2052 1912 2131 συμὸουλίαν
1971 2055 2071 2132 οὐχ

511 2139 691 2205 ἁπλῶς
717 2137 916 2211 οἰητέον
947 2140 1107 2217 ὀρθῶς
1142 2140 1407 2215 ἐπιτιμᾶν.
1431 2139 1584 2200 Φασὶ
1605 2140 1707 2220 γὰρ
1730 2139 1819 2199 τὸν
1848 2139 2069 2221 Περίαν·

512 2226 630 2304 δρον
661 2224 821 2283 εἰπεῖν
852 2223 947 2303 μὲν
967 2223 1110 2283 οὔδὲν
1135 2224 1262 2306 πρὸς
1278 2225 1366 2284 τὸν
1391 2225 1690 2307 πεμφθέντα
1717 2226 1921 2307 κήρυκα
1950 2225 2070 2306 περὶ

510 2316 602 2384 τῆς
629 2310 983 2390 συμὸουλίας,
1013 2314 1334 2394 ἀφαιροῦντα
1366 2313 1420 2372 δὲ
1448 2313 1564 2380 τοὺς
1600 2313 1946 2393 ὑπερέχοντας
1967 2317 2070 2373 τῶν

511 2397 756 2480 σταχύων
786 2400 1050 2477 ὁμαλῦναι
1087 2397 1182 2471 τὴν
1208 2398 1463 2480 ἄρουραν·
1493 2398 1606 2459 ὅθεν
1641 2403 1941 2478 ἀγνοοῦντος
1974 2399 2068 2476 μὲν

515 2492 604 2546 τοῦ
638 2485 862 2568 κήρυκος
889 2491 980 2544 τοῦ
1008 2484 1281 2564 γινομένου
1306 2481 1406 2558 ’τὴν
1434 2487 1629 2560 αἰτίαν,
1663 2488 2073 2567 ἀπαγγείλαντος

513 2573 651 2632 δὲτὸ
687 2572 981 2651 συμπεσὸν,
1023 2578 1304 2645 συννοῆσαι
1339 2574 1426 2633 τὸν
1457 2573 1852 2654 Θρασύὸουλον,
1883 2574 1963 2633 ὅτι
1996 2575 2076 2633 δεῖ

512 2661 630 2729 τοὺς
669 2660 1014 2742 ὑπερέχοντας
1061 2660 1251 2741 ἄνδρας
1297 2663 1544 2741 ἀναιρεῖν.
1602 2664 1815 2721 Eadem
1867 2666 2076 2720 iterum

511 2753 693 2826 tangit
717 2753 784 2822 V,
819 2750 876 2819 8,
912 2770 965 2820 7.

593 2839 659 2906 V,
683 2852 720 2911 9
738 2878 753 2905 ,
788 2856 822 2892 2
854 2854 870 2894 ε
896 2832 1113 2895 Τούτων
1142 2834 1162 2911 (
1183 2856 1264 2895 sc.
1289 2825 1434 2900 οἶςαῑ
1464 2833 1755 2914 τυραννίδες
1780 2835 2031 2904 σώζονται
2053 2838 2072 2915 )

515 2919 581 2980 τὰ
611 2920 782 2981 πολλά
812 2944 940 3003 φασι
959 2924 1290 2993 καταστῆσαι
1320 2921 1639 3002 Περίανδρον
1665 2922 1751 2980 τὸν
1780 2922 2069 3004 Κορίνθιον.

596 3013 662 3083 V,
692 3028 750 3083 9,
782 3016 812 3076 4
850 3030 865 3065 τ
899 3008 1008 3068 Καὶ
1033 3007 1091 3065 τὸ
1127 3007 1351 3078 πένητας
1375 3017 1540 3067 ποιεῖν
1564 3007 1681 3076 τοὺς
1718 3009 2070 3089 ἀρχομένους,

512 3095 873 3176 τυραννικόν...
887 3095 1233 3173 Παράδειγμα
1255 3094 1308 3153 δὲ
1329 3094 1556 3158 τούτου..
1573 3094 1662 3154 καὶ
1679 3095 1743 3153 τὰ
1762 3095 2073 3173 ἀναθήματα

517 3186 618 3241 τῶν
660 3184 985 3263 Κυψελιδῶν.

1182 3352 1305 3417 [102
1332 3352 1406 3417 a.]

577 3432 597 3496 [
612 3434 836 3483 Proxime
855 3433 1084 3483 diuturna
1104 3435 1196 3483 suit
1211 3435 1571 3497 cypselidarum
1589 3436 1804 3497 tyrannis
1818 3436 2039 3486 Corinthi
2057 3456 2070 3485 :

515 3509 621 3559 hacc
647 3510 776 3560 enim
821 3510 962 3560 firma
998 3511 1259 3574 permansit
1284 3525 1436 3562 annos
1456 3513 1756 3575 septuaginta
1783 3515 1880 3562 tres
1904 3517 1955 3563 et
1986 3527 2071 3562 sex

509 3602 716 3639 menses.
737 3591 860 3639 Nam
887 3588 1121 3652 Cypselus
1142 3603 1296 3641 annos
1320 3590 1513 3653 triginta
1535 3593 1750 3653 regnavit
1773 3611 1784 3642 ι
1811 3591 2070 3641 Periander

513 3665 827 3729 quadraginta
846 3668 1101 3729 quattuor3
1127 3668 1521 3727 Psammetichus,
1546 3668 1739 3718 Gordia}
1763 3668 1905 3732 lilius,
1923 3681 2075 3719 annos

514 3745 628 3791 tres.
651 3745 820 3792 causac
837 3746 1000 3792 autem
1029 3743 1175 3806 hujus
1192 3757 1387 3808 quoque
1403 3749 1519 3794 sunt
1536 3745 1736 3795 eaedem.
1758 3748 1879 3795 Nam
1897 3749 2070 3809 cypse-

509 3819 590 3869 lus
619 3820 815 3882 quidem
847 3820 1079 3882 populum
1116 3819 1413 3884 indulgenter
1437 3822 1700 3885 tractabat,
1737 3835 1826 3872 nec
1843 3823 1905 3872 ab
1937 3824 2072 3872 initio

509 3896 732 3958 praesidio
746 3896 807 3946 ad
824 3896 896 3945 sui
921 3897 1134 3959 corporis
1152 3897 1420 3948 custodiam
1440 3912 1555 3949 usus
1575 3900 1665 3949 est.
1684 3898 1940 3949 Periander
1958 3912 2071 3949 vero

515 3971 605 4022 tuit
623 3973 704 4024 ille
721 3973 919 4036 quidem
937 3974 1240 4036 tyrannicus,
1259 3974 1344 4024 sed
1365 3977 1528 4025 tamen
1546 3976 1818 4026 bellicosus.
1834 3975 1853 4040 ]

576 4050 839 4115 [Cypselus
875 4050 1095 4101 corinthi
1134 4064 1199 4100 ex
1232 4050 1508 4116 demagogia
1540 4052 1602 4102 ad
1629 4053 1932 4115 tyrannidem
1965 4067 2071 4117 per-

508 4126 689 4192 venit]

576 4203 840 4267 [Quocirca
864 4207 914 4253 et
933 4204 966 4252 ii
984 4203 1069 4266 qui
1089 4203 1392 4267 tyrannidem
1414 4205 1762 4269 consiliumque
1778 4206 1910 4269 quod
1940 4205 2072 4257 dedit

515 4281 771 4332 Periander
795 4280 1096 4343 Thrasybulo
1113 4317 1129 4343 ,
1150 4281 1451 4344 vituperant,
1483 4295 1580 4331 non
1618 4285 1734 4331 sunt
1765 4282 2071 4334 existimandi

515 4358 792 4421 simpliciter
817 4356 867 4407 id
896 4360 1027 4407 recte
1052 4356 1415 4420 reprehendere.
1437 4357 1584 4409 Aiunt
1611 4358 1741 4408 enim
1760 4360 2070 4411 Periandr-um

513 4436 633 4485 nihil
664 4435 799 4485 illum
818 4434 1016 4497 quidem
1034 4435 1080 4484 ei
1097 4436 1269 4485 nuntio
1290 4435 1374 4497 qui
1396 4435 1568 4486 missus
1585 4437 1739 4486 tuerat
1749 4474 1765 4500 ,
1791 4436 1852 4487 de
1870 4451 1926 4487 eo
1940 4439 2072 4501 quod

515 4514 863 4575 consuleretur,
895 4514 1218 4577 roepondisse5
1240 4515 1321 4565 sed
1355 4515 1512 4578 spicas
1542 4517 1806 4566 eminentes
1835 4518 2070 4569 demendo

515 4591 720 4650 segetem
754 4589 1057 4654 adaequasse,
1082 4605 1143 4641 ex
1169 4606 1269 4656 qno
1305 4605 1458 4655 quum
1496 4593 1609 4643 sacti
1646 4606 1840 4643 causam
1872 4595 2071 4647 nuntius

515 4664 782 4726 ignoraret,
824 4664 875 4714 id
908 4670 1073 4718 autem
1107 4668 1241 4732 quod
1275 4668 1526 4720 accidisset
1556 4669 1899 4733 renuntiasset,
1932 4671 2068 4722 iutel-

515 4742 688 4792 lexisse
704 4741 1055 4805 Thrasybulum
1069 4781 1084 4808 ,
1118 4746 1249 4796 viros
1269 4746 1677 4810 supereminentes
1704 4746 1764 4797 de
1791 4747 1948 4798 medio
1969 4763 2071 4800 esse

517 4816 801 4882 tollendos.]

579 4893 808 4958 [Eoi-um,
826 4895 1002 4957 quibus
1027 4899 1300 4960 tyrannides
1313 4904 1676 4963 conservantur,
1695 4901 1923 4964 pleraque
1941 4902 2071 4953 insti·

509 4973 660 5023 tuisse
683 4973 995 5024 Periandrum
1015 4977 1320 5028 corinthium
1344 4980 1525 5031 serunt.
1548 4980 1568 5046 ]

579 5048 766 5115 [Etiam
793 5050 922 5101 cives
944 5053 1151 5115 spoliare
1184 5054 1323 5106 honis
1357 5059 1662 5117 tyrannicum
1698 5061 1788 5109 est.
1818 5059 1973 5120 Hujus
1999 5059 2068 5108 rei

514 5127 793 5190 exemplum
817 5128 1102 5190 praebent
1126 5132 1485 5193 Cypselidarum
1495 5133 1620 5183 dona
1636 5135 1726 5184 diis
1748 5134 2074 5201 consecrata.]

1600 430 2087 493 ARISTOTELIS
2131 435 2629 495 FRAGMENTA.

2225 560 2296 631 V,
2328 556 2382 628 5,
2417 577 2491 632 9:
2525 555 2736 615 Γίνεται
2767 555 2823 614 δὲ
2850 557 3115 632 μεταὸολὴ
3141 563 3244 618 τῶν
3275 563 3590 643 ὀλιγαρχιῶν
3615 566 3710 624 καὶ

2149 644 2202 698 ἐν
2225 641 2441 722 πολέμῳ
2459 642 2550 701 καὶ
2586 645 2640 702 ἐν
2668 643 2873 723 εἰρήνῃ·
2899 647 2951 702 ἐν
2972 645 3067 721 μὲν
3094 646 3314 729 πολέμῳ
3342 650 3427 707 διὰ
3458 650 3552 722 τὴν
3580 654 3712 732 πρὸς

2148 728 2235 787 τὸν
2265 731 2430 802 δῆμον
2460 730 2707 789 ἀπιστίαν
2736 732 3080 811 στρατιώταις
3109 735 3544 813 ἀναγκαζομένων
3572 745 3713 820 χρῆ-

2151 822 2297 875 σθαι·
2325 807 2370 897 ᾧ
2401 814 2502 896 γὰρ
2541 815 2603 875 ἂν
2632 817 3024 898 ἐγχειρίσωσιν,
3054 811 3198 888 οὗτος
3225 823 3480 891 πολλάκις
3511 824 3709 903 γίνεται

2147 904 2424 985 τύραννος,
2459 906 2636 986 ὥσπερ
2657 910 2709 966 ἐν
2744 908 2979 990 Κορίνθῳ
3010 908 3336 990 Τιμοφάνης.
3362 912 3386 991 ]

2224 999 2310 1052 De
2358 998 2666 1053 Periandro
2700 998 2773 1053 cf.
2826 1001 2996 1074 Diog.
3036 1001 3103 1057 L.
3142 1002 3201 1070 I,
3243 1020 3319 1077 99
3356 1021 3371 1059 ε
3408 999 3517 1060 Καὶ
3570 1001 3712 1080 Ἀρι-

2148 1081 2394 1154 στοτέλης
2433 1079 2528 1160 μὲν
2556 1082 2642 1141 τὸν
2674 1082 2941 1161 Κορίνθιόν
2968 1086 2986 1160 (
3012 1104 3087 1143 sc.
3132 1086 3454 1167 Περίανδρον
3483 1086 3500 1167 )
3542 1112 3699 1168 φησιν

2148 1158 2282 1227 εἶναι
2318 1169 2406 1228 τὸν
2452 1168 2607 1252 σοφόν
2648 1172 2849 1247 (quem
2885 1175 3307 1231 Ambraciotam
3340 1178 3712 1235 Periandrum

2147 1259 2309 1315 fuisse
2337 1261 2597 1334 opinatus
2625 1273 2705 1316 est
2728 1261 3028 1317 Neanthes.
3052 1261 3069 1335 )

2705 1417 3140 1478 ΜΕΓΑΡΕΩΝ.

2859 1563 2989 1619 103.

2231 1695 2435 1750 Strabo
2483 1696 2623 1765 vll,
2670 1713 2733 1768 p.
2781 1693 2892 1750 322
2932 1690 3071 1752 2’Ev
3102 1692 3157 1751 δὲ
3197 1697 3265 1771 τῇ
3304 1696 3408 1752 τῶν
3456 1697 3711 1755 Αἰτωλῶν

2151 1777 2404 1864 (πολιτείᾳ
2422 1777 2794 1857 Ἀριστοτέλης)
2812 1777 2928 1845 τοὺς
2941 1784 3029 1837 νῦν
3046 1779 3281 1859 Λοκροὺς
3296 1773 3526 1859 Λέλεγας
3541 1783 3710 1841 καλεῖ·

2146 1867 2433 1944 κατασχεῖν
2471 1865 2524 1923 δὲ
2553 1863 2642 1923 καὶ
2685 1863 2780 1936 τὴν
2813 1864 3066 1925 Βοιωτίαν
3094 1866 3278 1935 αὐτούς
3307 1891 3488 1949 φησιν·
3519 1869 3714 1945 ὁμοίως

2149 1952 2203 2012 δὲ
2227 1952 2318 2012 καὶ
2347 1956 2398 2010 ἐν
2427 1957 2493 2032 τῇ
2525 1952 2848 2014 Ὀπουντίων
2878 1952 2970 2012 καὶ
2998 1952 3284 2034 Μεγαρέων
3317 1955 3580 2037 (πολιτείᾳ
3598 1958 3642 2035 ).

2822 2093 3037 2171 [ma]

2232 2221 2433 2299 [Arist.
2477 2222 2604 2278 Pol.
2649 2225 2721 2297 V,
2761 2229 2827 2293 4,
2862 2222 2893 2279 5
2943 2244 2957 2278 :
2997 2225 3376 2298 Tyrannidem
3415 2230 3716 2303 occupavit

2151 2306 2416 2385 Θεαγένης
2455 2309 2508 2366 ἐν
2550 2310 2656 2374 τοῖς
2697 2307 2964 2388 Μεγάροις
3002 2313 3106 2368 τῶν
3159 2308 3392 2391 εὐπόρων
3438 2309 3505 2369 τὰ
3550 2312 3711 2385 κτήνη

2153 2393 2484 2474 ἀποσφάξας,
2513 2392 2691 2452 λαὸὼν
2720 2395 2866 2475 παρὰ
2896 2395 2982 2454 τὸν
3007 2396 3243 2472 ποταμὸν
3271 2396 3630 2476 ἐπινέμοντας.

2232 2481 2297 2552 V,
2338 2489 2394 2553 4,
2427 2482 2457 2539 3
2494 2503 2507 2539 :
2542 2481 2938 2562 Παραπλησίως
2969 2481 3024 2541 δὲ
3063 2482 3154 2542 καὶ
3181 2487 3216 2555 ἡ
3250 2486 3301 2541 ἐν
3332 2486 3594 2565 Μεγάροις
3616 2511 3715 2545 κα-

2158 2567 2344 2640 τελύθη
2375 2569 2710 2648 δημοκρατία
2728 2591 2742 2606 ·
2779 2571 2825 2627 ot
2848 2567 2951 2650 γὰρ
2979 2570 3316 2648 δημαγωγοὶ,
3344 2569 3432 2630 ἵνα
3460 2574 3712 2652 χρήματα

2160 2655 2320 2734 ἔχωσι
2365 2654 2639 2732 δημεύειν,
2683 2655 2958 2724 ἔξέὸαλλον
3002 2657 3224 2724 πολλοὺς
3268 2661 3370 2718 τῶν
3412 2659 3710 2739 γνωρίμων,

2158 2742 2255 2809 ἕως
2284 2741 2508 2810 πολλοὺς
2535 2741 2786 2815 ἐποίησαν
2813 2743 2930 2812 τοὺς
2958 2744 3264 2824 φεύγοντας·
3288 2749 3335 2806 οἳ
3363 2745 3417 2805 δὲ
3445 2747 3712 2815 κατιόντες

2158 2828 2400 2902 ἐνίκησαν
2444 2831 2732 2909 μαχόμενοι
2772 2829 2860 2889 τὸν
2898 2833 3061 2908 δῆμον
3103 2831 3195 2889 καὶ
3236 2830 3559 2903 κατέστησαν
3610 2832 3709 2903 τὴν

2158 2916 2483 2998 ὀλιγαρχίαν.
2568 2917 2775 2990 Συνέὸη
2821 2916 2875 2977 δὲ
2902 2920 3089 2979 ταύτὸν
3123 2917 3357 3000 καὶπερὶ
3399 2918 3589 2998 Κύμην
3614 2920 3704 2979 ἐπὶ

2157 3012 2250 3079 τῆς
2279 3005 2633 3086 δημοκρατίας
2656 3006 2722 3078 ἣν
2750 3005 3004 3066 κατέλυσε
3032 3007 3403 3086 Θρασύμαχος.

2235 3099 2301 3166 V,
2328 3116 2384 3167 τι,
2413 3097 2448 3152 6
2476 3116 2491 3154 :
2521 3093 2590 3154 ‘H
2619 3094 2908 3173 Μεγαρέων
2942 3095 3300 3174 (δημοκρατία
3332 3095 3611 3177 διεφθάρη)
3642 3098 3711 3156 δι’

2160 3181 2375 3250 ἀταξίαν
2399 3181 2506 3240 καὶ·
2519 3182 2786 3262 ἀναρχίαν
2814 3182 3157 3253 ἡττηθέντων.

2161 3349 2366 3398 mutatio
2406 3367 2419 3398 ε
2462 3350 2511 3398 in
2552 3348 2678 3399 bello
2716 3348 2913 3412 quidem
2946 3348 3061 3399 dum
3101 3354 3353 3414 propterea
3387 3352 3519 3414 quod
3553 3352 3715 3415 populi

2163 3426 2307 3476 fidem
2325 3426 2505 3475 babent
2537 3428 2807 3489 suspectam
2822 3463 2836 3488 ,
2857 3427 3089 3477 militibus
3106 3430 3319 3478 externis
3336 3433 3576 3491 coguntur
3596 3429 3666 3479 nti
3697 3449 3711 3480 z

2160 3505 2238 3553 cui
2264 3505 2392 3552 enim
2410 3503 2674 3553 exercitum
2692 3503 3005 3565 tradiderint,
3025 3504 3105 3553 bic
3130 3517 3464 3567 saepennmero
3482 3508 3717 3569 tyrannus

2163 3580 2387 3642 efficitur,
2407 3578 2821 3644 quemadmodum
2840 3580 3059 3630 Corinthi
3085 3581 3454 3645 Timophanes]

2644 3709 3221 3769 MEGARENSHJM.

2872 3861 2991 3911 103.

2221 3961 2276 4008 ln
2300 3958 2569 4008 AEtolorum
2585 3962 2700 4023 Rep.
2724 3960 2997 4010 Aristoteles
3015 3972 3138 4022 quos
3152 3972 3281 4008 nunc
3302 3962 3484 4010 Locros
3500 3961 3711 4014 dicimus

2160 4037 2352 4099 Leleges
2386 4038 2620 4101 appellat,
2645 4039 2946 4101 tenuisseque
2975 4037 3121 4088 etiam
3150 4038 3384 4088 Boeotiam
3418 4051 3502 4089 eos
3542 4042 3710 4091 refert.

2158 4114 2338 4164 Similia
2360 4115 2506 4166 habet
2524 4117 2667 4166 etiam
2686 4116 2735 4164 in
2759 4116 3085 4177 Opuntiorum
3106 4116 3156 4164 et
3177 4116 3227 4164 in
3248 4117 3598 4178 Megarensium
3620 4122 3714 4170 Re·

2157 4192 2366 4256 publica.

2855 4255 3016 4326 11041.

2222 4357 2578 4423 [Tyrannidem
2601 4359 2853 4421 occupavit
2869 4359 3141 4422 Theagenes
3160 4359 3379 4421 Megaris,
3405 4373 3559 4422 quum
3584 4361 3625 4412 is
3638 4362 3714 4411 lo-

2160 4436 2423 4499 cupletium
2451 4447 2624 4498 pecora
2645 4434 2708 4485 ad
2730 4436 2934 4486 fluvium
2962 4435 3200 4499 pascentia
3216 4435 3529 4502 jugulasset]

2218 4511 2482 4577 [Similiter
2498 4515 2548 4562 et
2564 4525 2677 4576 quae
2695 4514 2898 4575 Megaris
2923 4515 3028 4564 erat
3044 4512 3339 4563 democratia
3357 4514 3589 4565 dissoluta
3605 4518 3677 4567 est
3697 4535 3711 4566 z

2158 4596 2269 4640 nam
2293 4591 2457 4654 populi
2480 4589 2704 4641 ductores
2730 4594 2787 4641 ut
2819 4591 2949 4642 bona
2990 4592 3289 4656 privatorum
3320 4592 3563 4657 publicare
3597 4607 3714 4657 pos-

2156 4668 2290 4730 sent,
2312 4668 2494 4717 multos
2523 4665 2706 4718 nobiles
2723 4681 2751 4718 e
2770 4668 2967 4719 civitate
2986 4669 3368 4724 exterminat-unt
3385 4682 3537 4732 usque
3554 4683 3611 4719 eo
3630 4669 3713 4720 do·

2157 4757 2246 4794 nec
2283 4757 2513 4807 magnum
2548 4744 2751 4795 exulum
2789 4759 3050 4797 numerum
3088 4747 3322 4797 feceruut.
3362 4745 3437 4795 llli
3467 4749 3633 4796 autem
3662 4747 3714 4798 in

2157 4821 2399 4871 civitatem
2417 4820 2479 4871 ab
2496 4822 2641 4872 exilio
2668 4822 2848 4872 reversi
2868 4824 3013 4886 signis
3047 4823 3234 4873 collatis
3260 4822 3491 4885 populum
3513 4837 3714 4887 supera-

2158 4903 2271 4950 runt
2302 4902 2352 4951 et
2381 4900 2687 4963 eligas-chiam
2722 4915 2786 4952 ex
2817 4902 3117 4952 democratia
3154 4902 3388 4953 fecerunt.
3414 4903 3546 4953 Idem
3571 4918 3715 4967 porro

2157 4980 2324 5030 cumis
2357 4979 2557 5041 accidit,
2588 4993 2688 5044 qua
2713 4981 2764 5030 in
2791 4982 2910 5031 urbe
2950 4981 3298 5031 democratiam
3327 4982 3718 5045 Thrasymachus

2156 5055 2374 5107 funditus
2398 5055 2633 5122 delevit.]

2217 5134 2238 5198 [
2253 5134 2595 5197 Megarensium
2606 5136 2917 5199 democratia,
2928 5150 3081 5199 quum
3091 5137 3288 5198 propter
3301 5149 3461 5187 rerum
3472 5136 3719 5200 etimperii

579 5203 685 5268 [Fit
724 5217 866 5268 porro
889 5207 1032 5256 etiam
1060 5211 1109 5258 et
1144 5209 1192 5258 in
1220 5208 1346 5261 bello
1381 5215 1430 5262 et
1465 5212 1513 5260 in
1541 5225 1660 5274 pace
1693 5212 2068 5275 oligarchiarum
2159 5212 2567 5275 perturbationem
2595 5213 2805 5277 superati
2827 5216 3012 5276 essent,
3037 5213 3193 5264 deleta
3210 5213 3331 5279 est.]
