4016 5916
1449 429 1890 536 nausimus
1935 473 2401 537 ranzanus.

1053 603 1107 663 5.

767 739 811 792 E
849 735 1073 792 LIBRO
1120 735 1407 791 TERTIO.

398 851 768 926 Harpocratio
805 869 819 906 ε
862 845 1265 928 Σκαφηφόροι...
1308 843 1607 922 Δημήτριος
1648 849 1770 923 γοῦν
1816 847 1866 904 ἓν

306 960 339 1014 γ
401 933 729 1014 Νομοθεσίας
762 934 914 1016 φησὶν
945 933 1024 993 ὅτι
1054 931 1399 1013 προσέταττεν
1427 937 1455 991 ὁ
1477 933 1634 1009 νόμος
1651 937 1756 999 τοῖς
1776 955 1867 1009 με·

312 1025 502 1088 τοίκοις
512 1025 568 1082 ἐν
589 1023 700 1089 ταῖς
720 1026 952 1100 πομπαῖς
964 1021 1146 1088 αὐτοὺς
1158 1020 1251 1099 μὲν
1277 1020 1479 1102 σκάφας
1489 1019 1682 1101 φέρειν,
1701 1019 1792 1084 τὰς
1811 1019 1864 1077 δὲ

306 1111 593 1192 θυγατέρας
620 1112 792 1169 αὐτῶν
819 1111 996 1190 ὖδρεῖα
1038 1109 1128 1167 καὶ
1161 1107 1390 1167 σκιάδια.
1427 1108 1721 1168 Διείλεκται
1748 1106 1867 1187 περὶ

305 1198 500 1257 τούτων
530 1200 618 1256 καὶ
635 1195 967 1277 Θεόφραστος
981 1199 1033 1255 ἐν
1047 1195 1078 1254 ι’
1096 1195 1308 1272 Νόμων.
1325 1197 1407 1254 Cf.
1429 1197 1663 1254 Photius
1675 1207 1730 1250 et
1751 1197 1870 1251 Sui-

305 1287 402 1343 ‹las
418 1305 463 1344 S.
490 1306 545 1342 v.
577 1287 775 1343 Pollux
796 1287 883 1341 111
901 1326 916 1355 ,
947 1283 1017 1340 55
1048 1301 1067 1342 ε
1097 1281 1460 1363 Σκαφηφόρος·
1489 1279 1649 1347 οὕτως
1678 1282 1729 1338 δὲ
1755 1280 1871 1347 τοὺς

317 1372 584 1451 μετοίκους
611 1370 901 1448 ὠνόμαζον·
933 1370 1021 1428 καὶ
1049 1368 1139 1437 τὰς
1167 1374 1416 1449 γυναῖκας
1438 1370 1605 1428 αὐτῶν
1625 1367 1868 1448 ὑδριαφό-

316 1482 430 1541 ρους
446 1504 463 1533 ,
496 1459 599 1518 ἀπὸ
622 1463 711 1517 τοῦ
742 1456 890 1538 ἔργου
914 1457 1203 1537 ἑκατέρους.
1235 1461 1440 1516 AElian.
1464 1460 1531 1515 V.
1556 1460 1631 1514 H.
1654 1461 1729 1514 vl
1749 1499 1763 1526 ‚
1803 1475 1867 1515 ι.

313 1545 423 1616 Τὰς
447 1551 568 1625 γοῦν
594 1545 874 1627 παρθένους
898 1547 1002 1603 τῶν
1025 1543 1277 1622 μετοίκων
1300 1543 1661 1624 σκιαδηφορεῗν
1682 1546 1734 1602 ἐν
1760 1544 1871 1610 ταῖς

315 1643 549 1711 πομπαῖς
564 1633 856 1711 ἠνάγκαζον
878 1633 989 1700 ταῖς
1006 1636 1202 1691 ἑαυτῶν
1222 1631 1419 1712 κόραις,
1439 1630 1531 1697 τὰς
1550 1628 1606 1689 δὲ
1622 1638 1871 1710 γυναῖκας

314 1722 427 1788 ταῖς
468 1719 695 1800 γυναιξὶ,
728 1743 847 1786 τους
884 1717 939 1777 δὲ
972 1717 1160 1799 ἄνδρας
1190 1720 1560 1798 σκαφηφορεῖν.
1591 1719 1789 1775 Suidas
1815 1730 1872 1774 et

310 1814 492 1885 Etym.
524 1829 580 1865 V.
612 1804 958 1888 Ἀσκοφορεῖν;
987 1808 1317 1896 Ammonius
1341 1828 1399 1863 v.
1416 1802 1692 1876 ’.Ῑσοτὲλης
1717 1807 1870 1862 Her-

308 1916 498 1956 mann.
530 1899 773 1952 Cottesd.
800 1896 1043 1953 Altertlz.
1079 1893 1147 1960 54
1166 1937 1182 1965 ,
1212 1915 1304 1965 27.

736 2040 780 2093 E
820 2036 1056 2094 LIBRIS
1092 2037 1449 2093 INCERTIS.

1058 2157 1114 2214 6.

396 2297 765 2370 Harpocratio
816 2314 832 2353 t
873 2291 1118 2374 Ἕρκειος
1163 2289 1364 2368 Ζεύς,.
1376 2335 1411 2352 ..
1450 2283 1493 2371 ᾧ
1527 2290 1701 2370 βωμὸς
1734 2290 1872 2358 ἐντὸς

311 2380 491 2461 ἕρκους
518 2385 570 2439 ἐν
597 2385 662 2460 τῇ
694 2382 830 2460 αὐλῇ
869 2378 1100 2460 ἵδρυται·
1142 2379 1232 2438 τὸν
1272 2378 1373 2458 γὰρ
1417 2378 1692 2460 περίὸολον
1726 2377 1871 2459 ἕρκος

316 2468 510 2544 ἔλεγον.
552 2467 681 2528 “Ort
722 2467 777 2527 δὲ
807 2466 999 2536 τούτοις
1036 2472 1198 2545 μετ-’ἧν
1225 2471 1318 2539 τῆς
1343 2467 1638 2540 πολιτείας,
1682 2458 1755 2534 οἷς
1790 2467 1869 2541 εἴη

316 2555 444 2622 Ζευς
473 2553 691 2636 ἕρκειος,
718 2554 977 2626 δεδήλωκε
1000 2555 1090 2614 καὶ
1113 2553 1395 2633 Ὑπερίδης
1419 2555 1470 2612 ἐν
1505 2557 1580 2634 τῶ
1617 2553 1744 2634 ὑπὲρ
1773 2555 1869 2626 δη-

316 2644 631 2721 μοποιήτου,
661 2646 707 2701 εἰ
748 2642 955 2722 γνήσιος
977 2688 993 2719 ,
1025 2667 1114 2702 και
1160 2641 1456 2723 Δημήτριος
1492 2644 1544 2701 ἐν
1591 2646 1696 2709 τοῖς
1739 2641 1871 2722 Περὶ

313 2735 404 2804 τῆς
425 2729 665 2804 Ἀθήνησι
692 2729 1009 2808 νομοθεσίας.
1034 2732 1116 2791 Cf.
1140 2730 1308 2789 Phor.
1341 2742 1397 2788 et
1419 2731 1631 2789 SuidaS.

1058 2882 1112 2935 7.

395 2986 763 3062 Harpocratio
797 3005 810 3044 :
843 2982 1255 3065 Παράστασις...
1283 2982 1392 3041 ἔστι
1430 2982 1483 3041 δὲ
1513 2981 1724 3062 δραχμὴ
1767 3004 1869 3040 κα-

311 3070 678 3149 ταὸαλλομένη
719 3069 820 3129 ὑπὸ
865 3074 966 3133 τῶν
1017 3069 1361 3147 δικαζομένων
1408 3068 1500 3136 τὰς
1548 3070 1679 3135 ἰδίας
1726 3068 1871 3135 δίκας

316 3162 600 3237 (Sequitur
620 3161 931 3217 Aristotelis
952 3160 1021 3218 fr.
1055 3158 1216 3236 31)...
1262 3156 1561 3237 Δημήτριος
1589 3155 1643 3214 δὲ
1675 3161 1703 3217 ὃ
1743 3160 1868 3218 Φα-

310 3245 497 3326 ληρεὺς
538 3248 588 3303 ἐν
632 3254 734 3312 τοῖς
766 3244 897 3325 Περὶ
938 3245 1238 3323 νομοθεσίας
1276 3244 1394 3311 τοὺς
1438 3243 1705 3315 διαιτητάς
1743 3266 1870 3327 φησι

310 3331 602 3409 λαμὸάνειν
625 3332 714 3398 τὰς
739 3331 976 3411 δραχμὰς
995 3377 1011 3408 ,
1041 3330 1165 3408 μίαν
1194 3330 1288 3407 μὲν
1315 3331 1417 3389 ἀπὸ
1442 3337 1535 3404 τῆς
1556 3331 1778 3404 λήξεως,
1801 3331 1866 3402 ἣν

311 3418 641 3500 παράστασιν
654 3420 885 3492 ἐκάλουν,
897 3418 1076 3499 ἑτέραν
1092 3417 1146 3478 δὲ
1157 3419 1294 3478 κατὰ
1304 3419 1609 3496 ὑπωμοσίαν
1623 3417 1864 3489 ἑκάστην.

475 3590 574 3649 DE
618 3589 1171 3650 LEGffiLA'rtoNE
1214 3588 1700 3649 ATHENIENSI.

1064 3703 1118 3753 5.

746 3804 796 3863 Ε
840 3804 1064 3864 LIBRO
1105 3801 1407 3865 TERTIO.

374 3921 644 3972 Demetrius
658 3923 779 3973 libro
788 3923 930 3973 tertio
941 3924 1012 3973 De
1031 3921 1326 3986 legislatione
1343 3919 1740 3983 (Atheniensium)
1755 3918 1871 3968 dicit

313 3999 465 4061 legem
479 3997 651 4060 jubere
668 4036 683 4059 ,
705 4002 758 4048 ut
776 3999 996 4063 inquilini
1013 4000 1194 4062 ligones
1210 3997 1258 4047 in
1272 3999 1461 4061 pompis
1483 3998 1637 4047 ferant
1651 4034 1666 4058 ,
1685 4009 1871 4046 eorum·

320 4089 416 4139 que
447 4075 557 4125 tiliae
585 4076 781 4138 hydrias
802 4079 987 4140 gestent
1022 4079 1077 4127 et
1110 4076 1363 4127 umbellas.
1410 4079 1484 4126 De
1525 4070 1598 4125 his
1644 4073 1869 4124 disseruit

312 4153 455 4204 etiam
479 4156 831 4218 Theophrastus
847 4155 970 4206 libro
992 4156 1180 4206 decimo
1204 4158 1275 4205 De
1296 4153 1496 4217 legibus.

379 4318 604 4381 Juppiter
635 4319 871 4379 HerceuS‚
891 4316 971 4367 cui
995 4319 1219 4368 araintra
1243 4319 1432 4380 septum
1466 4316 1515 4366 in
1546 4315 1657 4365 aula
1690 4316 1872 4365 structa

313 4391 434 4437 erat.
465 4391 584 4438 Nam
612 4392 800 4451 septum
827 4388 1132 4451 appellabant
1158 4389 1304 4453 ἕρκος.
1339 4386 1573 4438 Habuisse
1606 4388 1765 4436 autem
1793 4386 1873 4448 ius

314 4464 546 4524 civitatis,
571 4465 745 4527 quibus
766 4468 890 4515 esset
914 4466 1135 4529 suppiter
1159 4468 1395 4527 Her-cens,
1423 4462 1685 4527 Hyperides
1710 4462 1871 4513 decla-

314 4542 441 4592 ravit
461 4542 510 4593 in
527 4544 744 4593 oratione
757 4557 846 4606 pro
857 4544 963 4595 cive
979 4544 1103 4593 sacta
1117 4581 1132 4605 ,
1146 4545 1185 4592 si
1198 4545 1403 4606 genuina
1420 4546 1493 4592 eat
1504 4578 1519 4605 ,
1538 4545 1585 4592 et
1604 4541 1873 4592 Demetrius

314 4620 365 4669 ln
384 4619 519 4670 libris
536 4625 607 4672 De
626 4623 914 4685 legislatione
933 4623 1310 4674 Atheniensium.

378 4786 642 4838 Parastasis
668 4787 896 4838 drachma
914 4787 1006 4837 suit
1022 4708 1236 4850 dgposita
1258 4786 1322 4837 ab
1339 4787 1396 4836 iis
1409 4825 1423 4847 ‚
1435 4787 1516 4850 qui
1535 4785 1733 4850 privatis
1749 4786 1875 4837 inter

315 4878 369 4915 se
392 4865 454 4915 de
485 4868 820 4918 controversiis
840 4866 1216 4929 disceptarent...
1246 4867 1515 4939 Demetrius
1544 4868 1706 4917 autem
1746 4865 1871 4916 Pha·

315 4943 475 4994 tereus
516 4944 567 4993 in
613 4944 751 4995 libris
792 4949 867 4996 De
907 4943 1199 5008 legislatione
1242 4943 1391 4994 tradit
1438 4943 1644 4994 arbitros
1695 4943 1873 5007 cepisse

316 5017 598 5070 drachmam
640 5034 785 5071 unam
831 5024 937 5086 post
971 5019 1267 5071 sortitionem
1303 5033 1486 5083 eausae,
1512 5021 1654 5071 aliam
1686 5020 1874 5084 quoties

318 5097 420 5147 dies
443 5096 651 5147 diffissus
674 5100 812 5148 esset.

384 5258 479 5309 sed
502 5258 630 5322 leges
662 5260 850 5312 Solonis
871 5260 931 5312 de
960 5180 1239 5312 munizi-ibus
1273 5262 1493 5312 omnium
1521 5260 1874 5313 absurdissimae

3400 479 3509 536 36³

1953 608 2024 663 V.
2047 606 2467 663 Hudtwalcker.
2492 609 2576 661 De
2614 605 2844 661 diaetetis
2883 623 2942 679 p.
2993 603 3117 674 134,
3158 605 3512 664 Schoemann.

1957 694 2100 752 Hist.
2123 695 2235 767 jur.
2264 693 2426 768 publ.
2476 692 2610 758 284.
2640 692 2774 761 267.

2039 783 2123 838 Ex
2149 781 2350 837 eodem
2378 797 2553 854 opere
2579 776 2862 834 fluxerunt
2890 778 3195 850 sequentia.

2721 900 2773 954 8.

2041 1022 2320 1080 Plutarch.
2363 1022 2557 1078 Solon.
2581 1039 2628 1076 c.
2660 1019 2731 1075 23
2768 1016 2980 1085 εὈλως
3025 1015 3078 1074 δὲ
3109 1014 3356 1087 πλείστην
3380 1017 3546 1098 ἔχειν-

1962 1105 2181 1164 ἀτοπίαν
2202 1109 2250 1165 οἱ
2274 1105 2394 1187 περὶ
2415 1108 2517 1163 τῶν
2535 1107 2790 1183 γυναικῶν
2809 1104 2960 1181 νόμοι
2978 1106 3051 1183 τῷ
3074 1103 3273 1163 Σόλωνι
3291 1106 3517 1168 δοκοῦσι.
3543 1101 3556 1118 '

1965 1193 2164 1274 Μοιχὸν
2220 1193 2315 1271 μὲν
2369 1193 2469 1275 γὰρ
2529 1195 2726 1252 ἀνελεῖν
2785 1197 2859 1274 τῷ
2908 1191 3124 1251 λαὸόντι
3162 1191 3349 1252 ἔδωκεν
3366 1216 3380 1230 ·
3430 1193 3517 1252 ἐὰν

1962 1286 2007 1341 δ’
2037 1282 2252 1362 ἁρπάσῃ
2278 1306 2351 1348 τις
2377 1281 2645 1360 ἐλευθέραν
2674 1288 2893 1358 γυναῖκα
2915 1280 3005 1339 καὶ
3032 1280 3306 1360 βιάσηται,
3328 1282 3520 1359 ζημίαν

1962 1369 2145 1429 ἑκατὸν
2166 1369 2405 1450 δραχμὰς
2436 1367 2609 1436 ἔταξε·
2632 1366 2729 1426 κᾶν
2765 1390 3137 1445 προαγωγευῃ,
3178 1367 3418 1446 δραχμας
3445 1367 3517 1427 εἴ·

1960 1480 2103 1531 κοσι,
2127 1456 2263 1527 πλὴν
2290 1455 2410 1516 ὅσαι
2439 1453 2778 1537 πεφασμένως
2806 1456 3128 1525 πωλοῦνται,
3150 1454 3317 1531 λέγων
3342 1455 3405 1527 δὴ
3427 1456 3520 1524 τὰς

1960 1543 2185 1624 ἑταίρας·
2202 1501 2355 1602 άῖται
2371 1541 2473 1622 γὰρ
2494 1545 2734 1622 ἐμφανῶς
2754 1544 2966 1623 φοιτῶσι
2988 1541 3111 1622 πρὸς
3132 1565 3246 1609 τους
3269 1541 3516 1610 διδόντας.

1960 1630 2086 1692 'Eri
2122 1632 2166 1690 δ’
2204 1628 2321 1690 οὔτε
2361 1629 2644 1710 θυγατέρας
2680 1631 2873 1688 πωλεῖν
2903 1626 3009 1688 οὔτ’
3049 1628 3271 1709 ἀδελφας
3311 1631 3518 1703 δίδωσι,

1945 1717 2166 1790 ’πλὴν
2140 1744 2202 1778 αν
2241 1717 2321 1824 μὴ
2371 1715 2514 1796 λάδῃ
2561 1716 2810 1798 παρθένον
2863 1717 3037 1820 eivalm
3052 1717 3518 1795 συγγεγενημένην.

1964 1807 2041 1867 Τὸ
2073 1805 2115 1865 δ’
2141 1808 2205 1864 αὖ
2211 1805 2268 1864 ,ὸ
2299 1813 2524 1886 πραγμα
2572 1802 2699 1862 ποτὲ
2741 1803 2834 1880 μὲν
2870 1806 3066 1883 πικρῶς
3104 1804 3194 1861 καὶ
3223 1805 3519 1883 ἀπαραιτή-

1959 1917 2059 1960 τως
2087 1892 2341 1966 κολάζειν,
2370 1890 2493 1952 ποτὲ
2523 1891 2569 1950 δ’
2595 1889 2816 1956 εὐκόλως
2838 1913 2926 1949 και
2954 1890 3204 1958 παίζοντα
3232 1892 3520 1971 πρόστιμον

1962 1980 2153 2059 ζημίαν
2181 1981 2278 2053 τὴν
2303 1986 2562 2060 τυχοῦσαν
2592 1979 2824 2060 ὁρίζοντα
2848 1978 3033 2057 ἄλογόν
3058 1980 3194 2038 ἐστι·
3214 1979 3350 2051 πλὴν
3373 1982 3417 2039 εἰ
3443 1980 3517 2058 μὴ

1962 2069 2294 2139 σπανίζοντος
2323 2069 2434 2128 τότε
2464 2071 2551 2127 τοῦ
2580 2066 2896 2145 νομίσματος
2920 2069 2972 2124 ἐν
2999 2071 3065 2145 τῇ
3106 2065 3254 2127 πόλει
3289 2068 3520 2145 μεγάλας

1962 2158 2124 2217 ἐποίει
2154 2154 2244 2225 τὰς
2271 2154 2551 2237 ἀργυρικὰς
2587 2153 2776 2232 ζημίας
2802 2154 2860 2213 τὸ
2896 2153 3257 2234 δυσπόριστον.
3303 2159 3394 2223 Εἷς
3424 2155 3516 2233 μέν

1962 2268 2021 2321 γε
2058 2244 2121 2305 τὰ
2159 2244 2435 2322 τιμήματα
2477 2247 2575 2301 τῶν
2616 2245 2802 2301 θυσιῶν
2838 2243 3094 2321 λογίζεται
3126 2242 3387 2322 πρόὸατον
3429 2243 3538 2302 καὶ·

1962 2332 2205 2410 δραχμὴν
2236 2329 2350 2390 ἀντὶ
2379 2329 2657 2408 μεδίμνου,
2680 2332 2754 2408 τῷ
2788 2330 2832 2387 δ’
2855 2327 3068 2405 Ἴσθμια
3102 2329 3373 2401 νικήσαντι
3397 2331 3518 2407 δρα·

1961 2420 2105 2524 χμὰς
2128 2418 2304 2487 ἔταξεν
2326 2418 2507 2477 ἕκατον
2535 2417 2788 2488 δίδοσθαι,
2810 2419 2883 2474 τῶ
2908 2417 2952 2474 δ
2972 2414 3245 2491 Ὀλύμπια
3266 2439 3517 2475 πεντακο·

1963 2505 2106 2578 σίας,
2129 2504 2286 2564 λύκον
2306 2505 2360 2564 δὲ
2381 2509 2453 2616 τῶ
2473 2504 2746 2581 κομίσαντι
2772 2501 2925 2562 πέντε
2953 2502 3193 2582 δραχμὰς
3217 2502 3405 2575 ἔδωκε,
3423 2504 3515 2560 λυ-

1962 2591 2110 2650 κιδέα
2135 2590 2188 2650 δὲ
2210 2581 2413 2666 μίαν,ῗ
2375 2615 2447 2648 ων
2471 2613 2625 2666 φησιν
2649 2594 2677 2650 ὁ
2700 2587 2980 2669 Φαληρευς
3017 2588 3314 2668 Δημήτριος
3344 2588 3402 2647 τὸ
3422 2587 3515 2665 μὲν

1964 2678 2080 2757 βοος
2107 2669 2269 2751 εἶναι,
2298 2701 2356 2738 το
2384 2674 2437 2735 δὲ
2462 2675 2720 2757 προὸάτου
2740 2679 2921 2754 τιμήν.

2711 2811 2768 2865 9.

2042 2916 2232 2973 Schol.
2266 2916 2434 2975 Arist.
2469 2916 2622 2975 Nub.
2650 2913 2722 2988 37
2747 2932 2762 2973 :
2789 2912 3088 2994 Δημήτριος
3119 2909 3173 2971 δὲ
3194 2915 3221 2972 ὁ
3240 2911 3519 2992 Φαληρεύς

1964 3027 2111 3084 φησι·
2138 3030 2161 3056 α
2186 3003 2293 3064 Καὶ
2317 3001 2615 3083 δημάρχους
2645 3006 2691 3061 οἱ
2727 3002 2844 3080 περὶ
2880 3002 3096 3062 Σόλωνα
3128 3001 3435 3061 καθίσταντο
3464 3003 3516 3060 ἐν

1960 3092 2131 3171 πολλῇ
2160 3091 2394 3169 σπουδῇ,
2416 3088 2501 3148 ἵνα
2527 3092 2573 3148 οἱ
2604 3088 2741 3147 κατὰ
2770 3092 2931 3165 δῆμον
2975 3090 3153 3148 διδῶσι
3189 3088 3279 3148 καὶ
3305 3088 3516 3165 λαμὲά·

1960 3201 2087 3237 νωσι
2108 3175 2173 3236 τὰ
2193 3177 2368 3235 δίκαια
2385 3179 2511 3257 παρ’
2533 3175 2792 3248 ἀλλήλων.
2815 3204 2838 3229 n
2869 3179 2951 3236 Cf.
2980 3179 3291 3235 Aristotelis
3317 3178 3389 3236 sr.
3423 3176 3510 3233 18.

2703 3318 2770 3356 10

2037 3418 2289 3473 Lexieon
2329 3415 2567 3472 Rhetor.
2609 3414 2680 3470 ad
2706 3415 2930 3481 ,calcem
2960 3414 3142 3469 Photii
3182 3434 3242 3488 p.
3274 3413 3416 3485 667,
3453 3433 3511 3471 v.

1956 3583 2196 3632 videntur.
2220 3583 2250 3632 J
2255 3594 2310 3629 us
2325 3579 2451 3629 enim
2465 3579 2735 3629 adulterum
2753 3577 3000 3627 occidendi
3016 3577 3384 3639 deprehendenti
3406 3591 3517 3627 con·

1957 3661 2123 3721 cessit3
2156 3658 2331 3723 quodsi
2374 3659 2486 3721 quis
2528 3657 2726 3707 liberam
2760 3657 3007 3707 mulierem
3048 3660 3232 3719 raperet
3262 3660 3312 3706 et
3341 3658 3440 3706 vim
3471 3658 3517 3707 ei

1958 3740 2181 3798 inferret,
2221 3736 2454 3786 mulctam
2498 3734 2542 3785 ei
2591 3737 2785 3784 centum
2826 3734 3078 3783 drachmas
3131 3735 3397 3797 coustituit3
3440 3736 3515 3785 sin

1960 3816 2280 3880 prostituisset
2302 3812 2542 3878 (exceptis
2571 3812 2657 3875 iia,
2679 3825 2792 3874 quae
2816 3811 2972 3874 palam
2999 3811 3292 3874 venduntur,
3320 3812 3414 3861 hoc
3444 3814 3518 3862 est

1959 3893 2315 3954 meretricibuS,
2358 3906 2467 3956 quae
2499 3891 2705 3955 pretium
2743 3890 2876 3939 danti
2913 3891 3282 3952 obsequuntur),
3333 3890 3512 3953 viginti.

1961 3972 2104 4023 Filias
2136 3970 2344 4020 vendere
2388 3981 2670 4031 sororesque
2714 3967 2983 4031 prohibuit,
3045 3967 3137 4017 nisi
3178 3967 3371 4029 quae'iu
3412 3970 3516 4016 stu-

1959 4064 2046 4115 pro
2081 4050 2388 4113 deprebensa.²
2425 4049 2597 4098 essent.
2643 4049 2901 4115 Enimvero
2933 4046 3105 4097 rationi
3144 4049 3516 4095 consentaneum

1960 4141 2054 4177 nou
2082 4130 2154 4176 est
2170 4163 2185 4186 ,
2204 4125 2333 4175 idem
2360 4124 2545 4175 facinus
2571 4124 2716 4174 modo
2737 4124 2834 4173 acri
2858 4126 2908 4174 et
2925 4124 3144 4174 extremo
3165 4123 3397 4185 supplicio
3418 4122 3516 4185 ple·

1958 4209 2116 4267 ctere,
2143 4205 2287 4255 modo
2305 4203 2474 4254 leviter
2494 4206 2544 4253 et
2563 4202 2699 4267 quasi
2720 4216 2804 4265 per
2817 4202 2981 4264 iocum
3004 4213 3312 4264 quacumque
3336 4203 3517 4251 mulcta

1960 4286 2219 4348 proposita.
2260 4283 2356 4334 Nisi
2396 4284 2521 4333 sorte
2556 4295 2665 4332 rara
2686 4284 2792 4333 tum
2817 4281 3017 4332 Athenis
3041 4268 3526 4344 pecunia,mulctam'

1959 4363 2219 4413 difficultas
2263 4361 2399 4411 numi
2437 4360 2636 4425 parandi
2671 4374 2890 4424 niagnam
2922 4359 3153 4410 effecerit.
3186 4362 3307 4410 Nam
3344 4361 3394 4409 et
3437 4372 3516 4408 sa·

1958 4442 2136 4493 crificia
2162 4455 2255 4492 ove
2280 4441 2660 4501 aestimabantur,
2685 4442 2735 4490 et
2767 4452 2855 4504 pro
2882 4438 3129 4488 medimna
3160 4438 3386 4488 denarius
3427 4457 3439 4487 :
3466 4438 3517 4487 et

1959 4521 2042 4583 qui
2066 4520 2263 4570 Isthmia
2284 4520 2504 4579 vicisset,
2532 4517 2574 4568 ei
2599 4520 2791 4568 centum
2816 4516 3036 4567 denarios
3060 4515 3164 4566 dari
3181 4517 3320 4577 jussit
3341 4515 3515 4576 Solon,

1958 4597 2043 4660 qui
2064 4596 2313 4661 Olympia,
2332 4595 2616 4659 quingentos
2640 4611 2656 4657 ς
2683 4594 2768 4658 qui
2793 4593 2964 4656 lupum
2991 4593 3255 4654 attulisset,
3276 4593 3514 4655 quinque,

1959 4674 2042 4738 qui
2070 4675 2285 4725 catulum
2323 4672 2452 4736 lupi,
2477 4686 2659 4734 unum,
2687 4662 2895 4734 quorum
2931 4670 3025 4720 hoc
3058 4670 3188 4731 ovis,
3225 4670 3343 4720 illud
3382 4671 3517 4720 bovis

1960 4752 2166 4816 pretium
2190 4766 2292 4803 esse
2319 4751 2590 4803 Demetrius
2617 4750 2874 4800 Phalereus
2896 4748 3084 4799 asserit.

2698 4842 2751 4892 9.

2021 4942 2290 4992 Demetrius
2323 4940 2575 4992 Phalereus
2592 4941 2706 4992 dicit
2728 4959 2742 4991 ε
2768 4961 2792 4985 α
2812 4938 3106 4990 Demarchos
3131 4951 3324 5002 quoque
3365 4938 3514 4989 Solon

1958 5018 2189 5081 instituit,
2207 5032 2493 5082 magnopere
2514 5017 2740 5081 studens,
2772 5020 2829 5068 ut
2851 5015 3021 5081 pagani
3045 5017 3095 5067 iu
3127 5016 3322 5080 singulis
3339 5017 3469 5081 pagis
3486 5031 3515 5066 a

1960 5111 2013 5148 se
2042 5098 2246 5148 invicem
2263 5098 2343 5160 ius
2364 5096 2658 5160 acciperent,
2684 5095 2871 5159 sibique
2887 5094 3072 5145 darent.
3099 5114 3123 5140 ι»

2693 5180 2777 5229 10.

2023 5266 2078 5313 in
2093 5262 2282 5326 judiciis
2294 5262 2354 5313 de
2372 5260 2678 5328 εἰσαγγελίαις
2691 5260 2955 5315 secundum
2973 5262 3311 5313 Philochorum
3329 5259 3514 5323 judiees
