4016 5916
1695 372 2184 436 FRAGMENTA.
3425 382 3456 432 2
3469 383 3494 433 7
3511 382 3532 434 ι

517 518 575 577 3.
620 516 733 594 Περ
732 510 753 572 l
780 513 1019 582 αὐλητῶν
1038 511 1194 588 (60).

518 612 574 670 4.
616 596 879 678 Ἱστορικὰ
898 600 990 667 τῆς
1017 593 1406 675 ἀρμονικῆςῌ.
1432 594 1505 652 fr.
1537 592 1669 670 42).

354 729 453 785 tv.
498 724 554 781 Μ
558 739 908 781 iscaumn

526 858 574 897 1.
618 830 1028 909 Ὑπομνηματα.

598 940 654 981 α.
696 915 1085 995 Ὑπομνήματα
1106 912 1342 995 ἱστορικά
1373 913 1472 990 (83
1497 934 1619 989 sqq.
1631 913 1675 990 ).

599 1011 649 1067 b.
697 1004 852 1068 Κατὰ
883 1000 1097 1085 βραχυ*
1077 1000 1430 1079 υπομνήματα
1453 999 1589 1076 (85).

601 1115 651 1156 c.
694 1090 1023 1168 Σύμμικτα*
1002 1091 1356 1167 υπομνήματα
1388 1088 1491 1165 (86
1519 1087 1697 1162 sqq.).

595 1184 650 1238 d.
690 1177 774 1238 T&
804 1200 907 1236 σπο
943 1178 1071 1249 ἅδην
1097 1177 1234 1255 (89).

525 1288 575 1325 2.
617 1262 896 1345 Συγκρίσει
970 1261 1089 1342 60).

524 1355 579 1414 3.
625 1352 909 1431 Σύμμικτα
932 1350 1227 1428 συμποτικά
1265 1346 1408 1430 (90).

360 1482 429 1537 V.
471 1482 821 1535 monnau-rx
862 1494 1109 1534 incra-rr.

524 1593 955 1677 Πραξιδαμοίντια
995 1597 1083 1674 (fr.
1121 1595 1268 1671 51.).

523 1687 853 1764 Epimethea
878 1684 978 1762 (fr.
1011 1681 1136 1762 92).

1994 507 2150 563 ribus
2178 507 2292 582 egit
2319 508 2511 565 altera.
2542 506 2757 563 Citatur
2781 506 2946 561 semel
2981 516 3194 560 tantum
3222 505 3376 581 apud
3401 512 3540 564 Ant-

1993 596 2248 660 monium
2291 592 2388 668 (fr.
2425 599 2528 669 40)
2564 591 2636 649 de
2662 592 3068 668 significatione
3099 612 3302 650 vocum
3329 591 3540 671 ῥύεσθαι

1994 692 2052 737 et
2073 678 2328 759 ἐρύεσθαι.
2357 681 2525 738 Unde
2552 680 2796 755 colligis,
2835 679 2894 734 id
2926 679 3083 751 quod
3112 680 3349 736 aliorum
3374 685 3541 738 etiam

1995 769 2262 842 exemplis
2301 768 2594 842 probabile
2619 764 2717 836 fit,
2746 785 2863 822 non
2885 777 3100 822 tantum
3128 765 3199 822 de
3223 769 3336 824 vita
3367 771 3546 845 tragi-

1996 874 2214 926 corum,
2235 855 2306 911 de
2325 856 2640 912 fabularum
2658 854 2895 922 ratione,
2921 871 3182 922 numero,
3198 855 3368 924 serie,
3396 865 3545 911 tem·-

1996 942 2250 1016 poribus,
2269 960 2539 1012 successu,
2566 940 2983 1000 recensionibus
3003 950 3293 996 auctorem
3317 940 3542 1014 dixisse,

1995 1028 2097 1086 sed
2122 1030 2288 1086 etiam
2318 1028 2570 1086 indolem
2605 1028 2909 1096 orationis,
2945 1044 3017 1082 ne
3063 1028 3291 1082 minutis
3313 1028 3546 1101 quidem

1996 1117 2368 1189 grammaticae
2417 1116 2693 1192 capitibus
2725 1115 3129 1189 praetermissis,
3166 1115 3225 1168 in
3266 1133 3545 1171 commen·

2000 1203 2153 1259 tariis
2176 1203 2478 1277 exegeticis
2504 1215 2561 1259 et
2587 1203 2791 1259 criticis
2823 1201 3137 1259 illustrasse.
3180 1202 3328 1256 Num
3367 1204 3546 1260 simile

2000 1290 2142 1362 quid
2160 1292 2410 1346 Homero
2436 1289 2632 1347 fecerit
2652 1288 2723 1345 de
2751 1288 3054 1357 industria,
3082 1307 3152 1344 an
3179 1306 3286 1361 pro
3316 1307 3378 1346 re
3411 1302 3539 1347 nata

2000 1375 2072 1432 de
2092 1395 2205 1432 uno
2225 1377 2471 1432 alterove
2496 1376 2728 1433 Homeri
2754 1375 2884 1430 loco
2904 1374 3250 1444 disseruerit,
3271 1377 3548 1432 incertum

1999 1459 2204 1539 est(V.
2233 1474 2356 1521 not.
2383 1461 2457 1518 ad
2484 1462 2554 1519 fr.
2599 1457 2724 1538 4⁰)·
2763 1463 3109 1518 Peculiarem
3147 1481 3283 1519 vero
3317 1483 3548 1538 operam

1999 1567 2223 1606 navasse
2264 1549 2330 1604 iis
2367 1567 2599 1623 poeseos
2633 1560 2690 1605 et
2733 1549 2864 1605 artis
2906 1549 3224 1605 dramaticae
3265 1551 3544 1626 partibus,

2000 1655 2124 1709 quae
2144 1655 2270 1692 cum
2294 1638 2504 1693 musica
2522 1635 2832 1710 conjuncta
2856 1649 3038 1712 erant,
3060 1656 3234 1711 quum
3257 1656 3362 1712 per
3377 1656 3434 1694 se
3463 1640 3544 1694 in·

2002 1724 2289 1798 telligitur,
2329 1734 2448 1780 tum
2488 1720 2828 1782 documento
2866 1735 2947 1780 est
2969 1724 3114 1780 liber
3139 1727 3224 1780 De
3253 1724 3547 1782 saltatione

443 1819 810 1892 Fragmenta,
858 1824 1001 1889 quot
1056 1824 1386 1888 supersunt,
1434 1813 1639 1886 partim
1679 1831 1711 1867 e
1756 1811 1911 1866 libris
2003 1814 2234 1886 tragica.
2306 1809 2393 1870 Τὰ
2456 1808 2804 1887 ὑπομνήματα
2865 1830 3124 1887 magnam
3183 1812 3398 1887 part'em
3460 1815 3550 1870 vel

366 1903 539 1961 modo
566 1903 877 1970 recensitis,
906 1903 1113 1976 partim
1142 1919 1277 1956 vero
1302 1899 1458 1955 haud
1494 1898 1666 1956 dubie
1690 1917 1756 1955 ex
1795 1899 1912 1954 aliis

366 1990 632 2066 operibus
699 2007 947 2064 quorum
1009 1989 1201 2046 titulos
1269 1988 1592 2062 ignoramus
1642 1987 1876 2060 repetita
1891 2026 1907 2056 ,

366 2078 719 2136 exhibuimus
747 2076 936 2132 omnia
971 2084 1178 2150 praeter
1208 2091 1273 2130 ea
1314 2092 1438 2148 quae
1481 2073 1554 2129 ad
1594 2071 1912 2129 doctrinam

362 2160 702 2238 rhytmicam
725 2177 783 2223 et
833 2161 906 2218 ad
929 2172 1138 2219 ceteras
1163 2161 1383 2217 musicae
1417 2171 1601 2235 partes
1637 2159 1914 2215 technicas

366 2252 702 2327 pertinentia
721 2250 902 2325 aptius
916 2247 1325 2326 subjungentur
1346 2248 1505 2322 operi
1522 2248 1801 2321 superstiti
1827 2249 1912 2302 De

368 2340 651 2395 elementis
671 2337 1029 2393 harmonicis.

426 2427 599 2500 *Inter
618 2423 879 2479 historica
908 2422 1226 2479 Aristoxeni
1255 2439 1427 2494 opera
1444 2463 1460 2491 ,
1483 2439 1604 2494 quae
1629 2421 1816 2477 omnia
1841 2420 1913 2477 ad

364 2514 763 2589 philosophiae,
789 2511 1022 2565 musices
1049 2519 1105 2566 et
1138 2525 1372 2582 poeseos
1409 2508 1699 2564 historiam
1730 2509 1909 2583 perti-

364 2611 529 2670 nent,
569 2601 816 2675 primum
861 2599 1050 2653 locum
1092 2596 1355 2651 obtinent
1392 2595 1524 2650 libri
1568 2591 1682 2655 Βίοι
1710 2594 1910 2673 ἀνδρῶν

368 2689 647 2762 inscripti,
673 2704 814 2759 quos
842 2703 971 2740 cum
1003 2684 1123 2739 aliis
1149 2683 1419 2739 similibus
1443 2683 1735 2757 componit
1777 2685 1913 2739 Hie-

368 2793 633 2848 ronymus
660 2775 801 2829 nist.
834 2772 985 2829 Eccl.
1011 2769 1172 2828 Praef.
1208 2788 1223 2826 ε
1254 2770 1505 2825 Hortaris
1531 2783 1593 2824 ut
1624 2771 1906 2845 Tranquil-

370 2864 480 2918 lum
505 2879 732 2935 sequens
752 2859 1140 2914 ecclesiasticos
1155 2862 1448 2934 scriptores
1470 2861 1528 2912 in
1550 2858 1797 2913 ordinem
1823 2859 1913 2912 di-

362 2967 557 3025 geram
570 2992 591 3017 ,
614 2958 673 3004 et
688 2945 838 3021 quod
859 2945 955 3000 ille
981 2947 1037 2999 in
1064 2945 1449 3001 enumerandis
1470 2946 1764 3018 gentilium
1793 2946 1911 3001 lite·

368 3054 553 3092 rarum
606 3040 737 3090 viris
770 3031 927 3105 fecit
968 3033 1293 3100 illustribus,
1358 3034 1424 3088 id
1471 3050 1575 3105 ego
1609 3038 1667 3087 in
1716 3039 1916 3089 nostris

369 3118 600 3181 faciam.
616 3164 655 3179 ..
686 3123 955 3177 Fecerunt
971 3120 1189 3193 quidem
1216 3118 1321 3175 hoc
1348 3120 1505 3193 apud
1530 3121 1747 3175 Graecos
1768 3120 1910 3174 Her-

373 3214 588 3283 mippus
598 3211 1009 3283 peripateticus,⁴
1034 3206 1342 3279 Antigonus
1360 3205 1660 3279 Carystius,
1685 3207 1916 3278 Satyrus

370 3296 562 3352 doctus
576 3301 682 3363 vir,
707 3308 760 3351 et
775 3298 1011 3351 omnium
1031 3294 1190 3369 longe
1204 3295 1544 3350 doctissimus
1562 3299 1917 3349 Aristoxenus

377 3387 637 3449 musicus,
695 3392 801 3437 etc.
850 3382 949 3437 His
992 3380 1138 3437 adde
1187 3381 1548 3435 Plutarchum
1598 3382 1659 3435 in
1704 3381 1907 3439 Moral.

373 3487 436 3542 p.
501 3467 678 3543 1093,
728 3470 772 3524 B
819 3486 835 3524 ε
893 3462 1065 3526 υΟταν
1128 3463 1182 3524 δὲ
1224 3462 1384 3542 μηδὲν
1434 3464 1625 3544 ἔχουσα
1685 3465 1913 3544 λυπηρὸν

375 3551 411 3623 ἢ
446 3551 699 3632 βλαὸερὸν
736 3550 932 3633 ἱστορία
961 3551 1051 3610 καὶ
1090 3551 1325 3630 διήγησις
1358 3550 1442 3611 ἐπὶ
1476 3550 1692 3632 πράξεσι
1720 3554 1909 3621 καλαῖς

372 3639 466 3697 καὶ
494 3638 739 3715 μεγάλαις
766 3637 1038 3719 προσλᾶὅῃ
1061 3639 1210 3717 λόγον
1235 3643 1425 3719 ἔχοντα
1452 3637 1669 3717 δύναμιν
1693 3639 1783 3699 καὶ
1813 3642 1909 3719 χοὶ·

377 3748 485 3806 ριν,
506 3728 574 3791 ὡς
597 3726 682 3784 τὸν
706 3724 985 3805 Ἡροδότου
1009 3725 1075 3785 τὰ
1096 3724 1415 3798 Ἑλληνικὰ,
1444 3726 1535 3784 καὶ
1566 3725 1804 3807 Περσικὰ
1828 3727 1914 3787 τὸν

375 3813 711 3891 Ξενοφῶντος
725 3834 739 3850 ·
785 3812 883 3872 ὅσα
904 3813 958 3871 δὲ
975 3810 1218 3894 ”Ομηρος
1243 3810 1477 3872 ἐθέσπισε
1498 3810 1717 3871 θέσκελα
1737 3811 1912 3889 εἰδὼς,

383 3897 534 3976 ἢγῆς
584 3897 860 3978 Περιόδους
908 3903 1159 3975 Εὔδοξος,
1194 3905 1230 3970 ἦ
1274 3897 1480 3964 Κτίσεις
1521 3897 1613 3957 καὶ
1656 3900 1918 3968 πολιτείας

378 3984 727 4066 Ἀριστοτέλης
739 4032 755 4059 ,
792 3983 827 4056 ἢ
858 3985 1010 4051 Βίους
1050 3986 1247 4064 ἀνδρῶν
1287 3983 1623 4066 Ἀριστόξενος
1662 3985 1916 4069 ἔγραψεν,

374 4074 433 4131 οὗ
461 4072 612 4149 μόνον
635 4071 769 4151 με’γα
792 4071 881 4131 καὶ
903 4072 1033 4133 πολὺ
1056 4071 1113 4131 τὸ
1136 4074 1428 4154 εὐφραῖνον,
1454 4074 1590 4132 ἀλλὰ
1625 4074 1716 4134 καὶ
1747 4082 1917 4135 καθα-

382 4158 467 4239 ρὸν
492 4159 583 4219 καὶ
615 4160 1010 4237 ἀμεταμέλητόν
1035 4162 1190 4221 ἔστιν.

458 4249 782 4307 Laudantur
811 4253 947 4307 Vitae
983 4251 1310 4327 Pythagorae
1349 4251 1579 4325 ejusque
1611 4252 1919 4327 discipulo-

379 4354 503 4390 rum
523 4377 541 4408 ‚
567 4347 623 4391 et
644 4338 900 4410 Archytae
917 4379 935 4411 ,
965 4340 1206 4394 Socratis
1220 4379 1238 4408 ,
1270 4339 1544 4410 Platonis,
1575 4350 1716 4396 etex
1738 4342 1921 4414 poetis

377 4423 622 4478 Telestis.
656 4428 736 4479 Ac
759 4426 989 4480 omnino
1014 4426 1073 4479 in
1092 4425 1563 4500 philosophorum
1580 4469 1595 4497 ,
1618 4438 1918 4501 poetarum

374 4520 436 4564 et
454 4509 678 4566 fortasse
700 4512 1045 4568 musicorum
1072 4512 1429 4586 quorundam
1448 4514 1575 4570 vitis
1599 4513 1919 4571 describen-

380 4597 465 4652 dis
491 4599 823 4654 continuisse
848 4617 905 4655 se
928 4600 1291 4656 Aristoxenus
1316 4600 1560 4659 videtur.
1583 4603 1725 4658 Nam
1761 4601 1920 4677 quod

380 4682 452 4738 de
487 4685 746 4760 Lycurgo
771 4703 840 4741 ex
881 4687 1217 4742 Aristoxeno
1247 4687 1349 4763 (fr.
1391 4682 1495 4764 37)
1535 4688 1797 4760 traditur,
1826 4691 1921 4746 vix

376 4768 613 4842 sufficit,
642 4782 708 4827 ut
741 4772 873 4829 huic
919 4790 1147 4847 quoque
1181 4792 1341 4829 suum
1384 4775 1442 4829 in
1467 4777 1720 4832 Vitarurn
1748 4796 1922 4851 opere

380 4856 569 4912 locum
619 4857 782 4915 fuisse
842 4858 1200 4920 affirmemus.
1258 4862 1567 4937 Relegandi
1619 4865 1784 4919 etiam
1830 4865 1919 4917 vi-

381 4940 587 4999 dentur
626 4955 809 5018 poetae
866 4947 1090 5022 tragici,
1144 4947 1348 5021 quibus
1397 4951 1678 5023 peculiare
1722 4952 1924 5006 Noster

376 5047 519 5102 opus
546 5034 917 5103 consecravit,
940 5035 998 5088 in
1022 5034 1191 5104 duas,
1216 5046 1281 5091 ut
1296 5035 1540 5105 videtur,
1565 5036 1920 5093 distributum

380 5129 594 5192 partes,
619 5138 855 5194 quarum
882 5124 1045 5196 prior
1073 5122 1144 5180 de
1172 5124 1611 5198 antiquioribus,
1641 5124 1711 5181 de
1731 5123 1919 5197 junio·

1998 1902 2388 1973 promptuaria
2401 1901 2488 1955 vel
2500 1900 2885 1974 supplementa
2899 1899 3105 1956 fuerint
3119 1918 3332 1971 eorum,
3348 1919 3470 1973 quae
3491 1903 3550 1956 in

2001 1984 2309 2057 majoribus
2334 1986 2600 2060 operibus
2637 1997 2985 2044 tractaverat.
3009 1987 3098 2044 Sic
3132 2006 3256 2061 quae
3284 2005 3352 2044 ex
3379 1983 3549 2044 Ὑπο-

2003 2068 2243 2145 μνήμασι
2285 2071 2557 2149 ἱστορικοῖς
2603 2072 2704 2150 (sr.
2753 2072 2860 2150 83)
2904 2073 3217 2130 asseruntur
3260 2074 3333 2130 ad
3380 2076 3549 2132 vitam

2001 2158 2252 2216 Platonis
2279 2161 2588 2234 pertinent,
2609 2179 2732 2234 quae
2755 2161 2816 2216 in
2835 2165 2940 2226 τοῖς
2960 2157 3096 2217 κατὰ
3122 2157 3292 2238 βραχὺ
3319 2158 3550 2237 ὑπομνή-

2003 2266 2138 2319 μασι
2166 2246 2238 2303 de
2266 2247 2576 2321 Harpalyce
2604 2248 2878 2304 cantilena
2904 2247 3238 2305 exhibentur
3269 2247 3368 2323 (fr.
3399 2248 3548 2323 85),

1993 2332 2286 2409 jungenda
2304 2347 2434 2392 sunt
2453 2336 2520 2391 iis
2539 2353 2666 2409 quae
2695 2334 2766 2392 de
2791 2335 2988 2391 eadem
3008 2353 3070 2390 re
3092 2336 3150 2389 in
3178 2335 3324 2391 libro
3346 2346 3550 2409 quarto

2001 2423 2086 2477 De
2113 2423 2323 2479 musica
2346 2432 2589 2492 exstant;
2621 2421 2864 2496 denique
2892 2440 3018 2496 quae
3039 2441 3108 2477 ex
3153 2427 3258 2487 τοῖς
3287 2418 3550 2501 σποράδην

2006 2507 2112 2583 (fr.
2146 2504 2252 2586 89)
2287 2508 2359 2566 de
2386 2511 2616 2584 Mysone
2653 2510 2901 2584 sapiente
2935 2510 3112 2584 petita
3149 2520 3309 2585 sunt,
3337 2511 3552 2584 proba-

2001 2595 2192 2653 biliter
2224 2598 2392 2654 etiam
2416 2598 2479 2653 in
2519 2593 2687 2668 Βίοις,
2725 2598 2827 2653 ubi
2867 2608 3093 2671 septem,
3118 2598 3391 2671 sapientes
3433 2616 3553 2653 non

2003 2686 2254 2741 omiserit
2279 2695 2497 2755 auctor,
2521 2686 2612 2741 vel
2639 2685 2968 2759 legebantur
2991 2685 3082 2739 vel
3125 2685 3233 2759 legi
3264 2695 3548 2759 poterant.

2001 2773 2260 2829 Ceterum
2290 2774 2559 2846 quaeritur
2584 2792 2656 2828 an
2680 2773 2911 2828 diversis
2944 2773 3057 2827 istis
3085 2771 3551 2829 Commentario-

2001 2878 2130 2913 rum
2165 2859 2338 2914 titulis
2380 2859 2598 2915 diversa
2626 2860 2791 2914 etiam
2820 2875 2993 2932 opera
3020 2859 3440 2935 contineantur,
3479 2879 3553 2916 an

2003 2965 2122 3002 non
2149 2946 2264 3002 baec
2307 2946 2732 3020 inscriptionum
2771 2944 3018 3017 ejusdem
3059 2943 3189 2999 libri
3231 2945 3465 3000 varietas
3491 2947 3553 3001 in

2004 3052 2167 3089 causa
2206 3032 2403 3103 suerit,
2451 3044 2515 3089 ut
2555 3032 2769 3108 ingenti
2794 3033 2893 3088 illo
2940 3032 3218 3088 librorum
3254 3050 3491 3088 numero
3520 3053 3554 3089 a

2003 3120 2178 3177 Suida
2203 3121 2292 3176 vel
2334 3120 2452 3193 ejus
2478 3131 2708 3177 auctore
2749 3120 3023 3176 memoria
3052 3119 3373 3175 Aristoxeni
3409 3137 3555 3176 one-

2002 3219 2128 3264 rata
2160 3209 2250 3264 sit.

2086 3296 2388 3351 Maximam
2436 3294 2598 3351 fuisse
2642 3295 2962 3351 Aristoxeni
3007 3293 3079 3349 de
3122 3292 3291 3348 rebus
3334 3294 3555 3350 musicis

2004 3383 2394 3438 auctoritatem
2421 3401 2541 3437 non
2564 3394 2645 3439 est
2684 3399 2786 3437 cur
2812 3381 3070 3455 pluribus
3112 3380 3220 3435 hoc
3251 3381 3379 3436 loco
3412 3400 3552 3454 pro·

2002 3469 2217 3527 bemus.
2261 3470 2539 3540 Quantum
2565 3471 2890 3526 Aristoxeni
2929 3472 3210 3542 ingenium
3249 3471 3307 3521 in
3331 3473 3555 3522 musicis

2003 3568 2376 3631 consumptum
2393 3557 2672 3612 videmus!
2684 3556 2879 3613 Cicero
2900 3556 2976 3610 ait
2989 3558 3073 3611 De
3085 3552 3185 3609 fin.
3203 3556 3265 3612 V.
3290 3571 3309 3607 1
3321 3573 3381 3626 9.
3396 3552 3554 3609 Idem

2002 3644 2090 3699 De
2110 3655 2252 3700 orat.
2271 3646 2384 3713 ΙΙΙ,
2402 3643 2472 3709 31.
2499 3661 2514 3702 ε
2535 3646 2627 3699 An
2654 3655 2712 3697 tu
2732 3647 3041 3709 existimas,
3071 3659 3235 3715 quum
3252 3653 3391 3696 esset
3411 3643 3556 3715 Hip-

1998 3743 2256 3804 pocrates
2299 3735 2396 3787 ille
2427 3732 2599 3801 Cous,
2633 3728 2813 3801 fuisse
2846 3742 2958 3785 tum
2994 3731 3140 3785 alios
3182 3730 3422 3785 medicas
3459 3734 3556 3803 qui

2006 3819 2229 3886 morbis,
2264 3820 2408 3874 alios
2444 3825 2541 3893 qui
2561 3818 2908 3887 vulneribus,
2937 3819 3080 3872 alios
3098 3820 3196 3890 qui
3216 3818 3392 3872 oculis
3431 3835 3553 3871 me-

2005 3906 2305 3960 cierentur?
2321 3906 2470 3961 Num
2490 3911 2849 3980 geometriam
2867 3904 3101 3961 Euclide
3121 3914 3180 3959 et
3195 3902 3544 3971 Archimede,

2007 4011 2137 4047 num
2169 3996 2433 4047 musicam
2477 3994 2733 4048 Damone
2758 4004 2816 4049 et
2840 3996 3196 4057 Aristoxeno,
3233 4008 3364 4044 num
3402 3995 3554 4063 ipsas

2011 4080 2202 4133 literas
2228 4078 2603 4153 Aristophane
2628 4091 2687 4134 et
2723 4078 3074 4134 Callimacho
3101 4088 3392 4142 tractante,
3439 4088 3554 4130 tam

2008 4165 2313 4239 discerptas
2317 4162 2528 4235 fuisse
2580 4176 2643 4219 ut
2677 4184 2838 4221 nemo
2872 4183 3048 4237 genus
3069 4169 3371 4217 universum
3409 4180 3555 4217 com-

2002 4253 2346 4326 plecteretur,
2388 4264 2554 4326 atque
2573 4264 2636 4307 ut
2649 4254 2797 4307 alius
2817 4254 2996 4308 aliam
3019 4256 3187 4306 etiam
3209 4250 3316 4304 sibi
3328 4261 3556 4323 partem

2010 4345 2066 4394 in
2088 4360 2202 4414 qua
2227 4341 2562 4409 elaboraret,
2609 4352 2894 4415 seponeret
2913 4341 2945 4395 Ρ
2968 4340 3093 4411 Quo
3135 4348 3322 4394 autem
3368 4337 3554 4393 animo

2011 4428 2276 4483 musicam
2285 4427 2604 4484 tractaverit
2615 4428 2978 4483 Aristoxenus
2989 4435 3044 4481 et
3059 4424 3198 4497 quid
3208 4425 3558 4498 potissimum

2011 4516 2078 4570 iis
2102 4515 2338 4571 annixus
2378 4516 2467 4587 sit,
2497 4515 2668 4571 docet
2711 4514 3045 4570 Themistius
3085 4513 3243 4568 Orat.
3266 4511 3554 4581 XXXIII,

2008 4620 2068 4676 p.
2102 4601 2214 4669 364
2257 4601 2351 4661 ed.
2396 4601 2575 4660 Hard.
2615 4619 2630 4658 ε
2674 4596 3014 4678 Ἀριστόξενος
3042 4600 3070 4655 ὁ
3106 4594 3349 4673 μουσικὸς
3394 4597 3557 4668 Θηλυ-

2010 4685 2229 4765 νομὲνην
2277 4686 2380 4758 ἤδη
2424 4684 2518 4758 τὴν
2561 4685 2814 4764 μουσικὴν
2854 4687 3096 4764 ἐπειρᾶτο
3142 4683 3557 4764 ἀναρρωννύναι,

2013 4773 2165 4842 αὐτός
2191 4796 2248 4832 τε
2268 4776 2485 4852 ἀγαπῶν
2507 4797 2572 4833 τα
2602 4771 2950 4854 ἀνδρικώτερα
2971 4775 3071 4830 τῶν
3100 4793 3190 4849 κρ.
3175 4793 3442 4849 mnarum,
3466 4771 3558 4829 καὶ

2011 4864 2116 4927 τοῖς
2161 4864 2419 4936 μαθηταῖς
2468 4860 2782 4919 ἐπικελεύων
2822 4882 2914 4919 του
2960 4861 3233 4936 μαλθακου
3278 4856 3559 4938 ἀφεμένους

2012 4946 2344 5029 φιλεργεῖντὸ
2367 4947 2662 5028 ἀρρενωπὸν
2682 4950 2733 5007 ἐν
2750 4952 2856 5015 τοῖς
2878 4946 3108 5025 μέλεσιν.
3131 4945 3348 5017 Ἐπειδὴ
3372 4935 3460 5004 οὖν
3482 4968 3561 5013 τις

2013 5034 2167 5114 ἤρετο
2189 5033 2340 5093 αὐτὸν
2362 5039 2465 5094 τῶν
2493 5034 2755 5107 συνήθων·
2796 5036 2865 5097 Τί
2895 5035 2938 5094 δ’
2968 5034 3029 5092 ἄν
3055 5057 3143 5111 μοι
3165 5032 3361 5112 γίνοιτο
3400 5030 3559 5092 πλέον

2015 5121 2304 5204 ὑπεριδόντι
2349 5120 2444 5202 μὲν
2479 5127 2570 5196 τῆς
2607 5122 2722 5192 νίας
2758 5125 2846 5183 καὶ
2890 5125 3192 5205 ἐπιτερπους
3230 5121 3435 5193 ἀοιδῆς,
3464 5116 3559 5193 τὴν
