4016 5916
1436 385 1842 446 ARGOLIDIS
1891 383 2399 445 RESPUBLiCAE.

3402 396 3523 447 139·

323 515 494 594 λιτεία
526 516 742 598 σμικρόν
784 541 834 576 τι
874 523 1201 593 καινοτομεῑ,
1238 514 1486 596 ὀφελλοὺς
1525 516 1708 582 αὐτοὺς
1736 513 1865 581 τέως
1961 536 2104 591 γουν.
2190 511 2417 589 Λέγεται
2437 517 2558 588 γοῦν
2596 510 2909 583 Κλεισθένης
2931 511 3015 570 τὸν
3046 513 3395 592 ἀποκρίναντα
3423 520 3519 586 τ’ἧς

319 603 620 685 ὠνομάσθαι
646 604 842 682 λέγων,
870 609 960 663 τοῦ
988 605 1083 681 μὲν
1114 603 1349 684 ὀφέλλειν
1382 605 1656 675 δηλοῦντος
1677 603 1737 662 τὸ
1766 601 1868 662 αὕ-
1962 599 2105 671 νίκης
2135 598 2290 659 αὐτὸν
2317 602 2386 666 ὡς
2409 598 2788 677 ἐστεφάνωσεν·
2819 598 2942 659 ἔνιοι
2972 599 3015 657 δ’
3046 599 3219 659 εἰκόνα
3253 606 3410 682 φασὶν
3440 594 3516 661 εἷ·

317 695 447 768 ξειν,
471 697 642 753 αὐτῶν
678 692 732 752 δὲ
752 692 837 751 διὰ
868 692 927 751 τὸ
957 696 1025 759 εἷς
1051 695 1217 769 μῆκος
1244 689 1498 763 ηὐξῆσθαι
1522 680 1623 749 ὧδε
1647 689 1867 764 κληθέν-

1962 711 2049 746 ναι
2075 693 2166 746 τοῦ
2185 685 2449 767 κρίναντος
2469 685 2629 755 οὕτως
2657 686 2743 745 τὸν
2769 685 3048 767 ἀνδριάντα
3072 687 3159 746 τὸν
3190 690 3242 747 ἐν
3260 693 3325 769 τῇ
3354 693 3521 771 ἀγορᾷ

314 805 451 842 των·
477 780 591 840 ὅθεν
625 780 714 839 καὶ
744 779 804 840 τὸ
832 779 1056 861 ὀφείλειν
1104 777 1404 857 ὠνομάσθαι
1445 777 1600 861 φησὶν
1644 780 1736 839 οὐκ
1776 768 1870 837 οἷδ’
1964 772 2320 853 καθήμενον.]

316 870 486 936 ὅπως·
517 866 605 926 ἐπὶ
634 865 809 944 μέντοι
836 871 937 926 τῶν
978 865 1174 925 ὀὸελῶν
1198 864 1535 945 ὗπηλλάχθαι
1561 865 1620 924 τὸ
1651 889 1686 948 φ
1716 867 1785 933 εἷς
1812 864 1872 923 τὸ

322 961 354 1037 β
378 955 517 1016 κατὰ
550 953 869 1035 συγγένειαν.

398 1050 484 1108 cf.
513 1050 830 1107 Eustathius
851 1049 924 1105 ad
953 1049 1020 1104 11.
1039 1051 1110 1117 A,
1132 1067 1192 1123 p.
1219 1046 1356 1119 136,
1374 1049 1472 1104 ubi
1495 1049 1570 1104 ait
1593 1049 1730 1104 olim
1753 1044 1872 1105 360-

316 1135 409 1196 λὸν
423 1149 480 1194 et
493 1134 674 1194 ὀδελὸν
691 1136 944 1210 ejusdem
958 1134 1375 1212 significationis
1385 1137 1562 1208 ruisse,
1579 1154 1670 1210 ap.
1687 1146 1875 1210 poste-

319 1228 502 1283 riores
530 1225 746 1281 diversa
767 1225 934 1299 plane
972 1224 1059 1279 his
1085 1225 1319 1279 vocibus
1355 1223 1626 1293 indicari,
1668 1223 1877 1278 scilicet

321 1311 504 1371 ὀδελὸν
527 1310 840 1388 significare
860 1330 983 1367 veru
1009 1353 1023 1379 ,
1048 1307 1231 1367 ὀὸολὸν
1259 1308 1313 1367 δὲ
1329 1311 1569 1388 σιδηροῦν
1596 1332 1646 1367 τι
1670 1307 1877 1384 ἔλασμα

325 1397 525 1478 Ῐλεγον,
540 1402 726 1478 σχῆμα
744 1396 837 1476 μέν
853 1420 964 1463 πως
982 1396 1101 1476 ἔχον
1122 1396 1329 1473 desios,
1346 1399 1401 1455 οὐ
1423 1397 1597 1473 μέντοι
1618 1399 1689 1464 εἷς
1706 1396 1877 1467 πάντη

321 1486 409 1555 ὀξὺ
434 1489 624 1564 λῆγον·
652 1484 788 1543 οὕτω
811 1483 867 1543 δὲ
892 1484 1046 1564 ἁδρὸν
1074 1475 1135 1556 ἦν
1163 1489 1229 1565 τῇ
1264 1483 1529 1564 παχύτητι
1561 1487 1728 1544 ἐκεῖνο
1755 1482 1877 1542 ἔλα-

322 1596 436 1651 σμα
447 1578 539 1631 τοῦ
555 1570 738 1631 ὀὸολοῦ
759 1568 894 1630 ὥστε
912 1569 1083 1629 ὀὸελοὶ
1112 1569 1163 1638 ἓξ
1186 1569 1278 1642 τὴν
1295 1569 1461 1649 δράκα
1479 1570 1753 1651 ἐπλήρουν.
1773 1568 1879 1631 Καὶ

321 1665 474 1719 τοῦτο
520 1656 725 1735 ἐλέγετο
765 1655 1008 1736 δραχμή,
1050 1655 1248 1715 ὀὸολῶν
1284 1657 1528 1716 τοιούτων
1567 1656 1708 1730 ἑξὰς,
1745 1656 1880 1715 ὅσων

320 1745 692 1858 ἐπιδεδῚράχθαι
726 1743 939 1802 δύναται
966 1741 1104 1823 χείρ.
1132 1746 1316 1819 Etym.
1342 1747 1421 1801 Μ.
1446 1765 1502 1806 v.
1527 1743 1747 1813 Ὀὅολός
1769 1764 1783 1804 z
1811 1744 1879 1804 Oi

324 1833 422 1911 μὲν
455 1857 543 1891 ουν
580 1832 759 1899 Ἴωνες
798 1829 1002 1903 ὀὸελός,
1030 1830 1182 1907 ἡμεῖς
1228 1829 1284 1888 δὲ
1334 1829 1537 1898 ὀὸολός·
1564 1831 1782 1893 ιπάντων
1827 1833 1881 1891 δὲ

322 1925 530 2002 πρῶτος
544 1920 752 1980 Φείδων
773 1918 995 1999 Ἀργεῖος
1012 1917 1247 1995 νόμισμα
1268 1916 1450 1999 ἔκοψεν
1470 1922 1523 1978 ἐν
1543 1919 1750 1998 Αἰγίνῃ.
1773 1919 1882 1980 Καὶ

325 2009 411 2068 διὰ
440 2008 500 2067 τὸ
526 2007 759 2085 νόμισμα
797 2004 1073 2064 ἀναλαόὼν
1105 2004 1222 2073 τοὺς
1249 2006 1547 2074 ὀ6ελίσκους
1576 2007 1791 2080 ἀνέθηκε
1817 2012 1882 2088 τῇ

326 2098 381 2155 ἐν
405 2092 586 2177 Ἄργει
612 2093 790 2175 Ἥρα·
812 2091 1065 2165 ἐπειδὴδὲ
1089 2090 1204 2151 τότε
1234 2095 1282 2151 οἳ
1310 2091 1462 2173 (iffi)
1502 2093 1762 2153 ὀ6ελίσκοι
1789 2093 1883 2165 τὴν

324 2184 480 2264 χεῖρα
510 2176 1031 2259 ἐπλήρουν,τουτέστι
1060 2177 1157 2252 τὴν
1173 2178 1361 2260 δράκα,
1380 2181 1557 2259 ἡμεῖς,
1586 2178 1777 2260 καίπερ
1808 2178 1882 2257 μὴ

323 2272 647 2350 πληροῦντες
671 2267 767 2340 τὴν
797 2266 965 2349 δράκα
993 2270 1096 2335 τοῖς
1119 2265 1172 2336 ἓξ
1197 2266 1427 2341 ὀὸολοῖς,
1458 2267 1699 2349 δραχμὴν
1726 2267 1886 2339 αὐτὴν

321 2358 545 2437 λέγομεν
560 2402 576 2432 ,
601 2354 748 2437 παρὰ
769 2353 828 2413 τὸ
848 2353 1154 2435 δράξασθαι.
1173 2355 1459 2413 Plutarch.
1487 2357 1756 2432 Lysandr.
1793 2376 1882 2428 17.

325 2448 510 2521 Etym.
541 2448 622 2504 M.
663 2464 679 2501 ε
721 2440 965 2524 Ὀφέλλω
1003 2440 1247 2517 σημαίνει
1285 2440 1346 2499 τὸ
1376 2439 1544 2514 αὔξω,
1590 2440 1884 2500 διαὸάλλω·

327 2531 380 2600 ἐξ
408 2523 468 2589 οὗ
502 2532 817 2609 πλεονασμῷ
844 2532 935 2586 τοῦ
967 2550 983 2584 ι
1032 2526 1229 2606 γίνεται
1256 2527 1474 2609 ὀφείλω·
1499 2526 1612 2586 ὅθεν
1642 2526 1733 2585 καὶ
1756 2526 1902 2602 ὀφεί-

323 2621 475 2696 λημα
499 2618 560 2678 τὸ
584 2616 926 2696 αὐξανόμενον
943 2618 994 2675 ἐν
1017 2618 1092 2696 τῷ
1111 2614 1248 2699 τόκῳ
1267 2614 1485 2676 δάνειον.
1504 2618 1664 2674 Idem
1686 2635 1701 2677 ξ
1729 2615 1887 2676 '062-

328 2707 510 2773 λίσκος
542 2704 694 2765 οἱονεὶ
734 2703 1002 2785 ὀφελίσκος
1024 2726 1100 2771 τις
1126 2701 1220 2780 ὧν,
1252 2706 1280 2762 ὁ
1307 2705 1379 2770 εἷς
1409 2708 1574 2783 μῆκος
1599 2703 1881 2786 ὀφελλόμε·

326 2816 440 2860 νος·
477 2795 713 2874 ὀφέλλειν
748 2791 850 2873 γὰρ
876 2791 935 2850 τὸ
965 2789 1166 2859 αὔξειν·
1196 2790 1285 2850 καὶ
1315 2789 1521 2859 ὀὸελός·
1552 2790 1796 2869 σημαίνει
1832 2790 1888 2850 δὲ

326 2881 601 2964 ἀμφότερα
628 2879 720 2947 τὰς
746 2878 989 2946 σούὸλας.

987 3002 1121 3081 [101
1155 3009 1228 3073 a.]

417 3129 621 3198 [Arist.
660 3126 786 3183 Pol.
827 3129 896 3196 V,
943 3145 1045 3197 10,
1079 3126 1111 3182 3
1147 3146 1160 3181 ε
1195 3123 1538 3199 Μεταὸάλλει
1570 3122 1660 3183 καὶ
1688 3125 1760 3191 εἷς
1793 3147 1890 3182 τυ-

331 3213 545 3294 ραννίδα
572 3210 841 3290 τυραννὶς,
867 3208 1044 3291 ὥσπερ
1070 3214 1104 3281 ἡ
1137 3214 1398 3279 Σικυῶνος
1427 3213 1488 3269 ἐκ
1515 3215 1609 3284 τῆς
1637 3209 1888 3293 Μύρωνος

329 3303 403 3369 εἰς
427 3299 519 3371 τὴν
545 3298 896 3367 Κλεισθένους.
1657 3305 1664 3312 “

410 3390 538 3446 Pol.
569 3391 653 3460 VJ
682 3397 716 3447 9
736 3431 752 3459 ‚
778 3408 845 3444 αι
883 3409 896 3444 :
923 3389 1120 3447 Πασῶν
1150 3386 1635 3469 ὀλιγοχρονιώτεραι
1662 3391 1765 3447 τῶν
1791 3411 1885 3447 πο-

330 3477 540 3552 λιτειῶν
591 3476 717 3533 εἰσιν
759 3473 1038 3556 ὀλιγαρχία
1075 3475 1167 3533 καὶ
1205 3473 1468 3554 τυραννίς·
1505 3477 1747 3534 πλεῖστον
1787 3474 1887 3555 γὰρ

331 3564 537 3640 ἐγένετο
552 3560 738 3642 χρόνον
766 3564 800 3633 ἡ
821 3561 939 3642 περὶ
976 3564 1217 3624 Σικυῶνα
1247 3560 1480 3642 τυραννὶς
1502 3564 1536 3633 ἡ
1568 3564 1668 3620 τῶν
1702 3560 1890 3641 Ὀρθα·

331 3650 489 3729 γόρου
532 3647 734 3706 παίδων
769 3647 859 3707 καὶ
888 3650 1047 3708 αὐτοῦ
1078 3648 1426 3729 Ὀρθαγόρου.
1509 3644 1648 3720 ’Έτη
1678 3648 1722 3706 δ’
1754 3647 1885 3721 αὕτη

333 3736 588 3815 διέμεινεν
610 3735 793 3810 ἑκατόν
816 3760 830 3774 ·
861 3736 1044 3796 τούτου
1068 3735 1112 3794 δ’
1133 3734 1316 3810 αἴτιον,
1344 3736 1427 3795 ὅτι
1453 3743 1558 3802 τοῖς
1582 3737 1887 3816 ἀρχομένοις

336 3828 568 3904 ἐχρῶντο
599 3823 848 3905 μετρίως,
897 3824 985 3884 καὶ
1031 3823 1206 3883 πολλὰ
1242 3824 1346 3891 τοῖς
1389 3823 1566 3901 νόμοις
1595 3822 1886 3883 ἐδούλευον·

334 3913 426 3971 καὶ
455 3911 542 3970 διὶ
581 3909 642 3969 τὸ
683 3911 962 3991 πολεμικὸς
994 3911 1222 3990 γίνεσθαι
1254 3911 1567 3983 Κλεισθένης
1592 3912 1686 3970 οὐκ
1712 3902 1776 3983 ἦν
1806 3914 1888 3970 εὖ·

336 3999 742 4080 καταφρόνητος·
768 3999 858 4059 καὶ
873 3999 938 4058 τὰ
958 3999 1130 4059 πολλὰ
1148 4009 1261 4067 ταῖς
1281 3997 1595 4078 ἐπιμελείαις
1610 3999 1885 4077 ἐδημαγώ·

2583 906 2901 968 ΑΧΑΙΩΝ.

2046 1050 2130 1104 Ex
2144 1048 2482 1104 Achaeorum
2505 1045 2729 1125 Ἀχαιῶν
2756 1045 2992 1128 πολιτεία
3006 1050 3173 1123 plura
3196 1053 3526 1126 excerpsisse

1972 1133 2275 1210 Sopatrum
2303 1137 2405 1195 lib.
2436 1138 2555 1193 XII
2577 1135 2750 1192 tradit
2778 1137 3011 1193 Photius
3042 1138 3187 1194 Bibl.
3221 1138 3352 1195 cod.
3393 1139 3522 1194 161.

2500 1277 2988 1335 nEAAHNmN.

2688 1439 2819 1475 102.

2053 1556 2471 1629 Harpocration
2503 1574 2517 1610 ε
2556 1557 2867 1634 Μαστῆρες·
2902 1552 3180 1633 Ὑπερίδης
3209 1559 3261 1614 ἐν
3289 1559 3362 1637 τῷ
3406 1556 3540 1637 πρὸς.

1974 1639 2284 1718 Πάγκαλον.
2303 1638 2513 1700 Ἔοικεν
2540 1640 2677 1720 ἀρχή
2694 1665 2769 1708 τις
2788 1632 2919 1700 εἶναι
2941 1643 3343 1721 ἀποδεδειγμένη
3361 1645 3446 1703 ἐπὶ
3468 1645 3541 1704 τὸ·

1972 1730 2145 1799 ζητεῖν
2183 1727 2247 1785 τὰ
2276 1727 2424 1787 κοινὰ
2459 1733 2550 1787 τοῦ
2580 1728 2782 1807 δήμου,
2813 1732 2882 1796 ὡς
2919 1731 2967 1788 οἱ
3009 1731 3231 1803 ζητηταὶ
3273 1732 3361 1790 καὶ
3402 1735 3449 1791 οῖ
3477 1736 3539 1792 ἐν

1975 1814 2234 1893 Παλλήνῃ
2265 1814 2521 1896 μάστροι,
2544 1817 2614 1883 ὡς
2643 1815 2999 1896 Ἀριστοτέλης
3033 1821 3086 1876 ἐν
3118 1822 3183 1898 τῇ
3216 1819 3529 1892 Πελληνέων

1978 1903 2092 1980 (sic
2131 1906 2402 1975 Valesius3
2461 1902 2765 1972 Πελληνίων
2812 1907 2972 1982 libri.)
3018 1905 3277 1985 πολιτεία.
3322 1910 3530 1965 Eadem

1972 1992 2235 2067 Photius,
2251 1992 2349 2046 ubi
2374 1990 2506 2048 cod.
2525 1993 2723 2048 vitiose
2746 1994 3062 2070 Μαστεῖρες,
3084 2006 3139 2050 et
3152 1995 3365 2066 Suidas‚
3379 1998 3541 2071 apud'

1975 2096 2144 2153 quem
2168 2098 2181 2134 ι
2214 2076 2302 2134 καὶ
2325 2078 2373 2134 οἱ
2392 2077 2445 2133 ἐν
2459 2075 2639 2156 Πέλλῃ
2657 2077 2897 2158 μαστροί.
2923 2081 2979 2138 Μ
2986 2078 3166 2159 αστροί
3188 2083 3355 2137 etiam
3379 2084 3530 2157 apud

1973 2167 2240 2223 Photium
2259 2166 2538 2222 scribitur.
2558 2166 2871 2223 Aristotelis
2894 2171 3240 2224 mentionem
3271 2188 3340 2225 ex
3368 2190 3530 2227 more

1978 2254 2242 2309 omittunt
2266 2264 2322 2309 et
2346 2253 2580 2309 Photius
2602 2266 2660 2310 et
2684 2255 2899 2311 Snidas.
2928 2253 3015 2311 Cf.
3043 2256 3273 2311 alteram
3298 2257 3531 2331 glossam

1980 2341 2169 2396 Photii
2204 2360 2217 2396 ε
2253 2340 2539 2417 Μαστῆρες
2558 2381 2573 2409 ,
2604 2341 2650 2396 οἳ
2675 2336 2740 2396 τὰ
2766 2338 3114 2419 φυγαδευτικὰ
3141 2339 3394 2421 χρήματα
3424 2343 3533 2399 εἰσ·

1975 2424 2313 2505 πράττοντες·
2339 2425 2493 2483 οἱονεὶ
2521 2425 2739 2497 ζητηταὶ
2766 2429 2869 2483 τῶν
2894 2427 3280 2507 φυγαδευτικῶν
3308 2429 3529 2507 χρημά-

1976 2535 2080 2570 των
2114 2516 2217 2570 τῶν
2259 2511 2538 2592 ἀειφυγίαν
2583 2512 3020 2593 φυγαδευθέντων.
3048 2515 3426 2594 [Ἐκλήθησαν
3473 2515 3526 2573 δὲ

1977 2603 2240 2678 μαστῆρες
2271 2600 2376 2658 ἀπὸ
2415 2603 2518 2658 τῶν
2546 2604 2781 2680 κυνηγῶν
2810 2604 2913 2659 τῶν
2948 2603 3002 2658 ἐν
3027 2610 3136 2668 τοῖς
3182 2610 3401 2680 μαστοῖς
3430 2605 3537 2661 τῶν

1975 2689 2109 2766 ὀρῶν
2159 2685 2444 2759 ζητούντων
2494 2685 2559 2745 τὰ
2616 2687 2767 2767 θηρία
2791 2735 2807 2761 ,
2835 2693 2970 2748 Lex.
3028 2688 3186 2747 Rhet.
3240 2693 3300 2745 in
3354 2692 3531 2747 Bckk.

1979 2779 2087 2834 An.
2128 2796 2188 2851 p.
2225 2796 2338 2852 279
2358 2819 2374 2847 ,
2406 2775 2508 2854 6];
2550 2779 2858 2851 Hesychius
2886 2798 2898 2832 ι
2934 2776 3212 2856 Μάστροι,
3242 2774 3389 2856 παρὰ
3421 2775 3540 2837 ‘Po-

1981 2860 2106 2930 δίοις
2141 2864 2200 2940 (P)
2228 2864 2564 2943 βουλευτῆρες
2608 2863 2922 2944 (βουλευταὶ
2969 2861 3058 2942 [οἳ
3103 2863 3229 2943 καὶ]
3275 2868 3539 2945 μαστῆρες

1979 2952 2220 3027 conjecit
2244 2952 2573 3027 Bernhardy
2600 2953 2674 3010 ad
2700 2953 2858 3010 Suid.
2890 2973 2944 3011 v.
2972 2953 3293 3032 Μαστῆρες).
3326 2954 3485 3011 Idem
3517 2974 3534 3014 ι

1979 3037 2176 3120 Ματήρ
2205 3038 2490 3118 (μαστῆρΡ
2510 3047 2527 3116 )
2547 3083 2561 3110 ,
2591 3040 2866 3111 ἐπιζητῶν,
2899 3039 3202 3119 ἐρευνητής,
3237 3039 3539 3108 ἐπίσκοπος.

1982 3130 2243 3187 Ceterum
2267 3129 2338 3186 de
2354 3130 2602 3199 ζητηταῖς
2629 3149 2684 3185 v,
2713 3132 3024 3188 Hermann.
3056 3131 3533 3191 Staats-Alterth.

1978 3218 2014 3294 5
2048 3217 2154 3274 133
2174 3259 2192 3288 ,
2220 3234 2293 3292 ας
2323 3214 2680 3273 Schoemann.
2711 3219 2945 3292 Antiqq.
2984 3237 3040 3292 p.
3075 3215 3186 3287 257
3210 3259 3228 3288 ,
3264 3238 3294 3289 7
3322 3236 3340 3292 3
3370 3219 3477 3273 231
3505 3261 3520 3287 ,

1983 3306 2042 3377 63
2072 3312 2217 3380 249,
2259 3306 2317 3375 6,
2345 3317 2403 3361 et
2429 3324 2572 3378 quos
2613 3304 2861 3361 laudant.
2895 3337 2975 3349 —
3008 3307 3273 3362 Formam
3320 3305 3541 3375 Πελλη·

1979 3391 2100 3449 νίων
2133 3394 2499 3469 grammatico
2522 3394 2911 3463 concesserim,
2938 3411 3279 3467 quamquam
3315 3394 3537 3448 Aristo·

1982 3482 2115 3537 teles
2140 3482 2421 3555 scripserit
2450 3476 2794 3550 Παλληνέων.
2837 3478 3105 3555 Stephan.
3140 3499 3197 3534 v.
3238 3476 3485 3549 Πελλήνη
3518 3500 3533 3535 :

1982 3564 2052 3626 ‘H
2080 3563 2174 3642 μὲν
2201 3565 2445 3637 Πελλήνη
2470 3563 2560 3623 δύο
2585 3565 2719 3641 μόνα
2740 3566 2913 3624 ἐθνικόι
2937 3563 3065 3643 ἔχει,
3088 3562 3147 3622 τὸ
3175 3566 3245 3630 εἰς
3265 3563 3346 3631 εύς
3372 3563 3462 3622 καὶ
3481 3564 3553 3623 τὸ·

1980 3649 2067 3710 διὰ
2094 3657 2184 3711 τοῦ
2211 3674 2282 3717 ιος
2300 3696 2317 3728 ,
2348 3655 2381 3722 ἡ
2412 3652 2465 3710 δὲ
2489 3651 2746 3722 Παλλήνη
2772 3650 2858 3708 διὰ
2880 3657 2971 3710 τοῦ
3002 3674 3034 3707 α
3079 3649 3312 3729 τέσσαρα
3330 3695 3346 3722 ,
3378 3647 3536 3709 Παλ-

1978 3736 2159 3812 ληνεὺς
2176 3783 2194 3812 ,
2226 3737 2527 3807 Παλλήνιος
2545 3782 2564 3816 ,
2593 3740 2927 3810 Παλληναῖος
2947 3782 2962 3810 ,
2990 3737 3348 3808 Παλληνίτης.
3377 3742 3542 3796 Cete-

1976 3847 2105 3883 rum
2146 3815 2484 3897 Πελληναίων
2514 3828 2684 3884 habes
2710 3829 2772 3883 in
2799 3828 2972 3884 codd.
3006 3828 3267 3884 Ciceron.
3299 3826 3392 3882 Ad
3419 3831 3537 3887 Att.

1978 3918 2034 3972 Π
2052 3957 2068 3986 ,
2099 3936 2165 3985 2,
2197 3935 2314 3990 quo
2343 3918 2470 3972 loco
2500 3916 2774 3973 docemur
2795 3916 3183 3974 Dicaearchum
3210 3933 3440 3990 quoque
3467 3915 3547 3971 de

1977 4004 2124 4077 Rep.
2158 4003 2562 4060 Pellenensium
2588 4005 2881 4078 scripsisse.

340 4165 560 4229 ὀςεῦοὺς
592 4179 674 4215 eos
696 4166 897 4227 (obolos
922 4166 1023 4216 sive
1049 4166 1244 4228 obelos)
1275 4180 1360 4228 per
1381 4168 1572 4229 tempus
1593 4165 1788 4229 aliquod
1821 4179 1897 4228 ap-

338 4243 541 4305 pellatos
570 4255 672 4292 esse
700 4242 818 4292 dicit
850 4243 1058 4293 :etenim
1082 4243 1282 4306 ὀφέλλειν
1305 4243 1569 4305 significare
1593 4255 1781 4304 auqere
1796 4277 1812 4303 ,
1836 4243 1898 4292 ab

338 4332 496 4382 eoque
526 4319 744 4382 ὀφελλοὺς
762 4318 917 4370 dictos
943 4332 1071 4380 esse,
1093 4319 1224 4383 quod
1259 4319 1411 4368 sonna
1437 4332 1603 4368 eornm
1624 4318 1673 4368 in
1695 4319 1897 4381 longitn-

340 4395 505 4446 dinem
527 4409 579 4446 se
602 4395 865 4447 extendens
883 4400 1135 4459 augeatur3
1154 4397 1217 4446 ab
1239 4397 1442 4460 ὀφέὶᾶειν
1465 4397 1609 4444 etiam
1629 4398 1683 4444 τὸ
1704 4395 1897 4458 ὀφείλειν

340 4475 546 4523 verbum
563 4472 780 4523 derivare
792 4511 806 4534 ,
821 4474 981 4522 nescio
999 4473 1261 4535 quomodo.
1284 4476 1507 4524 Ceterum
1532 4472 1581 4521 in
1608 4486 1723 4522 voce
1740 4473 1897 4530 ὀῦελὸς

341 4552 529 4601 literam
546 4568 578 4614 φ
596 4550 646 4600 in
664 4552 916 4614 comatam
936 4549 1124 4601 literam
1149 4552 1179 4614 β
1197 4550 1386 4600 abiisse.

1018 4629 1130 4701 {101
1159 4630 1227 4701 a.1

403 4715 648 4780 [Mutatur
669 4715 812 4766 etiam
840 4716 889 4766 in
906 4714 1208 4779 tyrannidem
1231 4715 1473 4778 tyranniS,
1488 4714 1898 4778 quemadmodum

341 4796 547 4856 Sicyone
571 4794 780 4857 Myronis
800 4794 1017 4858 tyrannis
1032 4794 1082 4843 in
1101 4794 1232 4844 illam
1253 4795 1545 4844 Clisthenem
1571 4795 1758 4844 mutata
1780 4793 1897 4857 est]

404 4871 512 4936 [Ex
545 4872 770 4922 omnibus
798 4871 1144 4934 rebuspublicis
1169 4871 1424 4934 oligarchia
1455 4873 1505 4920 et
1527 4869 1741 4934 tyrannis
1767 4870 1897 4920 citis-

342 4951 466 4999 sime
484 4950 725 5000 delentur.
751 4949 1026 5001 Diutissime
1046 4949 1171 5000 enim
1195 4952 1328 5001 stetit
1345 4963 1402 5000 ea
1435 4963 1548 5012 qum
1577 4949 1780 5013 sicyone
1811 4950 1902 4999 suit

345 5028 633 5090 orthagorae
649 5028 911 5078 liberorum
937 5030 988 5078 et
1010 5026 1156 5091 ipsius
1175 5028 1457 5090 orthagoroe
1482 5027 1698 5089 tyrannis
1719 5047 1731 5077 ε
1752 5040 1903 5077 annos

345 5107 475 5157 enim
499 5109 693 5156 centnm
717 5107 990 5169 pennansit.
1010 5107 1161 5169 cuius
1179 5108 1244 5157 rei
1263 5119 1406 5157 cause
1421 5110 1492 5156 est
1509 5105 1640 5169 quod
1662 5105 1904 5167 subiectos

341 5184 595 5234 moderate
631 5180 899 5234 tractabant
929 5186 976 5234 et
1004 5184 1265 5247 plurimum
1292 5182 1477 5248 legibus
1519 5183 1809 5234 serviebant.
1842 5185 1901 5234 et

1984 4167 2278 4231 Clisthenes,
2304 4168 2420 4232 quia
2442 4168 2697 4218 bellicosus
2727 4170 2857 4228 erat,
2886 4180 2982 4216 non
3011 4166 3101 4215 fuit
3127 4164 3424 4225 contemptui
3460 4163 3543 4212 ha·

1984 4243 2115 4294 bitus
2135 4265 2146 4295 ι
2169 4245 2282 4295 item
2300 4246 2551 4308 populares
2569 4245 2867 4308 indulgenter
2885 4241 3125 4293 habebant
3136 4279 3151 4305 ,
3170 4242 3380 4305 ipsorum
3399 4241 3542 4290 rebus

1985 4322 2295 4372 consulendo.
2336 4322 2519 4372 Dicitur
2565 4323 2692 4372 enim
2727 4319 2994 4371 Clisthenes
3019 4330 3130 4369 eum
3167 4317 3251 4381 qui
3289 4317 3539 4367 victoriam

1983 4398 2172 4462 abipso
2189 4398 2515 4461 abjudicaret,
2539 4411 2715 4449 corona
2743 4398 2972 4458 donassem
3006 4395 3224 4445 nonnulli
3250 4397 3412 4444 autem
3438 4398 3539 4443 sta·

1985 4480 2121 4527 tuam
2145 4478 2275 4528 illam
2296 4476 2342 4524 in
2370 4477 2473 4526 foro
2503 4476 2748 4527 sedentem
2770 4473 2874 4536 eius
2896 4474 2979 4536 qui
3004 4473 3070 4522 ita
3098 4472 3361 4535 judicavit,
3389 4473 3541 4521 simu·

1985 4554 2172 4604 lacrum
2192 4568 2294 4605 esse
2311 4554 2493 4604 dicunt.
2516 4553 2535 4618 ]

2456 4691 2749 4751 PELLEN
2758 4690 2855 4748 EN
2864 4686 3076 4748 SlUM.

2704 4832 2823 4883 102.

2050 4951 2319 5013 Μαστῆρες,
2348 4947 2676 5011 inquisitores,
2698 4946 3001 5009 magistratus
3024 4942 3222 5007 quidam
3247 4941 3549 4991 constitutus

1988 5025 2050 5076 ad
2076 5026 2300 5089 pecunias
2336 5026 2549 5088 publicas
2578 5023 2888 5085 colligendas,
2927 5021 3064 5072 velut
3102 5019 3291 5078 ζητηταί
3327 5020 3376 5068 et
3414 5016 3547 5079 apud

1991 5103 2288 5154 Pellenenses
2311 5103 2535 5167 μάστροι,
2570 5105 2627 5151 ut
2662 5100 2807 5151 tradit
2847 5098 3123 5150 Aristoteles
3146 5097 3194 5146 in
3229 5099 3345 5158 Rep.
3392 5093 3544 5144 Pelle·

1988 5194 2225 5231 nensium.
