4016 5916
457 425 567 476 168

448 548 583 607 ἀλλὰ
609 547 773 626 κύριοι
798 544 1022 624 κρίνεινε
1003 541 1203 601 εἰσὶκαὶ
1227 567 1300 622 τῳ
1333 540 1629 622 βουλομένῳ
1648 550 1753 607 τοῖς
1775 545 2003 621 εἷσφερο·

449 636 621 712 μένοις
642 635 899 690 ἀντειπεῖν
926 630 1117 698 ἔξεστιν
1123 629 1319 709 ,ὅπερ2
1297 637 1473 696 -νταῖς
1499 627 1695 708 ἑτέραις
1717 626 1998 694 πολιτείαις

447 727 541 780 οὐκ
568 720 727 780 ἔστιν.
758 720 820 796 (ι)
850 718 928 778 'lo
948 717 1001 775 δὲ
1030 717 1123 783 τὰς
1154 716 1471 796 πενταρχίας
1493 716 1672 795 κυρίας
1691 715 1846 781 οὔσας
1869 716 2003 773 πολ-

448 813 554 873 λῶν
585 806 674 865 καὶ
704 803 941 882 μεγάλων
965 806 1047 885 ὑφ’
1077 809 1248 863 αὑτῶν
1265 803 1472 883 αἱρετὰς
1497 794 1654 874 εἶναι,
1678 826 1768 860 και
1790 802 1885 871 τὴν
1898 805 2002 860 τῶν

450 896 634 954 ἕκατον
667 894 861 961 ταύτας
892 897 1150 972 αἱρεῖσθαι
1190 892 1285 962 τὴν
1328 891 1577 969 μεγίστην
1624 889 1811 970 ἀρχὴν,
1846 889 1923 948 ἔτι
1950 887 2002 947 δὲ

449 983 642 1048 ταύτας
680 980 893 1040 πλείονα
930 980 1109 1061 ἄρχειν
1143 979 1325 1059 χρόνον
1377 983 1481 1038 τῶν
1527 979 1699 1037 ἄλλων
1750 976 1873 1055 (και
1902 975 2002 1083 γὰρ

456 1068 817 1139 ἐξεληλυθότες
846 1068 1065 1149 ἄρχουσι
1105 1068 1195 1127 καὶ
1227 1066 1538 1144 μέλλοντες)
1569 1064 1920 1171 ὀλιγαρχικον,
1946 1065 2005 1123 τὸ

455 1161 497 1216 δ’
530 1157 777 1235 ἀμίσθους
797 1180 883 1216 και
906 1154 979 1233 μὴ
1022 1153 1316 1233 κληρωτὰς,
1353 1153 1781 1233 αριστοκρατικὸν
1811 1152 2003 1229 θετέον,

453 1247 542 1305 καὶ
572 1245 682 1304 εἴτι
698 1268 926 1303 τοιουτον
954 1242 1143 1322 ἕτερον,
1177 1241 1266 1299 καὶ
1285 1240 1344 1299 τὸ
1357 1240 1451 1306 τὰς
1470 1238 1660 1307 δίκαιςε
1642 1238 1742 1299 υπὸ
1768 1242 1873 1299 τῶν
1901 1240 1997 1319 ἀρ-

451 1357 514 1412 χε
496 1333 607 1391 ,ίων
632 1332 843 1391 πάντων
860 1329 1154 1399 δικάζεσθαι
1179 1327 1374 1397 πάσας,
1401 1351 1488 1384 και
1508 1327 1582 1398 μὴ
1604 1326 1767 1392 ἄλλας
1795 1326 1878 1383 ὑπ’
1911 1326 2005 1383 ἄλ-

452 1423 575 1493 λων,
594 1418 825 1499 καθάπερ
857 1421 909 1477 ἐν
944 1414 1315 1492 Λακεδαίμονι.
1347 1415 1388 1496 (5
1364 1415 1411 1492 5)
1447 1413 1803 1493 Παρεκὸαίνει
1834 1413 1887 1471 δὲ
1914 1418 2008 1484 τῆς

455 1506 849 1588 ἀριστοκρατίας
870 1510 904 1577 ἡ
930 1503 1017 1562 τέ’
996 1528 1066 1611 3²³
1090 1506 1191 1560 τῶν
1219 1499 1592 1580 Καρχηδονίων
1622 1499 1849 1576 μάλιστα
1882 1500 2007 1579 πρὸς

452 1594 546 1665 τὴν
568 1593 874 1703 ὀλιγαρχίαν
894 1589 1027 1649 κατά
1054 1614 1169 1649 τινα
1187 1586 1431 1660 διάνοιαν,
1450 1588 1483 1659 ἣ
1510 1590 1746 1647 συνδοκεῖ
1759 1596 1867 1656 τοῖς
1880 1590 2010 1647 πολ-

454 1684 595 1750 λοῖς·
629 1684 686 1741 οὗ
717 1682 819 1761 γὰρ
855 1679 1012 1755 μόνον
1057 1677 1373 1758 ἀριστίνδην,
1414 1675 1548 1734 ἀλλὰ
1578 1700 1668 1735 και
1696 1676 2007 1745 πλουτίνδην

456 1770 653 1828 οἴονται
700 1770 803 1826 δεῖν
844 1770 1102 1846 αἱρεῖσθαι
1148 1788 1265 1831 τους
1308 1765 1555 1843 ἅρχοντς·
1614 1761 1867 1822 ἀδύνατον
1908 1762 2007 1841 γὰρ

455 1881 513 1915 το
518 1883 544 1914 ν
570 1860 868 1936 ἀποροῦντα
892 1852 1121 1921 καλῶς’
1088 1874 1263 1932 αρχειν
1294 1854 1384 1909 καὶ
1414 1848 1704 1930 σχολάζειν.
1738 1843 1982 1931 Ε”ἴπερ
1924 1875 2008 1910 ουν

456 1966 515 2002 το
553 1943 648 2020 μὲν
679 1947 791 2023 αἶρε
769 1948 933 2002 εἷσθαι
963 1939 1274 2009 πλουτίνδην
1322 1938 1682 2019 ὀλιγαρχικὸν,
1708 1960 1765 1996 το
1805 1938 1855 1997 δὲ
1888 1937 2004 1998 κατ’

458 2031 650 2111 ἀρετὴν
696 2028 1141 2112 ἀριστοκρατικον,
1172 2052 1303 2101 αυτη
1333 2051 1409 2095 τις
1436 2026 1498 2087 ἂν
1531 2026 1611 2098 εἴη
1638 2025 1779 2095 τάξις
1809 2025 1996 2137 τρίτη,

459 2121 577 2177 καθ-
600 2118 764 2198 ἥνπερ
794 2117 1137 2177 συντέτακται
1159 2116 1371 2183 καὶτοῖς
1392 2114 1773 2195 Καρχηδονίοις
1799 2138 1867 2173 τα
1891 2114 2010 2192 περὶ

456 2206 553 2278 τὴν
583 2205 783 2265 πολιτε’
740 2227 880 2266 ειαν·
910 2208 1177 2286 αἱρουνται
1205 2227 1304 2283 γαρ
1330 2206 1403 2271 εἷς
1429 2203 1520 2262 860
1543 2225 1708 2262 ταυτα
1737 2201 2010 2283 βλέποντες

457 2318 545 2352 και
576 2292 804 2372 μαλιστα
840 2291 937 2361 τὰς
976 2291 1245 2370 μέγιστας,
1267 2291 1385 2359 τούς
1422 2314 1479 2349 τε
1512 2291 1717 2368 βεασιλ·
1701 2315 1744 2358 ις
1781 2314 1870 2349 και
1889 2290 2006 2358 τοὺς

458 2381 793 2461 στρατηγούς.
837 2382 903 2460 (o)
928 2384 1022 2441 Δεῖ
1053 2378 1106 2437 δὲ
1144 2378 1368 2456 νομίζειν
1398 2376 1686 2456 ἇμαρτημα
1726 2375 2004 2454 νομοθέτου

456 2471 551 2540 τὴν
586 2468 910 2550 παρέκὸασιν
955 2459 1087 2527 εἶναι
1132 2491 1224 2538 της
1252 2464 1653 2546 ἀριστοκρατίας
1702 2463 1918 2536 ταύτην
1935 2464 1983 2532 ἐξ

466 2559 634 2637 ἄρχης
663 2555 762 2636 γὰρ
804 2555 945 2615 τουθ’
968 2558 1091 2634 ὁρᾶν
1116 2552 1226 2612 ἔστι
1258 2558 1359 2611 τῶν
1391 2549 1833 2630 αναγκαιοτοίτων,
1873 2554 2013 2617 ὅπως

456 2737 611 2772 cums
590 2723 888 2771 emtoribus
910 2723 1191 2783 potestatem
1208 2720 1388 2769 habent
1405 2718 1538 2767 aliud
1553 2718 1614 2767 ad
1632 2719 1864 2780 populum
1883 2718 2006 2766 dese·

458 2800 622 2860 rendi,
644 2798 776 2847 aliud
794 2811 892 2846 non
915 2796 1154 2846 deserendi
1168 2833 1183 2858 ,
1207 2795 1245 2845 si
1264 2795 1458 2858 quidem
1477 2808 1643 2844 omnes
1670 2794 1793 2843 inter
1808 2808 1861 2844 se
1885 2808 2000 2842 con·

456 2878 690 2927 senserint
706 2896 721 2940 3
745 2877 818 2925 sin
837 2876 996 2924 minus
1011 2912 1023 2933 ,
1041 2887 1187 2937 penes
1206 2874 1439 2937 populum
1463 2873 1714 2923 arbitrium
1737 2875 1786 2921 et
1799 2875 2008 2935 potestas

458 2957 544 3005 est.
579 2961 700 3015 Quoe
723 2958 887 3005 autem
912 2954 962 3002 hi
980 2954 1187 3003 atterunt
1204 2952 1264 3002 ad
1280 2951 1538 3016 populum,
1559 2965 1657 3002 non
1675 2950 1818 3001 modo
1838 2965 2007 3002 renun-

456 3034 578 3081 tiant
595 3033 799 3096 populo,
834 3034 890 3081 ut
917 3030 1085 3080 audiat
1111 3044 1222 3093 qnae
1244 3031 1419 3081 suerint
1437 3044 1465 3080 a
1486 3029 1777 3094 principibus
1798 3031 2010 3083 civitatis

456 3112 674 3175 decreta,
693 3125 864 3161 verum
882 3110 1025 3160 etiam
1046 3110 1201 3159 cuivis
1217 3109 1276 3159 de
1295 3110 1471 3173 populo
1489 3112 1657 3160 contra
1682 3123 1739 3160 ea
1762 3124 1872 3174 quae
1890 3113 2010 3162 atse-

458 3192 649 3251 runtur,
678 3188 836 3238 dicere
853 3187 966 3237 licet
990 3204 1004 3236 ε
1033 3185 1164 3249 quod
1187 3201 1284 3236 non
1304 3187 1359 3235 tit
1389 3187 1437 3235 in
1465 3186 1627 3237 alteris
1644 3187 2008 3250 rebuspubliciS.

457 3265 525 3326 (4)
552 3265 693 3323 Quod
719 3266 882 3314 autem
909 3264 1225 3327 pentarchiae,
1259 3262 1308 3312 id
1339 3266 1414 3313 est
1470 3263 1893 3328 quinqueviratus,
1926 3266 2013 3328 qui

456 3345 569 3392 sunt
583 3342 846 3392 multarum
865 3353 1247 3404 magnarumque
1275 3354 1437 3389 rerum
1459 3341 1705 3403 compotes
1718 3343 1863 3404 atque
1881 3342 2012 3391 arbi-

455 3420 548 3481 tri,
569 3422 618 3469 et
640 3433 669 3469 a
689 3418 841 3481 seipsi
864 3418 1105 3480 leguntur,
1126 3418 1544 3467 etcentumvirum
1562 3418 1911 3480 magistratum,
1928 3420 2012 3482 qui

454 3498 775 3560 amplissimus
802 3498 905 3557 est,
942 3496 1154 3559 eligunt3
1183 3499 1511 3558 praetereaque
1556 3495 1686 3559 quod
1710 3498 1983 3559 pentarchae

456 3588 539 3624 seu
557 3574 637 3636 qui
663 3574 1050 3636 pentarchiarum
1070 3573 1263 3622 nomine
1278 3573 1610 3636 magistratum
1622 3576 1814 3636 gerunt,
1834 3573 2016 3624 diutius

453 3654 624 3712 gerunt
660 3651 987 3712 magistratum
1020 3663 1166 3712 quam
1192 3651 1339 3700 ceteri
1358 3650 1500 3713 (nam
1535 3651 1585 3700 et
1609 3664 1808 3700 munere
1833 3653 2007 3714 egressi

454 3730 503 3775 et
525 3728 754 3789 egressuri
777 3726 1108 3788 magistratum
1125 3726 1366 3789 quendam
1376 3729 1588 3790 gerunt),
1606 3727 1703 3776 hoc
1718 3727 1778 3776 ad
1793 3731 2007 3789 potenta-

454 3805 560 3850 tum
584 3810 845 3864 paucorum
868 3802 1091 3864 pertinet.
1118 3803 1261 3862 Quod
1284 3807 1451 3853 autem
1470 3804 1571 3853 sine
1593 3803 1815 3854 mercede
1841 3808 1891 3855 et
1914 3807 2017 3856 sine

454 3879 704 3928 sortitione
724 3869 849 3928 fiunt
862 3915 878 3941 ,
900 3878 994 3928 lioc
1019 3878 1082 3929 ad
1105 3880 1412 3943 optimatium
1436 3880 1756 3943 principatum
1779 3883 2018 3943 pertinere

457 3955 769 4005 statuendum
786 3958 876 4017 est,
901 3959 950 4005 et
968 3956 1006 4005 si
1038 3955 1153 4018 quid
1173 3957 1327 4006 simile
1343 3956 1476 4006 aliud
1514 3959 1611 4018 ost,
1650 3957 1723 4006 uti
1747 3957 1868 4007 illud
1885 3959 2016 4021 quod

456 4036 561 4084 lites
580 4037 627 4084 et
650 4035 990 4085 controversiae
1008 4047 1175 4084 omnes
1197 4035 1259 4084 ab
1290 4035 1542 4096 omnibuS,
1575 4035 1656 4096 qui
1684 4036 2013 4096 magistratum

456 4114 656 4172 gerunt,
676 4111 1015 4174 disceptantur,
1042 4125 1138 4160 non
1160 4112 1265 4160 altae
1287 4111 1348 4160 ab
1368 4110 1916 4173 aliis,quemadmodum
1934 4117 2018 4161 La-

454 4188 746 4238 cedaemone.
829 4189 897 4252 (5)
922 4187 1143 4237 Deflectit
1171 4192 1333 4237 autem
1374 4189 1587 4237 maxime
1623 4188 1685 4236 ab
1707 4188 2014 4250 optimatium

454 4266 721 4330 principatu
760 4266 822 4317 ad
867 4279 1137 4329 paucorum
1174 4267 1386 4317 maxime
1420 4269 1721 4328 potentatum
1762 4269 2012 4331 Carthagi-

456 4345 691 4393 niensium
711 4343 986 4410 reipublicoe
999 4343 1280 4392 constitutio
1296 4352 1358 4392 ex
1370 4343 1580 4405 quadam
1600 4343 1826 4406 opinione
1840 4356 1868 4392 a
1886 4348 2014 4396 mul·

454 4424 515 4473 tis
534 4423 749 4486 probata.
766 4427 873 4472 Non
893 4422 1023 4472 enim
1043 4423 1272 4472 virtutem
1289 4424 1464 4483 solum,
1485 4435 1654 4471 verum
1668 4421 1815 4472 etiam
1826 4423 2016 4477 divitias

454 4502 502 4550 in
531 4501 757 4564 eligendis
786 4501 1141 4563 magistratibus
1169 4503 1341 4563 putant
1384 4503 1587 4563 spectari
1613 4502 1852 4562 oportere.
1889 4506 2014 4553 Fieri

453 4580 583 4628 enim
606 4593 702 4628 non
722 4592 860 4641 posse
875 4580 1169 4628 arbitrantur
1187 4583 1243 4628 ut
1265 4580 1331 4639 is,
1367 4579 1444 4628 cui
1477 4578 1651 4629 desunt
1674 4580 1743 4629 rei
1770 4580 2016 4630 familiaris

456 4656 733 4716 facultates,
757 4656 854 4705 otio
882 4656 1148 4705 necessario
1168 4656 1351 4704 truatur
1369 4657 1418 4706 et
1460 4658 1590 4705 recte
1606 4655 1832 4719 fungatur
1860 4658 2014 4720 magi·

453 4736 622 4782 stratu.
645 4735 693 4784 Si
710 4733 851 4797 igitur
869 4734 1232 4796 magistratuum
1256 4735 1425 4784 electio
1441 4748 1469 4785 e
1483 4747 1630 4784 censu
1654 4734 1779 4785 sacta
1803 4736 1863 4785 ad
1892 4751 2013 4799 pau-

453 4825 621 4861 corum
644 4813 946 4874 potentatum
982 4813 1205 4875 pertinet;
1236 4824 1300 4863 ex
1328 4814 1508 4864 virtute
1540 4826 1679 4875 vero,
1717 4813 1781 4864 ad
1805 4817 2013 4878 optima-

454 4891 577 4940 tium
600 4890 970 4952 principatum.
1010 4891 1115 4940 haec
1150 4893 1297 4941 tertia
1325 4891 1471 4941 tuerit
1504 4891 1777 4955 reipublicae
1806 4893 2013 4943 admini-

2096 2949 2108 2963 ο

1995 3536 2011 3561 5

2187 4157 2202 4183 ²

1528 408 2013 469 ‘ARISTOTELIS
2057 407 2542 467 FRAGMENTA

2095 546 2140 601 οἱ
2161 543 2470 622 βέλτιστοι
2442 540 2692 600 δύνωνται
2715 540 3012 618 σχολαζειν,
3033 543 3121 599 καὶ
3143 538 3356 617 μηδὲν’
3328 551 3650 623 ασχημονεῖν

2096 630 2168 704 μὴ
2204 629 2358 706 μόνον
2392 629 2655 709 ἄρχοντες,
2687 626 2820 686 ἀλλὰ
2849 629 2956 704 μηδ
2957 627 3362 698 ’ἰδιωτεύοντες
3397 633 3464 691 Εἰ
3489 629 3543 689 δὲ
3571 631 3655 690 δεῖ

2097 716 2304 794 βλέπειν
2333 716 2423 774 καὶ
2463 738 2591 795 προς
2623 712 2869 791 εὐπορίαν
2912 712 3068 794 χάριν
3098 717 3328 793 σχολης,
3360 719 3557 795 φαυλον
3583 739 3644 775 το

2092 804 2186 871 τας
2219 804 2466 882 μεγίστας
2491 801 2694 874 ὠνητὰς
2726 794 2857 860 εἶναι
2885 807 2988 862 τῶν
3022 804 3219 882 ἅρχων,
3253 802 3352 876 τήν
3386 828 3444 864 τε
3494 810 3650 885 βασι-

2093 891 2236 950 λείαν
2254 892 2341 951 καὶ
2356 891 2451 962 τὴν
2467 888 2803 970 στρατηγίαν·
2820 887 3024 967 ἔντιμον
3038 913 3137 970 γαρ
3151 889 3345 966 ὀνόμος
3357 883 3501 961 οὗτος
3512 899 3649 951 ποιεῖ

2092 1000 2181 1035 τον
2211 981 2430 1053 πλουτον
2454 979 2655 1055 μᾶλλον
2690 982 2785 1049 τῆς
2811 978 3027 1056 ἅρετης,
3073 976 3164 1035 καὶ
3201 977 3299 1049 τὴν
3338 977 3490 1039 πόλιν
3520 979 3648 1051 ὅλην

2095 1066 2183 1143 qn)
2186 1087 2212 1121 ο
2214 1063 2509 1145 χρηματον
2546 1064 2607 1143 (7)
2627 1062 2712 1125 Ὀ
2732 1088 2782 1123 τι
2807 1064 2860 1122 δὲ
2893 1062 2957 1124 ἂν
2974 1063 3211 1145 ὓπολᾶὅῃ
3230 1062 3482 1142 τίμιονΙΙΕ
3433 1090 3564 1125 ειναι
3590 1066 3652 1126 τὸ

2096 1151 2287 1231 κύριον,
2318 1149 2517 1230 ανάγκη
2535 1150 2624 1210 καὶ
2647 1150 2740 1223 τὴν
2761 1154 2862 1211 τῶν
2894 1152 3066 1211 αλλων
3090 1155 3320 1212 πολιτῶν
3347 1152 3497 1222 δόξαν
3524 1157 3649 1212 ἀκο-

2095 1238 2292 1297 λουθεῖν
2325 1240 2555 1306 τούτοις·
2587 1237 2717 1298 ὅπου
2748 1238 2801 1297 δὲ
2833 1238 2910 1316 μὴ
2940 1238 3171 1316 μάλιστα
3209 1237 3366 1319 ἀρετὴ
3395 1249 3647 1316 τιμᾶται,

2095 1325 2289 1398 ταύτην
2318 1330 2418 1405 οὐχ
2441 1318 2545 1386 οἶόν
2587 1351 2641 1385 τε
2671 1317 2806 1385 εἶναι
2840 1326 3064 1406 βεὸαίως
3093 1328 3525 1407 ἀριστοκρατικὴν
3551 1351 3649 1387 πο-

2096 1415 2313 1477 λιτείαν.
2336 1414 2628 1482 Ἔθίζεσθαι
2658 1415 2702 1473 8
2733 1413 2941 1492 εὔλογον
2970 1413 3255 1495 κερδαίνειν
3275 1415 3395 1484 τοὺς
3416 1417 3619 1495 ὧνουμέ
3620 1453 3650 1462 -

2096 1524 2233 1574 νους,
2257 1501 2381 1562 ὅταν
2411 1502 2807 1572 δαπανήσανεςτ
2832 1503 3094 1581 ἄρχωσιν·
3117 1501 3312 1563 ἄτοπον
3335 1502 3456 1585 γὰρ,
3481 1507 3523 1562 εἰ
3553 1503 3650 1562 πέ-

2097 1614 2188 1661 νης
2215 1587 2365 1664 μὲν*
2333 1613 2405 1648 ων
2435 1588 2665 1660 ἐπιεικὴς
2690 1588 2743 1647 δὲ
2770 1546 3085 1668 βουλήσεται
3113 1591 3420 1671 κερδαίνειν,
3451 1591 3648 1671 φαυλόι-

2096 1699 2242 1757 τερος
2285 1678 2329 1734 δ’
2361 1676 2433 1735 ων
2470 1677 2527 1734 οὗ
2574 1677 2889 1757 βουλήσεται
2918 1678 3246 1748 δαπανήσας.
3288 1678 3384 1739 Διὸ
3414 1681 3493 1737 δεῖ
3531 1679 3650 1748 τους

2100 1764 2474 1842 δυναμένους
2446 1765 2802 1844 αρισταρχεῖν,
2826 1764 3036 1833 τούτους
3059 1764 3260 1847 ἄρχειν.
3292 1769 3504 1828 Βέλτιον
3529 1769 3574 1825 δ’
3603 1771 3650 1826 εἰ

2098 1876 2187 1912 και
2221 1861 2430 1934 προεῖτο
2454 1877 2550 1924 την
2590 1852 2834 1933 εὐπορίαν
2872 1857 2975 1914 τῶν
3004 1856 3243 1914 ἐπιεικῶν
3279 1858 3308 1913 ὁ
3342 1854 3648 1932 νομοθέτης,

2101 1939 2287 1998 ἀλλὰ’
2259 1939 2525 2020 αρχόντων
2553 1964 2611 2019 γε
2640 1944 3001 2018 ἐπιμελεῖσθαι
3030 1966 3123 2013 της
3147 1944 3355 2021 σχολῆς.
3392 1943 3436 2019 (e
3410 1942 3453 2021 a)
3485 1945 3646 2001 ‹beff-

2098 2030 2241 2087 λον
2212 2029 2264 2086 ο’
2287 2028 2349 2087 ἂν
2382 2027 2539 2096 δόξειε
2518 2051 2569 2087 εν
2597 2019 2728 2086 εἶναι
2758 2028 2848 2087 καὶ
2871 2028 2930 2087 τὸ
2956 2029 3161 2098 πλείους
3184 2028 3345 2109 ἀρχας
3366 2054 3453 2089 τον
3489 2031 3647 2090 αὐτὸν

2102 2116 2297 2195 ἄρχειν,
2319 2113 2445 2194 ὅπερ
2469 2116 2734 2191 εὐδοκιμεῖ
2750 2115 2897 2196 παρὰ
2914 2124 3020 2183 τοῖς
3043 2115 3441 2198 Καρχηδονίοις·
3469 2115 3522 2175 ἓν
3546 2118 3649 2195 γὰρ

2099 2205 2183 2281 632⁹
2214 2202 2325 2267 ἑνὸς
2349 2201 2554 2282 ἔργον”
2522 2207 2690 2284 αριστ’
2720 2204 3069 2262 ἀποτελεῖται.
3098 2206 3192 2262 Δεῖ
3213 2203 3253 2262 δ’
3282 2202 3419 2270 ὅπως
3441 2204 3649 2282 γίνηται

2100 2292 2236 2348 τοῦθ
2259 2293 2381 2369 ὁρᾶν
2403 2288 2489 2349 τὸν
2512 2288 2811 2366 νομοθέτην,
2827 2290 2916 2348 καὶ
2941 2289 3013 2367 μὴ
3034 2288 3438 2372 προστάττειν
3390 2315 3476 2350 τον
3495 2293 3650 2351 αὐτὸν

2103 2378 2276 2435 αὐλεῖν
2311 2376 2400 2435 καὶ
2429 2378 2788 2453 σκυτοτομεῖν.
2819 2372 2978 2437 Ὧσθ*
3009 2376 3139 2437 ὅπου
3170 2375 3244 2455 μὴ
3276 2378 3438 2460 μικρὰ
3462 2379 3608 2446 πόλις
3628 2425 3646 2453 ,

2102 2462 2501 2542 πολιτικώτερον
2532 2463 2774 2532 πλείονας
2803 2462 3043 2543 μετέχειν
3070 2466 3174 2523 τῶν
3205 2467 3402 2544 ἀρχῶν,
3429 2464 3520 2523 καὶ
3553 2467 3652 2536 δη·

2105 2550 2484 2631 μοτικώτερον·
2507 2550 2802 2635 κοινότερόν
2826 2574 2882 2610 τε
2904 2552 3024 2632 γαρ,
3052 2549 3286 2632 καθάπερ
3306 2552 3540 2630 εἴπομεν,
3563 2554 3652 2612 καὶ

2096 2719 2337 2781 culpaque
2355 2720 2583 2771 occidiffie
2597 2721 2910 2771 existimanda
2920 2723 3010 2772 est.
3032 2723 3154 2777 Nam
3171 2720 3333 2770 statim
3342 2721 3406 2771 ab
3420 2721 3550 2771 initio
3561 2722 3653 2771 boc

2097 2795 2311 2858 inprimis
2353 2797 2590 2860 provideri
2610 2797 2778 2860 debet,
2803 2800 2861 2847 ut
2879 2798 2965 2847 viri
2988 2798 3157 2860 optimi
3180 2796 3319 2847 otiari
3333 2799 3517 2861 possint
3539 2812 3653 2849 cum

2097 2873 2254 2936 aliqua
2264 2873 2507 2938 dignitate,
2519 2878 2748 2927 autcerte
2758 2876 2860 2926 sine
2877 2876 3032 2938 specie
3040 2875 3242 2926 deformi
3256 2879 3403 2940 atque
3414 2876 3653 2940 indecora3

2096 2952 2242 3014 idque
2268 2966 2367 3002 non
2395 2954 2552 3003 solum
2577 2953 2808 3017 quamdiu
2839 2953 3084 3017 publicam
3130 2967 3387 3017 personam
3421 2956 3655 3006 sustinent

2098 3028 2524 3093 magistratumque
2536 3032 2724 3094 gerunt,
2743 3043 2914 3082 verum
2931 3032 3073 3081 etiam
3090 3044 3242 3095 quum
3256 3032 3407 3081 vitam
3422 3033 3653 3094 privatam

2097 3106 2293 3170 degunt.
2331 3109 2515 3166 Quodsi
2554 3111 2638 3159 otii
2658 3112 2809 3173 gratia
2825 3111 2972 3160 etiam
2991 3110 3049 3160 ad
3072 3111 3323 3161 facultates
3339 3113 3388 3161 et
3409 3111 3568 3174 copias
3588 3110 3655 3160 rei

2099 3184 2342 3235 familiaris
2375 3187 2713 3237 attendendus
2736 3188 2929 3237 animus
2964 3189 3061 3250 est,
3102 3199 3319 3238 summos
3353 3189 3655 3250 magistratus

2099 3265 2262 3312 tamen
2284 3299 2299 3324 ,
2321 3276 2524 3326 regnum
2550 3267 2599 3315 et
2617 3266 2872 3327 imperium
2894 3265 3123 3315 bellicum
3137 3303 3151 3328 ,
3180 3279 3282 3316 esse
3300 3267 3518 3327 venales,
3549 3278 3652 3314 ma-

2099 3341 2200 3390 lum
2225 3344 2317 3392 est.
2339 3342 2496 3394 Efficit
2536 3344 2663 3394 enim
2693 3345 2799 3394 haec
2839 3345 2946 3405 lex,
2972 3346 3026 3394 ut
3056 3346 3240 3406 majore
3261 3345 3311 3394 in
3334 3346 3488 3408 pretio
3512 3346 3656 3406 atque

2102 3421 2282 3470 honore
2299 3421 2393 3471 siut
2411 3421 2590 3473 divitiae
2602 3460 2617 3487 ‚
2643 3436 2789 3486 quam
2826 3423 2981 3474 virtus
2996 3461 3011 3486 ,
3031 3424 3082 3473 et
3099 3426 3150 3473 ut
3167 3427 3271 3473 tota
3288 3424 3457 3473 civitas
3477 3423 3654 3472 immo·

2100 3498 2264 3548 derato
2284 3500 2507 3562 pecuniae
2532 3499 2693 3551 studio
2723 3501 2786 3549 sit
2803 3499 2983 3551 dedita.
3011 3499 3077 3562 (7)
3107 3500 3352 3563 Quidquid
3371 3503 3535 3549 autem
3564 3500 3653 3549 lio·

2101 3577 2328 3625 notatum
2359 3577 2594 3640 principes
2618 3577 2828 3627 civitatis
2850 3577 3186 3638 existimarint,
3219 3576 3344 3625 idem
3373 3580 3422 3625 et
3450 3576 3653 3640 reliquis

2102 3652 2291 3702 civibus
2322 3654 2421 3703 tale
2453 3653 2676 3703 videatur
2694 3666 2887 3704 necesse
2905 3655 2996 3703 est.
3017 3657 3124 3712 Qua
3142 3653 3304 3702 autem
3332 3652 3382 3700 in
3406 3653 3655 3714 republica

2101 3743 2198 3780 non
2222 3731 2433 3781 maximo
2451 3732 2501 3782 in
2522 3732 2703 3783 honore
2720 3733 2967 3796 pretioque
2981 3731 3132 3781 virtus
3149 3732 3238 3790 est,
3265 3730 3370 3779 haec
3383 3729 3651 3792 respublica

2101 3810 2161 3859 ad
2197 3811 2417 3861 stabilem
2448 3812 2756 3876 optimatium
2788 3810 3108 3874 principatum
3137 3807 3273 3856 nullo
3308 3805 3454 3855 modo
3481 3819 3649 3868 perve-

2102 3888 2207 3937 nire
2237 3890 2417 3952 potest.
2469 3891 2852 3939 Consentaneum
2884 3899 3027 3948 porro
3049 3886 3121 3935 est
3144 3897 3253 3946 eos,
3281 3883 3364 3945 qui
3388 3882 3648 3944 magistra-

2103 3970 2180 4017 tus
2202 3972 2438 4029 emerunt‚
2456 3981 2611 4031 quum
2630 3968 2886 4030 impensam
2911 3964 3105 4014 fecerint
3124 3966 3174 4013 in
3196 3961 3549 4025 magistratum,
3567 3975 3648 4012 as·

2101 4055 2318 4095 silescere
2333 4048 2573 4108 quaestum
2590 4048 2757 4095 saca-e.
2794 4042 3021 4093 Omnium
3039 4041 3165 4090 enim
3183 4039 3379 4089 minime
3401 4038 3653 4102 probabile

2102 4124 2170 4170 est
2233 4121 2274 4170 si
2313 4121 2509 4185 quidem
2541 4134 2736 4184 pauper,
2772 4118 2856 4169 sed
2887 4121 3050 4168 tamen
3083 4118 3161 4166 vir
3197 4117 3377 4177 bonne,
3427 4119 3650 4179 quaestus

2103 4198 2307 4248 faciendi
2339 4199 2641 4250 voluntatem
2680 4197 2854 4248 habeat
2867 4231 2881 4257 ,
2929 4195 3174 4246 bominem
3216 4194 3500 4244 deteriorem
3514 4230 3529 4255 ,
3568 4193 3654 4255 qui

2101 4278 2347 4338 sumptum
2360 4275 2539 4338 fecerit,
2559 4276 2734 4326 lucrari
2745 4274 2886 4325 nolle.
2909 4278 3210 4336 Quapropter
3227 4273 3418 4334 oportet
3437 4282 3545 4331 eos,
3569 4271 3654 4332 qui

2099 4353 2279 4415 optime
2295 4367 2496 4416 praeesse
2507 4353 2781 4416 reipublicae
2803 4358 3027 4415 possunt,
3050 4351 3136 4400 bos
3149 4361 3372 4412 pra-esse.
3391 4349 3654 4397 praestabat

2098 4434 2279 4491 autem,
2295 4431 2382 4480 etsi
2393 4429 2707 4493 impediendae
2715 4429 2930 4478 virorum
2942 4428 3181 4479 bonorum
3189 4425 3459 4488 indigentiae
3471 4423 3652 4474 nullam

2099 4519 2265 4556 curam
2279 4506 2515 4570 legislator
2531 4505 2769 4568 habuerit,
2783 4508 2835 4556 at
2843 4509 2975 4557 certe
2991 4504 3358 4568 magistratuum
3370 4502 3474 4551 otio
3485 4515 3650 4551 consu-

2099 4586 2197 4635 lere
2213 4600 2270 4636 ac
2290 4586 2571 4650 prospicere.
2594 4586 2661 4649 (8)
2676 4585 2858 4635 Malum
2877 4587 3150 4635 autemoese
3171 4581 3361 4632 videtur
3377 4581 3521 4630 etiam
3542 4580 3650 4639 hoc,

2099 4665 2302 4715 eundem
2319 4665 2559 4715 hominem
2573 4666 2732 4728 plures
2749 4664 3056 4726 magistratus
3069 4653 3258 4725 gerere}
3293 4658 3426 4723 quod
3455 4657 3649 4721 quidem

2101 4742 2231 4805 apud
2253 4741 2665 4805 Carthaginienses
2689 4740 3009 4791 honorificum
3043 4743 3094 4789 et
3120 4738 3383 4801 gloriosum
3414 4737 3503 4785 est.
3529 4738 3649 4786 Nam

2098 4832 2252 4869 unum
2276 4833 2397 4882 opus
2415 4820 2477 4868 ab
2500 4832 2598 4868 uno
2615 4820 2804 4882 optime
2811 4817 3075 4880 perficitur.
3099 4816 3301 4878 Oportet
3319 4827 3432 4864 vero
3452 4813 3650 4863 latorem

2097 4893 2239 4957 legis,
2273 4898 2328 4944 ut
2355 4895 2447 4944 boc
2471 4894 2586 4956 liat,
2611 4907 2806 4956 operam
2825 4893 2959 4955 dare,
2985 4905 3083 4942 non
3107 4893 3166 4942 ut
3197 4891 3326 4941 idem
3348 4892 3398 4939 et
3421 4890 3550 4939 tibia
3569 4901 3645 4937 ea·

453 4967 662 5017 strandae
682 4968 802 5016 ratio
816 4981 873 5016 ac
887 4967 1140 5029 descriptio
1159 4982 1253 5030 qua
1285 4968 1697 5032 Carthaginienses
1710 4972 1930 5020 utuntur.
1956 4973 2013 5020 In
2097 4974 2180 5020 nat
2203 4974 2252 5021 et
2269 4972 2499 5021 sutoriam
2533 4972 2706 5030 saciat,
2739 4970 2986 5032 negotium
3003 4968 3135 5019 dare
3164 4971 3334 5031 ltaque
3354 4967 3436 5016 ubi
3461 4979 3557 5015 non
3577 4971 3651 5015 est

454 5043 682 5106 eligendis
705 5043 830 5093 euim
863 5044 1241 5108 magistratibus,
1265 5044 1420 5108 iisque
1439 5046 1662 5096 maximis
1673 5083 1689 5109 ,
1719 5047 1908 5109 regibus
1927 5047 2014 5097 sci·
2050 5009 2058 5124 Ι
2098 5061 2244 5110 parva
2266 5048 2452 5109 civitaS,
2474 5046 2663 5098 civilius
2680 5051 2752 5097 est
2786 5047 2948 5109 plures
2971 5058 3072 5096 esse
3097 5044 3465 5107 magistratuum
3501 5043 3646 5105 parti·

456 5123 567 5171 licet
585 5126 633 5172 et
656 5123 1038 5186 imperatoribus,
1050 5123 1155 5174 liaec
1169 5123 1413 5176 duosimul
1440 5128 1673 5187 spectant
1696 5127 1762 5189 (6)
1748 5128 1902 5187 )llaec
1922 5138 2011 5175 au-

454 5202 555 5251 tem
571 5200 633 5250 ab
649 5200 933 5263 optimatum
950 5200 1215 5264 principatu
1229 5199 1482 5251 declinatio
1500 5202 1666 5253 latoris
1690 5204 1802 5266 legis
1815 5206 2010 5266 peccato

2098 5126 2259 5187 cipes,
2283 5126 2332 5174 et
2356 5125 2506 5187 niagis
2536 5123 2784 5186 populare.
2815 5127 2935 5174 Nam
2955 5136 3110 5186 quum
3128 5122 3221 5171 hoe
3245 5120 3549 5170 communius
3562 5120 3648 5180 sit,

2099 5201 2502 5265 quemadmodum
2521 5200 2761 5262 diximus„
2788 5203 2890 5250 tum
2911 5211 3214 5262 unaquaeque
3240 5210 3316 5248 res
3338 5201 3384 5247 et
3403 5197 3573 5247 melius
3595 5197 3650 5245 tit
