4016 5916
492 450 606 500 3¹36

1700 428 2046 488 HECATAEl
2089 425 2493 487 ABDERlTAE

494 575 780 637 Hecataeo,
812 586 981 641 quem
1008 567 1068 621 in
1100 566 1432 638 AEgyptiacis
1456 575 1511 619 et
1535 562 2041 636 Hyperboreorum
2132 569 2323 614 mento
2358 554 2728 624 desudarunt,
2760 553 3059 627 diligenter
3083 564 3336 608 recenset
3361 553 3710 608 Baumstar-

492 657 725 713 historia
741 655 1029 712 Diodorus
1054 652 1338 722 adhibuit,
1365 661 1586 708 narrata
1604 652 1740 717 sint,
1762 648 1913 706 nulla
1930 647 2044 719 jam
2131 643 2259 699 kius
2282 644 2342 698 in
2367 641 2600 711 Paulr's
2618 641 2898 697 Realencl.
2913 638 2982 694 ἰη
3011 639 3369 714 Hyperborei.

494 754 744 819 superest
787 741 1085 798 dubitatio.
1129 740 1307 796 Multa
1339 739 1569 812 quidem
1609 738 1670 792 in
1696 737 1782 790 his
1811 752 2049 791 erronea

496 842 651 900 sunt,
686 830 784 886 sed
814 832 889 885 ita
912 838 1129 894 tamen,
1151 839 1216 881 ut
1241 828 1308 883 iis
1327 828 1458 901 ipsis
1484 823 1889 899 comprobetur
1915 839 2048 877 nar-

496 921 771 975 rationem
792 935 823 972 a
846 918 1042 973 Graeco
1069 913 1299 970 homine
1317 956 1332 984 ,
1363 932 1481 969 non
1503 932 1536 968 a
1554 911 1749 968 Judaeo
1775 929 1887 966 esse
1910 928 2062 992 pru-l

500 1007 714 1063 sectam.
739 1001 1042 1061 Abrahami
1070 999 1224 1056 vides
1249 1019 1321 1056 ne
1348 1000 1524 1056 verbo
1553 997 1781 1071 quidem
1806 997 2048 1051 mentio-

499 1113 629 1150 nem
660 1091 781 1149 fieri
802 1132 817 1160 ,
847 1090 946 1147 sed
980 1091 1057 1145 ita
1099 1089 1479 1144 narrationem
1527 1085 1858 1141 adornatam
1900 1102 2045 1152 esse,

499 1194 564 1238 ut
590 1183 768 1237 Moses
792 1175 1007 1252 primus
1034 1175 1193 1249 quasi
1220 1177 1399 1250 gentis
1425 1185 1622 1231 auctor
1639 1170 1924 1246 putandus
1947 1172 2046 1236 sit,

499 1287 683 1342 neque
731 1265 1022 1341 singularis
1079 1258 1150 1315 de
1193 1263 1398 1318 Judaeis
1443 1263 1588 1316 liber
1642 1258 1741 1314 sed
1787 1257 2051 1332 digressio

500 1353 769 1430 AEgyptiis
815 1353 1060 1408 historiis
1109 1361 1322 1408 attexta
1383 1357 1740 1422 coarguatur.
1801 1346 2063 1400 Fortasse

501 1443 698 1518 saepius
720 1442 780 1495 in
807 1439 1010 1494 eodem
1050 1458 1223 1513 opere
1250 1437 1321 1494 de
1350 1437 1556 1491 Judaeis
1588 1437 1875 1489 Hecataeus
1896 1431 2053 1483 locu-

504 1541 591 1586 tus
610 1539 719 1597 est,
749 1528 834 1582 uti
853 1527 951 1580 illo
981 1527 1141 1596 loco,
1173 1543 1290 1599 quo
1319 1523 1390 1580 de
1418 1523 1720 1579 Ptolemaeo
1751 1521 1809 1573 in
1837 1517 2050 1590 Syriam

503 1626 701 1673 contra
721 1605 1068 1670 Demetrium
1095 1613 1428 1687 expediente
1450 1608 1753 1666 dicendum
1781 1616 1920 1662 erat.
1945 1606 2053 1659 Ne·

505 1722 615 1777 que
646 1700 957 1775 quidquam
1000 1712 1080 1756 est
1110 1699 1269 1775 quod
1300 1708 1493 1772 cogat,
1514 1703 1587 1752 'ut
1628 1712 1752 1768 quae
1783 1691 2058 1765 Iosephus

505 1791 578 1847 de
599 1792 855 1846 Hecataeo
876 1807 1011 1854 cum,
1027 1807 1158 1863 rege
1178 1789 1238 1842 in
1256 1787 1414 1859 Syria
1430 1794 1646 1839 versato
1674 1790 1881 1850 narrat,
1902 1780 2060 1834 omni

504 1877 868 1933 fundamento
903 1892 1093 1931 carere
1120 1886 1436 1931 statuamus,
1463 1872 1720 1943 Denique
1744 1865 2058 1923 honorifice

506 1962 827 2020 Hecataeum
856 1961 926 2018 de
954 1964 986 2017 J
991 1962 1159 2018 udaeis
1183 1961 1405 2017 sensisse
1430 1959 1517 2013 vel
1541 1976 1610 2013 ex
1643 1954 1903 2011 Diodoro
1934 1953 2060 2009 col-

505 2053 669 2127 ligas,
714 2050 1063 2123 libenterque
1101 2050 1211 2104 hoc
1236 2065 1341 2121 ego
1368 2045 1599 2119 largior,
1631 2061 1805 2115 quum
1834 2059 1903 2096 ex
1927 2040 2061 2094 reli-

507 2132 630 2204 quis
656 2129 977 2203 philosophi
1004 2129 1180 2183 nostri
1207 2126 1403 2182 studiis
1436 2122 1866 2196 explicationem
1894 2119 2056 2174 facile

506 2216 781 2273 admittat.
812 2217 947 2287 Quae
979 2234 1153 2289 quum
1182 2215 1259 2269 ita
1279 2214 1422 2281 sint,
1452 2210 1595 2264 nihil
1634 2210 1925 2274 miramur,
1958 2222 2062 2259 cur

509 2305 753 2372 Hecataei
794 2304 1145 2377 potissimum
1186 2300 1414 2356 nomine
1464 2297 1794 2370 scriptisque
1839 2292 2063 2349 Judaeus

506 2392 828 2449 Graeciensis
869 2392 1070 2447 abusus
1110 2390 1197 2446 sit.
1244 2390 1298 2442 Is
1342 2386 1512 2460 igitur
1549 2402 1671 2457 quae
1711 2383 1770 2436 in
1808 2377 2060 2454 AEgyptia

506 2479 738 2535 historia
768 2478 840 2534 de
868 2489 1034 2553 gente
1060 2495 1158 2532 sua
1213 2475 1362 2531 dicta
1408 2472 1653 2547 reperit,
1696 2468 2060 2541 excerpsisse,

508 2584 685 2640 eaque
707 2585 815 2641 pro
840 2565 1071 2621 consilio
1091 2582 1194 2619 suo
1217 2560 1556 2634 interpolata
1573 2558 1663 2613 vel
1689 2565 1899 2611 mutata
1919 2552 2063 2607 mul-

508 2652 691 2727 tisque
721 2652 1049 2708 commentis
1070 2661 1257 2720 aucta,
1279 2659 1562 2720 tamquam
1580 2643 1862 2718 peculiare
1885 2639 2063 2698 Graeci

509 2741 753 2797 auctoris
780 2740 849 2795 de
878 2739 1083 2794 Judaeis
1120 2736 1374 2792 libellum
1417 2731 1786 2788 divenditasse
1814 2727 2061 2783 videtur.

593 2828 741 2882 Num
763 2837 967 2899 praeter
1006 2825 1167 2880 allata
1194 2823 1483 2880 Hecataeus
1505 2820 1609 2875 alia
1641 2816 1898 2891 quaedam
1924 2814 2067 2870 scri-

512 2914 713 2988 pserit,
778 2930 963 2986 neque
1010 2927 1213 2986 negare
1272 2925 1457 2983 neque
1519 2903 1798 2962 affirmare
1865 2902 2061 2961 ausim.

513 3002 744 3056 Exstant
769 3011 920 3056 certe
947 3000 1256 3073 frag-menta
1281 2994 1584 3063 nonnulla,
1615 3010 1737 3067 quae
1763 2990 1917 3047 unde
1953 3008 2064 3065 pe-

514 3087 616 3143 tita
636 3088 778 3158 sint,
806 3096 962 3142 certo
977 3085 1196 3157 judicio
1225 3082 1340 3138 dici
1368 3082 1581 3155 nequit.

814 3248 991 3308 ΠΕΡΙ
1036 3248 1193 3307 ΤΩΝ
1239 3245 1741 3306 ΥΠΕΡΒΟΡΕΩΝ
1754 3288 1766 3301 .

1269 3426 1318 3462 1.

593 3547 781 3605 Schol.
811 3548 1001 3622 Apoll.
1042 3549 1155 3603 Rh.
1203 3548 1288 3620 11,
1321 3545 1433 3617 675
1467 3565 1480 3601 t
1514 3542 1792 3608 Ἑκαταῖος
1819 3540 1874 3600 δὲ
1911 3540 2070 3620 μέχρι

515 3637 604 3692 τοῦ
652 3635 809 3690 αὐτοῦ
854 3631 1042 3712 χρόνου
1083 3622 1211 3690 εἶναί
1263 3654 1389 3712 φησι
1444 3630 1502 3689 τὸ
1540 3634 1641 3688 τῶν
1687 3627 2071 3708 εΥπερὸορείων

517 3719 669 3785 ἔθνος.
692 3715 854 3780 Ἔστι
894 3720 948 3778 δὲ
977 3721 1117 3800 αὐτῷ
1158 3717 1336 3796 βιὸλία
1380 3717 1768 3798 ἐπιγραφόμενα
1801 3716 1931 3795 Περὶ
1968 3718 2070 3774 τῶν

518 3805 900 3888 Ὗπερὸορέων.
966 3809 1329 3865 Recentiores
1387 3810 1485 3881 qui
1534 3809 1593 3862 in
1638 3807 1841 3863 eodem
1899 3824 2073 3879 argu-

955 3975 1055 4034 DE
1080 3974 1625 4034 HYPERBOREIS.

1274 4097 1323 4148 1.

584 4196 836 4244 Hecataeus
860 4206 1012 4256 usque
1036 4194 1097 4241 ad
1119 4207 1255 4242 suam
1281 4193 1426 4255 ipsius
1446 4195 1639 4243 aetatem
1673 4193 1861 4254 gentem
1889 4194 2074 4254 Hyper-

520 4270 777 4321 boreorum
794 4283 897 4320 esse
918 4270 1002 4320 ait.
1068 4274 1224 4333 Atque
1241 4270 1349 4320 libri
1372 4269 1475 4331 eius
1496 4273 1685 4320 exstant
1702 4269 1784 4333 qui
1804 4269 2074 4318 inscribun-

520 4349 602 4399 tur
618 4351 690 4399 De
706 4347 1036 4412 Hyperboreis,

584 4513 721 4561 Nunc
737 4548 751 4573 ,
776 4514 1029 4574 postquam
1047 4509 1261 4560 borealoe
1280 4509 1400 4559 Asia>
1418 4511 1602 4560 tractus
1625 4510 1961 4572 descripsimus
1975 4546 1991 4572 ,
2020 4522 2076 4559 ea

522 4602 715 4652 quoque
735 4602 847 4651 quae
868 4588 929 4638 de
954 4587 1273 4650 Hyperboreis
1299 4587 1576 4637 fabulantur
1606 4590 1837 4638 annotare
1870 4600 1968 4637 non
1999 4586 2077 4635 in-

521 4665 809 4715 conveniens
822 4664 1129 4715 arbitramur.
1194 4666 1313 4713 Nam
1333 4662 1457 4713 inter
1468 4663 1808 4727 antiquitatum
1825 4664 2079 4726 scriptores

522 4744 776 4794 Hecataeus
818 4745 868 4794 et
913 4742 1133 4792 nonnulli
1164 4742 1245 4792 alii
1284 4741 1515 4802 tradunt,
1559 4747 1727 4793 contra
1759 4743 1992 4793 celticam
2029 4742 2076 4790 in

522 4824 714 4872 Oceano
732 4822 937 4872 insulam
957 4834 1058 4871 esse
1077 4835 1173 4871 non
1197 4822 1431 4871 minorem
1456 4822 1613 4872 Sicilia
1625 4859 1641 4883 ,
1660 4820 2080 4886 septemtrionibus

522 4898 790 4961 subjectam
807 4936 822 4961 ‚
861 4910 1008 4961 quam
1045 4898 1335 4962 Hyperborei
1370 4898 1607 4963 incolant,
1640 4900 1709 4950 sic
1746 4900 1900 4949 vocati
1947 4897 2079 4962 quod

524 4980 675 5027 Borea
699 4980 844 5028 vento
867 4977 964 5027 sint
996 4978 1286 5028 remotiores.
1353 4978 1519 5029 Solum
1546 4977 1624 5028 bic
1644 4979 1876 5042 optimum
1901 4990 2000 5028 esse
2024 4990 2081 5025 ac

524 5053 820 5104 unctuosum
838 5091 854 5116 ,
887 5066 1143 5115 aeremque
1164 5054 1343 5118 optime
1364 5056 1685 5117 temperatum
1702 5093 1716 5117 ,
1750 5068 1808 5105 ac
1829 5056 2081 5118 propterea

2881 798 2937 833 2.

2214 921 2454 979 Diodor.
2485 922 2571 992 11,
2605 926 2673 990 47
2711 936 2728 977 t
2760 916 2950 992 Ἤμεῖς
2984 914 3029 972 δ’
3065 912 3179 972 ἐπεὶ
3205 911 3272 971 τὰ
3299 913 3427 994 πρὸς
3469 912 3700 993 ἄρκτους

2139 1005 2418 1082 κεκλιμένα
2440 1003 2570 1084 μέρη
2598 1008 2689 1075 τῆς
2709 1001 2880 1070 Ἀσίας
2906 999 3203 1076 ἠξιώσαμεν
3233 1004 3563 1081 ἀναγραφῆς,
3593 1004 3691 1061 οὐκ

2140 1092 2384 1153 ἀνοίκειον
2418 1084 2549 1151 εἶναι
2594 1092 2870 1167 νομίζομεν
2916 1087 2983 1148 τὰ
3024 1088 3144 1169 περὶ
3177 1091 3277 1146 τῶν
3324 1086 3698 1168 Ὑπερὸορέων

2142 1178 2559 1258 μυθολογούμενα
2590 1178 2803 1236 διελθεῖν
2821 1201 2835 1215 ·
2863 1179 2966 1234 τῶν
3000 1174 3101 1256 γὰρ
3140 1174 3233 1244 τὰς
3261 1173 3491 1242 παλαιὰς
3518 1179 3690 1251 μυθο-

2141 1266 2315 1345 λογίας
2335 1264 2765 1347 ἀναγεγραφότων
2788 1264 3069 1331 Ἑκαταῖος
3087 1267 3180 1323 καί
3196 1286 3325 1330 τινες
3344 1262 3508 1341 ἕτεροί
3531 1287 3692 1344 φασιν

2141 1359 2193 1415 ἐν
2214 1357 2319 1422 τοῖς
2338 1353 2616 1434 ἀντιπέραν
2641 1356 2733 1422 τ’ἧς
2761 1354 3017 1422 Κελτικῆς
3039 1351 3213 1418 τόποις
3233 1349 3370 1410 κατὰ
3389 1352 3472 1409 τὸν
3494 1349 3700 1412 Ὠκεα-

2141 1442 2226 1502 ν“ον
2276 1433 2408 1501 εἶναι
2452 1445 2607 1514 ν’ῆσον
2654 1443 2749 1499 οὔκ
2796 1439 2998 1499 ἐλάττω
3045 1443 3137 1511 τῆς
3180 1437 3449 1503 Σικελίας·
3500 1439 3702 1510 ταύτην

2143 1528 2400 1611 ὕποίρχειν
2429 1525 2521 1606 μὲν
2551 1526 2687 1586 κατὰ
2720 1526 2812 1593 τὰς
2840 1526 3085 1606 ἄρκτους,
3125 1529 3482 1587 κατοικεῖσθαι
3511 1525 3565 1585 δὲ
3597 1527 3702 1585 ὕπὸ

2144 1621 2245 1676 τῶν
2287 1614 2682 1693 ὀνομαζομένων
2721 1611 3084 1694 Ὑπερὸορέων
3124 1610 3228 1671 ἀπὸ
3259 1617 3349 1670 τοῦ
3387 1613 3706 1693 πορρωτέρω

2146 1710 2348 1764 κεῖσθαι
2375 1708 2467 1774 τῆς
2499 1702 2696 1782 βορείου
2725 1705 2916 1773 πνοῆς·
2946 1695 3104 1760 οὖσαν
3141 1702 3187 1758 δ’
3216 1698 3378 1772 αὐτὴν
3415 1701 3609 1779 εὔγειόν
3645 1726 3700 1760 τε

2147 1791 2235 1852 καὶ
2282 1792 2581 1871 πάμφορον,
2626 1789 2700 1848 ἔτι
2740 1787 2792 1846 δὲ
2835 1787 3086 1867 εὐκρασίᾳ
3126 1787 3466 1870 διαφέρουσαν
3506 1789 3708 1857 διττοὺς

2146 1879 2261 1940 κατ’
2288 1880 2398 1944 ἔτος
2421 1877 2647 1958 ἐκφέρειν
2677 1875 2929 1956 καρπούς.
2961 1876 3025 1956 (2)
3051 1877 3408 1954 Μυθολογοῧσι
3428 1878 3473 1934 δ’
3494 1879 3547 1935 ἐν
3569 1881 3702 1956 αὐτῇ

2146 1968 2240 2038 τὴν
2286 1964 2445 2039 Λητὼ
2488 1963 2783 2044 γεγονέναι·
2829 1964 2907 2022 διὸ
2948 1963 3038 2022 καὶ
3072 1962 3159 2021 τὸν
3191 1963 3433 2023 Ἀπόλλω
3468 1965 3702 2041 μάλιστα

2148 2058 2250 2113 τῶν
2280 2054 2450 2113 ἄλλων
2475 2056 2601 2112 θεῶν
2625 2051 2748 2131 παρ’
2771 2053 2943 2119 αὐτοῖς
2968 2056 3219 2128 τιμᾶσθαι
3235 2074 3250 2087 ·
3289 2041 3419 2109 εἶναι
3445 2052 3489 2110 δ’
3519 2053 3706 2122 αὐτοὺς

2149 2142 2323 2222 ὥσπερ
2369 2144 2521 2221 ἱερεῖς
2545 2163 2685 2205 τινας
2713 2139 3030 2204 Ἀπόλλωνος
3058 2137 3143 2197 διὰ
3171 2138 3231 2197 τὸ
3258 2138 3345 2198 τὸν
3383 2138 3495 2198 θεὸν
3524 2145 3705 2201 τοῦτον

2148 2229 2265 2288 καθ’
2293 2227 2492 2308 ἡμέραν
2531 2226 2616 2286 ὑπ’
2642 2229 2810 2285 αὐτῶν
2851 2229 3121 2303 ὑμνεῖσθαι
3151 2229 3265 2303 μετ’
3308 2228 3448 2307 ᾠδῆς
3477 2231 3708 2307 συνεχῶς

2148 2315 2239 2374 καὶ
2287 2318 2538 2391 τιμᾶσθαι
2579 2312 2937 2393 διαφερόντως.
2985 2310 3276 2392 (Υπᾶρχειν
3332 2310 3388 2370 δὲ
3439 2312 3532 2371 καὶ
3572 2314 3708 2372 κατὰ

2148 2403 2239 2471 τὴν
2281 2408 2435 2476 νῆσον
2464 2400 2672 2479 τέμενός
2712 2424 2767 2459 τε
2807 2400 3124 2468 Ἀπόλλωνος
3172 2401 3568 2481 μεγαλοπρεπὲς
3619 2402 3709 2461 καὶ
3735 2397 3746 2408 “

2149 2477 2294 2549 ναὸνί
2322 2488 2583 2569 ἀξιόλογον
2661 2487 2960 2566 ἀναθήμασι
3017 2490 3229 2554 πολλοῖς
3285 2488 3708 2565 κεκοσμημένον,

2153 2579 2450 2658 σφαιροειδῆ
2503 2581 2579 2656 τῷ
2626 2575 2879 2655 σχήματι.
2929 2571 2987 2653 (a)
3040 2572 3147 2634 Καὶ
3195 2573 3345 2633 πόλιν
3387 2573 3482 2652 μὲν
3537 2575 3711 2656 &troip-

2153 2688 2263 2744 χειν
2321 2663 2464 2746 ἱερὰν
2526 2668 2614 2723 τοῦ
2670 2669 2785 2722 θεοῦ
2833 2659 3041 2733 τούτου,
3092 2664 3193 2720 τῶν
3242 2659 3297 2719 δὲ
3333 2662 3712 2721 κατοικούντων

2157 2752 2316 2823 αὐτὴν
2345 2750 2463 2819 τοὺς
2507 2741 2781 2817 πλείστους
2809 2740 2939 2808 εἶναι
2977 2747 3306 2828 κιθαριστὰς,
3350 2748 3441 2807 καὶ
3480 2753 3712 2828 συνεχῶς

2156 2841 2208 2897 ἐν
2251 2844 2324 2920 τῷ
2370 2841 2478 2917 ναῷ
2518 2837 2869 2918 κιθαρίζοντας
2899 2835 3089 2916 ὕμνους
3138 2835 3307 2913 λέγειν
3347 2840 3421 2915 τῷ
3466 2840 3565 2914 θεῷ
3594 2839 3718 2914 μετ’

2156 2928 2319 3009 ᾠδῆς,
2358 2925 2806 3003 ἀποσεμνύνοντας
2841 2927 2995 2983 αὐτοῦ
3024 2923 3116 2992 τὰς
3142 2922 3371 3006 πράξεις.
3406 2925 3469 3003 (ι)
3517 2923 3709 3005 Ἔχειν

2158 3014 2211 3073 δὲ
2237 3014 2351 3082 τοὺς
2390 3011 2768 3094 (Υπερὸορεόυς
2810 3011 2942 3071 ἰδίαν
2986 3009 3102 3069 τινὰ
3131 3011 3422 3083 διάλεκτον,
3452 3009 3546 3070 καὶ
3577 3013 3720 3091 πρὸς

2157 3101 2274 3171 τοὺς
2310 3097 2582 3170 Ἕλληνας
2628 3100 2918 3159 οἰκειότατα
2968 3100 3291 3176 διακεῖσθαι,
3331 3097 3418 3156 καὶ
3468 3099 3716 3171 μάλιστα

2158 3184 2281 3270 πρὸς
2307 3185 2423 3256 τοὺς
2457 3187 2750 3260 Ἀθηναίους
2785 3187 2875 3247 καὶ
2897 3186 3146 3260 Δηλίους,
3173 3191 3229 3246 ἐκ
3250 3187 3479 3246 παλαιῶν
3501 3186 3714 3267 χρόνων

2161 3275 2543 3358 παρειληφότας
2570 3275 2664 3349 τὴν
2694 3274 2892 3335 εὔνοιαν
2920 3275 3136 3347 ταύτην.
3169 3274 3277 3335 Καὶ
3302 3277 3402 3333 τῶν
3425 3272 3709 3347 Ἑλλήνων

2160 3364 2304 3433 τινας
2345 3365 2685 3441 μυθολογοῦσι
2720 3362 3047 3444 παραὸαλεῖν
3085 3363 3156 3430 εἷς
3182 3360 3590 3442 Ὕπερὸορεόυς,
3622 3362 3718 3421 καὶ

2162 3436 2474 3530 ἀναθήματα
2501 3453 2761 3523 πολυτελῆ
2790 3451 3094 3509 καταλιπεῖν
3123 3450 3429 3529 γράμμασιν
3459 3447 3720 3521 Ἑλληνι-

2160 3548 2267 3607 κοῖς
2289 3540 2734 3619 ἐπιγεγραμμένα.
2757 3537 2819 3617 (5)
2841 3536 3115 3603 Ὡσαύτως
3136 3537 3189 3596 δὲ
3211 3538 3301 3596 καὶ
3321 3538 3381 3595 ἐκ
3397 3540 3501 3595 τῶν
3526 3535 3715 3617 ‘hrep-

2164 3626 2354 3708 ὅορέων
2402 3623 2618 3705 Ἀὅαριν
2669 3627 2738 3694 εἷς
2784 3624 2877 3697 τὴν
2928 3623 3161 3685 Ἑλλάδα
3203 3623 3606 3695 καταντήσαντα
3653 3625 3718 3683 τὸ

2160 3714 2381 3774 παλαιὸν
2422 3716 2689 3772 ἀνασῶσαι
2738 3711 2831 3784 τὴν
2869 3711 2994 3793 πρὸς
3043 3711 3262 3784 Δηλίους
3305 3710 3503 3771 εὔνοιάν
3529 3735 3589 3770 τε
3627 3714 3718 3770 καὶ

2162 3800 2482 3880 συγγένειαν.
2526 3800 2676 3862 Φασὶ
2710 3798 2764 3858 δὲ
2808 3800 2898 3859 καὶ
2946 3798 3038 3870 τὴν
3069 3798 3290 3871 σελήνην
3320 3802 3379 3858 ἐκ
3405 3797 3600 3871 ταύτης
3626 3803 3722 3870 τῆς

2161 3967 2304 4018 deum
2337 3969 2467 4018 hunc
2499 3967 2712 4030 quotidie
2743 3970 2969 4029 perpetua
2999 3965 3197 4014 laudum
3228 3966 3561 4016 decantatione
3593 3966 3718 4017 cele-

2162 4049 2325 4112 brent,
2359 4052 2408 4101 et
2441 4048 2639 4099 summis
2668 4050 3023 4111 prosequantur
3053 4046 3349 4107 honoribus,
3376 4047 3591 4096 homines
3613 4048 3723 4098 illos

2165 4127 2294 4176 velut
2319 4126 2589 4177 sacerdotes
2612 4125 2838 4188 Apollinis
2861 4137 2962 4175 esse
2988 4124 3256 4187 perhibent.
3320 4123 3470 4185 Cuius
3491 4124 3632 4173 lucus
3653 4125 3717 4174 ibi

2162 4205 2439 4267 magnificus
2463 4208 2513 4255 et
2533 4205 2766 4266 templum
2794 4203 2974 4266 insigne
2994 4202 3203 4252 rotunda
3228 4204 3380 4251 torma
3410 4202 3727 4266 donariisque

2161 4283 2325 4332 multis
2357 4284 2657 4332 exornatum.
2721 4281 2789 4343 (3)
2823 4280 2950 4332 Urbs
2978 4292 3170 4343 quoque
3200 4279 3290 4329 deo
3323 4279 3437 4328 huic
3472 4293 3635 4341 sacra;
3668 4280 3728 4329 in*

2162 4373 2258 4422 qua
2273 4360 2454 4409 civium
2474 4359 2686 4421 plerique
2704 4358 2989 4420 citharistis,
3010 4357 3094 4419 qui
3111 4356 3319 4407 citharas
3333 4357 3380 4405 in
3403 4356 3515 4405 t'ano
3534 4358 3728 4419 pulsan-

2163 4439 2234 4486 tes
2250 4449 2409 4486 sacros
2426 4435 2516 4485 deo
2536 4435 2739 4498 hymnos
2756 4436 2961 4496 canunt,
2986 4433 3165 4497 quibus
3185 4436 3316 4496 gesta
3329 4435 3436 4496 ejus
3454 4434 3722 4483 honorifice

2165 4513 2502 4576 praedicantur.
2570 4514 2635 4576 (4)
2657 4513 2836 4577 Lingua
2855 4513 3170 4576 Hyperboreis
3189 4514 3395 4576 propria,
3416 4514 3465 4563 et
3492 4512 3723 4574 singulari

2164 4591 2344 4641 Grmcis
2374 4591 2733 4652 benevolentia,
2758 4604 2817 4641 ex
2842 4590 3052 4653 antiquis
3084 4588 3195 4640 inde
3218 4588 3510 4652 temporibus
3541 4590 3722 4639 conflr-

2165 4669 2317 4728 mata‚
2342 4667 2521 4717 addicti
2541 4670 2683 4730 sunt;
2715 4667 2933 4730 inprimis
2955 4680 3068 4716 vero
3097 4667 3463 4717 Atheniensibus
3482 4668 3534 4716 et
3555 4662 3722 4718 Deliis

2167 4746 2296 4804 Quin
2319 4748 2598 4796 Graecorum
2628 4746 2885 4794 nonnullos
2915 4744 2975 4793 ad
3008 4744 3342 4807 Hyperboreos
3374 4745 3642 4808 trajecisse,
3673 4749 3726 4795 et

2163 4822 2394 4885 praeclara
2432 4822 2628 4872 donaria
2660 4821 2904 4884 reliquisse
2936 4822 3116 4872 Graeeis
3152 4822 3301 4872 literis
3325 4822 3548 4884 inscripta
3581 4822 3724 4872 fabu-

2165 4899 2341 4949 lantur.
2409 4899 2474 4962 (5)
2506 4901 2584 4950 Sic
2611 4899 2758 4948 etiam
2787 4898 2960 4948 Abarin
2982 4897 3225 4961 quondam
3260 4899 3310 4948 in
3336 4899 3574 4949 Graeciam
3611 4899 3725 4949 inde

2161 4977 2431 5041 protectum
2464 4978 2673 5042 pristinae
2707 4990 2819 5026 cum
2843 4977 2988 5028 Deliis
3005 4977 3225 5026 amicitiae
3244 4982 3292 5028 et
3314 4977 3611 5040 cognationis
3641 4992 3722 5027 ne-

2166 5055 2500 5105 cessitudinem
2519 5067 2786 5107 renovasse.
2849 5056 3114 5105 Memorant
3139 5054 3332 5117 insuper
3347 5055 3515 5105 lunam
3543 5067 3604 5105 ex
3630 5056 3724 5105 bac

524 5127 598 5179 his
623 5131 670 5178 in
690 5143 813 5179 anno
838 5142 1035 5181 messem
1054 5129 1171 5183 fieri.
1239 5130 1304 5194 (2)
1337 5133 1568 5181 Latonam
1588 5133 1665 5183 bic
1694 5133 1835 5182 tuisse
1868 5132 2081 5181 tabulan·
2166 5131 2320 5182 insula
2345 5132 2412 5182 ita
2435 5132 2674 5195 conspici,
2698 5134 2752 5181 ut
2782 5144 2954 5194 parum
2983 5143 3012 5180 a
3037 5131 3166 5179 terra
3195 5130 3366 5193 distet,
3399 5133 3449 5181 et
3472 5135 3726 5183 ἰοί-νοῆται

526 5209 637 5268 tur,
658 5206 858 5269 ideoque
878 5207 1078 5271 Apollini
1101 5212 1199 5271 ptoe
1219 5207 1308 5258 diis
1324 5208 1427 5263 aliis
1446 5208 1630 5259 cultum
1655 5208 1824 5260 deterri
1839 5246 1852 5271 ‚
1870 5211 1944 5269 et,
1967 5209 2080 5272 quia
2172 5209 2406 5275 quomam
2425 5210 2638 5261 tumulos
2656 5209 2703 5259 in
2727 5207 2845 5259 facie
2866 5209 3188 5272 repraesentet.
3252 5208 3319 5273 (6)
3347 5212 3503 5260 Deum
3521 5222 3730 5274 qnoque
