<?xml version="1.0" encoding="UTF-8"?>
<!DOCTYPE html PUBLIC "-//W3C//DTD XHTML 1.0 Transitional//EN"
    "http://www.w3.org/TR/xhtml1/DTD/xhtml1-transitional.dtd">
<html xmlns="http://www.w3.org/1999/xhtml" xml:lang="en" lang="en">
 <head>
  <title>
</title>
<meta http-equiv="Content-Type" content="text/html;charset=utf-8" />
  <meta name='ocr-system' content='tesseract 3.04.00' />
  <meta name='ocr-capabilities' content='ocr_page ocr_carea ocr_par ocr_line ocrx_word'/>
</head>
<body>
  <div class='ocr_page' id='page_1' title='image "./fragmentahistor00mgoog_0317.png"; bbox 0 0 4016 5916; ppageno 0'>
   <div class='ocr_carea' id='block_1_1' title="bbox 1653 466 3502 536">
    <p class='ocr_par' dir='ltr' id='par_1_1' title="bbox 1653 466 3502 536">
     <span class='ocr_line' id='line_1_1' title="bbox 1653 466 3502 536; baseline 0.007 -13"><span class='ocrx_word' id='word_1_1' title='bbox 1653 466 2146 527; x_wconf 79' lang='lat' dir='ltr'><strong>FRAGMENTA.</strong></span> <span class='ocrx_word' id='word_1_2' title='bbox 3399 485 3502 536; x_wconf 75' lang='lat'><strong>26¹</strong></span> 
     </span>
    </p>
   </div>
   <div class='ocr_carea' id='block_1_2' title="bbox 312 593 3515 780">
    <p class='ocr_par' dir='ltr' id='par_1_2' title="bbox 312 593 3515 780">
     <span class='ocr_line' id='line_1_2' title="bbox 313 593 3510 676; baseline 0.002 -19"><span class='ocrx_word' id='word_1_3' title='bbox 313 597 449 657; x_wconf 75' lang='grc' dir='ltr'>κατὰ</span> <span class='ocrx_word' id='word_1_4' title='bbox 475 596 563 655; x_wconf 82' lang='grc' dir='ltr'><strong>τὸν</strong></span> <span class='ocrx_word' id='word_1_5' title='bbox 591 594 823 676; x_wconf 80' lang='grc' dir='ltr'>Εὔριπον</span> <span class='ocrx_word' id='word_1_6' title='bbox 852 593 1060 676; x_wconf 67' lang='grc' dir='ltr'>φέρεται</span> <span class='ocrx_word' id='word_1_7' title='bbox 1090 596 1216 676; x_wconf 85' lang='grc' dir='ltr'>παρ’</span> <span class='ocrx_word' id='word_1_8' title='bbox 1259 594 1392 654; x_wconf 75' lang='grc' dir='ltr'>αὐτὰ</span> <span class='ocrx_word' id='word_1_9' title='bbox 1431 593 1499 653; x_wconf 74' lang='grc' dir='ltr'><strong>τὰ</strong></span> <span class='ocrx_word' id='word_1_10' title='bbox 1536 598 1624 653; x_wconf 73' lang='grc' dir='ltr'>τοῦ</span> <span class='ocrx_word' id='word_1_11' title='bbox 1652 594 1859 671; x_wconf 75' lang='grc' dir='ltr'>λιμένος</span> <span class='ocrx_word' id='word_1_12' title='bbox 1949 607 2031 654; x_wconf 90' lang='lat' dir='ltr'><strong>tur</strong></span> <span class='ocrx_word' id='word_1_13' title='bbox 2041 605 2183 667; x_wconf 77' lang='lat' dir='ltr'><strong>juxta</strong></span> <span class='ocrx_word' id='word_1_14' title='bbox 2205 606 2303 668; x_wconf 85' lang='lat' dir='ltr'><strong>ipsa</strong></span> <span class='ocrx_word' id='word_1_15' title='bbox 2325 610 2494 669; x_wconf 89' lang='lat' dir='ltr'><strong>portus</strong></span> <span class='ocrx_word' id='word_1_16' title='bbox 2515 608 2814 656; x_wconf 84' lang='lat' dir='ltr'><strong>munimenta</strong></span> <span class='ocrx_word' id='word_1_17' title='bbox 2832 645 2847 670; x_wconf 90' lang='lat'><strong>,</strong></span> <span class='ocrx_word' id='word_1_18' title='bbox 2875 608 2957 658; x_wconf 89' lang='lat' dir='ltr'><strong>ubi</strong></span> <span class='ocrx_word' id='word_1_19' title='bbox 2984 609 3180 672; x_wconf 84' lang='lat' dir='ltr'><strong>contigit</strong></span> <span class='ocrx_word' id='word_1_20' title='bbox 3204 624 3303 660; x_wconf 64' lang='lat' dir='ltr'><strong>esse</strong></span> <span class='ocrx_word' id='word_1_21' title='bbox 3323 615 3510 675; x_wconf 87' lang='lat' dir='ltr'><strong>portam</strong></span> 
     </span>
     <span class='ocr_line' id='line_1_3' title="bbox 312 674 3515 780; baseline 0.001 -16"><span class='ocrx_word' id='word_1_22' title='bbox 312 686 493 764; x_wconf 58' lang='grc' dir='ltr'>τάχη,</span> <span class='ocrx_word' id='word_1_23' title='bbox 521 686 638 742; x_wconf 63' lang='lat'><strong>⁸²⁰⁹</strong></span> <span class='ocrx_word' id='word_1_24' title='bbox 674 681 705 740; x_wconf 61' lang='grc' dir='ltr'>ὃ</span> <span class='ocrx_word' id='word_1_25' title='bbox 732 681 1010 759; x_wconf 56' lang='grc' dir='ltr'>Ψμὸαίνῑῑ</span> <span class='ocrx_word' id='word_1_26' title='bbox 1050 681 1145 753; x_wconf 55' lang='grc' dir='ltr'><strong>τὴν</strong></span> <span class='ocrx_word' id='word_1_27' title='bbox 1173 680 1310 740; x_wconf 62' lang='grc' dir='ltr'>κατὰ</span> <span class='ocrx_word' id='word_1_28' title='bbox 1347 681 1408 740; x_wconf 62' lang='grc' dir='ltr'><strong>τὸ</strong></span> <span class='ocrx_word' id='word_1_29' title='bbox 1447 682 1691 764; x_wconf 59' lang='grc' dir='ltr'><strong>Ῑμπόρῑον</strong></span> <span class='ocrx_word' id='word_1_30' title='bbox 1732 674 1862 741; x_wconf 56' lang='grc' dir='ltr'><strong>*ἵνα*</strong></span> <span class='ocrx_word' id='word_1_31' title='bbox 1950 712 2173 774; x_wconf 88' lang='lat' dir='ltr'><strong>emporii,</strong></span> <span class='ocrx_word' id='word_1_32' title='bbox 2198 724 2345 774; x_wconf 89' lang='lat' dir='ltr'><strong>quam</strong></span> <span class='ocrx_word' id='word_1_33' title='bbox 2369 711 2519 775; x_wconf 88' lang='lat' dir='ltr'><strong>ipsam</strong></span> <span class='ocrx_word' id='word_1_34' title='bbox 2541 713 2719 775; x_wconf 80' lang='lat' dir='ltr'><strong>excipit</strong></span> <span class='ocrx_word' id='word_1_35' title='bbox 2735 713 2913 773; x_wconf 82' lang='lat' dir='ltr'><strong>sorum,</strong></span> <span class='ocrx_word' id='word_1_36' title='bbox 2941 714 3097 764; x_wconf 84' lang='lat' dir='ltr'><strong>latum</strong></span> <span class='ocrx_word' id='word_1_37' title='bbox 3121 714 3240 765; x_wconf 89' lang='lat' dir='ltr'><strong>illud</strong></span> <span class='ocrx_word' id='word_1_38' title='bbox 3264 716 3515 780; x_wconf 79' lang='lat' dir='ltr'><strong>tribusque</strong></span> 
     </span>
    </p>
   </div>
   <div class='ocr_carea' id='block_1_3' title="bbox 314 761 1869 1965">
    <p class='ocr_par' dir='ltr' id='par_1_3' title="bbox 314 761 1869 1965">
     <span class='ocr_line' id='line_1_4' title="bbox 315 761 1863 850; baseline -0.002 -20"><span class='ocrx_word' id='word_1_39' title='bbox 315 773 486 843; x_wconf 79' lang='grc' dir='ltr'>πύλην</span> <span class='ocrx_word' id='word_1_40' title='bbox 504 816 521 843; x_wconf 95' lang='grc'>,</span> <span class='ocrx_word' id='word_1_41' title='bbox 545 768 737 842; x_wconf 77' lang='grc' dir='ltr'>ταύτης</span> <span class='ocrx_word' id='word_1_42' title='bbox 766 770 812 828; x_wconf 87' lang='grc' dir='ltr'><strong>δ’</strong></span> <span class='ocrx_word' id='word_1_43' title='bbox 837 766 1046 847; x_wconf 77' lang='grc' dir='ltr'>ἔχεσθαι</span> <span class='ocrx_word' id='word_1_44' title='bbox 1073 768 1168 841; x_wconf 80' lang='grc' dir='ltr'><strong>τὴν</strong></span> <span class='ocrx_word' id='word_1_45' title='bbox 1192 768 1382 850; x_wconf 70' lang='grc' dir='ltr'>ἀγορὰν</span> <span class='ocrx_word' id='word_1_46' title='bbox 1410 770 1661 828; x_wconf 84' lang='grc' dir='ltr'>πλατεῒάν</span> <span class='ocrx_word' id='word_1_47' title='bbox 1692 793 1749 828; x_wconf 85' lang='grc' dir='ltr'>τε</span> <span class='ocrx_word' id='word_1_48' title='bbox 1772 761 1863 827; x_wconf 70' lang='grc' dir='ltr'>οὗ·</span> 
     </span>
     <span class='ocr_line' id='line_1_5' title="bbox 317 839 1862 929; baseline -0.002 -20"><span class='ocrx_word' id='word_1_49' title='bbox 317 874 413 909; x_wconf 88' lang='grc' dir='ltr'><strong>σαν</strong></span> <span class='ocrx_word' id='word_1_50' title='bbox 434 849 525 909; x_wconf 74' lang='grc' dir='ltr'><strong>καὶ</strong></span> <span class='ocrx_word' id='word_1_51' title='bbox 548 853 721 915; x_wconf 79' lang='grc' dir='ltr'>στοαῖς</span> <span class='ocrx_word' id='word_1_52' title='bbox 743 850 880 929; x_wconf 83' lang='grc' dir='ltr'>τρισὶ</span> <span class='ocrx_word' id='word_1_53' title='bbox 900 847 1331 925; x_wconf 72' lang='grc' dir='ltr'>συνειλημμένην.</span> <span class='ocrx_word' id='word_1_54' title='bbox 1373 848 1461 928; x_wconf 74' lang='lat' dir='ltr'><strong>(ao)</strong></span> <span class='ocrx_word' id='word_1_55' title='bbox 1489 848 1748 927; x_wconf 82' lang='grc' dir='ltr'>Σύνεγγυς</span> <span class='ocrx_word' id='word_1_56' title='bbox 1775 839 1862 907; x_wconf 64' lang='grc' dir='ltr'><strong>οὖν</strong></span> 
     </span>
     <span class='ocr_line' id='line_1_6' title="bbox 314 933 1863 1016; baseline -0.001 -21"><span class='ocrx_word' id='word_1_57' title='bbox 314 937 555 1014; x_wconf 80' lang='grc' dir='ltr'>κειμένου</span> <span class='ocrx_word' id='word_1_58' title='bbox 582 940 674 1007; x_wconf 77' lang='grc' dir='ltr'><strong>τῆς</strong></span> <span class='ocrx_word' id='word_1_59' title='bbox 699 937 889 1013; x_wconf 73' lang='grc' dir='ltr'>ἀγορᾶς</span> <span class='ocrx_word' id='word_1_60' title='bbox 934 940 1023 993; x_wconf 74' lang='grc' dir='ltr'>τοῦ</span> <span class='ocrx_word' id='word_1_61' title='bbox 1048 933 1256 1013; x_wconf 64' lang='grc' dir='ltr'>λιμένος</span> <span class='ocrx_word' id='word_1_62' title='bbox 1293 934 1382 993; x_wconf 67' lang='grc' dir='ltr'><strong>καὶ</strong></span> <span class='ocrx_word' id='word_1_63' title='bbox 1422 934 1636 1016; x_wconf 79' lang='grc' dir='ltr'>ταχείας</span> <span class='ocrx_word' id='word_1_64' title='bbox 1676 940 1768 1007; x_wconf 78' lang='grc' dir='ltr'><strong>τῆς</strong></span> <span class='ocrx_word' id='word_1_65' title='bbox 1805 938 1863 994; x_wconf 82' lang='grc' dir='ltr'>ἐκ</span> 
     </span>
     <span class='ocr_line' id='line_1_7' title="bbox 319 1020 1860 1102; baseline -0.003 -19"><span class='ocrx_word' id='word_1_66' title='bbox 319 1029 418 1084; x_wconf 75' lang='grc' dir='ltr'><strong>τῶν</strong></span> <span class='ocrx_word' id='word_1_67' title='bbox 449 1021 640 1082; x_wconf 77' lang='grc' dir='ltr'>πλοίων</span> <span class='ocrx_word' id='word_1_68' title='bbox 681 1020 950 1100; x_wconf 71' lang='grc' dir='ltr'>γινομένης</span> <span class='ocrx_word' id='word_1_69' title='bbox 975 1026 1077 1080; x_wconf 81' lang='grc' dir='ltr'><strong>τῶν</strong></span> <span class='ocrx_word' id='word_1_70' title='bbox 1111 1020 1328 1102; x_wconf 77' lang='grc' dir='ltr'>φορτίων</span> <span class='ocrx_word' id='word_1_71' title='bbox 1359 1024 1661 1099; x_wconf 72' lang='grc' dir='ltr'>ἐκκομιδῆς,</span> <span class='ocrx_word' id='word_1_72' title='bbox 1701 1021 1860 1088; x_wconf 76' lang='grc' dir='ltr'>πολὺς</span> 
     </span>
     <span class='ocr_line' id='line_1_8' title="bbox 319 1098 1866 1181; baseline -0.002 -20"><span class='ocrx_word' id='word_1_73' title='bbox 319 1109 347 1162; x_wconf 77' lang='grc' dir='ltr'><strong>ὁ</strong></span> <span class='ocrx_word' id='word_1_74' title='bbox 369 1102 675 1162; x_wconf 80' lang='grc' dir='ltr'>καταπλέων</span> <span class='ocrx_word' id='word_1_75' title='bbox 701 1099 836 1158; x_wconf 77' lang='grc' dir='ltr'>ἐστὶν</span> <span class='ocrx_word' id='word_1_76' title='bbox 862 1103 929 1164; x_wconf 85' lang='grc' dir='ltr'>εἷς</span> <span class='ocrx_word' id='word_1_77' title='bbox 952 1100 1011 1158; x_wconf 77' lang='grc' dir='ltr'><strong>τὸ</strong></span> <span class='ocrx_word' id='word_1_78' title='bbox 1034 1101 1297 1180; x_wconf 82' lang='grc' dir='ltr'>ἐμπόριον.</span> <span class='ocrx_word' id='word_1_79' title='bbox 1334 1099 1440 1161; x_wconf 73' lang='grc' dir='ltr'><strong>Καὶ</strong></span> <span class='ocrx_word' id='word_1_80' title='bbox 1459 1100 1560 1180; x_wconf 78' lang='grc' dir='ltr'>γὰρ</span> <span class='ocrx_word' id='word_1_81' title='bbox 1584 1105 1611 1159; x_wconf 78' lang='grc' dir='ltr'><strong>ὁ</strong></span> <span class='ocrx_word' id='word_1_82' title='bbox 1644 1098 1866 1181; x_wconf 74' lang='grc' dir='ltr'>Εὔριπος</span> 
     </span>
     <span class='ocr_line' id='line_1_9' title="bbox 322 1186 1865 1268; baseline -0.002 -20"><span class='ocrx_word' id='word_1_83' title='bbox 322 1191 494 1249; x_wconf 84' lang='grc' dir='ltr'>δισσὸν</span> <span class='ocrx_word' id='word_1_84' title='bbox 521 1187 655 1268; x_wconf 77' lang='grc' dir='ltr'>ἔχων</span> <span class='ocrx_word' id='word_1_85' title='bbox 685 1187 774 1246; x_wconf 81' lang='grc' dir='ltr'><strong>τὸν</strong></span> <span class='ocrx_word' id='word_1_86' title='bbox 803 1186 1045 1246; x_wconf 76' lang='grc' dir='ltr'>εἴσπλουν</span> <span class='ocrx_word' id='word_1_87' title='bbox 1092 1187 1361 1267; x_wconf 73' lang='grc' dir='ltr'>ἐφέλκεται</span> <span class='ocrx_word' id='word_1_88' title='bbox 1404 1189 1490 1247; x_wconf 83' lang='grc' dir='ltr'><strong>τὸν</strong></span> <span class='ocrx_word' id='word_1_89' title='bbox 1531 1187 1755 1266; x_wconf 77' lang='grc' dir='ltr'>ἔμπορον</span> <span class='ocrx_word' id='word_1_90' title='bbox 1796 1190 1865 1254; x_wconf 79' lang='grc' dir='ltr'>εἷς</span> 
     </span>
     <span class='ocr_line' id='line_1_10' title="bbox 319 1272 1865 1355; baseline -0.001 -21"><span class='ocrx_word' id='word_1_91' title='bbox 319 1276 416 1347; x_wconf 85' lang='grc' dir='ltr'><strong>τὴν</strong></span> <span class='ocrx_word' id='word_1_92' title='bbox 451 1274 620 1336; x_wconf 75' lang='grc' dir='ltr'>πόλιν.</span> <span class='ocrx_word' id='word_1_93' title='bbox 652 1274 744 1354; x_wconf 76' lang='lat'><strong>(30)</strong></span> <span class='ocrx_word' id='word_1_94' title='bbox 794 1273 861 1335; x_wconf 78' lang='lat' dir='ltr'><strong>‘ll</strong></span> <span class='ocrx_word' id='word_1_95' title='bbox 893 1272 946 1332; x_wconf 80' lang='grc' dir='ltr'><strong>δὲ</strong></span> <span class='ocrx_word' id='word_1_96' title='bbox 984 1273 1133 1354; x_wconf 82' lang='grc' dir='ltr'>χώρα</span> <span class='ocrx_word' id='word_1_97' title='bbox 1172 1283 1320 1333; x_wconf 78' lang='grc' dir='ltr'>πᾶσα</span> <span class='ocrx_word' id='word_1_98' title='bbox 1346 1276 1514 1333; x_wconf 75' lang='grc' dir='ltr'>αὐτῶν</span> <span class='ocrx_word' id='word_1_99' title='bbox 1544 1274 1865 1355; x_wconf 77' lang='grc' dir='ltr'>ἐλαιόφυτος·</span> 
     </span>
     <span class='ocr_line' id='line_1_11' title="bbox 321 1359 1868 1441; baseline -0.003 -18"><span class='ocrx_word' id='word_1_100' title='bbox 321 1363 490 1441; x_wconf 72' lang='grc' dir='ltr'>ἀγαθὴ</span> <span class='ocrx_word' id='word_1_101' title='bbox 534 1364 586 1423; x_wconf 65' lang='grc' dir='ltr'><strong>δὲ</strong></span> <span class='ocrx_word' id='word_1_102' title='bbox 611 1362 702 1421; x_wconf 68' lang='grc' dir='ltr'><strong>καὶ</strong></span> <span class='ocrx_word' id='word_1_103' title='bbox 742 1367 777 1434; x_wconf 83' lang='grc' dir='ltr'>ἡ</span> <span class='ocrx_word' id='word_1_104' title='bbox 809 1362 1060 1422; x_wconf 77' lang='grc' dir='ltr'>θάλαττα.</span> <span class='ocrx_word' id='word_1_105' title='bbox 1089 1364 1158 1422; x_wconf 77' lang='grc' dir='ltr'><strong>Οἱ</strong></span> <span class='ocrx_word' id='word_1_106' title='bbox 1200 1362 1244 1420; x_wconf 87' lang='grc' dir='ltr'><strong>δ’</strong></span> <span class='ocrx_word' id='word_1_107' title='bbox 1273 1366 1585 1429; x_wconf 76' lang='grc' dir='ltr'>ἐνοικοῦντες</span> <span class='ocrx_word' id='word_1_108' title='bbox 1609 1359 1868 1432; x_wconf 80' lang='grc' dir='ltr'>Ἓλληνες</span> 
     </span>
     <span class='ocr_line' id='line_1_12' title="bbox 320 1447 1866 1531; baseline -0.003 -20"><span class='ocrx_word' id='word_1_109' title='bbox 320 1455 377 1511; x_wconf 78' lang='grc' dir='ltr'>οὗ</span> <span class='ocrx_word' id='word_1_110' title='bbox 404 1455 477 1530; x_wconf 81' lang='grc' dir='ltr'><strong>τῷ</strong></span> <span class='ocrx_word' id='word_1_111' title='bbox 499 1450 632 1528; x_wconf 77' lang='grc' dir='ltr'>γένει</span> <span class='ocrx_word' id='word_1_112' title='bbox 661 1447 843 1525; x_wconf 85' lang='grc' dir='ltr'>μόνον,</span> <span class='ocrx_word' id='word_1_113' title='bbox 868 1447 1003 1508; x_wconf 74' lang='grc' dir='ltr'>ἀλλὰ</span> <span class='ocrx_word' id='word_1_114' title='bbox 1021 1447 1111 1507; x_wconf 72' lang='grc' dir='ltr'><strong>καὶ</strong></span> <span class='ocrx_word' id='word_1_115' title='bbox 1134 1453 1197 1528; x_wconf 81' lang='grc' dir='ltr'><strong>τῇ</strong></span> <span class='ocrx_word' id='word_1_116' title='bbox 1221 1454 1363 1531; x_wconf 79' lang='grc' dir='ltr'>φωνῇ</span> <span class='ocrx_word' id='word_1_117' title='bbox 1381 1473 1393 1487; x_wconf 89' lang='grc'><em>·</em></span> <span class='ocrx_word' id='word_1_118' title='bbox 1419 1453 1520 1508; x_wconf 81' lang='grc' dir='ltr'><strong>τῶν</strong></span> <span class='ocrx_word' id='word_1_119' title='bbox 1541 1448 1866 1526; x_wconf 76' lang='grc' dir='ltr'>μαθημάτων</span> 
     </span>
     <span class='ocr_line' id='line_1_13' title="bbox 324 1536 1868 1620; baseline -0.003 -23"><span class='ocrx_word' id='word_1_120' title='bbox 324 1539 491 1610; x_wconf 77' lang='grc' dir='ltr'>ἐντὸς,</span> <span class='ocrx_word' id='word_1_121' title='bbox 524 1539 909 1620; x_wconf 81' lang='grc' dir='ltr'>φιλαπόδημοι,</span> <span class='ocrx_word' id='word_1_122' title='bbox 936 1537 1321 1615; x_wconf 74' lang='grc' dir='ltr'>γραμματικοί·</span> <span class='ocrx_word' id='word_1_123' title='bbox 1369 1536 1434 1595; x_wconf 75' lang='grc' dir='ltr'><strong>τὰ</strong></span> <span class='ocrx_word' id='word_1_124' title='bbox 1474 1536 1868 1618; x_wconf 72' lang='grc' dir='ltr'>προσπίπτοντα</span> 
     </span>
     <span class='ocr_line' id='line_1_14' title="bbox 323 1623 1867 1706; baseline -0.003 -21"><span class='ocrx_word' id='word_1_125' title='bbox 323 1629 381 1685; x_wconf 75' lang='grc' dir='ltr'>ἐκ</span> <span class='ocrx_word' id='word_1_126' title='bbox 407 1629 498 1697; x_wconf 77' lang='grc' dir='ltr'><strong>τῆς</strong></span> <span class='ocrx_word' id='word_1_127' title='bbox 520 1624 766 1704; x_wconf 74' lang='grc' dir='ltr'>πατρίδος</span> <span class='ocrx_word' id='word_1_128' title='bbox 791 1626 1017 1703; x_wconf 71' lang='grc' dir='ltr'>δυσχερῆ</span> <span class='ocrx_word' id='word_1_129' title='bbox 1042 1624 1284 1701; x_wconf 79' lang='grc' dir='ltr'>γενναίως</span> <span class='ocrx_word' id='word_1_130' title='bbox 1307 1623 1570 1706; x_wconf 73' lang='grc' dir='ltr'>φέροντες·</span> <span class='ocrx_word' id='word_1_131' title='bbox 1595 1623 1867 1682; x_wconf 79' lang='grc' dir='ltr'>δουλεύον-</span> 
     </span>
     <span class='ocr_line' id='line_1_15' title="bbox 323 1708 1866 1794; baseline -0.003 -22"><span class='ocrx_word' id='word_1_132' title='bbox 323 1737 404 1781; x_wconf 86' lang='grc' dir='ltr'>τες</span> <span class='ocrx_word' id='word_1_133' title='bbox 425 1711 526 1794; x_wconf 70' lang='grc' dir='ltr'>γὰρ</span> <span class='ocrx_word' id='word_1_134' title='bbox 554 1710 717 1772; x_wconf 76' lang='grc' dir='ltr'>πολὺν</span> <span class='ocrx_word' id='word_1_135' title='bbox 746 1711 846 1784; x_wconf 81' lang='grc' dir='ltr'><strong>ἤδη</strong></span> <span class='ocrx_word' id='word_1_136' title='bbox 872 1710 1057 1791; x_wconf 82' lang='grc' dir='ltr'>χρόνον</span> <span class='ocrx_word' id='word_1_137' title='bbox 1074 1755 1089 1783; x_wconf 90' lang='grc'>,</span> <span class='ocrx_word' id='word_1_138' title='bbox 1118 1718 1225 1779; x_wconf 80' lang='grc' dir='ltr'>τοῖς</span> <span class='ocrx_word' id='word_1_139' title='bbox 1245 1709 1299 1769; x_wconf 65' lang='grc' dir='ltr'><strong>δὲ</strong></span> <span class='ocrx_word' id='word_1_140' title='bbox 1324 1712 1532 1790; x_wconf 87' lang='grc' dir='ltr'>τρόποις</span> <span class='ocrx_word' id='word_1_141' title='bbox 1557 1709 1697 1775; x_wconf 81' lang='grc' dir='ltr'>ὄντες</span> <span class='ocrx_word' id='word_1_142' title='bbox 1725 1708 1866 1768; x_wconf 84' lang='grc' dir='ltr'>ἐλεύ·</span> 
     </span>
     <span class='ocr_line' id='line_1_16' title="bbox 322 1796 1869 1880; baseline -0.003 -21"><span class='ocrx_word' id='word_1_143' title='bbox 322 1806 458 1880; x_wconf 80' lang='grc' dir='ltr'>θεροι</span> <span class='ocrx_word' id='word_1_144' title='bbox 482 1799 717 1878; x_wconf 84' lang='grc' dir='ltr'>μεγάλην</span> <span class='ocrx_word' id='word_1_145' title='bbox 730 1797 1000 1878; x_wconf 74' lang='grc' dir='ltr'>εἰλήφασιν</span> <span class='ocrx_word' id='word_1_146' title='bbox 1026 1797 1126 1864; x_wconf 76' lang='grc' dir='ltr'>ἕξιν</span> <span class='ocrx_word' id='word_1_147' title='bbox 1152 1797 1321 1878; x_wconf 79' lang='grc' dir='ltr'>φέρειν</span> <span class='ocrx_word' id='word_1_148' title='bbox 1346 1798 1591 1878; x_wconf 67' lang='grc' dir='ltr'>ῥᾳθύμως</span> <span class='ocrx_word' id='word_1_149' title='bbox 1616 1796 1682 1855; x_wconf 77' lang='grc' dir='ltr'><strong>τὰ</strong></span> <span class='ocrx_word' id='word_1_150' title='bbox 1710 1819 1869 1876; x_wconf 86' lang='grc' dir='ltr'>προσ·</span> 
     </span>
     <span class='ocr_line' id='line_1_17' title="bbox 324 1885 1212 1965; baseline -0.001 -20"><span class='ocrx_word' id='word_1_151' title='bbox 324 1887 606 1947; x_wconf 83' lang='grc' dir='ltr'>πίπτοντα.</span> <span class='ocrx_word' id='word_1_152' title='bbox 628 1885 695 1948; x_wconf 88' lang='grc' dir='ltr'>Ὁ</span> <span class='ocrx_word' id='word_1_153' title='bbox 725 1885 899 1965; x_wconf 78' lang='grc' dir='ltr'>στίχος</span> <span class='ocrx_word' id='word_1_154' title='bbox 922 1886 1181 1944; x_wconf 82' lang='grc' dir='ltr'>Φιλίσκου</span> <span class='ocrx_word' id='word_1_155' title='bbox 1198 1908 1212 1921; x_wconf 89' lang='grc'><em>·</em></span> 
     </span>
    </p>
   </div>
   <div class='ocr_carea' id='block_1_4' title="bbox 445 2004 1570 2071">
    <p class='ocr_par' dir='ltr' id='par_1_4' title="bbox 445 2004 1570 2071">
     <span class='ocr_line' id='line_1_18' title="bbox 445 2004 1570 2071; baseline -0.004 -14"><span class='ocrx_word' id='word_1_156' title='bbox 445 2009 670 2071; x_wconf 80' lang='grc' dir='ltr'>Χρηστῶν</span> <span class='ocrx_word' id='word_1_157' title='bbox 687 2004 958 2069; x_wconf 73' lang='grc' dir='ltr'>σφόδρ’·ἐστὶ</span> <span class='ocrx_word' id='word_1_158' title='bbox 981 2007 1154 2062; x_wconf 79' lang='grc' dir='ltr'>Χαλκὶς</span> <span class='ocrx_word' id='word_1_159' title='bbox 1172 2005 1401 2064; x_wconf 78' lang='grc' dir='ltr'>Ἐλλήνων</span> <span class='ocrx_word' id='word_1_160' title='bbox 1422 2004 1570 2061; x_wconf 85' lang='grc' dir='ltr'>πόλις.</span> 
     </span>
    </p>
   </div>
   <div class='ocr_carea' id='block_1_5' title="bbox 1950 808 3519 1944">
    <p class='ocr_par' dir='ltr' id='par_1_5' title="bbox 1950 808 3519 1944">
     <span class='ocr_line' id='line_1_19' title="bbox 1950 808 3515 875; baseline 0.003 -15"><span class='ocrx_word' id='word_1_161' title='bbox 1950 808 2217 874; x_wconf 82' lang='lat' dir='ltr'><strong>porticibus</strong></span> <span class='ocrx_word' id='word_1_162' title='bbox 2250 808 2625 860; x_wconf 87' lang='lat' dir='ltr'><strong>circumdatum.</strong></span> <span class='ocrx_word' id='word_1_163' title='bbox 2664 813 2827 868; x_wconf 87' lang='lat' dir='ltr'><strong>Quum</strong></span> <span class='ocrx_word' id='word_1_164' title='bbox 2851 810 3014 875; x_wconf 85' lang='lat' dir='ltr'><strong>itaque</strong></span> <span class='ocrx_word' id='word_1_165' title='bbox 3039 813 3288 875; x_wconf 82' lang='lat' dir='ltr'><strong>proximus</strong></span> <span class='ocrx_word' id='word_1_166' title='bbox 3315 813 3376 862; x_wconf 89' lang='lat' dir='ltr'><strong>sit</strong></span> <span class='ocrx_word' id='word_1_167' title='bbox 3409 814 3515 864; x_wconf 85' lang='lat' dir='ltr'><strong>t&#39;oro</strong></span> 
     </span>
     <span class='ocr_line' id='line_1_20' title="bbox 1953 907 3516 974; baseline 0.002 -15"><span class='ocrx_word' id='word_1_168' title='bbox 1953 911 2149 972; x_wconf 80' lang='lat' dir='ltr'><strong>portus,</strong></span> <span class='ocrx_word' id='word_1_169' title='bbox 2184 911 2234 959; x_wconf 90' lang='lat' dir='ltr'><strong>et</strong></span> <span class='ocrx_word' id='word_1_170' title='bbox 2267 907 2420 957; x_wconf 74' lang='lat' dir='ltr'><strong>facilis</strong></span> <span class='ocrx_word' id='word_1_171' title='bbox 2448 921 2650 958; x_wconf 88' lang='lat' dir='ltr'><strong>onerum</strong></span> <span class='ocrx_word' id='word_1_172' title='bbox 2678 922 2705 958; x_wconf 89' lang='lat' dir='ltr'><strong>e</strong></span> <span class='ocrx_word' id='word_1_173' title='bbox 2731 909 2935 959; x_wconf 81' lang='lat' dir='ltr'><strong>navibus</strong></span> <span class='ocrx_word' id='word_1_174' title='bbox 2959 913 3183 972; x_wconf 76' lang='lat' dir='ltr'><strong>vectura,</strong></span> <span class='ocrx_word' id='word_1_175' title='bbox 3221 911 3418 974; x_wconf 85' lang='lat' dir='ltr'><strong>plurimi</strong></span> <span class='ocrx_word' id='word_1_176' title='bbox 3452 912 3516 962; x_wconf 83' lang='lat' dir='ltr'><strong>ad</strong></span> 
     </span>
     <span class='ocr_line' id='line_1_21' title="bbox 1954 1006 3518 1070; baseline 0.003 -14"><span class='ocrx_word' id='word_1_177' title='bbox 1954 1007 2221 1070; x_wconf 82' lang='lat' dir='ltr'><strong>emporium</strong></span> <span class='ocrx_word' id='word_1_178' title='bbox 2244 1006 2445 1056; x_wconf 77' lang='lat' dir='ltr'><strong>veniunt</strong></span> <span class='ocrx_word' id='word_1_179' title='bbox 2466 1026 2480 1056; x_wconf 68' lang='grc' dir='ltr'>ι</span> <span class='ocrx_word' id='word_1_180' title='bbox 2501 1008 2620 1069; x_wconf 88' lang='lat' dir='ltr'><strong>quin</strong></span> <span class='ocrx_word' id='word_1_181' title='bbox 2645 1007 2792 1056; x_wconf 88' lang='lat' dir='ltr'><strong>etiam</strong></span> <span class='ocrx_word' id='word_1_182' title='bbox 2813 1007 3046 1070; x_wconf 77' lang='lat' dir='ltr'><strong>Euripus,</strong></span> <span class='ocrx_word' id='word_1_183' title='bbox 3067 1007 3308 1070; x_wconf 73' lang='lat' dir='ltr'><strong>duplicem</strong></span> <span class='ocrx_word' id='word_1_184' title='bbox 3337 1009 3518 1060; x_wconf 85' lang='lat' dir='ltr'><strong>babens</strong></span> 
     </span>
     <span class='ocr_line' id='line_1_22' title="bbox 1953 1103 3518 1170; baseline 0.003 -16"><span class='ocrx_word' id='word_1_185' title='bbox 1953 1104 2225 1167; x_wconf 91' lang='lat' dir='ltr'><strong>introitum,</strong></span> <span class='ocrx_word' id='word_1_186' title='bbox 2237 1103 2351 1154; x_wconf 78' lang='lat' dir='ltr'><strong>tacit</strong></span> <span class='ocrx_word' id='word_1_187' title='bbox 2370 1105 2427 1155; x_wconf 90' lang='lat' dir='ltr'><strong>ut</strong></span> <span class='ocrx_word' id='word_1_188' title='bbox 2441 1107 2731 1156; x_wconf 73' lang='lat' dir='ltr'><strong>mercatores</strong></span> <span class='ocrx_word' id='word_1_189' title='bbox 2745 1105 2916 1155; x_wconf 88' lang='lat' dir='ltr'><strong>urbem</strong></span> <span class='ocrx_word' id='word_1_190' title='bbox 2932 1107 3253 1169; x_wconf 76' lang='lat' dir='ltr'><strong>frequentent.</strong></span> <span class='ocrx_word' id='word_1_191' title='bbox 3276 1109 3376 1170; x_wconf 84' lang='grc' dir='ltr'>(3ο)</span> <span class='ocrx_word' id='word_1_192' title='bbox 3395 1111 3518 1159; x_wconf 84' lang='lat' dir='ltr'><strong>&#39;rota</strong></span> 
     </span>
     <span class='ocr_line' id='line_1_23' title="bbox 1956 1200 3516 1268; baseline 0.003 -17"><span class='ocrx_word' id='word_1_193' title='bbox 1956 1214 2124 1251; x_wconf 90' lang='lat' dir='ltr'><strong>eorum</strong></span> <span class='ocrx_word' id='word_1_194' title='bbox 2139 1200 2267 1265; x_wconf 79' lang='lat' dir='ltr'><strong>regio</strong></span> <span class='ocrx_word' id='word_1_195' title='bbox 2285 1202 2402 1251; x_wconf 85' lang='lat' dir='ltr'><strong>oleis</strong></span> <span class='ocrx_word' id='word_1_196' title='bbox 2419 1201 2604 1251; x_wconf 89' lang='lat' dir='ltr'><strong>consita</strong></span> <span class='ocrx_word' id='word_1_197' title='bbox 2630 1220 2643 1251; x_wconf 71' lang='grc' dir='ltr'>ε</span> <span class='ocrx_word' id='word_1_198' title='bbox 2665 1215 2799 1253; x_wconf 87' lang='lat' dir='ltr'><strong>mare</strong></span> <span class='ocrx_word' id='word_1_199' title='bbox 2815 1202 2959 1252; x_wconf 81' lang='lat' dir='ltr'><strong>etiam</strong></span> <span class='ocrx_word' id='word_1_200' title='bbox 2978 1203 3164 1264; x_wconf 78' lang='lat' dir='ltr'><strong>largum</strong></span> <span class='ocrx_word' id='word_1_201' title='bbox 3186 1204 3516 1268; x_wconf 72' lang='lat' dir='ltr'><strong>(piscatura)</strong></span> 
     </span>
     <span class='ocr_line' id='line_1_24' title="bbox 1956 1300 3514 1365; baseline 0.001 -16"><span class='ocrx_word' id='word_1_202' title='bbox 1956 1300 2140 1363; x_wconf 62' lang='lat' dir='ltr'><strong>praebet</strong></span> <span class='ocrx_word' id='word_1_203' title='bbox 2157 1303 2462 1363; x_wconf 77' lang='lat' dir='ltr'><strong>proventum.</strong></span> <span class='ocrx_word' id='word_1_204' title='bbox 2486 1301 2663 1350; x_wconf 78' lang='lat' dir='ltr'><strong>incola:</strong></span> <span class='ocrx_word' id='word_1_205' title='bbox 2687 1300 2843 1350; x_wconf 63' lang='lat' dir='ltr'><strong>Graeci</strong></span> <span class='ocrx_word' id='word_1_206' title='bbox 2862 1303 2974 1351; x_wconf 88' lang='lat' dir='ltr'><strong>sunt</strong></span> <span class='ocrx_word' id='word_1_207' title='bbox 2987 1338 3002 1365; x_wconf 90' lang='lat'><strong>,</strong></span> <span class='ocrx_word' id='word_1_208' title='bbox 3024 1310 3122 1351; x_wconf 91' lang='lat' dir='ltr'><strong>non</strong></span> <span class='ocrx_word' id='word_1_209' title='bbox 3140 1315 3309 1364; x_wconf 82' lang='lat' dir='ltr'><strong>genere</strong></span> <span class='ocrx_word' id='word_1_210' title='bbox 3330 1303 3486 1351; x_wconf 87' lang='lat' dir='ltr'><strong>solum</strong></span> <span class='ocrx_word' id='word_1_211' title='bbox 3500 1339 3514 1363; x_wconf 91' lang='lat'><strong>,</strong></span> 
     </span>
     <span class='ocr_line' id='line_1_25' title="bbox 1957 1398 3512 1465; baseline 0.001 -16"><span class='ocrx_word' id='word_1_212' title='bbox 1957 1398 2041 1449; x_wconf 86' lang='lat' dir='ltr'><strong>sed</strong></span> <span class='ocrx_word' id='word_1_213' title='bbox 2065 1401 2114 1449; x_wconf 89' lang='lat' dir='ltr'><strong>et</strong></span> <span class='ocrx_word' id='word_1_214' title='bbox 2146 1413 2393 1460; x_wconf 81' lang='lat' dir='ltr'><strong>sermone,</strong></span> <span class='ocrx_word' id='word_1_215' title='bbox 2426 1401 2636 1450; x_wconf 72' lang='lat' dir='ltr'><strong>scientiis</strong></span> <span class='ocrx_word' id='word_1_216' title='bbox 2660 1400 2836 1462; x_wconf 89' lang='lat' dir='ltr'><strong>dediti,</strong></span> <span class='ocrx_word' id='word_1_217' title='bbox 2875 1401 3235 1465; x_wconf 80' lang='lat' dir='ltr'><strong>peregrinorum</strong></span> <span class='ocrx_word' id='word_1_218' title='bbox 3267 1405 3512 1465; x_wconf 83' lang='lat' dir='ltr'><strong>amantes,</strong></span> 
     </span>
     <span class='ocr_line' id='line_1_26' title="bbox 1959 1499 3518 1564; baseline 0.002 -16"><span class='ocrx_word' id='word_1_219' title='bbox 1959 1499 2207 1549; x_wconf 89' lang='lat' dir='ltr'><strong>literarum</strong></span> <span class='ocrx_word' id='word_1_220' title='bbox 2231 1500 2434 1562; x_wconf 85' lang='lat' dir='ltr'><strong>curiosi,</strong></span> <span class='ocrx_word' id='word_1_221' title='bbox 2471 1500 2774 1550; x_wconf 88' lang='lat' dir='ltr'><strong>incommoda</strong></span> <span class='ocrx_word' id='word_1_222' title='bbox 2802 1513 2914 1564; x_wconf 83' lang='lat' dir='ltr'><strong>quae</strong></span> <span class='ocrx_word' id='word_1_223' title='bbox 2937 1500 3001 1551; x_wconf 87' lang='lat' dir='ltr'><strong>ob</strong></span> <span class='ocrx_word' id='word_1_224' title='bbox 3029 1502 3236 1564; x_wconf 90' lang='lat' dir='ltr'><strong>patriam</strong></span> <span class='ocrx_word' id='word_1_225' title='bbox 3269 1502 3518 1564; x_wconf 86' lang='lat' dir='ltr'><strong>patiuntur</strong></span> 
     </span>
     <span class='ocr_line' id='line_1_27' title="bbox 1960 1595 3519 1661; baseline 0.001 -15"><span class='ocrx_word' id='word_1_226' title='bbox 1960 1597 2147 1646; x_wconf 80' lang='lat' dir='ltr'><strong>sortiter</strong></span> <span class='ocrx_word' id='word_1_227' title='bbox 2171 1595 2392 1645; x_wconf 82' lang='lat' dir='ltr'><strong>serentes.</strong></span> <span class='ocrx_word' id='word_1_228' title='bbox 2432 1604 2470 1646; x_wconf 75' lang='grc' dir='ltr'><strong>Α</strong></span> <span class='ocrx_word' id='word_1_229' title='bbox 2499 1597 2639 1660; x_wconf 81' lang='lat' dir='ltr'><strong>longo</strong></span> <span class='ocrx_word' id='word_1_230' title='bbox 2661 1597 2791 1647; x_wconf 89' lang='lat' dir='ltr'><strong>enim</strong></span> <span class='ocrx_word' id='word_1_231' title='bbox 2823 1601 3040 1661; x_wconf 86' lang='lat' dir='ltr'><strong>tempore</strong></span> <span class='ocrx_word' id='word_1_232' title='bbox 3063 1597 3112 1647; x_wconf 92' lang='lat' dir='ltr'><strong>in</strong></span> <span class='ocrx_word' id='word_1_233' title='bbox 3140 1598 3421 1649; x_wconf 82' lang='lat' dir='ltr'><strong>servitutem</strong></span> <span class='ocrx_word' id='word_1_234' title='bbox 3441 1611 3519 1648; x_wconf 85' lang='lat' dir='ltr'><strong>re-</strong></span> 
     </span>
     <span class='ocr_line' id='line_1_28' title="bbox 1961 1693 3518 1759; baseline 0.002 -17"><span class='ocrx_word' id='word_1_235' title='bbox 1961 1693 2089 1743; x_wconf 69' lang='lat' dir='ltr'><strong>dacti</strong></span> <span class='ocrx_word' id='word_1_236' title='bbox 2114 1694 2258 1758; x_wconf 82' lang='lat' dir='ltr'><strong>(quae</strong></span> <span class='ocrx_word' id='word_1_237' title='bbox 2280 1694 2461 1758; x_wconf 76' lang='lat' dir='ltr'><strong>alioqui</strong></span> <span class='ocrx_word' id='word_1_238' title='bbox 2480 1695 2542 1743; x_wconf 89' lang='lat' dir='ltr'><strong>ab</strong></span> <span class='ocrx_word' id='word_1_239' title='bbox 2572 1709 2739 1745; x_wconf 89' lang='lat' dir='ltr'><strong>eorum</strong></span> <span class='ocrx_word' id='word_1_240' title='bbox 2767 1696 2953 1759; x_wconf 83' lang='lat' dir='ltr'><strong>ingenio</strong></span> <span class='ocrx_word' id='word_1_241' title='bbox 2977 1695 3162 1746; x_wconf 85' lang='lat' dir='ltr'><strong>liberali</strong></span> <span class='ocrx_word' id='word_1_242' title='bbox 3185 1695 3324 1747; x_wconf 74' lang='lat' dir='ltr'><strong>valde</strong></span> <span class='ocrx_word' id='word_1_243' title='bbox 3342 1695 3518 1746; x_wconf 87' lang='lat' dir='ltr'><strong>abbor-</strong></span> 
     </span>
     <span class='ocr_line' id='line_1_29' title="bbox 1962 1793 3513 1856; baseline 0.002 -14"><span class='ocrx_word' id='word_1_244' title='bbox 1962 1794 2143 1854; x_wconf 84' lang='lat' dir='ltr'><strong>reret),</strong></span> <span class='ocrx_word' id='word_1_245' title='bbox 2188 1806 2409 1856; x_wconf 84' lang='lat' dir='ltr'><strong>magnam</strong></span> <span class='ocrx_word' id='word_1_246' title='bbox 2444 1793 2508 1844; x_wconf 88' lang='lat' dir='ltr'><strong>ad</strong></span> <span class='ocrx_word' id='word_1_247' title='bbox 2542 1795 2848 1845; x_wconf 85' lang='lat' dir='ltr'><strong>tolerantiam</strong></span> <span class='ocrx_word' id='word_1_248' title='bbox 2889 1795 3109 1846; x_wconf 84' lang='lat' dir='ltr'><strong>habitum</strong></span> <span class='ocrx_word' id='word_1_249' title='bbox 3146 1797 3513 1846; x_wconf 82' lang='lat' dir='ltr'><strong>contraxerunt.</strong></span> 
     </span>
     <span class='ocr_line' id='line_1_30' title="bbox 1965 1894 2496 1944; baseline 0.004 -2"><span class='ocrx_word' id='word_1_250' title='bbox 1965 1894 2090 1943; x_wconf 84' lang='lat' dir='ltr'><strong>Hinc</strong></span> <span class='ocrx_word' id='word_1_251' title='bbox 2116 1894 2236 1944; x_wconf 90' lang='lat' dir='ltr'><strong>iliud</strong></span> <span class='ocrx_word' id='word_1_252' title='bbox 2269 1895 2458 1944; x_wconf 85' lang='lat' dir='ltr'><strong>Philisci</strong></span> <span class='ocrx_word' id='word_1_253' title='bbox 2484 1915 2496 1944; x_wconf 75' lang='grc' dir='ltr'>ι</span> 
     </span>
    </p>
   </div>
   <div class='ocr_carea' id='block_1_6' title="bbox 2071 2006 3166 2062">
    <p class='ocr_par' dir='ltr' id='par_1_6' title="bbox 2071 2006 3166 2062">
     <span class='ocr_line' id='line_1_31' title="bbox 2071 2006 3166 2062; baseline 0.006 -15"><span class='ocrx_word' id='word_1_254' title='bbox 2071 2006 2210 2050; x_wconf 81' lang='lat' dir='ltr'><strong>valde</strong></span> <span class='ocrx_word' id='word_1_255' title='bbox 2226 2007 2470 2062; x_wconf 81' lang='lat' dir='ltr'><strong>proborum</strong></span> <span class='ocrx_word' id='word_1_256' title='bbox 2490 2007 2660 2051; x_wconf 78' lang='lat' dir='ltr'><strong>Chalcis</strong></span> <span class='ocrx_word' id='word_1_257' title='bbox 2681 2011 2939 2052; x_wconf 66' lang='lat' dir='ltr'><strong>Graecorum</strong></span> <span class='ocrx_word' id='word_1_258' title='bbox 2958 2009 3065 2053; x_wconf 79' lang='lat' dir='ltr'><strong>urbs</strong></span> <span class='ocrx_word' id='word_1_259' title='bbox 3081 2014 3166 2054; x_wconf 77' lang='lat' dir='ltr'><strong>est.</strong></span> 
     </span>
    </p>
   </div>
   <div class='ocr_carea' id='block_1_7' title="bbox 732 2173 3120 2383">
    <p class='ocr_par' dir='ltr' id='par_1_7' title="bbox 732 2173 3120 2383">
     <span class='ocr_line' id='line_1_32' title="bbox 1873 2173 1969 2231; baseline 0.031 -4"><span class='ocrx_word' id='word_1_260' title='bbox 1873 2173 1969 2231; x_wconf 89' lang='lat'><strong>60.</strong></span> 
     </span>
     <span class='ocr_line' id='line_1_33' title="bbox 732 2313 3120 2383; baseline -0 -12"><span class='ocrx_word' id='word_1_261' title='bbox 732 2313 1059 2371; x_wconf 83' lang='lat' dir='ltr'>ECODICE</span> <span class='ocrx_word' id='word_1_262' title='bbox 1099 2315 1433 2371; x_wconf 76' lang='lat' dir='ltr'><strong>GL&#39;DIANO</strong></span> <span class='ocrx_word' id='word_1_263' title='bbox 1474 2315 1564 2370; x_wconf 89' lang='lat' dir='ltr'><strong>ET</strong></span> <span class='ocrx_word' id='word_1_264' title='bbox 1596 2315 1641 2369; x_wconf 89' lang='lat' dir='ltr'><strong>E</strong></span> <span class='ocrx_word' id='word_1_265' title='bbox 1682 2314 1945 2370; x_wconf 90' lang='lat' dir='ltr'>CODICE</span> <span class='ocrx_word' id='word_1_266' title='bbox 1986 2314 2327 2368; x_wconf 72' lang='lat' dir='ltr'>PARISLNO</span> <span class='ocrx_word' id='word_1_267' title='bbox 2370 2315 2446 2367; x_wconf 71' lang='grc' dir='ltr'><strong>ΝΟ</strong></span> <span class='ocrx_word' id='word_1_268' title='bbox 2487 2314 2756 2383; x_wconf 78' lang='lat' dir='ltr'><strong>DLXXI,</strong></span> <span class='ocrx_word' id='word_1_269' title='bbox 2799 2316 2959 2372; x_wconf 83' lang='lat' dir='ltr'><strong>FOL.</strong></span> <span class='ocrx_word' id='word_1_270' title='bbox 2986 2314 3120 2381; x_wconf 78' lang='lat'><strong>430.</strong></span> 
     </span>
    </p>
   </div>
   <div class='ocr_carea' id='block_1_8' title="bbox 406 2480 1925 2602">
    <p class='ocr_par' dir='ltr' id='par_1_8' title="bbox 406 2480 1925 2602">
     <span class='ocr_line' id='line_1_34' title="bbox 406 2480 1925 2602; baseline -0.003 -51"><span class='ocrx_word' id='word_1_271' title='bbox 406 2490 532 2551; x_wconf 85' lang='grc' dir='ltr'>Ὅτι</span> <span class='ocrx_word' id='word_1_272' title='bbox 567 2490 626 2551; x_wconf 75' lang='grc' dir='ltr'><strong>τὸ</strong></span> <span class='ocrx_word' id='word_1_273' title='bbox 653 2489 965 2569; x_wconf 76' lang='grc' dir='ltr'>καλούμενον</span> <span class='ocrx_word' id='word_1_274' title='bbox 993 2490 1192 2561; x_wconf 82' lang='grc' dir='ltr'>Πήλιον</span> <span class='ocrx_word' id='word_1_275' title='bbox 1252 2490 1367 2570; x_wconf 82' lang='grc' dir='ltr'>ὄρος</span> <span class='ocrx_word' id='word_1_276' title='bbox 1389 2489 1527 2568; x_wconf 75' lang='grc' dir='ltr'>μίγα</span> <span class='ocrx_word' id='word_1_277' title='bbox 1555 2492 1600 2548; x_wconf 81' lang='grc' dir='ltr'><strong>τ’</strong></span> <span class='ocrx_word' id='word_1_278' title='bbox 1640 2489 1751 2549; x_wconf 75' lang='grc' dir='ltr'>ἐστὶ</span> <span class='ocrx_word' id='word_1_279' title='bbox 1784 2489 1874 2548; x_wconf 78' lang='grc' dir='ltr'><strong>καὶ</strong></span> <span class='ocrx_word' id='word_1_280' title='bbox 1907 2480 1925 2602; x_wconf 62' lang='grc'>1</span> 
     </span>
    </p>
   </div>
   <div class='ocr_carea' id='block_1_9' title="bbox 322 2575 1883 3793">
    <p class='ocr_par' dir='ltr' id='par_1_9' title="bbox 322 2575 1883 3793">
     <span class='ocr_line' id='line_1_35' title="bbox 324 2575 1875 2659; baseline -0.003 -20"><span class='ocrx_word' id='word_1_281' title='bbox 324 2579 546 2652; x_wconf 76' lang='grc' dir='ltr'>ὖλῶδες,</span> <span class='ocrx_word' id='word_1_282' title='bbox 568 2577 750 2659; x_wconf 75' lang='grc' dir='ltr'>δένδρα</span> <span class='ocrx_word' id='word_1_283' title='bbox 779 2577 895 2658; x_wconf 76' lang='grc' dir='ltr'>ἔχον</span> <span class='ocrx_word' id='word_1_284' title='bbox 918 2585 1148 2638; x_wconf 72' lang='grc' dir='ltr'>τοσαῦτα</span> <span class='ocrx_word' id='word_1_285' title='bbox 1175 2575 1510 2659; x_wconf 77' lang='grc' dir='ltr'>καρποφόρα,</span> <span class='ocrx_word' id='word_1_286' title='bbox 1548 2576 1645 2636; x_wconf 77' lang='grc' dir='ltr'><strong>ὅσα</strong></span> <span class='ocrx_word' id='word_1_287' title='bbox 1667 2577 1757 2636; x_wconf 81' lang='grc' dir='ltr'><strong>καὶ</strong></span> <span class='ocrx_word' id='word_1_288' title='bbox 1783 2576 1875 2644; x_wconf 75' lang='grc' dir='ltr'><strong>τὰς</strong></span> 
     </span>
     <span class='ocr_line' id='line_1_36' title="bbox 328 2664 1876 2747; baseline 0 -24"><span class='ocrx_word' id='word_1_289' title='bbox 328 2669 431 2725; x_wconf 74' lang='grc' dir='ltr'><strong>τῶν</strong></span> <span class='ocrx_word' id='word_1_290' title='bbox 471 2665 868 2747; x_wconf 75' lang='grc' dir='ltr'>γεωργουμένων</span> <span class='ocrx_word' id='word_1_291' title='bbox 910 2665 1184 2742; x_wconf 78' lang='grc' dir='ltr'>συμὸαίνει</span> <span class='ocrx_word' id='word_1_292' title='bbox 1219 2664 1415 2745; x_wconf 78' lang='grc' dir='ltr'>χώρας.</span> <span class='ocrx_word' id='word_1_293' title='bbox 1495 2668 1602 2727; x_wconf 74' lang='grc' dir='ltr'>Τοῦ</span> <span class='ocrx_word' id='word_1_294' title='bbox 1641 2666 1687 2723; x_wconf 86' lang='grc' dir='ltr'><strong>δ’</strong></span> <span class='ocrx_word' id='word_1_295' title='bbox 1730 2664 1876 2745; x_wconf 80' lang='grc' dir='ltr'>ὄρους</span> 
     </span>
     <span class='ocr_line' id='line_1_37' title="bbox 322 2749 1874 2834; baseline -0.001 -22"><span class='ocrx_word' id='word_1_296' title='bbox 322 2758 361 2823; x_wconf 81' lang='grc' dir='ltr'>ἡ</span> <span class='ocrx_word' id='word_1_297' title='bbox 395 2753 615 2830; x_wconf 85' lang='grc' dir='ltr'>μεγίστη</span> <span class='ocrx_word' id='word_1_298' title='bbox 652 2752 742 2812; x_wconf 77' lang='grc' dir='ltr'><strong>καὶ</strong></span> <span class='ocrx_word' id='word_1_299' title='bbox 767 2751 1065 2824; x_wconf 84' lang='grc' dir='ltr'>λασιωτάτη</span> <span class='ocrx_word' id='word_1_300' title='bbox 1097 2752 1210 2834; x_wconf 79' lang='grc' dir='ltr'>ῥίζα</span> <span class='ocrx_word' id='word_1_301' title='bbox 1249 2757 1340 2825; x_wconf 76' lang='grc' dir='ltr'><strong>τῆς</strong></span> <span class='ocrx_word' id='word_1_302' title='bbox 1376 2753 1576 2820; x_wconf 81' lang='grc' dir='ltr'>πόλεως</span> <span class='ocrx_word' id='word_1_303' title='bbox 1611 2749 1749 2811; x_wconf 70' lang='grc' dir='ltr'>κατὰ</span> <span class='ocrx_word' id='word_1_304' title='bbox 1780 2750 1874 2829; x_wconf 80' lang='grc' dir='ltr'><strong>μὲν</strong></span> 
     </span>
     <span class='ocr_line' id='line_1_38' title="bbox 325 2834 1876 2922; baseline 0.002 -26"><span class='ocrx_word' id='word_1_305' title='bbox 325 2841 487 2897; x_wconf 74' lang='grc' dir='ltr'>πλοῦν</span> <span class='ocrx_word' id='word_1_306' title='bbox 520 2841 562 2910; x_wconf 81' lang='grc' dir='ltr'><strong>ζ’</strong></span> <span class='ocrx_word' id='word_1_307' title='bbox 596 2840 782 2921; x_wconf 75' lang='grc' dir='ltr'>ἀπέχει</span> <span class='ocrx_word' id='word_1_308' title='bbox 816 2840 1031 2914; x_wconf 82' lang='grc' dir='ltr'>στάδια,</span> <span class='ocrx_word' id='word_1_309' title='bbox 1062 2845 1195 2922; x_wconf 82' lang='grc' dir='ltr'>πεζῇ</span> <span class='ocrx_word' id='word_1_310' title='bbox 1218 2841 1271 2899; x_wconf 83' lang='grc' dir='ltr'><strong>δὲ</strong></span> <span class='ocrx_word' id='word_1_311' title='bbox 1296 2841 1366 2901; x_wconf 84' lang='grc' dir='ltr'>κ’.</span> <span class='ocrx_word' id='word_1_312' title='bbox 1454 2842 1518 2919; x_wconf 78' lang='lat'><strong>(2)</strong></span> <span class='ocrx_word' id='word_1_313' title='bbox 1552 2842 1669 2899; x_wconf 80' lang='grc' dir='ltr'><strong>Πᾶν</strong></span> <span class='ocrx_word' id='word_1_314' title='bbox 1694 2839 1736 2898; x_wconf 86' lang='grc' dir='ltr'><strong>δ’</strong></span> <span class='ocrx_word' id='word_1_315' title='bbox 1755 2834 1876 2899; x_wconf 73' lang='grc' dir='ltr'>’ἐστὶ</span> 
     </span>
     <span class='ocr_line' id='line_1_39' title="bbox 325 2924 1875 3010; baseline 0.001 -26"><span class='ocrx_word' id='word_1_316' title='bbox 325 2924 389 2985; x_wconf 79' lang='grc' dir='ltr'><strong>τὸ</strong></span> <span class='ocrx_word' id='word_1_317' title='bbox 428 2926 539 3006; x_wconf 76' lang='grc' dir='ltr'>ὄρος</span> <span class='ocrx_word' id='word_1_318' title='bbox 583 2926 846 3006; x_wconf 80' lang='grc' dir='ltr'>μαλακὸν,</span> <span class='ocrx_word' id='word_1_319' title='bbox 888 2926 1150 3010; x_wconf 82' lang='grc' dir='ltr'>γεώλοφόν</span> <span class='ocrx_word' id='word_1_320' title='bbox 1190 2951 1245 2987; x_wconf 87' lang='grc' dir='ltr'>τε</span> <span class='ocrx_word' id='word_1_321' title='bbox 1284 2927 1373 2987; x_wconf 83' lang='grc' dir='ltr'><strong>καὶ</strong></span> <span class='ocrx_word' id='word_1_322' title='bbox 1413 2927 1715 3008; x_wconf 79' lang='grc' dir='ltr'>πάμφορον·</span> <span class='ocrx_word' id='word_1_323' title='bbox 1750 2926 1875 3000; x_wconf 80' lang='grc' dir='ltr'>ὕλης</span> 
     </span>
     <span class='ocr_line' id='line_1_40' title="bbox 330 3014 1875 3098; baseline 0.001 -26"><span class='ocrx_word' id='word_1_324' title='bbox 330 3016 377 3072; x_wconf 82' lang='grc' dir='ltr'><strong>δ’</strong></span> <span class='ocrx_word' id='word_1_325' title='bbox 409 3017 461 3073; x_wconf 83' lang='grc' dir='ltr'><strong>ἐν</strong></span> <span class='ocrx_word' id='word_1_326' title='bbox 492 3018 631 3097; x_wconf 72' lang='grc' dir='ltr'>αὐτῷ</span> <span class='ocrx_word' id='word_1_327' title='bbox 671 3025 776 3074; x_wconf 74' lang='grc' dir='ltr'><strong>πᾶν</strong></span> <span class='ocrx_word' id='word_1_328' title='bbox 806 3014 990 3098; x_wconf 83' lang='grc' dir='ltr'>φύεται</span> <span class='ocrx_word' id='word_1_329' title='bbox 1016 3016 1184 3096; x_wconf 80' lang='grc' dir='ltr'>γένος·</span> <span class='ocrx_word' id='word_1_330' title='bbox 1212 3017 1460 3089; x_wconf 82' lang='grc' dir='ltr'>πλείστην</span> <span class='ocrx_word' id='word_1_331' title='bbox 1499 3017 1543 3076; x_wconf 87' lang='grc' dir='ltr'><strong>δ’</strong></span> <span class='ocrx_word' id='word_1_332' title='bbox 1570 3015 1722 3088; x_wconf 80' lang='grc' dir='ltr'>ὀξύην</span> <span class='ocrx_word' id='word_1_333' title='bbox 1766 3016 1875 3095; x_wconf 78' lang='grc' dir='ltr'>ἔχει</span> 
     </span>
     <span class='ocr_line' id='line_1_41' title="bbox 328 3100 1872 3184; baseline 0.001 -24"><span class='ocrx_word' id='word_1_334' title='bbox 328 3101 422 3160; x_wconf 72' lang='grc' dir='ltr'><strong>καὶ</strong></span> <span class='ocrx_word' id='word_1_335' title='bbox 454 3101 666 3175; x_wconf 87' lang='grc' dir='ltr'>ἐλάτην,</span> <span class='ocrx_word' id='word_1_336' title='bbox 712 3103 1032 3184; x_wconf 77' lang='grc' dir='ltr'>σφένδαμνόν</span> <span class='ocrx_word' id='word_1_337' title='bbox 1068 3127 1127 3162; x_wconf 84' lang='grc' dir='ltr'>τε</span> <span class='ocrx_word' id='word_1_338' title='bbox 1157 3104 1246 3163; x_wconf 80' lang='grc' dir='ltr'><strong>καὶ</strong></span> <span class='ocrx_word' id='word_1_339' title='bbox 1275 3103 1473 3183; x_wconf 87' lang='grc' dir='ltr'>ζυγίαν,</span> <span class='ocrx_word' id='word_1_340' title='bbox 1509 3102 1586 3162; x_wconf 79' lang='grc' dir='ltr'>ἔτι</span> <span class='ocrx_word' id='word_1_341' title='bbox 1621 3100 1673 3161; x_wconf 80' lang='grc' dir='ltr'><strong>δὲ</strong></span> <span class='ocrx_word' id='word_1_342' title='bbox 1703 3103 1872 3162; x_wconf 87' lang='grc' dir='ltr'>κυπά-</span> 
     </span>
     <span class='ocr_line' id='line_1_42' title="bbox 333 3189 1874 3271; baseline 0.002 -26"><span class='ocrx_word' id='word_1_343' title='bbox 333 3211 508 3267; x_wconf 86' lang='grc' dir='ltr'>ρισσον</span> <span class='ocrx_word' id='word_1_344' title='bbox 537 3190 628 3248; x_wconf 71' lang='grc' dir='ltr'><strong>καὶ</strong></span> <span class='ocrx_word' id='word_1_345' title='bbox 668 3189 874 3270; x_wconf 84' lang='grc' dir='ltr'>κέδρον·</span> <span class='ocrx_word' id='word_1_346' title='bbox 902 3189 1013 3249; x_wconf 82' lang='grc' dir='ltr'>ἔστι</span> <span class='ocrx_word' id='word_1_347' title='bbox 1049 3190 1093 3249; x_wconf 86' lang='grc' dir='ltr'><strong>δ’</strong></span> <span class='ocrx_word' id='word_1_348' title='bbox 1127 3193 1180 3250; x_wconf 77' lang='grc' dir='ltr'><strong>ἐν</strong></span> <span class='ocrx_word' id='word_1_349' title='bbox 1220 3193 1361 3271; x_wconf 75' lang='grc' dir='ltr'>αὐτῷ</span> <span class='ocrx_word' id='word_1_350' title='bbox 1397 3190 1488 3249; x_wconf 79' lang='grc' dir='ltr'><strong>καὶ</strong></span> <span class='ocrx_word' id='word_1_351' title='bbox 1525 3189 1682 3261; x_wconf 83' lang='grc' dir='ltr'>ἄνθη,</span> <span class='ocrx_word' id='word_1_352' title='bbox 1723 3189 1789 3249; x_wconf 91' lang='grc' dir='ltr'><strong>τά</strong></span> <span class='ocrx_word' id='word_1_353' title='bbox 1817 3213 1874 3249; x_wconf 85' lang='grc' dir='ltr'>τε</span> 
     </span>
     <span class='ocr_line' id='line_1_43' title="bbox 328 3275 1874 3357; baseline 0.001 -25"><span class='ocrx_word' id='word_1_354' title='bbox 328 3275 490 3354; x_wconf 77' lang='grc' dir='ltr'>ἄγρια</span> <span class='ocrx_word' id='word_1_355' title='bbox 536 3275 828 3353; x_wconf 79' lang='grc' dir='ltr'>καλούμενα</span> <span class='ocrx_word' id='word_1_356' title='bbox 874 3277 1042 3355; x_wconf 82' lang='grc' dir='ltr'>λείρια</span> <span class='ocrx_word' id='word_1_357' title='bbox 1089 3279 1177 3335; x_wconf 83' lang='grc' dir='ltr'><strong>καὶ</strong></span> <span class='ocrx_word' id='word_1_358' title='bbox 1223 3279 1473 3357; x_wconf 78' lang='grc' dir='ltr'>λυχνῖδες.</span> <span class='ocrx_word' id='word_1_359' title='bbox 1560 3277 1620 3355; x_wconf 79' lang='grc'><strong>(3)</strong></span> <span class='ocrx_word' id='word_1_360' title='bbox 1670 3276 1874 3337; x_wconf 76' lang='grc' dir='ltr'>Γίνεται</span> 
     </span>
     <span class='ocr_line' id='line_1_44' title="bbox 330 3362 1874 3443; baseline 0.001 -24"><span class='ocrx_word' id='word_1_361' title='bbox 330 3362 380 3419; x_wconf 85' lang='grc' dir='ltr'><strong>δ’</strong></span> <span class='ocrx_word' id='word_1_362' title='bbox 430 3364 484 3419; x_wconf 76' lang='grc' dir='ltr'><strong>ἐν</strong></span> <span class='ocrx_word' id='word_1_363' title='bbox 526 3363 668 3441; x_wconf 78' lang='grc' dir='ltr'>αὐτῷ</span> <span class='ocrx_word' id='word_1_364' title='bbox 707 3363 797 3421; x_wconf 74' lang='grc' dir='ltr'><strong>καὶ</strong></span> <span class='ocrx_word' id='word_1_365' title='bbox 841 3364 1033 3441; x_wconf 85' lang='grc' dir='ltr'>βοτάνη</span> <span class='ocrx_word' id='word_1_366' title='bbox 1068 3367 1122 3422; x_wconf 80' lang='grc' dir='ltr'><strong>ἐν</strong></span> <span class='ocrx_word' id='word_1_367' title='bbox 1164 3372 1272 3430; x_wconf 80' lang='grc' dir='ltr'>τοῖς</span> <span class='ocrx_word' id='word_1_368' title='bbox 1320 3363 1606 3443; x_wconf 80' lang='grc' dir='ltr'>χερσώδεσι</span> <span class='ocrx_word' id='word_1_369' title='bbox 1645 3364 1874 3439; x_wconf 85' lang='grc' dir='ltr'>μάλιστα</span> 
     </span>
     <span class='ocr_line' id='line_1_45' title="bbox 330 3448 1874 3532; baseline 0.002 -27"><span class='ocrx_word' id='word_1_370' title='bbox 330 3448 543 3529; x_wconf 83' lang='grc' dir='ltr'>χωρίοις</span> <span class='ocrx_word' id='word_1_371' title='bbox 583 3449 673 3507; x_wconf 77' lang='grc' dir='ltr'><strong>καὶ</strong></span> <span class='ocrx_word' id='word_1_372' title='bbox 715 3451 828 3531; x_wconf 76' lang='grc' dir='ltr'>ῥίζα</span> <span class='ocrx_word' id='word_1_373' title='bbox 869 3451 1078 3531; x_wconf 82' lang='grc' dir='ltr'>δένδρου</span> <span class='ocrx_word' id='word_1_374' title='bbox 1125 3450 1240 3523; x_wconf 73' lang='grc' dir='ltr'>ἥτις</span> <span class='ocrx_word' id='word_1_375' title='bbox 1281 3455 1383 3509; x_wconf 85' lang='grc' dir='ltr'><strong>τῶν</strong></span> <span class='ocrx_word' id='word_1_376' title='bbox 1426 3451 1589 3532; x_wconf 82' lang='grc' dir='ltr'>ὄφεων</span> <span class='ocrx_word' id='word_1_377' title='bbox 1633 3450 1874 3527; x_wconf 79' lang='grc' dir='ltr'>δήγματα</span> 
     </span>
     <span class='ocr_line' id='line_1_46' title="bbox 326 3536 1872 3616; baseline 0.001 -23"><span class='ocrx_word' id='word_1_378' title='bbox 326 3536 474 3594; x_wconf 80' lang='grc' dir='ltr'>δοκεῖ</span> <span class='ocrx_word' id='word_1_379' title='bbox 511 3536 728 3616; x_wconf 60' lang='grc' dir='ltr'>ἀπέχειν</span> <span class='ocrx_word' id='word_1_380' title='bbox 765 3538 1088 3597; x_wconf 86' lang='grc' dir='ltr'>ἐπικίνδυνα·</span> <span class='ocrx_word' id='word_1_381' title='bbox 1120 3536 1235 3605; x_wconf 74' lang='grc' dir='ltr'>τοὺς</span> <span class='ocrx_word' id='word_1_382' title='bbox 1264 3537 1359 3613; x_wconf 74' lang='grc' dir='ltr'><strong>μὲν</strong></span> <span class='ocrx_word' id='word_1_383' title='bbox 1388 3540 1447 3596; x_wconf 77' lang='grc' dir='ltr'>ἐκ</span> <span class='ocrx_word' id='word_1_384' title='bbox 1484 3542 1576 3609; x_wconf 77' lang='grc' dir='ltr'><strong>τῆς</strong></span> <span class='ocrx_word' id='word_1_385' title='bbox 1611 3536 1788 3615; x_wconf 76' lang='grc' dir='ltr'>χώρας</span> <span class='ocrx_word' id='word_1_386' title='bbox 1821 3540 1872 3597; x_wconf 80' lang='grc' dir='ltr'><strong>ἐν</strong></span> 
     </span>
     <span class='ocr_line' id='line_1_47' title="bbox 328 3615 1879 3705; baseline 0.002 -25"><span class='ocrx_word' id='word_1_387' title='bbox 328 3615 368 3701; x_wconf 67' lang='grc' dir='ltr'>ᾗ</span> <span class='ocrx_word' id='word_1_388' title='bbox 390 3621 584 3703; x_wconf 84' lang='grc' dir='ltr'>πέφυκε</span> <span class='ocrx_word' id='word_1_389' title='bbox 611 3629 675 3701; x_wconf 74' lang='grc' dir='ltr'><strong>τῇ</strong></span> <span class='ocrx_word' id='word_1_390' title='bbox 702 3627 840 3705; x_wconf 78' lang='grc' dir='ltr'>ὀσμῇ</span> <span class='ocrx_word' id='word_1_391' title='bbox 861 3622 1067 3704; x_wconf 78' lang='grc' dir='ltr'>μακρὰν</span> <span class='ocrx_word' id='word_1_392' title='bbox 1097 3627 1403 3699; x_wconf 74' lang='grc' dir='ltr'>ἀπελαύνει,</span> <span class='ocrx_word' id='word_1_393' title='bbox 1431 3624 1546 3692; x_wconf 75' lang='grc' dir='ltr'>τοὺς</span> <span class='ocrx_word' id='word_1_394' title='bbox 1574 3627 1617 3682; x_wconf 82' lang='grc' dir='ltr'><strong>δ’</strong></span> <span class='ocrx_word' id='word_1_395' title='bbox 1645 3624 1879 3703; x_wconf 80' lang='grc' dir='ltr'>ἐγγίσαν·</span> 
     </span>
     <span class='ocr_line' id='line_1_48' title="bbox 328 3711 1883 3793; baseline 0.004 -28"><span class='ocrx_word' id='word_1_396' title='bbox 328 3731 425 3775; x_wconf 86' lang='grc' dir='ltr'><strong>τας</strong></span> <span class='ocrx_word' id='word_1_397' title='bbox 467 3711 694 3792; x_wconf 83' lang='grc' dir='ltr'>ἀχρειοῖ,</span> <span class='ocrx_word' id='word_1_398' title='bbox 737 3713 893 3793; x_wconf 87' lang='grc' dir='ltr'>κάρον</span> <span class='ocrx_word' id='word_1_399' title='bbox 935 3712 1303 3793; x_wconf 82' lang='grc' dir='ltr'>καταχέουσα,</span> <span class='ocrx_word' id='word_1_400' title='bbox 1340 3711 1456 3779; x_wconf 83' lang='grc' dir='ltr'>τοὺς</span> <span class='ocrx_word' id='word_1_401' title='bbox 1498 3716 1544 3771; x_wconf 83' lang='grc' dir='ltr'><strong>δ’</strong></span> <span class='ocrx_word' id='word_1_402' title='bbox 1586 3712 1883 3792; x_wconf 79' lang='grc' dir='ltr'>ἁψαμένους</span> 
     </span>
    </p>
   </div>
   <div class='ocr_carea' id='block_1_10' title="bbox 330 3879 1889 5337">
    <p class='ocr_par' dir='ltr' id='par_1_10' title="bbox 330 3879 1889 5337">
     <span class='ocr_line' id='line_1_49' title="bbox 335 3879 1877 3943; baseline -0.001 -12"><span class='ocrx_word' id='word_1_403' title='bbox 335 3879 527 3931; x_wconf 72' lang='lat' dir='ltr'><strong>noeouae</strong></span> <span class='ocrx_word' id='word_1_404' title='bbox 561 3881 722 3931; x_wconf 88' lang='lat' dir='ltr'><strong>autem</strong></span> <span class='ocrx_word' id='word_1_405' title='bbox 755 3881 1037 3943; x_wconf 82' lang='lat' dir='ltr'><strong>Salganeum</strong></span> <span class='ocrx_word' id='word_1_406' title='bbox 1068 3880 1138 3931; x_wconf 87' lang='lat' dir='ltr'><strong>sic</strong></span> <span class='ocrx_word' id='word_1_407' title='bbox 1174 3883 1365 3943; x_wconf 89' lang='lat' dir='ltr'><strong>repente</strong></span> <span class='ocrx_word' id='word_1_408' title='bbox 1398 3882 1545 3930; x_wconf 89' lang='lat' dir='ltr'><strong>maris</strong></span> <span class='ocrx_word' id='word_1_409' title='bbox 1576 3879 1877 3931; x_wconf 86' lang='lat' dir='ltr'><strong>latitudinem</strong></span> 
     </span>
     <span class='ocr_line' id='line_1_50' title="bbox 332 3948 1881 4012; baseline 0 -15"><span class='ocrx_word' id='word_1_410' title='bbox 332 3948 473 4011; x_wconf 75' lang='lat' dir='ltr'><strong>longe</strong></span> <span class='ocrx_word' id='word_1_411' title='bbox 517 3948 844 4012; x_wconf 72' lang='lat' dir='ltr'><strong>prestantibus</strong></span> <span class='ocrx_word' id='word_1_412' title='bbox 883 3951 1129 4012; x_wconf 84' lang='lat' dir='ltr'><strong>utrimque</strong></span> <span class='ocrx_word' id='word_1_413' title='bbox 1167 3950 1263 4000; x_wconf 87' lang='lat' dir='ltr'><strong>oris</strong></span> <span class='ocrx_word' id='word_1_414' title='bbox 1299 3950 1473 4010; x_wconf 89' lang='lat' dir='ltr'><strong>minui,</strong></span> <span class='ocrx_word' id='word_1_415' title='bbox 1515 3952 1571 3999; x_wconf 90' lang='lat' dir='ltr'><strong>ut</strong></span> <span class='ocrx_word' id='word_1_416' title='bbox 1607 3948 1764 3998; x_wconf 73' lang='lat' dir='ltr'><strong>{luxus</strong></span> <span class='ocrx_word' id='word_1_417' title='bbox 1797 3949 1881 3998; x_wconf 89' lang='lat' dir='ltr'><strong>ille</strong></span> 
     </span>
     <span class='ocr_line' id='line_1_51' title="bbox 332 4016 1877 4082; baseline 0.001 -15"><span class='ocrx_word' id='word_1_418' title='bbox 332 4016 695 4080; x_wconf 85' lang='lat' dir='ltr'><strong>quodammodo</strong></span> <span class='ocrx_word' id='word_1_419' title='bbox 718 4019 766 4068; x_wconf 93' lang='lat' dir='ltr'><strong>in</strong></span> <span class='ocrx_word' id='word_1_420' title='bbox 784 4018 903 4068; x_wconf 90' lang='lat' dir='ltr'><strong>duas</strong></span> <span class='ocrx_word' id='word_1_421' title='bbox 933 4019 1023 4069; x_wconf 89' lang='lat' dir='ltr'><strong>sibi</strong></span> <span class='ocrx_word' id='word_1_422' title='bbox 1050 4023 1356 4069; x_wconf 83' lang='lat' dir='ltr'><strong>occurrentes</strong></span> <span class='ocrx_word' id='word_1_423' title='bbox 1385 4022 1543 4082; x_wconf 59' lang='lat' dir='ltr'><strong>partas</strong></span> <span class='ocrx_word' id='word_1_424' title='bbox 1567 4018 1877 4069; x_wconf 73' lang='lat' dir='ltr'><strong>discindatur,</strong></span> 
     </span>
     <span class='ocr_line' id='line_1_52' title="bbox 340 4086 1883 4150; baseline 0 -14"><span class='ocrx_word' id='word_1_425' title='bbox 340 4088 424 4137; x_wconf 81' lang='lat' dir='ltr'><strong>His</strong></span> <span class='ocrx_word' id='word_1_426' title='bbox 456 4087 645 4137; x_wconf 86' lang='lat' dir='ltr'><strong>duabus</strong></span> <span class='ocrx_word' id='word_1_427' title='bbox 661 4088 804 4149; x_wconf 79' lang='lat' dir='ltr'><strong>igitur</strong></span> <span class='ocrx_word' id='word_1_428' title='bbox 830 4088 1046 4150; x_wconf 84' lang='lat' dir='ltr'><strong>partibus</strong></span> <span class='ocrx_word' id='word_1_429' title='bbox 1076 4088 1125 4137; x_wconf 91' lang='lat' dir='ltr'><strong>in</strong></span> <span class='ocrx_word' id='word_1_430' title='bbox 1148 4087 1351 4137; x_wconf 87' lang='lat' dir='ltr'><strong>eundem</strong></span> <span class='ocrx_word' id='word_1_431' title='bbox 1377 4089 1536 4137; x_wconf 86' lang='lat' dir='ltr'><strong>locum</strong></span> <span class='ocrx_word' id='word_1_432' title='bbox 1555 4101 1605 4136; x_wconf 89' lang='lat' dir='ltr'><strong>se</strong></span> <span class='ocrx_word' id='word_1_433' title='bbox 1632 4086 1883 4148; x_wconf 80' lang='lat' dir='ltr'><strong>conjicien-</strong></span> 
     </span>
     <span class='ocr_line' id='line_1_53' title="bbox 336 4156 1883 4219; baseline 0.001 -15"><span class='ocrx_word' id='word_1_434' title='bbox 336 4156 466 4205; x_wconf 82' lang='lat' dir='ltr'><strong>tibus</strong></span> <span class='ocrx_word' id='word_1_435' title='bbox 488 4170 637 4206; x_wconf 85' lang='lat' dir='ltr'><strong>unum</strong></span> <span class='ocrx_word' id='word_1_436' title='bbox 661 4158 833 4207; x_wconf 88' lang='lat' dir='ltr'><strong>iterum</strong></span> <span class='ocrx_word' id='word_1_437' title='bbox 861 4157 1045 4207; x_wconf 78' lang='lat' dir='ltr'><strong>lluxum</strong></span> <span class='ocrx_word' id='word_1_438' title='bbox 1064 4158 1340 4207; x_wconf 87' lang='lat' dir='ltr'><strong>restitutum</strong></span> <span class='ocrx_word' id='word_1_439' title='bbox 1364 4158 1471 4207; x_wconf 76' lang='lat' dir='ltr'><strong>ferri</strong></span> <span class='ocrx_word' id='word_1_440' title='bbox 1498 4156 1761 4205; x_wconf 87' lang='lat' dir='ltr'><strong>secundum</strong></span> <span class='ocrx_word' id='word_1_441' title='bbox 1781 4157 1883 4219; x_wconf 83' lang='lat' dir='ltr'><strong>ipsa</strong></span> 
     </span>
     <span class='ocr_line' id='line_1_54' title="bbox 334 4225 1884 4289; baseline -0.001 -14"><span class='ocrx_word' id='word_1_442' title='bbox 334 4230 506 4287; x_wconf 80' lang='lat' dir='ltr'><strong>portus</strong></span> <span class='ocrx_word' id='word_1_443' title='bbox 527 4225 717 4275; x_wconf 68' lang='lat' dir='ltr'><strong>maenia.</strong></span> <span class='ocrx_word' id='word_1_444' title='bbox 748 4246 769 4268; x_wconf 76' lang='grc' dir='ltr'>υ</span> <span class='ocrx_word' id='word_1_445' title='bbox 800 4227 962 4276; x_wconf 74' lang='lat' dir='ltr'><strong>Fulzr.</strong></span> <span class='ocrx_word' id='word_1_446' title='bbox 990 4227 1136 4277; x_wconf 77' lang='lat' dir='ltr'><strong>Miror</strong></span> <span class='ocrx_word' id='word_1_447' title='bbox 1164 4230 1406 4289; x_wconf 82' lang='lat' dir='ltr'><strong>Ungerum</strong></span> <span class='ocrx_word' id='word_1_448' title='bbox 1426 4226 1493 4287; x_wconf 91' lang='lat' dir='ltr'><strong>(in</strong></span> <span class='ocrx_word' id='word_1_449' title='bbox 1512 4226 1743 4275; x_wconf 72' lang='lat' dir='ltr'><strong>paradox.</strong></span> <span class='ocrx_word' id='word_1_450' title='bbox 1762 4226 1884 4274; x_wconf 83' lang='lat' dir='ltr'><strong>&#39;rhe-</strong></span> 
     </span>
     <span class='ocr_line' id='line_1_55' title="bbox 334 4296 1881 4360; baseline 0.001 -17"><span class='ocrx_word' id='word_1_451' title='bbox 334 4296 448 4345; x_wconf 85' lang='lat' dir='ltr'><strong>ban.</strong></span> <span class='ocrx_word' id='word_1_452' title='bbox 474 4310 521 4358; x_wconf 87' lang='lat' dir='ltr'><strong>p.</strong></span> <span class='ocrx_word' id='word_1_453' title='bbox 551 4297 692 4359; x_wconf 79' lang='lat'><strong>175),</strong></span> <span class='ocrx_word' id='word_1_454' title='bbox 716 4297 797 4358; x_wconf 89' lang='lat' dir='ltr'><strong>qui</strong></span> <span class='ocrx_word' id='word_1_455' title='bbox 819 4297 976 4346; x_wconf 81' lang='lat' dir='ltr'><strong>verbis</strong></span> <span class='ocrx_word' id='word_1_456' title='bbox 992 4298 1072 4346; x_wconf 83' lang='grc' dir='ltr'><strong>τὸν</strong></span> <span class='ocrx_word' id='word_1_457' title='bbox 1098 4298 1191 4346; x_wconf 79' lang='grc' dir='ltr'>ἀπὸ</span> <span class='ocrx_word' id='word_1_458' title='bbox 1208 4302 1292 4346; x_wconf 79' lang='grc' dir='ltr'>τοῦ</span> <span class='ocrx_word' id='word_1_459' title='bbox 1317 4297 1585 4359; x_wconf 78' lang='grc' dir='ltr'>Σαλγανέως</span> <span class='ocrx_word' id='word_1_460' title='bbox 1623 4296 1730 4360; x_wconf 78' lang='grc' dir='ltr'>ῥοῦν</span> <span class='ocrx_word' id='word_1_461' title='bbox 1755 4296 1881 4345; x_wconf 79' lang='lat' dir='ltr'><strong>effici</strong></span> 
     </span>
     <span class='ocr_line' id='line_1_56' title="bbox 332 4366 1876 4428; baseline 0 -15"><span class='ocrx_word' id='word_1_462' title='bbox 332 4368 476 4426; x_wconf 82' lang='lat' dir='ltr'><strong>putat</strong></span> <span class='ocrx_word' id='word_1_463' title='bbox 494 4370 680 4416; x_wconf 72' lang='lat' dir='ltr'><strong>huteno</strong></span> <span class='ocrx_word' id='word_1_464' title='bbox 700 4368 758 4427; x_wconf 77' lang='lat' dir='ltr'><strong>(P)</strong></span> <span class='ocrx_word' id='word_1_465' title='bbox 780 4367 936 4416; x_wconf 79' lang='lat' dir='ltr'><strong>rivulo</strong></span> <span class='ocrx_word' id='word_1_466' title='bbox 960 4366 1020 4415; x_wconf 84' lang='lat' dir='ltr'><strong>ad</strong></span> <span class='ocrx_word' id='word_1_467' title='bbox 1041 4367 1325 4428; x_wconf 85' lang='lat' dir='ltr'><strong>Salganeum</strong></span> <span class='ocrx_word' id='word_1_468' title='bbox 1344 4367 1393 4415; x_wconf 91' lang='lat' dir='ltr'><strong>in</strong></span> <span class='ocrx_word' id='word_1_469' title='bbox 1418 4378 1552 4415; x_wconf 87' lang='lat' dir='ltr'><strong>mare</strong></span> <span class='ocrx_word' id='word_1_470' title='bbox 1578 4368 1876 4414; x_wconf 80' lang='lat' dir='ltr'><strong>excurrente.</strong></span> 
     </span>
     <span class='ocr_line' id='line_1_57' title="bbox 336 4435 1883 4499; baseline -0.002 -13"><span class='ocrx_word' id='word_1_471' title='bbox 336 4455 363 4476; x_wconf 68' lang='grc' dir='ltr'><strong>«ι</strong></span> <span class='ocrx_word' id='word_1_472' title='bbox 393 4435 531 4492; x_wconf 86' lang='lat' dir='ltr'><strong>Quod</strong></span> <span class='ocrx_word' id='word_1_473' title='bbox 573 4435 683 4486; x_wconf 90' lang='lat' dir='ltr'><strong>inde</strong></span> <span class='ocrx_word' id='word_1_474' title='bbox 720 4449 750 4485; x_wconf 92' lang='lat' dir='ltr'><strong>a</strong></span> <span class='ocrx_word' id='word_1_475' title='bbox 789 4437 1016 4499; x_wconf 82' lang='lat' dir='ltr'><strong>Salganeo</strong></span> <span class='ocrx_word' id='word_1_476' title='bbox 1058 4437 1255 4487; x_wconf 79' lang='lat' dir='ltr'><strong>Boeotiae</strong></span> <span class='ocrx_word' id='word_1_477' title='bbox 1292 4437 1435 4497; x_wconf 89' lang='lat' dir='ltr'><strong>urbe,</strong></span> <span class='ocrx_word' id='word_1_478' title='bbox 1474 4447 1710 4497; x_wconf 88' lang='lat' dir='ltr'><strong>aquarum</strong></span> <span class='ocrx_word' id='word_1_479' title='bbox 1750 4436 1883 4496; x_wconf 88' lang='lat' dir='ltr'><strong>quasi</strong></span> 
     </span>
     <span class='ocr_line' id='line_1_58' title="bbox 330 4504 1886 4568; baseline 0.001 -16"><span class='ocrx_word' id='word_1_480' title='bbox 330 4504 580 4564; x_wconf 82' lang='lat' dir='ltr'><strong>quoddam</strong></span> <span class='ocrx_word' id='word_1_481' title='bbox 602 4518 774 4567; x_wconf 80' lang='lat' dir='ltr'><strong>agmen</strong></span> <span class='ocrx_word' id='word_1_482' title='bbox 809 4509 941 4555; x_wconf 91' lang='lat' dir='ltr'><strong>recto</strong></span> <span class='ocrx_word' id='word_1_483' title='bbox 982 4509 1142 4555; x_wconf 84' lang='lat' dir='ltr'><strong>meatu</strong></span> <span class='ocrx_word' id='word_1_484' title='bbox 1171 4519 1453 4568; x_wconf 85' lang='lat' dir='ltr'><strong>procurrere</strong></span> <span class='ocrx_word' id='word_1_485' title='bbox 1480 4504 1782 4554; x_wconf 75' lang='lat' dir='ltr'><strong>nica-archus</strong></span> <span class='ocrx_word' id='word_1_486' title='bbox 1816 4504 1886 4553; x_wconf 90' lang='lat' dir='ltr'><strong>sic</strong></span> 
     </span>
     <span class='ocr_line' id='line_1_59' title="bbox 332 4574 1887 4639; baseline 0.001 -17"><span class='ocrx_word' id='word_1_487' title='bbox 332 4576 580 4623; x_wconf 67' lang='lat' dir='ltr'><strong>memoriae</strong></span> <span class='ocrx_word' id='word_1_488' title='bbox 617 4574 803 4636; x_wconf 87' lang='lat' dir='ltr'><strong>prodit,</strong></span> <span class='ocrx_word' id='word_1_489' title='bbox 835 4576 892 4625; x_wconf 91' lang='lat' dir='ltr'><strong>ut</strong></span> <span class='ocrx_word' id='word_1_490' title='bbox 927 4576 1127 4626; x_wconf 74' lang='lat' dir='ltr'><strong>adverso</strong></span> <span class='ocrx_word' id='word_1_491' title='bbox 1163 4577 1359 4627; x_wconf 83' lang='lat' dir='ltr'><strong>flumine</strong></span> <span class='ocrx_word' id='word_1_492' title='bbox 1399 4578 1458 4639; x_wconf 66' lang='grc' dir='ltr'><strong>(ἵ)</strong></span> <span class='ocrx_word' id='word_1_493' title='bbox 1488 4576 1597 4625; x_wconf 78' lang='lat' dir='ltr'><strong>sei-ri</strong></span> <span class='ocrx_word' id='word_1_494' title='bbox 1634 4576 1887 4626; x_wconf 75' lang='lat' dir='ltr'><strong>subnectat</strong></span> 
     </span>
     <span class='ocr_line' id='line_1_60' title="bbox 336 4641 1886 4709; baseline 0.001 -18"><span class='ocrx_word' id='word_1_495' title='bbox 336 4656 467 4692; x_wconf 86' lang='lat' dir='ltr'><strong>mare</strong></span> <span class='ocrx_word' id='word_1_496' title='bbox 487 4642 749 4692; x_wconf 72' lang='lat' dir='ltr'><strong>Euboicum</strong></span> <span class='ocrx_word' id='word_1_497' title='bbox 763 4681 777 4703; x_wconf 89' lang='lat'><strong>,</strong></span> <span class='ocrx_word' id='word_1_498' title='bbox 793 4641 983 4692; x_wconf 78' lang='lat' dir='ltr'><strong>videtur</strong></span> <span class='ocrx_word' id='word_1_499' title='bbox 1000 4656 1057 4693; x_wconf 89' lang='lat' dir='ltr'><strong>ea</strong></span> <span class='ocrx_word' id='word_1_500' title='bbox 1075 4657 1127 4694; x_wconf 88' lang='lat' dir='ltr'><strong>re</strong></span> <span class='ocrx_word' id='word_1_501' title='bbox 1148 4645 1264 4694; x_wconf 85' lang='lat' dir='ltr'><strong>satis</strong></span> <span class='ocrx_word' id='word_1_502' title='bbox 1284 4644 1378 4694; x_wconf 85' lang='lat' dir='ltr'><strong>hoc</strong></span> <span class='ocrx_word' id='word_1_503' title='bbox 1404 4646 1693 4709; x_wconf 81' lang='lat' dir='ltr'><strong>explicatum</strong></span> <span class='ocrx_word' id='word_1_504' title='bbox 1717 4657 1820 4693; x_wconf 72' lang='lat' dir='ltr'><strong>esse</strong></span> <span class='ocrx_word' id='word_1_505' title='bbox 1837 4646 1886 4693; x_wconf 89' lang='lat' dir='ltr'><strong>et</strong></span> 
     </span>
     <span class='ocr_line' id='line_1_61' title="bbox 331 4712 1884 4777; baseline 0 -15"><span class='ocrx_word' id='word_1_506' title='bbox 331 4715 529 4776; x_wconf 77' lang='lat' dir='ltr'><strong>cognitu</strong></span> <span class='ocrx_word' id='word_1_507' title='bbox 551 4712 716 4773; x_wconf 76' lang='lat' dir='ltr'><strong>facile,</strong></span> <span class='ocrx_word' id='word_1_508' title='bbox 744 4721 775 4763; x_wconf 82' lang='lat' dir='ltr'><strong>a</strong></span> <span class='ocrx_word' id='word_1_509' title='bbox 792 4712 1070 4763; x_wconf 73' lang='lat' dir='ltr'><strong>Dicaearcho</strong></span> <span class='ocrx_word' id='word_1_510' title='bbox 1097 4714 1227 4767; x_wconf 61' lang='lat' dir='ltr'><strong>fluvii</strong></span> <span class='ocrx_word' id='word_1_511' title='bbox 1245 4715 1448 4777; x_wconf 83' lang='lat' dir='ltr'><strong>alicujus</strong></span> <span class='ocrx_word' id='word_1_512' title='bbox 1464 4719 1513 4765; x_wconf 89' lang='lat' dir='ltr'><strong>et</strong></span> <span class='ocrx_word' id='word_1_513' title='bbox 1530 4715 1723 4766; x_wconf 77' lang='lat' dir='ltr'><strong>Boeotici</strong></span> <span class='ocrx_word' id='word_1_514' title='bbox 1749 4727 1884 4764; x_wconf 90' lang='lat' dir='ltr'><strong>men-</strong></span> 
     </span>
     <span class='ocr_line' id='line_1_62' title="bbox 330 4782 1885 4847; baseline -0.001 -14"><span class='ocrx_word' id='word_1_515' title='bbox 330 4784 527 4845; x_wconf 66' lang='lat' dir='ltr'><strong>tionemj</strong></span> <span class='ocrx_word' id='word_1_516' title='bbox 561 4782 754 4844; x_wconf 83' lang='lat' dir='ltr'><strong>haberi,</strong></span> <span class='ocrx_word' id='word_1_517' title='bbox 785 4783 925 4843; x_wconf 76' lang='lat' dir='ltr'><strong>cuius</strong></span> <span class='ocrx_word' id='word_1_518' title='bbox 958 4797 1055 4833; x_wconf 90' lang='lat' dir='ltr'><strong>non</strong></span> <span class='ocrx_word' id='word_1_519' title='bbox 1094 4786 1428 4847; x_wconf 78' lang='lat' dir='ltr'><strong>retorqueatur</strong></span> <span class='ocrx_word' id='word_1_520' title='bbox 1466 4798 1696 4836; x_wconf 79' lang='lat' dir='ltr'><strong>excursus</strong></span> <span class='ocrx_word' id='word_1_521' title='bbox 1741 4784 1885 4833; x_wconf 80' lang='lat' dir='ltr'><strong>obvio</strong></span> 
     </span>
     <span class='ocr_line' id='line_1_63' title="bbox 335 4851 1883 4919; baseline 0 -18"><span class='ocrx_word' id='word_1_522' title='bbox 335 4855 477 4902; x_wconf 77' lang='lat' dir='ltr'><strong>aeatu.</strong></span> <span class='ocrx_word' id='word_1_523' title='bbox 502 4872 526 4895; x_wconf 73' lang='grc' dir='ltr'><strong>ι·</strong></span> <span class='ocrx_word' id='word_1_524' title='bbox 542 4876 609 4888; x_wconf 92' lang='lat'><strong>—-</strong></span> <span class='ocrx_word' id='word_1_525' title='bbox 626 4855 705 4902; x_wconf 72' lang='grc'><strong>30.</strong></span> <span class='ocrx_word' id='word_1_526' title='bbox 723 4853 802 4900; x_wconf 78' lang='grc' dir='ltr'><strong>τὸν</strong></span> <span class='ocrx_word' id='word_1_527' title='bbox 820 4851 1041 4916; x_wconf 76' lang='grc' dir='ltr'>ἔμπορον]</span> <span class='ocrx_word' id='word_1_528' title='bbox 1059 4852 1326 4916; x_wconf 81' lang='lat' dir='ltr'><strong>Stephanus</strong></span> <span class='ocrx_word' id='word_1_529' title='bbox 1341 4873 1356 4916; x_wconf 71' lang='grc' dir='ltr'>ς</span> <span class='ocrx_word' id='word_1_530' title='bbox 1375 4856 1455 4905; x_wconf 85' lang='grc' dir='ltr'><strong>τὸν</strong></span> <span class='ocrx_word' id='word_1_531' title='bbox 1479 4855 1697 4919; x_wconf 79' lang='grc' dir='ltr'>ἐμπόριον</span> <span class='ocrx_word' id='word_1_532' title='bbox 1715 4854 1883 4904; x_wconf 86' lang='lat' dir='ltr'><strong>codex.</strong></span> 
     </span>
     <span class='ocr_line' id='line_1_64' title="bbox 336 4920 1884 4986; baseline 0.001 -15"><span class='ocrx_word' id='word_1_533' title='bbox 336 4952 397 4965; x_wconf 87' lang='lat'><strong>--</strong></span> <span class='ocrx_word' id='word_1_534' title='bbox 418 4929 495 4971; x_wconf 76' lang='lat'><strong>³1.</strong></span> <span class='ocrx_word' id='word_1_535' title='bbox 524 4920 913 4979; x_wconf 73' lang='grc' dir='ltr'>δουλεύοντες</span> <span class='ocrx_word' id='word_1_536' title='bbox 939 4920 1083 4986; x_wconf 62' lang='grc' dir='ltr'>κτλ]</span> <span class='ocrx_word' id='word_1_537' title='bbox 1109 4941 1134 4967; x_wconf 70' lang='grc' dir='ltr'>α</span> <span class='ocrx_word' id='word_1_538' title='bbox 1165 4926 1280 4973; x_wconf 74' lang='lat' dir='ltr'><strong>Eam</strong></span> <span class='ocrx_word' id='word_1_539' title='bbox 1312 4925 1633 4974; x_wconf 86' lang='lat' dir='ltr'><strong>conditionem</strong></span> <span class='ocrx_word' id='word_1_540' title='bbox 1658 4923 1884 4974; x_wconf 82' lang='lat' dir='ltr'><strong>Dodwel·</strong></span> 
     </span>
     <span class='ocr_line' id='line_1_65' title="bbox 336 4990 1889 5057; baseline 0.001 -16"><span class='ocrx_word' id='word_1_541' title='bbox 336 4993 412 5042; x_wconf 80' lang='lat' dir='ltr'><strong>lus</strong></span> <span class='ocrx_word' id='word_1_542' title='bbox 450 4990 510 5041; x_wconf 84' lang='lat' dir='ltr'><strong>de</strong></span> <span class='ocrx_word' id='word_1_543' title='bbox 538 4991 656 5053; x_wconf 71' lang='lat' dir='ltr'><strong>jugo</strong></span> <span class='ocrx_word' id='word_1_544' title='bbox 686 4990 939 5041; x_wconf 84' lang='lat' dir='ltr'><strong>Cassandri</strong></span> <span class='ocrx_word' id='word_1_545' title='bbox 971 4991 1178 5041; x_wconf 88' lang='lat' dir='ltr'><strong>durioris</strong></span> <span class='ocrx_word' id='word_1_546' title='bbox 1217 4992 1397 5043; x_wconf 88' lang='lat' dir='ltr'><strong>domini</strong></span> <span class='ocrx_word' id='word_1_547' title='bbox 1434 5007 1580 5057; x_wconf 87' lang='lat' dir='ltr'><strong>quam</strong></span> <span class='ocrx_word' id='word_1_548' title='bbox 1618 4994 1889 5044; x_wconf 85' lang='lat' dir='ltr'><strong>Demetrius</strong></span> 
     </span>
     <span class='ocr_line' id='line_1_66' title="bbox 340 5056 1887 5123; baseline 0.001 -11"><span class='ocrx_word' id='word_1_549' title='bbox 340 5062 597 5112; x_wconf 76' lang='lat' dir='ltr'><strong>Phalereus</strong></span> <span class='ocrx_word' id='word_1_550' title='bbox 631 5060 722 5110; x_wconf 78' lang='lat' dir='ltr'><strong>suit</strong></span> <span class='ocrx_word' id='word_1_551' title='bbox 758 5061 1111 5123; x_wconf 81' lang='lat' dir='ltr'><strong>intelligendam</strong></span> <span class='ocrx_word' id='word_1_552' title='bbox 1160 5075 1263 5112; x_wconf 85' lang='lat' dir='ltr'><strong>esse</strong></span> <span class='ocrx_word' id='word_1_553' title='bbox 1306 5066 1356 5113; x_wconf 88' lang='lat' dir='ltr'><strong>et</strong></span> <span class='ocrx_word' id='word_1_554' title='bbox 1394 5064 1722 5113; x_wconf 81' lang='lat' dir='ltr'><strong>Dtcoearcbum</strong></span> <span class='ocrx_word' id='word_1_555' title='bbox 1773 5056 1887 5113; x_wconf 81' lang='lat' dir='ltr'><strong>talia</strong></span> 
     </span>
     <span class='ocr_line' id='line_1_67' title="bbox 334 5130 1887 5195; baseline 0.001 -14"><span class='ocrx_word' id='word_1_556' title='bbox 334 5134 549 5195; x_wconf 69' lang='lat' dir='ltr'><strong>proferre</strong></span> <span class='ocrx_word' id='word_1_557' title='bbox 584 5130 819 5194; x_wconf 84' lang='lat' dir='ltr'><strong>potuissse</strong></span> <span class='ocrx_word' id='word_1_558' title='bbox 867 5130 1143 5191; x_wconf 77' lang='lat' dir='ltr'><strong>adnotavit,</strong></span> <span class='ocrx_word' id='word_1_559' title='bbox 1181 5131 1309 5192; x_wconf 86' lang='lat' dir='ltr'><strong>quod</strong></span> <span class='ocrx_word' id='word_1_560' title='bbox 1350 5133 1580 5182; x_wconf 81' lang='lat' dir='ltr'><strong>Demetrii</strong></span> <span class='ocrx_word' id='word_1_561' title='bbox 1618 5136 1760 5182; x_wconf 57' lang='lat' dir='ltr'><strong>aetate</strong></span> <span class='ocrx_word' id='word_1_562' title='bbox 1800 5133 1887 5182; x_wconf 86' lang='lat' dir='ltr'><strong>Di—</strong></span> 
     </span>
     <span class='ocr_line' id='line_1_68' title="bbox 337 5199 1887 5266; baseline 0.001 -17"><span class='ocrx_word' id='word_1_563' title='bbox 337 5201 585 5250; x_wconf 62' lang='lat' dir='ltr'><strong>car-archea</strong></span> <span class='ocrx_word' id='word_1_564' title='bbox 613 5199 902 5249; x_wconf 82' lang='lat' dir='ltr'><strong>dominantis</strong></span> <span class='ocrx_word' id='word_1_565' title='bbox 940 5199 1359 5250; x_wconf 84' lang='lat' dir='ltr'><strong>mansuetudinem</strong></span> <span class='ocrx_word' id='word_1_566' title='bbox 1396 5216 1455 5252; x_wconf 91' lang='lat' dir='ltr'><strong>ne</strong></span> <span class='ocrx_word' id='word_1_567' title='bbox 1484 5203 1656 5252; x_wconf 88' lang='lat' dir='ltr'><strong>irritari</strong></span> <span class='ocrx_word' id='word_1_568' title='bbox 1695 5202 1887 5266; x_wconf 86' lang='lat' dir='ltr'><strong>quidem</strong></span> 
     </span>
     <span class='ocr_line' id='line_1_69' title="bbox 336 5269 1889 5337; baseline 0 -17"><span class='ocrx_word' id='word_1_569' title='bbox 336 5284 477 5337; x_wconf 77' lang='lat' dir='ltr'><strong>posse</strong></span> <span class='ocrx_word' id='word_1_570' title='bbox 495 5269 803 5334; x_wconf 62' lang='lat' dir='ltr'><strong>comovisset.</strong></span> <span class='ocrx_word' id='word_1_571' title='bbox 832 5269 1049 5319; x_wconf 74' lang='lat' dir='ltr'><strong>Marxius</strong></span> <span class='ocrx_word' id='word_1_572' title='bbox 1070 5273 1234 5319; x_wconf 80' lang='lat' dir='ltr'><strong>autern</strong></span> <span class='ocrx_word' id='word_1_573' title='bbox 1257 5269 1360 5319; x_wconf 77' lang='lat' dir='ltr'><strong>haec</strong></span> <span class='ocrx_word' id='word_1_574' title='bbox 1379 5270 1524 5320; x_wconf 85' lang='lat' dir='ltr'><strong>·.·erba</strong></span> <span class='ocrx_word' id='word_1_575' title='bbox 1549 5270 1611 5321; x_wconf 92' lang='lat' dir='ltr'><strong>ad</strong></span> <span class='ocrx_word' id='word_1_576' title='bbox 1631 5271 1889 5321; x_wconf 72' lang='lat' dir='ltr'><strong>Athenien·</strong></span> 
     </span>
    </p>
   </div>
   <div class='ocr_carea' id='block_1_11' title="bbox 1961 2496 3522 3782">
    <p class='ocr_par' dir='ltr' id='par_1_11' title="bbox 1961 2496 3522 3782">
     <span class='ocr_line' id='line_1_70' title="bbox 2023 2496 3522 2561; baseline -0.002 -15"><span class='ocrx_word' id='word_1_577' title='bbox 2023 2499 2159 2546; x_wconf 79' lang='lat' dir='ltr'><strong>Mons</strong></span> <span class='ocrx_word' id='word_1_578' title='bbox 2183 2496 2367 2557; x_wconf 71' lang='lat' dir='ltr'><strong>PeliuS,</strong></span> <span class='ocrx_word' id='word_1_579' title='bbox 2393 2499 2556 2546; x_wconf 83' lang='lat' dir='ltr'><strong>vastus</strong></span> <span class='ocrx_word' id='word_1_580' title='bbox 2589 2500 2637 2546; x_wconf 86' lang='lat' dir='ltr'><strong>et</strong></span> <span class='ocrx_word' id='word_1_581' title='bbox 2661 2510 2939 2546; x_wconf 85' lang='lat' dir='ltr'><strong>nemorosus</strong></span> <span class='ocrx_word' id='word_1_582' title='bbox 2954 2532 2968 2558; x_wconf 89' lang='lat'><strong>,</strong></span> <span class='ocrx_word' id='word_1_583' title='bbox 2990 2501 3063 2548; x_wconf 89' lang='lat' dir='ltr'><strong>tot</strong></span> <span class='ocrx_word' id='word_1_584' title='bbox 3081 2498 3330 2561; x_wconf 76' lang='lat' dir='ltr'><strong>frugiferas</strong></span> <span class='ocrx_word' id='word_1_585' title='bbox 3346 2500 3522 2561; x_wconf 88' lang='lat' dir='ltr'><strong>produ.</strong></span> 
     </span>
     <span class='ocr_line' id='line_1_71' title="bbox 1961 2563 3517 2630; baseline 0.003 -13"><span class='ocrx_word' id='word_1_586' title='bbox 1961 2567 2028 2617; x_wconf 89' lang='lat' dir='ltr'><strong>cit</strong></span> <span class='ocrx_word' id='word_1_587' title='bbox 2044 2568 2238 2616; x_wconf 88' lang='lat' dir='ltr'><strong>arbores</strong></span> <span class='ocrx_word' id='word_1_588' title='bbox 2254 2605 2267 2628; x_wconf 97' lang='lat'><strong>,</strong></span> <span class='ocrx_word' id='word_1_589' title='bbox 2289 2571 2412 2630; x_wconf 90' lang='lat' dir='ltr'><strong>quot</strong></span> <span class='ocrx_word' id='word_1_590' title='bbox 2438 2582 2456 2614; x_wconf 73' lang='grc' dir='ltr'>ι</span> <span class='ocrx_word' id='word_1_591' title='bbox 2468 2570 2511 2617; x_wconf 90' lang='lat' dir='ltr'><strong>el</strong></span> <span class='ocrx_word' id='word_1_592' title='bbox 2537 2563 2585 2617; x_wconf 86' lang='lat' dir='ltr'><strong>in</strong></span> <span class='ocrx_word' id='word_1_593' title='bbox 2603 2569 2746 2619; x_wconf 86' lang='lat' dir='ltr'><strong>terris</strong></span> <span class='ocrx_word' id='word_1_594' title='bbox 2761 2571 3012 2620; x_wconf 85' lang='lat' dir='ltr'><strong>hominum</strong></span> <span class='ocrx_word' id='word_1_595' title='bbox 3033 2571 3223 2621; x_wconf 85' lang='lat' dir='ltr'><strong>assiduo</strong></span> <span class='ocrx_word' id='word_1_596' title='bbox 3245 2573 3410 2622; x_wconf 86' lang='lat' dir='ltr'><strong>labore</strong></span> <span class='ocrx_word' id='word_1_597' title='bbox 3428 2587 3517 2621; x_wconf 67' lang='lat' dir='ltr'><strong>cx·</strong></span> 
     </span>
     <span class='ocr_line' id='line_1_72' title="bbox 1962 2642 3519 2706; baseline 0.003 -15"><span class='ocrx_word' id='word_1_598' title='bbox 1962 2642 2107 2691; x_wconf 82' lang='lat' dir='ltr'><strong>cultis</strong></span> <span class='ocrx_word' id='word_1_599' title='bbox 2152 2642 2402 2704; x_wconf 73' lang='lat' dir='ltr'><strong>provenire</strong></span> <span class='ocrx_word' id='word_1_600' title='bbox 2438 2642 2609 2691; x_wconf 89' lang='lat' dir='ltr'><strong>solent.</strong></span> <span class='ocrx_word' id='word_1_601' title='bbox 2652 2644 2954 2706; x_wconf 83' lang='lat' dir='ltr'><strong>Amplissima</strong></span> <span class='ocrx_word' id='word_1_602' title='bbox 2989 2646 3037 2693; x_wconf 83' lang='lat' dir='ltr'><strong>et</strong></span> <span class='ocrx_word' id='word_1_603' title='bbox 3072 2642 3348 2694; x_wconf 83' lang='lat' dir='ltr'><strong>densissima</strong></span> <span class='ocrx_word' id='word_1_604' title='bbox 3385 2647 3519 2695; x_wconf 77' lang='lat' dir='ltr'><strong>radix</strong></span> 
     </span>
     <span class='ocr_line' id='line_1_73' title="bbox 1963 2713 3517 2779; baseline 0.001 -15"><span class='ocrx_word' id='word_1_605' title='bbox 1963 2715 2140 2765; x_wconf 89' lang='lat' dir='ltr'><strong>montis</strong></span> <span class='ocrx_word' id='word_1_606' title='bbox 2178 2714 2241 2763; x_wconf 92' lang='lat' dir='ltr'><strong>ab</strong></span> <span class='ocrx_word' id='word_1_607' title='bbox 2278 2713 2400 2764; x_wconf 86' lang='lat' dir='ltr'><strong>urbe</strong></span> <span class='ocrx_word' id='word_1_608' title='bbox 2437 2715 2833 2778; x_wconf 75' lang='lat' dir='ltr'><strong>(Demetriade)</strong></span> <span class='ocrx_word' id='word_1_609' title='bbox 2861 2717 3005 2766; x_wconf 86' lang='lat' dir='ltr'><strong>distat</strong></span> <span class='ocrx_word' id='word_1_610' title='bbox 3043 2717 3207 2767; x_wconf 84' lang='lat' dir='ltr'><strong>stadiis</strong></span> <span class='ocrx_word' id='word_1_611' title='bbox 3237 2719 3418 2779; x_wconf 73' lang='lat' dir='ltr'><strong>septem</strong></span> <span class='ocrx_word' id='word_1_612' title='bbox 3432 2754 3446 2778; x_wconf 90' lang='lat'>‚</span> <span class='ocrx_word' id='word_1_613' title='bbox 3479 2721 3517 2766; x_wconf 88' lang='lat' dir='ltr'><strong>si</strong></span> 
     </span>
     <span class='ocr_line' id='line_1_74' title="bbox 1962 2788 3510 2857; baseline -0.001 -15"><span class='ocrx_word' id='word_1_614' title='bbox 1962 2790 2260 2842; x_wconf 86' lang='lat' dir='ltr'><strong>maritimum</strong></span> <span class='ocrx_word' id='word_1_615' title='bbox 2299 2788 2391 2839; x_wconf 82' lang='lat' dir='ltr'><strong>iter</strong></span> <span class='ocrx_word' id='word_1_616' title='bbox 2413 2792 2663 2852; x_wconf 87' lang='lat' dir='ltr'><strong>computes</strong></span> <span class='ocrx_word' id='word_1_617' title='bbox 2673 2806 2688 2850; x_wconf 75' lang='lat'>3</span> <span class='ocrx_word' id='word_1_618' title='bbox 2721 2792 2772 2838; x_wconf 92' lang='lat' dir='ltr'><strong>at</strong></span> <span class='ocrx_word' id='word_1_619' title='bbox 2798 2789 2837 2839; x_wconf 88' lang='lat' dir='ltr'><strong>si</strong></span> <span class='ocrx_word' id='word_1_620' title='bbox 2869 2790 3109 2857; x_wconf 83' lang='lat' dir='ltr'><strong>pedestre,</strong></span> <span class='ocrx_word' id='word_1_621' title='bbox 3138 2791 3303 2844; x_wconf 80' lang='lat' dir='ltr'><strong>stadiis</strong></span> <span class='ocrx_word' id='word_1_622' title='bbox 3327 2792 3510 2856; x_wconf 78' lang='lat' dir='ltr'><strong>viginti.</strong></span> 
     </span>
     <span class='ocr_line' id='line_1_75' title="bbox 1967 2864 3518 2932; baseline 0.001 -15"><span class='ocrx_word' id='word_1_623' title='bbox 1967 2868 2036 2931; x_wconf 82' lang='lat'><strong>(2)</strong></span> <span class='ocrx_word' id='word_1_624' title='bbox 2068 2864 2327 2920; x_wconf 74' lang='lat' dir='ltr'><strong>Universus</strong></span> <span class='ocrx_word' id='word_1_625' title='bbox 2349 2876 2487 2919; x_wconf 79' lang='lat' dir='ltr'><strong>mons</strong></span> <span class='ocrx_word' id='word_1_626' title='bbox 2504 2865 2679 2932; x_wconf 82' lang='lat' dir='ltr'><strong>gaudet</strong></span> <span class='ocrx_word' id='word_1_627' title='bbox 2711 2867 2839 2919; x_wconf 81' lang='lat' dir='ltr'><strong>terra</strong></span> <span class='ocrx_word' id='word_1_628' title='bbox 2861 2871 3103 2932; x_wconf 89' lang='lat' dir='ltr'><strong>molliore,</strong></span> <span class='ocrx_word' id='word_1_629' title='bbox 3129 2871 3331 2921; x_wconf 88' lang='lat' dir='ltr'><strong>collibus</strong></span> <span class='ocrx_word' id='word_1_630' title='bbox 3349 2872 3518 2920; x_wconf 85' lang='lat' dir='ltr'><strong>distin-</strong></span> 
     </span>
     <span class='ocr_line' id='line_1_76' title="bbox 1967 2948 3520 3012; baseline 0.002 -14"><span class='ocrx_word' id='word_1_631' title='bbox 1967 2951 2077 2999; x_wconf 81' lang='lat' dir='ltr'><strong>ctus</strong></span> <span class='ocrx_word' id='word_1_632' title='bbox 2100 2948 2200 3011; x_wconf 87' lang='lat' dir='ltr'><strong>est,</strong></span> <span class='ocrx_word' id='word_1_633' title='bbox 2229 2962 2543 3012; x_wconf 77' lang='lat' dir='ltr'><strong>magnamque</strong></span> <span class='ocrx_word' id='word_1_634' title='bbox 2575 2948 2719 2999; x_wconf 83' lang='lat' dir='ltr'><strong>habet</strong></span> <span class='ocrx_word' id='word_1_635' title='bbox 2753 2948 3064 3001; x_wconf 78' lang='lat' dir='ltr'><strong>fertilitatem.</strong></span> <span class='ocrx_word' id='word_1_636' title='bbox 3099 2954 3253 3001; x_wconf 87' lang='lat' dir='ltr'><strong>Omne</strong></span> <span class='ocrx_word' id='word_1_637' title='bbox 3293 2950 3520 3001; x_wconf 85' lang='lat' dir='ltr'><strong>arborum</strong></span> 
     </span>
     <span class='ocr_line' id='line_1_77' title="bbox 1966 3022 3520 3088; baseline 0.001 -17"><span class='ocrx_word' id='word_1_638' title='bbox 1966 3022 2369 3086; x_wconf 82' lang='lat' dir='ltr'><strong>arbustorumque</strong></span> <span class='ocrx_word' id='word_1_639' title='bbox 2389 3036 2536 3083; x_wconf 81' lang='lat' dir='ltr'><strong>genus</strong></span> <span class='ocrx_word' id='word_1_640' title='bbox 2555 3022 2602 3071; x_wconf 91' lang='lat' dir='ltr'><strong>in</strong></span> <span class='ocrx_word' id='word_1_641' title='bbox 2627 3037 2684 3073; x_wconf 92' lang='lat' dir='ltr'><strong>eo</strong></span> <span class='ocrx_word' id='word_1_642' title='bbox 2701 3024 2932 3073; x_wconf 89' lang='lat' dir='ltr'><strong>nascitur.</strong></span> <span class='ocrx_word' id='word_1_643' title='bbox 2952 3026 3195 3088; x_wconf 57' lang='lat' dir='ltr'><strong>Praecipue</strong></span> <span class='ocrx_word' id='word_1_644' title='bbox 3213 3024 3424 3075; x_wconf 82' lang='lat' dir='ltr'><strong>abundat</strong></span> <span class='ocrx_word' id='word_1_645' title='bbox 3440 3037 3520 3073; x_wconf 90' lang='lat' dir='ltr'><strong>ar-</strong></span> 
     </span>
     <span class='ocr_line' id='line_1_78' title="bbox 1965 3099 3519 3164; baseline 0 -14"><span class='ocrx_word' id='word_1_646' title='bbox 1965 3099 2083 3150; x_wconf 88' lang='lat' dir='ltr'><strong>bore</strong></span> <span class='ocrx_word' id='word_1_647' title='bbox 2098 3135 2112 3159; x_wconf 90' lang='lat'><strong>,</strong></span> <span class='ocrx_word' id='word_1_648' title='bbox 2135 3113 2283 3163; x_wconf 89' lang='lat' dir='ltr'><strong>quam</strong></span> <span class='ocrx_word' id='word_1_649' title='bbox 2305 3113 2335 3149; x_wconf 85' lang='lat' dir='ltr'><strong>a</strong></span> <span class='ocrx_word' id='word_1_650' title='bbox 2353 3100 2477 3149; x_wconf 89' lang='lat' dir='ltr'><strong>t&#39;oliis</strong></span> <span class='ocrx_word' id='word_1_651' title='bbox 2493 3099 2693 3162; x_wconf 79' lang='lat' dir='ltr'><strong>spinosis</strong></span> <span class='ocrx_word' id='word_1_652' title='bbox 2714 3115 2888 3163; x_wconf 78' lang='lat' dir='ltr'><strong>oxyam</strong></span> <span class='ocrx_word' id='word_1_653' title='bbox 2911 3103 3245 3164; x_wconf 79' lang='lat' dir='ltr'><strong>(aculeatam)</strong></span> <span class='ocrx_word' id='word_1_654' title='bbox 3265 3115 3420 3164; x_wconf 75' lang='lat' dir='ltr'><strong>graece</strong></span> <span class='ocrx_word' id='word_1_655' title='bbox 3432 3114 3519 3163; x_wconf 89' lang='lat' dir='ltr'><strong>ap-</strong></span> 
     </span>
     <span class='ocr_line' id='line_1_79' title="bbox 1964 3178 3521 3243; baseline 0.003 -16"><span class='ocrx_word' id='word_1_656' title='bbox 1964 3178 2173 3240; x_wconf 86' lang='lat' dir='ltr'><strong>pellant:</strong></span> <span class='ocrx_word' id='word_1_657' title='bbox 2197 3179 2415 3241; x_wconf 78' lang='lat' dir='ltr'><strong>frequens</strong></span> <span class='ocrx_word' id='word_1_658' title='bbox 2435 3178 2482 3227; x_wconf 92' lang='lat' dir='ltr'><strong>in</strong></span> <span class='ocrx_word' id='word_1_659' title='bbox 2497 3178 2578 3227; x_wconf 88' lang='lat' dir='ltr'><strong>illo</strong></span> <span class='ocrx_word' id='word_1_660' title='bbox 2596 3179 2750 3241; x_wconf 86' lang='lat' dir='ltr'><strong>abies,</strong></span> <span class='ocrx_word' id='word_1_661' title='bbox 2770 3192 2898 3241; x_wconf 84' lang='lat' dir='ltr'><strong>acer,</strong></span> <span class='ocrx_word' id='word_1_662' title='bbox 2923 3181 3194 3240; x_wconf 78' lang='lat' dir='ltr'><strong>singillatim</strong></span> <span class='ocrx_word' id='word_1_663' title='bbox 3210 3195 3355 3243; x_wconf 82' lang='lat' dir='ltr'><strong>genus</strong></span> <span class='ocrx_word' id='word_1_664' title='bbox 3372 3182 3521 3230; x_wconf 86' lang='lat' dir='ltr'><strong>aceris</strong></span> 
     </span>
     <span class='ocr_line' id='line_1_80' title="bbox 1965 3256 3519 3320; baseline 0.001 -16"><span class='ocrx_word' id='word_1_665' title='bbox 1965 3268 2076 3317; x_wconf 84' lang='lat' dir='ltr'><strong>quae</strong></span> <span class='ocrx_word' id='word_1_666' title='bbox 2091 3256 2224 3319; x_wconf 81' lang='lat' dir='ltr'><strong>zygia</strong></span> <span class='ocrx_word' id='word_1_667' title='bbox 2240 3259 2457 3315; x_wconf 74' lang='lat' dir='ltr'><strong>vocatur,</strong></span> <span class='ocrx_word' id='word_1_668' title='bbox 2473 3268 2721 3317; x_wconf 81' lang='lat' dir='ltr'><strong>cupressus</strong></span> <span class='ocrx_word' id='word_1_669' title='bbox 2737 3270 2928 3319; x_wconf 87' lang='lat' dir='ltr'><strong>quoque</strong></span> <span class='ocrx_word' id='word_1_670' title='bbox 2942 3260 2990 3306; x_wconf 88' lang='lat' dir='ltr'><strong>et</strong></span> <span class='ocrx_word' id='word_1_671' title='bbox 3006 3258 3191 3308; x_wconf 87' lang='lat' dir='ltr'><strong>cedrus.</strong></span> <span class='ocrx_word' id='word_1_672' title='bbox 3208 3262 3372 3320; x_wconf 82' lang='lat' dir='ltr'><strong>Neque</strong></span> <span class='ocrx_word' id='word_1_673' title='bbox 3388 3258 3519 3307; x_wconf 82' lang='lat' dir='ltr'><strong>tlori·</strong></span> 
     </span>
     <span class='ocr_line' id='line_1_81' title="bbox 1966 3333 3519 3399; baseline 0.001 -15"><span class='ocrx_word' id='word_1_674' title='bbox 1966 3334 2057 3385; x_wconf 83' lang='lat' dir='ltr'><strong>bus</strong></span> <span class='ocrx_word' id='word_1_675' title='bbox 2068 3335 2342 3386; x_wconf 83' lang='lat' dir='ltr'><strong>destituitur</strong></span> <span class='ocrx_word' id='word_1_676' title='bbox 2354 3352 2369 3395; x_wconf 81' lang='lat'><em>3</em></span> <span class='ocrx_word' id='word_1_677' title='bbox 2385 3333 2531 3384; x_wconf 84' lang='lat' dir='ltr'><strong>babet</strong></span> <span class='ocrx_word' id='word_1_678' title='bbox 2544 3335 2672 3383; x_wconf 87' lang='lat' dir='ltr'><strong>enim</strong></span> <span class='ocrx_word' id='word_1_679' title='bbox 2687 3335 2841 3385; x_wconf 89' lang='lat' dir='ltr'><strong>lilium</strong></span> <span class='ocrx_word' id='word_1_680' title='bbox 2865 3337 3083 3386; x_wconf 72' lang='lat' dir='ltr'><strong>silvestre</strong></span> <span class='ocrx_word' id='word_1_681' title='bbox 3097 3340 3144 3386; x_wconf 91' lang='lat' dir='ltr'><strong>et</strong></span> <span class='ocrx_word' id='word_1_682' title='bbox 3160 3351 3315 3386; x_wconf 86' lang='lat' dir='ltr'><strong>rosam</strong></span> <span class='ocrx_word' id='word_1_683' title='bbox 3333 3338 3519 3399; x_wconf 86' lang='lat' dir='ltr'><strong>lychni-</strong></span> 
     </span>
     <span class='ocr_line' id='line_1_82' title="bbox 1966 3411 3520 3473; baseline 0 -12"><span class='ocrx_word' id='word_1_684' title='bbox 1966 3412 2095 3461; x_wconf 85' lang='lat' dir='ltr'><strong>dem.</strong></span> <span class='ocrx_word' id='word_1_685' title='bbox 2120 3414 2187 3473; x_wconf 83' lang='grc'><strong>(3)</strong></span> <span class='ocrx_word' id='word_1_686' title='bbox 2215 3411 2432 3460; x_wconf 84' lang='lat' dir='ltr'><strong>Plantam</strong></span> <span class='ocrx_word' id='word_1_687' title='bbox 2450 3422 2647 3472; x_wconf 88' lang='lat' dir='ltr'><strong>quoque</strong></span> <span class='ocrx_word' id='word_1_688' title='bbox 2668 3412 2754 3461; x_wconf 84' lang='lat' dir='ltr'><strong>alit</strong></span> <span class='ocrx_word' id='word_1_689' title='bbox 2775 3412 2826 3461; x_wconf 91' lang='lat' dir='ltr'><strong>in</strong></span> <span class='ocrx_word' id='word_1_690' title='bbox 2855 3413 2974 3461; x_wconf 87' lang='lat' dir='ltr'><strong>locis</strong></span> <span class='ocrx_word' id='word_1_691' title='bbox 3001 3414 3209 3462; x_wconf 83' lang='lat' dir='ltr'><strong>maxime</strong></span> <span class='ocrx_word' id='word_1_692' title='bbox 3225 3413 3520 3463; x_wconf 77' lang='lat' dir='ltr'><strong>silvestribus</strong></span> 
     </span>
     <span class='ocr_line' id='line_1_83' title="bbox 1967 3484 3521 3551; baseline -0.001 -13"><span class='ocrx_word' id='word_1_693' title='bbox 1967 3492 2169 3550; x_wconf 74' lang='lat' dir='ltr'><strong>ejusque</strong></span> <span class='ocrx_word' id='word_1_694' title='bbox 2189 3487 2374 3538; x_wconf 76' lang='lat' dir='ltr'><strong>fruticis</strong></span> <span class='ocrx_word' id='word_1_695' title='bbox 2401 3484 2640 3547; x_wconf 77' lang='lat' dir='ltr'><strong>radicem,</strong></span> <span class='ocrx_word' id='word_1_696' title='bbox 2668 3500 2779 3549; x_wconf 72' lang='lat' dir='ltr'><strong>qum</strong></span> <span class='ocrx_word' id='word_1_697' title='bbox 2813 3488 3105 3551; x_wconf 78' lang='lat' dir='ltr'><strong>serpentum</strong></span> <span class='ocrx_word' id='word_1_698' title='bbox 3121 3502 3310 3537; x_wconf 85' lang='lat' dir='ltr'><strong>morsus</strong></span> <span class='ocrx_word' id='word_1_699' title='bbox 3333 3489 3521 3551; x_wconf 88' lang='lat' dir='ltr'><strong>pericu-</strong></span> 
     </span>
     <span class='ocr_line' id='line_1_84' title="bbox 1967 3564 3515 3628; baseline -0.001 -13"><span class='ocrx_word' id='word_1_700' title='bbox 1967 3566 2095 3615; x_wconf 83' lang='lat' dir='ltr'><strong>losos</strong></span> <span class='ocrx_word' id='word_1_701' title='bbox 2110 3577 2274 3615; x_wconf 82' lang='lat' dir='ltr'><strong>arcere</strong></span> <span class='ocrx_word' id='word_1_702' title='bbox 2301 3565 2485 3613; x_wconf 71' lang='lat' dir='ltr'><strong>videtur</strong></span> <span class='ocrx_word' id='word_1_703' title='bbox 2501 3579 2517 3624; x_wconf 71' lang='grc' dir='ltr'>ς</span> <span class='ocrx_word' id='word_1_704' title='bbox 2535 3578 2616 3614; x_wconf 85' lang='lat' dir='ltr'><strong>eos</strong></span> <span class='ocrx_word' id='word_1_705' title='bbox 2638 3565 2768 3614; x_wconf 88' lang='lat' dir='ltr'><strong>enlm</strong></span> <span class='ocrx_word' id='word_1_706' title='bbox 2797 3578 2828 3613; x_wconf 90' lang='lat' dir='ltr'><strong>a</strong></span> <span class='ocrx_word' id='word_1_707' title='bbox 2851 3565 2963 3615; x_wconf 84' lang='lat' dir='ltr'><strong>loco</strong></span> <span class='ocrx_word' id='word_1_708' title='bbox 2980 3564 3031 3615; x_wconf 88' lang='lat' dir='ltr'><strong>in</strong></span> <span class='ocrx_word' id='word_1_709' title='bbox 3052 3579 3151 3627; x_wconf 87' lang='lat' dir='ltr'><strong>quo</strong></span> <span class='ocrx_word' id='word_1_710' title='bbox 3169 3566 3382 3614; x_wconf 86' lang='lat' dir='ltr'><strong>nascitur</strong></span> <span class='ocrx_word' id='word_1_711' title='bbox 3401 3579 3515 3628; x_wconf 88' lang='lat' dir='ltr'><strong>pro-</strong></span> 
     </span>
     <span class='ocr_line' id='line_1_85' title="bbox 1968 3641 3517 3705; baseline 0.001 -14"><span class='ocrx_word' id='word_1_712' title='bbox 1968 3642 2049 3692; x_wconf 90' lang='lat' dir='ltr'><strong>cul</strong></span> <span class='ocrx_word' id='word_1_713' title='bbox 2069 3641 2255 3704; x_wconf 87' lang='lat' dir='ltr'><strong>repellit</strong></span> <span class='ocrx_word' id='word_1_714' title='bbox 2270 3679 2286 3704; x_wconf 91' lang='lat'><strong>,</strong></span> <span class='ocrx_word' id='word_1_715' title='bbox 2305 3642 2738 3705; x_wconf 80' lang='lat' dir='ltr'><strong>appropinquantes</strong></span> <span class='ocrx_word' id='word_1_716' title='bbox 2773 3655 2890 3691; x_wconf 79' lang='lat' dir='ltr'><strong>vero</strong></span> <span class='ocrx_word' id='word_1_717' title='bbox 2909 3642 3040 3691; x_wconf 85' lang='lat' dir='ltr'><strong>omni</strong></span> <span class='ocrx_word' id='word_1_718' title='bbox 3063 3643 3290 3693; x_wconf 69' lang='lat' dir='ltr'><strong>facultate</strong></span> <span class='ocrx_word' id='word_1_719' title='bbox 3311 3643 3517 3692; x_wconf 88' lang='lat' dir='ltr'><strong>nocendi</strong></span> 
     </span>
     <span class='ocr_line' id='line_1_86' title="bbox 1971 3717 3519 3782; baseline 0 -14"><span class='ocrx_word' id='word_1_720' title='bbox 1971 3721 2134 3782; x_wconf 83' lang='lat' dir='ltr'><strong>exuit,</strong></span> <span class='ocrx_word' id='word_1_721' title='bbox 2159 3722 2356 3770; x_wconf 78' lang='lat' dir='ltr'><strong>veterno</strong></span> <span class='ocrx_word' id='word_1_722' title='bbox 2375 3718 2598 3781; x_wconf 85' lang='lat' dir='ltr'><strong>inducto;</strong></span> <span class='ocrx_word' id='word_1_723' title='bbox 2618 3717 2702 3782; x_wconf 82' lang='lat' dir='ltr'><strong>qui</strong></span> <span class='ocrx_word' id='word_1_724' title='bbox 2727 3718 2969 3782; x_wconf 80' lang='lat' dir='ltr'><strong>attigerint</strong></span> <span class='ocrx_word' id='word_1_725' title='bbox 2988 3718 3193 3781; x_wconf 84' lang='lat' dir='ltr'><strong>denique</strong></span> <span class='ocrx_word' id='word_1_726' title='bbox 3209 3754 3224 3780; x_wconf 91' lang='lat'><strong>,</strong></span> <span class='ocrx_word' id='word_1_727' title='bbox 3254 3718 3402 3769; x_wconf 88' lang='lat' dir='ltr'><strong>odore</strong></span> <span class='ocrx_word' id='word_1_728' title='bbox 3431 3733 3519 3768; x_wconf 89' lang='lat' dir='ltr'><strong>suo</strong></span> 
     </span>
    </p>
   </div>
   <div class='ocr_carea' id='block_1_12' title="bbox 1970 3879 3524 4362">
    <p class='ocr_par' dir='ltr' id='par_1_12' title="bbox 1970 3879 3524 4362">
     <span class='ocr_line' id='line_1_87' title="bbox 1970 3879 3521 3943; baseline -0.002 -14"><span class='ocrx_word' id='word_1_729' title='bbox 1970 3879 2094 3929; x_wconf 87' lang='lat' dir='ltr'><strong>sium</strong></span> <span class='ocrx_word' id='word_1_730' title='bbox 2114 3879 2489 3930; x_wconf 85' lang='lat' dir='ltr'><strong>dominationem</strong></span> <span class='ocrx_word' id='word_1_731' title='bbox 2503 3916 2518 3943; x_wconf 89' lang='lat'><strong>,</strong></span> <span class='ocrx_word' id='word_1_732' title='bbox 2548 3880 2722 3943; x_wconf 83' lang='lat' dir='ltr'><strong>quibus</strong></span> <span class='ocrx_word' id='word_1_733' title='bbox 2739 3880 2930 3930; x_wconf 84' lang='lat' dir='ltr'><strong>Chalcis</strong></span> <span class='ocrx_word' id='word_1_734' title='bbox 2946 3881 3180 3942; x_wconf 79' lang='lat' dir='ltr'><strong>paruisset</strong></span> <span class='ocrx_word' id='word_1_735' title='bbox 3199 3880 3343 3940; x_wconf 88' lang='lat' dir='ltr'><strong>(coll.</strong></span> <span class='ocrx_word' id='word_1_736' title='bbox 3364 3879 3521 3929; x_wconf 84' lang='lat' dir='ltr'><strong>Thuc.</strong></span> 
     </span>
     <span class='ocr_line' id='line_1_88' title="bbox 1976 3947 3524 4012; baseline -0.003 -13"><span class='ocrx_word' id='word_1_737' title='bbox 1976 3953 2088 3999; x_wconf 76' lang='lat' dir='ltr'><strong>Vlll</strong></span> <span class='ocrx_word' id='word_1_738' title='bbox 2108 3988 2122 4010; x_wconf 90' lang='lat'><strong>,</strong></span> <span class='ocrx_word' id='word_1_739' title='bbox 2146 3953 2206 3998; x_wconf 73' lang='lat'><strong>95</strong></span> <span class='ocrx_word' id='word_1_740' title='bbox 2229 3949 2245 4009; x_wconf 94' lang='lat'><strong>)</strong></span> <span class='ocrx_word' id='word_1_741' title='bbox 2266 3984 2281 4007; x_wconf 84' lang='lat'><strong>,</strong></span> <span class='ocrx_word' id='word_1_742' title='bbox 2319 3951 2392 3998; x_wconf 73' lang='lat' dir='ltr'><strong>vel</strong></span> <span class='ocrx_word' id='word_1_743' title='bbox 2413 3987 2427 4009; x_wconf 84' lang='lat'>‚</span> <span class='ocrx_word' id='word_1_744' title='bbox 2456 3950 2503 3998; x_wconf 85' lang='lat' dir='ltr'><strong>id</strong></span> <span class='ocrx_word' id='word_1_745' title='bbox 2537 3950 2668 4012; x_wconf 90' lang='lat' dir='ltr'><strong>quod</strong></span> <span class='ocrx_word' id='word_1_746' title='bbox 2701 3950 2996 4012; x_wconf 85' lang='lat' dir='ltr'><strong>probabilius</strong></span> <span class='ocrx_word' id='word_1_747' title='bbox 3028 3952 3177 4008; x_wconf 80' lang='lat' dir='ltr'><strong>esset,</strong></span> <span class='ocrx_word' id='word_1_748' title='bbox 3202 3947 3264 3997; x_wconf 88' lang='lat' dir='ltr'><strong>ad</strong></span> <span class='ocrx_word' id='word_1_749' title='bbox 3293 3948 3442 3998; x_wconf 79' lang='lat' dir='ltr'><strong>Phoxi</strong></span> <span class='ocrx_word' id='word_1_750' title='bbox 3474 3951 3524 3995; x_wconf 90' lang='lat' dir='ltr'><strong>et</strong></span> 
     </span>
     <span class='ocr_line' id='line_1_89' title="bbox 1973 4018 3514 4081; baseline -0.002 -14"><span class='ocrx_word' id='word_1_751' title='bbox 1973 4018 2259 4068; x_wconf 82' lang='lat' dir='ltr'><strong>Antileontis</strong></span> <span class='ocrx_word' id='word_1_752' title='bbox 2287 4018 2608 4080; x_wconf 79' lang='lat' dir='ltr'><strong>tyrannidem,</strong></span> <span class='ocrx_word' id='word_1_753' title='bbox 2637 4020 2778 4081; x_wconf 78' lang='lat' dir='ltr'><strong>eujus</strong></span> <span class='ocrx_word' id='word_1_754' title='bbox 2811 4020 3076 4070; x_wconf 78' lang='lat' dir='ltr'><strong>Aristotelis</strong></span> <span class='ocrx_word' id='word_1_755' title='bbox 3103 4019 3245 4067; x_wconf 83' lang='lat' dir='ltr'><strong>Polit.</strong></span> <span class='ocrx_word' id='word_1_756' title='bbox 3272 4021 3329 4078; x_wconf 74' lang='lat' dir='ltr'><strong>V,</strong></span> <span class='ocrx_word' id='word_1_757' title='bbox 3367 4024 3393 4065; x_wconf 82' lang='lat' dir='ltr'><strong>:t</strong></span> <span class='ocrx_word' id='word_1_758' title='bbox 3414 4052 3431 4076; x_wconf 88' lang='lat'><strong>,</strong></span> <span class='ocrx_word' id='word_1_759' title='bbox 3459 4024 3514 4065; x_wconf 81' lang='lat'><strong>12</strong></span> 
     </span>
     <span class='ocr_line' id='line_1_90' title="bbox 1971 4087 3518 4151; baseline -0.002 -14"><span class='ocrx_word' id='word_1_760' title='bbox 1971 4089 2262 4139; x_wconf 89' lang='lat' dir='ltr'><strong>mentionem</strong></span> <span class='ocrx_word' id='word_1_761' title='bbox 2301 4091 2504 4151; x_wconf 82' lang='lat' dir='ltr'><strong>faceret,</strong></span> <span class='ocrx_word' id='word_1_762' title='bbox 2541 4089 2788 4140; x_wconf 76' lang='lat' dir='ltr'><strong>reserenda</strong></span> <span class='ocrx_word' id='word_1_763' title='bbox 2817 4102 2918 4138; x_wconf 84' lang='lat' dir='ltr'><strong>esse</strong></span> <span class='ocrx_word' id='word_1_764' title='bbox 2948 4088 3259 4137; x_wconf 78' lang='lat' dir='ltr'><strong>existimavit.</strong></span> <span class='ocrx_word' id='word_1_765' title='bbox 3293 4106 3317 4131; x_wconf 65' lang='grc' dir='ltr'>υ</span> <span class='ocrx_word' id='word_1_766' title='bbox 3357 4087 3518 4136; x_wconf 70' lang='lat' dir='ltr'><strong>Mr.</strong></span> 
     </span>
     <span class='ocr_line' id='line_1_91' title="bbox 1970 4155 3521 4223; baseline -0.003 -15"><span class='ocrx_word' id='word_1_767' title='bbox 1970 4172 2019 4220; x_wconf 86' lang='lat' dir='ltr'><strong>p.</strong></span> <span class='ocrx_word' id='word_1_768' title='bbox 2047 4163 2152 4208; x_wconf 80' lang='grc'><strong>363.</strong></span> <span class='ocrx_word' id='word_1_769' title='bbox 2174 4185 2237 4196; x_wconf 96' lang='grc'>-</span> <span class='ocrx_word' id='word_1_770' title='bbox 2255 4158 2455 4223; x_wconf 80' lang='grc' dir='ltr'>ὄντες]</span> <span class='ocrx_word' id='word_1_771' title='bbox 2481 4161 2686 4221; x_wconf 83' lang='grc' dir='ltr'>μένοντες</span> <span class='ocrx_word' id='word_1_772' title='bbox 2704 4158 2828 4219; x_wconf 79' lang='lat' dir='ltr'><strong>conj,</strong></span> <span class='ocrx_word' id='word_1_773' title='bbox 2852 4162 3009 4208; x_wconf 73' lang='lat' dir='ltr'><strong>Marx.</strong></span> <span class='ocrx_word' id='word_1_774' title='bbox 3028 4183 3093 4193; x_wconf 90' lang='lat'>—</span> <span class='ocrx_word' id='word_1_775' title='bbox 3114 4158 3244 4206; x_wconf 74' lang='grc' dir='ltr'>ἐστὶ</span> <span class='ocrx_word' id='word_1_776' title='bbox 3282 4155 3521 4219; x_wconf 76' lang='grc' dir='ltr'>χαλκὶς]</span> 
     </span>
     <span class='ocr_line' id='line_1_92' title="bbox 1972 4227 3520 4292; baseline -0.001 -15"><span class='ocrx_word' id='word_1_777' title='bbox 1972 4229 2399 4291; x_wconf 60' lang='grc' dir='ltr'>Μείηελίυεςέστὶν</span> <span class='ocrx_word' id='word_1_778' title='bbox 2419 4233 2449 4287; x_wconf 75' lang='grc' dir='ltr'>ἡ</span> <span class='ocrx_word' id='word_1_779' title='bbox 2470 4233 2532 4278; x_wconf 80' lang='lat' dir='ltr'><strong>x.</strong></span> <span class='ocrx_word' id='word_1_780' title='bbox 2562 4230 2731 4279; x_wconf 78' lang='lat' dir='ltr'><strong>codex.</strong></span> <span class='ocrx_word' id='word_1_781' title='bbox 2746 4228 2971 4292; x_wconf 85' lang='lat' dir='ltr'><strong>Sequitur</strong></span> <span class='ocrx_word' id='word_1_782' title='bbox 2985 4230 3033 4276; x_wconf 90' lang='lat' dir='ltr'><strong>in</strong></span> <span class='ocrx_word' id='word_1_783' title='bbox 3051 4227 3161 4277; x_wconf 86' lang='lat' dir='ltr'><strong>cod.</strong></span> <span class='ocrx_word' id='word_1_784' title='bbox 3185 4228 3332 4277; x_wconf 82' lang='lat' dir='ltr'><strong>Paris.</strong></span> <span class='ocrx_word' id='word_1_785' title='bbox 3353 4229 3418 4277; x_wconf 57' lang='grc' dir='ltr'><strong>δ”</strong></span> <span class='ocrx_word' id='word_1_786' title='bbox 3431 4231 3520 4275; x_wconf 70' lang='grc'><strong>443</strong></span> 
     </span>
     <span class='ocr_line' id='line_1_93' title="bbox 1970 4299 2590 4362; baseline 0.002 -15"><span class='ocrx_word' id='word_1_787' title='bbox 1970 4299 2133 4361; x_wconf 86' lang='lat' dir='ltr'><strong>Suppl.</strong></span> <span class='ocrx_word' id='word_1_788' title='bbox 2170 4299 2485 4362; x_wconf 69' lang='lat' dir='ltr'><strong>traginentum</strong></span> <span class='ocrx_word' id='word_1_789' title='bbox 2513 4306 2590 4349; x_wconf 82' lang='grc'><strong>61.</strong></span> 
     </span>
    </p>
   </div>
   <div class='ocr_carea' id='block_1_13' title="bbox 2703 4408 2791 4458">
    <p class='ocr_par' dir='ltr' id='par_1_13' title="bbox 2703 4408 2791 4458">
     <span class='ocr_line' id='line_1_94' title="bbox 2703 4408 2791 4458; baseline -0.011 0"><span class='ocrx_word' id='word_1_790' title='bbox 2703 4408 2791 4458; x_wconf 83' lang='grc'><strong>60.</strong></span> 
     </span>
    </p>
   </div>
   <div class='ocr_carea' id='block_1_14' title="bbox 1969 4506 3526 5340">
    <p class='ocr_par' dir='ltr' id='par_1_14' title="bbox 1969 4506 3526 5340">
     <span class='ocr_line' id='line_1_95' title="bbox 2032 4506 3523 4569; baseline -0.001 -13"><span class='ocrx_word' id='word_1_791' title='bbox 2032 4508 2221 4557; x_wconf 86' lang='lat' dir='ltr'><strong>Titulus</strong></span> <span class='ocrx_word' id='word_1_792' title='bbox 2242 4508 2292 4557; x_wconf 92' lang='lat' dir='ltr'><strong>in</strong></span> <span class='ocrx_word' id='word_1_793' title='bbox 2314 4507 2423 4557; x_wconf 86' lang='lat' dir='ltr'><strong>cod.</strong></span> <span class='ocrx_word' id='word_1_794' title='bbox 2448 4508 2594 4557; x_wconf 84' lang='lat' dir='ltr'><strong>Paris.</strong></span> <span class='ocrx_word' id='word_1_795' title='bbox 2630 4507 2791 4556; x_wconf 88' lang='lat' dir='ltr'><strong>nullus</strong></span> <span class='ocrx_word' id='word_1_796' title='bbox 2808 4509 2899 4559; x_wconf 84' lang='lat' dir='ltr'><strong>est.</strong></span> <span class='ocrx_word' id='word_1_797' title='bbox 2922 4510 2976 4556; x_wconf 89' lang='lat' dir='ltr'><strong>ln</strong></span> <span class='ocrx_word' id='word_1_798' title='bbox 3007 4506 3282 4569; x_wconf 76' lang='lat' dir='ltr'><strong>apographo</strong></span> <span class='ocrx_word' id='word_1_799' title='bbox 3303 4507 3523 4558; x_wconf 80' lang='lat' dir='ltr'><strong>Gudiano</strong></span> 
     </span>
     <span class='ocr_line' id='line_1_96' title="bbox 1970 4576 3523 4640; baseline 0.001 -15"><span class='ocrx_word' id='word_1_800' title='bbox 1970 4577 2213 4639; x_wconf 89' lang='lat' dir='ltr'><strong>in-criptio</strong></span> <span class='ocrx_word' id='word_1_801' title='bbox 2226 4592 2285 4627; x_wconf 83' lang='lat' dir='ltr'><strong>ex</strong></span> <span class='ocrx_word' id='word_1_802' title='bbox 2306 4581 2589 4640; x_wconf 82' lang='lat' dir='ltr'><strong>argumento</strong></span> <span class='ocrx_word' id='word_1_803' title='bbox 2602 4576 2843 4639; x_wconf 82' lang='lat' dir='ltr'><strong>tragminis</strong></span> <span class='ocrx_word' id='word_1_804' title='bbox 2861 4577 3008 4638; x_wconf 85' lang='lat' dir='ltr'><strong>petita</strong></span> <span class='ocrx_word' id='word_1_805' title='bbox 3020 4578 3095 4627; x_wconf 79' lang='lat' dir='ltr'><strong>est</strong></span> <span class='ocrx_word' id='word_1_806' title='bbox 3111 4576 3216 4626; x_wconf 71' lang='lat' dir='ltr'><strong>inec</strong></span> <span class='ocrx_word' id='word_1_807' title='bbox 3236 4596 3250 4626; x_wconf 72' lang='grc' dir='ltr'>ι</span> <span class='ocrx_word' id='word_1_808' title='bbox 3271 4576 3523 4639; x_wconf 78' lang='grc' dir='ltr'>Ἀναγραφὴ</span> 
     </span>
     <span class='ocr_line' id='line_1_97' title="bbox 1969 4646 3521 4711; baseline 0.001 -16"><span class='ocrx_word' id='word_1_809' title='bbox 1969 4652 2054 4695; x_wconf 84' lang='grc' dir='ltr'>τοῦ</span> <span class='ocrx_word' id='word_1_810' title='bbox 2076 4648 2251 4706; x_wconf 83' lang='grc' dir='ltr'>Πηλίου</span> <span class='ocrx_word' id='word_1_811' title='bbox 2274 4648 2422 4710; x_wconf 77' lang='grc' dir='ltr'>ὄρους.</span> <span class='ocrx_word' id='word_1_812' title='bbox 2442 4676 2504 4688; x_wconf 85' lang='grc'><strong>-</strong></span> <span class='ocrx_word' id='word_1_813' title='bbox 2523 4646 2838 4711; x_wconf 77' lang='grc' dir='ltr'>δένδραξχον]</span> <span class='ocrx_word' id='word_1_814' title='bbox 2857 4648 2901 4696; x_wconf 80' lang='grc' dir='ltr'><strong>δ.</strong></span> <span class='ocrx_word' id='word_1_815' title='bbox 2920 4646 3042 4710; x_wconf 73' lang='grc' dir='ltr'>ἔχων</span> <span class='ocrx_word' id='word_1_816' title='bbox 3061 4646 3250 4697; x_wconf 77' lang='lat' dir='ltr'><strong>cod.—</strong></span> <span class='ocrx_word' id='word_1_817' title='bbox 3270 4647 3521 4711; x_wconf 78' lang='grc' dir='ltr'>πόλεως]</span> 
     </span>
     <span class='ocr_line' id='line_1_98' title="bbox 1970 4716 3523 4779; baseline 0.001 -15"><span class='ocrx_word' id='word_1_818' title='bbox 1970 4729 2039 4764; x_wconf 90' lang='lat' dir='ltr'><strong>sc.</strong></span> <span class='ocrx_word' id='word_1_819' title='bbox 2067 4728 2097 4765; x_wconf 89' lang='lat' dir='ltr'><strong>a</strong></span> <span class='ocrx_word' id='word_1_820' title='bbox 2113 4716 2416 4766; x_wconf 85' lang='lat' dir='ltr'><strong>Demetriade</strong></span> <span class='ocrx_word' id='word_1_821' title='bbox 2433 4717 2550 4765; x_wconf 88' lang='lat' dir='ltr'><strong>urbe</strong></span> <span class='ocrx_word' id='word_1_822' title='bbox 2561 4752 2576 4777; x_wconf 92' lang='lat'><strong>,</strong></span> <span class='ocrx_word' id='word_1_823' title='bbox 2597 4717 2657 4766; x_wconf 90' lang='lat' dir='ltr'><strong>de</strong></span> <span class='ocrx_word' id='word_1_824' title='bbox 2670 4717 2830 4779; x_wconf 87' lang='lat' dir='ltr'><strong>quain</strong></span> <span class='ocrx_word' id='word_1_825' title='bbox 2849 4716 3238 4766; x_wconf 83' lang='lat' dir='ltr'><strong>antecedentibus</strong></span> <span class='ocrx_word' id='word_1_826' title='bbox 3255 4730 3523 4767; x_wconf 79' lang='lat' dir='ltr'><strong>sennonem</strong></span> 
     </span>
     <span class='ocr_line' id='line_1_99' title="bbox 1973 4782 3525 4850; baseline 0.001 -17"><span class='ocrx_word' id='word_1_827' title='bbox 1973 4784 2118 4835; x_wconf 79' lang='lat' dir='ltr'><strong>fuisse</strong></span> <span class='ocrx_word' id='word_1_828' title='bbox 2159 4788 2290 4847; x_wconf 86' lang='lat' dir='ltr'><strong>patet</strong></span> <span class='ocrx_word' id='word_1_829' title='bbox 2311 4799 2338 4835; x_wconf 90' lang='lat' dir='ltr'><strong>e</strong></span> <span class='ocrx_word' id='word_1_830' title='bbox 2359 4785 2453 4834; x_wconf 82' lang='lat' dir='ltr'><strong>fine</strong></span> <span class='ocrx_word' id='word_1_831' title='bbox 2487 4784 2759 4848; x_wconf 75' lang='lat' dir='ltr'><strong>fragmenti.</strong></span> <span class='ocrx_word' id='word_1_832' title='bbox 2789 4812 2854 4824; x_wconf 95' lang='lat'>—</span> <span class='ocrx_word' id='word_1_833' title='bbox 2886 4793 2914 4835; x_wconf 81' lang='lat'>2</span> <span class='ocrx_word' id='word_1_834' title='bbox 2942 4786 3088 4850; x_wconf 78' lang='grc' dir='ltr'>ὕλης]</span> <span class='ocrx_word' id='word_1_835' title='bbox 3112 4788 3199 4845; x_wconf 68' lang='grc' dir='ltr'><strong>ὑλὴ</strong></span> <span class='ocrx_word' id='word_1_836' title='bbox 3231 4785 3439 4836; x_wconf 86' lang='lat' dir='ltr'><strong>Gudian.</strong></span> <span class='ocrx_word' id='word_1_837' title='bbox 3461 4782 3525 4828; x_wconf 82' lang='lat'><strong>·—&#39;</strong></span> 
     </span>
     <span class='ocr_line' id='line_1_100' title="bbox 1972 4854 3523 4920; baseline 0.001 -16"><span class='ocrx_word' id='word_1_838' title='bbox 1972 4854 2359 4920; x_wconf 78' lang='grc' dir='ltr'>σφένδαμνον]</span> <span class='ocrx_word' id='word_1_839' title='bbox 2375 4855 2737 4918; x_wconf 62' lang='grc' dir='ltr'>σφέδαμονιιοὰ.</span> <span class='ocrx_word' id='word_1_840' title='bbox 2758 4856 2906 4907; x_wconf 79' lang='lat' dir='ltr'><strong>Paris.</strong></span> <span class='ocrx_word' id='word_1_841' title='bbox 2927 4882 2991 4892; x_wconf 93' lang='lat'>—</span> <span class='ocrx_word' id='word_1_842' title='bbox 3009 4864 3054 4906; x_wconf 77' lang='grc'><strong>3.</strong></span> <span class='ocrx_word' id='word_1_843' title='bbox 3078 4859 3108 4920; x_wconf 85' lang='grc' dir='ltr'>β</span> <span class='ocrx_word' id='word_1_844' title='bbox 3123 4856 3300 4915; x_wconf 83' lang='grc' dir='ltr'>οτάνη</span> <span class='ocrx_word' id='word_1_845' title='bbox 3319 4856 3338 4920; x_wconf 88' lang='grc'>]</span> <span class='ocrx_word' id='word_1_846' title='bbox 3356 4857 3523 4919; x_wconf 73' lang='grc' dir='ltr'>χειρώ-</span> 
     </span>
     <span class='ocr_line' id='line_1_101' title="bbox 1970 4925 3521 4989; baseline 0.002 -16"><span class='ocrx_word' id='word_1_847' title='bbox 1970 4942 2067 4974; x_wconf 89' lang='grc' dir='ltr'>νιον</span> <span class='ocrx_word' id='word_1_848' title='bbox 2093 4925 2359 4987; x_wconf 86' lang='lat' dir='ltr'><strong>appellatur</strong></span> <span class='ocrx_word' id='word_1_849' title='bbox 2390 4937 2467 4987; x_wconf 90' lang='lat' dir='ltr'><strong>ap.</strong></span> <span class='ocrx_word' id='word_1_850' title='bbox 2488 4925 2808 4989; x_wconf 78' lang='lat' dir='ltr'><strong>Theophrast.</strong></span> <span class='ocrx_word' id='word_1_851' title='bbox 2838 4930 2896 4976; x_wconf 79' lang='lat' dir='ltr'><strong>u.</strong></span> <span class='ocrx_word' id='word_1_852' title='bbox 2921 4926 2989 4976; x_wconf 87' lang='lat' dir='ltr'><strong>Pl.</strong></span> <span class='ocrx_word' id='word_1_853' title='bbox 3025 4930 3074 4975; x_wconf 90' lang='lat' dir='ltr'><strong>et</strong></span> <span class='ocrx_word' id='word_1_854' title='bbox 3095 4928 3312 4977; x_wconf 83' lang='lat' dir='ltr'><strong>Dioscor.</strong></span> <span class='ocrx_word' id='word_1_855' title='bbox 3343 4930 3410 4976; x_wconf 86' lang='lat' dir='ltr'><strong>lli</strong></span> <span class='ocrx_word' id='word_1_856' title='bbox 3427 4963 3442 4987; x_wconf 90' lang='lat'>‚</span> <span class='ocrx_word' id='word_1_857' title='bbox 3465 4931 3521 4976; x_wconf 69' lang='grc'><strong>57</strong></span> 
     </span>
     <span class='ocr_line' id='line_1_102' title="bbox 1972 4994 3522 5060; baseline 0.002 -18"><span class='ocrx_word' id='word_1_858' title='bbox 1972 4998 2022 5043; x_wconf 87' lang='lat' dir='ltr'><strong>et</strong></span> <span class='ocrx_word' id='word_1_859' title='bbox 2044 4994 2334 5043; x_wconf 73' lang='lat' dir='ltr'><strong>Nicandrum</strong></span> <span class='ocrx_word' id='word_1_860' title='bbox 2360 4995 2504 5045; x_wconf 81' lang='lat' dir='ltr'><strong>Ther.</strong></span> <span class='ocrx_word' id='word_1_861' title='bbox 2532 5000 2645 5046; x_wconf 72' lang='lat'><strong>505.</strong></span> <span class='ocrx_word' id='word_1_862' title='bbox 2669 5026 2731 5037; x_wconf 90' lang='lat'><strong>—</strong></span> <span class='ocrx_word' id='word_1_863' title='bbox 2757 4998 2858 5059; x_wconf 75' lang='grc' dir='ltr'>ῥίζα</span> <span class='ocrx_word' id='word_1_864' title='bbox 2875 4998 3060 5060; x_wconf 81' lang='grc' dir='ltr'>δένδρου</span> <span class='ocrx_word' id='word_1_865' title='bbox 3082 4996 3163 5060; x_wconf 66' lang='lat' dir='ltr'><strong>M.</strong></span> <span class='ocrx_word' id='word_1_866' title='bbox 3183 4997 3224 5046; x_wconf 80' lang='grc' dir='ltr'><strong>δ’</strong></span> <span class='ocrx_word' id='word_1_867' title='bbox 3254 4998 3396 5059; x_wconf 54' lang='lat' dir='ltr'><strong>nepos»</strong></span> <span class='ocrx_word' id='word_1_868' title='bbox 3418 4998 3522 5045; x_wconf 87' lang='lat' dir='ltr'><strong>Gu-</strong></span> 
     </span>
     <span class='ocr_line' id='line_1_103' title="bbox 1972 5061 3522 5128; baseline 0.002 -17"><span class='ocrx_word' id='word_1_869' title='bbox 1972 5061 2130 5123; x_wconf 86' lang='lat' dir='ltr'><strong>dian.;</strong></span> <span class='ocrx_word' id='word_1_870' title='bbox 2158 5064 2340 5126; x_wconf 73' lang='grc' dir='ltr'>ὀὲνδρου</span> <span class='ocrx_word' id='word_1_871' title='bbox 2366 5064 2467 5126; x_wconf 68' lang='lat' dir='ltr'><strong>iam</strong></span> <span class='ocrx_word' id='word_1_872' title='bbox 2486 5065 2749 5116; x_wconf 82' lang='lat' dir='ltr'><strong>Salmasius</strong></span> <span class='ocrx_word' id='word_1_873' title='bbox 2789 5068 3075 5117; x_wconf 84' lang='lat' dir='ltr'><strong>restituerat.</strong></span> <span class='ocrx_word' id='word_1_874' title='bbox 3102 5067 3212 5116; x_wconf 86' lang='lat' dir='ltr'><strong>Vim</strong></span> <span class='ocrx_word' id='word_1_875' title='bbox 3245 5064 3421 5128; x_wconf 65' lang='lat' dir='ltr'><strong>plantae</strong></span> <span class='ocrx_word' id='word_1_876' title='bbox 3445 5066 3522 5115; x_wconf 77' lang='lat' dir='ltr'><strong>vei</strong></span> 
     </span>
     <span class='ocr_line' id='line_1_104' title="bbox 1974 5132 3526 5198; baseline 0.001 -16"><span class='ocrx_word' id='word_1_877' title='bbox 1974 5132 2157 5182; x_wconf 76' lang='lat' dir='ltr'><strong>fruticis</strong></span> <span class='ocrx_word' id='word_1_878' title='bbox 2170 5170 2184 5193; x_wconf 90' lang='lat'><strong>,</strong></span> <span class='ocrx_word' id='word_1_879' title='bbox 2200 5146 2345 5196; x_wconf 87' lang='lat' dir='ltr'><strong>quam</strong></span> <span class='ocrx_word' id='word_1_880' title='bbox 2360 5146 2489 5183; x_wconf 91' lang='lat' dir='ltr'><strong>nunc</strong></span> <span class='ocrx_word' id='word_1_881' title='bbox 2507 5136 2689 5198; x_wconf 65' lang='grc' dir='ltr'>δένδρον</span> <span class='ocrx_word' id='word_1_882' title='bbox 2708 5141 2960 5198; x_wconf 72' lang='lat' dir='ltr'><strong>exceiptor</strong></span> <span class='ocrx_word' id='word_1_883' title='bbox 2973 5137 3118 5198; x_wconf 89' lang='lat' dir='ltr'><strong>dicit,</strong></span> <span class='ocrx_word' id='word_1_884' title='bbox 3139 5138 3187 5184; x_wconf 90' lang='lat' dir='ltr'><strong>in</strong></span> <span class='ocrx_word' id='word_1_885' title='bbox 3207 5136 3368 5184; x_wconf 83' lang='lat' dir='ltr'><strong>radice</strong></span> <span class='ocrx_word' id='word_1_886' title='bbox 3385 5134 3526 5184; x_wconf 75' lang='lat' dir='ltr'><strong>tuisse</strong></span> 
     </span>
     <span class='ocr_line' id='line_1_105' title="bbox 1974 5203 3526 5264; baseline 0.003 -14"><span class='ocrx_word' id='word_1_887' title='bbox 1974 5203 2215 5264; x_wconf 83' lang='lat' dir='ltr'><strong>colligitur</strong></span> <span class='ocrx_word' id='word_1_888' title='bbox 2252 5216 2312 5252; x_wconf 76' lang='lat' dir='ltr'><strong>ex</strong></span> <span class='ocrx_word' id='word_1_889' title='bbox 2354 5203 2592 5254; x_wconf 77' lang='lat' dir='ltr'><strong>Nicandro</strong></span> <span class='ocrx_word' id='word_1_890' title='bbox 2625 5206 2658 5254; x_wconf 90' lang='lat' dir='ltr'><strong>l.</strong></span> <span class='ocrx_word' id='word_1_891' title='bbox 2701 5206 2733 5254; x_wconf 91' lang='lat' dir='ltr'><strong>l.</strong></span> <span class='ocrx_word' id='word_1_892' title='bbox 2779 5210 3006 5256; x_wconf 75' lang='lat' dir='ltr'><strong>ceterum</strong></span> <span class='ocrx_word' id='word_1_893' title='bbox 3043 5206 3225 5254; x_wconf 81' lang='lat' dir='ltr'><strong>hiulcat</strong></span> <span class='ocrx_word' id='word_1_894' title='bbox 3257 5203 3425 5255; x_wconf 82' lang='lat' dir='ltr'><strong>oratio.</strong></span> <span class='ocrx_word' id='word_1_895' title='bbox 3461 5232 3526 5246; x_wconf 90' lang='lat'>-</span> 
     </span>
     <span class='ocr_line' id='line_1_106' title="bbox 1974 5270 3526 5340; baseline 0.002 -19"><span class='ocrx_word' id='word_1_896' title='bbox 1974 5272 2190 5334; x_wconf 74' lang='grc' dir='ltr'>δήγματα</span> <span class='ocrx_word' id='word_1_897' title='bbox 2226 5275 2398 5324; x_wconf 74' lang='grc' dir='ltr'>δοκεῖ</span> <span class='ocrx_word' id='word_1_898' title='bbox 2432 5273 2675 5337; x_wconf 75' lang='grc' dir='ltr'>ἂπὲχειν</span> <span class='ocrx_word' id='word_1_899' title='bbox 2711 5276 2819 5335; x_wconf 71' lang='lat' dir='ltr'><strong>(vel</strong></span> <span class='ocrx_word' id='word_1_900' title='bbox 2853 5277 3046 5340; x_wconf 70' lang='grc' dir='ltr'>εἵργειν)</span> <span class='ocrx_word' id='word_1_901' title='bbox 3082 5270 3334 5340; x_wconf 73' lang='grc' dir='ltr'>ἐπικ.]5ἰο</span> <span class='ocrx_word' id='word_1_902' title='bbox 3359 5274 3526 5336; x_wconf 75' lang='lat' dir='ltr'><strong>scripsi</strong></span> 
     </span>
    </p>
   </div>
  </div>
 </body>
</html>
