4016 5916
1237 463 1330 521 82.

588 609 784 665 Cicero
830 606 881 663 Τ
885 609 1054 664 uscul.
1102 610 1158 676 1,
1211 626 1278 662 10
1325 626 1338 662 ι
1407 610 1769 662 Aristoxenus
1826 608 2062 664 musicus

512 697 766 768 idemque
802 694 1167 770 philosophus
1208 698 1377 767 ipsius
1425 699 1668 768 corporis
1707 698 2059 749 intentionem

508 783 789 854 quandam
830 788 1077 836 animant
1129 800 1244 836 esse
1287 783 1437 834 dixit
1461 801 1484 848 ,·
1505 782 1666 836 velut
1711 786 1769 835 in
1815 793 1979 835 cantu
2006 794 2062 835 ct

499 867 739 940 fidibus,
776 888 911 943 quoe,
934 870 1226 923 harmonia
1253 870 1465 934 dicitur,
1503 873 1585 922 sic
1612 887 1687 922 ex
1713 873 1949 941 corporis
1977 880 2061 922 to-

509 960 615 1008 tius
648 967 851 1009 natura
883 967 940 1010 ct
953 956 1141 1027 figura
1159 959 1349 1009 varios
1384 965 1560 1010 motus
1583 959 1743 1021 cieri,
1777 967 2057 1027 tamquam

511 1047 568 1095 in
587 1054 754 1096 cantu
776 1060 957 1098 sonos.

588 1129 678 1183 ld.
708 1129 847 1184 ibid.
880 1149 893 1183 :
930 1130 1036 1182 Hic
1067 1132 1422 1184 Aristoxenus
1458 1130 1529 1183 ab
1563 1128 1796 1200 artificio
1830 1147 1928 1181 suo
1949 1147 2058 1184 non

509 1223 750 1286 recessit,
784 1230 839 1272 et
866 1230 1050 1272 tamen
1068 1220 1217 1272 dioeit
1238 1217 1474 1290 aliquid,
1518 1216 1666 1289 quod
1690 1220 1866 1288 ipsum
1896 1218 2061 1289 quale

508 1316 668 1371 esset,
728 1317 849 1358 erat
895 1308 1066 1359 multo
1111 1316 1242 1358 ante
1278 1305 1483 1358 dictum
1521 1314 1577 1357 et
1621 1304 1982 1376 explanatum
2021 1322 2060 1356 a

509 1391 743 1445 Platone
774 1389 870 1465 (in
894 1391 1083 1447 Phaed.
1108 1409 1171 1465 p.
1206 1389 1467 1464 390-392
1498 1388 1535 1465 ).

586 1477 673 1534 Id.
695 1477 774 1535 ib.
795 1497 846 1534 e.
874 1476 940 1532 18
965 1497 978 1531 z
1012 1477 1392 1532 Dicet-archum
1412 1496 1544 1532 vero
1564 1496 1683 1531 cum
1704 1480 2048 1544 AristoxenO,

507 1567 719 1638 (equali
746 1577 800 1619 et
825 1566 1195 1640 condiscipulo
1232 1584 1352 1628 suo,
1392 1565 1576 1619 doctos
1601 1583 1737 1619 sane
1770 1563 2019 1619 homines
2041 1606 2056 1632 ‚

506 1657 877 1706 omittamus:
914 1672 1015 1725 quc
998 1672 1135 1707 rum
1171 1654 1317 1706 alter
1354 1671 1423 1706 ne
1462 1652 1799 1706 condoluisse
1838 1652 2057 1725 quidem

507 1756 750 1810 unquam
782 1738 1015 1804 videtur,
1061 1742 1155 1811 qui
1188 1743 1439 1792 animam
1462 1756 1522 1792 se
1558 1738 1765 1793 babere
1798 1757 1907 1792 non
1943 1757 2061 1793 sen-

511 1831 643 1892 tiat,·
670 1828 818 1880 alter
836 1830 915 1880 ita
937 1827 1241 1880 delectatur
1251 1830 1361 1879 suis
1384 1827 1662 1893 cantibus,
1694 1839 1757 1881 ut
1770 1845 1862 1882 eos
1886 1831 2057 1881 etiam

509 1915 591 1967 ad
608 1913 732 1968 lecec
761 1911 1062 1985 transfirre
1091 1926 1334 1969 conetur.
1374 1916 1745 1969 Harmoniam
1772 1926 1956 1969 autem
1984 1933 2061 1972 ex

506 2007 673 2056 intem
662 2002 807 2055 allis
831 2020 1082 2057 sonorum
1116 2019 1274 2056 nosse
1293 2019 1611 2075 possumus,
1644 2020 1867 2074 quorum
1890 2006 2059 2056 varia

506 2093 822 2163 compositio
845 2094 1013 2144 etiam
1050 2087 1376 2145 harmonias
1404 2086 1585 2163 elficit
1608 2090 1848 2162 plures:
1884 2107 2056 2144 mem·

506 2179 720 2232 brorum
744 2194 878 2231 vero
895 2182 1033 2231 situs
1053 2188 1109 2232 et
1114 2178 1314 2250 figura
1330 2180 1586 2250 corporis,
1619 2194 1834 2231 vacans
1849 2181 2046 2243 animo,

504 2283 669 2335 quam
693 2268 872 2337 possit
900 2264 1249 2318 harmoniam
1287 2260 1512 2336 efficere
1524 2305 1539 2332 ,
1581 2282 1690 2319 non
1721 2264 1933 2319 video:
1962 2265 2062 2318 sed

509 2350 604 2405 hic
640 2351 857 2424 quidem
904 2355 1155 2424 quamvis
1188 2353 1433 2406 eruditus
1474 2357 1571 2420 sit,
1610 2356 1754 2404 sicut
1774 2362 1884 2416 est,
1933 2350 2058 2404 hoec

508 2444 772 2512 magistro
789 2439 1060 2494 concedat
1082 2439 1414 2493 Aristoteli.-
1444 2455 1646 2492 canere
1667 2442 1782 2510 ipse
1804 2437 2013 2491 doceat.

587 2527 912 2581 Lactantius
926 2526 1107 2581 Instit.
1136 2525 1263 2579 Div.
1299 2526 1431 2594 VII,
1470 2524 1580 2580 ι3.
1618 2524 2059 2596 (ὶαίάΑνῐμςιοπε

503 2632 606 2667 nus
620 2615 757 2686 i’qui
773 2631 951 2684 negas·
953 2616 998 2665 it
1014 2618 1237 2666 omnino
1260 2612 1433 2666 ullam
1458 2630 1575 2666 esse
1591 2618 1856 2677 animam,
1886 2615 2056 2664 etiam

502 2701 633 2755 dum
661 2703 866 2755 vivitin
890 2717 1136 2774 corpore,
1172 2699 1275 2753 sed
1303 2704 1447 2753 sicut
1470 2703 1526 2752 in
1536 2698 1757 2772 fidibus
1781 2716 1856 2751 ex
1874 2701 2058 2751 inten-

508 2791 656 2842 tione
678 2805 806 2840 nen·
808 2805 959 2841 orum
979 2783 1136 2857 ‹fffici
1152 2786 1471 2842 concordem
1506 2803 1695 2840 sonum
1734 2796 1899 2856 atque
1919 2801 2057 2837 can-

505 2885 648 2938 tum,
686 2891 843 2946 quem
870 2879 1061 2927 musici
1082 2873 1428 2929 harmoniam
1466 2884 1704 2940 vocant5
1740 2876 1821 2926 ita
1850 2877 1907 2925 in
1937 2889 2055 2926 cor-

497 2961 721 3032 poribus
734 2981 806 3015 ex
824 2979 1089 3036 compage
1110 2966 1383 3016 viscerum
1402 2979 1471 3016 ac
1486 2965 1683 3035 vigore
1701 2958 2084 3016 membrorum

503 3052 623 3100 vim
643 3048 916 3101 sentiendi
938 3052 1214 3102 exsistere.
1253 3048 1374 3119 Quo
1404 3046 1555 3103 nihil
1575 3049 1691 3102 dici
1709 3049 1935 3102 delirius
1947 3067 2055 3122 po·

503 3146 543 3187 tt
546 3145 625 3190 ·.st

582 3219 744 3275 Idem
794 3223 881 3276 De
943 3218 1098 3294 Opis.
1140 3223 1248 3275 Dei
1298 3239 1349 3278 c.
1404 3222 1473 3276 X
1471 3224 1555 3276 ΙΙ
1612 3241 1630 3274 :
1684 3221 1844 3276 Illud
1874 3235 2057 3276 autem

501 3326 632 3362 cai-e
688 3325 759 3363 ne
808 3328 1046 3382 unquam
1097 3311 1283 3363 simile
1340 3314 1467 3364 veri
1532 3314 1811 3382 putassetis
1826 3350 1841 3375 ,
1914 3311 2065 3382 quod

501 3399 861 3450 Aristoxenus
891 3395 1073 3462 dixit,
1125 3407 1359 3450 mentem
1397 3402 1619 3451 omnino
1663 3397 1875 3450 nullam
1917 3414 2046 3463 esse,

499 3485 602 3538 sed
632 3489 793 3556 quasi
830 3482 1185 3537 harmoniam
1221 3488 1278 3537 in
1298 3481 1520 3556 fidibus
1558 3503 1632 3539 er
1666 3488 2060 3539 constructione

500 3575 741 3645 corporis
786 3582 843 3625 et
884 3571 1237 3645 compagibus
1296 3576 1568 3626 viscerum
1619 3576 1733 3626 vini
1788 3571 2058 3625 sentiendi

501 3661 778 3713 exsistere.
827 3657 1030 3712 blusici
1054 3662 1198 3712 enim
1240 3662 1591 3715 intentionem
1638 3670 2059 3731 concentumque

501 3763 784 3800 nemorum
827 3749 885 3799 in
924 3751 1169 3819 integros
1204 3747 1393 3802 modos
1427 3753 1549 3803 sine
1582 3750 1700 3801 ulla
1745 3743 2057 3833 ofsensione

499 3837 911 3888 consonantium
954 3834 1304 3890 harmoniam
1354 3817 1582 3893 vocanf.
1644 3837 1851 3890 Volunt
1891 3830 2062 3906 igitur

499 3938 742 3975 ammum
778 3923 952 3975 simili
992 3926 1211 3976 ratione
1251 3934 1502 3976 constare
1541 3927 1601 3977 in
1646 3920 1892 3988 homine,
1944 3940 2058 3993 qua

498 4013 736 4081 corporis
750 4012 996 4083 partium
1002 4009 1186 4082 firma
1207 4013 1544 4080 conjunctio,
1592 4009 2057 4081 membrorumque

497 4099 736 4150 omnium
780 4101 1116 4150 consentiens
1154 4100 1213 4150 in
1248 4112 1417 4150 unum
1455 4099 1625 4171 vigor
1656 4107 1862 4150 motum
1899 4096 2053 4149 illum

498 4182 813 4238 sensibilem
843 4183 1059 4253 saciat,
1132 4188 1484 4256 animumque
1533 4189 1847 4250 concinnet,
1900 4187 2044 4236 sicut

988 4349 1551 4411 COMMENTLRH

1232 4469 1321 4519 83.

565 4564 875 4614 Aristoxenus
906 4565 956 4614 in
995 4565 1242 4616 Historicis
1276 4564 1634 4614 commentariis
1669 4564 1763 4626 ait,
1789 4564 2052 4614 Democriti

500 4642 884 4701 commentaria,
908 4655 1021 4704 quae
1042 4643 1264 4704 oolligere
1297 4640 1538 4704 potuerit,
1564 4641 1812 4691 Platonem
1845 4642 2055 4692 voluisse

503 4718 822 4770 comburere.
848 4733 1019 4770 verum
1043 4720 1105 4771 ab
1124 4720 1324 4783 Amycia
1341 4722 1390 4770 et
1410 4720 1566 4770 Clinia
1586 4721 1891 4784 Pythagoreis
1911 4722 2056 4771 fuisse

501 4792 829 4857 prohibitum,
845 4796 963 4845 nihil
978 4796 1029 4846 id
1041 4798 1214 4848 afferre
1235 4797 1456 4847 utilitatis
1474 4794 1811 4860 ‹ficentibu83
1792 4812 1893 4861 Jam
1924 4800 2054 4849 enim

502 4870 591 4919 hos
610 4869 757 4919 libros
782 4870 912 4933 apud
930 4872 1185 4937 plerosque
1205 4874 1405 4924 servari.

1232 4974 1320 5025 84.

565 5062 773 5116 Odorem
787 5079 848 5118 ex
873 5071 985 5119 cute
998 5071 1317 5132 gratissimum
1344 5070 1525 5122 efflasse
1551 5070 1879 5123 Alexandrum
1895 5074 1988 5137 M„
2004 5085 2059 5123 οε

1598 4349 2107 5121 ἱ

1637 329 2099 390 AsslsToxENl
2138 325 2557 387 TARENTINI

2153 466 2304 515 nervi
2323 462 2458 516 bene
2485 463 2678 515 intenti
2702 462 3108 532 conspirantem
3130 478 3341 520 sonum.
3371 462 3446 516 Et
3458 466 3624 518 sicuti
3649 469 3717 519 in

2143 548 2349 620 fidibus
2364 589 2382 622 ,
2424 566 2587 621 quum
2629 546 2850 619 aliquid
2888 557 2991 600 aut
3041 551 3403 621 interruptum
3439 560 3542 603 aut
3557 552 3713 605 rela-

2145 647 2340 690 xatum
2371 647 2453 690 est
2462 677 2477 703 ,
2523 639 2706 696 ,omnis
2744 634 2984 688 canendi
3016 638 3162 691 ratio
3202 636 3453 690 turbatur
3494 648 3550 691 et
3580 640 3711 692 sol-

2148 728 2312 791 vitur,
2338 728 2416 778 ita
2433 725 2488 776 in
2506 739 2748 794 corpore,
2781 739 2944 795 quum
2957 740 3098 795 pars
3113 724 3310 796 aliqua
3338 725 3710 781 membrorum

2147 812 2371 865 duxerit
2423 815 2625 864 vitium
2641 848 2660 875 ‚
2725 809 2933 863 destrui
2995 814 3269 876 uniuersa,
3330 815 3714 886 corruptisque

2147 898 2399 952 omnibus
2421 908 2587 970 atque
2608 894 2863 961 turbatis,
2911 898 3163 951 occidere
3194 915 3439 966 sensum,
3463 917 3710 974 eamque

2149 997 2373 1040 mortem
2401 988 2613 1039 vocari.
2648 1005 2672 1031 υ

2879 1067 2971 1124 83.

2445 1188 2805 1247 ΙΣΤΟΡΙΚΑ
2848 1187 3406 1248 ΥΠΟΜΝΗΜΑΤΑ.

2225 1312 2394 1385 Diog.
2423 1312 2607 1366 Laert.
2641 1309 2757 1380 lx,
2795 1316 2869 1375 4ο
2900 1328 2914 1364 :
2942 1304 3286 1385 Ἀριστόξενος
3306 1306 3356 1363 ἐν
3383 1306 3489 1372 τοῖς
3525 1305 3708 1366 Ἱστο-

2151 1403 2305 1475 ρικοῖς
2331 1394 2670 1472 ὑπομνήμασι
2699 1395 2856 1476 φησὶ,
2881 1394 3144 1455 Πλάτωνα
3169 1396 3384 1464 θελῆσαι
3411 1393 3708 1475 συμφλέξαι

2149 1481 2215 1539 τὰ
2244 1481 2576 1560 Δημοκρίτου
2618 1482 3038 1588 συγγράμματα,
3067 1479 3238 1540 ὁπόσα
3268 1481 3499 1553 ἠδυνήθη
3544 1504 3706 1540 συνα-

2146 1570 2342 1647 γαγεῖν.
2369 1568 2630 1644 Ἀμύκλαν
2661 1569 2713 1628 δὲ
2752 1592 2843 1627 και
2885 1567 3127 1628 Κλεινίαν
3160 1567 3277 1636 τους
3310 1570 3707 1646 Πυθαγορικοὺς

2148 1658 2382 1714 κωλῦσαι
2427 1655 2601 1728 αὐτὸν,
2639 1659 2707 1723 ὥς
2746 1652 2890 1713 οὐδὲν
2925 1653 3132 1734 ὄφελος·
3174 1652 3317 1733 παρὰ
3356 1655 3563 1720 πολλοῖς
3596 1653 3704 1734 γὰρ

2150 1733 2280 1801 εἶναι
2302 1742 2368 1801 τὰ
2391 1741 2569 1822 βιὸλία
2597 1743 2722 1816 ἤδη.
2874 1833 2908 1888 3

2914 1838 2970 1897 [ι-

2227 1944 2513 2002 Plutarch.
2541 1946 2846 2005 Alexandr.
2869 1948 2947 2001 M.
2978 1964 3028 2000 c.
3064 1950 3138 2010 4:
3164 1937 3296 2004 Ὅτι
3315 1940 3370 2001 δὲ
3387 1965 3475 2001 του
3495 1942 3708 2022 χρωτὸς

2146 2029 2354 2101 ἥδιστον
2397 2029 2641 2104 ἀπέπνει,
2686 2031 2777 2090 καὶ
2815 2030 2875 2089 τὸ
2904 2029 3075 2106 στόμα
3114 2037 3354 2110 κατεῖχεν
3389 2031 3573 2088 εὐωδία
3603 2030 3704 2088 καὶ

2147 2116 2242 2188 τὴν
2273 2116 2443 2197 σάρκα
2465 2127 2661 2190 πᾶσαν,
2690 2116 2827 2176 ὥστε
2853 2119 3177 2195 πληροῦσθαι
3195 2114 3313 2181 τους
3331 2113 3698 2194 χιτωνίσκους,

2149 2200 2442 2279 ἀνέγνωμεν
2473 2205 2524 2262 ἓν
2552 2202 2957 2280 Ὑπομνήμασιν
2983 2199 3408 2279 ’.Αριστοξενείοις

2225 2291 2478 2347 Eadem
2463 2311 2524 2346 m
2547 2293 2750 2348 Mox-al.
2777 2309 2837 2365 p.
2868 2289 3015 2361 623,
3040 2292 3119 2360 E,
3146 2308 3444 2364 suppresso
3467 2290 3704 2346 nomine

2149 2379 2490 2435 Aristoxeni.

2293 2492 2390 2550 ΤΑ
2436 2492 2644 2552 ΚΑΤΑ
2685 2492 2940 2552 ΒΡΑΧΥ
2974 2490 3541 2551 ΥΠΟΜΝΗΜΑΤΑ.

2869 2605 2964 2663 85.

2227 2712 2521 2767 Athenaeus
2563 2713 2721 2783 XIV,
2768 2711 2902 2785 619,
2946 2714 3027 2782 D,
3064 2710 3135 2766 de
3175 2711 3509 2785 Harpalyce.
3555 2711 3705 2768 Vide

2148 2797 2468 2873 srag1n.72.

2876 2890 2972 2948 86.

2417 3011 2827 3073 ΣΥΜΜΙΚΤΑ
2856 3012 3430 3075 ΥΠΟΜΝΗΜΑΤΑ.

2224 3133 2569 3209 Porphyrius
2599 3134 2815 3191 Comm.
2853 3135 2914 3190 in
2942 3136 3089 3191 Ptol.
3129 3138 3402 3195 Hannon.
3439 3155 3496 3208 p.
3508 3135 3701 3238 ..²⁵7²

2149 3219 2215 3279 ‘O
2249 3217 2344 3295 μέν
2371 3242 2449 3278 τοι
2484 3218 2825 3299 Ἀριστόξενος
2853 3220 3203 3299 ἄληπτότερον
3231 3222 3326 3278 οὐκ
3353 3221 3439 3279 ἐπὶ
3474 3223 3575 3279 τῶν
3601 3222 3702 3301 ψό-

2148 3330 2256 3387 φων
2287 3307 2570 3379 πεποίηται
2595 3305 2682 3365 τὸν
2706 3306 2882 3385 λόγον,
2909 3308 3024 3365 ἀλλ’
3052 3308 3138 3367 ἐπὶ
3162 3310 3254 3377 τῆς
3273 3330 3443 3388 φωνης
3459 3307 3524 3379 ἣν
3547 3313 3703 3385 ἡμεῖς

2146 3394 2455 3474 προϊέμεθα,
2503 3398 2577 3475 τῷ
2620 3393 2890 3473 λέγεσθαι,
2939 3394 3080 3462 τινὰς
3122 3394 3314 3476 ψόφους
3353 3393 3699 3475 υπερὸάλλειν

2146 3480 2239 3554 τὴν
2287 3481 2548 3561 ἡμετέραν
2598 3481 2758 3553 ἀκοὴν
2811 3481 2902 3540 καὶ
2941 3482 3026 3541 διὰ
3076 3505 3225 3542 τουτο
3275 3480 3383 3588 μὴω
3394 3480 3700 3557 ἅκουεσθαι,

2145 3573 2214 3636 ὣς
2241 3568 2584 3647 ἐπιδείξομεν·
2613 3570 2671 3628 οὗ
2715 3568 2817 3646 μὴν
2853 3566 2988 3628 ἀλλὰ
3027 3568 3117 3628 καὶ
3153 3568 3274 3650 περὶ
3318 3573 3408 3639 τ’ῆς
3439 3568 3700 3650 ἡμετέρας

2146 3678 2315 3735 φωνης
2341 3656 2431 3715 καὶ
2457 3659 2614 3729 ἀκοης
2647 3655 2949 3734 ποιούμενος
2975 3655 3063 3716 τὸν
3090 3656 3241 3733 λόγον
3272 3658 3323 3715 ἐν
3343 3654 3436 3733 μὲν
3464 3655 3565 3714 τινὶ
3590 3661 3698 3716 τῶν

2146 3743 2468 3820 Συμμίκτων
2497 3743 2886 3821 ὑπομνημάτων
2915 3743 3043 3825 φησὶ
3079 3743 3138 3802 τὸ
3173 3743 3411 3821 μέγιστον
3439 3741 3531 3801 καὶ
3563 3744 3699 3803 ἑλοί-

2143 3853 2323 3910 χιστον
2369 3828 2628 3907 διαστημα
2672 3831 2985 3898 υπεναντίως
3021 3830 3158 3909 ἔχειν
3197 3835 3261 3908 τῇ
3305 3829 3518 3905 δυνάμει
3561 3830 3697 3909 πρὸς

2142 3917 2234 3987 τὴν
2255 3916 2493 4011 αἴσθησιν
2522 3921 2691 3993 ἡμῶν.
2717 3920 2946 3975 Causam
2969 3919 3134 3991 hujus
3157 3921 3237 3975 rei
3255 3916 3501 3990 subjicit,
3527 3921 3694 3991 quod

2145 4008 2202 4061 in
2214 4026 2421 4081 magno
2434 4008 2727 4063 intervallo
2741 4009 3033 4080 loquentes
3049 4009 3209 4062 citius
3224 4003 3502 4061 deficimus
3517 4023 3693 4078 quam

2142 4094 2459 4163 audienteS,
2492 4095 2552 4148 in
2583 4112 2759 4168 parvo
2790 4104 2975 4149 autem
3004 4096 3300 4150 sentientes
3334 4093 3487 4165 prius
3516 4110 3692 4165 quam

2141 4180 2512 4237 modulantes».

2139 4346 2244 4407 ejus
2262 4347 2516 4410 totumque
2533 4358 2706 4410 corpus
2719 4345 2976 4398 reddidisse
2993 4346 3296 4410 fragrantiam
3308 4382 3323 4408 ,
3339 4358 3485 4409 quam
3503 4344 3696 4396 interio-

2140 4438 2216 4475 res
2225 4424 2403 4475 tunicae
2422 4424 2709 4488 retinebant,
2729 4425 2776 4475 in
2800 4424 3167 4476 Commentariis
3184 4425 3454 4476 Aristoxeni
3471 4423 3694 4488 legimus.

2869 4518 2959 4570 86.

2203 4607 2513 4658 Aristoxenus
2562 4608 2795 4658 rationem
2841 4608 3183 4672 imperoeptam
3232 4621 3330 4657 non
3366 4607 3415 4657 in
3459 4607 3698 4657 sonitibus

2142 4683 2301 4747 ponit,
2327 4682 2408 4734 sed
2445 4684 2495 4733 in
2518 4696 2639 4735 voce
2657 4697 2805 4746 quam
2839 4697 2929 4735 nos
2953 4684 3245 4747 emittimusg
3265 4683 3430 4735 dicens
3460 4684 3697 4747 quosdam

2140 4763 2323 4813 sonitus
2344 4776 2568 4826 superare
2585 4762 2805 4814 auditum
2826 4765 3043 4814 nostrum
3063 4766 3114 4815 et
3129 4764 3383 4827 propterea
3399 4776 3498 4813 non
3517 4762 3698 4815 audiri.

2143 4842 2204 4889 nt
2230 4852 2345 4890 vero
2379 4839 2442 4890 de
2479 4843 2645 4891 nostra
2668 4853 2788 4891 voce
2827 4844 2878 4891 et
2910 4841 3079 4892 auditu
3105 4840 3354 4904 disputans
3390 4839 3443 4890 in
3482 4838 3698 4903 quodam

2141 4915 2554 4968 miscellaneorum
2578 4918 3042 4969 commentariorum
3068 4917 3163 4981 alt,
3185 4917 3454 4967 maximum
3476 4918 3526 4967 et
3551 4917 3698 4967 mini-

2142 5008 2278 5045 mum
2301 4993 2609 5047 intervallum
2644 5009 2696 5048 se
2731 4996 3059 5048 subcontrario
3097 4996 3240 5047 modo
3266 4996 3444 5046 habere
3467 4995 3700 5059 potentia

2142 5072 2202 5125 ad
2228 5085 2418 5123 sensum
2441 5074 2677 5126 nostrum.
