4016 5916
1698 436 2166 499 FRAGMENTA
2178 480 2192 494 .

339 576 534 631 Venet.
567 581 649 628 est
676 589 693 627 ε
718 566 854 650 Περὶ
882 569 1170 645 μουσικῶν,
1199 570 1289 625 cui
1314 568 1647 627 Dindorfius
1667 568 1890 626 addidit

336 678 540 811 ἕΐοοῖιέι
578 654 810 734 ἀγώνων.
851 659 919 725 In
959 657 1178 714 Aldinis
1218 668 1298 714 est
1324 653 1459 735 Περὶ
1490 657 1756 731 μουσικῆς.
1798 657 1880 715 Cf.

417 834 608 888 Partes
631 830 796 905 hujus
821 832 1008 905 operis
1034 830 1309 906 designari
1334 840 1473 905 puta
1502 831 1677 886 titulis
1706 848 1721 885 :
1756 827 1888 907 Περὶ
1950 879 1964 889 .

339 918 692 978 Διονυσιακῶν
754 914 996 995 ἀγώνων,
1054 914 1455 987 Παναθηναῖκὸς
1512 916 1630 993 (SC
1678 913 1816 992 ἀγών
1844 915 1889 995 )2

342 1002 690 1082 Ὀλυμπικός.
1115 1095 1146 1153 5

1074 1105 1105 1165 4
1151 1139 1167 1154 .

534 1218 718 1277 ΠΕΡΙ
760 1214 1289 1277 ΔΙΟΝΥΣΙΑΚΩΝ
1345 1214 1683 1275 ΑΓΩΝΩΝ.

422 1338 609 1395 Schol.
637 1337 916 1412 Aristoph.
943 1339 1085 1394 ΛΠ.
1123 1334 1269 1401 1403
1298 1350 1314 1392 ε
1339 1330 1671 1411 Ἀντίπατρος
1702 1330 1755 1389 δὲ
1800 1331 1891 1389 καὶ

346 1422 627 1505 Εὗφρόνιος
669 1424 722 1482 ἕν
771 1430 877 1490 τοῖς
917 1420 1295 1499 ’Υπομνήμασί
1338 1443 1466 1502 φασι
1503 1418 1621 1486 τοὺς
1658 1419 1892 1486 κυκλίους

341 1512 531 1592 χοροὺς
568 1515 757 1582 στῆσαι
796 1513 1001 1589 πρῶτον
1044 1514 1221 1569 Λᾶσον
1265 1506 1352 1567 τὸν
1394 1505 1707 1586 Ἑρμιονέα,
1748 1509 1797 1565 οἱ
1838 1506 1892 1565 δὲ

346 1595 673 1679 ἀρχαιότεροι
720 1596 1026 1663 Ἑλλάνικος
1070 1595 1167 1655 καὶ
1207 1594 1526 1675 Δικαίαρχος
1558 1592 1761 1673 Ἀρίονα
1805 1592 1893 1652 τὸν

345 1685 710 1762 Μηθυμναῖον,
735 1684 1051 1765 Δικαίαρχος
1070 1682 1165 1762 μὶν
1194 1685 1246 1742 ἰν
1265 1686 1340 1764 τῷ
1367 1681 1501 1761 Περὶ
1526 1685 1882 1742 Διονυσιακῶν

343 1767 581 1848 ἀγώνων,
611 1768 921 1837 Ἑλλάνικος
948 1768 1005 1829 δὲ
1033 1772 1086 1829 ἔν
1104 1773 1211 1838 τοῖς
1233 1766 1602 1851 Καρνεονίκαις
1632 1769 1889 1848 (Κραναϊ-

341 1866 449 1927 κοῖς
476 1872 533 1918 et
558 1858 870 1939 Καρναῖκοῖς
897 1861 1027 1916 libri
1050 1860 1092 1937 ).

809 2083 1441 2146 ΠΑΝΑΘΗΝΑΙΚΟΣ.

422 2208 609 2265 Schol.
637 2207 806 2262 Arist.
836 2207 1007 2281 Vesp.
1048 2203 1158 2273 544
1195 2223 1211 2260 2
1243 2201 1337 2263 Ἐν
1364 2208 1471 2268 τοῖς
1505 2200 1893 2271 Παναθηναίοις

344 2292 395 2349 ol
422 2289 657 2371 γέροντες
696 2288 912 2356 θαλλοὺς
951 2289 1155 2369 ἔχοντες
1193 2288 1556 2367 ἰπόμπευον...
1605 2287 1674 2350 Ὁ
1716 2287 1891 2366 μέντοι

344 2377 667 2457 Δικαίαρχος
696 2378 747 2436 ὃν
772 2379 849 2458 τῷ
878 2378 1269 2457 Παναθηναῖκῷ
1289 2377 1384 2435 οὗκ
1405 2365 1522 2433 οἶδα
1541 2374 1594 2444 ἒξ
1620 2374 1739 2434 ὅτου
1756 2374 1886 2434 ποτε

344 2463 438 2524 καὶ
464 2462 560 2532 τὰς
577 2467 735 2544 γραῦς
757 2465 811 2523 ἔν
835 2463 943 2532 τοῖς
963 2460 1346 2535 Παναθηναίοις
1367 2461 1619 2543 ὑπείληφε
1641 2462 1894 2541 θαλλοφο·

346 2555 476 2632 ρεῗν,
498 2542 703 2611 πολλῶν
730 2548 976 2622 ἀλλήλοις
1016 2548 1403 2629 ὁμολογούντων
1432 2546 1552 2627 περὶ
1578 2553 1669 2607 τοῦ
1701 2547 1886 2626 μόνους

344 2638 465 2707 τοὺς
491 2636 785 2719 πρεσὸότας
819 2637 1151 2720 θαλλοφορεῗν
1165 2679 1182 2709 ,
1226 2635 1557 2715 Ξενοφῶντος
1595 2634 1690 2713 μὲν
1732 2637 1784 2693 ἕν
1814 2639 1889 2713 τῶ

345 2724 634 2893 Σέμτὲιὲσὶίῳ
681 2725 754 2805 (4
774 2768 792 2800 ,
846 2725 991 2804 17),
1022 2723 1337 2803 ,Φιλοχόρου
1386 2720 1441 2781 δὲ
1483 2723 1537 2780 ἔν
1577 2727 1642 2802 τῇ
1684 2720 1895 2801 δευτέρα

346 2813 365 2895 ί
589 2857 606 2875 ο
1071 2914 1163 2982 47·

883 3034 1359 3096 ΟΛΥΜΠΙΚΟΣ.

426 3170 722 3227 Athenaeus
740 3169 896 3239 XIV,
920 3186 980 3243 p.
1004 3167 1140 3240 620,
1158 3171 1210 3224 D
1233 3187 1247 3223 z
1269 3162 1407 3231 Τοὺς
1422 3164 1465 3223 δ’
1491 3163 1901 3243 Ἐμπεδοκλέους

345 3253 645 3335 καθαρμοὺς
676 3253 1039 3337 ἰρραψῴδησεν
1073 3250 1403 3331 Ὀλυμπίασι
1434 3251 1733 3329 Κλεομένης
1755 3256 1782 3312 ὁ
1807 3258 1900 3334 ρα-

348 3341 543 3424 ψῳδὸς,
568 3339 638 3408 ῶς
660 3364 786 3425 φησι
810 3340 1131 3423 Δικαίαρχος
1154 3343 1208 3400 ἐν
1233 3343 1307 3421 τῷ
1334 3338 1675 3421 Ὀλυμπικῷ.

428 3581 635 3636 Praeter
670 3580 867 3636 citatos
902 3573 1116 3653 ἀγώνων
1150 3576 1343 3632 titulos
1375 3577 1533 3633 tuisse
1555 3577 1720 3646 alios,
1751 3595 1900 3651 quo-

348 3685 476 3722 rum
500 3668 717 3724 mentio
754 3684 909 3722 nunc
937 3664 1306 3734 desideratur,
1337 3674 1769 3720 consentaneum
1797 3676 1898 3721 est.

348 3756 548 3829 Itaque
589 3772 714 3829 quae
756 3764 1070 3828 sequuntur
1108 3751 1419 3827 fragmenta
1459 3751 1533 3806 ad
1572 3751 1723 3822 idem
1770 3749 1904 3830 Περὶ

354 3842 614 3917 μουσικῶν
644 3835 859 3918 ἀγώνων
896 3858 1040 3915 opus
1068 3857 1181 3895 esse
1207 3837 1503 3895 reserenda
1533 3838 1897 3895 crediderim.

348 3931 702 4004 Quamquam
746 3927 872 3985 fieri
916 3928 1077 3985 facile
1118 3928 1310 4001 potuit
1348 3936 1413 3982 ut
1458 3926 1566 3982 alia
1610 3928 1902 4001 complura

354 4036 527 4093 opera
547 4017 619 4073 de
646 4016 815 4073 rebus
835 4017 1058 4072 musicis
1074 4057 1090 4085 ,
1124 4014 1195 4071 de
1225 4014 1411 4070 choris
1434 4025 1490 4070 et
1519 4014 1905 4070 saltationibus

353 4104 709 4180 Dicaearchus
735 4103 1145 4178 composuerit,
1183 4119 1306 4176 quae
1330 4100 1685 4156 subindicare
1724 4100 1905 4156 videri

551 4357 653 4418 DE
692 4271 1706 4444 Bacqtllcls⁴glsltTAMlNlssle.

420 4464 665 4530 Antipater
677 4469 727 4517 et
742 4465 1044 4529 Euphronius
1059 4465 1110 4515 in
1126 4464 1495 4517 commentariis
1510 4463 1680 4515 dicunt
1701 4464 1907 4527 cyclicus

357 4542 530 4593 choros
557 4541 767 4606 primum
780 4543 1035 4593 instituisse
1052 4545 1227 4593 Lasum
1244 4542 1650 4605 tlemuonensem,
1670 4541 1903 4604 antiquio·

359 4634 435 4671 res
448 4634 566 4671 vem
577 4657 594 4684 ,
615 4623 671 4672 ut
689 4622 963 4672 Hellanicus
975 4623 1024 4670 et
1040 4620 1371 4680 Dicaearchus,
1398 4620 1560 4670 arioni
1584 4620 1906 4683 Methymnaeo

354 4694 408 4745 id
423 4695 692 4759 vindicant,
714 4696 1019 4747 Dicaearchus
1034 4694 1213 4745 scilicet
1230 4694 1278 4744 in
1296 4694 1419 4745 libro
1443 4697 1513 4746 De
1535 4694 1779 4747 Bacchicis
1800 4706 1905 4745 cer·

354 4772 616 4823 taminibus
630 4809 646 4835 ,
670 4772 943 4824 Hellanicus
955 4772 1118 4822 autem
1140 4771 1191 4821 in
1212 4770 1532 4822 carneonicis.

1093 4861 1183 4913 46.

804 4960 1460 5023 PANATHENAICUS.

424 5072 753 5122 Panatheuaeis
783 5084 920 5122 senes
951 5069 1139 5122 stondes
1157 5070 1400 5134 oleaginas
1415 5069 1652 5133 gestantes
1686 5081 1908 5132 pompam

358 5149 618 5201 ducebant.
633 5149 938 5201 Dicaearchus
953 5152 1116 5200 tamen
1135 5149 1185 5199 in
1202 5147 1569 5210 Panathenaico,
1583 5146 1744 5197 nescio
1762 5147 1907 5204 unde,

3415 456 3529 509 249

1975 572 2150 644 possit
2175 571 2504 627 Plutarchus
2543 573 2671 627 Non
2701 591 2860 645 posse
2887 592 3039 630 suav.
3071 592 3182 629 vm
3212 594 3323 637 sec.
3375 579 3529 652 Epic.

1976 674 2038 731 p.
2079 657 2246 732 1096,
2273 659 2347 727 B,
2376 657 2475 712 ubi
2499 658 2617 713 haec
2651 678 2664 713 ε
2703 660 2858 725 Ποῖος
2884 656 2985 738 γὰρ
3014 657 3077 716 ἂν
3103 659 3259 727 αὐλὸς
3282 660 3318 733 ἢ
3344 664 3533 743 κιθάρα

1978 740 2334 823 διηρμοσμένη
2368 741 2495 823 πρὸς
2532 741 2693 824 ᾠδὴν,
2717 742 2752 816 ἤ
2776 767 2852 811 τις
2872 744 3024 825 χορὸς

2071 872 2289 937 Εΰρύοπα
2302 873 2494 923 κέλαδον
2509 873 2782 939 ἀκροσόφων
2802 875 3054 938 ἀγνύμενον
3077 876 3155 926 διὰ
3186 878 3442 955 στομάτων

1980 984 2352 1066 φθεγγόμενος,
2380 984 2541 1053 οὕτως
2568 985 2828 1068 ηὕφρανεν
2851 987 3165 1070 Ἐπίκουρον
3191 990 3282 1049 καὶ
3311 992 3526 1073 Μητρό-

1980 1074 2165 1154 δωρον,
2187 1076 2260 1141 ὡς
2286 1072 2613 1153 Ἀριστοτέλη
2636 1077 2727 1133 καὶ
2746 1074 3082 1157 Θεόφραστον
3107 1077 3199 1136 καὶ
3220 1075 3530 1159 Ἱερώνυμον

1978 1159 2068 1219 καὶ
2096 1160 2417 1241 Δικαίαρχον
2440 1162 2487 1219 οἱ
2511 1161 2631 1240 περὶ
2671 1165 2844 1242 χορῶν
2871 1161 3016 1241 λόγοι
3043 1163 3133 1223 καὶ
3162 1166 3529 1244 διδασκαλίαι,

1978 1246 2158 1305 καὶτὰ
2191 1248 2257 1305 δι’
2297 1250 2469 1307 αὐλῶν
2497 1242 2860 1327 προόλτζματα
2879 1251 2969 1308 καὶ
3004 1254 3209 1332 ῥυθμῶν
3246 1253 3337 1311 καὶ
3365 1253 3532 1334 ἅρμο-

1979 1336 2127 1406 νιῶν;
2172 1323 2276 1393 οἷον
2331 1333 2416 1391 διὰ
2468 1332 2519 1392 τί
2575 1338 2677 1393 τῶν
2733 1335 2860 1394 ίσων
2919 1339 3091 1395 αὐλῶν
3149 1341 3177 1397 ὀ
3243 1340 3533 1422 στενότερος

1984 1420 2263 1502 βαρύτερον
2295 1420 2599 1501 φθέγγεται·
2629 1421 2717 1480 καὶ
2742 1420 2828 1480 διὰ
2858 1422 2910 1480 τί
2927 1467 2942 1495 ,
2967 1427 3061 1494 τῆς
3108 1422 3346 1504 σύριγγος
3398 1429 3531 1485 ἀνα-

1980 1508 2275 1586 σπωμένης,
2296 1517 2453 1567 πᾶσιν
2474 1507 2703 1577 ὀξύνεται
2726 1518 2830 1577 τοῖς
2846 1510 3108 1591 φθόγγοις,
3124 1512 3427 1591 κλινομένης
3452 1514 3529 1591 δὲ,

1979 1597 2138 1655 πάλιν
2162 1594 2404 1678 βαρύνει,
2438 1596 2530 1656 καὶ
2566 1598 2837 1677 συναχθεὶς
2863 1598 2990 1678 πρὸς
3017 1597 3106 1658 τὸν
3133 1596 3306 1680 ἕτερον
3336 1601 3527 1685 [βαρύ·

1980 1706 2126 1764 τερον
2145 1684 2169 1763 ]
2188 1730 2205 1761 ,
2235 1683 2461 1764 διαχθεὶς
2484 1683 2529 1741 δ’
2569 1683 2805 1765 ὀξύτερον
2834 1688 2985 1765 ἠχεῖ·
3009 1684 3101 1745 καὶ
3128 1685 3179 1745 τί
3202 1684 3396 1759 δήποτε
3427 1693 3532 1749 τῶν

1982 1771 2211 1852 θεάτρων
2253 1768 2317 1829 ἂν
2369 1769 2542 1850 ἄχυρα
2587 1775 2681 1843 τῆς
2721 1772 3015 1853 ὀρχήστρας
3059 1776 3457 1857 κατασκεδάσῃς
3493 1775 3529 1848 ἢ

1984 1864 2134 1939 χοῦν,
2171 1862 2200 1918 ὁ
2239 1857 2364 1925 λαὸς
2391 1859 2705 1939 τυφλοῦται·
2734 1861 2825 1918 καὶ
2856 1864 3089 1941 χαλκοῦν
3117 1860 3446 1944 Ἀλέξανδρον
3479 1867 3533 1923 ἐν

1991 1946 2171 2026 Πέλλῃ
2214 1945 2522 2023 βουλόμενον
2545 1950 2764 2018 ποιῆσαι
2796 1948 2855 2008 τὸ
2880 1948 3211 2029 προσκήνιον,
3244 1952 3337 2010 οὐκ
3359 1950 3530 2012 εἴασεν

1983 2037 2012 2093 ὀ
2038 2032 2305 2114 τεχνίτης,
2333 2036 2404 2101 ὣς
2441 2034 2809 2115 διαφθεροῦντα
2844 2038 2946 2095 τῶν
2975 2038 3269 2117 ὑποκριτῶν
3298 2036 3393 2111 τὴν
3423 2063 3530 2121 ιρω·

1981 2120 2074 2193 νήν
2093 2144 2108 2158 ·
2136 2119 2226 2179 καὶ
2252 2120 2305 2179 τί
2337 2120 2528 2190 δήποτε
2556 2125 2661 2180 τῶν
2687 2125 2850 2200 γενῶν
2880 2125 3053 2202 διαχεῖ
3078 2122 3138 2182 τὸ
3167 2128 3529 2205 χρωματικὸν,

1981 2213 2014 2280 ἡ
2041 2209 2084 2267 δ’
2104 2206 2327 2289 ἁρμονία
2348 2206 2666 2281 συνίστησιν.
2692 2213 2950 2286 Denique
2973 2212 3146 2269 verba
3167 2215 3452 2271 Ciceronis
3474 2219 3532 2272 in

1980 2300 2087 2373 Ep.
2119 2297 2190 2354 ad
2214 2302 2331 2355 Att.
2354 2298 2538 2368 xm,
2581 2299 2654 2355 32
2681 2316 2697 2357 z
2730 2325 2755 2349 ιι
2793 2297 3162 2379 Τριπολιτικὺν
3185 2320 3293 2358 non
3322 2307 3534 2360 invenio

1979 2398 2039 2442 et
2069 2388 2358 2461 epistolam
2385 2392 2535 2457 ejus,
2573 2406 2739 2461 quam
2766 2390 2849 2443 ad
2870 2390 3256 2444 Aristoxenum
3286 2396 3460 2459 misit,
3503 2418 3527 2440 υ

1981 2474 2055 2531 de
2088 2475 2322 2548 epistola
2361 2493 2484 2548 qnae
2523 2473 2595 2530 de
2632 2475 2800 2532 rebus
2836 2477 3056 2532 musicis
3094 2477 3263 2533 suerit
3299 2479 3534 2556 intelligi

1980 2573 2230 2636 possunt.
2265 2564 2525 2618 Attamen
2562 2564 2752 2618 malim
2797 2563 2869 2619 de
2917 2576 3246 2639 argumento
3286 2567 3534 2643 cogitare

1981 2650 2094 2719 illi,
2130 2649 2288 2723 quod
2314 2647 2669 2728 Τριπολιτικῷ
2713 2649 2970 2719 suberat,
3014 2652 3269 2723 assimili,
3302 2652 3375 2708 de
3415 2671 3533 2729 quo

1984 2737 2211 2793 sortasse
2245 2746 2544 2811 propterea
2578 2735 2650 2792 ad
2678 2737 3073 2793 Aristoxenum
3100 2740 3372 2794 musicum
3393 2742 3535 2795 scri-

1922 2888 1929 2893 ,
1982 2826 2125 2899 psit,
2178 2823 2338 2897 quod
2391 2822 2707 2879 doctrinam
2748 2823 2821 2880 de
2860 2825 3145 2881 elementis
3197 2826 3537 2882 harmonicis

1985 2911 2496 2970 accommodaverit
2543 2910 2617 2967 ad
2669 2912 2942 2968 rationem
2985 2930 3095 2986 qua
3144 2913 3205 2968 in
3252 2908 3536 2979 πολιτείαις

1985 3001 2258 3056 elementa
2303 2999 2430 3053 vitae
2470 2998 2709 3071 publica
2757 2998 3120 3072 temperanda
3166 3018 3279 3056 esse
3323 3002 3531 3057 statuit.

1985 3086 2151 3146 Certe
2183 3087 2381 3160 saepius
2407 3103 2536 3140 eum
2559 3095 2678 3140 tum
2711 3086 2767 3139 in
2794 3086 3038 3158 politicis
3058 3096 3175 3141 tum
3202 3088 3261 3141 in
3281 3088 3537 3161 philoso-
3591 3131 3606 3144 .

1983 3175 2165 3249 phicis
2202 3173 2276 3228 ad
2301 3173 2569 3228 musicam
2605 3172 2923 3229 doctrinam
2960 3173 3261 3247 respexisse
3286 3185 3441 3248 patet
3467 3193 3537 3230 ex

1987 3262 2054 3316 iis
2079 3277 2207 3333 quae
2233 3260 2498 3334 leguntur
2525 3260 2583 3314 in
2615 3257 2724 3338 Βίῳ
2747 3256 3003 3325 Ἑλλάδος
3032 3259 3160 3337 (ap.
3190 3261 3429 3319 Varron.
3459 3264 3533 3317 R.

1987 3350 2057 3404 R.
2085 3349 2112 3402 1
2131 3388 2148 3418 ,
2189 3365 2223 3402 a
2254 3364 2269 3404 ε
2307 3346 2380 3401 sr.
2415 3344 2505 3422 5),
2532 3347 2632 3403 ubi
2669 3358 2957 3422 pastorum
2984 3349 3154 3403 vitam
3182 3353 3536 3418 incentivam,

1987 3434 2357 3511 agricolarum
2381 3439 2742 3489 stoecente‘vam
2771 3452 2884 3490 esse
2910 3434 3048 3491 dicit
3064 3476 3081 3504 ,
3111 3444 3280 3507 atque
3301 3436 3360 3489 in
3383 3434 3539 3490 libris

1993 3519 2127 3601 Περὶ
2156 3521 2327 3598 ψυχῆς
2355 3519 2373 3595 (
2395 3539 2486 3594 ap.
2522 3522 2838 3578 Nemesium
2860 3523 2946 3577 De
2971 3532 3089 3578 nat.
3113 3522 3267 3578 hom.
3291 3540 3352 3595 p.
3385 3521 3532 3597 68),

1990 3610 2089 3667 ubi
2126 3610 2321 3664 animae
2350 3610 2682 3682 compositio
2712 3626 2839 3663 cum
2867 3609 3109 3664 mixtura
3136 3609 3537 3682 symphoniaca

1992 3697 2399 3752 elementorum
2446 3696 2786 3750 musicorum
2818 3705 3196 3768 comparatur.
3239 3695 3326 3752 Cf.
3369 3696 3538 3751 etiam

1989 3783 2059 3841 fr.
2092 3802 2188 3855 27.

2709 3878 2802 3943 48.

2070 4015 2365 4070 Athenaeus
2389 4015 2443 4084 1,
2459 4033 2521 4088 p.
2545 4034 2564 4069 1
2579 4021 2633 4086 4,
2650 4015 2702 4070 D
2730 4032 2745 4068 z
2772 4011 2913 4089 (Ἰῖς
2932 4008 3017 4069 διὰ
3039 4013 3129 4083 τῆς
3143 4009 3362 4092 σφαίρας
3381 4011 3542 4092 ὀρχή-

1994 4099 2154 4180 σεως)
2178 4099 2271 4170 τὴν
2310 4097 2507 4180 εὕρεσιν
2535 4097 2774 4178 Ἀγαλλὶς
2802 4102 2839 4172 ἡ
2869 4096 3170 4181 Κερκυραία
3192 4096 3540 4179 γραμματικὴ

1995 4267 2168 4317 statuit
2195 4268 2342 4317 etiam
2375 4269 2562 4317 vetulas
2583 4267 2774 4316 frondes
2806 4268 3038 4330 gestasse,
3074 4278 3367 4329 quamquam
3403 4264 3541 4313 multi

1995 4344 2344 4395 consentientes
2370 4344 2495 4394 inter
2515 4358 2566 4394 se
2596 4343 2656 4394 de
2686 4343 2878 4394 senibus
2913 4345 3101 4392 tantum
3137 4341 3541 4405 tliallophorislo-

1993 4424 2227 4485 quantur,
2251 4424 2322 4472 uti
2353 4424 2616 4486 Xenophon
2631 4422 2683 4472 tn
2704 4422 2954 4486 Symposio
2977 4424 3027 4472 et
3042 4420 3361 4472 Philochorus
3381 4420 3434 4470 in
3460 4422 3544 4471 At-

1995 4499 2139 4550 thidis
2157 4499 2278 4550 libro
2294 4499 2521 4551 secundo.

2709 4580 2799 4634 ⁴⁷.

2537 4688 2998 4752 OLYMPICUS.

2059 4820 2360 4884 Empedoclis
2379 4820 2590 4870 carmina
2607 4820 2824 4870 lustralia
2848 4818 3120 4868 decantavit
3147 4817 3383 4881 Olympioe
3408 4820 3545 4870 Cleo·

1998 4914 2160 4951 menes
2181 4900 2442 4964 rhapsodus
2457 4936 2473 4961 ,
2497 4903 2554 4951 nt
2570 4900 2638 4950 ait
2663 4899 3028 4951 Diwardiusin
3055 4898 3328 4962 Olympico.

2062 5067 2226 5119 Pilaris
2245 5067 2508 5117 saltationis
2543 4984 2864 5117 inventioffem
2885 5065 3086 5128 Agallis,
3112 5069 3367 5128 corcyraea
3388 5077 3546 5127 gram·

1997 5147 2201 5210 matica,
2235 5145 2479 5197 Nausicaae
2496 5144 2690 5206 tribuit,
2703 5142 2926 5209 populari
2942 5156 3042 5193 sua}
3061 5143 3286 5192 nimirum
3304 5141 3547 5206 gratifica·
