4016 5916
496 360 608 412 242

1674 351 2106 414 DICAEARCHI
2147 354 2497 417 MESSENll

493 483 686 542 λιτικὸν
714 504 824 541 non
846 489 1061 540 invem'o
1087 496 1141 539 et
1162 486 1467 559 Epistolam
1490 491 1609 557 ejus
1635 506 1800 560 quam
1823 488 1906 542 ad
1918 491 2047 542 An·-
2135 491 2433 549 arbitratus
2489 505 2597 565 est,
2661 493 2805 572 γένος
2858 498 3237 578 Δικαιαρχικόν
3301 523 3690 583 nuncupatur,

492 585 780 628 sto-tenum
805 576 974 629 misit.
1076 604 1082 610 ·

1224 647 1319 704 23.

573 763 869 827 Athenaeus
886 764 960 818 lv
973 803 988 830 ,
1006 780 1064 834 p.
1089 780 1110 815 1
1123 767 1151 825 ί.
1168 779 1215 829 1,
1231 762 1281 816 A
1306 780 1317 815 :
1344 756 1476 837 Περὶ
1493 757 1546 817 δὲ
1564 764 1654 817 τοῦ
1669 764 1771 818 τῶν
1791 762 2046 841 φειδιτίων

496 845 699 904 δείπνου
725 846 1039 924 Δικαίαρχος
1078 843 1202 902 τάδε
1230 847 1422 925 ἱστορεῖ
1451 847 1503 903 ἐν
1545 850 1618 924 τῷ
1646 847 2047 929 ἐπιγραφομένῳ

493 917 870 1012 Τριπολιτικῷ·
902 960 924 985 ιι
954 935 1029 992 Τὸ
1053 932 1256 990 δεῖπνον
1298 936 1505 1010 πρῶτον
1530 933 1625 1009 μὲν
1651 935 1871 1014 ἑκάστῳ·
1888 938 2047 1015 χωρὶς

497 1018 900 1098 παρατιθέμενον
919 1018 1008 1077 καὶ
1028 1018 1154 1098 πρὸς
1171 1017 1339 1096 ἕτερον
1357 1019 1625 1077 κοινωνίαν
1647 1022 1888 1097 οὐδεμίαν
1905 1021 2043 1101 ἔχον·

493 1097 605 1163 εἶτα
644 1112 816 1183 μᾶζαν
847 1106 940 1183 μὲν
986 1106 1111 1177 ὅσην
1154 1104 1216 1163 ἂν
1259 1104 1476 1172 ἕκαστος
1510 1098 1546 1185 ᾖ
1588 1107 1924 1186 βουλόμενος,
1955 1113 2046 1169 καὶ

491 1194 626 1251 πιεῖν
653 1192 841 1264 πάλιν,
865 1192 988 1251 ὅταν
1012 1184 1047 1271 ᾖ
1077 1191 1260 1269 θυμὸς,
1286 1192 1494 1273 ἑκάστῳ
1514 1191 1694 1252 κώθων
1718 1198 2042 1274 παρακείμε-

491 1302 572 1346 νος
609 1279 763 1338 ἐστίν·
802 1279 925 1360 ὄψον
958 1278 1010 1337 δὲ
1029 1278 1215 1337 ταύτὸν
1241 1278 1322 1336 ἀεί
1349 1302 1474 1338 ποτε
1503 1279 1662 1338 πᾶσίν
1702 1284 1871 1355 ἐστιν,
1910 1283 2044 1343 ὕειον

490 1366 642 1445 κρέας
680 1365 860 1446 ἐφθόνε
910 1365 1070 1425 ε’νίοτε
1118 1367 1163 1425 δ’
1213 1367 1321 1424 οὐδ’
1348 1369 1612 1442 ὁτιμενοῦν
1642 1367 1780 1439 πλὴν
1826 1369 1952 1450 ὄψον
1993 1395 2044 1429 τι

492 1454 674 1532 μικρὸν
704 1453 821 1533 ἔχον
849 1453 1077 1531 σταθμὸν
1106 1457 1174 1520 ὡς
1211 1452 1454 1534 τέταρτον
1491 1455 1666 1532 [μνᾶς
1705 1458 1836 1516 add.
1880 1460 2041 1537 Cas‚]

493 1540 748 1615 μάλιστα,
787 1541 875 1599 καὶ
912 1538 1058 1619 παρὰ
1086 1544 1237 1597 τοῦτο
1258 1539 1436 1619 ’ἕτερον
1465 1538 1608 1598 οὐδὲν
1637 1540 1774 1613 πλὴν
1796 1544 1826 1599 δ
1852 1567 1909 1621 γε
1939 1545 2044 1601 ἀπὸ

490 1627 685 1684 τούτων
715 1626 883 1703 ζωμὸς
899 1670 917 1703 ,
949 1626 1124 1693 ἱκανὸς
1146 1623 1218 1683 ὧν
1244 1626 1389 1706 παρὰ
1412 1637 1517 1686 πᾶν
1546 1627 1605 1686 τὸ
1630 1629 1834 1689 δεῖπνον
1871 1630 2044 1688 ἅπαν-

490 1736 583 1779 τας
617 1711 801 1781 αὐτοὺς
828 1714 1231 1794 παραπέμπειν·
1277 1713 1373 1772 κᾶν
1404 1714 1505 1794 ἄρα
1548 1716 1678 1774 ἐλάα
1706 1741 1783 1784 τις
1823 1715 1857 1789 ἢ
1895 1719 2044 1798 τυρὸς

492 1799 526 1870 ἢ
552 1806 721 1860 σῦκον.
749 1800 905 1859 Ἀλλὰ
926 1801 1023 1859 κᾶν
1044 1826 1095 1860 τι
1115 1801 1343 1860 λάὸωσιν
1366 1802 1664 1881 ἐπιδόσιμον
1679 1848 1694 1876 ,
1715 1804 1861 1883 ἰχθὺν
1896 1804 1930 1876 ἢ
1952 1809 2041 1864 λα·

489 1887 594 1964 γὼν
624 1886 658 1958 ἢ
685 1887 885 1970 φάτταν
908 1888 944 1959 ἤ
967 1912 1016 1945 τι
1043 1894 1302 1965 τοιοῦτον,
1333 1882 1423 1946 εἶτ’
1453 1889 1604 1957 ὀξέως
1641 1890 1741 1963 ἤδη
1772 1893 2041 1965 δεδειπνη-

486 1973 630 2031 κόσιν
650 1973 840 2055 ὕστερα
855 1974 1186 2056 περιφέρεται
1206 1981 1371 2034 ταῦτα
1391 1980 1456 2034 τὰ
1475 1976 1701 2036 ἐπάῖκλα
1721 1976 2038 2057 καλούμενα.

489 2062 756 2142 Συμφέρει
796 2064 841 2120 δ’
873 2063 1088 2129 ἕκαστος
1112 2065 1182 2128 εἷς
1215 2062 1275 2120 τὸ
1304 2064 1546 2145 φειδίτιον
1587 2063 1816 2145 ἀλφίτων
1847 2066 1939 2143 μὲν
1970 2070 2040 2133 ὡς

486 2148 605 2226 τρία
626 2149 857 2225 μάλιστα
872 2149 1198 2228 ἡμιμέδιμνα
1221 2149 1459 2222 Ἀττικὰ,
1477 2152 1612 2209 οἴνου
1635 2150 1688 2209 δὲ
1706 2152 1834 2229 χόας
1857 2152 2038 2211 ἕνδεκά

433 2295 436 2299 ,
483 2259 626 2303 τινας
656 2234 690 2306 ἢ
720 2236 948 2315 δῴδεκα,
987 2236 1133 2317 παρὰ
1161 2237 1215 2295 δὲ
1259 2243 1428 2295 ταῦτα
1467 2243 1621 2317 τυροῦ
1666 2239 1894 2315 σταθμόν
1923 2264 2038 2299 τινα

424 2356 431 2366 -
485 2322 576 2381 καὶ
604 2322 803 2396 σύκων,
829 2323 905 2383 ἔτι
928 2322 984 2382 δὲ
1014 2326 1084 2390 εἷς
1105 2323 1334 2405 ὀψωνίαν
1373 2324 1492 2404 περὶ
1525 2324 1654 2385 δέκα
1694 2326 1835 2394 τινὰς
1874 2329 2037 2405 Αἰγι-

485 2410 658 2478 ναίους
691 2410 921 2478 ὀὸολούς.
969 2436 995 2463 ²·
1041 2414 1124 2471 Cf.
1171 2417 1441 2484 Persaeus,
1469 2416 1752 2483 NicocleS,
1790 2416 2035 2489 „Molpis‚

483 2499 777 2575 Sphaerus,
803 2501 1145 2574 Phylarchus
1171 2519 1263 2574 ap.
1287 2502 1492 2557 Athen.
1518 2503 1552 2558 l.
1574 2503 1645 2571 l.;
1666 2503 1885 2561 Miiller.
1912 2505 2037 2558 Dor.

482 2588 565 2659 11,
596 2606 658 2660 p.
685 2606 791 2643 201
822 2606 946 2659 sqq.

567 2674 801 2729 Photius
812 2675 953 2730 Bibl.
975 2673 1104 2729 cod.
1122 2674 1193 2745 37
1211 2673 1488 2732 eassekk.
1511 2694 1523 2732 :
1546 2638 1861 2748 Ἆνεγνώροη
1880 2677 1929 2734 n
1946 2696 1968 2730 ε
1981 2674 2051 2754 pt⁴

484 2759 602 2815 πολ
618 2781 672 2815 ιτ
685 2762 825 2828 ικῆς
843 2760 912 2823 ὥς
940 2760 993 2814 ἐν
1019 2756 1273 2837 διαλόγῳ,
1306 2761 1494 2829 Μηνᾶν
1519 2760 1790 2838 πατρίκιον
1810 2759 1899 2817 καὶ
1921 2765 2039 2822 Θω·

485 2852 592 2919 μᾶν
621 2840 1005 2922 ῥεφερενδάριον
1030 2841 1095 2899 τὰ
1135 2844 1478 2921 διαλεγόμενα
1511 2845 1730 2922 εἰσάγων
1755 2844 2031 2923 πρόσωπα.

486 2929 732 3008 Περιέχει
756 2927 810 2986 δὲ
835 2934 867 3000 ἡ
898 2928 1235 3010 πραγματεία
1262 2929 1442 3010 λόγους
1469 2929 1550 3004 ἒξ,
1580 2933 1631 2990 ἐν
1656 2923 1729 2998 οἷς
1751 2932 1840 2991 καὶ
1864 2931 2035 3015 ἕτερον

483 3007 614 3082 εἶδος
637 3016 898 3082 πολιτείας
920 3016 1065 3097 παρὰ
1084 3014 1150 3075 τὰ
1170 3018 1273 3084 τοῖς
1289 3021 1529 3086 παλαιοῖς
1548 3019 1794 3098 εἰρημένα
1815 3022 2033 3101 εἰσάγει,

482 3093 511 3153 ὃ
550 3092 641 3152 καὶ
686 3096 836 3151 καλεῖ
867 3096 1362 3175 Δικαιαρχικόν.
1420 3096 1809 3178 Ἐπιμέμφεται
1849 3099 1903 3159 δὲ
1943 3106 2034 3173 τῆς

486 3179 769 3248 Πλάτωνος
784 3181 990 3249 δικαίως
1005 3183 1284 3251 πολιτείας·
1306 3184 1370 3255 ἣν
1387 3185 1431 3242 δ’
1452 3186 1597 3244 αὐτοὶ
1613 3185 1875 3245 πολιτείαν
1891 3189 2034 3247 εἰσά-

482 3291 659 3347 γουσιν
679 3312 696 3342 ‚
721 3270 780 3327 ἐκ
809 3272 910 3327 τῶν
945 3273 1101 3350 τριῶν
1129 3272 1277 3329 εἰδῶν
1305 3275 1398 3342 τῆς
1426 3272 1689 3340 πολιτείας
1717 3273 1829 3333 δέον
1873 3278 2034 3347 αὐτὴν

485 3355 788 3432 συγκεῖσθαί
825 3355 981 3437 (ῥασι,
1027 3359 1297 3436 βασιλικοῦ
1340 3359 1430 3417 καὶ
1472 3362 1902 3440 ἀριστοκρατικοῦ
1945 3363 2034 3422 καὶ

482 3443 895 3522 δημοκρατικοῦ,
938 3444 996 3503 τὸ
1040 3444 1303 3527 εἱλικρινὲς
1341 3449 1474 3527 αὐτῇ
1507 3448 1729 3521 ἑκάστης
1770 3452 2034 3520 πολιτείας

482 3530 912 3609 συνεισαγούσης,
935 3531 1177 3605 κάκείνην
1201 3532 1293 3606 τὴν
1322 3537 1392 3601 ὥς
1420 3537 1621 3607 ἀληθῶς
1645 3535 1860 3616 ἀρίστην
1887 3540 2030 3597 πολι·

483 3615 626 3674 τείαν
652 3616 1028 3690 ἅποτελούσης.

558 3708 683 3762 Hoc
709 3707 838 3762 loco
880 3710 1061 3764 nitens
1083 3710 1334 3766 Osannus
1363 3708 1678 3786 (Beitroege
1705 3733 1751 3767 z.
1785 3733 1945 3768 roem.
1977 3734 2029 3770 ιι.

477 3811 566 3866 gr.
592 3795 705 3852 Lit.
725 3807 858 3850 tom.
881 3796 959 3864 11,
985 3811 1043 3871 p.
1067 3815 1102 3869 9
1122 3796 1265 3872 sqq.)
1290 3799 1632 3854 demonstrat
1646 3801 2032 3856 Dicaearchum

479 3881 540 3932 in
562 3881 897 3953 Tripolitico
933 3883 1103 3955 egisse
1128 3882 1199 3937 de
1238 3884 1452 3956 optima
1479 3885 1713 3941 civitatis
1751 3885 1930 3940 forma
1959 3907 2030 3943 ex

479 3968 816 4022 monarchia!
832 4010 847 4036 ,
893 3970 1249 4024 aristocratiae
1276 3982 1334 4025 et
1360 3957 1714 4026 democratiae
1736 3975 2030 4048 principiis

478 4063 804 4127 temperata.
863 4077 886 4104 α
938 4055 1063 4109 Ηοο
1107 4055 1341 4112 civitatis
1388 4074 1589 4130 genus,
1638 4059 1797 4133 quod
1831 4061 2027 4116 Cicero

477 4154 706 4211 quoque
733 4141 847 4212 (De
865 4141 1010 4212 Rep.
1032 4141 1058 4194 1
1075 4183 1090 4207 ,
1124 4143 1300 4214 29311
1315 4182 1330 4209 ,
1356 4141 1455 4217 39)
1481 4145 1734 4198 omnium
1754 4147 2028 4219 optimum

2137 578 2293 650 quod
2321 600 2530 637 nomen
2557 602 2589 638 a
2619 585 2941 641 Dicaearcho
2983 586 3101 658 ejus
3137 594 3355 663 generis
3395 599 3690 667 potissimo

2135 677 2363 723 auctore
2386 687 2451 724 ac
2479 670 2769 727 laudatore
2798 683 3036 728 tractum
3063 694 3176 731 esse
3205 680 3456 737 Osannus
3481 689 3690 744 merito

2135 754 2485 814 existimavit.
2519 760 2677 813 Hanc
2712 771 2897 815 autem
2931 780 3087 817 suam
3122 769 3478 839 sententiam,
3514 791 3692 845 quam

2129 836 2242 909 jam
2271 842 2486 914 aliquot
2513 845 2846 919 Pythagorei
2878 845 2965 920 (v,
2988 849 3261 923 Archytas
3284 872 3374 927 ap.
3396 853 3692 916 Stobaeum

2135 928 2310 984 Serm.
2339 936 2403 994 τί.
2421 950 2438 984 ι
2463 929 2479 1004 )
2508 923 2634 985 an'te
2658 950 2785 986 eum
2806 951 3144 1008 quamquam
3174 942 3357 997 minus
3390 949 3693 1019 perspicue

2135 1017 2510 1071 enuntiassent
2567 1015 2663 1093 (Ἴ,
2718 1021 3103 1077 Dicaearchum
3142 1026 3202 1079 in
3241 1029 3572 1103 Tripolitico
3609 1036 3692 1092 ita

2135 1104 2448 1173 exposuisse
2479 1103 2688 1174 videri,
2712 1117 2777 1160 ut
2800 1126 2920 1163 non
2947 1127 3016 1164 ex
3040 1114 3259 1168 ratione
3285 1119 3463 1172 solum
3493 1118 3690 1177 firma·

2133 1199 2247 1256 ret,
2292 1191 2391 1246 sed
2425 1193 2624 1261 etiam,
2669 1195 3146 1266 quemadmodum
3187 1205 3377 1260 omnia
3410 1206 3484 1261 ad
3518 1227 3690 1264 usum

2132 1286 2467 1345 revocasset,
2500 1280 2763 1353 exemplis
2787 1282 3082 1340 illustraret
3108 1288 3256 1343 inter
3282 1308 3458 1364 eaque
3504 1294 3688 1368 inpri-

2131 1361 2234 1415 mis
2254 1366 2660 1437 rempublicam
2679 1365 3010 1441 Spartanam
3041 1389 3382 1432 memoraret
3404 1391 3460 1434 et
3482 1399 3690 1437 recen-

2130 1458 2294 1503 seret.
2335 1453 2419 1506 Ita
2459 1451 2666 1507 sactum
2708 1473 2819 1510 esse
2860 1467 2924 1511 ut
2963 1457 3202 1531 phiditia
3243 1465 3303 1517 in
3351 1467 3686 1540 Tripolitico

2133 1545 2239 1589 tam
2256 1549 2512 1594 accurate
2528 1539 2995 1617 describerentur,
3015 1551 3279 1620 quoniam
3296 1570 3359 1607 ea
3379 1553 3687 1630 descriptio

2131 1635 2298 1696 caput
2322 1622 2580 1692 πολιτείας
2604 1629 2951 1707 Σπαρτιατῶν
2976 1635 3118 1704 sive,
3151 1638 3309 1709 quod
3336 1640 3488 1697 idem
3517 1658 3686 1716 esset,

2128 1714 2301 1783 partis
2328 1732 2497 1785 quam
2524 1735 2627 1770 nos
2655 1717 2965 1775 diceremus
2993 1726 3251 1795 practicae
3275 1728 3335 1781 in
3352 1730 3686 1804 Tripolitico

2131 1798 2417 1855 effecisset.
2464 1804 2722 1877 Denique
2764 1807 3015 1863 Osannus
3053 1811 3381 1870 Ciceronem
3430 1821 3688 1894 Tripoli-

2130 1886 2301 1939 ticum
2325 1886 2395 1941 ab'
2419 1890 2605 1944 Attico
2634 1890 2764 1947 ideo
2787 1893 3007 1965 petiisse
3034 1915 3151 1951 non
3175 1900 3292 1954 sine
3327 1920 3530 1976 magna
3561 1910 3687 1963 veri

2128 1975 2311 2046 specie
2339 1975 2594 2048 conjicit,
2625 1991 2690 2033 ut
2716 1981 2773 2034 in
2799 1985 3192 2055 componendo
3217 1987 3365 2043 libro
3391 1992 3477 2045 De
3491 1994 3688 2064 glor-Ia

2130 2079 2197 2115 eo
2217 2073 2468 2117 uteretur
2499 2063 2617 2141 (*⁸‘).
2657 2090 2680 2114 υ
2707 2069 2885 2125 Fumi.
2905 2087 2964 2142 p.
2992 2090 3085 2146 29.
3110 2075 3369 2130 Priorum
3395 2079 3684 2155 interpre„

2190 2206 2251 2268 (Ἴ
2279 2225 2302 2249 e<
2331 2207 2577 2269 Polybium
2602 2209 2723 2272 (Vl,
2759 2218 2786 2259 3
2815 2215 2864 2262 et
2891 2217 2973 2274 10)
3004 2215 3129 2265 idem
3155 2219 3284 2279 γένος
3306 2223 3677 2288 Δικαιαρχικὸν,

2128 2275 2200 2336 et,
2219 2277 2276 2323 ut
2295 2275 2538 2327 videretur
2551 2279 2763 2341 quidem,
2784 2284 3048 2334 secundum
3071 2286 3333 2337 Dicaearchi
3351 2292 3681 2354 Tripoliticum

2127 2344 2402 2408 exposuisse
2430 2350 2651 2398 Osannus
2673 2350 2984 2403 existimavit.
3010 2373 3034 2397 υ

2191 2416 2282 2477 (**)
2318 2435 2342 2459 «ι
2371 2420 2596 2468 Osannus
2618 2419 2897 2471 Ciceronem
2927 2423 3258 2487 Tripoliticum
3287 2427 3348 2478 ab
3382 2432 3543 2482 Attico
3572 2433 3682 2485 ideo

2131 2485 2322 2547 petiisse
2341 2487 2561 2550 conjicit,
2587 2490 2643 2538 ut
2674 2490 2724 2539 in
2743 2494 3073 2555 componendo
3105 2495 3266 2558 aliquo
3298 2498 3420 2549 libro
3443 2504 3678 2555 uteretur.

2127 2555 2408 2605 Ciceronem
2431 2559 2595 2607 autem
2620 2572 2731 2609 eum
2758 2560 2934 2612 librum
2948 2603 2964 2626 ,
2988 2576 3133 2626 quem
3153 2568 3270 2616 tunc
3288 2568 3335 2617 in
3355 2572 3577 2623 manibus
3595 2576 3682 2625 ba·

2126 2624 2286 2688 beret,
2310 2626 2486 2689 dialogi
2512 2628 2666 2680 forma
2689 2634 2990 2685 conscribere
3008 2648 3217 2698 eumque
3243 2637 3485 2701 dialogum
3507 2645 3678 2696 decem

2124 2696 2290 2757 legatis
2313 2699 2562 2761 Romanis,
2587 2701 2737 2762 quiin
2762 2704 2987 2755 Achaiam
3007 2705 3069 2755 ad
3093 2721 3254 2757 rerum
3272 2712 3450 2761 statum
3482 2726 3679 2778 compo-

2125 2766 2333 2816 nendum
2361 2768 2487 2817 missi
2509 2770 2729 2833 fuissent,
2758 2772 3046 2825 demandare
3064 2776 3112 2825 in
3131 2777 3291 2827 animo
3312 2780 3548 2832 habuisse.
3591 2787 3678 2834 Li·-

2124 2835 2266 2883 brum
2297 2839 2458 2885 autem
2489 2839 2626 2887 illum
2664 2844 2737 2891 De
2762 2842 2930 2903 qloria
2969 2845 3110 2894 fuisse
3143 2845 3295 2896 videri
3334 2867 3346 2898 ε
3375 2850 3430 2911 a)
3459 2855 3678 2904 omnium

2124 2904 2250 2954 enim
2270 2904 2513 2956 Ciceronis
2538 2910 2824 2972 scriptorum
2842 2913 3034 2964 nullum
3056 2915 3106 2965 et
3132 2917 3396 2967 secundum
3416 2932 3678 2985 argumen-

2124 2977 2227 3026 tum
2242 2978 2291 3026 et
2303 2978 2569 3028 secundum
2583 2983 2774 3044 tempus
2787 2984 2959 3034 melius
2971 2987 3227 3037 convenire
3240 3024 3254 3049 ,
3269 3002 3414 3051 quam
3431 2994 3500 3042 De
3511 2995 3679 3055 gloria,

2123 3044 2254 3106 qnod
2280 3057 2406 3094 anno
2431 3051 2520 3098 710
2538 3048 2599 3098 ab
2619 3050 2726 3099 urb.
2748 3051 2887 3101 cond.
2917 3054 3193 3105 absolutum
3215 3057 3395 3109 suisset.
3420 3061 3495 3112 Cf.
3527 3065 3677 3114 orell.

2124 3112 2341 3176 fragmm.
2364 3116 2466 3165 Cic.
2489 3121 2598 3169 487.
2620 3119 2680 3181 1))
2705 3122 2887 3182 conjici
2911 3136 3076 3186 posse,
3096 3125 3144 3175 in
3165 3128 3441 3190 Tripolitico
3466 3131 3527 3181 de
3553 3134 3676 3186 ciri·

2122 3185 2278 3233 tatum
2314 3185 2494 3248 origiue
2527 3201 2796 3240 sermonem
2832 3192 3000 3251 fuisse,
3054 3194 3364 3261 ejusdemque
3403 3206 3676 3263 argumenti

2125 3253 2440 3314 fragmentum
2467 3269 2529 3306 ex
2551 3258 2793 3309 Ciceronis
2816 3261 2938 3310 libro
2972 3263 3129 3324 primo
3149 3268 3220 3314 De
3236 3267 3384 3328 gloria
3410 3281 3673 3333 superesse.

2121 3324 2184 3372 cs.
2209 3325 2356 3374 orell·
2379 3326 2596 3388 fragium.
2617 3333 2727 3379 488.
2754 3331 2808 3392 c)
2830 3334 3167 3394 Fragmentum
3186 3349 3242 3384 ex
3265 3336 3389 3388 libro
3407 3343 3476 3389 De
3486 3341 3636 3402 gloria
3659 3360 3675 3389 ε

2126 3411 2150 3434 «ι
2175 3394 2476 3443 statuerunt
2491 3408 2689 3446 oeneam
2708 3397 2926 3448 leoenam
2946 3418 2971 3442 υ
2996 3400 3058 3449 ad
3079 3402 3237 3454 Laidis
3260 3407 3567 3469 sepulchrum
3589 3410 3678 3456 Co·

2122 3460 2266 3510 rintlii
2295 3464 2594 3513 exstructum
2618 3466 2761 3529 idque
2782 3468 2933 3518 leaena
2955 3472 3005 3520 et
3024 3472 3173 3523 ariete
3199 3474 3561 3526 celeberrimum
3592 3493 3671 3526 rc·

2123 3530 2369 3581 serendum
2396 3546 2498 3582 esse
2522 3547 2673 3598 eaque
2704 3537 2850 3587 verba
2875 3538 2937 3588 ab
2959 3552 3057 3589 tino
3079 3540 3246 3592 decem
3270 3545 3534 3608 legatorum
3555 3561 3674 3610 pro-

2123 3600 2342 3650 nuntiata
2365 3601 2506 3652 fuisse
2537 3603 2703 3653 videri.
2730 3604 2790 3666 d)
2812 3609 2865 3655 ln
2882 3608 3077 3658 secundi
3096 3610 3207 3661 libri
3225 3613 3525 3676 fragmentot
3555 3637 3578 3659 κ
3617 3621 3676 3666 in

2127 3672 2474 3722 Tusculanum
2491 3674 2616 3724 mihi
2636 3677 3026 3728 nuntiabantur
3038 3681 3340 3738 qladiatorn
3353 3686 3549 3741 sibili.»
3572 3701 3676 3738 rem

2122 3753 2233 3803 quae
2268 3754 2394 3791 anno
2423 3747 2514 3793 709
2549 3747 2679 3807 gesta
2710 3749 2836 3796 esset
2866 3748 3059 3810 respici,
3093 3751 3291 3801 eandem
3326 3766 3473 3814 quam
3500 3755 3676 3804 Cicero

2121 3812 2266 3860 etiam
2291 3816 2378 3875 Ep.
2403 3812 2464 3862 ad
2485 3818 2583 3863 Att.
2615 3818 2757 3878 xlll,
2783 3821 2838 3866 37
2869 3823 3154 3870 memoraret
3184 3841 3197 3871 ε
3233 3840 3256 3865 α
3279 3821 3342 3871 de
3361 3817 3674 3884 ql'adiatori·

2122 3881 2239 3942 bus,
2264 3882 2327 3931 de
2349 3886 2558 3945 ceteris,
2578 3898 2698 3948 quoe
2719 3886 2897 3936 scribis
2929 3888 3355 3953 ἀνεμοφόρητα,
3382 3892 3555 3951 socies
3589 3906 3672 3942 me

2119 3952 2349 4013 qnotidie
2370 3957 2654 4004 certiorem.
2679 3974 2703 3998 ι»
2724 3957 2782 4016 e)
2809 3955 2977 4007 Verbis
2998 3958 3070 4007 Ad
3089 3961 3185 4008 Att.
3206 3961 3342 4018 ΧΙΙΙ,
3363 3963 3421 4009 32
3450 3979 3462 4009 :
3487 3979 3509 4000 «ι
3530 3960 3672 4010 vide-

2121 4021 2391 4085 bisiqitur,
2411 4026 2457 4072 si
2477 4027 2696 4086 poter-1⁴53
2734 4028 2950 4082 ceteros,
2974 4031 3034 4078 uc
3063 4032 3307 4091 possimus
3323 4034 3670 4092 πομπεῦσαι

2118 4092 2215 4140 καὶ
2243 4097 2364 4149 τοῖς
2387 4096 2721 4157 προσώποις
2744 4115 2766 4137 n
2787 4096 2943 4158 operis
2958 4098 3019 4147 de
3035 4099 3182 4161 gloria
3199 4098 3427 4148 rationem
3450 4099 3672 4152 habitam

2119 4173 2220 4210 esse
2238 4164 2286 4212 et
2309 4167 2577 4226 πομπεῦσαι
2596 4165 2744 4215 verbo
2760 4164 2864 4226 ejus
2881 4167 3075 4217 titulum
3092 4169 3253 4231 iocose
3271 4169 3604 4232 significatum.
3641 4191 3668 4216 ι

1530 4258 3674 4290 ———.—---—-——.-—————-

969 4306 1517 4368 TRlPOLlTICUS.

1206 4428 1294 4479 23.

540 4537 610 4582 De
652 4534 967 4585 Phiditiorum
995 4549 1132 4586 mena
1166 4501 1473 4587 Dicaearchus
1510 4538 1559 4587 in
1591 4538 1715 4590 libro
1739 4541 1817 4590 cui
1858 4541 2028 4592 titulus

475 4609 809 4672 Tripoliticus‚
830 4611 933 4661 haec
947 4612 1147 4662 scribit:
1173 4633 1197 4657 α
1223 4614 1437 4665 Primum
1451 4615 1645 4678 quidem
1663 4630 1875 4667 seorsum
1894 4632 2030 4669 coeua

474 4685 673 4748 singulis
708 4689 979 4750 apponitur,
1026 4691 1164 4740 nulla
1207 4705 1320 4742 cum
1365 4694 1518 4743 altero
1563 4696 2025 4759 communicatione;

360 4801 369 4806 .
474 4759 647 4811 deinde
659 4775 811 4824 maza,
828 4767 1060 4826 quantum
1080 4768 1282 4833 quisque
1294 4770 1455 4833 cupit3
1475 4773 1528 4821 et
1543 4781 1640 4834 quo
1657 4770 1822 4823 bibant
1833 4774 2027 4837 quando

474 4838 653 4899 volupe
675 4840 774 4900 est,
789 4841 1022 4901 poculum
1042 4843 1305 4909 unicuique
1322 4847 1596 4910 apponitur.
1622 4848 1891 4902 obsonium
1910 4864 2026 4901 vero

473 4926 662 4977 semper
691 4915 924 4968 universis
956 4918 1111 4984 idem,
1138 4935 1251 4974 caro
1289 4925 1430 4974 suilla
1462 4925 1588 4976 elixa
1628 4945 1641 4977 ε
1675 4937 2025 4991 nonnunquam

474 5004 592 5043 vero
623 4991 739 5041 nibil
761 4992 1023 5057 quidquam
1047 5001 1490 5060 preter-minutum
1512 5004 1714 5070 aliquod
1740 5006 1991 5057 obsonium
2007 5045 2024 5070 ,

475 5069 606 5132 quod
631 5067 694 5118 ad
716 5074 956 5120 summum
974 5075 1197 5135 quartam
1230 5075 1364 5127 librae
1396 5081 1579 5140 partem
1606 5082 1809 5146 pendat;
1836 5085 1885 5135 et
1910 5084 2026 5134 nihil

2121 4312 2313 4373 insuper
2331 4313 2463 4363 aliud
2477 4314 2565 4362 uisi
2582 4314 2641 4364 de
2673 4316 2895 4365 carnibus
2915 4319 3017 4368 istis
3025 4318 3270 4380 jusculum
3288 4357 3302 4381 ,
3323 4322 3452 4383 quod
3466 4324 3678 4373 sufficiat

2119 4389 2175 4438 ut
2196 4391 2448 4451 periciam
2477 4402 2663 4440 coenam
2681 4393 2929 4444 universos
2945 4396 3165 4445 comitari
3183 4396 3351 4461 possit3
3368 4400 3537 4462 quodsi
3559 4401 3674 4462 quid

2119 4466 2350 4530 amplius,
2379 4469 2452 4518 est
2484 4467 2610 4519 oliva
2648 4469 2810 4534 aliqua
2855 4473 2942 4523 aut
2963 4481 3129 4525 caseus
3155 4479 3242 4525 aut
3284 4476 3417 4527 ficus.
3447 4478 3539 4528 Ubi
3557 4492 3675 4528 vero

2119 4545 2263 4594 etiam
2288 4545 2559 4595 auctarium
2586 4547 2779 4610 aliquod
2815 4549 3110 4612 acceperint,
3150 4552 3327 4614 piscem
3350 4555 3437 4603 aut
3461 4554 3674 4617 leporem

2119 4617 2206 4665 aut
2241 4616 2517 4668 columbam
2550 4621 2634 4667 aut
2664 4619 2845 4682 aliquid
2874 4621 3060 4682 simile,
3100 4625 3210 4673 tum
3241 4635 3384 4687 vero,
3418 4631 3674 4690 postquam

2119 4705 2318 4756 propere
2333 4706 2520 4744 coeuam
2533 4698 2867 4759 sumpserunt,
2886 4698 3288 4750 circumferuntur
3306 4706 3549 4765 postremo
3568 4704 3676 4754 baec.

2118 4784 2227 4833 qum
2267 4771 2470 4834 epaicm
2514 4777 2765 4825 vocantur.
2800 4778 2998 4827 Confert
3038 4779 3204 4828 autem
3254 4782 3585 4845 unusquisque
3625 4784 3676 4833 iu

2115 4848 2375 4912 phiditium
2406 4850 2616 4914 polentae
2634 4855 2732 4904 tres
2757 4855 2853 4905 fere
2869 4855 3173 4908 semimodios
3195 4858 3380 4909 Atticos
3393 4896 3410 4923 ,
3439 4859 3536 4909 vini
3554 4874 3676 4911 con·

2116 4926 2217 4988 gios
2242 4927 2468 4980 undecim
2494 4931 2677 4994 aliquot
2707 4935 2794 4984 aut
2827 4931 3108 4997 duodecim,
3128 4936 3178 4985 et
3204 4937 3379 4998 praeter
3417 4938 3522 4988 haec
3547 4939 3676 4990 casei

2117 5005 2312 5069 aliquod
2331 4995 2517 5070 pondus
2538 5012 2622 5060 aut
2639 5009 2872 5074 ficorum,
2900 5010 3107 5075 denique
3136 5012 3200 5063 ad
3231 5015 3491 5066 emendum
3524 5017 3676 5068 obso-

2119 5085 2253 5135 nium
2272 5084 2440 5138 decem
2465 5088 2653 5141 circiter
2676 5090 2841 5141 obolos
2859 5089 3150 5153 AEginenses.
3179 5112 3204 5139 ι
