4016 5916
501 438 608 492 11⁴

491 561 628 629 λοις,
658 557 744 617 καὶ
776 558 822 615 οἱ
852 554 947 632 μὲν
997 555 1260 635 βούλοιντο
1305 554 1633 636 διανέμεσθαι
1675 556 1741 616 τὰ
1777 554 1962 630 κοινὰ,
1993 559 2041 617 οῖ

496 643 548 705 δὲ
577 644 651 723 μὴ
670 688 688 718 ,
724 642 1013 713 ἐδικάζοντο
1041 645 1088 702 οἱ
1127 643 1428 724 βουλόμενοι
1469 651 1575 710 τοῖς
1603 643 1676 722 μὴ
1710 643 2044 723 βουλομένοις

493 731 901 812 προκαλούμενοι
921 732 993 798 εἰς
1013 731 1248 804 δατητῶν
1273 729 1487 812 αἵρεσιν.
1521 731 1720 799 Λυσίας
1746 734 1798 791 ἐν
1821 734 1896 813 τῷ
1914 731 2044 813 πρὸς

495 818 855 897 Ἀλεξίδημον,
879 821 925 878 εἰ
954 818 1161 897 γνήσιος
1178 864 1194 897 ,
1221 825 1312 878 καὶ
1336 816 1690 899 Ἀριστοτέλης
1713 821 1765 879 ἰν
1794 822 1858 900 τῇ
1890 819 2043 892 Ἀθη-

495 906 654 966 ναίων
681 907 938 988 πολιτείᾳ.
968 909 1053 967 Cf.
1078 910 1281 965 Pollux
1308 910 1478 987 vm,
1507 907 1636 965 136.

575 999 760 1072 Etym.
793 999 874 1053 Μ.
924 1016 939 1053 z
987 993 1260 1068 Δατητὴς,
1300 992 1444 1075 παρὰ
1493 993 1735 1061 Ἀττικοῖς
1791 997 1820 1052 ὃ
1870 994 2041 1053 διανε-

499 1081 689 1162 μητής.
720 1082 1092 1163 Ἀριστοτέλης.

571 1175 707 1229 Lex.
751 1174 987 1231 Rhetor.
1018 1192 1080 1248 p.
1122 1170 1269 1244 567,
1307 1169 1381 1227 28
1415 1190 1428 1226 =
1463 1168 1568 1236 Εἰς·
1595 1169 1830 1240 δατητῶν
1861 1165 2041 1248 [αἵρε-

494 1281 572 1316 σιν
590 1259 612 1337 ]
630 1303 645 1330 ,
665 1258 951 1339 πρόκλησις
980 1257 1235 1335 νεμέσεως
1263 1256 1297 1327 ἢ
1321 1256 1667 1338 κληρονομίας
1691 1253 1725 1327 ἢ
1758 1260 1929 1314 κοινοῦ
1955 1279 2042 1313 τι-

497 1342 578 1411 νὸς
620 1346 920 1426 ἂγορασμοῦ
943 1367 958 1382 ·
995 1343 1253 1424 [δατηταὶ
1280 1341 1419 1424 γὰρ]
1448 1342 1533 1403 ἐπὶ
1561 1346 1663 1402 τῶν
1699 1342 2043 1419 διανεμόντων

495 1431 562 1491 τὰ
592 1433 739 1493 κοινά
771 1456 938 1506 τισιν,
963 1435 1032 1501 ὣς
1059 1431 1414 1512 Ἀριστοτέλης
1452 1431 1504 1489 ἐν
1534 1435 1599 1510 τῇ
1628 1429 1910 1503 Ἀθηναίων
1943 1452 2040 1489 πο·

493 1517 691 1600 λιτείᾳ·
721 1547 744 1572 ιι
772 1519 926 1580 Δίκαι
950 1518 1304 1599 λαγχάνονται
1332 1514 1459 1598 πρὸς
1508 1515 1594 1576 τὸν
1626 1516 1854 1598 ἄρχοντα
1886 1515 2043 1574 ἄλλαι

496 1606 627 1674 τινὲς
660 1606 750 1666 καὶ
784 1611 818 1678 ἠ
848 1608 918 1674 εἰς
954 1606 1191 1677 δατητῶν
1226 1602 1454 1686 αἵρεσιν,
1495 1603 1617 1663 ὅταν
1650 1604 1715 1684 [ὁ
1758 1604 1850 1683 μὲν
1889 1602 2043 1683 θέλῃ,

495 1697 523 1750 ὅ
551 1692 640 1772 δὲ]
668 1692 742 1770 μὴ
763 1692 885 1772 θέλῃ
909 1691 977 1751 τὰ
1004 1691 1150 1751 κοινὰ
1172 1689 1296 1751 ὄντα
1323 1691 1589 1767 νέμεσθαι.
1619 1718 1671 1749 ι.

574 1785 663 1840 Sic
685 1783 872 1840 locum
900 1783 1184 1839 constituit
1203 1782 1442 1838 Meierus
1467 1779 1703 1860 (Fragm.
1718 1784 1853 1842 Lex.
1875 1782 2043 1839 Rhet.

497 1871 625 1927 Hal.
653 1869 822 1941 1844,
845 1890 904 1945 p.
939 1868 1051 1947 13).
1102 1868 1328 1927 Codex:
1354 1867 1446 1933 Εἰς
1460 1866 1679 1938 δατητὸν
1698 1865 2045 1946 πρόκλησις...

496 1958 797 2036 ἅγορασμοῧ
827 1953 1102 2016 ἐπὶτῶν...
1141 1952 1494 2034 λαγχάνονται
1532 1953 1659 2034 πρὸς
1697 1951 1785 2012 τὸν
1815 1953 2044 2034 ἄρχοντα

496 2045 614 2102 ἀλλ’
643 2042 690 2102 εἴ
715 2066 791 2111 τις
816 2042 906 2102 καὶ
926 2044 975 2110 ἐς
999 2041 1234 2114 δατητῶν
1260 2039 1455 2122 αἵρεσιν
1473 2086 1491 2117 ,
1517 2040 1639 2099 ὅταν
1660 2039 1733 2119 μὴ
1755 2041 1878 2120 θέλῃ
1898 2038 2045 2100 κοινὰ

495 2129 562 2189 τὰ
600 2128 726 2190 ὄντα
762 2129 1025 2208 νέμεσθαι.
1059 2135 1340 2188 'Praeterea
1373 2132 1614 2189 Meierus
1647 2150 1660 2184 x
1708 2155 1732 2182 α
1775 2133 1887 2186 Pro
1917 2130 2044 2205 ἀγο-

498 2223 723 2300 ρασμοῢ,
738 2220 896 2295 quod
914 2221 1006 2275 hic
1037 2238 1157 2275 non
1169 2218 1393 2276 emendi
1424 2229 1627 2287 aetum,
1648 2217 1747 2273 sed
1776 2236 1897 2273 rem
1918 2236 2042 2273 em-

494 2319 650 2383 ptam
663 2306 957 2384 signifieat,
973 2307 1132 2363 malis
1144 2305 1377 2361 forsitan
1402 2303 1582 2374 ἄλλου,
1602 2323 1795 2360 verum
1811 2323 1877 2360 ea
1894 2322 2038 2360 voce

496 2394 1054 2471 comprehenduntur
1080 2394 1271 2449 omnia
1293 2410 1642 2466 quaecunque
1665 2410 1784 2447 non
1807 2391 2046 2448 heredi-

497 2495 607 2541 tate
642 2483 718 2541 ad
761 2483 1006 2541 duorum
1043 2481 1361 2555 pluriumve
1389 2498 1688 2536 commune
1732 2479 2044 2534 dominium

496 2570 856 2644 perveniant3
904 2570 1111 2625 etenim
1147 2577 1278 2641 post
1309 2566 1683 2623 hereditatem
1725 2566 1939 2639 emptio
1963 2567 2047 2619 in·

494 2659 694 2731 primis
721 2674 884 2714 causa
902 2655 1214 2713 communis
1232 2653 1471 2711 dominii
1494 2671 1606 2709 esse
1634 2653 1793 2710 solet.
1823 2675 1847 2702 ι

574 2746 835 2802 Ceterum
849 2742 920 2799 de
936 2743 1221 2799 archontis
1235 2738 1432 2797 officiis
1448 2742 1524 2796 ita
1543 2740 1746 2795 Pollux
1760 2740 1918 2808 VIII,
1934 2739 2010 2814 89
2026 2758 2041 2797 ε

498 2828 567 2889 Ὀ
590 2826 646 2886 δὲ
659 2827 835 2908 ἄρχων
856 2825 1113 2898 διατίθησι
1137 2826 1231 2902 μὶν
1250 2823 1494 2884 Διονύσια
1513 2822 1602 2884 καὶ
1612 2824 1891 2905 Θαργήλια
1911 2823 2044 2902 μετὰ

495 2917 600 2976 τῶν
638 2915 1000 2991 ἐπιμελητῶν·
1057 2910 1197 2973 δίκαι
1240 2910 1294 2971 δὲ
1335 2911 1463 2988 πρὸς
1502 2909 1655 2970 αὐτὸν
1694 2910 2045 2991 λαγχάνονται

496 3001 801 3075 κακώσεως,
823 3001 1139 3081 παρανοίας,
1167 3001 1239 3065 εἰς
1260 3000 1494 3071 δατητῶν
1521 2997 1737 3079 αἵρεσιν,
1767 3000 2045 3079 ἐπιτροπῆς

497 3093 752 3171 ὀρφανῶν,
773 3086 1064 3169 ἐπιτρόπων
1081 3085 1452 3158 καταστάσεις,
1475 3086 1681 3166 κλήρων
1707 3085 1798 3145 καὶ
1826 3088 2046 3159 ἐπικλή-

499 3200 598 3258 ρων
633 3174 970 3237 ἐπιδικασίαι·
1005 3175 1325 3252 ἐπιμελεῖται
1352 3174 1406 3232 δέ
1428 3173 1517 3233 καὶ
1554 3177 1655 3232 τῶν
1679 3176 1960 3252 γυναικῶν,
1986 3173 2044 3234 αἳ

497 3265 559 3324 ἂν
592 3267 756 3346 φῶσιν
782 3262 874 3321 ἀπ’
907 3260 1086 3344 ἀνδρὸς
1114 3263 1355 3334 τελευτῆς
1391 3260 1558 3320 κύειν·
1588 3261 1678 3320 καὶ
1715 3260 1833 3327 τοὺς
1876 3260 2045 3329 οἴκους

496 3353 733 3430 ἐκμισθοῖ
764 3354 866 3411 τῶν
889 3352 1144 3432 ὀρφανῶν.
1188 3346 1348 3410 Ἔστι
1377 3346 1429 3408 δὲ
1457 3347 1721 3426 ἐπώνυμος
1749 3339 1920 3422 οἶτος,
1950 3349 2040 3408 καὶ

496 3441 587 3500 ἀπ’
611 3442 765 3500 αὐτοῦ
795 3444 823 3498 ὁ
850 3437 1030 3519 χρόνος
1049 3439 1365 3518 ἀριθμεῖται.

1190 3611 1263 3664 27
1294 3592 1354 3652 b.

573 3729 1021 3803 Harpocration:
1045 3724 1502 3805 Ἔπιμελητὴς
1523 3729 1639 3786 τῶν
1663 3726 2042 3807 μυστηρίων

494 3814 616 3894 παρ’
645 3813 926 3886 Ἀθηναίοις
963 3815 992 3873 ὁ
1024 3812 1297 3893 λεγόμενος
1345 3811 1649 3893 βασιλεύς...
1691 3811 2043 3894 Ἀριστοτέλης

493 3905 545 3960 ἐν
571 3901 849 3975 Ἀθηναίων
878 3900 1116 3982 πολιτεία
1152 3899 1307 3981 φησὶν
1336 3898 1527 3970 οὕτως·
1557 3928 1583 3954 ι
1614 3901 1683 3961 ‘O
1715 3899 1768 3959 δὲ
1801 3898 2043 3979 βασιλεὺς

491 3992 696 4069 πρῶτον
724 3986 819 4067 μὲν
842 3992 945 4048 τῶν
969 3987 1269 4067 μυστηρίων
1292 3989 1613 4065 ἐπιμελεῖται
1642 3986 1775 4066 μετὰ
1799 3991 1900 4046 τῶν
1930 3992 2043 4048 ἐπι·

494 4078 750 4152 μελητῶν,
772 4075 856 4144 οὓς
875 4079 902 4135 ὁ
926 4077 1085 4152 δῆμος
1104 4074 1408 4155 ἐχειροτόνει
1426 4076 1444 4153 (
1459 4078 1498 4133 l.
1526 4076 1856 4155 χειροτονεῖ),
1878 4074 1928 4153 β’
1947 4074 2041 4151 μὲν

493 4163 543 4228 ἐξ
583 4164 862 4236 Ἀθηναίων
896 4163 1168 4235 ἁπάντων,
1212 4162 1299 4221 ἕνα
1347 4165 1393 4222 δ’
1434 4163 1487 4232 ἐξ
1535 4165 1915 4241 Εὐμολπιδῶν,
1952 4163 2041 4222 ἕνα

493 4252 539 4311 δ’
566 4255 625 4310 ἐκ
654 4252 929 4334 Κηρύκων.
957 4278 982 4304 ¹³

493 4433 687 4472 munem
705 4436 807 4474 rem
840 4421 1054 4473 dividere
1079 4420 1331 4482 volebant,
1366 4420 1501 4472 litem
1527 4419 1832 4489 intendebant
1867 4421 1925 4472 iis
1954 4420 2041 4483 qui

493 4499 799 4561 recusabant,
828 4499 875 4550 in
889 4500 971 4563 jus
983 4501 1212 4551 vocantes
1237 4498 1300 4551 ad
1323 4500 1583 4552 divisorum
1619 4498 1917 4550 electionem.
1942 4502 2041 4562 Ly-

491 4575 584 4626 sias
607 4576 659 4626 in
671 4576 886 4629 oratione
903 4579 1069 4629 contra
1087 4576 1421 4629 Alexidemum
1436 4612 1453 4640 ,
1484 4577 1525 4628 sl
1543 4575 1686 4626 modo
1704 4575 1910 4639 genuina
1936 4579 2007 4627 est
2020 4612 2036 4640 ‚

491 4657 540 4704 et
567 4655 840 4706 Aristoteles
868 4657 918 4706 in
935 4660 1053 4721 Rep.
1074 4657 1245 4708 Athen.

551 4733 761 4790 Δατητής
778 4732 906 4795 apud
929 4734 1111 4784 Atticos
1145 4735 1348 4785 vocatur
1364 4732 1560 4796 divisor,
1581 4733 1702 4784 teste
1726 4731 1994 4783 Aristotele.

550 4808 826 4859 Aristoteles
845 4809 896 4858 in
923 4811 1123 4872 Republ.
1157 4810 1516 4862 Atheniensium
1542 4829 1555 4861 ε
1582 4828 1608 4854 α
1633 4810 1856 4861 Actiones
1875 4808 1936 4859 ad
1958 4823 2039 4860 sr-

492 4887 713 4937 choutem
733 4887 971 4949 pertinent
989 4890 1094 4938 tum
1109 4889 1218 4939 aliae
1240 4889 1464 4954 quasdam
1481 4891 1589 4941 tum
1606 4902 1664 4939 ea
1686 4901 1796 4952 quoe
1812 4887 1987 4938 dicitur
2022 4907 2035 4939 z

492 4985 517 5009 «ι
534 4965 594 5016 ad
612 4963 872 5017 divisorum
890 4966 1187 5031 electionem,
1214 4988 1237 5012 υ
1254 4969 1295 5019 si
1312 4969 1433 5019 alter
1456 4970 1579 5031 vult,
1599 4968 1718 5018 alter
1736 4980 1832 5016 non
1858 4967 1962 5016 vult
1980 4979 2037 5017 ea

489 5056 600 5107 quae
623 5043 896 5093 communia
914 5046 1027 5094 sunt
1049 5044 1280 5095 dividere.
1308 5065 1331 5088 ιι

549 5208 755 5258 curator
785 5209 1122 5272 mysteriorum
1147 5206 1276 5271 apud
1300 5208 1470 5278 Athen.
1493 5210 1595 5258 erat
1629 5210 1656 5257 ὁ
1679 5205 1896 5272 βασιλεὺς
1919 5207 2037 5270 (rex

1554 430 2049 491 ARISTOTELIS
2089 430 2588 492 FRAGMENTA.
2605 440 2611 446 ’

2208 559 2291 617 Cf.
2319 561 2522 615 Pollux
2546 561 2680 617 VIII
2691 600 2707 628 ,
2745 577 2822 632 90
2861 574 2875 617 τ
2907 555 2970 617 Ὁ
2999 558 3053 616 δὲ
3085 557 3326 637 βασιλεὺς
3369 562 3679 643 μυστηρίων

2130 642 2415 724 προέστηκε
2462 641 2597 720 μετὰ
2634 645 2736 701 τῶν
2783 645 3131 720 ἐπιμελητῶν,
3175 643 3265 704 καὶ
3301 648 3547 718 Ληναίων
3584 649 3685 708 καὶ

2131 728 2343 809 άγώνων
2365 735 2469 790 τῶν
2498 729 2586 788 ἐπὶ
2622 729 2887 807 λαμπάδι·
2913 730 3003 789 καὶ
3041 730 3109 789 τὰ
3151 730 3272 812 περὶ
3305 730 3399 801 τὰς
3430 735 3677 816 πατρίους

2131 818 2307 885 θυσίας
2341 820 2541 877 διοικεῖ.
2640 817 2795 877 Δίκαι
2847 815 2901 877 δὲ
2946 817 3074 899 πρὸς
3119 819 3273 878 αὐτὸν
3316 820 3679 901 λαγχάνονται

2131 903 2401 977 ἀσεὸείας,
2428 900 2708 984 ἱερωσύνης
2725 948 2742 976 ,
2771 902 3240 985 ἀμφισὸητήσεως·
3258 904 3349 965 καὶ
3368 908 3474 975 τοῖς
3502 907 3674 987 γένεσι

2131 991 2349 1059 καὶτοῖς
2371 994 2554 1071 ἱεροῖσι
2576 998 2735 1049 πᾶσιν
2763 989 2914 1057 αὐτὸς
2939 991 3154 1065 δικάζει,
3174 991 3265 1051 καὶ
3288 991 3377 1060 τὰς
3402 1000 3491 1054 τοῦ
3520 994 3687 1075 φόνου

2131 1078 2275 1146 δίκας
2293 1081 2363 1147 εἰς
2376 1080 2435 1139 Ἀ
2444 1101 2576 1159 ρειον
2595 1078 2760 1157 πάγον
2789 1077 3019 1157 εἰσάγει,
3049 1078 3139 1137 καὶ
3162 1079 3249 1139 τὸν
3271 1079 3519 1162 στέφανον
3543 1085 3683 1143 ἀπο·

2131 1166 2339 1244 θέμενος
2360 1166 2452 1227 σὺν
2479 1167 2650 1234 αὐτοῖς
2669 1165 2883 1235 δικάζει.
2908 1166 3259 1248 Προαγορεύει
3290 1166 3345 1227 δὲ
3373 1176 3478 1237 τοῖς
3506 1171 3559 1228 ἐν
3588 1172 3679 1229 αἷ-

2128 1255 2216 1335 τία
2263 1253 2551 1333 ἀπέχεσθαι
2591 1251 2886 1333 μυστηρίων
2927 1251 3018 1313 καὶ
3062 1257 3166 1313 τῶν
3212 1253 3385 1314 ἄλλων
3414 1255 3677 1334 νομίμων·

2131 1341 2326 1411 δικάζει
2355 1343 2408 1400 δὲ
2437 1340 2526 1400 καὶ
2556 1340 2649 1407 τὰς
2683 1343 2786 1399 τῶν
2816 1338 3035 1421 ἀψύχων
3077 1340 3245 1410 δίκας.
3275 1341 3389 1415 Τὴν
3424 1342 3479 1403 δὲ
3508 1367 3687 1405 συνοι-

2131 1434 2322 1488 κοῦσαν
2348 1430 2490 1508 αὐτῷ
2518 1428 2830 1507 βασίλισσαν
2850 1429 3118 1491 καλοῦσιν.

2848 1572 2944 1632 28.

2211 1721 2656 1793 Harpocration:
2691 1715 3123 1797 Πολέμαρχος
3148 1760 3164 1789 ,
3192 1719 3226 1774 ἅ
3259 1716 3331 1796 χή
3358 1741 3436 1785 τις
3461 1711 3524 1791 ἦν
3549 1724 3686 1802 παρ’

2134 1804 2414 1877 Ἀθηναίοις
2431 1801 2566 1861 οὕτω
2586 1802 2900 1878 καλουμένη.
2922 1799 3082 1865 Ἔστι
3110 1802 3163 1862 δὲ
3191 1740 3264 1872 είς
3280 1808 3382 1863 τῶν
3411 1805 3556 1865 ἐννέα
3585 1810 3683 1887 ἀρ·

2131 1890 2351 1971 χόντων.
2382 1889 2734 1970 Ἀριστοτέλης
2747 1891 2791 1949 δ’
2820 1893 2872 1950 ἐν
2894 1894 2959 1972 τῇ
2978 1890 3257 1964 Ἀθηναίων
3278 1892 3516 1976 πολιτεία
3544 1892 3679 1963 διεξ-

2136 1975 2296 2037 ελθὼν
2335 1975 2432 2036 ὅσα
2460 1978 2638 2036 διοικεῖ
2668 1980 2696 2036 ὁ
2726 1976 3085 2058 πολέμαρχος,
3111 2004 3135 2030 ι
3164 1977 3306 2057 Πρὸς
3331 1984 3524 2057 ταῦτα,
3578 2004 3649 2064 φη

2133 2064 2214 2123 σὶν
2230 2109 2247 2138 ,
2296 2064 2446 2132 αὐτός
2514 2087 2572 2122 τε
2602 2063 2799 2143 εἰσάγει
2841 2064 2987 2133 δίκας
3016 2065 3108 2133 τάς
3133 2089 3190 2124 τε
3232 2066 3551 2126 ἀποστασίου
3588 2070 3681 2128 καὶ

2134 2150 2482 2232 ἀπροστασίου
2510 2151 2600 2211 καὶ
2623 2151 2827 2233 κλήρων
2850 2152 2941 2212 καὶ
2960 2151 3255 2231 ἐπικλήρων
3277 2157 3382 2220 τοῖς
3404 2153 3685 2232 μετοίκοις,

2133 2240 2222 2299 καὶ
2247 2232 2415 2299 τᾶλλα
2438 2237 2534 2299 ὅσα
2558 2248 2667 2309 τοῖς
2690 2234 2925 2308 πολίταις
2952 2244 2980 2300 ὁ
3015 2240 3210 2319 ἅρχων,
3246 2246 3414 2299 ταῦτα
3452 2245 3557 2310 τοῖς
3583 2266 3678 2320 με·

2134 2326 2325 2395 τοίκοις
2347 2332 2376 2386 ὃ
2403 2327 2758 2408 πολέμαρχος.
2785 2354 2810 2379 ²·

2213 2417 2443 2492 Eadem,
2464 2418 2625 2472 missa
2638 2418 2950 2473 Aristotelis
2974 2418 3283 2488 mentione,
3303 2435 3374 2474 ex
3393 2421 3671 2494 Harpoer.

2134 2502 2333 2560 Suidas
2363 2516 2418 2559 et
2446 2505 2677 2565 Photius
2702 2523 2755 2561 v.
2786 2501 3167 2583 Πολέμαρχοςς
3201 2506 3333 2561 hinc
3368 2508 3691 2583 migrarunt

2133 2591 2193 2645 in
2214 2591 2391 2649 schol.
2421 2590 2613 2648 Aldin.
2640 2590 2714 2648 ad
2740 2591 3028 2666 Aristoph.
3060 2592 3223 2664 Vesp.
3261 2597 3428 2658 1042.
3582 2649 3587 2654 ,

2212 2678 2469 2734 Eundem
2492 2679 2802 2735 Aristotelis
2828 2679 3017 2734 locum
3036 2679 3239 2733 iterum
3268 2680 3689 2754 Harpocration

2135 2767 2309 2841 tangit
2320 2784 2378 2822 v.
2403 2761 2773 2842 Ἀπροστασίου
2798 2786 2811 2821 z
2832 2761 3169 2823 Ἀποστασίου
3180 2761 3297 2835 δίκη
3320 2763 3396 2830 τίς
3418 2767 3524 2822 ἐστι
3541 2765 3680 2824 κατὰ

2132 2852 2238 2908 τῶν
2258 2849 2771 2930 άπελευθερωθέντων
2792 2848 3038 2926 δεδομένη
3054 2856 3161 2915 τοῖς
3180 2847 3678 2930 ἂπελευθερώσασιν,

2134 2934 2224 2996 ἐὰν
2251 2935 2591 3019 Ἀφιστῶνταί
2627 2960 2684 2996 τε
2705 2937 2797 2996 ἀπ’
2828 2937 2999 2996 αὐτῶν
3024 2933 3058 3009 ἢ
3082 2933 3250 3017 ἕτερον
3290 2935 3683 3017 ἐπιγράφωνταε

2132 3024 2455 3103 προστάτην,
2477 3022 2567 3082 καὶ
2584 3022 2617 3081 ἃ
2644 3022 2938 3082 κελεύουσιν
2967 3026 3015 3082 οῖ
3036 3021 3181 3100 νόμοι
3207 3019 3276 3098 μὴ
3303 3024 3539 3082 ποιῶσιν.
3564 3024 3687 3084 Καὶ

2133 3109 2251 3177 τοὺς
2270 3110 2363 3187 μὲν
2386 3109 2603 3177 ἁλόντας
2631 3112 2710 3169 δεῖ
2734 3111 2943 3178 δούλους
2974 3100 3133 3182 εἶναι,
3151 3108 3264 3176 τοὺς
3286 3110 3342 3167 δὲ
3364 3109 3679 3181 νικήσαντας

2132 3195 2321 3264 τελέως
2340 3197 2443 3269 ἤδη
2478 3195 2842 3277 ἐλευθέρους...
2870 3195 3223 3277 Ἀριστοτέλης
3250 3194 3292 3254 δ’
3321 3198 3373 3255 ἐν
3393 3194 3683 3267 Ἀθηναίων

2133 3282 2370 3364 πολιτείᾳ
2396 3283 2517 3362 περὶ
2555 3288 2646 3341 τοῦ
2686 3283 3025 3365 πολεμάρχου
3051 3282 3237 3365 γράφει
3259 3282 3421 3343 τουτί·
3456 3310 3481 3335 ι
3510 3275 3683 3353 Οὗτος

2134 3371 2187 3431 δὲ
2205 3372 2400 3450 εἰσάγει
2414 3370 2558 3438 δίκας
2570 3370 2662 3438 τάς
2680 3394 2736 3429 τε
2752 3376 2842 3431 τοῦ
2868 3373 3187 3433 ἀποστασίου
3215 3371 3306 3434 καὶ
3329 3372 3691 3453 ἀπροστασίου·

2131 3462 2222 3523 καὶ
2245 3463 2450 3542 κλήρων
2478 3462 2568 3522 καὶ
2593 3462 2906 3545 ἐπικλήρων.
2933 3490 2958 3518 ι
2976 3467 3063 3525 Cf.
3092 3467 3276 3524 Idem.
3305 3487 3362 3527 v.
3393 3464 3679 3545 Ἧγεμονία

2133 3549 2486 3631 δικαστηρίου.

2211 3641 2295 3701 Cf.
2322 3643 2527 3698 Pollux
2563 3644 2729 3713 VIII,
2774 3661 2845 3716 91
2883 3659 2899 3700 ε
2924 3638 2993 3700 Ὁ
3013 3638 3068 3699 δὲ
3090 3639 3420 3722 πολέμαρχος
3446 3640 3554 3702 θύει
3582 3640 3688 3718 μὲν

2132 3725 2390 3808 Ἀρτέμιδι
2416 3726 2672 3809 ἀγροτέρα
2699 3725 2789 3787 καὶ
2813 3730 2886 3807 τῷ
2905 3726 3166 3808 Ἐνυαλίῳ
3186 3771 3206 3806 ,
3232 3728 3489 3801 διατίθησι
3516 3727 3570 3787 δὲ
3589 3727 3690 3787 τὸν·

2132 3815 2398 3895 ἐπιτάφιον
2427 3818 2604 3893 άγῶνα
2623 3817 2726 3875 τῶν
2749 3817 2803 3873 ἐν
2822 3814 3037 3896 πολέμῳ
3060 3815 3448 3890 ἀποθανόντων,
3467 3816 3681 3883 καὶτοῖς

2129 3901 2249 3983 περὶ
2273 3900 2540 3982 Ἁρμόδιον
2579 3901 2819 3981 ἐναγίζει.
2862 3900 3020 3962 Δίκαι
3061 3903 3115 3961 δὲ
3142 3902 3269 3982 πρὸς
3296 3902 3448 3963 αὐτὸν
3475 3903 3688 3983 λαγχά·

2129 4012 2303 4049 νονται
2319 3988 2593 4068 μετοίκων,
2614 3991 2876 4062 ἰσοτελῶν,
2898 3987 3096 4067 [Uvam
3112 3992 3245 4050 add.
3265 3989 3506 4068 Ueien]
3548 4011 3683 4067 προ-

2131 4076 2282 4146 ξένων
2296 4101 2309 4116 ·
2330 4078 2419 4137 καὶ
2441 4076 2672 4155 διανέμει
2688 4075 2747 4136 τὸ
2765 4077 2952 4156 λαχὸν,
2983 4076 3181 4157 ἑκάστῃ
3205 4080 3342 4158 φυλῇ
3368 4101 3414 4135 τι
3446 4076 3597 4155 μέρος
3614 4097 3628 4114 ·
3650 4079 3679 4105 *

2129 4163 2190 4223 τὸ
2218 4163 2312 4242 μὲν
2338 4166 2624 4237 διαιτηταῖς
2650 4161 2992 4244 παραδιδοὺς,
3025 4164 3250 4241 εἰσάγων
3290 4165 3344 4222 δὲ
3371 4162 3513 4230 δίκας
3543 4165 3671 4221 ἀπο·

2132 4252 2373 4324 στασίου,
2394 4250 2772 4333 ἀπροστασίου,
2796 4249 3029 4330 κλήρων,
3051 4252 3320 4329 μετοίκων.
3342 4285 3421 4297 --
3448 4254 3689 4309 Photius

2129 4421 2417 4482 sacrorum).
2450 4420 2723 4489 Aristoteles
2744 4420 2793 4470 in
2816 4424 2935 4483 Rep.
2960 4420 3133 4470 Athen.
3169 4419 3239 4469 sic
3268 4420 3339 4468 ait
3363 4436 3377 4469 ε
3403 4438 3428 4463 ιι
3461 4422 3564 4469 Rex
3598 4433 3681 4466 cu·

2127 4499 2203 4546 rat
2236 4497 2445 4561 primum
2475 4497 2699 4560 mysteria
2753 4510 2867 4547 cum
2923 4496 3226 4547 curatoribus
3240 4531 3257 4557 ,
3312 4495 3395 4559 qui
3433 4508 3464 4545 a
3499 4495 3689 4559 populo

2126 4578 2349 4627 creamur
2377 4589 2578 4626 numero
2596 4580 2842 4642 quattuor,
2867 4577 2966 4627 duo
2983 4590 3041 4627 ex
3064 4576 3289 4627 omnihus
3318 4575 3506 4625 civibus
3524 4575 3677 4625 Athe·

2126 4654 2396 4718 aiensibus,
2411 4654 2582 4705 tertius
2597 4667 2655 4706 ex
2679 4655 2997 4718 Eumolpldis,
3021 4657 3223 4719 quartus
3239 4666 3268 4703 e
3288 4653 3565 4717 ceryclhus.
3590 4671 3621 4697 ι

2189 4821 2552 4883 PolemarchuS,
2575 4821 2880 4884 magistratus
2901 4820 3005 4871 erat
3033 4818 3252 4881 Athenis,
3273 4830 3400 4867 unus
3426 4816 3487 4868 tle
3505 4830 3686 4867 novem

2125 4897 2448 4949 archontibus.
2462 4897 2735 4948 Aristoteles
2746 4897 2921 4961 inRep.
2935 4896 3310 4956 Atheniensium,
3322 4907 3433 4958 quoe
3446 4893 3685 4957 polemar·

2124 4976 2245 5025 chus
2261 4972 2557 5025 administret
2569 4978 2847 5036 persecutus
2859 4993 2874 5024 ε
2891 4993 2916 5018 «ι
2928 4973 3000 5023 Λᾶ
3018 4973 3141 5033 mec,
3151 4970 3326 5034 inquit,
3337 4971 3683 5021 Polemarehus

2124 5051 2384 5102 introducit
2405 5063 2572 5101 causas
2589 5050 2838 5101 detrectati
2855 5053 2904 5100 et
2924 5049 3125 5111 neglecti
3138 5047 3389 5112 patrocinii
3415 5051 3463 5097 et
3485 5047 3679 5098 heredi·

2124 5130 2281 5179 tatum
2298 5129 2350 5178 et
2372 5127 2659 5191 pupillarum
2678 5126 2909 5178 heredum
2934 5125 3201 5189 inquilinis3
3225 5126 3276 5173 et
3301 5124 3499 5174 omnino
3522 5123 3679 5187 quod·

2124 5218 2315 5269 cunque
2332 5204 2511 5255 archon
2524 5204 2727 5281 civibus,
2750 5205 2797 5254 id
2811 5204 3005 5267 praestat
3024 5202 3268 5272 inquilinis
3280 5200 3629 5267 polemsrchus.
3652 5219 3683 5244 ι
