4016 5916
1540 404 1640 463 DE
1684 404 1925 464 BEBUS
1964 403 2328 464 PUBLlClS.

3415 418 3541 487 202,

336 533 497 603 σαλὸς
522 534 575 592 δὲ
604 531 846 614 νεώτερος
874 533 902 563 ⁴⁸
922 534 948 559 *
972 532 1064 592 καὶ
1086 531 1289 613 θρασύς.
1317 535 1515 592 Τοῦτον
1539 539 1885 615 τυραννοῦντα
1977 542 2245 602 studiosus;
2260 539 2512 592 Thessalus
2526 544 2681 591 minor
2691 546 2807 591 natu
2823 542 3073 593 ”audax
3091 546 3231 593 Hunc
3247 544 3532 609 (Hippiam)

342 623 418 698 μὴ
468 619 762 693 δυνηθέντες
805 621 1004 679 ἀνελεῖν
1025 665 1041 693 ,
1088 620 1390 700 Ἵππαρχον
1438 619 1746 680 ἀπέκτειναν
1801 622 1886 681 τὸν

341 708 560 791 ἀδελφὸν
589 711 763 769 αὐτοῦ.
794 707 1005 776 Ἱππίας
1028 708 1081 768 δὲ
1110 709 1411 790 πικρότερον
1445 710 1725 789 ἐτυράννει.

418 818 463 857 7.
511 795 824 869 Κλεισθένης
847 795 933 854 τὸν
958 796 1074 877 περὶ
1107 797 1458 875 ὀστρακισμοῧ
1487 796 1641 873 νόμον
1670 796 1888 875 εἰσηγή-

341 906 501 959 σατο,
534 880 587 949 ὃς
614 881 762 955 ἐτέθη
792 881 877 940 διὰ
909 880 1025 948 τοὺς
1063 884 1458 962 τυραννιῶντας.
1502 880 1610 942 Καὶ
1647 881 1795 940 ἄλλοι
1832 905 1888 940 τε

339 967 793 1048 ὠστρακίσθησαν,
816 968 905 1027 καί
935 968 1240 1035 Ξάνθιππος
1266 967 1355 1026 καὶ
1380 966 1707 1047 Ἀριστείδης.

419 1076 465 1117 a.
509 1054 791 1137 Ἐφιάλτης
812 1054 928 1121 τοὺς
966 1054 1122 1121 ἰδίους
1153 1055 1342 1134 ἀγροὺς
1364 1053 1637 1132 ὀπωρίζειν
1666 1054 1887 1134 παρεῖχε

334 1146 446 1209 τοῖς
478 1142 833 1223 βουλομένοις,
862 1142 914 1211 ἐξ
941 1133 1014 1202 ὧν
1038 1141 1257 1209 πολλοὺς
1282 1143 1548 1210 ἐδείπνιζε.

419 1251 465 1291 ⁹.
513 1230 694 1292 Κλέων
722 1228 1045 1309 παραλαὸὼν
1088 1228 1336 1310 διέφθειρε
1374 1228 1433 1286 τὸ
1471 1226 1763 1304 πολίτευμα
1797 1226 1887 1286 καὶ

336 1321 417 1379 ἔτι
443 1320 638 1396 μᾶλλον
666 1320 714 1376 οῖ
754 1321 868 1394 μετ’
908 1316 1080 1389 αὐτὸν,
1122 1315 1171 1376 οἳ
1197 1316 1396 1383 πάντας
1429 1314 1647 1392 ἀνομίας
1674 1315 1888 1387 ἐνέπλη-

332 1428 460 1479 σαν,
505 1404 594 1463 καὶ
635 1406 833 1463 ἀνεῖλον
866 1406 962 1462 οὒκ
1002 1404 1247 1469 ἐλάσσους
1285 1402 1466 1483 χιλίων
1506 1401 1883 1463 πεντακοσίων.

332 1491 555 1553 Τούτων
604 1490 658 1549 δὲ
700 1489 1115 1563 καταλυθέντων,
1160 1488 1531 1570 Θρασύὸουλος
1568 1489 1659 1548 καὶ
1701 1487 1887 1549 Ῥίνων

337 1576 786 1659 προειστήκεισαν,
811 1576 865 1645 ὃς
890 1569 952 1650 ἦν
978 1577 1109 1659 ἀνὴρ
1136 1577 1292 1643 καλὸς
1316 1576 1557 1654 κάγαθός.

420 1688 486 1727 10.
531 1667 933 1745 [Θεμιστοκλῆς
951 1665 1041 1724 καὶ
1058 1664 1369 1745 Ἀριστείδης
1396 1664 1527 1743 καὶ]
1552 1670 1587 1737 ἡ
1616 1663 1667 1732 ἐξ
1693 1664 1886 1743 Ἀρείου

338 1757 510 1831 πάγου
551 1751 710 1834 βουλὴ
752 1752 923 1812 πολλὰ
967 1751 1200 1811 ἐδύνατο.
1246 1752 1353 1811 Καὶ
1392 1756 1494 1810 τῶν
1540 1754 1672 1810 ὁδῶν
1712 1756 1885 1828 ἐπιμε-

338 1844 546 1900 λοῦνται
564 1885 581 1918 ,
613 1839 752 1907 ὅπως
793 1839 868 1916 μή
896 1862 1029 1905 τινες
1071 1839 1475 1917 ἀνοικοδομῶσιν
1505 1837 1665 1905 αὐτὰς
1699 1837 1734 1910 ἢ
1763 1840 1888 1919 δρυ·

336 1930 565 2011 φάκτους
592 1926 976 2006 ὑπερτείνωσιν.
1076 1940 1085 1949 “

424 2038 490 2076 ιι.
535 2014 765 2093 Ὁμοίως
819 2014 873 2073 δὲ
918 2018 1192 2072 καθιστᾶσι
1234 2013 1324 2072 καὶ
1362 2013 1476 2082 τοὺς
1510 2013 1722 2090 ἕνδεκα,
1768 2013 1888 2081 τοὺς

340 2100 810 2181 ἐπιμελησομένους
828 2106 930 2159 τῶν
946 2104 997 2159 ἐν
1024 2101 1385 2181 δεσμωτηρίῳ.
1408 2101 1527 2161 Εἰσὶ
1552 2101 1604 2160 δὲ
1624 2101 1714 2160 καὶ
1739 2101 1885 2160 ἐννέα

342 2193 585 2271 ἄρχοντες
622 2188 970 2265 θεσμοθετικοὶ
1008 2186 1058 2247 οἳ
1099 2188 1492 2266 δοκιμασθέντες
1521 2190 1765 2265 ὀμνύουσι
1806 2191 1879 2247 δι·

332 2362 432 2408 hoc
459 2362 531 2408 est
555 2361 810 2422 oxytonon.
832 2360 893 2407 V.
917 2356 1080 2419 steph.
1105 2358 1565 2406 Thes—Lacunam
1598 2359 1705 2419 post
1728 2359 1890 2404 νεώτε-

341 2427 415 2492 ρος
435 2429 620 2479 notavit
636 2428 1232 2490 Schneidewin.,qumiam
1252 2441 1363 2491 quac
1389 2430 1655 2490 sequuntur
1672 2427 1720 2475 in
1743 2428 1889 2476 Thes·

338 2500 511 2557 salum,
530 2497 591 2547 de
608 2510 705 2560 quo
724 2497 828 2546 vide
851 2496 1042 2546 Diodor.
1062 2499 1122 2556 X,
1148 2502 1204 2546 16
1218 2533 1233 2555 ,
1263 2496 1389 2545 haud
1417 2497 1611 2545 cadunt.
1632 2515 1656 2538 α
1687 2496 1761 2545 Ad
1774 2509 1883 2545 sen-

340 2570 540 2619 tentiam
566 2572 693 2618 recte
725 2569 872 2629 (nam
909 2566 1017 2630 quis
1039 2566 1185 2615 verba
1204 2566 1507 2628 proestabit?)
1533 2569 1580 2616 J.
1606 2570 1671 2616 M.
1693 2567 1886 2615 Schult-

338 2640 445 2688 zius
461 2639 599 2688 Stud.
628 2637 810 2701 philoll.
848 2637 1128 2687 Kilonienss.
1154 2649 1204 2696 p.
1244 2643 1331 2685 160
1350 2638 1454 2684 haec
1488 2636 1557 2685 sic
1595 2636 1692 2685 sere
1716 2635 1887 2685 reficie-

344 2711 426 2759 bat
461 2730 472 2758 :
505 2710 744 2764 Θέσσαλος
762 2708 811 2756 δὲ
847 2707 1066 2770 νεώτερος
1089 2705 1371 2768 [φιλόδημος
1398 2707 1477 2754 καὶ
1512 2710 1682 2770 πρᾶος,
1709 2705 1889 2763 Ἱππίας

341 2780 389 2828 δὲ
408 2778 597 2842 πικρὸς]
615 2780 696 2827 καὶ
715 2777 899 2841 θρασύς.
921 2779 1063 2827 certe
1080 2775 1118 2824 δ’
1138 2776 1165 2824 ὁ
1179 2776 1394 2838 νεώτερος
1411 2775 1630 2825 debebat.
1649 2778 1722 2824 lta
1738 2778 1887 2824 Hera·

342 2849 486 2899 clides
514 2862 626 2898 cum
668 2845 947 2909 Thucydide
981 2845 1279 2903 conciliatur,
1321 2844 1381 2894 de
1415 2858 1514 2907 quo
1552 2858 1688 2894 secus
1722 2845 1890 2894 statuit

338 2919 575 2969 Goellerus
598 2920 716 2968 tom.
746 2919 820 2977 11,
851 2928 915 2978 p..
936 2922 1022 2966 110
1054 2928 1128 2977 sq.
1157 2913 1231 2964 ed.
1263 2914 1406 2977 prior.
1428 2933 1452 2957 υ
1492 2913 1798 2965 Schneidew.
1827 2939 1890 2950 —

348 2994 505 3038 τοῦτον
521 2990 600 3038 τὸν
621 2991 928 3051 τυραννοῦντα
960 2987 1048 3035 Bc
1060 3001 1075 3044 ;
1100 2985 1346 3043 δυνηθέντα
1364 2989 1469 3041 Ac,-
1496 2987 1757 3048 Ἵππαρχον
1780 2985 1891 3034 ἀπέ-

344 3075 516 3108 κτεινεν
541 3061 688 3116 ABG.
712 3058 970 3119 Ἵππαρχος
1010 3055 1248 3104 ἀπέκτεινε
1287 3054 1400 3117 ςΐρς
1423 3056 1607 3111 Ἱππέας
1627 3068 1716 3117 αρ,
1735 3054 1890 3116 πικρὸ·

338 3145 459 3178 τατα
472 3130 614 3177 ABG.
641 3156 705 3169 -
730 3131 775 3176 7.
800 3124 1100 3188 Κλεισθένης]
1122 3138 1151 3174 e
1166 3126 1292 3187 conj.
1314 3125 1657 3187 511115οηί55καί
1679 3124 1804 3174 libri.
1828 3127 1888 3173 V.

346 3199 517 3249 Elian.
540 3201 600 3246 V.
622 3200 682 3248 H.
708 3203 778 3259 ta,
798 3200 857 3245 24
878 3215 892 3246 ε
918 3197 1193 3252 Κλεισθένης
1211 3196 1261 3244 δὲ
1288 3196 1314 3243 ὁ
1347 3195 1574 3252 Ἀθηναῖος
1596 3196 1649 3244 τὸ
1687 3196 1777 3243 δεῖν
1804 3196 1892 3251 ἐξο·

346 3267 671 3332 στρακίζεσθαι
685 3272 861 3330 πρῶτος
883 3265 1248 3328 εἰσηγησάμενος
1273 3266 1407 3322 αὐτὸς
1434 3267 1568 3328 ἔτυχε
1600 3271 1681 3323 τῆς
1704 3265 1889 3313 καταδί·

345 3355 429 3395 κης
449 3343 644 3399 πρῶτος.
663 3336 843 3393 Quibus
858 3339 968 3398 apte
996 3334 1218 3397 subjungi
1256 3337 1444 3397 possent
1464 3349 1574 3397 quae
1619 3338 1892 3397 sequuntur

346 3421 423 3470 ap.
447 3406 759 3456 Heraclidem.
794 3412 1004 3468 Corayus
1026 3409 1075 3455 et
1098 3404 1487 3455 Schneidewinus
1515 3405 1770 3454 retinentes
1801 3418 1891 3453 vo-

344 3488 450 3526 cem
478 3477 558 3523 καὶ
595 3487 711 3523 mox
742 3473 955 3524 scribunt
991 3477 1300 3537 εἰσηγήσαντο
1327 3476 1429 3533 (sc.
1453 3475 1809 3537 Athenienses).
1831 3503 1892 3515 -

345 3552 391 3596 8.
408 3542 685 3608 Ἐφιάλτης]
708 3544 974 3606 Ephialtem
993 3545 1286 3607 excerptoris
1303 3545 1442 3606 culpa
1459 3558 1544 3606 pro
1561 3544 1759 3593 Cimone
1778 3544 1888 3606 poni

350 3617 512 3664 censet
539 3614 744 3664 Sintcnis
770 3615 833 3663 ad
850 3615 1093 3664 Plutarch.
1115 3614 1290 3665 Pericl.
1316 3627 1361 3664 c.
1380 3619 1426 3664 9.
1451 3614 1521 3665 Ad
1541 3627 1707 3662 vocem
1728 3615 1888 3675 βουλο·

344 3689 497 3747 μένοις
515 3687 683 3746 sponte
709 3684 1023 3746 subintelligis
1050 3691 1142 3734 τῶν
1166 3684 1412 3744 Ἀθηναίων
1439 3685 1513 3733 vel
1548 3689 1641 3733 τῶν
1667 3686 1887 3734 πολιτῶν.

342 3757 415 3805 Cf.
440 3756 771 3817 Theopompus
791 3753 850 3804 t'r.
877 3759 937 3805 94
980 3774 991 3803 ε
1016 3755 1239 3818 Κίμων...
1277 3755 1440 3803 οὐδένα
1458 3759 1540 3802 τοῦ
1561 3759 1742 3816 καρποῦ
1765 3755 1890 3804 καθί·

344 3842 432 3874 στα
456 3826 652 3888 φύλακα,
670 3824 796 3879 ὅπως
819 3826 864 3873 οἰ
890 3824 1161 3887 βουλόμενοι
1180 3830 1273 3873 τῶν
1288 3825 1491 3873 πολιτῶν
1513 3823 1736 3878 εἰσιόντες
1759 3824 1889 3874 ὀπω-

338 3898 604 3959 ρίζωνται...
624 3895 820 3944 Ἔπειτα
845 3899 927 3952 τήν
951 3895 1103 3944 οἰκίαν
1123 3901 1315 3959 παρεῖχε
1334 3899 1490 3957 κοινὴν
1510 3898 1678 3959 ἅπασι,
1702 3902 1781 3948 καὶ
1796 3900 1890 3948 δεῖ·

344 3983 454 4017 πνον
478 3967 547 4015 ἀεὶ
576 3965 754 4020 εὖτελες
792 3966 1221 4028 παρασκευάζεσθαι
1258 3970 1445 4025 πολλοῖς
1484 3969 1739 4031 ἀνθρώποις
1756 4005 1771 4029 ,
1808 3971 1889 4018 καὶ

342 4037 447 4092 τοὺς
480 4036 677 4099 ἀπόρους
702 4034 975 4097 προσιόντας
1007 4041 1101 4085 τῶν
1132 4035 1378 4095 Ἀθηναίων
1410 4037 1635 4095 εἰσιόντας
1677 4040 1889 4088 δειπνεῖν.

351 4106 527 4156 Eodem
544 4105 688 4154 modo
722 4106 969 4154 Plutarch.
995 4106 1185 4156 Cimon.
1212 4115 1268 4157 10
1286 4127 1299 4157 2
1320 4110 1412 4157 Καὶ
1438 4109 1619 4158 δεῖπνον
1641 4110 1764 4158 οἶκοι
1785 4111 1893 4174 παρ’

346 4177 473 4238 αὐτῷ
494 4177 617 4224 λιτὸν
647 4175 748 4238 μὲν,
771 4175 940 4239 ἀρκοῦν
972 4176 1021 4224 δὲ
1038 4178 1225 4232 ποὶλοῖς
1255 4178 1455 4228 ἐποιεῖτο
1486 4180 1590 4227 καθ’
1609 4180 1802 4242 ἡμέραν,
1823 4180 1891 4243 ἐφ’

344 4249 372 4294 ὃ
394 4251 486 4294 τῶν
506 4246 712 4303 πενήτων
740 4247 767 4294 ὁ
791 4245 1065 4308 βουλόμενος
1089 4246 1249 4309 εἰσῄει.
1272 4247 1357 4296 His
1375 4248 1572 4309 opponit
1608 4249 1894 4299 Plutarchus

344 4315 663 4366 Aristotelem
687 4315 782 4377 (tr.
808 4317 869 4364 64
894 4315 933 4376 ),
957 4315 1040 4377 qui
1059 4328 1246 4364 coenam
1287 4316 1473 4365 nonnisi
1503 4317 1714 4374 laciadis
1739 4318 1892 4367 tribu·

346 4383 473 4432 libus
510 4387 722 4444 paratam
761 4396 865 4433 esse
902 4383 1037 4432 dicit.
1070 4383 1340 4434 Aristotelis
1372 4388 1536 4436 autem
1570 4388 1892 4437 narrationem

342 4452 493 4501 etiam
529 4453 786 4502 Heraclidis
830 4453 992 4502 verbis
1028 4454 1155 4503 male
1178 4455 1415 4506 truncatis
1446 4456 1638 4506 subesse
1673 4457 1894 4519 opinatur

342 4522 749 4584 Schneidewinus,
769 4536 830 4573 ne
852 4523 1090 4582 concidat,
1113 4524 1298 4586 opinor,
1317 4526 1549 4576 sententia
1567 4526 1627 4575 de
1648 4528 1893 4577 Heraclide

342 4593 717 4643 Aristoteliamm
750 4595 995 4643 πολιτειῶν
1018 4599 1312 4657 excerptum.
1350 4623 1413 4633 —
1439 4602 1488 4649 9.
1507 4596 1722 4661 πάντας]
1742 4598 1892 4647 πάντα

348 4663 557 4725 Heynius
574 4676 649 4725 ap.
672 4665 934 4714 Koelerum.
957 4694 1018 4706 -
1050 4665 1335 4730 ἐνέπλησαν]
1358 4669 1517 4717 ἀνεπλ.
1539 4670 1777 4731 Corayus,
1799 4669 1894 4718 col·

346 4735 443 4782 lato
486 4733 685 4783 Platone
717 4733 766 4782 in
814 4735 1011 4796 Apolog.
1049 4747 1094 4796 p.
1119 4741 1199 4797 32,
1235 4737 1317 4786 ubi
1338 4738 1399 4787 de
1436 4743 1497 4788 30
1524 4738 1640 4788 viris
1676 4740 1892 4797 ιπολλοῖς

345 4803 492 4852 πολλὰ
532 4805 841 4866 προσέταττον
878 4804 1148 4868 βουλόμενοι
1171 4809 1233 4862 ὡς
1263 4807 1506 4863 πλείστους
1528 4807 1790 4866 ἀναπλῆσαι
1817 4810 1891 4857 αἰ·

340 4879 471 4923 τιῶν.
490 4879 619 4924 -9.
645 4874 809 4937 χιλίων
847 4874 1198 4940 πεντακοσίων]
1230 4877 1304 4926 Cf.
1344 4877 1555 4926 AEschin.
1593 4880 1649 4926 ln
1678 4879 1889 4941 ctesiph.

340 4957 391 5005 p.
410 4947 487 5003 s7,
505 4950 557 4993 21
584 4962 597 4993 ι
613 4946 657 4992 ol
671 4944 917 5007 τριάκοντα
933 4945 1117 5002 πλείους
1132 4948 1159 5005 ἢ
1174 4946 1348 5009 χιλίους
1363 4950 1443 4994 καί
1458 4947 1785 5004 πεντακοσίους
1798 4953 1892 4998 τῶν

344 5015 540 5063 πολιτῶν
561 5013 773 5078 ἀκρίτους
795 5015 1066 5065 ἀπέκτειναν
1088 5019 1192 5080 πρὶν
1210 5016 1292 5072 τὰς
1312 5017 1462 5073 αἰτίας
1485 5016 1686 5066 ἀκοῦσαι
1722 5018 1790 5080 ἐφ’
1819 5018 1892 5075 αῖς

342 5083 529 5143 ἔμελλον
549 5084 872 5142 ἀποθνήσκειν.
910 5085 1041 5135 idem
1077 5099 1306 5135 numerus
1328 5099 1407 5148 ap.
1451 5087 1658 5136 AEschin.
1686 5089 1757 5136 De
1786 5087 1889 5137 [1115.

341 5153 432 5216 leg.
458 5166 505 5215 p.
535 5153 624 5214 ὅθ’,
656 5157 709 5203 14
728 5153 907 5215 ΒοίεΙς.,
928 5158 1125 5204 Isocrat.
1151 5169 1197 5218 p.
1221 5163 1332 5217 153,
1359 5169 1407 5218 p.
1431 5160 1517 5207 397
1547 5158 1604 5207 Β.
1628 5182 1688 5191 -
1708 5156 1890 5222 Ῥίνων]

501 5249 791 5286 ructes-ra
822 5250 989 5287 maron
1046 5252 1183 5287 cn.-
1209 5256 1318 5292 rot..
1341 5259 1390 5294 11.

1980 612 2285 675 tyrannidem
2313 615 2555 661 tenentem
2588 625 2739 674 quum
2775 614 3046 663 interimere
3077 627 3173 663 non
3195 622 3416 677 possent,
3439 620 3533 665 fra-

1979 683 2103 729 trem
2139 680 2242 742 eius
2281 679 2605 742 Hipparchum
2641 680 2996 731 interfecerunt.
3040 686 3149 740 Quo
3185 684 3309 732 sacto
3343 685 3535 747 Hippias

1981 750 2115 797 tauto
2137 747 2352 796 acerbior
2378 751 2608 809 tyrannus
2634 748 2839 799 exstitit.

2040 815 2087 862 7.
2122 813 2387 864 Clisthenes
2419 813 2480 863 de
2510 813 2788 865 ostracismo
2821 817 2971 878 legem
3014 817 3278 867 introduxit
3307 818 3536 869 adversus

1978 899 2281 962 tyrannidem
2304 901 2560 951 affectante
2569 915 2610 952 s.
2677 907 2744 953 Ac
2762 916 2914 966 quum
2934 904 3014 954 alii
3037 905 3128 955 hac
3146 906 3412 955 ostracismi
3433 907 3535 969 lege

1978 987 2028 1036 in
2046 988 2246 1038 exilium
2271 989 2364 1038 acti
2384 990 2496 1039 sunt
2514 1027 2530 1051 ,
2554 992 2661 1039 tum
2690 1004 2807 1041 vero
2827 992 3134 1055 Xanthippus
3159 994 3208 1042 et
3229 994 3469 1043 Aristides.

2042 1070 2088 1137 β.
2106 1066 2347 1138 Ephialtes
2357 1068 2572 1140 (Cimon)
2585 1080 2647 1116 ex
2661 1068 2787 1129 agris
2795 1068 2893 1140 suis
2908 1069 3088 1118 tructus
3099 1068 3349 1131 decerpere
3360 1073 3534 1121 volenti

1979 1139 2154 1236 gggffie
2183 1139 2362 1177 civium
2397 1128 2728 1190 permittebat5
2752 1131 3011 1192 multisque
3024 1144 3192 1179 eorum
3211 1145 3396 1181 coenam
3414 1146 3535 1195 prae·

2039 1256 2085 1299 9.
2116 1249 2262 1298 Cleon
2289 1253 2457 1299 nactus
2491 1251 2605 1313 reip.
2638 1250 3093 1303 administrationem
3123 1256 3369 1316 corrupit,
3408 1255 3534 1303 mul-

1975 1319 2123 1380 toque
2154 1318 2302 1380 magis
2331 1320 2414 1381 qui
2447 1333 2557 1369 eum
2590 1320 2743 1370 secuti
2784 1323 2910 1370 sunt.
2953 1324 3009 1370 Hi
3050 1323 3276 1384 (triginta
3313 1324 3535 1386 tyranni)

1975 1402 2142 1438 omnes
2183 1389 2341 1452 legum
2378 1392 2658 1453 contemptu
2691 1393 2963 1454 replerunt,
3006 1394 3403 1456 sustuleruntque
3440 1408 3535 1443 non

1977 1461 2223 1520 pauciores
2267 1460 2399 1508 mille
2450 1462 2738 1521 quingentis.
2793 1466 2970 1511 Eversa
3020 1476 3190 1511 eorum
3253 1464 3533 1524 tyrannide,

1977 1528 2300 1591 Thrasybulus
2339 1531 2389 1579 et
2427 1530 2613 1579 Rhinon
2647 1530 2721 1581 vir
2772 1530 2928 1581 bonus
2964 1533 3014 1581 et
3054 1531 3229 1594 probus
3265 1533 3536 1594 reipublicae

1975 1602 2283 1664 praefuerunt.

2042 1680 2116 1723 10.
2150 1676 2352 1724 Senatus
2373 1674 2727 1737 Areopagiticus
2758 1675 3021 1738 plurimum
3041 1675 3090 1725 in
3119 1677 3359 1739 republica
3399 1680 3534 1739 pote·

1977 1765 2070 1810 rat.
2106 1761 2209 1811 Viae
2236 1775 2430 1825 quoque
2466 1762 2991 1831 Atheniensibuscuroe
3023 1767 3194 1826 crant,
3229 1778 3289 1813 ne
3323 1764 3432 1827 quis
3454 1778 3534 1813 eas

1978 1848 2308 1898 inaedificando
2348 1848 2618 1899 obstrueret
2664 1850 2737 1899 vel
2780 1851 3016 1900 Maeniana
3052 1852 3192 1901 nimis
3223 1852 3272 1900 in
3314 1865 3394 1901 eas
3430 1866 3536 1914 pro·

1986 1935 2214 1990 tenderet.

2049 2028 2121 2073 11.
2157 2026 2276 2073 Item
2297 2025 2522 2073 crearunt
2541 2023 2886 2085 (Athenienses)
2910 2024 3135 2075 undecim
3153 2026 3306 2087 viros,
3325 2027 3408 2090 qui
3427 2042 3535 2077 car·

1984 2124 2092 2159 cere
2135 2110 2329 2161 inclusis
2384 2113 2640 2173 praeerant.
2702 2114 2827 2160 Sunt
2871 2113 3018 2162 etiam
3065 2127 3239 2163 novem
3281 2115 3535 2164 archontes

1977 2199 2336 2260 thesmothetoe‚
2378 2199 2461 2261 qui
2503 2198 2645 2248 simul
2677 2212 2734 2248 ac
2773 2200 2958 2261 probati
3003 2200 3097 2250 sint
3117 2240 3132 2263 ‚
3172 2202 3364 2251 solenne
3399 2203 3537 2265 jura-

1980 2369 2107 2404 unus
2125 2359 2164 2405 X
2190 2357 2401 2405 xirorum
2420 2393 2434 2417 ,
2456 2357 2536 2418 qui
2560 2358 2755 2418 triginta
2770 2358 2897 2407 viros
2914 2362 3222 2420 exceperunt.
3266 2362 3326 2407 V.
3351 2362 3537 2408 lsocra·

1978 2429 2074 2474 tem
2095 2439 2142 2488 p.
2158 2430 2264 2475 372.
2278 2427 2351 2475 Cf.
2374 2426 2602 2476 Meineke.
2624 2430 2704 2476 Fr.
2730 2430 2864 2476 Com.
2887 2431 2927 2488 1,
2945 2442 2989 2489 p.
3006 2433 3110 2476 209.
3129 2428 3421 2489 Negligenter
3440 2430 3541 2492 egit

1975 2497 2242 2555 excerptor.
2269 2514 2291 2536 «ι
2315 2498 2596 2544 Narraverat
2613 2499 2801 2557 auctor,
2825 2495 3215 2546 Schneidewinus
3229 2498 3313 2558 ait,
3335 2498 3537 2559 Thrasy·

1977 2562 2145 2611 bulum
2166 2562 2279 2612 tusis
2302 2563 2450 2625 copiis
2475 2565 2666 2626 triginta
2683 2566 2898 2614 virorum
2915 2569 3242 2628 occupatoque
3257 2568 3437 2615 Piraeeo
3453 2581 3534 2629 po·

1975 2633 2190 2693 putarem
2209 2636 2388 2683 statum
2407 2633 2614 2684 civitatis
2643 2636 2956 2694 instaurasse,
2995 2635 3201 2684 Rhinoni
3239 2640 3400 2685 autem
3423 2650 3535 2689 cum

1975 2702 2167 2763 collegis
2195 2703 2294 2752 suis
2317 2706 2423 2764 post
2441 2703 2791 2754 abdicationem
2830 2706 3024 2767 triginta
3059 2705 3275 2754 virorum
3293 2705 3535 2757 civitatem

1976 2773 2277 2823 commissam
2305 2774 2461 2823 fuisse.
2488 2795 2513 2819 ι»
2543 2772 2705 2825 -’10.
2730 2778 2843 2838 θεμ.
2862 2778 2941 2825 καὶ
2971 2775 3054 2839 Ἀρ.
3079 2774 3191 2838 καὶ]
3215 2776 3349 2824 uncis
3388 2776 3537 2827 inclu-

1974 2844 2036 2892 sit
2054 2843 2467 2905 Schneidewinus,
2494 2845 2767 2907 rectissime3
2788 2845 2945 2895 delata
2957 2846 3052 2894 huc
3072 2846 3292 2894 videntur
3305 2845 3378 2908 e§
3400 2850 3450 2895 7.
3473 2874 3538 2884 -

1975 2915 2055 2963 καὶ
2071 2916 2114 2963 οἰ
2129 2914 2355 2979 ἑξἉρεοπ.
2374 2918 2428 2977 Α;
2443 2915 2637 2966 deinde:
2655 2916 2842 2966 ἐδύνατο
2858 2919 3117 2978 wopam
3130 2916 3342 2965 ἐδύναντο
3354 2919 3536 2968 cett.—

1977 2984 2324 3048 ἐπιμελοῦνται]
2349 2988 2459 3046 ΑΒ;
2484 2987 2788 3050 ἐπεμελοῦντο
2806 2985 2971 3036 ceteri.
2995 2988 3209 3048 Vulgatae
3231 2988 3538 3050 ἐπεμελοῦντο

1978 3055 2232 3104 innitentes
2249 3056 2598 3118 allegantoeque
2613 3058 2886 3105 AEschinem
2906 3059 2963 3106 C.
2982 3058 3241 3105 Timocrat.
3269 3070 3317 3119 p.
3352 3063 3428 3119 11,
3449 3061 3536 3109 viri

1976 3125 2106 3174 docti
2142 3129 2412 3174 statuerunt
2451 3139 2617 3176 curam
2654 3127 2967 3176 aedificiorum
2994 3132 3237 3189 Areopago
3279 3127 3422 3179 fuisse
3451 3129 3536 3179 de·

1978 3192 2250 3242 mandatam
2271 3197 2347 3254 (V.
2371 3195 2662 3245 Schoemann
2696 3200 2763 3246 De
2789 3197 2998 3246 comitiis
3027 3209 3074 3259 p.
3105 3199 3212 3258 294,
3242 3196 3419 3248 Hister.
3437 3199 3534 3261 jur.

1978 3263 2176 3324 publ.p.
2208 3270 2317 3317 300,
2350 3265 2602 3314 Schubert.
2643 3269 2714 3315 De
2753 3267 2882 3317 aedit.
2909 3280 2953 3328 p.
2977 3274 3156 3327 ὥρῳ,
3190 3266 3272 3314 alii
3293 3267 3328 3328 ).
3356 3272 3538 3318 Contra

1980 3333 2378 3383 Schneidewinus
2400 3338 2564 3384 monet
2599 3335 2707 3385 loco
2749 3338 2984 3386 AEschinis
3001 3337 3116 3386 nihil
3161 3336 3381 3401 probari3
3410 3341 3534 3401 apud

1980 3403 2278 3452 Heraclidem
2297 3416 2411 3452 vero
2430 3406 2636 3465 optimos
2681 3406 2828 3455 libros
2854 3407 3069 3468 praebere
3111 3405 3362 3455 lectionem
3381 3409 3535 3470 ἐπιμε-

1977 3473 2179 3533 λοῦνται,
2198 3473 2328 3535 quod
2344 3472 2527 3521 dictum
2554 3474 2617 3522 sit
2633 3474 2772 3524 sicuti
2797 3475 2846 3524 id
2864 3475 2994 3537 quod
3023 3476 3237 3537 sequitur
3263 3493 3276 3523 ε
3297 3476 3468 3536 ὁμοίως
3487 3481 3536 3528 δὲ

1977 3544 2243 3604 καθιστᾶσι,
2267 3556 2334 3592 sc.
2361 3547 2406 3592 οἱ
2431 3544 2673 3606 Ἀθηναῖοι,
2692 3560 2751 3593 cx
2772 3559 2907 3594 more
2934 3544 3225 3607 excerptoris
3260 3547 3427 3595 nostri.
3468 3552 3537 3600 De

1978 3624 2030 3660 re
2053 3612 2113 3660 cs.
2142 3613 2331 3662 Aristot.
2360 3613 2459 3662 Pol.
2491 3616 2587 3672 Vl,
2609 3622 2657 3676 5,
2685 3619 2733 3674 3,
2761 3619 2813 3664 et
2830 3615 3040 3664 AEschin.
3078 3618 3132 3662 ln
3158 3606 3366 3676 ctesiph.
3389 3614 3419 3678 §
3455 3625 3533 3680 25,

1977 3695 2023 3743 p.
2049 3686 2159 3741 419,
2187 3682 2265 3731 ubi
2290 3684 2496 3732 ὁδοποιοὶ
2517 3688 2863 3734 memorantur.
2895 3711 2959 3722 —
2993 3683 3269 3748 δρύοακτοι]
3291 3685 3339 3733 b.
3361 3686 3400 3743 l.
3423 3691 3536 3738 sunt

1976 3754 2037 3801 τὰ
2053 3759 2145 3802 τῶν
2164 3755 2549 3817 οἰκοδομημάτων
2592 3756 2810 3819 ἐξέχοντα
2846 3758 2956 3813 ξύλα
2993 3755 3179 3817 (schol.
3215 3755 3354 3804 Arist.
3386 3760 3531 3821 vesp.

1979 3828 2098 3885 385,
2139 3827 2224 3886 Eq.
2262 3829 2352 3874 672
2375 3827 2410 3884 ),
2451 3824 2598 3874 latine
2635 3828 2930 3887 Maem‘ana,
2968 3824 3104 3874 nobis
3127 3823 3351 3874 bale-ons.
3396 3828 3534 3889 Apud

1981 3893 2380 3943 Pseudo-Aristot.
2416 3897 2591 3943 OEcon.
2615 3898 2658 3943 ll
2679 3931 2693 3954 ,
2715 3908 2758 3944 c.
2789 3903 2816 3945 5
2845 3896 3039 3958 Hippias
3064 3896 3280 3953 πωλῆσαι
3302 3896 3454 3946 fertur
3474 3900 3533 3946 τὰ

1977 3964 2264 4026 ὑπερέχοντα
2286 3970 2378 4013 τῶν
2407 3966 2629 4028 ὑπερῴων
2642 3968 2706 4022 εἰς
2719 3967 2799 4023 τὰς
2818 3966 3042 4028 δημοσίας
3062 3965 3209 4019 ὁδούς.
3232 3967 3457 4016 Ceterum
3473 3982 3534 4018 ex

1978 4034 2214 4096 excerptis
2249 4035 2422 4084 nostris
2453 4037 2583 4096 patet
2618 4036 2920 4087 Heraclidem
2947 4037 3014 4085 ita
3043 4048 3142 4084 rem
3165 4035 3451 4097 instituisse,
3481 4041 3533 4088 ut

1976 4103 2186 4164 primum
2207 4103 2451 4153 historiam
2481 4106 2841 4156 Atheniensium
2870 4107 2988 4168 reip.
3009 4118 3166 4167 usque
3185 4104 3244 4152 ad
3275 4118 3362 4154 sua
3389 4106 3536 4168 ipsius

1977 4175 2195 4235 tempora
2214 4177 2488 4236 enarraret,
2509 4189 2567 4225 ac
2585 4180 2691 4225 tum
2709 4176 2906 4226 demum
2922 4176 2982 4226 de
3000 4175 3194 4236 singulis
3214 4175 3331 4237 reip.
3347 4175 3532 4225 institu-

1977 4242 2040 4293 tis
2059 4244 2328 4295 accuratius
2350 4248 2625 4308 exponeret.
2641 4276 2706 4287 —
2732 4252 2805 4296 11.
2825 4253 2918 4295 τῶν
2937 4248 2984 4296 ἐν
3003 4251 3071 4309 τῷ
3090 4247 3222 4308 δεσμ.
3245 4245 3266 4311 ]
3292 4250 3465 4297 ΑΒΟΡ
3485 4252 3534 4300 et

1979 4328 2127 4377 marg.
2141 4330 2177 4379 p
2192 4333 2208 4376 ;
2223 4321 2316 4365 τῶν
2334 4317 2663 4380 δεσμωτηρίων
2678 4316 2831 4372 abcef
2837 4319 2886 4366 et
2902 4330 2987 4380 pr.
3003 4329 3069 4379 υς
3089 4323 3182 4366 τῶν
3201 4318 3453 4380 δεσμωτῶν
3477 4320 3529 4368 d.

1975 4411 2041 4425 --
2075 4387 2388 4447 θεσμοθετικοί
2427 4385 2516 4451 οἳ]
2553 4386 2935 4449 Schneidewin.;
2982 4387 3294 4448 θεσμοθετικοί
3327 4388 3531 4451 (θεσμο-

1976 4456 2154 4512 τητικοὶ
2176 4458 2231 4506 0.
2251 4459 2268 4518 )
2291 4458 2371 4505 καὶ
2391 4460 2435 4506 οἰ
2460 4460 2559 4517 AG,
2583 4457 2851 4519 θεσμοθέται
2876 4457 2955 4506 καὶ
2975 4459 3019 4505 οἰ
3039 4456 3225 4517 reliqui.
3249 4457 3448 4519 Cragius
3473 4459 3536 4509 de

1977 4536 2067 4573 suo
2079 4524 2276 4574 dederat
2295 4527 2424 4574 ἐννέα
2447 4526 2662 4590 ἄρχοντες
2685 4526 2750 4574 ὧν
2770 4528 3071 4589 θεσμοθέταις
3101 4526 3210 4574 hinc
3232 4528 3296 4574 ὧν
3319 4527 3530 4590 θεσμοθέ·

1977 4611 2054 4643 ται
2073 4594 2155 4660 [ἓξ]
2173 4595 2305 4646 dedit
2344 4600 2584 4659 Corayus,
2607 4600 2920 4660 proposuerat
2950 4596 3186 4645 Koelerns.
3215 4598 3532 4648 Thesmothe-

1976 4668 2138 4715 tarum
2171 4680 2347 4716 nomen
2392 4667 2454 4716 de
2491 4667 2716 4717 omnibus
2746 4679 2920 4716 norem
2947 4667 3261 4715 archontibus
3293 4668 3532 4719 interdum

1978 4736 2196 4798 usurpari
2214 4738 2356 4786 docet
2375 4737 2533 4787 Meier.
2552 4737 2601 4785 in
2615 4735 2866 4797 Philoton.
2888 4735 3139 4795 Bloetcer(
3163 4740 3274 4786 1817
3289 4741 3324 4799 ἱ,
3343 4738 3459 4788 fasc.
3487 4749 3529 4801 1,

1977 4819 2027 4868 p.
2058 4812 2161 4855 102.
2199 4809 2257 4856 V.
2283 4807 2434 4856 schol.
2471 4807 2612 4857 Arist.
2639 4807 2764 4855 Plut.
2787 4809 2897 4867 277,
2923 4808 3063 4868 vesp.
3091 4809 3198 4856 775.
3238 4807 3312 4856 Ct‘.
3337 4809 3528 4860 Boeckh.

1978 4878 2034 4925 C.
2058 4879 2094 4925 1.
2115 4879 2155 4936 Ι,
2173 4890 2220 4939 p.
2244 4881 2353 4939 44ος
2376 4878 2535 4926 Meier.
2562 4879 2664 4926 Ace.
2691 4879 2899 4925 Prozess
2921 4888 2969 4937 p.
3001 4880 3060 4924 59
3081 4891 3096 4936 ;
3115 4877 3419 4925 Schoemann.
3444 4882 3532 4926 Jus

1977 4945 2111 5008 publ.
2131 4960 2182 5008 p.
2204 4950 2324 5006 2433
2362 4948 2622 4997 Hermann.
2659 4946 2849 5008 Antiqq.
2876 4944 2906 5009 §
2944 4949 3051 5005 138,
3089 4952 3161 4995 10.
3199 4949 3303 5007 134,
3344 4950 3393 5007 43
3421 4949 3534 4996 We-

1976 5020 2238 5066 stermann.
2262 5016 2324 5066 ad
2361 5016 2599 5066 Plutarch.
2628 5015 2792 5066 Solon.
2820 5022 2897 5077 25,
2927 5028 3027 5077 quo
3055 5015 3160 5064 loco
3197 5015 3256 5064 de
3281 5017 3381 5078 ipso
3405 5017 3531 5078 jura·

1977 5090 2142 5137 mento
2166 5093 2257 5136 τῶν
2283 5089 2572 5150 θεσμοθετῶν
2595 5099 2752 5136 sermo
2784 5090 2872 5135 est.
2911 5086 2986 5137 Cf.
3008 5086 3206 5135 Aristot.
3234 5088 3291 5135 tr.
3337 5091 3420 5147 13,
3447 5088 3529 5136 ubi

1978 5157 2194 5210 citandus
2211 5162 2314 5210 erat
2338 5160 2470 5209 locus
2508 5158 2712 5208 Pollucis
2737 5159 2870 5212 vill,
2912 5163 2971 5208 85
2999 5156 3214 5220 ιῶμνυον
3251 5159 3294 5205 οἱ
3315 5153 3532 5220 ἄρχοντες

3324 5247 3368 5287 1⁴
