4016 5916
463 445 575 496 264

502 563 671 629 ύντες.
756 565 819 640 (2)
845 561 911 622 ‘H
939 554 1028 621 οὖν
1056 562 1254 630 Ἑλλὰς
1287 565 1338 621 ἐν
1363 562 1630 642 Θετταλία
1652 554 1738 636 ἦν,
1765 564 1849 622 ὅτε
1879 564 2007 625 ποτὲ

459 674 546 726 ην,
574 651 667 708 οὐκ
693 650 744 706 ἐν
773 655 838 724 τῇ
864 649 1091 730 Ἀττικῇ.
1128 648 1194 709 Ὁ
1224 654 1346 726 γοῦν
1380 650 1600 721 ποιητής
1623 673 1774 731 φησι·

521 775 802 839 Μυρμιδόνες
830 777 877 825 δὲ
904 778 1125 826 καλεῦντο
1149 777 1228 824 καὶ
1255 777 1472 834 Ἓλληνες
1499 779 1577 825 καὶ
1605 777 1810 840 Ἀχαιοί,

462 880 802 956 Μυρμιδόνας
834 879 926 954 μὲν
950 879 1115 955 λέγων
1145 870 1417 945 εἶναιτοὺς
1442 881 1562 959 περὶ
1591 880 1684 953 τὴν
1719 882 2013 948 Θετταλίας

461 966 633 1028 Φθίαν
658 973 1024 1035 κατοικοῦντας
1041 1013 1058 1044 ,
1090 967 1359 1039 15ἸΞλληνας
1400 967 1453 1026 δὲ
1483 968 1601 1034 τοὺς
1625 973 1796 1050 μικρῷ
1824 969 2008 1048 πρότε·

462 1078 546 1132 ρον
569 1054 847 1133 ῥηθέντας,
873 1054 1109 1133 Ἀχαιοὺς
1134 1053 1186 1112 δὲ
1215 1054 1331 1120 τοὺς
1366 1055 1456 1112 καὶ
1484 1060 1571 1112 νῦν
1602 1055 1678 1114 ἔτι
1711 1061 2007 1115 κατοικοῦν-

459 1170 551 1211 τας
583 1144 873 1205 Μελίταιάν
913 1168 969 1201 τε
1006 1144 1095 1202 καὶ
1132 1143 1403 1221 Λάρισσαν
1437 1143 1531 1215 τὴν
1569 1143 1886 1224 Κρεμαστὴν
1913 1167 2008 1203 κα-

1600 461 1609 470 «
1645 432 2082 496 DicAEARcffl
2125 435 2478 500 MESSENH

2103 567 2320 617 utuntur.
2333 567 2400 631 (2)
2410 569 2571 619 Hellas
2585 568 2726 632 igitur
2742 583 2830 620 suo
2841 574 3056 635 tempore
3075 576 3124 624 in
3145 576 3405 641 Thessalia,
3426 592 3524 630 non
3541 595 3665 632 vero

2105 653 2154 702 in
2173 654 2354 716 Attica,
2372 658 2476 704 erat
2519 660 2676 718 Atque
2691 658 2780 706 hac
2798 662 2958 709 mente
2977 663 3215 712 Homerus
3229 663 3312 723 (Il.
3335 671 3363 713 2
3379 702 3393 727 ,
3415 669 3525 732 684)
3551 669 3622 718 ait
3645 689 3662 719 ε

2156 766 2459 820 Myrmidones
2476 772 2623 813 autem
2640 770 2918 816 vocabantur
2934 776 2980 818 et
2999 774 3208 821 Hellenes
3226 779 3272 821 et
3287 777 3454 823 Achaei.

2103 888 2296 938 Scilicet
2330 891 2653 952 Myrmidones
2689 876 2897 955 appellat
2931 895 3014 958 qui
3066 897 3288 948 Phthiam
3326 901 3662 956 Thessalicam

2101 975 2353 1038 tenebant,
2387 977 2606 1028 Hellenos
2624 992 2740 1028 vero
2771 993 2852 1030 eos
2878 994 3000 1044 quos
3022 983 3169 1033 modo
3187 985 3427 1051 diximus»,
3452 991 3663 1042 Achaeos

2102 1062 2307 1126 denique
2329 1077 2412 1114 eos
2428 1066 2541 1128 ,qui
2567 1067 2711 1116 etiam
2749 1082 2877 1117 nunc
2896 1070 3117 1121 habitant
3143 1074 3399 1124 Melitaeam
3426 1081 3473 1126 et
3499 1082 3663 1130 Laris-

2099 1162 2201 1198 sam
2241 1154 2515 1202 Cremasten
2546 1167 2691 1215 quam
2726 1158 2919 1217 vocant,
2954 1160 3004 1206 et
3037 1158 3224 1209 Thebas
3260 1163 3516 1227 Achaidas,
3541 1181 3660 1229 quae

458 1231 713 1310 λουμένην
740 1231 828 1289 καὶ
862 1231 1049 1301 Θήόας
1076 1230 1164 1298 τὰς
1193 1230 1441 1310 Ἀχαΐδας
1472 1230 1718 1311 πρότερον
1749 1231 2006 1304 Φυλάκην
2101 1236 2215 1286 urbs
2259 1239 2389 1300 prius
2434 1240 2636 1302 Phylace
2681 1242 3044 1306 nominabatur,
3096 1247 3226 1297 unde
3268 1252 3553 1302 Protesilaus
3594 1255 3659 1303 ad

459 1318 806 1396 καλουμένην,
838 1318 950 1377 ὅθεν
993 1311 1056 1390 ἦν
1091 1319 1180 1376 καὶ
1234 1319 1598 1399 Πρωτεσίλαος
1627 1323 1653 1375 ὁ
1696 1319 2013 1398 στρατεύσας
2101 1323 2244 1372 ilium
2262 1326 2423 1388 copias
2438 1327 2594 1378 duxit.
2626 1331 2693 1390 (3)
2725 1331 2884 1381 Hellas
2903 1331 3046 1394 igitur
3067 1337 3140 1383 est
3165 1335 3228 1384 ab
3245 1337 3441 1388 Bellene
3458 1341 3660 1393 condita

460 1410 530 1473 εἷς
547 1402 728 1466 Ἴλιον,
753 1398 938 1465 Ἔστιν
957 1397 1043 1464 οὖν
1066 1411 1101 1477 ἡ
1128 1405 1322 1472 Ἑλλὰς
1342 1405 1427 1483 ὑφ’
1450 1406 1707 1478 Ἕλληνος
1728 1409 2011 1464 οἰκισθεῖσα
2103 1411 2215 1461 urbs
2234 1412 2430 1475 ejusque
2449 1415 2591 1477 regio.
2619 1416 2751 1465 ldem
2773 1418 3019 1481 Euripides
3037 1433 3230 1484 quoque
3253 1426 3456 1475 testatur
3477 1447 3489 1477 ι

460 1492 609 1560 πόλις
635 1516 690 1551 τε
715 1490 806 1552 καὶ
825 1492 997 1572 χώρα.
1033 1495 1096 1569 (τι)
1129 1495 1401 1571 Μαρτυρεῖ
1421 1489 1474 1549 δὲ
1496 1493 1587 1551 καὶ
1616 1492 1929 1574 Εὗριπίδης·

577 1631 748 1688 Ἕλλην
772 1631 887 1694 γὰρ,
909 1633 971 1687 ὡς
995 1631 1215 1692 λέγουσι,
1241 1630 1446 1691 γίγνεται
1466 1633 1572 1688 Διὸς
1590 1669 1604 1694 ,

584 1707 671 1750 τοῦ
699 1702 740 1750 δ’
759 1703 913 1756 Αῐολος
934 1707 1041 1757 παῖς
1057 1718 1069 1730 ·
1092 1702 1262 1750 Α’ἱόλου
1282 1702 1330 1750 δὲ
1352 1705 1548 1762 Σίσυφος
1562 1738 1577 1762 ,

584 1771 781 1832 Ἀθάμας
801 1787 851 1818 τε
872 1772 1075 1833 Κρηθεύς
1093 1773 1132 1820 θ’
1154 1772 1204 1826 ὃς
1226 1772 1266 1819 τ’
1289 1772 1361 1820 ἐπ’
1381 1771 1583 1832 Ἀλφειοῦ
1605 1774 1734 1835 ῥοαῖς

580 1841 686 1889 θεοῦ
706 1842 860 1903 μανεὶς
884 1841 1035 1904 ἔρριψε
1055 1843 1326 1904 Σαλμωνεὺς
1348 1842 1507 1905 φλόγα.

460 1962 523 2038 (ι)
553 1960 747 2031 Ἑλλὰς
773 1962 867 2038 μὲν
899 1955 985 2022 oliv
1008 1964 1117 2022 ἐστὶ
1137 2009 1152 2035 ,
1180 1963 1357 2044 ὥσπερ
1391 1968 1560 2044 μικρῷ
1590 1965 1834 2045 πρότερον
1867 1969 2007 2045 εἰρή-

457 2071 645 2126 καμεν,
677 2049 741 2121 ἢν
773 2055 800 2108 δ
829 2050 947 2117 Διὸς
981 2050 1184 2124 Ἕλλην
1205 2051 1426 2122 ἔκτισεν,
1455 2053 1540 2133 ἀφ’
1564 2045 1623 2110 οὗ
1649 2053 1739 2111 καὶ
1771 2053 1829 2111 τὸ
1850 2055 2008 2123 ἔλλη·

457 2135 610 2203 νίζειν
647 2137 741 2207 τὴν
788 2138 1137 2217 προσηγορίαν
1181 2137 1421 2219 εἴληφεν·
1456 2138 1714 2210 σΕλληνες
1746 2140 1792 2199 δ’
1833 2143 1879 2198 οἱ
1917 2140 2005 2220 ἀφ’

452 2220 729 2295 Ἕλληνος.
762 2216 922 2285 Οὗτοι
955 2223 1008 2282 δὲ
1053 2225 1182 2284 εἰσὶν
1212 2226 1398 2294 Αἴολος
1425 2225 1516 2284 καὶ
1544 2227 1796 2309 Σίσυφος,
1831 2227 1907 2286 ἔτι
1950 2227 2005 2285 δὲ

456 2309 685 2386 Ἀθάμας
703 2307 794 2368 καὶ
815 2312 1133 2388 Σαλμωνεὺς
1160 2312 1250 2371 καὶ
1274 2316 1319 2371 οἳ
1344 2311 1540 2371 τούτων
1570 2314 1751 2394 φύντες
1776 2313 1997 2393 ἔκγονοι.

457 2399 518 2475 (ο)
551 2396 617 2457 Ἦ
642 2397 693 2456 δὲ
714 2399 1008 2476 καλουμένη
1032 2405 1121 2457 νῦν
1147 2399 1338 2466 Ἑλλὰς
1360 2399 1567 2478 λέγεται
1591 2401 1686 2478 μὲν
1701 2450 1716 2473 ,
1736 2403 1792 2460 οὗ
1831 2402 2003 2478 μέντοι

455 2484 566 2542 ἐστί
583 2507 595 2521 ·
625 2485 684 2543 τὸ
710 2484 811 2566 γὰρ
833 2484 1113 2559 ἑλληνίζειν
1143 2485 1247 2566 ἐγὼ
1267 2479 1398 2545 εἷναί
1423 2510 1556 2567 φημι
1585 2490 1677 2546 οὐκ
1710 2491 1761 2546 ἐν
1786 2493 1860 2569 τῷ
1889 2490 2000 2546 δια·

452 2569 688 2649 λέγεσθαι
737 2576 928 2652 ὀρθῶς,
972 2576 1087 2632 ἀλλ’
1130 2576 1180 2631 ἐν
1224 2576 1296 2654 τῷ
1338 2573 1471 2651 γένει
1510 2578 1601 2646 τῆς
1640 2580 1840 2656 φωνῆς·
1870 2574 2000 2648 αὕτη

453 2661 590 2717 ἐστὶν
621 2659 708 2740 ἀφ’
740 2658 1026 2731 Ἕλληνος·
1053 2665 1085 2732 ἡ
1112 2661 1166 2718 δὲ
1198 2661 1392 2728 Ἑλλὰς
1427 2664 1479 2719 ἐν
1510 2662 1777 2742 Θετταλίᾳ
1815 2671 1998 2721 κεῖται.

451 2744 717 2812 Ἔκείνους
744 2737 830 2804 οὗν
857 2749 1073 2824 ἐροῦμεν
1093 2747 1188 2818 τὴν
1219 2746 1455 2809 Ἑλλάδα
1479 2751 1735 2808 κατοικεῖν
1764 2751 1854 2809 καὶ
1885 2754 2000 2815 ταῖς

452 2839 644 2909 φωναῖς
666 2832 967 2903 ἑλληνίζειν.
994 2831 1051 2912 (c)
1082 2836 1147 2893 Εἰ
1163 2832 1217 2892 δὲ
1233 2835 1321 2893 καὶ
1344 2834 1480 2894 κατὰ
1498 2837 1556 2894 τὸ
1568 2835 1698 2896 ἴδιον
1720 2843 1809 2895 τοῦ
1825 2838 2001 2915 γένους

450 2921 542 2988 τῆς
560 2918 854 2986 Θετταλίας
873 2924 906 2990 ἡ
932 2918 1128 2987 Ἑλλάς
1146 2924 1254 2980 ἔστι
1272 2970 1287 2995 ,
1313 2921 1507 2981 δίκαιον
1537 2922 1628 2983 καὶ
1651 2922 1786 2982 κατὰ
1813 2924 1870 2982 τὸ
1887 2947 1994 2985 κοι-

450 3005 556 3073 νὸν,
595 3007 665 3068 ὡς
690 3009 781 3061 νῦν
812 3005 1151 3081 ὀνομάζονται
1186 3005 1472 3083 Ἕλληνες,
1501 3015 1594 3081 τῆς
1626 3010 1884 3078 Ἑλλάδος
1913 3015 1996 3070 αὖ·

447 3090 541 3160 τὴν
573 3082 720 3151 εἶναι.
761 3094 824 3170 (7)
853 3091 978 3153 ’Ότι
1000 3093 1053 3151 δὲ
1076 3103 1222 3154 πᾶσα
1250 3096 1315 3168 ἣν
1342 3096 1775 3177 κατηριθμήμεθα
1807 3097 1999 3167 Ἑλλάς

449 3178 558 3233 ἐστι
575 3222 588 3248 ,
619 3189 872 3259 μαρτυρεῖ
905 3185 1034 3257 ἡμῖν
1062 3185 1090 3239 ὁ
1113 3186 1214 3241 τῶν
1235 3185 1523 3264 κωμῳδιῶν
1548 3183 1766 3257 ποιητὴς
1801 3185 1997 3245 Ποσεί-

447 3264 660 3334 διππος,
692 3267 1018 3348 μεμφόμενος
1042 3269 1348 3343 Ἀθηναίοις,
1376 3270 1455 3330 ὅτι
1493 3272 1586 3346 τὴν
1625 3277 1792 3331 αὑτῶν
1824 3274 1995 3355 φωνὴν

446 3350 536 3408 καὶ
560 3350 652 3423 τὴν
682 3352 829 3411 πόλιν
856 3354 981 3437 φασὶ
1006 3361 1097 3428 τῆς
1125 3357 1377 3424 Ἑλλάδος
1403 3349 1533 3416 εἶναι
1550 3403 1564 3431 ,
1586 3357 1750 3434 λέγων
1771 3359 1954 3429 οὕτως·

539 3483 704 3539 Ἑλλὰς
727 3485 808 3547 μέν
833 3486 932 3534 ἐστι
959 3486 1044 3549 μία
1058 3522 1070 3546 ,
1095 3488 1249 3544 πόλεις
1272 3491 1320 3538 δὲ
1342 3490 1562 3545 πλείονες.
1934 3481 1938 3485 ’

539 3554 603 3601 Σὺ
628 3554 710 3615 μὲν
731 3554 969 3611 ἀττικίζεις
986 3592 1000 3617 ,
1030 3558 1150 3614 ἡνίκ’
1174 3560 1229 3607 ἂν
1253 3560 1406 3620 φωνὴν
1430 3560 1562 3623 λέγῃς

543 3626 687 3672 αὑτοῦ
709 3624 812 3671 τιν’·
833 3628 875 3673 οἱ
904 3624 944 3673 δ’
961 3627 1178 3685 Ἕλληνες
1198 3629 1500 3691 ἐλληνίζομεν.

534 3692 591 3742 Τί
610 3694 978 3756 προσδιατρίὸων
1003 3698 1254 3755 συλλαὸαἴς
1273 3700 1352 3746 καὶ
1373 3698 1640 3760 γράμμασιν

532 3763 616 3820 τὴν
636 3762 938 3825 εὐτραπελίαν
960 3766 1024 3822 εἰς
1044 3766 1208 3825 ἀηδίαν
1226 3768 1380 3829 άγεις;

448 3863 508 3940 (8)
539 3862 679 3941 Πρὸς
707 3862 800 3941 μὲν
821 3865 939 3933 τοὺς
968 3869 1066 3948 οὐχ
1089 3868 1553 3945 ὗπολαμὸάνοντας
1577 3862 1707 3929 εἶναι
1731 3870 1825 3943 τὴν
1854 3874 1990 3933 Θετ-

441 3948 626 4009 ταλίαν
665 3955 756 4021 τῆς
793 3952 1043 4021 Ἑλλάδος
1079 3956 1194 4013 οὐδὲ
1236 3950 1352 4024 τοῦς
1391 3956 1691 4024 Θετταλοὺς
1734 3957 1994 4032 Ἕλληνος

445 4037 723 4114 ἀπογόνους
744 4037 895 4105 ὄντας
914 4042 1195 4114 ἑλληνίζειν
1220 4044 1305 4101 ἐπὶ
1334 4049 1575 4103 τοσοῦτον
1603 4045 1844 4125 εἰρήσθω.
1878 4047 1992 4121 Τὴν

442 4123 498 4182 δὲ
522 4123 757 4183 Ἑλλάδα
801 4127 1137 4205 ἀφορίσαντες
1161 4128 1255 4195 ἕως
1290 4133 1392 4187 τῶν
1413 4131 1695 4190 Θετταλῶν
1724 4132 1936 4208 στομίου
1962 4134 1992 4163 *²

439 4210 528 4269 καὶ
554 4218 642 4271 τοῦ
679 4214 977 4291 Μαγνήτων
1011 4214 1292 4291 Ὁμολίου,
1319 4215 1415 4290 τὴν
1448 4216 1685 4297 διήγησιν
1710 4219 1991 4295 πεποιημέ·

438 4322 542 4372 νοι,
571 4301 943 4377 καταπαύομεν
968 4300 1054 4360 τὸν
1082 4305 1256 4381 λόγον.

2215 1649 2326 1690 Nam
2345 1648 2515 1694 Hellen,
2537 1650 2601 1694 uti
2621 1650 2760 1706 aiunt,
2782 1655 2893 1697 Jove
2914 1657 3033 1698 satus
3049 1660 3128 1710 est,

2203 1714 2336 1769 hujus
2359 1713 2471 1759 lilius
2494 1718 2654 1770 κΕοΙιιε,
2677 1719 2787 1763 AEoli
2812 1733 2917 1764 vcro
2933 1722 3161 1780 Sisyphus,

2203 1793 2255 1827 ac
2283 1782 2488 1828 Athamas
2505 1790 2549 1829 et
2565 1786 2779 1844 Cretheus
2798 1792 2844 1832 et
2868 1789 2943 1844 qui
2962 1789 3018 1833 ad
3037 1791 3198 1845 Alphei
3219 1791 3383 1840 fluenta

2206 1851 2331 1895 soris
2349 1849 2502 1907 fulgur
2519 1853 2744 1899 insaniens
2758 1856 2981 1909 jaculatus
2999 1861 3080 1910 est,
3099 1860 3382 1908 Salmoneus.

2101 1985 2167 2046 (4)
2197 1986 2354 2035 Hellas
2373 1986 2516 2050 igitur
2534 1992 2634 2049 est,
2654 1992 2710 2040 ut
2729 1992 2890 2055 paullo
2907 1995 3018 2045 ante
3042 1997 3326 2063 retulimuS,
3352 2015 3498 2065 quam
3525 2008 3652 2058 Jove

2095 2073 2235 2121 natus
2254 2074 2421 2123 Hellen
2440 2075 2678 2141 condidit,
2693 2091 2722 2127 a
2743 2092 2840 2142 quo
2863 2082 2916 2130 τὸ
2937 2083 3178 2141 ἑλληνίζειν
3206 2085 3649 2144 denominationem

2096 2160 2295 2223 accepit.
2320 2162 2541 2214 Hellenes
2570 2167 2732 2215 autem
2765 2171 2879 2217 sunt
2902 2170 2983 2231 qui
3016 2171 3077 2220 ab
3103 2172 3298 2223 Hellene
3316 2175 3505 2227 oriundi
3537 2199 3549 2228 :
3575 2181 3650 2231 mi

2094 2251 2209 2288 vero
2227 2245 2342 2290 sunt
2374 2242 2539 2293 AEolus
2561 2245 2609 2293 et
2632 2245 2865 2309 Sisyphus
2882 2250 2931 2297 et
2950 2253 3182 2312 praeterea
3201 2253 3433 2306 Athamas
3457 2262 3508 2307 et
3527 2261 3640 2310 Sal-

2094 2337 2294 2376 moneus
2306 2341 2567 2393 eorumque
2583 2333 2843 2396 progenies.
2868 2337 2936 2398 (5)
2955 2341 3076 2395 Quae
3089 2341 3252 2390 autem
3267 2354 3398 2392 nunc
3415 2348 3649 2408 appellari

2092 2413 2212 2463 solet
2231 2414 2391 2466 Hellas
2410 2417 2428 2476 (
2449 2419 2689 2482 Groecia),
2707 2422 2777 2470 sic
2795 2421 2967 2472 dicitur
2989 2426 3146 2487 potius
3161 2441 3307 2491 quam
3325 2433 3397 2481 est
3421 2449 3434 2480 ι
3456 2445 3568 2483 nam
3590 2438 3647 2487 τὸ

2093 2502 2340 2560 ἑλληνίζειν,
2375 2517 2471 2554 non
2510 2506 2558 2554 in
2603 2510 2730 2558 recte
2765 2508 3004 2572 loquendo
3031 2514 3239 2576 positum
3276 2530 3378 2567 esse
3409 2519 3644 2587 dixerim,

2091 2587 2172 2636 sed
2192 2589 2239 2638 ln
2258 2603 2427 2652 genere
2450 2593 2651 2655 loquelae
2674 2613 2686 2643 ε
2707 2596 2811 2646 haec
2827 2610 2942 2647 vero
2966 2600 3027 2648 ab
3048 2601 3240 2652 Hellene
3261 2618 3436 2656 nomen
3460 2608 3605 2660 habet
3627 2632 3641 2662 :

2093 2674 2250 2724 Hellas
2276 2679 2437 2726 autem
2464 2679 2513 2727 in
2539 2680 2780 2731 Thessalia
2801 2682 2891 2733 sita
2914 2688 3001 2734 est.
3031 2689 3124 2735 Eos
3156 2689 3299 2751 igitur
3332 2692 3644 2754 (Tlcessalioe

2092 2763 2319 2827 incolas)
2360 2764 2554 2815 liellada
2593 2767 2801 2819 incolere
2838 2770 3042 2822 dicimus
3064 2777 3113 2823 et
3150 2777 3397 2829 Hellenico
3422 2794 3645 2834 sermone

2089 2848 2174 2897 uti.
2201 2850 2267 2912 (6)
2294 2851 2342 2900 Si
2370 2865 2480 2914 ergo
2504 2853 2580 2902 vel
2599 2857 2860 2906 secundum
2888 2860 3070 2920 generis
3096 2863 3456 2930 proprietatem,
3484 2870 3638 2920 Thes—

2086 2937 2216 2987 saliae
2241 2939 2399 2988 Hellas
2416 2941 2500 3009 sit,
2527 2942 2670 2992 etiam
2691 2944 2832 3006 juxta
2855 2949 3276 3017 communitatem,
3292 2957 3345 3004 ut
3369 2955 3505 3006 hodie
3524 2972 3634 3011 mos

2085 3028 2158 3073 est
2198 3025 2415 3076 Hellenes
2462 3030 2716 3093 appellari,
2758 3034 2940 3083 Helladi
2981 3049 3087 3086 eam
3121 3041 3288 3090 ascribi
3321 3042 3501 3103 justum
3537 3050 3632 3098 est.

2088 3110 2154 3173 (7)
2177 3112 2316 3169 Quod
2333 3117 2493 3164 autem
2531 3118 2659 3180 regio
2691 3121 2820 3182 tota,
2858 3134 3004 3183 quam
3040 3128 3436 3194 memoravimus,
3471 3134 3636 3185 Hellas

2087 3197 2216 3259 (sive
2231 3201 2448 3264 Graecia)
2465 3202 2553 3266 sit,
2581 3205 2717 3255 testis
2733 3208 2870 3257 nobis
2891 3213 2963 3259 est
2984 3212 3288 3278 posidippus,
3317 3222 3454 3279 poeta
3481 3223 3637 3271 comi·

2085 3299 2193 3348 ους,
2224 3288 2532 3341 Athenienses
2559 3292 2833 3359 increpans,
2855 3297 2985 3360 quod
3008 3298 3218 3361 linguam
3244 3317 3380 3353 suam
3400 3308 3448 3356 et
3466 3309 3635 3359 urbem

2085 3372 2325 3435 praecipue
2358 3377 2557 3427 Hellade
2579 3392 2681 3430 esse
2706 3383 3025 3448 contendant,
3049 3386 3117 3436 sic
3135 3387 3296 3440 dicens
3323 3410 3336 3441 ε

2189 3502 2337 3546 Hellas
2352 3503 2532 3560 quidem
2550 3517 2639 3552 una
2656 3510 2744 3560 est,
2767 3511 2900 3554 urbes
2915 3522 3021 3556 veno
3044 3512 3214 3568 plures.

2186 3572 2249 3614 Tu
2277 3570 2458 3626 quidem
2486 3575 2723 3631 aniciam,
2756 3576 2864 3621 dum
2897 3582 2970 3623 tua
2998 3580 3153 3636 lingua
3184 3585 3322 3629 utaris
3352 3601 3364 3628 ε

2189 3648 2271 3682 nos
2291 3650 2397 3684 vero
2418 3642 2738 3695 graecissamus.
2761 3646 2834 3700 qui
2856 3646 3002 3691 Graeci
3022 3660 3192 3693 sumus.

2190 3705 2310 3758 Quid
2327 3708 2569 3753 immorans
2585 3711 2762 3764 syllabis
2779 3717 2826 3756 et
2844 3714 2993 3758 verbis

2186 3776 2484 3821 urbanitatem
2502 3779 2638 3822 vertis
2655 3779 2702 3823 in
2723 3781 3055 3827 morositatem?

2083 3883 2150 3947 (8)
2173 3888 2289 3935 Haec
2306 3886 2436 3936 dicta
2453 3888 2692 3938 sufficiant
2705 3890 2766 3939 ad
2787 3890 2893 3941 illos
2910 3893 3187 3946 refutandos
3198 3936 3213 3961 ,
3235 3900 3317 3962 qui
3337 3900 3626 3954 Thessaliam

2079 3971 2140 4020 ad
2160 3972 2358 4022 Hellada
2371 3986 2466 4023 non
2485 3978 2721 4038 pertinere
2738 3978 2953 4029 arbitrati
2969 3986 3101 4043 sunt,
3122 3997 3278 4047 neque
3296 3987 3545 4038 Thessalos
3561 3992 3627 4042 ab

2080 4059 2274 4109 Bellene
2316 4063 2447 4111 ortos
2470 4061 2787 4116 hellenissare.
2836 4069 2927 4117 l-lic
2958 4069 3098 4132 igitur
3119 4073 3381 4122 orationem
3404 4073 3626 4141 finimus,

2078 4148 2353 4198 narratione
2385 4149 2600 4199 confecta
2613 4186 2629 4213 ,
2666 4164 2763 4215 qua
2791 4154 3027 4206 Graeciam
3056 4159 3357 4210 terminando
3400 4163 3631 4225 perduxi-

2077 4245 2187 4283 mus
2209 4247 2361 4297 usque
2402 4236 2464 4285 ad
2504 4235 2839 4290 Thessalorum
2865 4242 2922 4269 **
2948 4246 2997 4294 et
3031 4247 3302 4309 Magnetum
3328 4248 3625 4303 Homolium.

454 4418 3628 4461 ———·-——————-———————.—-

439 4465 642 4515 Fuluius
674 4467 798 4517 inter
825 4469 921 4518 alia
950 4468 1085 4531 ponit
1120 4490 1132 4519 :
1162 4477 1405 4535 ποταμοῦ,
1427 4474 1557 4536 quod
1578 4488 1607 4523 a
1632 4475 1820 4525 traditis
1841 4475 1990 4524 literis

439 4537 693 4598 remotius,
728 4550 757 4585 a
794 4540 954 4587 mente
990 4541 1202 4589 auctoris
1237 4543 1435 4594 sortasse
1474 4545 1692 4605 proxime
1713 4545 1872 4595 abest.
1908 4545 1983 4595 Ct'.

436 4605 605 4665 scylax
624 4604 655 4667 5
677 4613 735 4655 83
757 4625 770 4655 ι
796 4608 1000 4658 ἐντεῦθεν
1030 4610 1263 4673 ἀρχεταιή
1284 4613 1451 4670 Ἑλλὰς
1485 4616 1682 4677 συνεχὴς
1709 4615 1825 4663 εἶναι
1851 4617 1986 4677 μέχρι

440 4676 635 4731 Πηνειοῦ
662 4683 876 4739 ποταμοῦ
889 4680 965 4729 καί
985 4678 1203 4742 Ὀμολίου
1228 4681 1710 4747 πόλεως.-πόλις]
1737 4687 1797 4734 V.
1819 4685 1991 4733 Strabo

439 4745 530 4802 lx,
550 4756 596 4803 p.
615 4746 915 4805 4³135cbol.
932 4748 994 4797 ad
1011 4750 1065 4797 ll.
1089 4752 1143 4809 B,
1160 4755 1250 4800 683
1274 4769 1286 4800 :
1313 4752 1515 4802 Ἐλλάδα
1532 4755 1715 4817 (λέγει)
1733 4754 1843 4818 μίαν
1856 4754 1990 4803 πόλιν

440 4812 720 4868 Θεσσαλίας.
747 4817 951 4877 Hesych
985 4819 1209 4880 εἜλλὰς,
1228 4821 1359 4878 πόλις
1391 4823 1440 4872 ἐν
1474 4825 1730 4889 Θεσσαλίᾳ.
1761 4848 1829 4861 —
1860 4825 1924 4874 Αἰ
1945 4820 1992 4868 6·

435 4884 461 4929 λ
475 4897 501 4930 ο
515 4899 559 4930 υ.
583 4880 602 4944 ]
637 4897 706 4930 -c.
726 4885 895 4947 πατὴρ.
929 4889 1051 4944 Qum
1075 4902 1227 4952 quum
1251 4890 1417 4941 durior
1440 4894 1618 4956 ellipsis
1634 4897 1714 4956 sit,
1735 4896 1983 4944 Hemster-

438 4952 603 5001 husius
634 4951 693 5001 ad
730 4953 928 5003 Lucida.
966 4958 1179 5020 Halcyon
1227 4960 1372 5010 scribi
1405 4963 1560 5013 voluit
1582 4965 1721 5021 Διὸς,
1758 4964 1831 5014 uti
1863 4965 1986 5014 infra

435 5022 541 5077 Διὸς
558 5020 742 5081 Ἕλλην.
770 5051 831 5063 -
853 5025 1135 5076 Μελιταιέων
1154 5027 1174 5091 ]
1190 5030 1343 5079 codex
1360 5066 1374 5092 ,
1402 5033 1545 5082 Fuhr.
1572 5035 1832 5085 Μελιταίων
1857 5036 1982 5098 vigo.

2074 4478 2245 4528 Strabo
2267 4481 2332 4529 lx
2348 4515 2362 4539 ‚
2380 4492 2427 4541 p.
2448 4484 2558 4541 435,
2586 4483 2818 4543 Phylacen
2838 4488 2887 4534 et
2908 4486 3095 4536 Thebas
3125 4489 3372 4553 distinguit
3394 4494 3627 4554 (Φυλάκῃ

2074 4546 2206 4607 ἐγγὺς
2222 4549 2393 4605 θηὸῶν
2410 4550 2525 4598 ἐστι.
2547 4550 2620 4599 cf.
2645 4565 2691 4613 p.
2714 4555 2805 4603 433
2819 4553 2851 4614 ).
2871 4555 3109 4617 Phylacen
3126 4560 3363 4610 Homerus
3376 4571 3625 4627 memorat,

2074 4628 2172 4665 non
2200 4617 2315 4666 item
2336 4618 2551 4681 Theba33
2578 4620 2626 4669 id
2659 4622 2790 4682 quod
2812 4624 2973 4673 Nostri
3005 4629 3256 4678 sententiaa
3276 4632 3622 4692 patrocinatur.

2072 4708 2135 4721 —-
2155 4691 2201 4735 3.
2226 4686 2509 4751 Εὐριπίδης]
2537 4689 2585 4737 in
2605 4691 2742 4738 AEolo
2759 4726 2773 4752 ,
2796 4695 2858 4743 ut.
2871 4694 3077 4745 videtur.
3099 4699 3161 4748 V.
3183 4700 3414 4761 Wagner.
3435 4705 3620 4765 Fragm.

2073 4755 2233 4817 Eurip.
2251 4769 2282 4817 p
2324 4764 2470 4806 15.-
2488 4761 2534 4807 4.
2551 4759 2627 4819 ἀφ’
2644 4759 3050 4824 οὗκαὶ]οο(1.;καὶ
3070 4778 3163 4815 om.
3180 4768 3315 4817 editt.
3334 4796 3394 4805 —
3412 4779 3454 4820 5.
3473 4773 3628 4824 εἶναί

2071 4824 2247 4888 φημι]
2266 4826 2398 4887 ωᾶ.;
2417 4828 2646 4877 civatem.
2674 4829 2812 4880 editt.
2827 4862 2890 4875 —
2909 4838 2953 4884 7.
2975 4837 3153 4884 αὑτοῦ
3172 4837 3312 4901 τιν’]
3333 4840 3625 4906 Salmasiu83

2071 4893 2214 4943 αὐτοῦ
2234 4912 2350 4952 τινες
2369 4897 2539 4951 codex.
2564 4917 2585 4941 α
2609 4900 2864 4951 Thessalus
2887 4904 3084 4967 aliquis,
3108 4909 3160 4956 ut
3179 4916 3394 4973 apparet,
3424 4913 3473 4960 in
3497 4918 3627 4966 terra

2071 4966 2422 5015 Attica-natum
2456 4967 2503 5015 in
2534 4969 2606 5018 his
2629 4983 2723 5020 vss.
2749 4971 3028 5034 alloquitur,
3054 4976 3216 5037 aitque
3245 4981 3300 5026 ut
3323 4981 3467 5029 Attici
3493 4982 3626 5032 ὄττι·

2070 5036 2207 5090 κίζειν
2237 5035 2331 5084 dici
2369 5037 2576 5099 debent,
2601 5052 2752 5100 quum
2788 5054 2878 5090 sua
2916 5042 3073 5105 lingua
3099 5048 3317 5107 utantur,
3338 5048 3406 5098 sic
3432 5053 3624 5103 eeteros

433 5090 568 5139 —ot
601 5092 631 5139 ἀ
647 5092 689 5156 φ’
722 5090 776 5142 'E
791 5095 873 5143 λλ.
893 5092 914 5158 ]
933 5098 975 5144 ot
1003 5097 1160 5146 addidi
1187 5100 1436 5150 sententiae
1455 5112 1615 5154 causa.
1634 5105 1792 5167 Vulgo
1812 5105 1986 5167 legitur
2069 5105 2262 5154 Graecos
2285 5107 2544 5163 ἑλληνίζειν.
2568 5128 2591 5150 ιι
2617 5109 2840 5159 Salmas.
2859 5112 2920 5159 ad
2943 5115 3094 5162 Solin.
3114 5128 3162 5175 p.
3193 5122 3300 5177 100,
3323 5120 3375 5166 Ρ.
3400 5120 3475 5167 Cf·
3502 5122 3622 5171 Mei·

434 5164 549 5211 εἰσιν
573 5162 615 5212 οἳ
656 5168 725 5228 τῷ
747 5166 896 5227 γένει,
935 5167 1017 5216 ubi
1053 5182 1221 5219 vocem
1262 5172 1306 5220 οἳ
1348 5184 1445 5220 non
1481 5177 1694 5237 agnoscit
1719 5178 1889 5226 codex.
1920 5204 1987 5214 —

436 5239 479 5282 2.
506 5234 756 5293 Θετταλίας
774 5237 848 5300 φθ.
864 5234 885 5301 ]
904 5239 1157 5288 Θετταλίαν
1186 5241 1256 5303 ρθ.
1279 5240 1385 5290 cod.
1408 5265 1473 5277 —-
1489 5260 1555 5309 πρ
1570 5245 1596 5295 ὀ
1610 5262 1665 5294 τε
1681 5261 1779 5311 ρον
1810 5248 1946 5297 Φυλ.
1964 5248 2004 5323 ]ν

2069 5172 2176 5223 uek.
2199 5177 2336 5224 Com.
2365 5179 2457 5238 lv,
2479 5190 2530 5239 p.
2554 5181 2640 5228 524
2683 5203 2748 5215 -·
2769 5184 2797 5229 8
2833 5186 2944 5230 τῶν
2965 5214 2982 5232 .
3023 5184 3251 5248 στομίου]
3272 5186 3344 5236 Cf.
3367 5200 3525 5251 supra.
