<?xml version="1.0" encoding="UTF-8"?>
<!DOCTYPE html PUBLIC "-//W3C//DTD XHTML 1.0 Transitional//EN"
    "http://www.w3.org/TR/xhtml1/DTD/xhtml1-transitional.dtd">
<html xmlns="http://www.w3.org/1999/xhtml" xml:lang="en" lang="en">
 <head>
  <title>
</title>
<meta http-equiv="Content-Type" content="text/html;charset=utf-8" />
  <meta name='ocr-system' content='tesseract 3.04.00' />
  <meta name='ocr-capabilities' content='ocr_page ocr_carea ocr_par ocr_line ocrx_word'/>
</head>
<body>
  <div class='ocr_page' id='page_1' title='image "./fragmentahistor00mgoog_0486.png"; bbox 0 0 4016 5916; ppageno 0'>
   <div class='ocr_carea' id='block_1_1' title="bbox 510 386 2406 456">
    <p class='ocr_par' dir='ltr' id='par_1_1' title="bbox 510 386 2406 456">
     <span class='ocr_line' id='line_1_1' title="bbox 510 386 2406 456; baseline -0.006 0"><span class='ocrx_word' id='word_1_1' title='bbox 510 407 623 456; x_wconf 75' lang='lat'>⁴22</span> <span class='ocrx_word' id='word_1_2' title='bbox 1873 386 2406 447; x_wconf 69' lang='lat' dir='ltr'>MEGASTHENJS</span> 
     </span>
    </p>
   </div>
   <div class='ocr_carea' id='block_1_2' title="bbox 508 513 3740 1468">
    <p class='ocr_par' dir='ltr' id='par_1_2' title="bbox 508 513 3740 688">
     <span class='ocr_line' id='line_1_2' title="bbox 508 513 3740 599; baseline -0.006 -15"><span class='ocrx_word' id='word_1_3' title='bbox 508 525 601 598; x_wconf 81' lang='grc' dir='ltr'>τὴν</span> <span class='ocrx_word' id='word_1_4' title='bbox 637 524 921 583; x_wconf 74' lang='grc' dir='ltr'>εὐτέλειαν·</span> <span class='ocrx_word' id='word_1_5' title='bbox 960 513 1094 581; x_wconf 71' lang='grc' dir='ltr'>οἶνόν</span> <span class='ocrx_word' id='word_1_6' title='bbox 1123 543 1177 579; x_wconf 90' lang='grc' dir='ltr'>τε</span> <span class='ocrx_word' id='word_1_7' title='bbox 1198 517 1300 599; x_wconf 63' lang='grc' dir='ltr'>γὰρ</span> <span class='ocrx_word' id='word_1_8' title='bbox 1327 520 1385 578; x_wconf 84' lang='grc' dir='ltr'>οὗ</span> <span class='ocrx_word' id='word_1_9' title='bbox 1415 517 1599 595; x_wconf 78' lang='grc' dir='ltr'>πίνειν,</span> <span class='ocrx_word' id='word_1_10' title='bbox 1626 518 1744 575; x_wconf 78' lang='grc' dir='ltr'>ἀλλ’</span> <span class='ocrx_word' id='word_1_11' title='bbox 1784 518 1832 574; x_wconf 65' lang='grc' dir='ltr'>ἐν</span> <span class='ocrx_word' id='word_1_12' title='bbox 1863 515 2060 582; x_wconf 84' lang='grc' dir='ltr'>θυσίαις</span> <span class='ocrx_word' id='word_1_13' title='bbox 2151 540 2237 575; x_wconf 89' lang='grc' dir='ltr'>ται</span> <span class='ocrx_word' id='word_1_14' title='bbox 2259 515 2323 574; x_wconf 75' lang='grc' dir='ltr'>τὰ</span> <span class='ocrx_word' id='word_1_15' title='bbox 2348 515 2588 591; x_wconf 80' lang='grc' dir='ltr'>σώματα.</span> <span class='ocrx_word' id='word_1_16' title='bbox 2634 513 2790 576; x_wconf 70' lang='grc' dir='ltr'>Αιταῖ</span> <span class='ocrx_word' id='word_1_17' title='bbox 2819 514 2870 573; x_wconf 82' lang='grc' dir='ltr'>δὲ</span> <span class='ocrx_word' id='word_1_18' title='bbox 2893 514 2982 574; x_wconf 75' lang='grc' dir='ltr'>καὶ</span> <span class='ocrx_word' id='word_1_19' title='bbox 3008 519 3061 573; x_wconf 78' lang='grc' dir='ltr'>αἱ</span> <span class='ocrx_word' id='word_1_20' title='bbox 3081 514 3240 596; x_wconf 73' lang='grc' dir='ltr'>ταφαὶ</span> <span class='ocrx_word' id='word_1_21' title='bbox 3257 561 3272 587; x_wconf 90' lang='grc'>,</span> <span class='ocrx_word' id='word_1_22' title='bbox 3297 515 3384 573; x_wconf 71' lang='grc' dir='ltr'>καὶ</span> <span class='ocrx_word' id='word_1_23' title='bbox 3407 513 3579 596; x_wconf 74' lang='grc' dir='ltr'>μικρὰ</span> <span class='ocrx_word' id='word_1_24' title='bbox 3606 514 3740 596; x_wconf 71' lang='grc' dir='ltr'>χώ-</span> 
     </span>
     <span class='ocr_line' id='line_1_3' title="bbox 513 602 3727 688; baseline -0.004 -19"><span class='ocrx_word' id='word_1_25' title='bbox 513 613 683 688; x_wconf 87' lang='grc' dir='ltr'>μόνον·</span> <span class='ocrx_word' id='word_1_26' title='bbox 710 610 872 667; x_wconf 81' lang='grc' dir='ltr'>πίνειν</span> <span class='ocrx_word' id='word_1_27' title='bbox 910 610 952 665; x_wconf 88' lang='grc' dir='ltr'>δ’</span> <span class='ocrx_word' id='word_1_28' title='bbox 982 611 1074 665; x_wconf 78' lang='grc' dir='ltr'>ἀπ’</span> <span class='ocrx_word' id='word_1_29' title='bbox 1100 605 1283 686; x_wconf 81' lang='grc' dir='ltr'>ὀρύζης</span> <span class='ocrx_word' id='word_1_30' title='bbox 1312 605 1424 663; x_wconf 78' lang='grc' dir='ltr'>ἀντὶ</span> <span class='ocrx_word' id='word_1_31' title='bbox 1453 604 1676 682; x_wconf 73' lang='grc' dir='ltr'>κριθίνου</span> <span class='ocrx_word' id='word_1_32' title='bbox 1716 602 2058 669; x_wconf 81' lang='grc' dir='ltr'>συντιθέντας.</span> <span class='ocrx_word' id='word_1_33' title='bbox 2154 627 2318 680; x_wconf 88' lang='grc' dir='ltr'>ματα.</span> <span class='ocrx_word' id='word_1_34' title='bbox 2404 603 2749 669; x_wconf 80' lang='grc' dir='ltr'>Υπεναντίως</span> <span class='ocrx_word' id='word_1_35' title='bbox 2773 605 2826 660; x_wconf 81' lang='grc' dir='ltr'>δὲ</span> <span class='ocrx_word' id='word_1_36' title='bbox 2849 608 2913 681; x_wconf 82' lang='grc' dir='ltr'>τῇ</span> <span class='ocrx_word' id='word_1_37' title='bbox 2944 602 3079 681; x_wconf 83' lang='grc' dir='ltr'>ἄλλῃ</span> <span class='ocrx_word' id='word_1_38' title='bbox 3106 603 3333 674; x_wconf 82' lang='grc' dir='ltr'>λιτότητι</span> <span class='ocrx_word' id='word_1_39' title='bbox 3361 624 3727 679; x_wconf 69' lang='grc' dir='ltr'>κοσμουνταιι</span> 
     </span>
    </p>

    <p class='ocr_par' dir='ltr' id='par_1_3' title="bbox 508 683 3735 860">
     <span class='ocr_line' id='line_1_4' title="bbox 512 683 3735 799; baseline -0.003 -40"><span class='ocrx_word' id='word_1_40' title='bbox 512 699 620 759; x_wconf 81' lang='grc' dir='ltr'>Και</span> <span class='ocrx_word' id='word_1_41' title='bbox 642 697 780 756; x_wconf 84' lang='grc' dir='ltr'>σιτία</span> <span class='ocrx_word' id='word_1_42' title='bbox 811 696 945 754; x_wconf 80' lang='grc' dir='ltr'>δὲτὸ</span> <span class='ocrx_word' id='word_1_43' title='bbox 971 693 1125 753; x_wconf 87' lang='grc' dir='ltr'>πλέον</span> <span class='ocrx_word' id='word_1_44' title='bbox 1169 693 1354 772; x_wconf 78' lang='grc' dir='ltr'>ὄρυζαν</span> <span class='ocrx_word' id='word_1_45' title='bbox 1396 683 1526 750; x_wconf 75' lang='grc' dir='ltr'>εἶναι</span> <span class='ocrx_word' id='word_1_46' title='bbox 1556 690 1804 773; x_wconf 69' lang='grc' dir='ltr'>ροιρητῆν.</span> <span class='ocrx_word' id='word_1_47' title='bbox 1857 692 1900 766; x_wconf 71' lang='grc' dir='ltr'>(ι</span> <span class='ocrx_word' id='word_1_48' title='bbox 1876 692 1918 764; x_wconf 70' lang='grc' dir='ltr'>ι)</span> <span class='ocrx_word' id='word_1_49' title='bbox 1959 690 2064 749; x_wconf 82' lang='grc' dir='ltr'>Καὶ</span> <span class='ocrx_word' id='word_1_50' title='bbox 2155 694 2576 799; x_wconf 42' lang='grc' dir='ltr'>Χρυσοφοροῧσιη</span> <span class='ocrx_word' id='word_1_51' title='bbox 2572 689 2671 770; x_wconf 86' lang='grc' dir='ltr'>γαρ</span> <span class='ocrx_word' id='word_1_52' title='bbox 2696 688 2786 748; x_wconf 76' lang='grc' dir='ltr'>καὶ</span> <span class='ocrx_word' id='word_1_53' title='bbox 2823 690 3037 770; x_wconf 87' lang='grc' dir='ltr'>διαλίθῳ</span> <span class='ocrx_word' id='word_1_54' title='bbox 3070 690 3251 769; x_wconf 81' lang='grc' dir='ltr'>κόσμῳ</span> <span class='ocrx_word' id='word_1_55' title='bbox 3291 694 3564 799; x_wconf 77' lang='grc' dir='ltr'>χρῶνται,</span> <span class='ocrx_word' id='word_1_56' title='bbox 3608 713 3735 749; x_wconf 80' lang='grc' dir='ltr'>σιν-</span> 
     </span>
     <span class='ocr_line' id='line_1_5' title="bbox 508 774 3728 860; baseline -0.003 -17"><span class='ocrx_word' id='word_1_57' title='bbox 508 789 560 844; x_wconf 80' lang='grc' dir='ltr'>ἐν</span> <span class='ocrx_word' id='word_1_58' title='bbox 593 794 692 851; x_wconf 81' lang='grc' dir='ltr'>τοῖς</span> <span class='ocrx_word' id='word_1_59' title='bbox 714 784 887 860; x_wconf 83' lang='grc' dir='ltr'>νόμοις</span> <span class='ocrx_word' id='word_1_60' title='bbox 911 781 963 840; x_wconf 84' lang='grc' dir='ltr'>δὲ</span> <span class='ocrx_word' id='word_1_61' title='bbox 988 781 1077 839; x_wconf 80' lang='grc' dir='ltr'>καὶ</span> <span class='ocrx_word' id='word_1_62' title='bbox 1106 783 1157 838; x_wconf 84' lang='grc' dir='ltr'>ἐν</span> <span class='ocrx_word' id='word_1_63' title='bbox 1185 788 1288 847; x_wconf 81' lang='grc' dir='ltr'>τοῖς</span> <span class='ocrx_word' id='word_1_64' title='bbox 1312 778 1647 854; x_wconf 85' lang='grc' dir='ltr'>συμοολαίοις</span> <span class='ocrx_word' id='word_1_65' title='bbox 1672 778 1767 848; x_wconf 74' lang='grc' dir='ltr'>τὴν</span> <span class='ocrx_word' id='word_1_66' title='bbox 1792 776 2063 847; x_wconf 78' lang='grc' dir='ltr'>ἁπλότητα</span> <span class='ocrx_word' id='word_1_67' title='bbox 2155 779 2302 845; x_wconf 90' lang='grc' dir='ltr'>δόνας</span> <span class='ocrx_word' id='word_1_68' title='bbox 2327 801 2382 836; x_wconf 88' lang='grc' dir='ltr'>τε</span> <span class='ocrx_word' id='word_1_69' title='bbox 2421 799 2659 857; x_wconf 80' lang='grc' dir='ltr'>φορουσιν</span> <span class='ocrx_word' id='word_1_70' title='bbox 2686 777 2910 843; x_wconf 74' lang='grc' dir='ltr'>εὐανθεῖς</span> <span class='ocrx_word' id='word_1_71' title='bbox 2946 800 3034 834; x_wconf 88' lang='grc' dir='ltr'>και</span> <span class='ocrx_word' id='word_1_72' title='bbox 3059 777 3268 834; x_wconf 78' lang='grc' dir='ltr'>σκιάδια</span> <span class='ocrx_word' id='word_1_73' title='bbox 3299 778 3469 843; x_wconf 78' lang='grc' dir='ltr'>αὐτοῖς</span> <span class='ocrx_word' id='word_1_74' title='bbox 3493 774 3728 835; x_wconf 75' lang='grc' dir='ltr'>ἕπεται·</span> 
     </span>
    </p>

    <p class='ocr_par' dir='ltr' id='par_1_4' title="bbox 508 856 3739 1034">
     <span class='ocr_line' id='line_1_6' title="bbox 510 856 3739 950; baseline -0.002 -20"><span class='ocrx_word' id='word_1_75' title='bbox 510 872 687 950; x_wconf 64' lang='grc' dir='ltr'>ἐλέγγ·</span> <span class='ocrx_word' id='word_1_76' title='bbox 673 877 811 929; x_wconf 82' lang='grc' dir='ltr'>·σθαι</span> <span class='ocrx_word' id='word_1_77' title='bbox 840 873 898 927; x_wconf 80' lang='grc' dir='ltr'>ἐκ</span> <span class='ocrx_word' id='word_1_78' title='bbox 925 873 1013 927; x_wconf 76' lang='grc' dir='ltr'>τοῦ</span> <span class='ocrx_word' id='word_1_79' title='bbox 1045 867 1119 944; x_wconf 76' lang='grc' dir='ltr'>μὴ</span> <span class='ocrx_word' id='word_1_80' title='bbox 1148 866 1451 932; x_wconf 86' lang='grc' dir='ltr'>πολυδίκους</span> <span class='ocrx_word' id='word_1_81' title='bbox 1479 856 1783 923; x_wconf 61' lang='lat' dir='ltr'>eim-061³</span> <span class='ocrx_word' id='word_1_82' title='bbox 1806 862 1953 940; x_wconf 53' lang='grc' dir='ltr'>γὰρ(</span> <span class='ocrx_word' id='word_1_83' title='bbox 1934 886 2066 921; x_wconf 85' lang='grc' dir='ltr'>υπο-</span> <span class='ocrx_word' id='word_1_84' title='bbox 2155 887 2213 922; x_wconf 90' lang='grc' dir='ltr'>το</span> <span class='ocrx_word' id='word_1_85' title='bbox 2248 863 2350 945; x_wconf 72' lang='grc' dir='ltr'>γὰρ</span> <span class='ocrx_word' id='word_1_86' title='bbox 2379 865 2568 930; x_wconf 83' lang='grc' dir='ltr'>κάλλος</span> <span class='ocrx_word' id='word_1_87' title='bbox 2590 866 2839 939; x_wconf 84' lang='grc' dir='ltr'>τιμῶντες</span> <span class='ocrx_word' id='word_1_88' title='bbox 2862 864 3109 922; x_wconf 81' lang='grc' dir='ltr'>ασκοῧσιν</span> <span class='ocrx_word' id='word_1_89' title='bbox 3135 860 3234 920; x_wconf 77' lang='grc' dir='ltr'>ὅσα</span> <span class='ocrx_word' id='word_1_90' title='bbox 3260 863 3584 932; x_wconf 79' lang='grc' dir='ltr'>καλλωπίζει</span> <span class='ocrx_word' id='word_1_91' title='bbox 3626 864 3739 936; x_wconf 68' lang='grc' dir='ltr'>τὴν</span> 
     </span>
     <span class='ocr_line' id='line_1_7' title="bbox 508 947 3734 1034; baseline -0.005 -8"><span class='ocrx_word' id='word_1_92' title='bbox 508 958 670 1030; x_wconf 68' lang='grc' dir='ltr'>θήκης</span> <span class='ocrx_word' id='word_1_93' title='bbox 706 955 822 1016; x_wconf 70' lang='grc' dir='ltr'>Οὔτε</span> <span class='ocrx_word' id='word_1_94' title='bbox 864 954 1311 1034; x_wconf 70' lang='grc' dir='ltr'>παρακαταθήκης</span> <span class='ocrx_word' id='word_1_95' title='bbox 1352 959 1482 1011; x_wconf 68' lang='grc' dir='ltr'>εἶναι</span> <span class='ocrx_word' id='word_1_96' title='bbox 1520 951 1696 1016; x_wconf 64' lang='grc' dir='ltr'>δίκας·</span> <span class='ocrx_word' id='word_1_97' title='bbox 1726 951 1839 1008; x_wconf 73' lang='grc' dir='ltr'>Οὐδὲ</span> <span class='ocrx_word' id='word_1_98' title='bbox 1867 947 2058 1028; x_wconf 72' lang='grc' dir='ltr'>μαρτύ·</span> <span class='ocrx_word' id='word_1_99' title='bbox 2155 951 2300 1030; x_wconf 79' lang='grc' dir='ltr'>ὄψιν·</span> <span class='ocrx_word' id='word_1_100' title='bbox 2353 949 2595 1021; x_wconf 80' lang='grc' dir='ltr'>ἀλήθειαν</span> <span class='ocrx_word' id='word_1_101' title='bbox 2642 973 2700 1008; x_wconf 86' lang='grc' dir='ltr'>τε</span> <span class='ocrx_word' id='word_1_102' title='bbox 2743 949 2933 1026; x_wconf 80' lang='grc' dir='ltr'>ὁμοίως</span> <span class='ocrx_word' id='word_1_103' title='bbox 2972 974 3061 1009; x_wconf 90' lang='grc' dir='ltr'>και</span> <span class='ocrx_word' id='word_1_104' title='bbox 3102 949 3291 1029; x_wconf 79' lang='grc' dir='ltr'>ἀρετὴν</span> <span class='ocrx_word' id='word_1_105' title='bbox 3337 950 3734 1030; x_wconf 76' lang='grc' dir='ltr'>ἀποδέχονται·</span> 
     </span>
    </p>

    <p class='ocr_par' dir='ltr' id='par_1_5' title="bbox 509 1036 3738 1468">
     <span class='ocr_line' id='line_1_8' title="bbox 511 1036 3738 1139; baseline -0.005 -37"><span class='ocrx_word' id='word_1_106' title='bbox 511 1067 630 1123; x_wconf 84' lang='grc' dir='ltr'>ρων,</span> <span class='ocrx_word' id='word_1_107' title='bbox 656 1042 772 1102; x_wconf 81' lang='grc' dir='ltr'>ουδὲ</span> <span class='ocrx_word' id='word_1_108' title='bbox 808 1041 1100 1122; x_wconf 68' lang='grc' dir='ltr'>σφραγίδων</span> <span class='ocrx_word' id='word_1_109' title='bbox 1128 1043 1295 1105; x_wconf 75' lang='grc' dir='ltr'>αὗτοῖς</span> <span class='ocrx_word' id='word_1_110' title='bbox 1325 1042 1448 1111; x_wconf 86' lang='grc' dir='ltr'>δειν,</span> <span class='ocrx_word' id='word_1_111' title='bbox 1481 1038 1618 1096; x_wconf 78' lang='grc' dir='ltr'>ἀλλὰ</span> <span class='ocrx_word' id='word_1_112' title='bbox 1662 1036 1920 1095; x_wconf 81' lang='grc' dir='ltr'>πιστεύειν</span> <span class='ocrx_word' id='word_1_113' title='bbox 1956 1059 2062 1093; x_wconf 84' lang='grc' dir='ltr'>πα·</span> <span class='ocrx_word' id='word_1_114' title='bbox 2157 1037 2332 1113; x_wconf 85' lang='grc' dir='ltr'>διόπερ</span> <span class='ocrx_word' id='word_1_115' title='bbox 2356 1036 2470 1096; x_wconf 78' lang='grc' dir='ltr'>οὐδὲ</span> <span class='ocrx_word' id='word_1_116' title='bbox 2498 1041 2561 1116; x_wconf 81' lang='grc' dir='ltr'>τῇ</span> <span class='ocrx_word' id='word_1_117' title='bbox 2593 1036 2770 1116; x_wconf 78' lang='grc' dir='ltr'>ἡλικία</span> <span class='ocrx_word' id='word_1_118' title='bbox 2811 1040 2911 1094; x_wconf 82' lang='grc' dir='ltr'>τῶν</span> <span class='ocrx_word' id='word_1_119' title='bbox 2917 1036 3189 1139; x_wconf 84' lang='grc' dir='ltr'>γερόντων</span> <span class='ocrx_word' id='word_1_120' title='bbox 3211 1036 3495 1117; x_wconf 81' lang='grc' dir='ltr'>προνομίαν</span> <span class='ocrx_word' id='word_1_121' title='bbox 3527 1040 3738 1098; x_wconf 69' lang='grc' dir='ltr'>διδόα-</span> 
     </span>
     <span class='ocr_line' id='line_1_9' title="bbox 510 1123 3730 1208; baseline -0.006 -18"><span class='ocrx_word' id='word_1_122' title='bbox 510 1128 949 1208; x_wconf 75' lang='grc' dir='ltr'>ραὸαλλομένους·</span> <span class='ocrx_word' id='word_1_123' title='bbox 998 1126 1087 1185; x_wconf 73' lang='grc' dir='ltr'>καὶ</span> <span class='ocrx_word' id='word_1_124' title='bbox 1119 1126 1184 1185; x_wconf 78' lang='grc' dir='ltr'>τὰ</span> <span class='ocrx_word' id='word_1_125' title='bbox 1221 1127 1352 1186; x_wconf 78' lang='grc' dir='ltr'>οἴκοι</span> <span class='ocrx_word' id='word_1_126' title='bbox 1396 1126 1449 1183; x_wconf 82' lang='grc' dir='ltr'>δὲ</span> <span class='ocrx_word' id='word_1_127' title='bbox 1486 1125 1544 1182; x_wconf 77' lang='grc' dir='ltr'>τὸ</span> <span class='ocrx_word' id='word_1_128' title='bbox 1570 1124 1724 1182; x_wconf 79' lang='grc' dir='ltr'>πλέον</span> <span class='ocrx_word' id='word_1_129' title='bbox 1774 1123 2065 1202; x_wconf 76' lang='grc' dir='ltr'>ἄφρουρεῖν.</span> <span class='ocrx_word' id='word_1_130' title='bbox 2158 1147 2255 1196; x_wconf 90' lang='grc' dir='ltr'>σιν,</span> <span class='ocrx_word' id='word_1_131' title='bbox 2295 1123 2357 1182; x_wconf 76' lang='grc' dir='ltr'>ἂν</span> <span class='ocrx_word' id='word_1_132' title='bbox 2401 1124 2475 1201; x_wconf 79' lang='grc' dir='ltr'>μὴ</span> <span class='ocrx_word' id='word_1_133' title='bbox 2522 1124 2614 1182; x_wconf 77' lang='grc' dir='ltr'>καὶ</span> <span class='ocrx_word' id='word_1_134' title='bbox 2654 1148 2729 1182; x_wconf 89' lang='grc' dir='ltr'>τω</span> <span class='ocrx_word' id='word_1_135' title='bbox 2769 1124 2969 1204; x_wconf 80' lang='grc' dir='ltr'>φρονεῖν</span> <span class='ocrx_word' id='word_1_136' title='bbox 3000 1125 3367 1185; x_wconf 80' lang='grc' dir='ltr'>πλεονεκτῶσι.</span> <span class='ocrx_word' id='word_1_137' title='bbox 3416 1125 3636 1192; x_wconf 80' lang='grc' dir='ltr'>Πολλὰς</span> <span class='ocrx_word' id='word_1_138' title='bbox 3673 1128 3730 1184; x_wconf 70' lang='grc' dir='ltr'>δὲ</span> 
     </span>
     <span class='ocr_line' id='line_1_10' title="bbox 2161 1209 3734 1291; baseline 0.003 -24"><span class='ocrx_word' id='word_1_139' title='bbox 2161 1233 2413 1287; x_wconf 76' lang='grc' dir='ltr'>γαμουσιν</span> <span class='ocrx_word' id='word_1_140' title='bbox 2445 1209 2660 1281; x_wconf 77' lang='grc' dir='ltr'>ὠνητὰς</span> <span class='ocrx_word' id='word_1_141' title='bbox 2703 1211 2849 1291; x_wconf 77' lang='grc' dir='ltr'>παρὰ</span> <span class='ocrx_word' id='word_1_142' title='bbox 2888 1233 2990 1269; x_wconf 88' lang='grc' dir='ltr'>των</span> <span class='ocrx_word' id='word_1_143' title='bbox 3023 1210 3233 1288; x_wconf 83' lang='grc' dir='ltr'>γονέων,</span> <span class='ocrx_word' id='word_1_144' title='bbox 3279 1209 3620 1286; x_wconf 66' lang='grc' dir='ltr'>λαμὸἄνουσί</span> <span class='ocrx_word' id='word_1_145' title='bbox 3671 1236 3734 1271; x_wconf 86' lang='grc' dir='ltr'>τε</span> 
     </span>
     <span class='ocr_line' id='line_1_11' title="bbox 511 1285 3735 1380; baseline -0.003 -18"><span class='ocrx_word' id='word_1_146' title='bbox 511 1303 680 1371; x_wconf 77' lang='grc' dir='ltr'>ξαιτο·</span> <span class='ocrx_word' id='word_1_147' title='bbox 710 1303 768 1361; x_wconf 83' lang='grc' dir='ltr'>τὸ</span> <span class='ocrx_word' id='word_1_148' title='bbox 797 1301 978 1379; x_wconf 75' lang='grc' dir='ltr'>μόνους</span> <span class='ocrx_word' id='word_1_149' title='bbox 1007 1302 1353 1357; x_wconf 51' lang='lat' dir='ltr'>&amp;tm-meast</span> <span class='ocrx_word' id='word_1_150' title='bbox 1330 1322 1387 1356; x_wconf 88' lang='grc' dir='ltr'>αε</span> <span class='ocrx_word' id='word_1_151' title='bbox 1393 1323 1439 1368; x_wconf 85' lang='grc' dir='ltr'>ι,</span> <span class='ocrx_word' id='word_1_152' title='bbox 1467 1321 1556 1354; x_wconf 88' lang='grc' dir='ltr'>και</span> <span class='ocrx_word' id='word_1_153' title='bbox 1583 1295 1642 1353; x_wconf 83' lang='grc' dir='ltr'>τὸ</span> <span class='ocrx_word' id='word_1_154' title='bbox 1673 1295 1745 1371; x_wconf 77' lang='grc' dir='ltr'>μὴ</span> <span class='ocrx_word' id='word_1_155' title='bbox 1780 1294 1901 1370; x_wconf 75' lang='grc' dir='ltr'>μίαν</span> <span class='ocrx_word' id='word_1_156' title='bbox 1937 1285 2069 1349; x_wconf 69' lang='grc' dir='ltr'>εἶναι</span> <span class='ocrx_word' id='word_1_157' title='bbox 2161 1298 2496 1364; x_wconf 72' lang='grc' dir='ltr'>ἀντιδιδόντες</span> <span class='ocrx_word' id='word_1_158' title='bbox 2518 1302 2690 1375; x_wconf 77' lang='grc' dir='ltr'>ζεῦγος</span> <span class='ocrx_word' id='word_1_159' title='bbox 2715 1302 2875 1377; x_wconf 83' lang='grc' dir='ltr'>βοῶν·</span> <span class='ocrx_word' id='word_1_160' title='bbox 2904 1288 2976 1355; x_wconf 69' lang='grc' dir='ltr'>ὦν</span> <span class='ocrx_word' id='word_1_161' title='bbox 2995 1297 3089 1364; x_wconf 73' lang='grc' dir='ltr'>τὰς</span> <span class='ocrx_word' id='word_1_162' title='bbox 3113 1296 3207 1374; x_wconf 79' lang='grc' dir='ltr'>μὲν</span> <span class='ocrx_word' id='word_1_163' title='bbox 3233 1297 3518 1364; x_wconf 76' lang='grc' dir='ltr'>εὐπειθείας</span> <span class='ocrx_word' id='word_1_164' title='bbox 3541 1299 3735 1380; x_wconf 74' lang='grc' dir='ltr'>χάριν,</span> 
     </span>
     <span class='ocr_line' id='line_1_12' title="bbox 509 1381 3738 1468; baseline -0.007 -20"><span class='ocrx_word' id='word_1_165' title='bbox 509 1399 668 1448; x_wconf 67' lang='grc' dir='ltr'>πᾶσιν</span> <span class='ocrx_word' id='word_1_166' title='bbox 696 1388 835 1468; x_wconf 82' lang='grc' dir='ltr'>ὥραν</span> <span class='ocrx_word' id='word_1_167' title='bbox 861 1388 1085 1456; x_wconf 77' lang='grc' dir='ltr'>κοινὴν</span> <span class='ocrx_word' id='word_1_168' title='bbox 1058 1385 1260 1445; x_wconf 84' lang='grc' dir='ltr'>οείπνου</span> <span class='ocrx_word' id='word_1_169' title='bbox 1302 1409 1357 1443; x_wconf 88' lang='grc' dir='ltr'>τε</span> <span class='ocrx_word' id='word_1_170' title='bbox 1381 1408 1470 1443; x_wconf 90' lang='grc' dir='ltr'>και</span> <span class='ocrx_word' id='word_1_171' title='bbox 1502 1383 1746 1462; x_wconf 72' lang='grc' dir='ltr'>ἀρίστου,</span> <span class='ocrx_word' id='word_1_172' title='bbox 1772 1383 1887 1439; x_wconf 79' lang='grc' dir='ltr'>ἀλλ’</span> <span class='ocrx_word' id='word_1_173' title='bbox 1929 1381 2068 1446; x_wconf 82' lang='grc' dir='ltr'>ὅπως</span> <span class='ocrx_word' id='word_1_174' title='bbox 2158 1383 2297 1452; x_wconf 74' lang='grc' dir='ltr'>τὰς</span> <span class='ocrx_word' id='word_1_175' title='bbox 2270 1385 2315 1444; x_wconf 81' lang='lat'>0&#39;</span> <span class='ocrx_word' id='word_1_176' title='bbox 2347 1385 2509 1452; x_wconf 63' lang='grc' dir='ltr'>ἄλλοις</span> <span class='ocrx_word' id='word_1_177' title='bbox 2529 1388 2714 1456; x_wconf 68' lang='grc' dir='ltr'>ἡδονῆς</span> <span class='ocrx_word' id='word_1_178' title='bbox 2736 1384 2826 1443; x_wconf 70' lang='grc' dir='ltr'>χαὶ</span> <span class='ocrx_word' id='word_1_179' title='bbox 2850 1385 3216 1452; x_wconf 65' lang='grc' dir='ltr'>πολυτεκνίας·</span> <span class='ocrx_word' id='word_1_180' title='bbox 3244 1388 3289 1443; x_wconf 69' lang='grc' dir='ltr'>εἷ</span> <span class='ocrx_word' id='word_1_181' title='bbox 3317 1385 3371 1442; x_wconf 69' lang='grc' dir='ltr'>δὲ</span> <span class='ocrx_word' id='word_1_182' title='bbox 3404 1385 3479 1460; x_wconf 69' lang='grc' dir='ltr'>μὴ</span> <span class='ocrx_word' id='word_1_183' title='bbox 3513 1409 3738 1466; x_wconf 61' lang='lat' dir='ltr'>&amp;wippo-</span> 
     </span>
    </p>
   </div>
   <div class='ocr_carea' id='block_1_3' title="bbox 510 1471 3735 1558">
    <p class='ocr_par' dir='ltr' id='par_1_6' title="bbox 510 1433 3735 3463">
     <span class='ocr_line' id='line_1_13' title="bbox 510 1471 3735 1558; baseline -0.001 -23"><span class='ocrx_word' id='word_1_184' title='bbox 510 1477 710 1536; x_wconf 85' lang='grc' dir='ltr'>ἑκαστω</span> <span class='ocrx_word' id='word_1_185' title='bbox 736 1477 902 1558; x_wconf 72' lang='grc' dir='ltr'>φίλον.</span> <span class='ocrx_word' id='word_1_186' title='bbox 933 1475 1071 1553; x_wconf 68' lang='grc' dir='ltr'>Πρὸς</span> <span class='ocrx_word' id='word_1_187' title='bbox 1085 1473 1183 1552; x_wconf 74' lang='grc' dir='ltr'>γὰρ</span> <span class='ocrx_word' id='word_1_188' title='bbox 1204 1497 1290 1530; x_wconf 83' lang='grc' dir='ltr'>τον</span> <span class='ocrx_word' id='word_1_189' title='bbox 1319 1494 1611 1531; x_wconf 72' lang='lat' dir='ltr'>xotvomxov</span> <span class='ocrx_word' id='word_1_190' title='bbox 1642 1493 1839 1528; x_wconf 62' lang='lat' dir='ltr'>&gt;tw-wit</span> <span class='ocrx_word' id='word_1_191' title='bbox 1868 1474 2071 1526; x_wconf 73' lang='grc' dir='ltr'>πολῑτῑ·</span> <span class='ocrx_word' id='word_1_192' title='bbox 2160 1481 2263 1530; x_wconf 82' lang='grc' dir='ltr'>νεῖν</span> <span class='ocrx_word' id='word_1_193' title='bbox 2308 1472 2677 1552; x_wconf 74' lang='grc' dir='ltr'>ἄναγκᾶσαιεν,</span> <span class='ocrx_word' id='word_1_194' title='bbox 2716 1472 2980 1554; x_wconf 83' lang='grc' dir='ltr'>πορνεύειν</span> <span class='ocrx_word' id='word_1_195' title='bbox 3021 1471 3206 1540; x_wconf 81' lang='grc' dir='ltr'>ἔξεστι.</span> <span class='ocrx_word' id='word_1_196' title='bbox 3291 1472 3423 1533; x_wconf 77' lang='grc' dir='ltr'>Θύει</span> <span class='ocrx_word' id='word_1_197' title='bbox 3456 1473 3510 1532; x_wconf 78' lang='grc' dir='ltr'>δὲ</span> <span class='ocrx_word' id='word_1_198' title='bbox 3555 1475 3735 1542; x_wconf 80' lang='grc' dir='ltr'>οὐδεὶς</span> 
     </span>
    </p>
   </div>
   <div class='ocr_carea' id='block_1_4' title="bbox 509 1209 2066 1293">
    <p class='ocr_par' dir='ltr' id='par_1_7' title="bbox 509 1209 2066 1293">
     <span class='ocr_line' id='line_1_14' title="bbox 509 1209 2066 1293; baseline -0.007 -16.907"><span class='ocrx_word' id='word_1_199' title='bbox 509 1221 560 1278; x_wconf 97' lang='grc' dir='ltr'><strong>Γ</strong></span> <span class='ocrx_word' id='word_1_200' title='bbox 564 1240 695 1275; x_wconf 91' lang='grc' dir='ltr'>αυτα</span> <span class='ocrx_word' id='word_1_201' title='bbox 745 1216 835 1290; x_wconf 81' lang='grc' dir='ltr'>μὲν</span> <span class='ocrx_word' id='word_1_202' title='bbox 864 1215 928 1285; x_wconf 83' lang='grc' dir='ltr'>δὴ</span> <span class='ocrx_word' id='word_1_203' title='bbox 961 1236 1273 1293; x_wconf 70' lang='grc' dir='ltr'>σωφρονικα.</span> <span class='ocrx_word' id='word_1_204' title='bbox 1308 1212 1474 1273; x_wconf 87' lang='grc' dir='ltr'>Τᾶλλ’</span> <span class='ocrx_word' id='word_1_205' title='bbox 1515 1212 1619 1268; x_wconf 82' lang='grc' dir='ltr'>οὐδ’</span> <span class='ocrx_word' id='word_1_206' title='bbox 1660 1209 1720 1267; x_wconf 83' lang='grc' dir='ltr'>ἄν</span> <span class='ocrx_word' id='word_1_207' title='bbox 1761 1233 1837 1274; x_wconf 91' lang='grc' dir='ltr'>τις</span> <span class='ocrx_word' id='word_1_208' title='bbox 1879 1209 2038 1266; x_wconf 84' lang='grc' dir='ltr'>ἀποδέ</span> <span class='ocrx_word' id='word_1_209' title='bbox 2042 1240 2066 1251; x_wconf 86' lang='grc'>·</span> 
     </span>
    </p>
   </div>
   <div class='ocr_carea' id='block_1_5' title="bbox 509 1558 3736 3028">
    <p class='ocr_par' dir='ltr' id='par_1_8' title="bbox 509 1558 3736 1730">
     <span class='ocr_line' id='line_1_15' title="bbox 509 1558 3735 1642; baseline -0 -20"><span class='ocrx_word' id='word_1_210' title='bbox 509 1587 598 1622; x_wconf 89' lang='grc' dir='ltr'>κον</span> <span class='ocrx_word' id='word_1_211' title='bbox 631 1565 738 1642; x_wconf 77' lang='grc' dir='ltr'>βίον</span> <span class='ocrx_word' id='word_1_212' title='bbox 768 1563 873 1621; x_wconf 83' lang='grc' dir='ltr'>ἐκε’</span> <span class='ocrx_word' id='word_1_213' title='bbox 830 1585 970 1627; x_wconf 63' lang='grc' dir='ltr'>εινως</span> <span class='ocrx_word' id='word_1_214' title='bbox 998 1563 1225 1638; x_wconf 83' lang='grc' dir='ltr'>κρεῖττον</span> <span class='ocrx_word' id='word_1_215' title='bbox 1252 1561 1352 1639; x_wconf 89' lang='lat' dir='ltr'>(cf.</span> <span class='ocrx_word' id='word_1_216' title='bbox 1388 1563 1595 1617; x_wconf 82' lang='lat' dir='ltr'>AElian.</span> <span class='ocrx_word' id='word_1_217' title='bbox 1632 1563 1696 1617; x_wconf 86' lang='lat' dir='ltr'>V‘.</span> <span class='ocrx_word' id='word_1_218' title='bbox 1745 1562 1817 1615; x_wconf 89' lang='lat' dir='ltr'>H.</span> <span class='ocrx_word' id='word_1_219' title='bbox 1852 1560 1958 1626; x_wconf 91' lang='lat' dir='ltr'>IV,</span> <span class='ocrx_word' id='word_1_220' title='bbox 2007 1577 2067 1610; x_wconf 91' lang='lat'>1·</span> <span class='ocrx_word' id='word_1_221' title='bbox 2055 1599 2069 1626; x_wconf 91' lang='lat'>,</span> <span class='ocrx_word' id='word_1_222' title='bbox 2161 1561 2575 1639; x_wconf 69' lang='grc' dir='ltr'>ἐστεφανωμένος</span> <span class='ocrx_word' id='word_1_223' title='bbox 2600 1559 2716 1619; x_wconf 81' lang='grc' dir='ltr'>οὐδὲ</span> <span class='ocrx_word' id='word_1_224' title='bbox 2744 1558 2981 1633; x_wconf 83' lang='grc' dir='ltr'>σπένδει,</span> <span class='ocrx_word' id='word_1_225' title='bbox 3009 1558 3126 1618; x_wconf 77' lang='grc' dir='ltr'>οὐδὲ</span> <span class='ocrx_word' id='word_1_226' title='bbox 3147 1559 3429 1642; x_wconf 67' lang='grc' dir='ltr'>σφάττουσι</span> <span class='ocrx_word' id='word_1_227' title='bbox 3452 1561 3510 1619; x_wconf 77' lang='grc' dir='ltr'>τὸ</span> <span class='ocrx_word' id='word_1_228' title='bbox 3531 1565 3735 1641; x_wconf 78' lang='grc' dir='ltr'>ἱερεῖον</span> 
     </span>
     <span class='ocr_line' id='line_1_16' title="bbox 512 1646 3736 1730; baseline 0 -22"><span class='ocrx_word' id='word_1_229' title='bbox 512 1656 772 1710; x_wconf 67' lang='lat' dir='ltr'>Nicotaus</span> <span class='ocrx_word' id='word_1_230' title='bbox 798 1656 959 1709; x_wconf 73' lang='lat' dir='ltr'>Dani.</span> <span class='ocrx_word' id='word_1_231' title='bbox 993 1652 1064 1708; x_wconf 86' lang='lat' dir='ltr'>sr.</span> <span class='ocrx_word' id='word_1_232' title='bbox 1096 1657 1125 1714; x_wconf 69' lang='grc'>4</span> <span class='ocrx_word' id='word_1_233' title='bbox 1135 1647 1216 1724; x_wconf 86' lang='lat'>7).</span> <span class='ocrx_word' id='word_1_234' title='bbox 2163 1649 2296 1706; x_wconf 76' lang='grc' dir='ltr'>ἀλλὰ</span> <span class='ocrx_word' id='word_1_235' title='bbox 2334 1647 2619 1724; x_wconf 82' lang='grc' dir='ltr'>πνίγουσιν,</span> <span class='ocrx_word' id='word_1_236' title='bbox 2648 1647 2734 1705; x_wconf 77' lang='grc' dir='ltr'>ἵνα</span> <span class='ocrx_word' id='word_1_237' title='bbox 2780 1646 2854 1725; x_wconf 80' lang='grc' dir='ltr'>μὴ</span> <span class='ocrx_word' id='word_1_238' title='bbox 2888 1646 3251 1724; x_wconf 78' lang='grc' dir='ltr'>λελωὸημένον</span> <span class='ocrx_word' id='word_1_239' title='bbox 3279 1648 3397 1706; x_wconf 81' lang='grc' dir='ltr'>ἀλλ’</span> <span class='ocrx_word' id='word_1_240' title='bbox 3433 1647 3736 1730; x_wconf 82' lang='grc' dir='ltr'>ὁλόκληρον</span> 
     </span>
    </p>

    <p class='ocr_par' dir='ltr' id='par_1_9' title="bbox 511 1732 3735 2338">
     <span class='ocr_line' id='line_1_17' title="bbox 588 1732 2615 1816; baseline -0.005 -20"><span class='ocrx_word' id='word_1_241' title='bbox 588 1759 630 1797; x_wconf 75' lang='grc'>4.</span> <span class='ocrx_word' id='word_1_242' title='bbox 686 1736 977 1813; x_wconf 79' lang='grc' dir='ltr'>Ιυμνάσιον</span> <span class='ocrx_word' id='word_1_243' title='bbox 1022 1733 1075 1794; x_wconf 85' lang='grc' dir='ltr'>δὲ</span> <span class='ocrx_word' id='word_1_244' title='bbox 1116 1735 1346 1811; x_wconf 85' lang='grc' dir='ltr'>μαλιστα</span> <span class='ocrx_word' id='word_1_245' title='bbox 1374 1734 1544 1815; x_wconf 77' lang='grc' dir='ltr'>τρίψιν</span> <span class='ocrx_word' id='word_1_246' title='bbox 1586 1732 1946 1808; x_wconf 80' lang='grc' dir='ltr'>δοκιμαζουσι,</span> <span class='ocrx_word' id='word_1_247' title='bbox 1978 1753 2068 1787; x_wconf 88' lang='grc' dir='ltr'>και</span> <span class='ocrx_word' id='word_1_248' title='bbox 2162 1735 2371 1793; x_wconf 76' lang='grc' dir='ltr'>διδῶται</span> <span class='ocrx_word' id='word_1_249' title='bbox 2397 1739 2473 1793; x_wconf 79' lang='grc' dir='ltr'>τῶ</span> <span class='ocrx_word' id='word_1_250' title='bbox 2499 1739 2615 1816; x_wconf 67' lang='grc' dir='ltr'>Θεῷ,</span> 
     </span>
     <span class='ocr_line' id='line_1_18' title="bbox 511 1819 3732 1902; baseline -0.003 -18"><span class='ocrx_word' id='word_1_251' title='bbox 511 1827 682 1892; x_wconf 88' lang='grc' dir='ltr'>αλλως</span> <span class='ocrx_word' id='word_1_252' title='bbox 708 1849 796 1884; x_wconf 88' lang='grc' dir='ltr'>και</span> <span class='ocrx_word' id='word_1_253' title='bbox 830 1824 914 1882; x_wconf 83' lang='grc' dir='ltr'>διὰ</span> <span class='ocrx_word' id='word_1_254' title='bbox 948 1822 1266 1881; x_wconf 79' lang='grc' dir='ltr'>σκυταλίδων</span> <span class='ocrx_word' id='word_1_255' title='bbox 1297 1821 1534 1882; x_wconf 71' lang='grc' dir='ltr'>ἐὸενίνων</span> <span class='ocrx_word' id='word_1_256' title='bbox 1559 1820 1713 1879; x_wconf 85' lang='grc' dir='ltr'>λείων</span> <span class='ocrx_word' id='word_1_257' title='bbox 1741 1819 2067 1896; x_wconf 81' lang='grc' dir='ltr'>ἐξομαλίζον·</span> <span class='ocrx_word' id='word_1_258' title='bbox 2238 1843 2286 1882; x_wconf 73' lang='lat'>5.</span> <span class='ocrx_word' id='word_1_259' title='bbox 2333 1821 2808 1902; x_wconf 76' lang='grc' dir='ltr'>Ψευδομαρτυρίας</span> <span class='ocrx_word' id='word_1_260' title='bbox 2849 1824 2893 1881; x_wconf 81' lang='grc' dir='ltr'>δ’</span> <span class='ocrx_word' id='word_1_261' title='bbox 2934 1825 2962 1880; x_wconf 81' lang='grc' dir='ltr'>ὁ</span> <span class='ocrx_word' id='word_1_262' title='bbox 3013 1821 3166 1888; x_wconf 80' lang='grc' dir='ltr'>ἇλους</span> <span class='ocrx_word' id='word_1_263' title='bbox 3229 1823 3732 1902; x_wconf 69' lang='grc' dir='ltr'>ἀκρωτηριάζεται·</span> 
     </span>
     <span class='ocr_line' id='line_1_19' title="bbox 2160 1908 3735 1989; baseline 0.003 -23"><span class='ocrx_word' id='word_1_264' title='bbox 2160 1908 2190 1966; x_wconf 75' lang='grc' dir='ltr'><em>ὃ</em></span> <span class='ocrx_word' id='word_1_265' title='bbox 2215 1932 2268 1967; x_wconf 83' lang='grc' dir='ltr'>τε</span> <span class='ocrx_word' id='word_1_266' title='bbox 2298 1909 2549 1987; x_wconf 85' lang='grc' dir='ltr'>πηρώσας</span> <span class='ocrx_word' id='word_1_267' title='bbox 2573 1913 2628 1968; x_wconf 77' lang='grc' dir='ltr'>οὐ</span> <span class='ocrx_word' id='word_1_268' title='bbox 2658 1908 2726 1968; x_wconf 77' lang='grc' dir='ltr'>τὰ</span> <span class='ocrx_word' id='word_1_269' title='bbox 2751 1909 2884 1968; x_wconf 79' lang='grc' dir='ltr'>αὐτὰ</span> <span class='ocrx_word' id='word_1_270' title='bbox 2912 1908 3066 1987; x_wconf 84' lang='grc' dir='ltr'>μόνον</span> <span class='ocrx_word' id='word_1_271' title='bbox 3095 1910 3428 1989; x_wconf 60' lang='grc' dir='ltr'>ἀντιπάσχει,</span> <span class='ocrx_word' id='word_1_272' title='bbox 3464 1911 3602 1969; x_wconf 73' lang='grc' dir='ltr'>ἀλλὰ</span> <span class='ocrx_word' id='word_1_273' title='bbox 3631 1913 3735 1971; x_wconf 77' lang='grc' dir='ltr'>καὶ</span> 
     </span>
     <span class='ocr_line' id='line_1_20' title="bbox 2160 1993 3733 2076; baseline 0.003 -23"><span class='ocrx_word' id='word_1_274' title='bbox 2160 2005 2568 2076; x_wconf 75' lang='grc' dir='ltr'>χειροκοπεῑται·</span> <span class='ocrx_word' id='word_1_275' title='bbox 2599 1995 2688 2054; x_wconf 77' lang='grc' dir='ltr'>ἐὰν</span> <span class='ocrx_word' id='word_1_276' title='bbox 2723 1993 2776 2055; x_wconf 82' lang='grc' dir='ltr'>δὲ</span> <span class='ocrx_word' id='word_1_277' title='bbox 2803 1995 2896 2055; x_wconf 74' lang='grc' dir='ltr'>καὶ</span> <span class='ocrx_word' id='word_1_278' title='bbox 2935 1995 3168 2075; x_wconf 77' lang='grc' dir='ltr'>τεχνίτου</span> <span class='ocrx_word' id='word_1_279' title='bbox 3193 1997 3343 2075; x_wconf 81' lang='grc' dir='ltr'>χεῖρα</span> <span class='ocrx_word' id='word_1_280' title='bbox 3380 1994 3415 2067; x_wconf 74' lang='grc' dir='ltr'>ἢ</span> <span class='ocrx_word' id='word_1_281' title='bbox 3449 1998 3733 2076; x_wconf 62' lang='grc' dir='ltr'>ὀφθαλμὸν</span> 
     </span>
     <span class='ocr_line' id='line_1_21' title="bbox 2162 2075 3733 2165; baseline 0.004 -26"><span class='ocrx_word' id='word_1_282' title='bbox 2162 2083 2448 2162; x_wconf 70' lang='grc' dir='ltr'>ἀφέληται,</span> <span class='ocrx_word' id='word_1_283' title='bbox 2495 2086 2827 2143; x_wconf 76' lang='grc' dir='ltr'>θανατοῦται.</span> <span class='ocrx_word' id='word_1_284' title='bbox 2913 2081 3124 2150; x_wconf 79' lang='grc' dir='ltr'>Δούλοις</span> <span class='ocrx_word' id='word_1_285' title='bbox 3171 2086 3224 2141; x_wconf 76' lang='grc' dir='ltr'>δὲ</span> <span class='ocrx_word' id='word_1_286' title='bbox 3257 2075 3403 2150; x_wconf 67' lang='grc' dir='ltr'>οὗτος</span> <span class='ocrx_word' id='word_1_287' title='bbox 3445 2083 3546 2161; x_wconf 83' lang='grc' dir='ltr'>μέν</span> <span class='ocrx_word' id='word_1_288' title='bbox 3593 2110 3733 2165; x_wconf 76' lang='grc' dir='ltr'>φησι</span> 
     </span>
     <span class='ocr_line' id='line_1_22' title="bbox 2161 2169 3730 2253; baseline 0.003 -26.003"><span class='ocrx_word' id='word_1_289' title='bbox 2161 2170 2358 2246; x_wconf 80' lang='grc' dir='ltr'>μηδένα</span> <span class='ocrx_word' id='word_1_290' title='bbox 2380 2171 2555 2231; x_wconf 80' lang='grc' dir='ltr'>Ἰνδῶν</span> <span class='ocrx_word' id='word_1_291' title='bbox 2573 2176 2831 2253; x_wconf 77' lang='grc' dir='ltr'>χρῆσθαι·</span> <span class='ocrx_word' id='word_1_292' title='bbox 2854 2171 3244 2249; x_wconf 88' lang='grc' dir='ltr'>[Ὀνησίκριτος</span> <span class='ocrx_word' id='word_1_293' title='bbox 3267 2169 3320 2228; x_wconf 80' lang='grc' dir='ltr'>δὲ</span> <span class='ocrx_word' id='word_1_294' title='bbox 3343 2173 3444 2247; x_wconf 77' lang='lat' dir='ltr'>(fr.</span> <span class='ocrx_word' id='word_1_295' title='bbox 3481 2175 3585 2252; x_wconf 80' lang='lat'>20)</span> <span class='ocrx_word' id='word_1_296' title='bbox 3614 2177 3730 2232; x_wconf 71' lang='grc' dir='ltr'>τῶν</span> 
     </span>
     <span class='ocr_line' id='line_1_23' title="bbox 2160 2257 3477 2366; baseline -0.001 -49"><span class='ocrx_word' id='word_1_297' title='bbox 2160 2263 2263 2317; x_wconf 83' lang='grc' dir='ltr'>ἐν.</span> <span class='ocrx_word' id='word_1_298' title='bbox 2240 2263 2303 2337; x_wconf 78' lang='grc' dir='ltr'>τῇ</span> <span class='ocrx_word' id='word_1_299' title='bbox 2329 2261 2664 2319; x_wconf 84' lang='grc' dir='ltr'>Μουσικανου</span> <span class='ocrx_word' id='word_1_300' title='bbox 2689 2262 2826 2317; x_wconf 80' lang='grc' dir='ltr'>τοῦτ’</span> <span class='ocrx_word' id='word_1_301' title='bbox 2853 2258 2982 2317; x_wconf 82' lang='grc' dir='ltr'>ἴδιον</span> <span class='ocrx_word' id='word_1_302' title='bbox 3008 2257 3292 2366; x_wconf 70' lang='grc' dir='ltr'>ἀποιραίνει</span> <span class='ocrx_word' id='word_1_303' title='bbox 3315 2261 3430 2319; x_wconf 89' lang='grc' dir='ltr'>κτλ.</span> <span class='ocrx_word' id='word_1_304' title='bbox 3437 2260 3477 2337; x_wconf 89' lang='grc'>].</span> 
     </span>
    </p>

    <p class='ocr_par' dir='ltr' id='par_1_10' title="bbox 2159 2344 3732 3028">
     <span class='ocr_line' id='line_1_24' title="bbox 2237 2344 3729 2427; baseline 0.003 -26"><span class='ocrx_word' id='word_1_305' title='bbox 2237 2364 2282 2406; x_wconf 81' lang='grc' dir='ltr'>ιι.</span> <span class='ocrx_word' id='word_1_306' title='bbox 2329 2349 2424 2426; x_wconf 79' lang='grc' dir='ltr'>Τῷ</span> <span class='ocrx_word' id='word_1_307' title='bbox 2459 2347 2664 2424; x_wconf 87' lang='grc' dir='ltr'>βασιλεῖ</span> <span class='ocrx_word' id='word_1_308' title='bbox 2691 2347 2737 2404; x_wconf 84' lang='grc' dir='ltr'>δ’</span> <span class='ocrx_word' id='word_1_309' title='bbox 2764 2349 2796 2415; x_wconf 82' lang='grc' dir='ltr'>ἡ</span> <span class='ocrx_word' id='word_1_310' title='bbox 2821 2344 2914 2422; x_wconf 77' lang='grc' dir='ltr'>μὲν</span> <span class='ocrx_word' id='word_1_311' title='bbox 2952 2369 3041 2404; x_wconf 88' lang='grc' dir='ltr'>του</span> <span class='ocrx_word' id='word_1_312' title='bbox 3080 2345 3320 2423; x_wconf 82' lang='grc' dir='ltr'>σώματος</span> <span class='ocrx_word' id='word_1_313' title='bbox 3351 2347 3612 2427; x_wconf 74' lang='grc' dir='ltr'>θεραπεία</span> <span class='ocrx_word' id='word_1_314' title='bbox 3635 2349 3729 2407; x_wconf 78' lang='grc' dir='ltr'>διὰ</span> 
     </span>
     <span class='ocr_line' id='line_1_25' title="bbox 2160 2432 3729 2538; baseline 0.001 -49"><span class='ocrx_word' id='word_1_315' title='bbox 2160 2435 2452 2538; x_wconf 36' lang='grc' dir='ltr'>γυναικῶνα</span> <span class='ocrx_word' id='word_1_316' title='bbox 2440 2437 2597 2506; x_wconf 81' lang='grc' dir='ltr'>ἔστιν,</span> <span class='ocrx_word' id='word_1_317' title='bbox 2624 2434 2836 2505; x_wconf 81' lang='grc' dir='ltr'>ὦνητων</span> <span class='ocrx_word' id='word_1_318' title='bbox 2855 2432 2947 2492; x_wconf 74' lang='grc' dir='ltr'>καὶ</span> <span class='ocrx_word' id='word_1_319' title='bbox 2971 2436 3141 2492; x_wconf 75' lang='grc' dir='ltr'>αὐτῶν</span> <span class='ocrx_word' id='word_1_320' title='bbox 3162 2432 3307 2514; x_wconf 79' lang='grc' dir='ltr'>παρὰ</span> <span class='ocrx_word' id='word_1_321' title='bbox 3331 2437 3435 2491; x_wconf 84' lang='grc' dir='ltr'>τῶν</span> <span class='ocrx_word' id='word_1_322' title='bbox 3458 2436 3661 2514; x_wconf 80' lang='grc' dir='ltr'>πατέρι·</span> <span class='ocrx_word' id='word_1_323' title='bbox 3659 2460 3729 2494; x_wconf 74' lang='grc' dir='ltr'>ιν·</span> 
     </span>
     <span class='ocr_line' id='line_1_26' title="bbox 2160 2518 3729 2600; baseline 0.004 -25"><span class='ocrx_word' id='word_1_324' title='bbox 2160 2518 2257 2586; x_wconf 83' lang='grc' dir='ltr'>ἔξω</span> <span class='ocrx_word' id='word_1_325' title='bbox 2285 2519 2339 2577; x_wconf 82' lang='grc' dir='ltr'>δὲ</span> <span class='ocrx_word' id='word_1_326' title='bbox 2381 2523 2485 2579; x_wconf 83' lang='grc' dir='ltr'>τῶν</span> <span class='ocrx_word' id='word_1_327' title='bbox 2524 2524 2688 2600; x_wconf 83' lang='grc' dir='ltr'>θυρῶν</span> <span class='ocrx_word' id='word_1_328' title='bbox 2731 2524 2780 2579; x_wconf 77' lang='grc' dir='ltr'>οἱ</span> <span class='ocrx_word' id='word_1_329' title='bbox 2816 2520 3261 2600; x_wconf 72' lang='grc' dir='ltr'>σωματοφύλακες</span> <span class='ocrx_word' id='word_1_330' title='bbox 3301 2520 3392 2577; x_wconf 68' lang='grc' dir='ltr'>καὶ</span> <span class='ocrx_word' id='word_1_331' title='bbox 3437 2521 3498 2578; x_wconf 81' lang='grc' dir='ltr'>τὸ</span> <span class='ocrx_word' id='word_1_332' title='bbox 3537 2522 3729 2581; x_wconf 81' lang='grc' dir='ltr'>λοιπὸν</span> 
     </span>
     <span class='ocr_line' id='line_1_27' title="bbox 2161 2606 3732 2688; baseline 0.003 -23"><span class='ocrx_word' id='word_1_333' title='bbox 2161 2608 2556 2688; x_wconf 86' lang='grc' dir='ltr'>στρατιωτικόν·</span> <span class='ocrx_word' id='word_1_334' title='bbox 2582 2609 2833 2683; x_wconf 82' lang='grc' dir='ltr'>μεθύοντα</span> <span class='ocrx_word' id='word_1_335' title='bbox 2863 2609 2916 2667; x_wconf 83' lang='grc' dir='ltr'>δὲ</span> <span class='ocrx_word' id='word_1_336' title='bbox 2942 2608 3190 2667; x_wconf 86' lang='grc' dir='ltr'>κτείνασα</span> <span class='ocrx_word' id='word_1_337' title='bbox 3219 2606 3347 2685; x_wconf 83' lang='grc' dir='ltr'>γυνὴ</span> <span class='ocrx_word' id='word_1_338' title='bbox 3383 2609 3605 2687; x_wconf 83' lang='grc' dir='ltr'>βασιλέα</span> <span class='ocrx_word' id='word_1_339' title='bbox 3637 2611 3732 2686; x_wconf 78' lang='grc' dir='ltr'>γε’-</span> 
     </span>
     <span class='ocr_line' id='line_1_28' title="bbox 2162 2693 3727 2775; baseline 0.004 -25"><span class='ocrx_word' id='word_1_340' title='bbox 2162 2718 2250 2773; x_wconf 87' lang='grc' dir='ltr'>ρας</span> <span class='ocrx_word' id='word_1_341' title='bbox 2274 2693 2407 2798; x_wconf 37' lang='grc' dir='ltr'>ἔχει’.</span> <span class='ocrx_word' id='word_1_342' title='bbox 2413 2704 2638 2755; x_wconf 84' lang='grc' dir='ltr'>συνεῖναι</span> <span class='ocrx_word' id='word_1_343' title='bbox 2666 2701 2740 2775; x_wconf 77' lang='grc' dir='ltr'>τῷ</span> <span class='ocrx_word' id='word_1_344' title='bbox 2764 2697 2953 2756; x_wconf 78' lang='grc' dir='ltr'>ἐκεῖνον</span> <span class='ocrx_word' id='word_1_345' title='bbox 2983 2694 3359 2775; x_wconf 82' lang='grc' dir='ltr'>διαδεξαμένῳ·</span> <span class='ocrx_word' id='word_1_346' title='bbox 3387 2695 3727 2775; x_wconf 82' lang='grc' dir='ltr'>διαδέχονται</span> 
     </span>
     <span class='ocr_line' id='line_1_29' title="bbox 2161 2781 3725 2863; baseline 0.003 -24"><span class='ocrx_word' id='word_1_347' title='bbox 2161 2785 2205 2839; x_wconf 87' lang='grc' dir='ltr'>δ’</span> <span class='ocrx_word' id='word_1_348' title='bbox 2238 2786 2285 2841; x_wconf 79' lang='grc' dir='ltr'>οἱ</span> <span class='ocrx_word' id='word_1_349' title='bbox 2306 2784 2507 2850; x_wconf 84' lang='grc' dir='ltr'>παιδες.</span> <span class='ocrx_word' id='word_1_350' title='bbox 2592 2785 2723 2845; x_wconf 80' lang='grc' dir='ltr'>Οὐδ’</span> <span class='ocrx_word' id='word_1_351' title='bbox 2750 2788 2902 2843; x_wconf 78' lang='grc' dir='ltr'>ὑπνοῖ</span> <span class='ocrx_word' id='word_1_352' title='bbox 2925 2787 3039 2861; x_wconf 83' lang='grc' dir='ltr'>μεθ’</span> <span class='ocrx_word' id='word_1_353' title='bbox 3062 2781 3264 2863; x_wconf 73' lang='grc' dir='ltr'>ἡμέραν</span> <span class='ocrx_word' id='word_1_354' title='bbox 3289 2786 3316 2840; x_wconf 79' lang='grc' dir='ltr'><strong>ὃ</strong></span> <span class='ocrx_word' id='word_1_355' title='bbox 3337 2784 3606 2862; x_wconf 83' lang='grc' dir='ltr'>βασιλευς,</span> <span class='ocrx_word' id='word_1_356' title='bbox 3628 2786 3725 2844; x_wconf 82' lang='grc' dir='ltr'>καὶ</span> 
     </span>
     <span class='ocr_line' id='line_1_30' title="bbox 2159 2869 3726 2952; baseline 0.003 -25"><span class='ocrx_word' id='word_1_357' title='bbox 2159 2869 2362 2950; x_wconf 76' lang='grc' dir='ltr'>νύκτωρ</span> <span class='ocrx_word' id='word_1_358' title='bbox 2405 2872 2457 2930; x_wconf 78' lang='grc' dir='ltr'>δὲ</span> <span class='ocrx_word' id='word_1_359' title='bbox 2483 2876 2601 2930; x_wconf 86' lang='grc' dir='ltr'>καθ’</span> <span class='ocrx_word' id='word_1_360' title='bbox 2633 2871 2773 2952; x_wconf 86' lang='grc' dir='ltr'>ωραν</span> <span class='ocrx_word' id='word_1_361' title='bbox 2798 2872 3146 2951; x_wconf 79' lang='grc' dir='ltr'>ἀναγκάζεται</span> <span class='ocrx_word' id='word_1_362' title='bbox 3174 2870 3268 2943; x_wconf 83' lang='grc' dir='ltr'>τὴν</span> <span class='ocrx_word' id='word_1_363' title='bbox 3295 2869 3473 2944; x_wconf 87' lang='grc' dir='ltr'>κοίτην</span> <span class='ocrx_word' id='word_1_364' title='bbox 3511 2874 3647 2930; x_wconf 64' lang='grc' dir='ltr'>ἀλλ’</span> <span class='ocrx_word' id='word_1_365' title='bbox 3615 2897 3726 2931; x_wconf 78' lang='grc' dir='ltr'>ατ-</span> 
     </span>
     <span class='ocr_line' id='line_1_31' title="bbox 2159 2958 2829 3028; baseline 0.006 -12"><span class='ocrx_word' id='word_1_366' title='bbox 2159 2982 2264 3016; x_wconf 88' lang='grc' dir='ltr'>τειν</span> <span class='ocrx_word' id='word_1_367' title='bbox 2293 2958 2378 3017; x_wconf 71' lang='grc' dir='ltr'>διὰ</span> <span class='ocrx_word' id='word_1_368' title='bbox 2398 2960 2490 3027; x_wconf 78' lang='grc' dir='ltr'>τὰς</span> <span class='ocrx_word' id='word_1_369' title='bbox 2526 2960 2829 3028; x_wconf 65' lang='grc' dir='ltr'>ἐπιὸουλᾶς.</span> 
     </span>
    </p>
   </div>
   <div class='ocr_carea' id='block_1_6' title="bbox 510 1940 3718 3126">
    <p class='ocr_par' dir='ltr' id='par_1_11' title="bbox 510 1940 2070 2630">
     <span class='ocr_line' id='line_1_32' title="bbox 511 1940 2068 2009; baseline -0.007 -11"><span class='ocrx_word' id='word_1_370' title='bbox 511 1951 583 1998; x_wconf 88' lang='lat' dir='ltr'>est</span> <span class='ocrx_word' id='word_1_371' title='bbox 607 1947 825 2009; x_wconf 71' lang='lat' dir='ltr'>gravius,</span> <span class='ocrx_word' id='word_1_372' title='bbox 846 1945 1024 2008; x_wconf 80' lang='lat' dir='ltr'>septem</span> <span class='ocrx_word' id='word_1_373' title='bbox 1058 1944 1244 1992; x_wconf 61' lang='lat' dir='ltr'>sarculis</span> <span class='ocrx_word' id='word_1_374' title='bbox 1275 1943 1438 2005; x_wconf 90' lang='lat' dir='ltr'>postea</span> <span class='ocrx_word' id='word_1_375' title='bbox 1468 1945 1567 1992; x_wconf 85' lang='lat' dir='ltr'>Fa·</span> <span class='ocrx_word' id='word_1_376' title='bbox 1572 1942 1693 1991; x_wconf 75' lang='lat' dir='ltr'>hain</span> <span class='ocrx_word' id='word_1_377' title='bbox 1731 1940 1938 1990; x_wconf 84' lang='lat' dir='ltr'>sinensis</span> <span class='ocrx_word' id='word_1_378' title='bbox 1967 1940 2068 2002; x_wconf 87' lang='lat' dir='ltr'>qui-</span> 
     </span>
     <span class='ocr_line' id='line_1_33' title="bbox 512 2011 2070 2078; baseline -0.005 -13"><span class='ocrx_word' id='word_1_379' title='bbox 512 2017 623 2065; x_wconf 82' lang='lat' dir='ltr'>dam</span> <span class='ocrx_word' id='word_1_380' title='bbox 649 2016 969 2078; x_wconf 78' lang='lat' dir='ltr'>peregrinator</span> <span class='ocrx_word' id='word_1_381' title='bbox 1006 2014 1148 2062; x_wconf 69' lang='lat' dir='ltr'>retert</span> <span class='ocrx_word' id='word_1_382' title='bbox 1178 2014 1225 2061; x_wconf 92' lang='lat' dir='ltr'>in</span> <span class='ocrx_word' id='word_1_383' title='bbox 1263 2012 1421 2061; x_wconf 85' lang='lat' dir='ltr'>media</span> <span class='ocrx_word' id='word_1_384' title='bbox 1449 2011 1581 2060; x_wconf 79' lang='lat' dir='ltr'>India</span> <span class='ocrx_word' id='word_1_385' title='bbox 1612 2023 1766 2073; x_wconf 81' lang='lat' dir='ltr'>neque</span> <span class='ocrx_word' id='word_1_386' title='bbox 1788 2022 1984 2058; x_wconf 76' lang='lat' dir='ltr'>censum</span> <span class='ocrx_word' id='word_1_387' title='bbox 2022 2011 2070 2058; x_wconf 89' lang='lat' dir='ltr'>in</span> 
     </span>
     <span class='ocr_line' id='line_1_34' title="bbox 512 2079 2067 2144; baseline -0.005 -10"><span class='ocrx_word' id='word_1_388' title='bbox 512 2086 601 2134; x_wconf 85' lang='lat' dir='ltr'>us&#39;u</span> <span class='ocrx_word' id='word_1_389' title='bbox 630 2099 729 2134; x_wconf 78' lang='lat' dir='ltr'>esse</span> <span class='ocrx_word' id='word_1_390' title='bbox 765 2097 921 2144; x_wconf 83' lang='lat' dir='ltr'>neque</span> <span class='ocrx_word' id='word_1_391' title='bbox 951 2084 1091 2143; x_wconf 82' lang='lat' dir='ltr'>leges.</span> <span class='ocrx_word' id='word_1_392' title='bbox 1128 2085 1247 2131; x_wconf 87' lang='lat' dir='ltr'>Foe</span> <span class='ocrx_word' id='word_1_393' title='bbox 1255 2081 1460 2131; x_wconf 58' lang='lat' dir='ltr'>lsoue-ki.</span> <span class='ocrx_word' id='word_1_394' title='bbox 1500 2094 1547 2142; x_wconf 88' lang='lat' dir='ltr'>p.</span> <span class='ocrx_word' id='word_1_395' title='bbox 1573 2086 1651 2129; x_wconf 90' lang='grc'>99.</span> <span class='ocrx_word' id='word_1_396' title='bbox 1687 2079 1828 2137; x_wconf 90' lang='lat' dir='ltr'>Quod</span> <span class='ocrx_word' id='word_1_397' title='bbox 1863 2079 2067 2127; x_wconf 85' lang='lat' dir='ltr'>alterum</span> 
     </span>
     <span class='ocr_line' id='line_1_35' title="bbox 510 2149 2068 2215; baseline -0.005 -11"><span class='ocrx_word' id='word_1_398' title='bbox 510 2155 756 2205; x_wconf 78' lang='lat' dir='ltr'><strong>contendit</strong></span> <span class='ocrx_word' id='word_1_399' title='bbox 781 2154 1126 2214; x_wconf 73' lang='lat' dir='ltr'>MegastlieneS‚</span> <span class='ocrx_word' id='word_1_400' title='bbox 1161 2151 1264 2200; x_wconf 69' lang='grc' dir='ltr'>οὐδὲ</span> <span class='ocrx_word' id='word_1_401' title='bbox 1288 2152 1537 2215; x_wconf 79' lang='grc' dir='ltr'>γράμματα</span> <span class='ocrx_word' id='word_1_402' title='bbox 1561 2151 1629 2198; x_wconf 83' lang='grc' dir='ltr'>εἱο</span> <span class='ocrx_word' id='word_1_403' title='bbox 1608 2150 1728 2198; x_wconf 80' lang='grc' dir='ltr'>ε’ναι</span> <span class='ocrx_word' id='word_1_404' title='bbox 1753 2149 1919 2204; x_wconf 79' lang='grc' dir='ltr'>αὐτούς</span> <span class='ocrx_word' id='word_1_405' title='bbox 1936 2185 1951 2210; x_wconf 90' lang='grc'>,</span> <span class='ocrx_word' id='word_1_406' title='bbox 1981 2162 2068 2196; x_wconf 83' lang='lat' dir='ltr'>ex·</span> 
     </span>
     <span class='ocr_line' id='line_1_36' title="bbox 513 2218 2069 2287; baseline -0.005 -13"><span class='ocrx_word' id='word_1_407' title='bbox 513 2226 734 2287; x_wconf 77' lang='lat' dir='ltr'>plicatur,</span> <span class='ocrx_word' id='word_1_408' title='bbox 756 2224 794 2272; x_wconf 91' lang='lat' dir='ltr'>³i</span> <span class='ocrx_word' id='word_1_409' title='bbox 828 2223 1135 2285; x_wconf 74' lang='lat' dir='ltr'>cogitaveris,</span> <span class='ocrx_word' id='word_1_410' title='bbox 1166 2220 1570 2282; x_wconf 84' lang='lat' dir='ltr'>quemadmodum</span> <span class='ocrx_word' id='word_1_411' title='bbox 1601 2220 1704 2268; x_wconf 75' lang='lat' dir='ltr'>liaec</span> <span class='ocrx_word' id='word_1_412' title='bbox 1726 2232 1835 2268; x_wconf 89' lang='lat' dir='ltr'>cum</span> <span class='ocrx_word' id='word_1_413' title='bbox 1860 2218 1938 2266; x_wconf 87' lang='lat' dir='ltr'>illa</span> <span class='ocrx_word' id='word_1_414' title='bbox 1957 2232 2069 2267; x_wconf 87' lang='lat' dir='ltr'>scn—</span> 
     </span>
     <span class='ocr_line' id='line_1_37' title="bbox 513 2287 2066 2353; baseline -0.007 -8"><span class='ocrx_word' id='word_1_415' title='bbox 513 2296 662 2345; x_wconf 82' lang='lat' dir='ltr'>tentia</span> <span class='ocrx_word' id='word_1_416' title='bbox 680 2295 964 2344; x_wconf 60' lang='lat' dir='ltr'>cohaereant.</span> <span class='ocrx_word' id='word_1_417' title='bbox 1004 2296 1076 2341; x_wconf 81' lang='lat' dir='ltr'>Ex</span> <span class='ocrx_word' id='word_1_418' title='bbox 1095 2306 1151 2341; x_wconf 91' lang='lat' dir='ltr'>eo</span> <span class='ocrx_word' id='word_1_419' title='bbox 1177 2292 1331 2350; x_wconf 83' lang='lat' dir='ltr'>enim,</span> <span class='ocrx_word' id='word_1_420' title='bbox 1360 2291 1489 2353; x_wconf 86' lang='lat' dir='ltr'>quod</span> <span class='ocrx_word' id='word_1_421' title='bbox 1511 2292 1653 2339; x_wconf 80' lang='lat' dir='ltr'>antea</span> <span class='ocrx_word' id='word_1_422' title='bbox 1679 2289 1825 2347; x_wconf 76' lang='lat' dir='ltr'>dixit,</span> <span class='ocrx_word' id='word_1_423' title='bbox 1850 2287 2066 2350; x_wconf 59' lang='grc' dir='ltr'>ἀγράφοις</span> 
     </span>
     <span class='ocr_line' id='line_1_38' title="bbox 511 2327 2068 2425; baseline -0.007 -11"><span class='ocrx_word' id='word_1_424' title='bbox 511 2367 592 2415; x_wconf 82' lang='grc' dir='ltr'>καὶ</span> <span class='ocrx_word' id='word_1_425' title='bbox 611 2370 794 2413; x_wconf 76' lang='grc' dir='ltr'>ταῦτα</span> <span class='ocrx_word' id='word_1_426' title='bbox 793 2365 938 2425; x_wconf 79' lang='grc' dir='ltr'>ὁμοις</span> <span class='ocrx_word' id='word_1_427' title='bbox 961 2363 1242 2424; x_wconf 78' lang='grc' dir='ltr'>χρωμένοις,</span> <span class='ocrx_word' id='word_1_428' title='bbox 1276 2327 1331 2409; x_wconf 56' lang='lat' dir='ltr'>et,</span> <span class='ocrx_word' id='word_1_429' title='bbox 1352 2373 1413 2407; x_wconf 77' lang='lat' dir='ltr'>ex</span> <span class='ocrx_word' id='word_1_430' title='bbox 1438 2373 1522 2420; x_wconf 84' lang='lat' dir='ltr'>eo,</span> <span class='ocrx_word' id='word_1_431' title='bbox 1547 2358 1676 2421; x_wconf 86' lang='lat' dir='ltr'>quod</span> <span class='ocrx_word' id='word_1_432' title='bbox 1703 2361 1931 2419; x_wconf 81' lang='lat' dir='ltr'>tauquam</span> <span class='ocrx_word' id='word_1_433' title='bbox 1951 2369 2068 2405; x_wconf 87' lang='lat' dir='ltr'>con·</span> 
     </span>
     <span class='ocr_line' id='line_1_39' title="bbox 513 2424 2067 2491; baseline -0.007 -7"><span class='ocrx_word' id='word_1_434' title='bbox 513 2435 715 2484; x_wconf 84' lang='lat' dir='ltr'>trarium</span> <span class='ocrx_word' id='word_1_435' title='bbox 746 2432 974 2481; x_wconf 81' lang='lat' dir='ltr'>addidit:</span> <span class='ocrx_word' id='word_1_436' title='bbox 1003 2431 1104 2480; x_wconf 79' lang='grc' dir='ltr'>ἁ)λ’</span> <span class='ocrx_word' id='word_1_437' title='bbox 1142 2431 1233 2479; x_wconf 75' lang='grc' dir='ltr'>ἀπὸ</span> <span class='ocrx_word' id='word_1_438' title='bbox 1269 2430 1447 2491; x_wconf 78' lang='grc' dir='ltr'>μνήμης</span> <span class='ocrx_word' id='word_1_439' title='bbox 1476 2430 1654 2477; x_wconf 81' lang='grc' dir='ltr'>ἕκαστα</span> <span class='ocrx_word' id='word_1_440' title='bbox 1688 2428 1985 2476; x_wconf 81' lang='grc' dir='ltr'>διοικεῖσθαι·</span> <span class='ocrx_word' id='word_1_441' title='bbox 2019 2424 2067 2473; x_wconf 78' lang='grc' dir='ltr'>εὖ</span> 
     </span>
     <span class='ocr_line' id='line_1_40' title="bbox 512 2495 2069 2568; baseline -0.006 -15"><span class='ocrx_word' id='word_1_442' title='bbox 512 2521 723 2568; x_wconf 78' lang='grc' dir='ltr'>πραττειν</span> <span class='ocrx_word' id='word_1_443' title='bbox 747 2504 785 2551; x_wconf 87' lang='grc' dir='ltr'>δ’</span> <span class='ocrx_word' id='word_1_444' title='bbox 808 2504 934 2564; x_wconf 82' lang='grc' dir='ltr'>ὅμως</span> <span class='ocrx_word' id='word_1_445' title='bbox 964 2503 1039 2550; x_wconf 77' lang='grc' dir='ltr'>δια</span> <span class='ocrx_word' id='word_1_446' title='bbox 1073 2502 1152 2558; x_wconf 72' lang='grc' dir='ltr'>τὴν</span> <span class='ocrx_word' id='word_1_447' title='bbox 1187 2500 1424 2555; x_wconf 73' lang='grc' dir='ltr'>ἁπλότητα</span> <span class='ocrx_word' id='word_1_448' title='bbox 1447 2517 1525 2547; x_wconf 83' lang='grc' dir='ltr'>και</span> <span class='ocrx_word' id='word_1_449' title='bbox 1550 2500 1632 2557; x_wconf 83' lang='grc' dir='ltr'>τήν</span> <span class='ocrx_word' id='word_1_450' title='bbox 1673 2499 1922 2556; x_wconf 74' lang='grc' dir='ltr'>εὐτέλειαν,</span> <span class='ocrx_word' id='word_1_451' title='bbox 1953 2495 2069 2558; x_wconf 84' lang='lat' dir='ltr'>quid</span> 
     </span>
     <span class='ocr_line' id='line_1_41' title="bbox 510 2566 2037 2630; baseline -0.005 -8"><span class='ocrx_word' id='word_1_452' title='bbox 510 2574 600 2622; x_wconf 85' lang='lat' dir='ltr'><strong>sibi</strong></span> <span class='ocrx_word' id='word_1_453' title='bbox 636 2572 751 2621; x_wconf 48' lang='lat' dir='ltr'>uelit</span> <span class='ocrx_word' id='word_1_454' title='bbox 791 2571 895 2619; x_wconf 75' lang='lat' dir='ltr'>lloec</span> <span class='ocrx_word' id='word_1_455' title='bbox 925 2570 1184 2629; x_wconf 81' lang='lat' dir='ltr'>sententia,</span> <span class='ocrx_word' id='word_1_456' title='bbox 1220 2569 1322 2617; x_wconf 78' lang='grc' dir='ltr'>οὐδὲ</span> <span class='ocrx_word' id='word_1_457' title='bbox 1340 2584 1663 2630; x_wconf 84' lang='grc' dir='ltr'>γραμματα</span> <span class='ocrx_word' id='word_1_458' title='bbox 1687 2569 1788 2616; x_wconf 74' lang='grc' dir='ltr'>εἶδέ</span> <span class='ocrx_word' id='word_1_459' title='bbox 1778 2584 1852 2615; x_wconf 86' lang='grc' dir='ltr'>ναι</span> <span class='ocrx_word' id='word_1_460' title='bbox 1874 2566 2037 2621; x_wconf 69' lang='grc' dir='ltr'>αὐτούς</span> 
     </span>
    </p>

    <p class='ocr_par' dir='ltr' id='par_1_12' title="bbox 511 2637 3718 3125">
     <span class='ocr_line' id='line_1_42' title="bbox 514 2637 2068 2706; baseline -0.005 -14"><span class='ocrx_word' id='word_1_461' title='bbox 514 2645 651 2706; x_wconf 84' lang='lat' dir='ltr'>plane</span> <span class='ocrx_word' id='word_1_462' title='bbox 676 2642 969 2701; x_wconf 74' lang='lat' dir='ltr'>intelligitur.</span> <span class='ocrx_word' id='word_1_463' title='bbox 1038 2642 1139 2688; x_wconf 84' lang='lat' dir='ltr'>Hoc</span> <span class='ocrx_word' id='word_1_464' title='bbox 1170 2640 1298 2686; x_wconf 89' lang='lat' dir='ltr'>enim</span> <span class='ocrx_word' id='word_1_465' title='bbox 1328 2640 1678 2699; x_wconf 65' lang='lat' dir='ltr'>megasthenem</span> <span class='ocrx_word' id='word_1_466' title='bbox 1704 2637 1888 2685; x_wconf 68' lang='lat' dir='ltr'>voluise</span> <span class='ocrx_word' id='word_1_467' title='bbox 1919 2649 2068 2698; x_wconf 85' lang='lat' dir='ltr'>appa·</span> 
     </span>
     <span class='ocr_line' id='line_1_43' title="bbox 515 2707 2064 2774; baseline -0.004 -12"><span class='ocrx_word' id='word_1_468' title='bbox 515 2715 613 2774; x_wconf 86' lang='lat' dir='ltr'>ret,</span> <span class='ocrx_word' id='word_1_469' title='bbox 637 2711 883 2771; x_wconf 81' lang='lat' dir='ltr'>injudicio</span> <span class='ocrx_word' id='word_1_470' title='bbox 902 2722 998 2757; x_wconf 90' lang='lat' dir='ltr'>non</span> <span class='ocrx_word' id='word_1_471' title='bbox 1019 2708 1231 2756; x_wconf 81' lang='lat' dir='ltr'>adbiberi</span> <span class='ocrx_word' id='word_1_472' title='bbox 1256 2707 1537 2770; x_wconf 79' lang='grc' dir='ltr'>γράμματα,</span> <span class='ocrx_word' id='word_1_473' title='bbox 1560 2708 1595 2757; x_wconf 87' lang='lat' dir='ltr'>i.</span> <span class='ocrx_word' id='word_1_474' title='bbox 1628 2719 1670 2756; x_wconf 89' lang='grc'>6.</span> <span class='ocrx_word' id='word_1_475' title='bbox 1698 2707 1896 2769; x_wconf 75' lang='lat' dir='ltr'>scriptas</span> <span class='ocrx_word' id='word_1_476' title='bbox 1916 2707 2064 2768; x_wconf 60' lang='lat' dir='ltr'>legent,</span> 
     </span>
     <span class='ocr_line' id='line_1_44' title="bbox 513 2776 2065 2837; baseline -0.004 -6"><span class='ocrx_word' id='word_1_477' title='bbox 513 2782 696 2831; x_wconf 84' lang='lat' dir='ltr'>libellos</span> <span class='ocrx_word' id='word_1_478' title='bbox 727 2777 1068 2836; x_wconf 78' lang='lat' dir='ltr'>accusationis,</span> <span class='ocrx_word' id='word_1_479' title='bbox 1108 2777 1307 2826; x_wconf 85' lang='lat' dir='ltr'>tabulas.</span> <span class='ocrx_word' id='word_1_480' title='bbox 1336 2780 1373 2824; x_wconf 81' lang='lat' dir='ltr'>V</span> <span class='ocrx_word' id='word_1_481' title='bbox 1381 2776 1566 2837; x_wconf 80' lang='lat' dir='ltr'>algari</span> <span class='ocrx_word' id='word_1_482' title='bbox 1556 2790 1602 2825; x_wconf 86' lang='grc' dir='ltr'>ιιι</span> <span class='ocrx_word' id='word_1_483' title='bbox 1635 2789 1723 2825; x_wconf 86' lang='grc' dir='ltr'>ιι5ιι</span> <span class='ocrx_word' id='word_1_484' title='bbox 1757 2776 2065 2837; x_wconf 76' lang='lat' dir='ltr'>scriptionem</span> 
     </span>
     <span class='ocr_line' id='line_1_45' title="bbox 513 2844 2065 2907; baseline -0.003 -8"><span class='ocrx_word' id='word_1_485' title='bbox 513 2851 653 2899; x_wconf 76' lang='lat' dir='ltr'>tuisse</span> <span class='ocrx_word' id='word_1_486' title='bbox 667 2846 937 2898; x_wconf 77' lang='lat' dir='ltr'>Nearchus</span> <span class='ocrx_word' id='word_1_487' title='bbox 923 2844 1205 2906; x_wconf 70' lang='lat' dir='ltr'>jamindicat</span> <span class='ocrx_word' id='word_1_488' title='bbox 1226 2857 1303 2906; x_wconf 89' lang='lat' dir='ltr'>ap.</span> <span class='ocrx_word' id='word_1_489' title='bbox 1321 2845 1478 2893; x_wconf 87' lang='lat' dir='ltr'>Strab.</span> <span class='ocrx_word' id='word_1_490' title='bbox 1497 2858 1542 2907; x_wconf 89' lang='lat' dir='ltr'>p.</span> <span class='ocrx_word' id='word_1_491' title='bbox 1559 2847 1703 2896; x_wconf 86' lang='lat' dir='ltr'>et7t7</span> <span class='ocrx_word' id='word_1_492' title='bbox 1722 2847 1971 2895; x_wconf 67' lang='lat' dir='ltr'>Curtiusi&#39;</span> <span class='ocrx_word' id='word_1_493' title='bbox 1978 2846 2065 2906; x_wconf 81' lang='lat' dir='ltr'>ru,</span> 
     </span>
     <span class='ocr_line' id='line_1_46' title="bbox 511 2915 2064 2981; baseline -0.004 -10"><span class='ocrx_word' id='word_1_494' title='bbox 511 2928 560 2980; x_wconf 87' lang='grc'>9</span> <span class='ocrx_word' id='word_1_495' title='bbox 581 2924 629 2969; x_wconf 84' lang='lat' dir='ltr'>et</span> <span class='ocrx_word' id='word_1_496' title='bbox 658 2919 755 2981; x_wconf 83' lang='lat' dir='ltr'>ipse</span> <span class='ocrx_word' id='word_1_497' title='bbox 784 2916 1193 2978; x_wconf 70' lang='lat' dir='ltr'>Megastluentsap.</span> <span class='ocrx_word' id='word_1_498' title='bbox 1221 2915 1378 2964; x_wconf 82' lang='lat' dir='ltr'>Strab.</span> <span class='ocrx_word' id='word_1_499' title='bbox 1398 2928 1445 2977; x_wconf 87' lang='lat' dir='ltr'>p.</span> <span class='ocrx_word' id='word_1_500' title='bbox 1474 2919 1562 2965; x_wconf 87' lang='grc'>708</span> <span class='ocrx_word' id='word_1_501' title='bbox 1594 2916 1681 2964; x_wconf 86' lang='lat' dir='ltr'>bac</span> <span class='ocrx_word' id='word_1_502' title='bbox 1702 2916 1997 2966; x_wconf 86' lang='lat' dir='ltr'>narratione:</span> <span class='ocrx_word' id='word_1_503' title='bbox 2021 2920 2064 2965; x_wconf 79' lang='grc' dir='ltr'>οἱ</span> 
     </span>
     <span class='ocr_line' id='line_1_47' title="bbox 514 2986 2068 3052; baseline -0.001 -14"><span class='ocrx_word' id='word_1_504' title='bbox 514 3008 571 3051; x_wconf 72' lang='grc' dir='ltr'>αγ</span> <span class='ocrx_word' id='word_1_505' title='bbox 576 2988 793 3052; x_wconf 82' lang='grc' dir='ltr'>ορανόμοι</span> <span class='ocrx_word' id='word_1_506' title='bbox 828 3013 891 3022; x_wconf 88' lang='lat'>--</span> <span class='ocrx_word' id='word_1_507' title='bbox 911 2987 1069 3034; x_wconf 79' lang='grc' dir='ltr'>ὀδοποι</span> <span class='ocrx_word' id='word_1_508' title='bbox 1074 3002 1203 3044; x_wconf 82' lang='grc' dir='ltr'>ουσι,</span> <span class='ocrx_word' id='word_1_509' title='bbox 1227 2987 1306 3033; x_wconf 79' lang='grc' dir='ltr'>καὶ</span> <span class='ocrx_word' id='word_1_510' title='bbox 1337 2987 1457 3033; x_wconf 82' lang='grc' dir='ltr'>κατὰ</span> <span class='ocrx_word' id='word_1_511' title='bbox 1482 2986 1593 3034; x_wconf 80' lang='grc' dir='ltr'>δέκα</span> <span class='ocrx_word' id='word_1_512' title='bbox 1616 2987 1780 3038; x_wconf 81' lang='grc' dir='ltr'>σταδια</span> <span class='ocrx_word' id='word_1_513' title='bbox 1805 2987 1975 3045; x_wconf 76' lang='grc' dir='ltr'>στήλην</span> <span class='ocrx_word' id='word_1_514' title='bbox 1998 3004 2068 3036; x_wconf 83' lang='grc' dir='ltr'>τι·</span> 
     </span>
     <span class='ocr_line' id='line_1_48' title="bbox 2236 3046 3718 3126; baseline 0.001 -20"><span class='ocrx_word' id='word_1_515' title='bbox 2236 3067 2282 3108; x_wconf 90' lang='grc'>7.</span> <span class='ocrx_word' id='word_1_516' title='bbox 2329 3050 2450 3106; x_wconf 81' lang='grc' dir='ltr'>Τῶν</span> <span class='ocrx_word' id='word_1_517' title='bbox 2478 3072 2536 3125; x_wconf 85' lang='grc' dir='ltr'>γε</span> <span class='ocrx_word' id='word_1_518' title='bbox 2574 3047 2647 3126; x_wconf 79' lang='grc' dir='ltr'>μὴ</span> <span class='ocrx_word' id='word_1_519' title='bbox 2675 3048 2812 3107; x_wconf 73' lang='grc' dir='ltr'>κατὰ</span> <span class='ocrx_word' id='word_1_520' title='bbox 2841 3048 3069 3123; x_wconf 85' lang='grc' dir='ltr'>πόλεμον</span> <span class='ocrx_word' id='word_1_521' title='bbox 3094 3046 3277 3115; x_wconf 77' lang='grc' dir='ltr'>ἐξόδων</span> <span class='ocrx_word' id='word_1_522' title='bbox 3308 3048 3406 3125; x_wconf 83' lang='grc' dir='ltr'>μία</span> <span class='ocrx_word' id='word_1_523' title='bbox 3444 3048 3540 3126; x_wconf 81' lang='grc' dir='ltr'>μέν</span> <span class='ocrx_word' id='word_1_524' title='bbox 3571 3052 3718 3108; x_wconf 81' lang='grc' dir='ltr'>ἐστιν</span> 
     </span>
    </p>
   </div>
   <div class='ocr_carea' id='block_1_7' title="bbox 2158 3127 3725 3479">
    <p class='ocr_par' dir='ltr' id='par_1_13' title="bbox 2158 3127 3725 3304">
     <span class='ocr_line' id='line_1_49' title="bbox 2160 3127 3725 3243; baseline 0.004 -54.022"><span class='ocrx_word' id='word_1_525' title='bbox 2160 3138 2191 3202; x_wconf 78' lang='grc' dir='ltr'>ἡ</span> <span class='ocrx_word' id='word_1_526' title='bbox 2223 3134 2307 3190; x_wconf 80' lang='grc' dir='ltr'>ἐπι</span> <span class='ocrx_word' id='word_1_527' title='bbox 2345 3133 2435 3200; x_wconf 74' lang='grc' dir='ltr'>τὰς</span> <span class='ocrx_word' id='word_1_528' title='bbox 2465 3138 2689 3215; x_wconf 88' lang='grc' dir='ltr'>κρίσεις,</span> <span class='ocrx_word' id='word_1_529' title='bbox 2739 3138 2791 3194; x_wconf 77' lang='grc' dir='ltr'>ἐν</span> <span class='ocrx_word' id='word_1_530' title='bbox 2828 3127 2909 3202; x_wconf 68' lang='grc' dir='ltr'>αἷς</span> <span class='ocrx_word' id='word_1_531' title='bbox 2916 3134 3298 3243; x_wconf 63' lang='grc' dir='ltr'>Μδιημερεόει</span> <span class='ocrx_word' id='word_1_532' title='bbox 3269 3136 3527 3195; x_wconf 78' lang='grc' dir='ltr'>οιακούων</span> <span class='ocrx_word' id='word_1_533' title='bbox 3575 3137 3725 3196; x_wconf 71' lang='grc' dir='ltr'>οὐδὲν</span> 
     </span>
     <span class='ocr_line' id='line_1_50' title="bbox 2158 3213 3715 3304; baseline 0.005 -28"><span class='ocrx_word' id='word_1_534' title='bbox 2158 3213 2330 3291; x_wconf 70' lang='grc' dir='ltr'>ἧττον,</span> <span class='ocrx_word' id='word_1_535' title='bbox 2370 3246 2469 3279; x_wconf 82' lang='grc' dir='ltr'>καν</span> <span class='ocrx_word' id='word_1_536' title='bbox 2508 3249 2619 3299; x_wconf 82' lang='grc' dir='ltr'>ιιιρα</span> <span class='ocrx_word' id='word_1_537' title='bbox 2644 3225 2856 3301; x_wconf 83' lang='grc' dir='ltr'>γένηται</span> <span class='ocrx_word' id='word_1_538' title='bbox 2884 3228 2975 3294; x_wconf 80' lang='grc' dir='ltr'>τῆς</span> <span class='ocrx_word' id='word_1_539' title='bbox 3003 3229 3090 3280; x_wconf 75' lang='grc' dir='ltr'>τοῦ</span> <span class='ocrx_word' id='word_1_540' title='bbox 3120 3221 3362 3299; x_wconf 84' lang='grc' dir='ltr'>σώματος</span> <span class='ocrx_word' id='word_1_541' title='bbox 3402 3224 3715 3304; x_wconf 82' lang='grc' dir='ltr'>θεραπείας·</span> 
     </span>
    </p>

    <p class='ocr_par' dir='ltr' id='par_1_14' title="bbox 2161 3306 3723 3479">
     <span class='ocr_line' id='line_1_51' title="bbox 2162 3306 3723 3395; baseline 0.004 -32"><span class='ocrx_word' id='word_1_542' title='bbox 2162 3306 2293 3379; x_wconf 68' lang='grc' dir='ltr'>αὕτη</span> <span class='ocrx_word' id='word_1_543' title='bbox 2318 3308 2360 3365; x_wconf 86' lang='grc' dir='ltr'>δ’</span> <span class='ocrx_word' id='word_1_544' title='bbox 2405 3310 2540 3367; x_wconf 69' lang='grc' dir='ltr'>ἐστὶν</span> <span class='ocrx_word' id='word_1_545' title='bbox 2564 3316 2598 3381; x_wconf 77' lang='grc' dir='ltr'>ἡ</span> <span class='ocrx_word' id='word_1_546' title='bbox 2628 3310 2711 3369; x_wconf 78' lang='grc' dir='ltr'>διὰ</span> <span class='ocrx_word' id='word_1_547' title='bbox 2741 3314 2843 3367; x_wconf 81' lang='grc' dir='ltr'>τῶν</span> <span class='ocrx_word' id='word_1_548' title='bbox 2888 3310 3206 3369; x_wconf 84' lang='grc' dir='ltr'>σκυταλίδων</span> <span class='ocrx_word' id='word_1_549' title='bbox 3243 3311 3436 3390; x_wconf 84' lang='grc' dir='ltr'>τρίψις·</span> <span class='ocrx_word' id='word_1_550' title='bbox 3469 3311 3583 3388; x_wconf 78' lang='grc' dir='ltr'>ἅμα</span> <span class='ocrx_word' id='word_1_551' title='bbox 3619 3313 3723 3395; x_wconf 77' lang='grc' dir='ltr'>γὰρ</span> 
     </span>
     <span class='ocr_line' id='line_1_52' title="bbox 2161 3395 3718 3479; baseline 0.004 -29"><span class='ocrx_word' id='word_1_552' title='bbox 2161 3417 2248 3451; x_wconf 87' lang='grc' dir='ltr'>και</span> <span class='ocrx_word' id='word_1_553' title='bbox 2280 3395 2508 3454; x_wconf 83' lang='grc' dir='ltr'>διακούει</span> <span class='ocrx_word' id='word_1_554' title='bbox 2543 3398 2634 3456; x_wconf 73' lang='grc' dir='ltr'>καὶ</span> <span class='ocrx_word' id='word_1_555' title='bbox 2656 3397 2885 3479; x_wconf 75' lang='grc' dir='ltr'>τρίὸεται</span> <span class='ocrx_word' id='word_1_556' title='bbox 2914 3422 3171 3478; x_wconf 86' lang='grc' dir='ltr'>τετταρων</span> <span class='ocrx_word' id='word_1_557' title='bbox 3210 3398 3567 3477; x_wconf 76' lang='grc' dir='ltr'>περιστάντων</span> <span class='ocrx_word' id='word_1_558' title='bbox 3598 3423 3718 3479; x_wconf 82' lang='grc' dir='ltr'>τρι-</span> 
     </span>
    </p>
   </div>
   <div class='ocr_carea' id='block_1_8' title="bbox 510 3057 2071 3470">
    <p class='ocr_par' dir='ltr' id='par_1_15' title="bbox 510 3057 2071 3470">
     <span class='ocr_line' id='line_1_53' title="bbox 512 3057 2066 3118; baseline -0.003 -9"><span class='ocrx_word' id='word_1_559' title='bbox 512 3058 761 3113; x_wconf 78' lang='grc' dir='ltr'>θέασιτάς’</span> <span class='ocrx_word' id='word_1_560' title='bbox 744 3074 819 3106; x_wconf 82' lang='grc' dir='ltr'>εκτ</span> <span class='ocrx_word' id='word_1_561' title='bbox 823 3057 965 3118; x_wconf 74' lang='grc' dir='ltr'>ροπὰς</span> <span class='ocrx_word' id='word_1_562' title='bbox 982 3058 1059 3103; x_wconf 69' lang='grc' dir='ltr'>καὶ</span> <span class='ocrx_word' id='word_1_563' title='bbox 1071 3072 1129 3103; x_wconf 85' lang='grc' dir='ltr'>τα</span> <span class='ocrx_word' id='word_1_564' title='bbox 1144 3057 1477 3117; x_wconf 66' lang='grc' dir='ltr'>διαστήματαδ</span> <span class='ocrx_word' id='word_1_565' title='bbox 1458 3058 1699 3112; x_wconf 51' lang='lat' dir='ltr'>moverem.</span> <span class='ocrx_word' id='word_1_566' title='bbox 1722 3060 1823 3117; x_wconf 83' lang='lat' dir='ltr'>lpse</span> <span class='ocrx_word' id='word_1_567' title='bbox 1837 3057 2066 3115; x_wconf 72' lang='lat' dir='ltr'>nimirum</span> 
     </span>
     <span class='ocr_line' id='line_1_54' title="bbox 511 3126 2068 3189; baseline -0.002 -10"><span class='ocrx_word' id='word_1_568' title='bbox 511 3129 683 3181; x_wconf 86' lang='lat' dir='ltr'>Strabo</span> <span class='ocrx_word' id='word_1_569' title='bbox 702 3140 950 3189; x_wconf 77' lang='lat' dir='ltr'>perperam</span> <span class='ocrx_word' id='word_1_570' title='bbox 970 3126 1189 3187; x_wconf 78' lang='lat' dir='ltr'>opinatus</span> <span class='ocrx_word' id='word_1_571' title='bbox 1211 3138 1311 3175; x_wconf 82' lang='lat' dir='ltr'>cssc</span> <span class='ocrx_word' id='word_1_572' title='bbox 1332 3126 1538 3186; x_wconf 52' lang='lat' dir='ltr'>uidetur,</span> <span class='ocrx_word' id='word_1_573' title='bbox 1563 3127 1909 3187; x_wconf 62' lang='lat' dir='ltr'>megasthenem</span> <span class='ocrx_word' id='word_1_574' title='bbox 1933 3141 2068 3189; x_wconf 80' lang='lat' dir='ltr'>nega·</span> 
     </span>
     <span class='ocr_line' id='line_1_55' title="bbox 512 3194 2067 3257; baseline 0.002 -14"><span class='ocrx_word' id='word_1_575' title='bbox 512 3199 633 3246; x_wconf 58' lang='lat' dir='ltr'>iisse</span> <span class='ocrx_word' id='word_1_576' title='bbox 671 3197 935 3245; x_wconf 84' lang='lat' dir='ltr'>litterarum</span> <span class='ocrx_word' id='word_1_577' title='bbox 974 3208 1143 3255; x_wconf 88' lang='lat' dir='ltr'>usum,</span> <span class='ocrx_word' id='word_1_578' title='bbox 1191 3208 1341 3256; x_wconf 88' lang='lat' dir='ltr'>quum</span> <span class='ocrx_word' id='word_1_579' title='bbox 1376 3209 1422 3257; x_wconf 92' lang='lat' dir='ltr'>p.</span> <span class='ocrx_word' id='word_1_580' title='bbox 1464 3198 1551 3243; x_wconf 67' lang='grc'>’17]</span> <span class='ocrx_word' id='word_1_581' title='bbox 1590 3194 1757 3245; x_wconf 84' lang='lat' dir='ltr'>dicat.</span> <span class='ocrx_word' id='word_1_582' title='bbox 1790 3200 1881 3244; x_wconf 84' lang='grc' dir='ltr'>τῶν</span> <span class='ocrx_word' id='word_1_583' title='bbox 1914 3198 2067 3245; x_wconf 61' lang='lat' dir='ltr'>&amp;How</span> 
     </span>
     <span class='ocr_line' id='line_1_56' title="bbox 510 3264 2070 3348; baseline 0.001 -34"><span class='ocrx_word' id='word_1_584' title='bbox 510 3269 773 3348; x_wconf 76' lang='grc' dir='ltr'>γράμμασιν</span> <span class='ocrx_word' id='word_1_585' title='bbox 802 3264 963 3319; x_wconf 78' lang='grc' dir='ltr'>αὐτους</span> <span class='ocrx_word' id='word_1_586' title='bbox 986 3266 1049 3328; x_wconf 78' lang='grc' dir='ltr'>μὴ</span> <span class='ocrx_word' id='word_1_587' title='bbox 1070 3267 1266 3327; x_wconf 81' lang='grc' dir='ltr'>χρῆσθαι</span> <span class='ocrx_word' id='word_1_588' title='bbox 1288 3265 1518 3328; x_wconf 79' lang='grc' dir='ltr'>φαμένων,</span> <span class='ocrx_word' id='word_1_589' title='bbox 1539 3264 1621 3312; x_wconf 86' lang='lat' dir='ltr'>sed</span> <span class='ocrx_word' id='word_1_590' title='bbox 1641 3278 1791 3328; x_wconf 87' lang='lat' dir='ltr'>quum</span> <span class='ocrx_word' id='word_1_591' title='bbox 1813 3269 2070 3329; x_wconf 68' lang='lat' dir='ltr'>Megasthe-</span> 
     </span>
     <span class='ocr_line' id='line_1_57' title="bbox 512 3334 2071 3398; baseline 0.001 -12"><span class='ocrx_word' id='word_1_592' title='bbox 512 3353 551 3386; x_wconf 95' lang='lat' dir='ltr'>n·</span> <span class='ocrx_word' id='word_1_593' title='bbox 560 3352 581 3387; x_wconf 88' lang='lat' dir='ltr'>s</span> <span class='ocrx_word' id='word_1_594' title='bbox 606 3336 837 3386; x_wconf 77' lang='lat' dir='ltr'>sententia</span> <span class='ocrx_word' id='word_1_595' title='bbox 862 3336 997 3398; x_wconf 75' lang='lat' dir='ltr'>plena</span> <span class='ocrx_word' id='word_1_596' title='bbox 1020 3338 1163 3397; x_wconf 80' lang='lat' dir='ltr'>atquc</span> <span class='ocrx_word' id='word_1_597' title='bbox 1186 3336 1362 3398; x_wconf 78' lang='lat' dir='ltr'>integra</span> <span class='ocrx_word' id='word_1_598' title='bbox 1395 3334 1624 3398; x_wconf 76' lang='lat' dir='ltr'>supersit,</span> <span class='ocrx_word' id='word_1_599' title='bbox 1659 3340 1875 3386; x_wconf 75' lang='lat' dir='ltr'>nostrum</span> <span class='ocrx_word' id='word_1_600' title='bbox 1907 3338 1954 3386; x_wconf 90' lang='lat' dir='ltr'>in</span> <span class='ocrx_word' id='word_1_601' title='bbox 1981 3339 2071 3388; x_wconf 85' lang='lat' dir='ltr'>hac</span> 
     </span>
     <span class='ocr_line' id='line_1_58' title="bbox 510 3405 1181 3470; baseline -0.013 -13"><span class='ocrx_word' id='word_1_602' title='bbox 510 3420 561 3457; x_wconf 75' lang='lat' dir='ltr'>ro</span> <span class='ocrx_word' id='word_1_603' title='bbox 583 3407 693 3457; x_wconf 87' lang='lat' dir='ltr'>licet</span> <span class='ocrx_word' id='word_1_604' title='bbox 711 3406 843 3470; x_wconf 87' lang='lat' dir='ltr'>sequi</span> <span class='ocrx_word' id='word_1_605' title='bbox 863 3405 1128 3455; x_wconf 81' lang='lat' dir='ltr'>arbitrium.</span> <span class='ocrx_word' id='word_1_606' title='bbox 1157 3424 1181 3448; x_wconf 76' lang='lat'><strong>³</strong></span> 
     </span>
    </p>
   </div>
   <div class='ocr_carea' id='block_1_9' title="bbox 1780 3508 1884 3515">
    <p class='ocr_par' dir='ltr' id='par_1_16' title="bbox 1780 3508 1884 3515">
     <span class='ocr_line' id='line_1_59' title="bbox 1780 3508 1884 3515; baseline 0.01 -2"><span class='ocrx_word' id='word_1_607' title='bbox 1780 3508 1884 3515; x_wconf 61' lang='lat'>,-...-</span> 
     </span>
    </p>
   </div>
   <div class='ocr_carea' id='block_1_10' title="bbox 521 3505 855 3519">
    <p class='ocr_par' dir='ltr' id='par_1_17' title="bbox 521 3505 855 3519">
     <span class='ocr_line' id='line_1_60' title="bbox 521 3505 855 3519; baseline 0 2397"><span class='ocrx_word' id='word_1_608' title='bbox 521 3505 855 3519; x_wconf 95' lang='lat' dir='ltr'> </span> 
     </span>
    </p>
   </div>
   <div class='ocr_carea' id='block_1_11' title="bbox 3385 3515 3708 3527">
    <p class='ocr_par' dir='ltr' id='par_1_18' title="bbox 3385 3515 3708 3527">
     <span class='ocr_line' id='line_1_61' title="bbox 3385 3515 3708 3527; baseline 0 2389"><span class='ocrx_word' id='word_1_609' title='bbox 3385 3515 3708 3527; x_wconf 95' lang='lat' dir='ltr'> </span> 
     </span>
    </p>
   </div>
   <div class='ocr_carea' id='block_1_12' title="bbox 508 3571 2066 3794">
    <p class='ocr_par' dir='ltr' id='par_1_19' title="bbox 508 3571 2066 3792">
     <span class='ocr_line' id='line_1_62' title="bbox 512 3571 2062 3636; baseline 0 -14"><span class='ocrx_word' id='word_1_610' title='bbox 512 3574 711 3631; x_wconf 63' lang='grc' dir='ltr'>16ιιι.ῐ3)</span> <span class='ocrx_word' id='word_1_611' title='bbox 736 3576 788 3621; x_wconf 87' lang='lat' dir='ltr'>ln</span> <span class='ocrx_word' id='word_1_612' title='bbox 808 3573 881 3632; x_wconf 59' lang='lat' dir='ltr'>lq„</span> <span class='ocrx_word' id='word_1_613' title='bbox 868 3572 986 3620; x_wconf 84' lang='lat' dir='ltr'>ibus</span> <span class='ocrx_word' id='word_1_614' title='bbox 1009 3575 1053 3620; x_wconf 80' lang='lat' dir='ltr'>et</span> <span class='ocrx_word' id='word_1_615' title='bbox 1080 3571 1401 3619; x_wconf 82' lang='lat' dir='ltr'>contractibus</span> <span class='ocrx_word' id='word_1_616' title='bbox 1436 3572 1786 3633; x_wconf 85' lang='lat' dir='ltr'>simplieitatem</span> <span class='ocrx_word' id='word_1_617' title='bbox 1807 3587 1863 3622; x_wconf 85' lang='lat' dir='ltr'>eo</span> <span class='ocrx_word' id='word_1_618' title='bbox 1901 3574 2062 3636; x_wconf 79' lang='lat' dir='ltr'>argui,</span> 
     </span>
     <span class='ocr_line' id='line_1_63' title="bbox 508 3647 2066 3713; baseline 0.001 -15"><span class='ocrx_word' id='word_1_619' title='bbox 508 3649 637 3713; x_wconf 86' lang='lat' dir='ltr'>quod</span> <span class='ocrx_word' id='word_1_620' title='bbox 676 3664 770 3698; x_wconf 89' lang='lat' dir='ltr'>non</span> <span class='ocrx_word' id='word_1_621' title='bbox 797 3650 1002 3697; x_wconf 89' lang='lat' dir='ltr'>multum</span> <span class='ocrx_word' id='word_1_622' title='bbox 1030 3648 1235 3697; x_wconf 83' lang='lat' dir='ltr'>habeant</span> <span class='ocrx_word' id='word_1_623' title='bbox 1270 3647 1427 3697; x_wconf 89' lang='lat' dir='ltr'>litium</span> <span class='ocrx_word' id='word_1_624' title='bbox 1467 3667 1479 3698; x_wconf 74' lang='grc' dir='ltr'><strong><em>ε</em></strong></span> <span class='ocrx_word' id='word_1_625' title='bbox 1525 3663 1633 3698; x_wconf 86' lang='lat' dir='ltr'>nam</span> <span class='ocrx_word' id='word_1_626' title='bbox 1668 3663 1824 3712; x_wconf 87' lang='lat' dir='ltr'>neque</span> <span class='ocrx_word' id='word_1_627' title='bbox 1861 3651 1936 3713; x_wconf 88' lang='lat' dir='ltr'>pi·</span> <span class='ocrx_word' id='word_1_628' title='bbox 1924 3651 2066 3700; x_wconf 85' lang='lat' dir='ltr'>noris</span> 
     </span>
     <span class='ocr_line' id='line_1_64' title="bbox 508 3728 2063 3794; baseline 0.001 -16"><span class='ocrx_word' id='word_1_629' title='bbox 508 3743 666 3792; x_wconf 89' lang='lat' dir='ltr'>neque</span> <span class='ocrx_word' id='word_1_630' title='bbox 692 3729 891 3791; x_wconf 78' lang='lat' dir='ltr'>depositi</span> <span class='ocrx_word' id='word_1_631' title='bbox 928 3729 1033 3777; x_wconf 78' lang='lat' dir='ltr'>lites</span> <span class='ocrx_word' id='word_1_632' title='bbox 1055 3728 1261 3789; x_wconf 83' lang='lat' dir='ltr'>habere,</span> <span class='ocrx_word' id='word_1_633' title='bbox 1303 3742 1390 3777; x_wconf 89' lang='lat' dir='ltr'>nec</span> <span class='ocrx_word' id='word_1_634' title='bbox 1416 3730 1617 3778; x_wconf 85' lang='lat' dir='ltr'>testibus</span> <span class='ocrx_word' id='word_1_635' title='bbox 1653 3730 1723 3778; x_wconf 91' lang='lat' dir='ltr'>uti</span> <span class='ocrx_word' id='word_1_636' title='bbox 1761 3744 1849 3778; x_wconf 85' lang='lat' dir='ltr'>nec</span> <span class='ocrx_word' id='word_1_637' title='bbox 1871 3730 2063 3794; x_wconf 72' lang='lat' dir='ltr'>sigilliS,</span> 
     </span>
    </p>
   </div>
   <div class='ocr_carea' id='block_1_13' title="bbox 2155 3578 3726 4184">
    <p class='ocr_par' dir='ltr' id='par_1_20' title="bbox 2155 3578 3726 3857">
     <span class='ocr_line' id='line_1_65' title="bbox 2156 3578 3726 3643; baseline 0.006 -19.017"><span class='ocrx_word' id='word_1_638' title='bbox 2156 3578 2356 3627; x_wconf 82' lang='lat' dir='ltr'>scortari</span> <span class='ocrx_word' id='word_1_639' title='bbox 2393 3579 2521 3629; x_wconf 87' lang='lat' dir='ltr'>licet.</span> <span class='ocrx_word' id='word_1_640' title='bbox 2589 3584 2738 3631; x_wconf 80' lang='lat' dir='ltr'>Nemo</span> <span class='ocrx_word' id='word_1_641' title='bbox 2780 3594 2840 3629; x_wconf 77' lang='lat' dir='ltr'>ex</span> <span class='ocrx_word' id='word_1_642' title='bbox 2875 3580 3002 3631; x_wconf 82' lang='lat' dir='ltr'>ludis</span> <span class='ocrx_word' id='word_1_643' title='bbox 3042 3582 3297 3631; x_wconf 88' lang='lat' dir='ltr'>coronatus</span> <span class='ocrx_word' id='word_1_644' title='bbox 3328 3582 3591 3643; x_wconf 75' lang='lat' dir='ltr'>sacrificat,</span> <span class='ocrx_word' id='word_1_645' title='bbox 3631 3596 3726 3633; x_wconf 83' lang='lat' dir='ltr'>nec</span> 
     </span>
     <span class='ocr_line' id='line_1_66' title="bbox 2155 3654 3722 3722; baseline 0.005 -21"><span class='ocrx_word' id='word_1_646' title='bbox 2155 3654 2311 3703; x_wconf 79' lang='lat' dir='ltr'>adolet</span> <span class='ocrx_word' id='word_1_647' title='bbox 2336 3669 2424 3704; x_wconf 88' lang='lat' dir='ltr'>nec</span> <span class='ocrx_word' id='word_1_648' title='bbox 2448 3656 2591 3718; x_wconf 80' lang='lat' dir='ltr'>libat3</span> <span class='ocrx_word' id='word_1_649' title='bbox 2616 3670 2772 3720; x_wconf 87' lang='lat' dir='ltr'>neque</span> <span class='ocrx_word' id='word_1_650' title='bbox 2805 3656 3027 3720; x_wconf 85' lang='lat' dir='ltr'>jugulant</span> <span class='ocrx_word' id='word_1_651' title='bbox 3064 3658 3338 3720; x_wconf 71' lang='lat' dir='ltr'>victimam,</span> <span class='ocrx_word' id='word_1_652' title='bbox 3366 3658 3445 3707; x_wconf 86' lang='lat' dir='ltr'>sed</span> <span class='ocrx_word' id='word_1_653' title='bbox 3477 3660 3722 3722; x_wconf 79' lang='lat' dir='ltr'>praecluso</span> 
     </span>
     <span class='ocr_line' id='line_1_67' title="bbox 2155 3731 3719 3798; baseline 0.005 -21.005"><span class='ocrx_word' id='word_1_654' title='bbox 2155 3731 2320 3792; x_wconf 81' lang='lat' dir='ltr'>spiritu</span> <span class='ocrx_word' id='word_1_655' title='bbox 2360 3736 2559 3796; x_wconf 85' lang='lat' dir='ltr'>necant,</span> <span class='ocrx_word' id='word_1_656' title='bbox 2599 3734 2776 3798; x_wconf 79' lang='lat' dir='ltr'>nequid</span> <span class='ocrx_word' id='word_1_657' title='bbox 2818 3747 3043 3784; x_wconf 83' lang='lat' dir='ltr'>mancum</span> <span class='ocrx_word' id='word_1_658' title='bbox 3083 3734 3173 3784; x_wconf 89' lang='lat' dir='ltr'>deo</span> <span class='ocrx_word' id='word_1_659' title='bbox 3213 3736 3454 3794; x_wconf 73' lang='lat' dir='ltr'>offeratur,</span> <span class='ocrx_word' id='word_1_660' title='bbox 3508 3735 3592 3784; x_wconf 86' lang='lat' dir='ltr'>sed</span> <span class='ocrx_word' id='word_1_661' title='bbox 3635 3736 3719 3784; x_wconf 87' lang='lat' dir='ltr'>in-</span> 
     </span>
     <span class='ocr_line' id='line_1_68' title="bbox 2158 3810 2357 3869; baseline 0.005 -14"><span class='ocrx_word' id='word_1_662' title='bbox 2158 3810 2232 3869; x_wconf 64' lang='lat' dir='ltr'>te4³</span> <span class='ocrx_word' id='word_1_663' title='bbox 2217 3822 2357 3857; x_wconf 90' lang='lat' dir='ltr'>rum.</span> 
     </span>
    </p>

    <p class='ocr_par' dir='ltr' id='par_1_21' title="bbox 2156 3886 3715 4184">
     <span class='ocr_line' id='line_1_69' title="bbox 2220 3886 3715 3951; baseline 0.002 -16"><span class='ocrx_word' id='word_1_664' title='bbox 2220 3893 2263 3935; x_wconf 83' lang='lat'>5.</span> <span class='ocrx_word' id='word_1_665' title='bbox 2306 3887 2398 3944; x_wconf 88' lang='lat' dir='ltr'>Qui</span> <span class='ocrx_word' id='word_1_666' title='bbox 2441 3886 2588 3938; x_wconf 76' lang='lat' dir='ltr'>salsus</span> <span class='ocrx_word' id='word_1_667' title='bbox 2622 3888 2756 3939; x_wconf 59' lang='lat' dir='ltr'>testis</span> <span class='ocrx_word' id='word_1_668' title='bbox 2809 3887 3200 3951; x_wconf 80' lang='lat' dir='ltr'>deprehenditur,</span> <span class='ocrx_word' id='word_1_669' title='bbox 3234 3886 3448 3938; x_wconf 79' lang='lat' dir='ltr'>extremis</span> <span class='ocrx_word' id='word_1_670' title='bbox 3481 3886 3715 3949; x_wconf 80' lang='lat' dir='ltr'>partibus</span> 
     </span>
     <span class='ocr_line' id='line_1_70' title="bbox 2156 3962 3712 4030; baseline 0.004 -21"><span class='ocrx_word' id='word_1_671' title='bbox 2156 3963 2371 4024; x_wconf 89' lang='lat' dir='ltr'>corporis</span> <span class='ocrx_word' id='word_1_672' title='bbox 2385 3965 2650 4015; x_wconf 88' lang='lat' dir='ltr'>mutilatur.</span> <span class='ocrx_word' id='word_1_673' title='bbox 2681 3966 2773 4023; x_wconf 88' lang='lat' dir='ltr'>Qui</span> <span class='ocrx_word' id='word_1_674' title='bbox 2795 3966 3011 4015; x_wconf 85' lang='lat' dir='ltr'>membro</span> <span class='ocrx_word' id='word_1_675' title='bbox 3040 3966 3202 4030; x_wconf 87' lang='lat' dir='ltr'>aliquo</span> <span class='ocrx_word' id='word_1_676' title='bbox 3224 3964 3480 4029; x_wconf 79' lang='lat' dir='ltr'>quempiam</span> <span class='ocrx_word' id='word_1_677' title='bbox 3500 3962 3712 4015; x_wconf 76' lang='lat' dir='ltr'>orbave-</span> 
     </span>
     <span class='ocr_line' id='line_1_71' title="bbox 2159 4040 3714 4109; baseline 0.004 -21"><span class='ocrx_word' id='word_1_678' title='bbox 2159 4040 2245 4101; x_wconf 87' lang='lat' dir='ltr'>rit,</span> <span class='ocrx_word' id='word_1_679' title='bbox 2267 4055 2360 4091; x_wconf 89' lang='lat' dir='ltr'>non</span> <span class='ocrx_word' id='word_1_680' title='bbox 2385 4043 2529 4092; x_wconf 89' lang='lat' dir='ltr'>modo</span> <span class='ocrx_word' id='word_1_681' title='bbox 2544 4045 2732 4093; x_wconf 84' lang='lat' dir='ltr'>talionis</span> <span class='ocrx_word' id='word_1_682' title='bbox 2751 4058 2944 4107; x_wconf 81' lang='lat' dir='ltr'>poenam</span> <span class='ocrx_word' id='word_1_683' title='bbox 2967 4045 3126 4109; x_wconf 86' lang='lat' dir='ltr'>subit,</span> <span class='ocrx_word' id='word_1_684' title='bbox 3153 4045 3236 4096; x_wconf 86' lang='lat' dir='ltr'>sed</span> <span class='ocrx_word' id='word_1_685' title='bbox 3274 4045 3412 4095; x_wconf 83' lang='lat' dir='ltr'>etiam</span> <span class='ocrx_word' id='word_1_686' title='bbox 3433 4056 3582 4093; x_wconf 78' lang='lat' dir='ltr'>manu</span> <span class='ocrx_word' id='word_1_687' title='bbox 3625 4059 3714 4094; x_wconf 85' lang='lat' dir='ltr'>or·</span> 
     </span>
     <span class='ocr_line' id='line_1_72' title="bbox 2157 4118 3714 4184; baseline 0.005 -19"><span class='ocrx_word' id='word_1_688' title='bbox 2157 4118 2312 4168; x_wconf 84' lang='lat' dir='ltr'>batur.</span> <span class='ocrx_word' id='word_1_689' title='bbox 2379 4120 2688 4184; x_wconf 86' lang='lat' dir='ltr'>Quodsiquis</span> <span class='ocrx_word' id='word_1_690' title='bbox 2707 4121 2917 4173; x_wconf 78' lang='lat' dir='ltr'>artificiis</span> <span class='ocrx_word' id='word_1_691' title='bbox 2938 4136 3132 4172; x_wconf 84' lang='lat' dir='ltr'>manum</span> <span class='ocrx_word' id='word_1_692' title='bbox 3172 4123 3420 4171; x_wconf 75' lang='lat' dir='ltr'>oculumve</span> <span class='ocrx_word' id='word_1_693' title='bbox 3448 4119 3714 4184; x_wconf 78' lang='lat' dir='ltr'>ademerit,</span> 
     </span>
    </p>
   </div>
   <div class='ocr_carea' id='block_1_14' title="bbox 508 3806 3718 4573">
    <p class='ocr_par' dir='ltr' id='par_1_22' title="bbox 508 3806 3718 4418">
     <span class='ocr_line' id='line_1_73' title="bbox 510 3806 2063 3870; baseline 0.001 -13"><span class='ocrx_word' id='word_1_694' title='bbox 510 3808 591 3857; x_wconf 87' lang='lat' dir='ltr'>sed</span> <span class='ocrx_word' id='word_1_695' title='bbox 622 3808 763 3856; x_wconf 87' lang='lat' dir='ltr'>tidem</span> <span class='ocrx_word' id='word_1_696' title='bbox 784 3808 956 3857; x_wconf 86' lang='lat' dir='ltr'>babere</span> <span class='ocrx_word' id='word_1_697' title='bbox 975 3809 1017 3857; x_wconf 90' lang='lat' dir='ltr'>ei</span> <span class='ocrx_word' id='word_1_698' title='bbox 1039 3806 1165 3869; x_wconf 81' lang='lat' dir='ltr'>apud</span> <span class='ocrx_word' id='word_1_699' title='bbox 1191 3821 1332 3870; x_wconf 85' lang='lat' dir='ltr'>quem</span> <span class='ocrx_word' id='word_1_700' title='bbox 1356 3807 1532 3870; x_wconf 88' lang='lat' dir='ltr'>aliquid</span> <span class='ocrx_word' id='word_1_701' title='bbox 1554 3807 1809 3870; x_wconf 71' lang='lat' dir='ltr'>dqmnant5</span> <span class='ocrx_word' id='word_1_702' title='bbox 1835 3807 1962 3856; x_wconf 90' lang='lat' dir='ltr'>domi</span> <span class='ocrx_word' id='word_1_703' title='bbox 1988 3824 2063 3859; x_wconf 84' lang='lat' dir='ltr'>res</span> 
     </span>
     <span class='ocr_line' id='line_1_74' title="bbox 510 3884 2065 3947; baseline 0.001 -14"><span class='ocrx_word' id='word_1_704' title='bbox 510 3885 826 3947; x_wconf 81' lang='lat' dir='ltr'>utplurimum</span> <span class='ocrx_word' id='word_1_705' title='bbox 868 3898 965 3933; x_wconf 89' lang='lat' dir='ltr'>non</span> <span class='ocrx_word' id='word_1_706' title='bbox 993 3898 1076 3933; x_wconf 87' lang='lat' dir='ltr'>cu</span> <span class='ocrx_word' id='word_1_707' title='bbox 1082 3885 1237 3933; x_wconf 87' lang='lat' dir='ltr'>todiri</span> <span class='ocrx_word' id='word_1_708' title='bbox 1263 3886 1415 3945; x_wconf 76' lang='lat' dir='ltr'>Atque</span> <span class='ocrx_word' id='word_1_709' title='bbox 1449 3886 1553 3933; x_wconf 73' lang='lat' dir='ltr'>liaec</span> <span class='ocrx_word' id='word_1_710' title='bbox 1576 3884 1768 3946; x_wconf 85' lang='lat' dir='ltr'>quidem</span> <span class='ocrx_word' id='word_1_711' title='bbox 1796 3886 2065 3947; x_wconf 82' lang='lat' dir='ltr'>temperan-</span> 
     </span>
     <span class='ocr_line' id='line_1_75' title="bbox 508 3961 2064 4024; baseline 0.001 -13"><span class='ocrx_word' id='word_1_712' title='bbox 508 3962 624 4011; x_wconf 88' lang='lat' dir='ltr'>tiam</span> <span class='ocrx_word' id='word_1_713' title='bbox 645 3964 690 4011; x_wconf 90' lang='lat' dir='ltr'>et</span> <span class='ocrx_word' id='word_1_714' title='bbox 714 3962 990 4011; x_wconf 77' lang='lat' dir='ltr'>modestiam</span> <span class='ocrx_word' id='word_1_715' title='bbox 1011 3962 1255 4024; x_wconf 80' lang='lat' dir='ltr'>arguentia</span> <span class='ocrx_word' id='word_1_716' title='bbox 1279 3961 1400 4011; x_wconf 83' lang='lat' dir='ltr'>benc</span> <span class='ocrx_word' id='word_1_717' title='bbox 1423 3975 1473 4011; x_wconf 84' lang='lat' dir='ltr'>sc</span> <span class='ocrx_word' id='word_1_718' title='bbox 1504 3962 1706 4022; x_wconf 74' lang='lat' dir='ltr'>liabent3</span> <span class='ocrx_word' id='word_1_719' title='bbox 1728 3963 1829 4011; x_wconf 77' lang='grc' dir='ltr'>(ιιι</span> <span class='ocrx_word' id='word_1_720' title='bbox 1836 3976 1884 4010; x_wconf 88' lang='lat' dir='ltr'>ra</span> <span class='ocrx_word' id='word_1_721' title='bbox 1904 3965 2064 4012; x_wconf 87' lang='lat' dir='ltr'>autem</span> 
     </span>
     <span class='ocr_line' id='line_1_76' title="bbox 509 4040 2067 4104; baseline 0 -14"><span class='ocrx_word' id='word_1_722' title='bbox 509 4055 605 4091; x_wconf 89' lang='lat' dir='ltr'>non</span> <span class='ocrx_word' id='word_1_723' title='bbox 635 4043 769 4091; x_wconf 78' lang='lat' dir='ltr'>facile</span> <span class='ocrx_word' id='word_1_724' title='bbox 805 4043 911 4104; x_wconf 90' lang='lat' dir='ltr'>qui³</span> <span class='ocrx_word' id='word_1_725' title='bbox 927 4042 1238 4103; x_wconf 56' lang='lat' dir='ltr'>probaverit.</span> <span class='ocrx_word' id='word_1_726' title='bbox 1266 4041 1318 4089; x_wconf 88' lang='lat' dir='ltr'>ut</span> <span class='ocrx_word' id='word_1_727' title='bbox 1334 4040 1461 4103; x_wconf 90' lang='lat' dir='ltr'>quod</span> <span class='ocrx_word' id='word_1_728' title='bbox 1487 4040 1572 4089; x_wconf 87' lang='lat' dir='ltr'>soli</span> <span class='ocrx_word' id='word_1_729' title='bbox 1592 4054 1777 4103; x_wconf 87' lang='lat' dir='ltr'>semper</span> <span class='ocrx_word' id='word_1_730' title='bbox 1796 4040 1991 4102; x_wconf 77' lang='lat' dir='ltr'>degunt,</span> <span class='ocrx_word' id='word_1_731' title='bbox 2020 4044 2067 4090; x_wconf 90' lang='lat' dir='ltr'>et</span> 
     </span>
     <span class='ocr_line' id='line_1_77' title="bbox 509 4110 2065 4181; baseline 0 -16"><span class='ocrx_word' id='word_1_732' title='bbox 509 4118 638 4181; x_wconf 83' lang='lat' dir='ltr'>quod</span> <span class='ocrx_word' id='word_1_733' title='bbox 674 4132 766 4167; x_wconf 90' lang='lat' dir='ltr'>non</span> <span class='ocrx_word' id='word_1_734' title='bbox 804 4131 899 4166; x_wconf 86' lang='lat' dir='ltr'>uua</span> <span class='ocrx_word' id='word_1_735' title='bbox 926 4117 1148 4166; x_wconf 88' lang='lat' dir='ltr'>omnibus</span> <span class='ocrx_word' id='word_1_736' title='bbox 1176 4118 1391 4166; x_wconf 80' lang='lat' dir='ltr'>coenandi</span> <span class='ocrx_word' id='word_1_737' title='bbox 1427 4110 1785 4179; x_wconf 78' lang='lat' dir='ltr'>prandendique</span> <span class='ocrx_word' id='word_1_738' title='bbox 1818 4117 1934 4165; x_wconf 84' lang='lat' dir='ltr'>hora</span> <span class='ocrx_word' id='word_1_739' title='bbox 1964 4119 2065 4178; x_wconf 87' lang='lat' dir='ltr'>est,</span> 
     </span>
     <span class='ocr_line' id='line_1_78' title="bbox 2158 4194 3717 4261; baseline 0.004 -18"><span class='ocrx_word' id='word_1_740' title='bbox 2158 4197 2309 4245; x_wconf 87' lang='lat' dir='ltr'>morte</span> <span class='ocrx_word' id='word_1_741' title='bbox 2333 4194 2620 4257; x_wconf 77' lang='lat' dir='ltr'>luitpoenas.</span> <span class='ocrx_word' id='word_1_742' title='bbox 2689 4197 2819 4247; x_wconf 88' lang='lat' dir='ltr'>ldem</span> <span class='ocrx_word' id='word_1_743' title='bbox 2853 4200 3182 4261; x_wconf 75' lang='lat' dir='ltr'>Megasthenes</span> <span class='ocrx_word' id='word_1_744' title='bbox 3219 4198 3333 4248; x_wconf 87' lang='lat' dir='ltr'>dicit</span> <span class='ocrx_word' id='word_1_745' title='bbox 3370 4197 3609 4248; x_wconf 57' lang='lat' dir='ltr'>niminem</span> <span class='ocrx_word' id='word_1_746' title='bbox 3641 4202 3717 4249; x_wconf 88' lang='lat' dir='ltr'>ln·</span> 
     </span>
     <span class='ocr_line' id='line_1_79' title="bbox 2155 4274 3718 4341; baseline 0.004 -20"><span class='ocrx_word' id='word_1_747' title='bbox 2155 4274 2327 4323; x_wconf 86' lang='lat' dir='ltr'>dorum</span> <span class='ocrx_word' id='word_1_748' title='bbox 2352 4275 2500 4325; x_wconf 70' lang='lat' dir='ltr'>servis</span> <span class='ocrx_word' id='word_1_749' title='bbox 2540 4278 2638 4339; x_wconf 86' lang='lat' dir='ltr'>uti,</span> <span class='ocrx_word' id='word_1_750' title='bbox 2674 4276 2834 4340; x_wconf 87' lang='lat' dir='ltr'>[quod</span> <span class='ocrx_word' id='word_1_751' title='bbox 2867 4278 3161 4328; x_wconf 60' lang='lat' dir='ltr'>Onesicritus</span> <span class='ocrx_word' id='word_1_752' title='bbox 3182 4277 3427 4341; x_wconf 88' lang='lat' dir='ltr'>proprium</span> <span class='ocrx_word' id='word_1_753' title='bbox 3464 4290 3565 4328; x_wconf 80' lang='lat' dir='ltr'>csse</span> <span class='ocrx_word' id='word_1_754' title='bbox 3598 4277 3718 4328; x_wconf 80' lang='lat' dir='ltr'>dicit</span> 
     </span>
     <span class='ocr_line' id='line_1_80' title="bbox 2155 4353 3002 4418; baseline 0.006 -19"><span class='ocrx_word' id='word_1_755' title='bbox 2155 4364 2319 4400; x_wconf 87' lang='lat' dir='ltr'>eorum</span> <span class='ocrx_word' id='word_1_756' title='bbox 2335 4353 2452 4414; x_wconf 87' lang='lat' dir='ltr'>,qui</span> <span class='ocrx_word' id='word_1_757' title='bbox 2469 4353 2558 4402; x_wconf 90' lang='lat' dir='ltr'>sub</span> <span class='ocrx_word' id='word_1_758' title='bbox 2583 4355 2825 4404; x_wconf 79' lang='lat' dir='ltr'>Musicano</span> <span class='ocrx_word' id='word_1_759' title='bbox 2847 4353 2941 4405; x_wconf 85' lang='lat' dir='ltr'>sint</span> <span class='ocrx_word' id='word_1_760' title='bbox 2963 4353 3002 4418; x_wconf 89' lang='lat'>].</span> 
     </span>
    </p>

    <p class='ocr_par' dir='ltr' id='par_1_23' title="bbox 2155 4429 3716 4573">
     <span class='ocr_line' id='line_1_81' title="bbox 2216 4429 3714 4495; baseline 0.002 -16"><span class='ocrx_word' id='word_1_761' title='bbox 2216 4436 2260 4479; x_wconf 87' lang='grc'>6.</span> <span class='ocrx_word' id='word_1_762' title='bbox 2289 4432 2398 4491; x_wconf 83' lang='lat' dir='ltr'>Regi</span> <span class='ocrx_word' id='word_1_763' title='bbox 2434 4443 2611 4493; x_wconf 88' lang='lat' dir='ltr'>corpus</span> <span class='ocrx_word' id='word_1_764' title='bbox 2641 4431 2864 4481; x_wconf 60' lang='lat' dir='ltr'>mulieres</span> <span class='ocrx_word' id='word_1_765' title='bbox 2888 4434 3088 4493; x_wconf 85' lang='lat' dir='ltr'>curant,</span> <span class='ocrx_word' id='word_1_766' title='bbox 3127 4444 3197 4482; x_wconf 83' lang='lat' dir='ltr'>eae</span> <span class='ocrx_word' id='word_1_767' title='bbox 3233 4445 3427 4495; x_wconf 86' lang='lat' dir='ltr'>quoque</span> <span class='ocrx_word' id='word_1_768' title='bbox 3453 4429 3513 4481; x_wconf 89' lang='lat' dir='ltr'>de</span> <span class='ocrx_word' id='word_1_769' title='bbox 3541 4445 3714 4495; x_wconf 81' lang='lat' dir='ltr'>paren·</span> 
     </span>
     <span class='ocr_line' id='line_1_82' title="bbox 2155 4506 3716 4573; baseline 0.003 -17"><span class='ocrx_word' id='word_1_770' title='bbox 2155 4506 2280 4557; x_wconf 88' lang='lat' dir='ltr'>tibus</span> <span class='ocrx_word' id='word_1_771' title='bbox 2310 4511 2502 4571; x_wconf 76' lang='lat' dir='ltr'>emptae.</span> <span class='ocrx_word' id='word_1_772' title='bbox 2536 4511 2630 4568; x_wconf 89' lang='lat' dir='ltr'>Qui</span> <span class='ocrx_word' id='word_1_773' title='bbox 2663 4524 2819 4573; x_wconf 78' lang='lat' dir='ltr'>regem</span> <span class='ocrx_word' id='word_1_774' title='bbox 2843 4511 3119 4561; x_wconf 85' lang='lat' dir='ltr'>custodiunt</span> <span class='ocrx_word' id='word_1_775' title='bbox 3154 4512 3202 4560; x_wconf 86' lang='lat' dir='ltr'>et</span> <span class='ocrx_word' id='word_1_776' title='bbox 3226 4512 3440 4573; x_wconf 86' lang='lat' dir='ltr'>reliquus</span> <span class='ocrx_word' id='word_1_777' title='bbox 3474 4512 3716 4561; x_wconf 79' lang='lat' dir='ltr'>exercitus</span> 
     </span>
    </p>
   </div>
   <div class='ocr_carea' id='block_1_15' title="bbox 506 4195 2066 5272">
    <p class='ocr_par' dir='ltr' id='par_1_24' title="bbox 506 4195 2066 4324">
     <span class='ocr_line' id='line_1_83' title="bbox 507 4195 2066 4259; baseline -0.001 -12"><span class='ocrx_word' id='word_1_778' title='bbox 507 4197 590 4247; x_wconf 87' lang='lat' dir='ltr'>sed</span> <span class='ocrx_word' id='word_1_779' title='bbox 628 4200 679 4246; x_wconf 89' lang='lat' dir='ltr'>ut</span> <span class='ocrx_word' id='word_1_780' title='bbox 706 4196 880 4258; x_wconf 84' lang='lat' dir='ltr'>cuique</span> <span class='ocrx_word' id='word_1_781' title='bbox 921 4196 1076 4244; x_wconf 86' lang='lat' dir='ltr'>libet:</span> <span class='ocrx_word' id='word_1_782' title='bbox 1116 4209 1228 4244; x_wconf 90' lang='lat' dir='ltr'>nam</span> <span class='ocrx_word' id='word_1_783' title='bbox 1252 4195 1310 4244; x_wconf 84' lang='lat' dir='ltr'>ad</span> <span class='ocrx_word' id='word_1_784' title='bbox 1345 4195 1531 4245; x_wconf 81' lang='lat' dir='ltr'>civilem</span> <span class='ocrx_word' id='word_1_785' title='bbox 1564 4197 1883 4259; x_wconf 81' lang='lat' dir='ltr'>socialemque</span> <span class='ocrx_word' id='word_1_786' title='bbox 1915 4197 2066 4246; x_wconf 71' lang='lat' dir='ltr'>vitam</span> 
     </span>
     <span class='ocr_line' id='line_1_84' title="bbox 506 4273 1341 4324; baseline -0.001 -1"><span class='ocrx_word' id='word_1_787' title='bbox 506 4274 743 4324; x_wconf 81' lang='lat' dir='ltr'>contraria</span> <span class='ocrx_word' id='word_1_788' title='bbox 761 4276 871 4323; x_wconf 88' lang='lat' dir='ltr'>sunt</span> <span class='ocrx_word' id='word_1_789' title='bbox 892 4273 1341 4323; x_wconf 79' lang='lat' dir='ltr'>accommodatiora.</span> 
     </span>
    </p>

    <p class='ocr_par' dir='ltr' id='par_1_25' title="bbox 506 4351 2066 5272">
     <span class='ocr_line' id='line_1_85' title="bbox 572 4351 2064 4415; baseline 0 -14"><span class='ocrx_word' id='word_1_790' title='bbox 572 4357 618 4401; x_wconf 74' lang='lat'>4.</span> <span class='ocrx_word' id='word_1_791' title='bbox 667 4356 733 4402; x_wconf 89' lang='lat' dir='ltr'>De</span> <span class='ocrx_word' id='word_1_792' title='bbox 775 4353 986 4415; x_wconf 84' lang='lat' dir='ltr'>corporis</span> <span class='ocrx_word' id='word_1_793' title='bbox 1037 4352 1461 4402; x_wconf 76' lang='lat' dir='ltr'>exercitatIOnibus</span> <span class='ocrx_word' id='word_1_794' title='bbox 1510 4353 1750 4415; x_wconf 71' lang='lat' dir='ltr'>praecipue</span> <span class='ocrx_word' id='word_1_795' title='bbox 1795 4351 2064 4402; x_wconf 78' lang='lat' dir='ltr'>frictionem</span> 
     </span>
     <span class='ocr_line' id='line_1_86' title="bbox 506 4430 2066 4493; baseline -0.001 -12"><span class='ocrx_word' id='word_1_796' title='bbox 506 4434 760 4492; x_wconf 76' lang='lat' dir='ltr'>exercent,</span> <span class='ocrx_word' id='word_1_797' title='bbox 797 4434 900 4481; x_wconf 90' lang='lat' dir='ltr'>tum</span> <span class='ocrx_word' id='word_1_798' title='bbox 920 4431 1025 4480; x_wconf 87' lang='lat' dir='ltr'>aliis</span> <span class='ocrx_word' id='word_1_799' title='bbox 1061 4430 1215 4479; x_wconf 88' lang='lat' dir='ltr'>modis</span> <span class='ocrx_word' id='word_1_800' title='bbox 1244 4432 1348 4479; x_wconf 89' lang='lat' dir='ltr'>tum</span> <span class='ocrx_word' id='word_1_801' title='bbox 1390 4430 1647 4492; x_wconf 81' lang='lat' dir='ltr'>strigilibus</span> <span class='ocrx_word' id='word_1_802' title='bbox 1673 4431 1835 4481; x_wconf 83' lang='lat' dir='ltr'>ebenis</span> <span class='ocrx_word' id='word_1_803' title='bbox 1866 4444 2066 4493; x_wconf 87' lang='lat' dir='ltr'>corpora</span> 
     </span>
     <span class='ocr_line' id='line_1_87' title="bbox 508 4508 2060 4570; baseline 0.001 -13"><span class='ocrx_word' id='word_1_804' title='bbox 508 4508 797 4569; x_wconf 60' lang='grc' dir='ltr'>Ιιιιιίιςιιιιῐ65.</span> <span class='ocrx_word' id='word_1_805' title='bbox 833 4512 885 4558; x_wconf 88' lang='lat' dir='ltr'>ln</span> <span class='ocrx_word' id='word_1_806' title='bbox 907 4508 1160 4570; x_wconf 80' lang='lat' dir='ltr'>sepulturis</span> <span class='ocrx_word' id='word_1_807' title='bbox 1175 4510 1221 4557; x_wconf 87' lang='lat' dir='ltr'>et</span> <span class='ocrx_word' id='word_1_808' title='bbox 1236 4508 1433 4556; x_wconf 77' lang='lat' dir='ltr'>tumulis</span> <span class='ocrx_word' id='word_1_809' title='bbox 1453 4508 1680 4556; x_wconf 70' lang='lat' dir='ltr'>faciendis</span> <span class='ocrx_word' id='word_1_810' title='bbox 1698 4521 1915 4570; x_wconf 78' lang='lat' dir='ltr'>perparm</span> <span class='ocrx_word' id='word_1_811' title='bbox 1930 4509 2060 4569; x_wconf 87' lang='lat' dir='ltr'>sunt</span> 
     </span>
     <span class='ocr_line' id='line_1_88' title="bbox 507 4585 2064 4649; baseline -0.001 -15"><span class='ocrx_word' id='word_1_812' title='bbox 507 4586 555 4634; x_wconf 91' lang='lat' dir='ltr'>in</span> <span class='ocrx_word' id='word_1_813' title='bbox 580 4587 762 4649; x_wconf 80' lang='lat' dir='ltr'>reliquo</span> <span class='ocrx_word' id='word_1_814' title='bbox 803 4585 1014 4648; x_wconf 88' lang='lat' dir='ltr'>corporis</span> <span class='ocrx_word' id='word_1_815' title='bbox 1050 4586 1182 4633; x_wconf 90' lang='lat' dir='ltr'>cultu</span> <span class='ocrx_word' id='word_1_816' title='bbox 1218 4587 1382 4633; x_wconf 89' lang='lat' dir='ltr'>contra</span> <span class='ocrx_word' id='word_1_817' title='bbox 1424 4585 1575 4633; x_wconf 89' lang='lat' dir='ltr'>nimii.</span> <span class='ocrx_word' id='word_1_818' title='bbox 1641 4588 1762 4634; x_wconf 85' lang='lat' dir='ltr'>Nam</span> <span class='ocrx_word' id='word_1_819' title='bbox 1803 4586 1851 4634; x_wconf 88' lang='lat' dir='ltr'>et</span> <span class='ocrx_word' id='word_1_820' title='bbox 1891 4598 2064 4633; x_wconf 82' lang='lat' dir='ltr'>aurum</span> 
     </span>
     <span class='ocr_line' id='line_1_89' title="bbox 508 4664 2066 4726; baseline 0 -13"><span class='ocrx_word' id='word_1_821' title='bbox 508 4668 722 4726; x_wconf 82' lang='lat' dir='ltr'>gestant,</span> <span class='ocrx_word' id='word_1_822' title='bbox 759 4668 805 4714; x_wconf 88' lang='lat' dir='ltr'>et</span> <span class='ocrx_word' id='word_1_823' title='bbox 836 4664 1009 4726; x_wconf 87' lang='lat' dir='ltr'>lapillis</span> <span class='ocrx_word' id='word_1_824' title='bbox 1041 4664 1275 4712; x_wconf 86' lang='lat' dir='ltr'>distincto</span> <span class='ocrx_word' id='word_1_825' title='bbox 1299 4666 1472 4713; x_wconf 87' lang='lat' dir='ltr'>ornatu</span> <span class='ocrx_word' id='word_1_826' title='bbox 1501 4664 1721 4726; x_wconf 87' lang='lat' dir='ltr'>utuntur,</span> <span class='ocrx_word' id='word_1_827' title='bbox 1759 4665 1807 4712; x_wconf 85' lang='lat' dir='ltr'>et</span> <span class='ocrx_word' id='word_1_828' title='bbox 1845 4664 2066 4713; x_wconf 79' lang='lat' dir='ltr'>sindones</span> 
     </span>
     <span class='ocr_line' id='line_1_90' title="bbox 508 4740 2064 4803; baseline 0.001 -14"><span class='ocrx_word' id='word_1_829' title='bbox 508 4741 699 4791; x_wconf 83' lang='lat' dir='ltr'>floridas</span> <span class='ocrx_word' id='word_1_830' title='bbox 724 4740 947 4801; x_wconf 88' lang='lat' dir='ltr'>induunt,</span> <span class='ocrx_word' id='word_1_831' title='bbox 971 4747 1018 4790; x_wconf 84' lang='lat' dir='ltr'>et</span> <span class='ocrx_word' id='word_1_832' title='bbox 1039 4740 1316 4789; x_wconf 81' lang='lat' dir='ltr'>umbracula</span> <span class='ocrx_word' id='word_1_833' title='bbox 1336 4755 1496 4790; x_wconf 83' lang='lat' dir='ltr'>secum</span> <span class='ocrx_word' id='word_1_834' title='bbox 1514 4743 1741 4803; x_wconf 89' lang='lat' dir='ltr'>portant:</span> <span class='ocrx_word' id='word_1_835' title='bbox 1760 4741 1933 4791; x_wconf 82' lang='lat' dir='ltr'>etenim</span> <span class='ocrx_word' id='word_1_836' title='bbox 1953 4742 2064 4802; x_wconf 85' lang='lat' dir='ltr'>pul-</span> 
     </span>
     <span class='ocr_line' id='line_1_91' title="bbox 506 4817 2064 4881; baseline 0.001 -14"><span class='ocrx_word' id='word_1_837' title='bbox 506 4818 827 4868; x_wconf 83' lang='lat' dir='ltr'>chritudinem</span> <span class='ocrx_word' id='word_1_838' title='bbox 847 4818 1056 4868; x_wconf 83' lang='lat' dir='ltr'>colentes</span> <span class='ocrx_word' id='word_1_839' title='bbox 1091 4819 1251 4867; x_wconf 86' lang='lat' dir='ltr'>omnia</span> <span class='ocrx_word' id='word_1_840' title='bbox 1273 4818 1452 4868; x_wconf 79' lang='lat' dir='ltr'>faciunt</span> <span class='ocrx_word' id='word_1_841' title='bbox 1485 4832 1594 4881; x_wconf 77' lang='lat' dir='ltr'>quoe</span> <span class='ocrx_word' id='word_1_842' title='bbox 1630 4819 1797 4867; x_wconf 76' lang='lat' dir='ltr'>taciem</span> <span class='ocrx_word' id='word_1_843' title='bbox 1839 4817 2064 4868; x_wconf 87' lang='lat' dir='ltr'>decorare</span> 
     </span>
     <span class='ocr_line' id='line_1_92' title="bbox 508 4894 2062 4957; baseline 0.001 -14"><span class='ocrx_word' id='word_1_844' title='bbox 508 4895 703 4957; x_wconf 81' lang='lat' dir='ltr'>possint.</span> <span class='ocrx_word' id='word_1_845' title='bbox 769 4894 994 4944; x_wconf 88' lang='lat' dir='ltr'>Similiter</span> <span class='ocrx_word' id='word_1_846' title='bbox 1012 4894 1259 4943; x_wconf 83' lang='lat' dir='ltr'>veritatem</span> <span class='ocrx_word' id='word_1_847' title='bbox 1292 4896 1436 4957; x_wconf 87' lang='lat' dir='ltr'>atque</span> <span class='ocrx_word' id='word_1_848' title='bbox 1460 4896 1685 4945; x_wconf 71' lang='lat' dir='ltr'>virtutem</span> <span class='ocrx_word' id='word_1_849' title='bbox 1721 4897 1768 4944; x_wconf 89' lang='lat' dir='ltr'>in</span> <span class='ocrx_word' id='word_1_850' title='bbox 1796 4895 1948 4957; x_wconf 84' lang='lat' dir='ltr'>pretio</span> <span class='ocrx_word' id='word_1_851' title='bbox 1978 4895 2062 4944; x_wconf 87' lang='lat' dir='ltr'>ba-</span> 
     </span>
     <span class='ocr_line' id='line_1_93' title="bbox 507 4973 2057 5038; baseline 0 -15"><span class='ocrx_word' id='word_1_852' title='bbox 507 4973 873 5036; x_wconf 82' lang='lat' dir='ltr'>bent.1taque</span> <span class='ocrx_word' id='word_1_853' title='bbox 894 4986 1062 5023; x_wconf 86' lang='lat' dir='ltr'>senum</span> <span class='ocrx_word' id='word_1_854' title='bbox 1080 4973 1211 5023; x_wconf 83' lang='lat' dir='ltr'>aetati</span> <span class='ocrx_word' id='word_1_855' title='bbox 1236 4975 1594 5036; x_wconf 55' lang='lat' dir='ltr'>praerogativam</span> <span class='ocrx_word' id='word_1_856' title='bbox 1623 4975 1805 5024; x_wconf 87' lang='lat' dir='ltr'>nullam</span> <span class='ocrx_word' id='word_1_857' title='bbox 1820 4974 2057 5038; x_wconf 86' lang='lat' dir='ltr'>tribuunt,</span> 
     </span>
     <span class='ocr_line' id='line_1_94' title="bbox 508 5048 2060 5114; baseline 0.003 -16"><span class='ocrx_word' id='word_1_858' title='bbox 508 5050 596 5099; x_wconf 82' lang='lat' dir='ltr'>nisi</span> <span class='ocrx_word' id='word_1_859' title='bbox 624 5049 876 5112; x_wconf 82' lang='lat' dir='ltr'>prudentia</span> <span class='ocrx_word' id='word_1_860' title='bbox 916 5050 947 5098; x_wconf 91' lang='lat' dir='ltr'>ii</span> <span class='ocrx_word' id='word_1_861' title='bbox 976 5048 1227 5101; x_wconf 79' lang='lat' dir='ltr'>excellant.</span> <span class='ocrx_word' id='word_1_862' title='bbox 1258 5052 1433 5101; x_wconf 78' lang='lat' dir='ltr'>Multas</span> <span class='ocrx_word' id='word_1_863' title='bbox 1472 5054 1646 5114; x_wconf 83' lang='lat' dir='ltr'>nuptas</span> <span class='ocrx_word' id='word_1_864' title='bbox 1692 5052 1898 5112; x_wconf 86' lang='lat' dir='ltr'>babent,</span> <span class='ocrx_word' id='word_1_865' title='bbox 1938 5066 2060 5114; x_wconf 87' lang='lat' dir='ltr'>quas</span> 
     </span>
     <span class='ocr_line' id='line_1_95' title="bbox 508 5128 2059 5194; baseline 0.003 -18"><span class='ocrx_word' id='word_1_866' title='bbox 508 5128 825 5190; x_wconf 74' lang='lat' dir='ltr'>aparentibus</span> <span class='ocrx_word' id='word_1_867' title='bbox 842 5128 1077 5191; x_wconf 82' lang='lat' dir='ltr'>accipiunt</span> <span class='ocrx_word' id='word_1_868' title='bbox 1098 5128 1278 5179; x_wconf 77' lang='lat' dir='ltr'>bovum</span> <span class='ocrx_word' id='word_1_869' title='bbox 1305 5131 1405 5192; x_wconf 88' lang='lat' dir='ltr'>pari</span> <span class='ocrx_word' id='word_1_870' title='bbox 1425 5134 1624 5194; x_wconf 72' lang='lat' dir='ltr'>emptaS,</span> <span class='ocrx_word' id='word_1_871' title='bbox 1642 5131 1756 5180; x_wconf 87' lang='lat' dir='ltr'>alias</span> <span class='ocrx_word' id='word_1_872' title='bbox 1775 5130 2059 5181; x_wconf 81' lang='lat' dir='ltr'>obedientiae</span> 
     </span>
     <span class='ocr_line' id='line_1_96' title="bbox 507 5205 2059 5272; baseline 0.002 -17"><span class='ocrx_word' id='word_1_873' title='bbox 507 5205 682 5269; x_wconf 82' lang='lat' dir='ltr'>gratia,</span> <span class='ocrx_word' id='word_1_874' title='bbox 707 5206 821 5254; x_wconf 83' lang='lat' dir='ltr'>alias</span> <span class='ocrx_word' id='word_1_875' title='bbox 842 5207 987 5271; x_wconf 85' lang='lat' dir='ltr'>prolis</span> <span class='ocrx_word' id='word_1_876' title='bbox 1008 5212 1056 5257; x_wconf 84' lang='lat' dir='ltr'>et</span> <span class='ocrx_word' id='word_1_877' title='bbox 1081 5208 1377 5270; x_wconf 75' lang='lat' dir='ltr'>voluptatis:</span> <span class='ocrx_word' id='word_1_878' title='bbox 1407 5212 1452 5259; x_wconf 89' lang='lat' dir='ltr'>et</span> <span class='ocrx_word' id='word_1_879' title='bbox 1472 5209 1559 5259; x_wconf 79' lang='lat' dir='ltr'>nisi</span> <span class='ocrx_word' id='word_1_880' title='bbox 1578 5212 1729 5258; x_wconf 77' lang='lat' dir='ltr'>castas</span> <span class='ocrx_word' id='word_1_881' title='bbox 1754 5222 1852 5257; x_wconf 84' lang='lat' dir='ltr'>esse</span> <span class='ocrx_word' id='word_1_882' title='bbox 1871 5210 2059 5272; x_wconf 76' lang='lat' dir='ltr'>cogant,</span> 
     </span>
    </p>
   </div>
   <div class='ocr_carea' id='block_1_16' title="bbox 2145 4586 3716 5273">
    <p class='ocr_par' dir='ltr' id='par_1_26' title="bbox 2150 4586 3716 4944">
     <span class='ocr_line' id='line_1_97' title="bbox 2153 4586 3716 4651; baseline 0.004 -19"><span class='ocrx_word' id='word_1_883' title='bbox 2153 4586 2349 4634; x_wconf 80' lang='lat' dir='ltr'>manent</span> <span class='ocrx_word' id='word_1_884' title='bbox 2376 4586 2513 4635; x_wconf 79' lang='lat' dir='ltr'>extra</span> <span class='ocrx_word' id='word_1_885' title='bbox 2541 4589 2716 4649; x_wconf 81' lang='lat' dir='ltr'>portas.</span> <span class='ocrx_word' id='word_1_886' title='bbox 2739 4588 2787 4639; x_wconf 87' lang='lat' dir='ltr'>si</span> <span class='ocrx_word' id='word_1_887' title='bbox 2806 4601 2901 4651; x_wconf 87' lang='lat' dir='ltr'>qua</span> <span class='ocrx_word' id='word_1_888' title='bbox 2925 4588 3094 4638; x_wconf 88' lang='lat' dir='ltr'>mulier</span> <span class='ocrx_word' id='word_1_889' title='bbox 3135 4601 3292 4648; x_wconf 80' lang='lat' dir='ltr'>regem</span> <span class='ocrx_word' id='word_1_890' title='bbox 3313 4587 3499 4636; x_wconf 87' lang='lat' dir='ltr'>ebrium</span> <span class='ocrx_word' id='word_1_891' title='bbox 3527 4588 3716 4638; x_wconf 82' lang='lat' dir='ltr'>occide·</span> 
     </span>
     <span class='ocr_line' id='line_1_98' title="bbox 2153 4660 3712 4728; baseline 0.003 -18"><span class='ocrx_word' id='word_1_892' title='bbox 2153 4663 2242 4723; x_wconf 89' lang='lat' dir='ltr'>rit-,</span> <span class='ocrx_word' id='word_1_893' title='bbox 2283 4660 2330 4710; x_wconf 89' lang='lat' dir='ltr'>id</span> <span class='ocrx_word' id='word_1_894' title='bbox 2354 4662 2539 4724; x_wconf 76' lang='lat' dir='ltr'>praemii</span> <span class='ocrx_word' id='word_1_895' title='bbox 2561 4662 2732 4726; x_wconf 86' lang='lat' dir='ltr'>habet,</span> <span class='ocrx_word' id='word_1_896' title='bbox 2763 4668 2819 4715; x_wconf 92' lang='lat' dir='ltr'>ut</span> <span class='ocrx_word' id='word_1_897' title='bbox 2851 4677 2962 4714; x_wconf 88' lang='lat' dir='ltr'>cum</span> <span class='ocrx_word' id='word_1_898' title='bbox 2986 4665 3111 4715; x_wconf 82' lang='lat' dir='ltr'>illius</span> <span class='ocrx_word' id='word_1_899' title='bbox 3136 4677 3405 4714; x_wconf 83' lang='lat' dir='ltr'>successore</span> <span class='ocrx_word' id='word_1_900' title='bbox 3435 4666 3712 4728; x_wconf 83' lang='lat' dir='ltr'>jungatur.</span> 
     </span>
     <span class='ocr_line' id='line_1_99' title="bbox 2151 4739 3713 4805; baseline 0.001 -16"><span class='ocrx_word' id='word_1_901' title='bbox 2151 4739 2415 4790; x_wconf 78' lang='lat' dir='ltr'>succedunt</span> <span class='ocrx_word' id='word_1_902' title='bbox 2435 4742 2593 4790; x_wconf 86' lang='lat' dir='ltr'>autem</span> <span class='ocrx_word' id='word_1_903' title='bbox 2633 4740 2738 4792; x_wconf 86' lang='lat' dir='ltr'>tilii.</span> <span class='ocrx_word' id='word_1_904' title='bbox 2805 4742 2916 4805; x_wconf 81' lang='lat' dir='ltr'>Regi</span> <span class='ocrx_word' id='word_1_905' title='bbox 2951 4740 3159 4790; x_wconf 82' lang='lat' dir='ltr'>interdiu</span> <span class='ocrx_word' id='word_1_906' title='bbox 3197 4741 3405 4790; x_wconf 87' lang='lat' dir='ltr'>dormire</span> <span class='ocrx_word' id='word_1_907' title='bbox 3428 4754 3526 4790; x_wconf 91' lang='lat' dir='ltr'>non</span> <span class='ocrx_word' id='word_1_908' title='bbox 3557 4742 3713 4793; x_wconf 81' lang='lat' dir='ltr'>lieet.</span> 
     </span>
     <span class='ocr_line' id='line_1_100' title="bbox 2152 4816 3716 4882; baseline 0.002 -17"><span class='ocrx_word' id='word_1_909' title='bbox 2152 4819 2292 4866; x_wconf 80' lang='lat' dir='ltr'>nocte</span> <span class='ocrx_word' id='word_1_910' title='bbox 2312 4818 2499 4880; x_wconf 82' lang='lat' dir='ltr'>cogitur</span> <span class='ocrx_word' id='word_1_911' title='bbox 2522 4819 2696 4870; x_wconf 88' lang='lat' dir='ltr'>cubilia</span> <span class='ocrx_word' id='word_1_912' title='bbox 2711 4832 2794 4882; x_wconf 90' lang='lat' dir='ltr'>per</span> <span class='ocrx_word' id='word_1_913' title='bbox 2821 4821 2961 4869; x_wconf 86' lang='lat' dir='ltr'>horas</span> <span class='ocrx_word' id='word_1_914' title='bbox 2979 4822 3165 4867; x_wconf 87' lang='lat' dir='ltr'>mutare</span> <span class='ocrx_word' id='word_1_915' title='bbox 3178 4816 3352 4881; x_wconf 85' lang='lat' dir='ltr'>,idque</span> <span class='ocrx_word' id='word_1_916' title='bbox 3373 4820 3570 4881; x_wconf 86' lang='lat' dir='ltr'>propter</span> <span class='ocrx_word' id='word_1_917' title='bbox 3599 4820 3716 4869; x_wconf 81' lang='lat' dir='ltr'>insi·</span> 
     </span>
     <span class='ocr_line' id='line_1_101' title="bbox 2150 4895 2275 4944; baseline 0.02 -2"><span class='ocrx_word' id='word_1_918' title='bbox 2150 4895 2275 4944; x_wconf 77' lang='lat' dir='ltr'>dias·</span> 
     </span>
    </p>

    <p class='ocr_par' dir='ltr' id='par_1_27' title="bbox 2145 4972 3716 5273">
     <span class='ocr_line' id='line_1_102' title="bbox 2211 4972 3715 5037; baseline -0.003 -11"><span class='ocrx_word' id='word_1_919' title='bbox 2211 4978 2257 5026; x_wconf 89' lang='grc'>7.</span> <span class='ocrx_word' id='word_1_920' title='bbox 2287 4976 2465 5024; x_wconf 82' lang='lat' dir='ltr'>Praeter</span> <span class='ocrx_word' id='word_1_921' title='bbox 2481 4975 2665 5025; x_wconf 76' lang='lat' dir='ltr'>exitum</span> <span class='ocrx_word' id='word_1_922' title='bbox 2704 4974 2824 5037; x_wconf 83' lang='lat' dir='ltr'>regis</span> <span class='ocrx_word' id='word_1_923' title='bbox 2843 4972 2905 5024; x_wconf 84' lang='lat' dir='ltr'>ad</span> <span class='ocrx_word' id='word_1_924' title='bbox 2935 4973 3147 5033; x_wconf 89' lang='lat' dir='ltr'>bellum,</span> <span class='ocrx_word' id='word_1_925' title='bbox 3194 4982 3320 5019; x_wconf 73' lang='lat' dir='ltr'>unus</span> <span class='ocrx_word' id='word_1_926' title='bbox 3360 4973 3432 5020; x_wconf 84' lang='lat' dir='ltr'>est</span> <span class='ocrx_word' id='word_1_927' title='bbox 3472 4984 3627 5033; x_wconf 86' lang='lat' dir='ltr'>quum</span> <span class='ocrx_word' id='word_1_928' title='bbox 3652 4972 3715 5022; x_wconf 86' lang='lat' dir='ltr'>ad</span> 
     </span>
     <span class='ocr_line' id='line_1_103' title="bbox 2145 5046 3716 5113; baseline -0.003 -11"><span class='ocrx_word' id='word_1_929' title='bbox 2145 5052 2223 5113; x_wconf 68' lang='lat' dir='ltr'>,ius</span> <span class='ocrx_word' id='word_1_930' title='bbox 2240 5051 2497 5101; x_wconf 89' lang='lat' dir='ltr'>dicendum</span> <span class='ocrx_word' id='word_1_931' title='bbox 2524 5052 2649 5112; x_wconf 83' lang='lat' dir='ltr'>exit,</span> <span class='ocrx_word' id='word_1_932' title='bbox 2673 5053 2776 5101; x_wconf 91' lang='lat' dir='ltr'>tum</span> <span class='ocrx_word' id='word_1_933' title='bbox 2795 5054 2950 5101; x_wconf 87' lang='lat' dir='ltr'>toturn</span> <span class='ocrx_word' id='word_1_934' title='bbox 2971 5050 3096 5099; x_wconf 84' lang='lat' dir='ltr'>diem</span> <span class='ocrx_word' id='word_1_935' title='bbox 3124 5049 3171 5097; x_wconf 90' lang='lat' dir='ltr'>in</span> <span class='ocrx_word' id='word_1_936' title='bbox 3197 5046 3437 5097; x_wconf 84' lang='lat' dir='ltr'>audiendo</span> <span class='ocrx_word' id='word_1_937' title='bbox 3463 5048 3716 5111; x_wconf 82' lang='lat' dir='ltr'>transigtt,</span> 
     </span>
     <span class='ocr_line' id='line_1_104' title="bbox 2149 5125 3716 5194; baseline -0.002 -14"><span class='ocrx_word' id='word_1_938' title='bbox 2149 5131 2368 5180; x_wconf 58' lang='lat' dir='ltr'>etiams-is</span> <span class='ocrx_word' id='word_1_939' title='bbox 2390 5130 2510 5181; x_wconf 88' lang='lat' dir='ltr'>hora</span> <span class='ocrx_word' id='word_1_940' title='bbox 2547 5131 2669 5181; x_wconf 86' lang='lat' dir='ltr'>adsit</span> <span class='ocrx_word' id='word_1_941' title='bbox 2697 5144 2790 5194; x_wconf 89' lang='lat' dir='ltr'>qua</span> <span class='ocrx_word' id='word_1_942' title='bbox 2828 5143 2998 5192; x_wconf 84' lang='lat' dir='ltr'>corpus</span> <span class='ocrx_word' id='word_1_943' title='bbox 3033 5130 3168 5175; x_wconf 82' lang='lat' dir='ltr'>curet</span> <span class='ocrx_word' id='word_1_944' title='bbox 3208 5126 3289 5187; x_wconf 90' lang='lat' dir='ltr'>(id</span> <span class='ocrx_word' id='word_1_945' title='bbox 3293 5125 3440 5187; x_wconf 80' lang='lat' dir='ltr'>-quod</span> <span class='ocrx_word' id='word_1_946' title='bbox 3469 5126 3716 5189; x_wconf 82' lang='lat' dir='ltr'>strigilum</span> 
     </span>
     <span class='ocr_line' id='line_1_105' title="bbox 2148 5202 3716 5273; baseline -0.003 -14"><span class='ocrx_word' id='word_1_947' title='bbox 2148 5206 2454 5273; x_wconf 76' lang='lat' dir='ltr'>perfrictione</span> <span class='ocrx_word' id='word_1_948' title='bbox 2468 5208 2578 5271; x_wconf 84' lang='lat' dir='ltr'>tit);</span> <span class='ocrx_word' id='word_1_949' title='bbox 2606 5208 2746 5257; x_wconf 88' lang='lat' dir='ltr'>simul</span> <span class='ocrx_word' id='word_1_950' title='bbox 2771 5206 2895 5256; x_wconf 88' lang='lat' dir='ltr'>enim</span> <span class='ocrx_word' id='word_1_951' title='bbox 2920 5209 2968 5255; x_wconf 89' lang='lat' dir='ltr'>et</span> <span class='ocrx_word' id='word_1_952' title='bbox 2993 5204 3126 5253; x_wconf 85' lang='lat' dir='ltr'>audit</span> <span class='ocrx_word' id='word_1_953' title='bbox 3146 5204 3193 5253; x_wconf 88' lang='lat' dir='ltr'>et</span> <span class='ocrx_word' id='word_1_954' title='bbox 3224 5216 3253 5251; x_wconf 89' lang='lat' dir='ltr'>a</span> <span class='ocrx_word' id='word_1_955' title='bbox 3286 5204 3517 5264; x_wconf 81' lang='lat' dir='ltr'>quattuor</span> <span class='ocrx_word' id='word_1_956' title='bbox 3547 5202 3716 5262; x_wconf 76' lang='lat' dir='ltr'>fricto.</span> 
     </span>
    </p>
   </div>
  </div>
 </body>
</html>
