4016 5916
1625 370 2132 431 FRAGMENTA.

300 523 358 571 et
377 514 528 570 libro
557 528 711 567 nono
739 508 923 565 adhuc
954 509 1013 562 in
1040 506 1387 580 temporibus
1407 505 1541 561 belli
1562 504 1849 578 Pelopon-

301 609 502 665 nesiaci
526 615 796 673 versetur,
822 611 1021 677 sponte
1039 600 1286 656 nascitur
1305 599 1545 673 suspicio
1571 599 1850 654 institutos

298 693 627 752 nautodicas
646 693 810 748 fuisse
835 690 925 745 vel
950 688 1143 763 paucis
1159 688 1315 742 annis
1331 696 1460 760 post
1476 704 1724 760 pugnam
1744 686 1849 742 Sa-

300 782 582 840 laminiam
597 822 613 851 ,
638 780 728 836 vel
753 779 913 835 brevi
946 786 1075 852 post
1098 793 1295 850 pacem
1332 775 1655 832 Cimonem
1680 791 1850 846 quam

303 870 517 941 dicunt,
539 879 706 942 atque
723 866 1095 941 fragmentum
1117 873 1372 919 nostrum
1394 880 1464 918 ex
1484 880 1554 918 eo
1573 862 1696 936 ipso
1716 861 1853 918 Cra-

300 959 411 1017 teri
453 958 640 1032 operis
664 956 794 1011 loco
837 954 1078 1029 petitum
1105 969 1247 1023 esse,
1280 951 1383 1006 ubi
1418 949 1736 1026 psephisma
1779 948 1852 1006 de

300 1046 556 1105 creandis
580 1044 892 1101 nautodicis
913 1040 1119 1101 attulit.

1052 1172 1106 1231 5.

383 1306 630 1363 Lexicon
650 1304 886 1360 Rhetor.
909 1301 980 1359 ad
996 1303 1130 1358 calc.
1149 1301 1332 1357 Photii
1350 1321 1411 1376 p.
1431 1301 1568 1371 667,
1582 1321 1601 1356 1
1615 1321 1646 1356 α
1673 1320 1686 1356 :
1710 1301 1853 1359 Etc-

304 1390 532 1470 αγγελί
547 1415 579 1448 α
596 1412 613 1429 ·
654 1388 793 1448 κατὰ
826 1390 1009 1445 κοινῶν
1050 1388 1140 1445 καὶ
1181 1386 1428 1468 ἀγράφων
1480 1386 1817 1464 ἀδικημάτων
1837 1408 1852 1423 ·

306 1479 437 1550 αὕτη
467 1477 561 1556 μὲν
591 1468 680 1537 οὗν
710 1482 742 1547 ἡ
776 1473 1048 1536 Καικιλίου
1078 1473 1221 1542 δόξα.
1253 1474 1589 1555 Θεόφραστος
1614 1473 1669 1532 δὲ
1697 1475 1749 1531 ἐν
1778 1476 1853 1556 τῷ

208 1553 216 1566 ⁸
300 1566 538 1646 τετάρτῳ
568 1563 700 1644 Περὶ
736 1562 907 1640 νόμων
937 1559 1065 1638 φησὶ
1099 1560 1364 1639 γενέσθαι,
1394 1560 1484 1618 ἰάν
1507 1583 1586 1627 τις
1612 1561 1850 1639 καταλύῃ

305 1652 393 1711 τὸν
427 1653 592 1729 δῆμον
621 1652 824 1730 ῥήτωρ,
868 1645 903 1718 ἢ
945 1647 1020 1725 μὴ
1048 1647 1114 1706 τὰ
1156 1646 1344 1726 ἄριστα
1371 1645 1700 1727 συμὸουλεύῃ
1738 1648 1855 1731 [τῷ

306 1740 499 1821 δήμῳ]
526 1739 782 1818 χρήματα
806 1734 1109 1813 λαμὸάνων,
1136 1733 1172 1807 ἢ
1216 1736 1304 1794 ἐάν
1331 1758 1407 1802 τις
1433 1733 1701 1815 προδιδοὺς
1738 1759 1853 1815 χω-

310 1827 416 1909 ρίον
442 1825 714 1907 (φρουρίον
742 1826 944 1902 Phot.)
969 1823 1005 1895 ἢ
1034 1828 1155 1891 ναῦς
1176 1822 1211 1895 ἢ
1235 1822 1394 1895 πεζὴν
1414 1821 1678 1904 στρατιὰν,
1704 1823 1740 1895 ἢ
1766 1824 1856 1883 ἐάν

306 1938 384 1983 τις
409 1915 479 1981 εἰς
508 1911 624 1978 τοὺς
648 1910 923 1986 πολεμίους
952 1912 1230 1992 ἀφικνῆται
1256 1909 1419 1990 [ἄνευ
1448 1915 1538 1969 τοῦ
1559 1915 1856 1993 πεμφθῆναι

304 2000 453 2083 παρὰ
474 2006 564 2060 τοῦ
593 2000 799 2079 δήμου]
828 1997 864 2071 ἢ
895 2002 1178 2079 μισθοφορῇ
1202 2000 1328 2078 παρ’
1351 2000 1522 2066 αὐτοῖς
1547 1996 1582 2069 ἢ
1607 1998 1857 2080 στρατεύ-

304 2113 433 2162 ηται
461 2091 576 2167 μετ’
599 2084 843 2160 αὖτῶν,ἢ
871 2089 1009 2167 δῶρα
1032 2085 1279 2164 λαμὸάνῃ
1306 2085 1434 2165 [ἰπὶ
1454 2085 1629 2166 βλάὸγ,
1651 2091 1742 2144 τοῦ
1766 2085 1859 2157 δή·

311 2178 461 2258 μου].
497 2178 845 2254 Συνομολογεῖ
872 2174 928 2235 δὲ
954 2182 1058 2241 τοῖς
1080 2173 1179 2232 ὑπὸ
1203 2174 1540 2255 Θεοφράστου
1569 2173 1681 2255 (sc.
1708 2176 1858 2252 λεγο-

312 2264 547 2344 μόνοις),
581 2263 658 2322 ὅτι
692 2260 1061 2340 Θεμιστοκλέα
1090 2257 1385 2341 εἰσήγγειλε
1412 2261 1549 2321 κατὰ
1593 2261 1857 2343 Κράτερον

313 2353 590 2420 Λεωὸότας
614 2350 961 2428 Ἀλκμαίωνος
986 2350 1348 2429 Ἀγραύληθεν.

3374 375 3489 428 619

1937 511 1994 557 et
2038 503 2251 577 legatos
2289 499 2620 575 pertinuisse
2648 497 2873 554 videtur
2911 496 3014 566 (cs.
3053 500 3137 554 De
3176 498 3263 556 lit.
3314 499 3486 557 Attic.

1937 608 1998 663 p.
2041 588 2210 663 353),
2245 581 2543 663 εἰσαγγελία
2590 595 2774 641 tamen
2809 594 3172 658 acceptorum
3208 584 3492 641 donorum

1939 694 2102 732 causa
2129 678 2221 731 vix
2249 671 2413 732 aliter
2441 674 2651 730 institui
2677 682 2930 747 poterat,
2952 674 3055 728 nisi
3075 691 3142 729 ea
3166 672 3495 730 viderentur

1939 765 1997 818 in
2017 765 2320 838 perniciem
2334 761 2657 837 reipublicae
2680 769 2908 834 accepta
2921 778 3058 819 esse.
3081 762 3217 816 Mox
3242 763 3494 819 scriben-

1941 851 2079 907 dum
2113 871 2229 909 esse
2260 850 2594 928 συνομολογεῖ
2624 848 2677 906 δὲ
2708 860 2815 908 etc.
2855 847 2936 923 (v,
2961 845 3156 926 supra)
3180 849 3298 922 jam
3323 854 3495 926 signi·

1939 939 2100 997 ficari
2153 942 2213 995 in
2268 939 2738 996 commentatione
2802 939 2887 993 De
2937 939 3282 997 ostracismo.
3335 963 3360 990 s

1941 1028 2023 1086 Cf.
2039 1029 2326 1085 Plutarch.
2345 1027 2613 1084 Themist.
2635 1044 2686 1081 c.
2707 1024 2780 1081 23
2799 1042 2814 1083 t
2838 1021 2907 1083 ‘O
2925 1022 2977 1081 δὲ
2994 1023 3326 1103 γραψάμενος
3342 1025 3494 1084 αὐτὸν

1943 1115 2430 1195 (Tbemistoclem)
2458 1110 2737 1184 Λεωόότης
2752 1102 2815 1183 ἦν
2839 1109 3186 1187 Ἀλκμαίωνος
3204 1110 3489 1192 Ἀγραύλη-

1943 1205 2047 1260 θεν.
2095 1204 2499 1271 Alcmaeonem,
2548 1219 2664 1256 non
2713 1201 3045 1257 Alcmaeonis
3093 1199 3297 1271 filium,
3354 1203 3500 1258 inter

1944 1301 2291 1347 accusatores
2347 1290 2731 1346 Themistoclis
2789 1291 3040 1345 nominat
3104 1290 3389 1349 Plutarch.
3440 1293 3500 1346 in

1944 1378 2177 1441 Aristid.
2205 1399 2255 1437 c.
2291 1377 2364 1434 25
2396 1389 2452 1433 et
2479 1379 2534 1432 in
2556 1377 2756 1432 Moral.
2777 1394 2838 1450 p.
2878 1375 3010 1446 805,
3035 1378 3097 1435 C.

2657 1514 2783 1577 521.

2023 1660 2192 1735 Apud
2219 1659 2580 1734 Aristophan.
2611 1657 2825 1715 Eccles.
2859 1676 2918 1715 v.
2960 1657 3106 1732 1089
3143 1656 3367 1730 juvenis
3402 1659 3502 1731 qui

1944 1767 1977 1804 a
2007 1748 2226 1804 duabus
2264 1748 2428 1803 simul
2455 1745 2655 1802 vetulis
2694 1743 2769 1800 ad
2796 1746 3005 1800 coitum
3038 1746 3365 1802 sollicitatus
3391 1747 3503 1802 huc

1944 1836 2079 1890 illuc
2114 1835 2373 1903 trahitur,
2413 1835 2490 1889 ait
2519 1850 2534 1891 :
2563 1829 2725 1890 Τουτὶ
2757 1828 2817 1887 τὸ
2854 1837 3074 1908 πρᾶγμα
3107 1828 3244 1888 κατὰ
3268 1829 3327 1889 τὸ
3361 1833 3503 1890 Καν·

1949 1920 2113 1979 νώνου
2143 1922 2319 1999 σαφῶς
2347 1917 2623 1998 ψήφισμα,
2676 1920 2833 1996 βινεῖν
2863 1917 2944 1974 δεῖ
2977 1938 3042 1994 με
3067 1917 3499 1994 διαλελημμένον.

1945 2010 2252 2065 Scholiasta
2274 2009 2348 2065 ad
2384 2008 2558 2064 verba
2582 2002 2720 2063 κατὰ
2751 2002 2812 2062 τὸ
2840 2002 3120 2064 Καννώνου
3142 2018 3303 2063 notat
3332 2009 3451 2064 haec
3482 2026 3499 2066 t

1946 2096 2223 2176 Ψήφισμα
2266 2094 2511 2174 γεγράφει
2556 2090 2906 2172 κατεχόμενον
2955 2092 3271 2172 ἑκατέρωθεν
3308 2095 3501 2153 ἀπολο-

1946 2187 2149 2261 γεῖσθαι
2194 2180 2281 2240 τὸν
2330 2180 2448 2241 κατ’
2488 2178 2817 2259 εἰσαγγελίαν
2858 2178 3188 2260 κρινόμενον·
3239 2179 3505 2260 Κράτερος

1952 2272 2237 2349 (Κρατῖνος
2286 2269 2450 2345 libri)
2493 2267 2547 2326 δὲ
2601 2265 2692 2325 καὶ
2733 2263 2861 2345 πρὸς
2901 2264 3196 2346 κλεψύδραν
3233 2267 3504 2323 κελεῦσαι·

1949 2360 2194 2440 Ξενοφῶν
2219 2354 2274 2416 δὲ
2303 2359 2374 2425 εἰς
2398 2357 2458 2415 τὸ
2480 2354 2737 2436 βάραθρον
2761 2351 3085 2431 ἐμὸληθέντα
3114 2355 3392 2412 ἀποθανεῖν
3416 2351 3508 2411 καὶ

393 2442 484 2508 Εἷς
526 2438 643 2507 τῦῦς
674 2438 950 2516 πολεμίους
988 2438 1133 2516 κτλ.]
1181 2439 1369 2496 Codex
1412 2440 1483 2503 εἷς
1514 2459 1561 2496 τ·
1605 2435 1861 2514 notiaco<
1950 2441 2046 2516 τὴν
2078 2442 2255 2504 οὐσίαν
2283 2440 2636 2503 ἀπολέσαντα.

315 2530 630 2610 ἀφικνεῖται,
656 2526 691 2599 ἢ
720 2527 885 2599 νικοίη
917 2526 1044 2606 παρ’
1071 2528 1308 2591 αὐτοῖς...
1339 2523 1375 2596 ἢ
1408 2525 1548 2605 δῶρα
1579 2523 1825 2603 λαμὸοίνη
1844 2548 1858 2562 ·

2030 2538 2143 2591 Pro
2174 2532 2263 2592 τὸν
2289 2530 2582 2611 κρινόμενον
2614 2534 2675 2588 in
2701 2531 2907 2589 Aldina
2935 2542 3018 2586 est
3044 2527 3131 2586 τὸν
3161 2526 3502 2608 ἀποκρινόμε-

312 2619 648 2693 συνομολογεῖ
667 2614 721 2674 δὲ
740 2638 791 2678 τ.
815 2617 864 2675 ὗ.
889 2616 1229 2694 Θεοφράστου
1252 2615 1354 2671 εἰτε
1373 2612 1736 2690 Θεμιστοκλέα
1760 2617 1862 2672 εἰσ·
1901 2688 1909 2698 ·
1956 2643 2058 2680 νον,
2082 2625 2384 2695 Hucusque
2405 2620 2759 2676 scholiastam
2779 2619 3067 2692 exscripsit
3086 2616 3284 2673 suidas
3301 2635 3356 2674 v,
3370 2616 3504 2674 Ete-

315 2705 495 2785 αγγέλ.
529 2702 563 2776 ἢ
596 2702 883 2783 εἰσήγγειλε
922 2701 1165 2782 κρατερὸς
1195 2700 1475 2770 Αεσὸώτης
1502 2702 1618 2763 κτλ.
1656 2705 1864 2761 Emcn-
1900 2709 1912 2771 Ι
1955 2709 2194 2790 αγγελία.
2218 2709 2354 2781 Quae
2381 2717 2694 2781 sequuntur
2716 2726 2810 2782 ap.
2835 2706 3015 2762 schol.
3042 2704 3295 2783 Κρατῖνος
3313 2699 3367 2759 δὲ
3386 2702 3504 2760 κτλ.

313 2792 468 2851 davit
489 2804 547 2851 et
575 2794 857 2868 supplevit
878 2793 1120 2848 Meierus
1149 2790 1221 2846 ad
1250 2790 1307 2850 h.
1344 2791 1384 2848 1.
1403 2832 1419 2859 ‚
1451 2792 1549 2864 qui
1582 2814 1607 2840 «ι
1642 2793 1863 2848 Partem

313 2882 828 2957 supplementorum
845 2921 861 2950 ,
888 2880 1098 2953 inquit,
1128 2877 1342 2934 Polluci
1369 2880 1527 2949 VIII,
1552 2876 1624 2935 52
1655 2878 1859 2948 debeo,

314 2972 412 3045 qui
435 2988 611 3044 quum
632 2971 798 3025 etiam
821 2969 938 3044 ipse
958 2985 1057 3023 sua
1073 2985 1132 3048 se
1150 2966 1223 3022 ab
1236 2966 1621 3041 Theophrasto
1642 2976 1860 3024 mutua·

311 3066 434 3113 tum
453 3076 569 3113 esse
587 3055 940 3133 profiteatur,
962 3057 1103 3114 alter
1116 3073 1186 3111 ex
1202 3055 1380 3113 altero
1392 3056 1757 3130 grammatico
1771 3073 1858 3112 re·

316 3144 623 3219 dintegrari
641 3155 840 3220 potest.
853 3144 1027 3219 Apud
1039 3144 1325 3200 Pollucem
1343 3144 1514 3217 igitur
1530 3143 1646 3199 haec
1664 3144 1865 3219 legun-

318 3242 411 3287 tur
443 3251 456 3286 :
491 3230 790 3307 Ἐγίγνοντο
818 3229 873 3288 δὲ
901 3228 1221 3306 εἰσαγγελίαι
1246 3227 1383 3286 κατὰ
1413 3230 1518 3308 (ita
1549 3232 1699 3286 enirn
1725 3233 1862 3286 scri·

317 3318 569 3375 bendum
598 3328 710 3385 est,
737 3338 915 3391 quum
940 3320 999 3372 in
1022 3319 1182 3372 libris
1206 3315 1294 3373 καὶ
1317 3327 1413 3372 aut
1440 3328 1566 3373 ante
1594 3318 1857 3393 εἷσαγγελ.

318 3416 414 3462 aut
441 3416 567 3462 ante
594 3402 731 3460 κατὰ
778 3399 1193 3479 interponatur)
1238 3404 1342 3459 τῶν
1383 3402 1746 3460 καταλυόντων
1774 3402 1862 3460 τὸν

319 3492 481 3569 δῆμον
511 3488 737 3570 ῥητόρων
761 3486 797 3560 ἢ
831 3486 905 3565 μὴ
946 3488 1014 3546 τὰ
1043 3487 1229 3565 ἄριστα
1250 3491 1334 3567 τῷ
1359 3486 1542 3566 δήμῳ
1581 3488 1857 3566 λεγόντων,

316 3576 354 3649 ἢ
376 3576 503 3658 πρὸς
524 3575 641 3642 τοὺς
665 3577 942 3651 πολεμίους
971 3573 1125 3633 ἄνευ
1149 3580 1260 3633 τοῦ
1289 3580 1669 3654 πεμφθῆναι
1701 3578 1860 3632 ἀπελ-

318 3662 585 3736 θόντων,ἢ
625 3662 919 3739 προδόντων
943 3661 1179 3743 φρουρίον
1210 3661 1245 3732 ἢ
1280 3660 1526 3740 στρατιὰν
1551 3659 1589 3732 ἢ
1625 3667 1772 3734 ναῦς,
1798 3666 1867 3728 ὥς

318 3751 653 3832 Θεόφραστος
679 3752 733 3810 ἰν
776 3753 851 3828 τῷ
894 3750 1284 3828 (scribendum
1319 3760 1416 3805 aut
1443 3748 1513 3805 ἐν’
1536 3752 1665 3820 τοῖς,
1696 3759 1793 3806 aut
1814 3751 1865 3806 ἐν

320 3841 393 3919 τῷ
415 3839 494 3915 δ’)
524 3836 654 3917 Περὶ
676 3835 870 3915 νόμων.
898 3840 1139 3912 Reliqua
1158 3839 1538 3913 supplementa
1558 3850 1732 3893 semet
1752 3839 1867 3912 ipsa

320 3928 629 3984 tuebuntur
640 3949 657 3998 ;
698 3929 778 3984 sic
806 3923 892 3983 ἐπὶ
937 3923 1111 4003 βλάὸῃ
1149 3929 1239 3982 τοῦ
1268 3923 1435 4002 δήμου
1470 3945 1539 3983 ex
1578 3927 1864 3985 Demosth.

320 4015 456 4073 uid.
476 4036 540 4092 p.
567 4015 705 4089 551,
738 4034 810 4070 αα
841 4014 1153 4088 adjicienda
1170 4016 1394 4089 putavi,
1420 4015 1603 4090 quod,
1625 4017 1724 4071 etsi
1747 4018 1867 4071 De-

320 4106 633 4161 mosthenes
645 4107 729 4161 De
753 4103 871 4164 fals.
897 4104 1074 4178 leg.p.
1094 4103 1269 4178 343‚9
1283 4114 1481 4160 auctor
1499 4114 1579 4159 est
1600 4105 1721 4178 lege
1745 4122 1869 4158 cau-

321 4203 441 4249 tum
471 4192 635 4249 fuisse
662 4190 839 4255 ἁπλῶς
864 4191 1119 4267 μηδαμῶς
1142 4193 1281 4270 δῶρα
1303 4187 1620 4265 λαμδάνειν,
1648 4210 1717 4246 ne
1744 4193 1869 4265 quis

320 4282 551 4338 omnino
589 4280 736 4337 dona
769 4281 1073 4355 acciperet,
1111 4280 1169 4335 id
1198 4279 1385 4354 quod,
1427 4283 1472 4336 si
1500 4279 1729 4353 quidem
1754 4298 1870 4334 non

320 4370 486 4445 plane
514 4371 681 4427 salsus
704 4382 784 4427 est
821 4369 1219 4426 Demosthenes
1236 4411 1253 4443 ,
1277 4369 1351 4424 ad
1382 4374 1633 4425 oratores
1658 4377 1869 4423 tantum

382 4621 739 4684 Theophrastus
778 4623 900 4672 libro
939 4625 1113 4685 quarto
1152 4625 1224 4672 De
1257 4621 1438 4684 legibus
1474 4621 1543 4671 ait
1584 4622 1872 4683 εἰσαγγελίαν

322 4697 505 4748 institui
527 4698 566 4748 si
584 4699 747 4749 rhetor
768 4690 939 4763 aliquis
971 4701 1150 4749 statum
1182 4699 1301 4762 reip.
1334 4699 1615 4762 popularem
1655 4700 1871 4748 evertere

320 4773 513 4826 studeat
542 4789 638 4826 non
679 4776 862 4839 optima
892 4777 1070 4839 populo
1106 4775 1397 4839 persuadens
1432 4775 1563 4839 quod
1592 4776 1794 4839 pecunia
1822 4788 1874 4826 se

320 4853 563 4915 eorrumpi
582 4865 748 4914 passus
766 4853 855 4915 sit,
875 4854 952 4903 vel
973 4853 1015 4902 si
1046 4852 1157 4916 quis
1177 4853 1425 4903 castellum
1456 4854 1534 4903 vel
1568 4852 1765 4903 classem
1798 4853 1873 4903 vel

325 4930 590 4995 pedestrem
607 4930 870 4981 exercitum
887 4930 1178 4994 prodiderit,
1202 4931 1279 4981 vel
1300 4930 1361 4980 ad
1386 4930 1546 4982 hostes
1570 4945 1622 4982 se
1638 4932 1870 4992 mutet-at,

324 5008 611 5071 populonon
626 5007 852 5075 iubente,
870 5007 1871 5060 vetmoeoedoabhoetibmconductusmi-

328 5087 477 5138 titiam
497 5101 609 5137 cum
632 5089 689 5137 iis
712 5087 853 5137 faciat
866 5124 883 5151 ,
901 5089 977 5138 vel
996 5089 1035 5138 si
1054 5090 1162 5152 quis
1182 5087 1309 5138 dona
1324 5089 1375 5137 in
1393 5102 1510 5152 reip.
1533 5088 1765 5138 damnum
1796 5102 1873 5138 re-

320 5164 485 5229 cipiat.
515 5167 764 5216 Consentit
783 5178 895 5216 cum
922 5165 997 5216 his
1019 5165 1153 5230 quod
1184 5166 1233 5215 in
1259 5166 1630 5218 Themistoclem
1657 5168 1873 5229 εἰσαγγε-

1951 2816 2067 2854 non
2086 2797 2256 2854 habet
2270 2795 2449 2852 codex
2466 2797 2834 2851 Ravennates.
2859 2793 2902 2850 K
2913 2788 3118 2870 ράτερος
3134 2810 3244 2866 pro
3260 2791 3509 2869 Κρατῖνος

1952 2883 2341 2961 reponendum
2397 2901 2514 2938 esse
2557 2883 2872 2956 suspicatur
2924 2877 3269 2937 Dindorfius.
3332 2880 3510 2934 Recte

1953 2973 2158 3049 procul
2201 2972 2396 3029 dubio.
2444 2971 2534 3027 Sic
2579 2970 2746 3025 etiam
2802 2967 2956 3043 apud
3009 2968 3513 3043 Harpen-rationem

1952 3081 2008 3120 v.
2038 3059 2340 3140 Ἀρκτεῧσαι
2360 3057 2572 3114 Crateri
2595 3067 2651 3112 et
2670 3056 2878 3113 Cratini
2902 3055 3128 3110 nomina
3153 3054 3512 3110 confundun-

1953 3161 2067 3209 tur.
2099 3179 2177 3192 —
2201 3149 2338 3220 Quis
2363 3145 2535 3202 fuerit
2560 3144 2656 3200 ille
2678 3144 2977 3200 Cannonus
2999 3160 3117 3197 non
3139 3143 3338 3217 liquet.
3373 3139 3511 3197 Pse-

1953 3239 2173 3313 phisma
2194 3254 2370 3310 quum
2392 3233 2466 3290 ad
2484 3228 2807 3308 εἰσαγγελίας
2820 3233 3118 3306 pertineat,
3145 3249 3274 3285 cum
3297 3231 3362 3286 iis
3388 3249 3512 3303 quae

1952 3335 2222 3399 sequente
2263 3322 2578 3397 frag-mento
2621 3320 2886 3394 leguntur
2920 3316 3375 3391 conjungendum
3406 3329 3507 3374 est.

1954 3416 2040 3468 De
2063 3413 2220 3467 reita
2245 3409 2417 3464 habet
2441 3407 2764 3481 Xenophon
2792 3407 2937 3463 Hell.
2957 3409 2984 3461 1
3004 3447 3020 3474 ,
3049 3425 3102 3475 7,
3129 3424 3203 3459 ao
3230 3425 3243 3459 ε
3270 3400 3413 3461 Ἷστε
3440 3403 3512 3474 δὲ,

1955 3488 1999 3553 ὦ
2029 3496 2206 3575 ἄνδρες
2231 3492 2521 3565 Ἀθηναῖοι,
2568 3491 2783 3561 πάντες,
2810 3489 2888 3548 ὅτι
2915 3491 2974 3548 τὸ
3002 3488 3246 3549 Κανώνου
3278 3490 3512 3571 (Καννώ-

1955 3604 2045 3640 νου
2061 3583 2193 3640 cod.
2218 3584 2390 3639 Paris.
2410 3578 2427 3658 )
2448 3578 2695 3658 ψήφισμά
2714 3579 2849 3635 ἐστιν
2870 3576 3228 3655 ἰσχυρότατον,
3247 3574 3276 3633 ὃ
3293 3575 3510 3647 κελεύει,

1958 3669 2046 3728 ἐάν
2096 3692 2172 3735 τις
2213 3666 2300 3726 τὸν
2335 3669 2440 3724 τῶν
2480 3662 2760 3736 Ἀθηναίων
2798 3666 2961 3741 δῆμον
3008 3664 3193 3741 ἀδικῇ,
3243 3662 3510 3739 δεδεμένον

1958 3755 2219 3814 ἀποδικεῖν
2247 3755 2299 3812 ἕν
2326 3756 2400 3832 τῷ
2439 3751 2618 3831 δήμῳ·
2658 3750 2749 3809 καὶ
2795 3750 2884 3808 ἐὰν
2914 3754 3258 3828 καταγνωσθῇ
3294 3752 3506 3824 ἀδικεῖν,

1957 3840 2282 3901 ἀποθανόντα
2297 3841 2348 3907 ἐς
2367 3838 2425 3898 τὸ
2446 3838 2703 3918 βάραθρον
2723 3838 3072 3914 ἐμὸληθῆναι·
3095 3836 3161 3896 τὰ
3179 3837 3233 3896 δὲ
3255 3838 3507 3917 χρήματα

1958 3933 2112 3988 αὐτοῦ
2146 3929 2489 4004 δημευθῆναι,
2533 3924 2626 3984 καὶ
2655 3930 2747 3997 ι-ἲὶς
2775 3930 2891 3984 θεοῦ
2918 3926 2978 3985 τὸ
3010 3925 3311 3985 ἐπιδέκατον
3352 3915 3504 3987 εἶναι.

1961 4020 2271 4093 Hesychius
2320 4017 2708 4091 Aristophanis
2747 4016 2920 4072 verba
2960 4017 3260 4090 respiciens
3303 4032 3317 4073 ε
3359 4017 3505 4073 Καν-

1958 4104 2104 4163 νόνου
2131 4103 2262 4180 (sic)
2290 4102 2556 4183 ψήφισμα.
2589 4100 2870 4178 Εἰσήνεγκε
2909 4101 3011 4181 γὰρ
3053 4092 3196 4167 οὗτος
3229 4099 3508 4182 ψήφισμα,

1956 4189 2093 4251 ὥστε
2116 4189 2510 4268 διειλημμένους
2535 4188 2650 4257 τοὺς
2677 4187 3002 4269 κρινομένους
3029 4187 3343 4267 ἑκατέρωθεν
3380 4189 3512 4245 ἄπο-

1958 4280 2242 4356 λογεῖσθαι.
2275 4282 2406 4335 Haec
2448 4279 2850 4353 simplicissime
2890 4279 3087 4334 Morus
3115 4279 3516 4350 interpretatur

1959 4367 2151 4422 dicens
2200 4377 2426 4421 cautum
2476 4367 2670 4434 fuisse,
2725 4377 2788 4419 ut
2851 4384 2980 4421 reus
3025 4384 3244 4420 causam
3306 4364 3518 4420 diceret

1960 4532 2059 4587 λίας
2084 4532 2320 4581 actionem
2344 4530 2574 4591 instituit,
2594 4532 2794 4579 Cratero
2813 4532 2935 4579 teste
2947 4566 2962 4592 ,
2981 4529 3214 4579 Leobatas
3232 4527 3517 4576 Alcmaeonis

1961 4608 2089 4658 tilius
2107 4622 2167 4657 ex
2191 4608 2397 4672 Agraulo
2423 4607 2583 4658 demo.
2817 4618 2822 4623 ·

2680 4691 2716 4741 5
2748 4700 2799 4740 a.

2023 4776 2279 4824 canaonas
2300 4771 2546 4823 decretum
2577 4770 2854 4833 scripserat,
2889 4771 2946 4818 ut
2981 4768 3225 4830 utrimque
3259 4766 3518 4830 prehensus

1960 4864 2014 4899 se
2026 4851 2248 4913 purgaret
2263 4849 2348 4911 qui
2368 4846 2846 4911 εἰσαγγελίαςὶιιάἰοίο
2861 4847 3117 4896 teneretur.
3130 4847 3356 4894 Craterus
3371 4845 3518 4893 etiam

1962 4927 2096 4975 addit
2112 4927 2308 4988 jnssisse
2327 4939 2440 4976 eum
2458 4927 2516 4976 ut
2544 4925 2781 4975 orationes
2802 4936 2994 4973 reorum
3018 4924 3080 4971 ad
3102 4920 3398 4985 clepsydram
3430 4920 3516 4969 tie·

1963 5006 2087 5053 rent.
2109 5003 2372 5066 xenophon
2394 5002 2600 5065 denique
2616 5001 2732 5052 dicit
2750 5000 3088 5051 condemnatos
3109 5012 3173 5049 ex
3203 4999 3296 5049 boc
3324 4997 3520 5049 decreto

1965 5080 2014 5130 in
2034 5081 2311 5132 barathrum
2328 5080 2466 5142 dejici
2489 5083 2538 5131 et
2555 5079 2682 5130 bona
2707 5091 2877 5129 eorum
2904 5076 3147 5142 [ublicari.

2557 5190 2620 5239 0.
