4016 5916
437 434 545 485 ito

433 555 656 611 turbate
690 574 703 609 ε
751 546 1000 627 γήπεδον,
1026 546 1202 628 ἔφορος
1230 545 1320 604 καὶ
1345 544 1598 625 χωρίον.]
1623 547 1986 621 Cleophontis

434 643 679 699 fabulam
708 635 1104 717 Μανδρόίουλος
1128 638 1450 711 inscriptam
1467 647 1744 694 memorat
1771 636 1988 691 Aristo-

434 731 570 785 teles
595 729 769 802 Soph.
794 726 1027 782 Eleuch.
1074 722 1141 778 15
1159 767 1177 799 ,
1205 721 1238 777 5
1260 742 1323 797 p.
1356 730 1460 795 174
1484 766 1499 793 ,
1525 743 1596 795 27
1625 723 1803 779 Bekk.
1826 720 1987 801 (vide

434 818 656 890 Fragm.
686 826 839 888 poet.
874 823 1016 885 trag.
1056 827 1116 883 p.
1163 826 1270 864 100
1304 809 1397 865 ed.
1428 810 1733 886 Wagner.)
1779 811 1985 866 Nostro

435 907 564 958 loco
593 904 778 958 nescio
809 919 910 957 cur
935 898 1212 956 Prellerus
1230 897 1302 953 ad
1333 899 1549 954 Polem.
1574 918 1636 973 p.
1668 897 1742 974 59
1769 898 1990 954 Aristo-

436 991 530 1045 teli
560 991 891 1046 substituere
912 986 1156 1043 voluerit
1182 985 1484 1041 Aristidem
1509 987 1804 1042 Milesium.
1838 985 1988 1041 Con-

438 1090 521 1134 tra
566 1078 717 1133 idem
753 1096 844 1151 ap.
878 1075 1053 1132 Clem.
1087 1071 1248 1129 Alex.
1296 1073 1504 1130 Strom.
1534 1075 1590 1143 1,
1620 1092 1682 1147 p.
1720 1071 1833 1129 352
1877 1088 1988 1144 pro

442 1165 767 1220 Aristarcho
804 1173 860 1219 et
896 1161 1305 1232 Theopompo,
1341 1160 1718 1234 Pythagoram
1752 1157 1989 1232 Tyrrhe·
2063 1168 2068 1173 '

438 1270 577 1306 num
605 1251 769 1305 fuisse
797 1246 1112 1336 dicentibus
1130 1285 1146 1314 ‚
1176 1248 1375 1320 reponi
1403 1246 1525 1301 vult
1543 1247 1898 1303 Aristotelem
1935 1255 1993 1299 et

432 1338 897 1412 Theophrastum.

1142 1464 1167 1500 1
1222 1441 1277 1497 8.

518 1550 705 1606 5ο1101.
736 1550 1090 1625 Aristophan.
1115 1464 1218 1606 ΑΖ.
1254 1553 1360 1618 471
1413 1565 1427 1599 z
1472 1540 1573 1602 Διὰ
1605 1541 1830 1612 σπουδῆς
1853 1531 1993 1618 εἶχον

439 1633 525 1692 τὸν
568 1631 835 1693 Αἴσωπον.
878 1633 985 1693 Καὶ
1024 1631 1380 1714 Ἀριστοτέλης
1403 1631 1456 1688 ἐν
1486 1634 1550 1707 τῇ
1601 1627 1815 1705 Σαμίων
1844 1629 1993 1685 πολι-

439 1721 552 1798 τεία
595 1719 807 1791 εἰπόντα
856 1721 1009 1800 φησὶν
1038 1721 1192 1779 αὐτὸν
1233 1723 1392 1795 μῦθον
1432 1713 1858 1793 ηὖδοκιμηκέναι.
1903 1718 1988 1773 cf.

1520 414 1894 478 ARISTOTE
1903 413 2013 471 Lis
2054 414 2149 472 Fli
2156 412 2251 472 AG
2264 412 2319 470 M
2330 412 2418 470 Et<
2427 410 2548 470 TA.

2072 542 2222 621 τέρας
2251 545 2354 601 ἐκεῖ
2378 543 2703 622 φονευθῆναι.
2730 542 2798 598 V.
2829 537 3084 596 Panofka
3115 540 3227 594 Roe
3247 535 3399 597 Sam.
3427 557 3489 612 p.
3530 537 3623 596 38.

2072 631 2408 688 Maeandrius
2436 629 2677 687 Milesius
2700 627 2773 685 fr.
2809 626 2865 684 6.

2750 727 2959 808 [ιω]

2156 839 2417 917 [Aristot.
2439 837 2565 894 Pol.
2601 839 2683 906 V,
2714 855 2784 910 9,
2819 840 2849 899 4
2881 852 2896 889 :
2935 829 3040 892 Καὶ
3069 828 3185 897 τοὺς
3207 828 3435 899 πένητας
3461 839 3627 889 ποιεῖν

2073 924 2191 992 τοὺς
2223 921 2569 1005 ἀρχομένους,
2611 917 2977 998 τυραννικόν...
3030 916 3379 997 Παράδειγμα
3421 914 3477 974 δὲ
3520 916 3631 975 τού·

2074 1038 2231 1075 του...
2260 1010 2435 1070 καὶτὰ
2468 1007 2590 1091 περὶ
2612 1007 2796 1084 Σάμον
2830 1004 2956 1086 ἔργα
2984 1002 3405 1085 Πολυκράτεια.]

2795 1109 2923 1168 181.

2157 1213 2392 1270 Photius
2407 1215 2550 1270 Lex.
2580 1228 2639 1269 v.
2675 1204 2895 1283 Σαμίων
2920 1208 2948 1264 ὅ
2972 1206 3141 1282 δῆμος
3157 1206 3228 1270 ὣς
3252 1202 3636 1284 πολυγράμμα-

2075 1321 2223 1366 τος...
2260 1299 2330 1359 Ol
2356 1293 2457 1376 γὰρ
2487 1294 2683 1372 Σάμιοι
2713 1292 3157 1365 καταπονηθέντες
3187 1291 3287 1350 ὑπὸ
3312 1294 3417 1351 τῶν
3448 1292 3636 1371 τυράν-

2078 1408 2206 1459 νων,
2221 1384 2411 1443 σπάνει
2434 1387 2538 1442 τῶν
2559 1381 2971 1459 πολιτευομένων
2991 1380 3293 1460 ἐπέγραψαν
3319 1386 3423 1445 τοῖς
3442 1377 3639 1446 δούλοις

2081 1474 2141 1531 ἐκ
2169 1473 2322 1531 πέντε
2352 1471 2625 1550 στατήρων
2646 1468 2740 1541 τὴν
2764 1468 3141 1541 ἰσοπολιτείαν,
3186 1471 3257 1533 ὣς
3282 1466 3637 1547 Ἀριστοτέλης

2080 1561 2133 1618 ἐν
2153 1564 2218 1639 τῇ
2241 1558 2459 1636 Σαμίων
2482 1558 2741 1638 πολιτεία.
2758 1559 2966 1615 Eadem
2994 1557 3190 1614 Suidas
3203 1575 3247 1615 s.
3265 1574 3345 1627 V„
3369 1557 3630 1630 Apostol.

2080 1651 2249 1704 Prov.
2270 1649 2462 1717 XVII,
2495 1645 2589 1705 25.
2612 1649 2761 1704 Alias
2782 1644 3070 1721 proverbii
3089 1644 3489 1717 explicationes
3506 1643 3636 1699 affe-

2080 1747 2215 1792 runt
2230 1754 2300 1792 ex
2325 1734 2540 1792 Duride
2566 1745 2622 1790 et
2647 1734 2932 1790 Andronis
2952 1731 3224 1806 Tripode.
3278 1730 3361 1789 cf.
3391 1730 3638 1787 Panot'ka

442 1810 768 1866 Heraclides
788 1811 849 1864 in
875 1811 1111 1868 Samior.
1138 1812 1286 1883 Rep.
1321 1825 1410 1875 10,
1435 1806 1534 1860 ubi
1558 1824 1681 1877 quae
1711 1804 1782 1860 de
1802 1807 1995 1877 Asopo
2083 1825 2123 1896 1,
2182 1826 2223 1883 1·
2257 1843 2318 1898 P·
2364 1822 2461 1890 46·
2503 1822 2739 1880 Frstsch,
2779 1823 2864 1876 De
2906 1821 3232 1894 Babyloniis
3274 1818 3635 1892 qusmplnn,

444 1898 703 1971 leguntur
730 1896 927 1952 iisdem
961 1898 1146 1954 verbis
1184 1898 1351 1953 etiam
1389 1912 1482 1967 ap.
1526 1892 1703 1947 schol.
1741 1902 1998 1945 nostrum

444 1984 483 2037 l.
511 1984 548 2037 l.
586 1994 821 2043 exstant.

1160 2106 1286 2161 179.

523 2190 738 2244 Zenob.
767 2191 865 2264 VI,
901 2208 968 2245 ια
1005 2186 1137 2247 ιΤὸ
1166 2185 1312 2266 περὶ
1343 2188 1506 2263 Δρῦν
1542 2181 1776 2249 σκότος
1811 2199 1825 2214 ·
1852 2181 2000 2261 Ἀρι-

440 2271 694 2345 στοτέλης
734 2273 890 2355 φησὶν
946 2276 998 2331 ἐν
1043 2279 1109 2353 τῇ
1157 2272 1377 2350 Σαμίων
1429 2268 1695 2351 πολιτεία,
1739 2267 2002 2351 Πριηνέας

442 2359 668 2428 πολλοὺς
696 2361 796 2419 ὑπὸ
826 2360 1104 2434 Μιλησίων
1152 2355 1487 2439 άναιρεθῆναι
1522 2357 1642 2440 περὶ
1676 2355 1772 2429 τὴν
1811 2358 2000 2415 καλου-

444 2447 611 2524 μένην
640 2453 809 2529 Δρῦν·
837 2447 950 2507 ὅθεν
973 2449 1061 2508 καὶ
1090 2447 1181 2516 τὰς
1205 2446 1485 2528 Πριηνείας
1512 2452 1759 2524 γυναῖκας
1785 2443 2001 2522 ὀμνύναι

446 2534 507 2591 τὸ
530 2534 651 2614 περὶ
679 2540 816 2614 Δρῦν
847 2534 1047 2603 σκότος.
1075 2538 1159 2595 Cf.
1185 2537 1441 2611 Apostol.
1467 2537 1635 2591 Prov.
1666 2535 1830 2591 XVII
1850 2576 1867 2608 ,
1900 2532 1997 2589 25.

526 2624 810 2679 Plutarch.
837 2626 948 2696 Qu.
977 2625 1075 2682 Gr.
1099 2644 1147 2680 c.
1179 2642 1276 2699 20,
1299 2643 1358 2698 p.
1382 2619 1516 2697 295,
1538 2623 1583 2678 F
1605 2640 1620 2677 ι
1640 2618 1774 2686 «Τίς
1797 2621 1824 2675 ὁ
1849 2617 1999 2697 λεγό·

448 2731 601 2784 μενος
640 2711 695 2766 ἕν
733 2708 940 2789 Πριήνῃ
987 2708 1131 2789 παρὰ
1157 2705 1292 2788 Δρυῒ
1336 2706 1543 2779 σκότος;
1597 2733 1622 2759 ι
1673 2704 1870 2783 Σάμιοι
1912 2705 2003 2764 καὶ

452 2799 697 2875 Πριηνεῖς
723 2797 1067 2871 πολεμοῦντες
1091 2797 1367 2867 ἀλλήλοις,
1396 2792 1463 2852 τὰ
1489 2793 1583 2870 μὲν
1615 2792 1751 2851 ἄλλα
1784 2793 2002 2873 μετρίως

448 2882 769 2941 ἐὸλάπτοντο
793 2882 882 2940 καὶ
909 2881 1200 2956 ἔὸλαπτον,
1244 2882 1422 2963 μάχης
1451 2880 1505 2939 δὲ
1534 2881 1766 2960 μεγάλης
1793 2880 2005 2960 γενομέ-

448 2994 559 3042 νης,
578 2969 777 3049 χιλίους
798 2969 1016 3047 Σαμίων
1037 2972 1083 3029 οἳ
1100 2971 1342 3049 Πριηνεῖς
1359 2969 1688 3027 ἀπέκτειναν·
1719 2967 1925 3050 ξὸδόμῳ
1949 2968 2003 3028 δὲ

450 3057 661 3136 ὕστερον
682 3054 784 3114 ἔτει
803 3056 1078 3128 Μιλησίοις
1097 3056 1449 3132 συμὸαλόντες
1470 3054 1613 3136 παρὰ
1636 3055 1730 3127 τὴν
1753 3055 2010 3132 καλουμέ-

446 3166 541 3215 νην
565 3146 725 3221 Δρῦν,
751 3142 868 3208 τοὺς
893 3143 1129 3222 ἀρίστους
1145 3148 1273 3221 ὁμοῦ
1292 3167 1343 3201 τι
1373 3143 1461 3203 καὶ
1489 3142 1722 3224 πρώτους
1741 3142 2003 3202 ἀπέὸαλον

444 3234 551 3288 τῶν
580 3233 806 3288 πολιτῶν
822 3253 836 3266 ·
867 3229 950 3289 ὅτε
980 3231 1070 3289 καὶ
1096 3231 1222 3298 Βίας
1242 3235 1269 3290 ὁ
1289 3231 1439 3313 σορὸς
1468 3234 1539 3299 εἷς
1559 3233 1742 3310 Σάμον
1764 3234 1822 3291 ἐκ
1845 3231 2007 3312 Πριή-

449 3342 539 3388 νης
565 3316 888 3394 πρεσὸεύσας
916 3319 1243 3395 εὐδοκίμησε.
1272 3322 1409 3386 Ταῖς
1439 3318 1492 3377 δὲ
1523 3319 1795 3400 Πριηνέων
1828 3343 2005 3396 γυναι-

450 3404 525 3473 ξὶν
558 3409 685 3480 ὁμοῦ
709 3412 799 3464 τοῦ
825 3406 1016 3472 πάθους
1043 3405 1223 3465 τούτου
1251 3408 1339 3464 καὶ
1366 3411 1457 3477 τῆς
1486 3416 1756 3487 συμφορᾶς
1783 3409 2003 3478 ἐλεεινῆς

451 3492 754 3569 γενομένης,
782 3493 883 3573 ἆρὰ
902 3493 1126 3566 κατέστη
1155 3495 1244 3552 καὶ
1270 3494 1417 3574 ὅρκος
1441 3495 1563 3574 περὶ
1586 3498 1688 3552 τῶν
1715 3494 1998 3573 μεγίστων,

450 3581 520 3639 Ὁ
550 3578 693 3658 παρὰ
716 3585 781 3660 τῇ
807 3575 940 3660 Δρυῒ
959 3581 1155 3653 σκότος,
1185 3581 1269 3640 διὰ
1291 3581 1350 3640 τὸ
1379 3582 1570 3649 παῖδας
1592 3584 1763 3640 αὗτῶν
1788 3582 1879 3640 καὶ
1904 3605 2004 3640 πα-

519 3831 791 3881 Aristoteles
812 3833 859 3881 in
892 3834 1162 3885 Samiorum
1188 3850 1287 3900 rep.
1316 3841 1545 3900 AEsopum
1577 3836 1765 3887 fabulas
1799 3849 1999 3887 narran-

449 3912 550 3959 tem
574 3910 850 3961 inclaruisse
872 3911 1006 3963 dicit.

1166 3997 1286 4048 179.

516 4073 788 4124 Aristoteles
803 4073 853 4123 in
868 4076 1134 4126 Samiorum
1157 4091 1255 4139 rep.
1293 4077 1409 4127 dicit
1430 4090 1658 4142 magnum
1675 4077 2003 4129 Prienensium

448 4161 705 4198 numerum
721 4149 782 4199 ab
801 4152 993 4201 Milesiis
1013 4153 1224 4203 occisum
1237 4166 1338 4204 esse
1352 4167 1498 4218 prope
1507 4154 1667 4205 locum
1679 4168 1824 4219 quem
1843 4158 2001 4213 Quer-

452 4235 565 4274 cum
590 4229 766 4276 vocant
801 4230 948 4290 atquc
971 4228 1085 4278 hinc
1112 4230 1387 4282 Prienenses
1409 4231 1635 4283 mulieres
1668 4245 1754 4297 per
1783 4233 2005 4283 tenebras

448 4301 581 4365 apud
606 4307 849 4362 Quercum
873 4305 1050 4366 jurare.

519 4380 652 4437 Quid
663 4381 760 4429 sibi
778 4383 953 4430 volunt
971 4383 1193 4433 tenebra:
1207 4383 1353 4447 apud
1372 4388 1643 4449 Quercum,
1656 4399 1776 4451 quoe
1795 4389 2002 4438 Prienae

451 4461 738 4507 memorant
742 4471 807 4508 ur
817 4465 846 4508 ι’
857 4459 1002 4509 Samii
1017 4462 1067 4509 et
1081 4460 1372 4522 Prienenses,
1388 4461 1515 4513 bello
1526 4464 1796 4525 commisso,
1810 4464 1969 4514 medio
1979 4492 2003 4503 ·

450 4532 613 4582 eribus
630 4533 834 4584 invicem
857 4535 1042 4585 daunais
1059 4549 1112 4587 se
1132 4539 1394 4588 affecerunt
1424 4553 1630 4602 :magno
1652 4542 1815 4590 autem
1837 4543 2004 4604 proelio

451 4613 706 4661 commisso
721 4613 992 4666 Prienenses
1001 4616 1130 4666 mille
1141 4620 1326 4669 Samios
1334 4619 1697 4669 trucidaverunt
1707 4611 2007 4685 septimoque

452 4691 561 4751 post
577 4700 824 4738 annocum
841 4691 1193 4757 Milesiispugna
1204 4696 1438 4759 congressi
1452 4696 1512 4747 ad
1522 4699 1683 4748 locum
1692 4701 1778 4763 qui
1789 4703 2006 4758 Quercus

449 4764 644 4822 dicitur,
658 4765 866 4827 optimos
879 4770 1156 4833 primosque
1169 4772 1349 4822 civium
1363 4773 1624 4824 amiserunt
1646 4794 1659 4825 ε
1678 4789 1776 4838 quo
1790 4777 2006 4841 tempore

451 4841 561 4893 Bias
579 4841 746 4891 miene
772 4842 819 4891 in
843 4847 1038 4895 Samum
1057 4848 1228 4898 missus
1240 4849 1424 4913 legatus
1446 4851 1637 4901 claruit.
1655 4857 1819 4912 Quum
1841 4857 2005 4905 autem

454 4919 731 4970 Prienenses
770 4922 994 4974 mulieres
1007 4926 1253 4977 calamitas
1306 4930 1412 4980 hoec
1455 4932 1664 4992 graviter
1698 4932 2000 4996 perculisset,

448 4996 716 5046 exsecratio
740 5000 788 5048 et
818 4998 1153 5062 jusjurandum
1183 5005 1406 5057 maximis
1429 5007 1504 5058 de·
1523 5009 1666 5058 rebus
1692 5009 2005 5060 constitutum

419 5079 431 5092 ·
451 5075 522 5122 est
540 5086 636 5136 per
660 5075 893 5127 tenebras
916 5078 1059 5141 apud
1081 5085 1331 5138 Quercum
1351 5101 1368 5133 .-
1392 5084 1523 5148 quod
1553 5085 1620 5136 ihi
1641 5085 1804 5148 liberi,
1834 5101 2005 5151 paren-

451 5152 528 5199 tes
553 5149 741 5214 virique
758 5165 924 5204 earum
944 5157 1151 5207 mortem
1169 5159 1491 5222 oppetiisseut.

2083 1931 2144 1987 p.
2179 1910 2248 1967 18
2277 1930 2401 1985 sqq.

2771 1992 2955 2074 [182]

2172 2096 2425 2165 [Aristot.
2468 2095 2593 2151 Pol.
2622 2096 2705 2162 V,
2745 2112 2802 2163 1,
2844 2111 2907 2169 ¹¹.
2959 2111 2974 2146 ι
3010 2088 3299 2163 Ζαγκλαῖοι
3328 2085 3381 2145 δὲ
3408 2088 3638 2163 Σαμίους

2088 2178 2453 2255 ὑποδεξάμενοι
2482 2176 2718 2247 ἐξέπεσον
2746 2176 2834 2236 καὶ
2865 2172 3084 2257 αὖτοί.]
3106 2180 3175 2235 V.
3202 2176 3481 2233 Herodot.
3521 2180 3596 2233 Vl
3617 2219 3634 2247 ,

2091 2270 2187 2337 23,
2215 2269 2350 2342 ihiq.
2372 2270 2610 2341 interpr.
3155 2284 3164 2289 ·

2804 2352 2935 2409 183.

2167 2452 2449 2509 Plutarch.
2474 2452 2714 2507 Pericles
2728 2470 2778 2509 c.
2806 2450 2902 2506 26.
2926 2450 3167 2507 Pericles
3186 2468 3255 2505 ex
3278 2449 3445 2504 classe
3468 2450 3644 2505 Athe-

2089 2541 2391 2615 niensium,
2422 2558 2546 2612 quae
2570 2540 2797 2595 Samum
2818 2537 3143 2608 obsidebat,
3171 2537 3457 2611 sexaginta
3483 2554 3647 2593 naves

2090 2628 2407 2700 assumpsit,
2441 2644 2571 2680 cum
2598 2626 2776 2698 iisqme
2795 2626 2981 2682 Asiam
3009 2643 3200 2681 versus
3238 2621 3556 2694 contendit,
3581 2634 3646 2677 ut

2089 2715 2472 2783 Phoenicibus,
2499 2713 2596 2786 qui
2617 2713 2812 2769 Samiis
2838 2712 3111 2766 auxilium
3136 2711 3300 2766 laturi
3331 2721 3517 2780 erant,
3546 2727 3640 2764 oc·

2091 2812 2361 2857 curreret.
2383 2796 2716 2862 Πλεύσαντος
2730 2796 2776 2853 δ’
2799 2797 2979 2868 αὐτοῦ,
2994 2793 3256 2860 Μέλισσος
3278 2798 3305 2851 δ
3329 2792 3639 2872 Ἰθαγένους,

2094 2884 2224 2968 ἀνὴρ
2254 2885 2554 2968 φιλόσοφος,
2576 2885 2882 2965 στρατηγῶν
2903 2882 3016 2942 τότε
3038 2887 3128 2955 τῆς
3156 2880 3364 2957 Σάμου,
3385 2903 3644 2962 καταφρο-

2091 2973 2252 3046 νήσας
2265 2979 2354 3045 τῆς
2368 2971 2663 3050 ὀλιγότητος
2679 2974 2782 3031 τῶν
2801 2974 2928 3030 νεῶν
2945 2971 2981 3045 ἢ
2998 2975 3088 3043 τῆς
3108 2969 3338 3047 ἀπειρίας
3355 2971 3458 3026 τῶν
3479 2992 3644 3048 στρα-

2091 3065 2285 3141 τηγῶν,
2300 3060 2473 3119 ἔπεισε
2484 3057 2600 3127 τοὺς
2609 3057 2828 3127 πολίτας
2838 3059 3101 3119 ἐπιθέσθαι
3111 3058 3211 3123 τοῖς
3222 3055 3518 3128 Ἀθηναίοις.
3531 3056 3642 3116 Καὶ

2092 3145 2369 3226 γενομένης
2390 3147 2567 3226 μάχης
2590 3145 2894 3219 νικήσαντες
2916 3151 2964 3207 οἱ
2991 3146 3180 3222 Σάμιοι
3205 3144 3295 3203 καὶ
3315 3143 3534 3211 πολλοὶς
3548 3143 3641 3220 μὲν

2096 3236 2264 3292 αὐτῶν
2310 3234 2498 3314 ἄνδρας
2540 3231 2757 3305 ἑλόντες,
2799 3232 2995 3300 πολλὰς
3012 3230 3065 3292 δὲ
3082 3237 3206 3300 ναῦς
3239 3230 3643 3309 διαφθείραντες,

2094 3323 2322 3400 ἐχρῶντο
2366 3325 2431 3398 τῇ
2476 3319 2713 3399 θαλάσσῃ
2743 3319 2832 3379 καὶ
2880 3319 3212 3401 παρετίθεντο
3229 3321 3331 3377 τῶν
3354 3317 3646 3397 ἀναγκαίων

2093 3406 2220 3488 πρὸς
2238 3406 2323 3466 τὸν
2340 3406 2567 3483 πόλεμον
2583 3405 2681 3465 ὅσα
2697 3407 2773 3485 μὴ
2789 3407 3035 3489 πρότερον
3060 3398 3201 3487 εἶχον
3223 3410 3339 3485 (01.
3370 3408 3440 3475 84
3459 3450 3474 3477 ,
3505 3417 3557 3474 4.
3590 3427 3639 3464 a.

2094 3496 2160 3554 C.
2191 3495 2364 3573 441).
2410 3492 2546 3555 Ὑπὸ
2582 3493 2638 3553 δὲ
2674 3500 2762 3553 τοῦ
2789 3494 3054 3555 Μελίσσου
3081 3495 3173 3554 καὶ
3199 3493 3462 3575 Περικλέα
3494 3495 3647 3574 φησὶν

2096 3582 2251 3642 αὐτὸν
2284 3579 2641 3661 Ἀριστοτέλης
2664 3587 2951 3655 ἡττηθῆναι
2973 3589 3346 3662 ναυμαχοῦντα
3369 3581 3641 3662 πρότερον.

2809 3752 2929 3803 180.

2157 3843 2352 3908 [Etiam
2371 3846 2720 3908 civesspoliare
2752 3751 2889 3894 bimis
2913 3747 3214 3905 tlyrannicum
3249 3843 3338 3890 est.
3383 3840 3539 3902 liuius
3572 3842 3639 3888 rei

2095 3922 2428 3985 exemplum...
2454 3935 2600 3986 opera
2624 3921 2812 3985 publica
2838 3920 2966 3970 sami
2984 3932 3013 3968 a
3033 3919 3277 3981 Polycrate
3301 3918 3478 3981 sacta]

2805 4010 2924 4062 181.

2155 4102 2422 4154 Samiorum
2443 4102 2647 4167 populus
2664 4101 3037 4151 multititemtus.
3058 4099 3206 4149 Samii
3229 4099 3358 4149 enim
3375 4112 3405 4147 a
3432 4099 3648 4161 tyrannis

2092 4179 2154 4229 ad
2174 4181 2343 4232 incitas
2359 4181 2563 4243 redacti,
2582 4180 2644 4232 ob
2666 4180 2847 4230 civium
2876 4177 3124 4243 penuriam
3142 4190 3389 4228 servorum
3416 4176 3651 4226 frontibus

2088 4257 2168 4320 Jus
2184 4258 2391 4309 civitatis
2408 4259 2621 4322 quinque
2638 4257 2892 4309 stateribus
2909 4256 3080 4308 venale
3093 4256 3466 4319 inscripserunt,
3487 4257 3542 4303 ut
3568 4261 3648 4304 Ar.

2093 4334 2142 4383 in
2169 4336 2442 4386 samiorum
2460 4349 2561 4399 rep.
2587 4335 2748 4386 tradit.

2153 4511 2354 4569 zanclaei
2368 4555 2384 4579 ,
2399 4530 2551 4581 quum
2566 4517 2753 4569 Samios
2787 4425 3120 4568 ξιιιὸἓίἒίιεῐεω
3152 4528 3288 4566 suam
3332 4515 3617 4579 recepissent
3633 4549 3648 4570 .

2093 4593 2181 4656 ipsi
2199 4593 2262 4644 ab
2278 4594 2350 4645 eis
2363 4594 2550 4658 expulsi
2565 4597 2697 4646 sunt.

2811 4685 2930 4739 183.

2154 4777 2337 4827 Avecto
2369 4776 2552 4828 Pericle
2583 4776 2804 4828 Melissus
2835 4776 3075 4838 Ithageuis
3109 4773 3237 4824 tilius
3252 4811 3267 4836 ‚
3310 4772 3619 4837 philosophus
3634 4810 3649 4835 ,

2093 4855 2212 4905 tunc
2238 4855 2508 4906 Samiorum
2529 4857 2730 4920 pretor,
2764 4855 2869 4906 sive
2901 4855 2967 4904 ob
2988 4853 3185 4904 navium
3206 4853 3525 4916 paucitatem,
3551 4853 3651 4903 sive

2094 4932 2157 4981 ob
2176 4931 2354 4982 ducum
2372 4932 2664 4996 imperitiam
2686 4933 2980 4996 contemptis
3012 4931 3258 4994 hostibus,
3287 4930 3389 4981 suis
3427 4931 3656 4994 persuasit

2094 5013 2150 5059 ut
2179 5012 2488 5063 Athenienses
2506 5012 2808 5062 adorirentur
2830 5031 2843 5062 1
2869 5012 3095 5073 factoque
3113 5009 3310 5073 proelio,
3333 5011 3476 5060 Samii
3499 5010 3650 5059 victo-

2097 5088 2166 5138 ria
2184 5091 2321 5152 politi
2350 5092 2462 5140 sunt
2475 5129 2490 5154 ,
2510 5091 2675 5140 multis
2694 5090 2905 5140 hostium
2925 5091 3104 5153 captis,
3131 5089 3298 5139 multis
3322 5089 3526 5139 navibus
3544 5102 3652 5151 per-

2096 5165 2207 5214 ditis
2219 5204 2232 5228 ,
2247 5169 2294 5216 et
2309 5166 2480 5218 ‹lcinde
2492 5181 2624 5218 mare
2638 5167 2858 5217 tenentes
2868 5203 2883 5230 ,
2901 5166 2961 5216 ad
2978 5166 3158 5216 bellum
3173 5167 3435 5215 necessaria
3449 5203 3464 5228 ,
3481 5164 3655 5228 quibus
