4016 5916
1632 429 2132 491 FRAGMENTA.

3368 453 3470 504 501

285 560 423 628 αἴος,
446 559 537 617 καὶ
556 558 684 637 πρὸς
713 559 883 626 αὐτοῖς
923 560 951 616 ὃ
993 557 1271 634 Αἰγύπτιος
1311 558 1643 639 Ἱερώνυμος,
1687 563 1735 619 οἱ
1772 559 1838 618 τὰ
1928 566 2079 639 σθαι,
2107 560 2195 619 καὶ
2221 570 2442 639 γυναῖκα
2474 564 2563 621 καὶ
2600 564 2754 624 τέκνα
2786 564 2877 624 καὶ
2902 567 3017 634 τοῦς
3046 571 3358 646 ἀναγκαίους
3396 575 3477 654 φί-

285 645 568 708 Φοινικικὰ
609 644 1000 724 συνταξάμενοι,
1053 649 1385 725 συμφωνοῦσι
1432 653 1537 712 τοῖς
1576 646 1663 703 ὑπ’
1708 648 1837 722 ἐμοῦ

284 731 605 811 λεγομένοις.

365 826 499 880 Haec
538 825 777 879 Berosus
802 823 1087 878 monuerit
1110 820 1181 877 de
1213 822 1437 897 regibus
1464 823 1703 895 loquens
1731 841 1838 896 per

279 912 473 985 plures
502 928 673 966 ueros
699 910 1080 985 regnantibus.
1106 910 1284 965 Aliter
1303 912 1493 966 statuit
1517 910 1583 966 fr.
1609 909 1705 981 23,
1736 911 1835 966 ubi

281 997 356 1053 de
373 998 459 1054 sui
482 998 582 1053 aevi
604 997 900 1053 hominum
926 1006 1083 1052 aetate
1107 996 1270 1052 dixit.

1025 1137 1079 1187 7.

279 1275 286 1280 ·
359 1250 600 1322 Syncell.
628 1269 687 1323 p.
732 1248 830 1324 30,
861 1253 908 1306 A
933 1249 1037 1326 (cs.
1076 1248 1145 1309 sr.
1171 1249 1233 1324 l.)
1270 1269 1283 1304 z
1315 1245 1471 1324 Λέγει
1498 1245 1598 1328 γὰρ
1626 1251 1654 1306 ὁ
1683 1248 1833 1315 αὐτὸς

278 1333 608 1413 Ἀλέξανδρος
647 1337 719 1401 ὡς
746 1335 849 1393 ἀπὸ
883 1340 975 1407 τῆς
998 1338 1201 1416 γραφῆς
1235 1338 1336 1393 τῶν
1367 1333 1649 1395 Χαλδαίων
1690 1327 1833 1404 αὗθις

277 1419 619 1500 παρακατιὼν
643 1421 748 1480 ἀπὸ
771 1427 861 1481 τοῦ
898 1420 1078 1481 ἐνάτου
1110 1420 1366 1500 βασιλέως
1389 1421 1638 1503 Ἀρδάτου
1664 1425 1826 1500 (deb.

278 1507 583 1588 Ὀτιάρτου)
611 1507 694 1566 ἐπὶ
716 1508 802 1568 τὸν
826 1507 1041 1568 δέκατον
1076 1509 1352 1586 λεγόμενον
1376 1513 1501 1590 παρ’
1529 1511 1700 1578 αὐτοῖς
1728 1511 1829 1570 Ξί·

276 1601 489 1676 σουθρον
527 1595 709 1664 οὕτως·
740 1622 765 1650 α
791 1596 1036 1675 Ἄρδάτου
1064 1595 1120 1655 δὲ
1163 1597 1563 1668 τελευτήσαντος
1599 1598 1687 1658 τὸν
1719 1599 1828 1658 υἱὸν

284 1687 439 1742 αὐτοῦ
461 1683 749 1764 Ξίσουθρον
777 1687 1084 1764 βασιλεῦσαι
1106 1684 1291 1765 σάρους
1319 1686 1677 1746 ὀκτωκαίδεκα
1698 1705 1715 1722 ·
1740 1688 1828 1748 ἐπὶ

273 1771 457 1830 τούτου
484 1769 650 1848 μέγαν
675 1771 1045 1850 κατακλυσμὸν
1067 1772 1327 1849 γενέσθαι·
1359 1774 1744 1855 ἀναγεγράφθαι
1773 1775 1826 1835 δὲ

274 1857 362 1917 τὸν
387 1857 539 1937 λόγον
568 1857 753 1926 οὕτως·
790 1858 853 1939 (2)
889 1859 975 1920 τὸν
1007 1862 1206 1939 Κρόνον
1223 1862 1363 1942 αὐτῷ
1391 1861 1526 1922 κατὰ
1554 1861 1641 1921 τὸν
1669 1862 1827 1922 ὕπνον

274 1945 562 2005 ὃπιστάντα
591 1946 750 2028 φάναι
803 1948 962 2026 μηνὸς
992 1948 1209 2009 Δαισίου
1252 1949 1467 2028 πέμπτῃ
1498 1949 1588 2008 καὶ
1634 1951 1824 2031 δεκάτῃ

274 2031 390 2099 τοὺς
408 2032 707 2113 ἀνθρώπους
726 2034 825 2093 ὑπὸ
849 2037 1221 2113 κατακλυσμοῦ
1238 2036 1697 2118 διαφθαρήσεσθαι.
1720 2042 1794 2100 Κε
1808 2075 1819 2085 ·

273 2120 456 2180 λεῦσαι
496 2110 582 2179 οὖν
625 2119 709 2179 διὰ
736 2121 1063 2202 γραμμάτων
1111 2123 1319 2183 πάντων
1355 2122 1520 2203 ἀρχὰς
1559 2124 1649 2183 καὶ
1691 2127 1825 2202 μέσα

271 2208 364 2266 καὶ
392 2207 631 2275 τελευτὰς
654 2208 903 2288 ὀρύξαντα
929 2211 1089 2269 θεῖναι
1112 2214 1164 2270 ἐν
1205 2213 1350 2271 πόλει
1368 2212 1516 2282 ἡλίου
1543 2213 1826 2293 Σισπάροις

274 2294 603 2374 (Σιππάροις
650 2298 954 2372 Scaliger),
984 2297 1074 2355 καὶ
1105 2297 1578 2376 ναυπηγησάμενον
1631 2301 1826 2381 σκάφος

272 2381 412 2460 ἔμόἧ
423 2405 501 2440 ναι
552 2381 685 2458 μετὰ
714 2387 814 2440 τῶν
843 2387 1105 2462 συγγενῶν
1148 2385 1238 2443 καὶ
1291 2386 1589 2464 ἀναγκαίων
1635 2387 1824 2468 φίλων·

278 2469 509 2527 ἐνθέσθαι
537 2469 591 2527 δὲ
610 2468 865 2550 βρώματα
886 2471 977 2530 καὶ
1002 2471 1235 2549 πόματα,
1251 2473 1500 2550 ἑμὸαλεῖν
1527 2474 1580 2532 δὲ
1605 2477 1695 2533 καὶ
1714 2480 1821 2545 ζῶα

274 2554 449 2629 πτηνὰ
468 2557 558 2616 καὶ
574 2557 883 2638 τετράποδα,
904 2559 993 2618 καὶ
1011 2559 1184 2618 πάντα
1206 2561 1637 2641 εὖτρεπισάμενον
1657 2566 1821 2624 πλεῖν·

272 2645 601 2726 ἔρωτώμενον
641 2645 693 2704 δὲ
721 2652 823 2705 ποῦ
853 2649 1000 2721 πλεῒ;
1028 2648 1213 2729 φάναι,
1240 2649 1367 2730 πρὸς
1394 2650 1510 2717 τοὺς
1538 2650 1706 2730 θεοὺς,
1736 2656 1825 2712 εὖ·

276 2729 492 2808 ξάμενον
520 2730 818 2810 (εὖξόμενον
853 2734 1032 2813 Scal.)
1060 2735 1341 2815 ἀνθρώποις
1368 2735 1537 2814 ἀγαθὰ
1564 2738 1821 2817 γενέσθαι.

275 2819 339 2900 (s)
382 2819 486 2880 Τὸν
538 2820 581 2878 δ’
626 2823 683 2880 οὗ
718 2821 1123 2903 παρακούσαντα
1161 2828 1496 2903 ναυπηγῆσαι
1536 2827 1733 2907 σκάφος
1767 2829 1826 2888 τὸ

1925 649 2044 714 λους
2070 647 2377 724 ἐμὸιὸάσαι.
2716 715 2729 722 ,

2002 754 2049 795 4.
2085 735 2372 813 Γενομένου
2406 735 2460 796 δὲ
2497 743 2587 797 τοῦ
2620 741 2995 816 κατακλυσμοῦ
3041 743 3130 801 καὶ
3154 745 3337 812 εὐθέως
3382 749 3479 818 λή-

1924 821 2130 895 ξαντος,
2154 826 2255 882 τῶν
2283 824 2471 902 ὀρνέων
2492 824 2607 883 τινὰ
2629 826 2717 884 τὸν
2742 826 3026 908 Ξίσουθρον
3052 830 3278 911 ἀφιέναι.
3310 833 3397 893 Τὰ
3422 835 3477 894 δὲ

1924 913 1979 969 οὗ
2002 909 2193 992 τροφὴν
2224 911 2435 991 εὖρόντα
2464 915 2581 971 οὔτε
2609 913 2764 972 τόπον
2793 912 2922 973 ὅπου
2950 916 3179 990 καθίσαι,
3206 919 3364 980 πάλιν
3392 923 3477 982 ἕλ-

1923 1001 2029 1056 θεῒν
2054 1001 2125 1064 εἰς
2150 997 2209 1056 τὸ
2229 1002 2428 1060 πλοῖον.
2463 1000 2569 1060 Τὸν
2595 999 2650 1059 δὲ
2675 1001 2960 1082 Ξίσουθρον
2980 1005 3137 1064 πάλιν
3172 1005 3308 1082 μετά
3341 1030 3485 1074 τινας

1922 1083 2122 1166 ἡμέρας
2165 1085 2369 1166 ἀφιέναι
2409 1086 2476 1146 τὰ
2520 1087 2699 1168 ὄρνεα·
2748 1095 2913 1149 ταῦτα
2960 1091 3014 1150 δὲ
3063 1091 3222 1151 πάλιν
3272 1096 3340 1158 εἰς
3385 1095 3479 1168 τὴν

1921 1176 2045 1229 ναῦν
2073 1173 2235 1231 ἐλθεῖν
2279 1172 2396 1239 τοὺς
2423 1173 2586 1241 πόδας
2622 1176 3028 1253 πεπηλωμένους
3064 1177 3275 1259 ἔχοντα.
3308 1180 3387 1241 Τὸ
3423 1183 3477 1242 δὲ

1920 1256 2089 1339 τρίτον
2133 1258 2380 1341 ἀφεθέντα
2410 1262 2503 1319 οὐκ
2542 1260 2620 1320 ἔτι
2661 1265 2824 1322 ἐλθεῖν
2866 1267 2937 1333 εἷς
2963 1266 3023 1324 τὸ
3058 1268 3261 1328 πλοῖον.
3283 1269 3390 1329 Τὸν
3422 1270 3477 1330 δὲ

1922 1347 2204 1427 Ξίσουθρον
2229 1350 2526 1420 ἔννοηθῆναι
2550 1353 2647 1428 γῆν
2686 1352 3072 1432 ἀναπεφηνέναι
3089 1400 3104 1427 ,
3133 1355 3398 1416 διελθόντα
3421 1382 3477 1417 τε

1919 1436 2022 1491 τῶν
2049 1439 2143 1492 τοῦ
2166 1433 2353 1493 πλοίου
2378 1438 2554 1516 ῥαφῶν
2584 1436 2736 1518 μέρος
2752 1462 2801 1497 τι
2821 1438 2912 1497 καὶ
2933 1440 3106 1501 ἰδόντα
3135 1447 3477 1523 προσοκεῖλαν

1919 1519 1978 1578 τὸ
2000 1521 2181 1580 πλοῖον
2211 1520 2319 1600 ὄρει
2342 1523 2441 1580 τινὶ
2462 1521 2680 1596 ἑκὸἧναι
2703 1525 2835 1602 μετὰ
2864 1531 2957 1599 τ’ῆς
2985 1530 3220 1605 γυναικὸς
3261 1533 3350 1592 καὶ
3380 1538 3470 1604 τῆς

1919 1608 2165 1691 θυγατρὸς
2188 1615 2278 1668 καὶ
2304 1616 2395 1670 τοῦ
2433 1610 2750 1693 κυὸερνήτου
2775 1615 3213 1694 προσκυνήσαντα
3248 1618 3342 1692 τὴν
3378 1625 3474 1699 γῆν

1917 1697 2006 1754 καὶ
2040 1696 2215 1776 βωμὸν
2243 1697 2583 1778 ἱδρυσάμενον
2608 1701 2696 1760 καὶ
2716 1702 3033 1762 θυσιάσαντα
3056 1708 3162 1772 τοῖς
3186 1712 3315 1774 θεοῖς
3342 1709 3477 1785 γενέ·

1919 1787 2040 1843 σθαι
2082 1783 2216 1861 μετὰ
2248 1788 2350 1845 τῶν
2380 1785 2644 1847 ἕκὸάντων
2668 1794 2757 1848 τοῦ
2794 1791 2977 1850 πλοίου
3022 1794 3195 1872 ἀφανῆ
3249 1798 3314 1872 (ο)
3342 1794 3478 1864 Τοὺς

1917 1869 1972 1929 δὲ
1999 1872 2375 1947 ὑπομείναντας
2396 1876 2447 1932 ἓν
2471 1878 2548 1954 τῷ
2581 1871 2776 1956 πλοίῳ,
2805 1875 2879 1954 μὴ
2911 1879 3347 1959 εἰσπορευομένων
3375 1886 3476 1942 τῶν

1917 1957 2037 2036 περὶ
2077 1957 2163 2018 τὸν
2192 1957 2479 2041 Ξίσουθρον
2517 1963 2710 2038 (aliter
2738 1965 3268 2042 Euseb.),tx602vu<
3306 1972 3476 2041 ζητεῖν

1918 2046 2072 2104 αὐτὸν
2090 2044 2177 2105 ἐπὶ
2191 2046 2437 2126 ὀνόματος
2454 2052 2699 2128 βοῶντας·
2722 2050 2807 2108 τὸν
2826 2050 2878 2110 δὲ
2899 2051 3186 2134 Ξίσουθρον
3207 2055 3359 2115 αὐτὸν
3380 2056 3473 2132 μὲν

1917 2135 2089 2200 αὐτοῖς
2106 2135 2201 2192 οὒκ
2229 2133 2307 2193 ἔτι
2325 2137 2570 2215 ὀφθῆναι,
2595 2131 2766 2218 φωνὴν
2787 2138 2840 2197 δὲ
2872 2143 2929 2197 ἐκ
2947 2146 3040 2200 τοῦ
3069 2141 3219 2223 ἀέρος
3234 2143 3473 2221 γενέσθαι

1916 2219 2225 2280 κελεύουσαν
2242 2225 2311 2289 ὥς
2326 2222 2437 2282 δέον
2468 2224 2649 2292 αὐτοὺς
2676 2216 2807 2284 εἶναι
2827 2227 3095 2295 θεοσεὸεῖς·
3113 2229 3320 2310 καὶγὰρ
3342 2232 3476 2310 (vgo

1914 2311 2065 2389 παρ’)
2081 2310 2233 2369 αὖτὸν
2254 2310 2340 2368 διὰ
2359 2310 2454 2382 τὴν
2471 2311 2737 2371 εὖσέὸειαν
2756 2315 3062 2394 πορεύεσθαι
3078 2316 3212 2393 μετὰ
3225 2321 3327 2376 τῶν
3349 2323 3475 2378 θεῶν

1916 2396 2216 2468 οἰκήσοντα.
2241 2401 2355 2470 Τῆς
2377 2397 2431 2458 δὲ
2470 2401 2631 2472 αὐτῆς
2650 2405 2804 2476 τιμῆς
2830 2403 2920 2461 καὶ
2950 2405 3043 2475 τὴν
3074 2413 3295 2482 γυναῖκα
3319 2409 3474 2466 αὐτοῦ

1916 2484 2007 2542 καὶ
2032 2483 2125 2554 τὴν
2175 2485 2430 2565 θυγατέρα
2460 2485 2551 2544 καὶ
2595 2485 2684 2544 τὸν
2713 2488 3033 2569 κυὸερνήτην
3064 2489 3465 2572 μετεσχηκέναι.

1920 2570 1984 2650 (s)
2018 2562 2153 2631 Εἷπέ
2182 2595 2239 2631 τε
2269 2575 2441 2640 αὐτοῖς
2463 2572 2541 2633 ὅτι
2568 2572 2863 2634 ἐλεύσονται
2887 2576 3045 2636 πάλιν
3071 2582 3140 2646 εἷς
3158 2578 3474 2653 Βαὸυλῶνα,

1916 2658 2004 2718 καὶ
2040 2662 2111 2727 ὣς
2157 2659 2405 2744 εἵμαρται
2434 2663 2605 2729 αὗτοῖς
2633 2665 2688 2723 ἔκ
2723 2665 3006 2744 Σισπάρων
3048 2668 3114 2744 (l.
3155 2668 3472 2748 Σιππάρων)

1919 2746 2244 2823 ἀνελομένοις
2278 2748 2344 2806 τὰ
2386 2749 2676 2830 γράμματα
2705 2752 2967 2811 διαδοῦναι
3012 2761 3114 2822 τοῖς
3158 2755 3469 2835 ἀνθρώποις,

1917 2831 2005 2890 καὶ
2056 2833 2134 2891 ὅτι
2164 2834 2291 2893 εἰσὶν
2338 2834 2466 2895 ὅπου
2494 2841 2527 2907 ἡ
2556 2836 2706 2917 χώρα
2749 2838 3014 2917 Ἀρμενίας
3060 2841 3192 2902 ἐστί.
3223 2841 3358 2909 Τοὺς
3408 2844 3460 2902 δὲ

272 2906 364 2985 μὲν
407 2911 570 2984 μ’ῆκος
600 2908 824 2968 σταδίων
864 2907 1017 2970 πέντε
1046 2911 1424 2990 (quindecim,
1472 2915 1652 2993 Eua),
1678 2914 1738 2975 τὸ
1769 2915 1822 2976 δὲ
1918 2919 2240 2988 ἀκούσαντας
2264 2926 2431 2981 ταῦτα
2458 2923 2612 2983 θῦσαί
2638 2947 2694 2983 τε
2736 2932 2842 2993 τοῖς
2884 2932 3013 2993 θεοῖς
3039 2926 3128 2986 καὶ
3158 2925 3303 3009 πέριξ
3326 2930 3467 3005 (scr.

268 2993 460 3062 πλάτος
485 2995 706 3055 σταδίων
733 2995 847 3057 δύο·
872 2997 938 3055 τὰ
965 2997 1020 3056 δὲ
1055 2999 1406 3079 συνταχθέντα
1444 3000 1616 3060 πάντα
1647 3004 1825 3063 συνθέ-

1914 3011 2047 3086 πεζῇ
2067 3031 2081 3079 ;
2099 3014 2343 3085 pedestri
2371 3016 2725 3089 ite'nereEuS.)
2748 3020 3058 3093 πορευθῆναι
3083 3017 3150 3081 εἰς
3164 3016 3472 3076 Βαὸυλῶνα.

288 3112 3461 3146 ——-———-——-—-—-——.—.——-———-

268 3165 538 3225 AEgyptiu8‚
572 3164 654 3226 qui
694 3164 970 3215 Phoenicum
1011 3180 1087 3217 res
1119 3170 1358 3230 prosecuti
1393 3170 1540 3230 sunt,
1573 3183 1671 3220 uno
1703 3171 1819 3220 mihi
1917 3178 2042 3237 quot
2077 3180 2194 3238 post
2232 3181 2452 3229 emisisse
2491 3193 2609 3231 aves
2658 3180 2822 3244 alias,
2866 3194 2986 3245 quae
3025 3185 3145 3233 item
3182 3183 3256 3233 ad
3294 3196 3473 3234 navem

268 3253 434 3290 omnes
451 3254 532 3290 ore
554 3240 890 3303 sum-agantur.

1013 3319 1067 3367 7.

1911 3265 2154 3316 reqressoe
2170 3257 2296 3304 sunt
2306 3248 2529 3318 pedibus
2549 3258 2662 3308 luto
2680 3257 2906 3320 insectis.
2941 3262 3110 3310 Tertio
3143 3259 3366 3325 denique
3393 3261 3467 3310 div

1823 3339 1834 3349 ·
1911 3333 2088 3381 mis-sce
2114 3344 2232 3381 aves
2256 3344 2415 3395 quum
2435 3333 2507 3383 ad
2540 3337 2715 3384 navim
2738 3348 2838 3385 non
2866 3339 3273 3398 reverterentur,
3298 3350 3472 3400 coqno-

331 3414 562 3465 Eusebius
583 3420 712 3464 Anu.
738 3428 786 3478 p.
815 3420 866 3465 14
899 3416 975 3466 ed.
997 3417 1106 3467 Mai.
1133 3436 1146 3466 ε
1173 3418 1461 3470 Alexandri
1483 3421 1823 3485 Polyhistoris
1916 3414 2048 3460 ”5³⁸⁸
2102 3410 2418 3461 Mlhfflm
2470 3414 2665 3462 terram
2710 3426 2927 3477 prm-⁹²1³
2975 3427 3083 3465 0³³⁰
3126 3414 3471 3477 patefactam·

269 3492 333 3541 de
353 3492 565 3541 diluvio.
584 3494 669 3541 Ex
686 3491 856 3541 eodem
874 3506 973 3556 quo
993 3493 1190 3544 dictum
1209 3499 1286 3545 est
1302 3495 1452 3547 libro.
1471 3522 1531 3534 ·-
1547 3499 1818 3560 Defuncto,

266 3571 444 3632 inquit
462 3604 476 3629 ,
511 3571 745 3624 Otirtae‚
763 3567 944 3630 filium
967 3569 1123 3633 hujus
1147 3571 1462 3625 Xisuthrum
1496 3579 1716 3626 tenuisse
1739 3590 1821 3627 re-

266 3661 428 3709 qnum
449 3652 583 3698 saris
620 3648 927 3711 octodecim,
959 3650 1054 3700 sub
1089 3664 1245 3715 eoque
1275 3664 1522 3716 maqnum
1560 3655 1822 3707 diluvium

267 3738 373 3775 esse
422 3724 728 3789 conflatum.
771 3730 852 3776 Sic
890 3730 1066 3777 autem
1111 3733 1411 3781 accuratius
1463 3737 1822 3785 narrationem

266 3808 455 3868 scripto
475 3808 820 3870 persequitur.
854 3807 921 3869 (2)
945 3810 1265 3865 Saturnum,
1293 3812 1403 3866 ait,
1444 3811 1531 3862 illi
1552 3813 1609 3862 in
1629 3816 1823 3863 somnio

259 3884 575 3946 praedixisse
599 3884 683 3935 die
706 3883 1092 3949 quintadecima
1113 3889 1301 3938 mensis
1323 3891 1487 3939 Doesii
1512 3888 1626 3951 fore
1646 3895 1708 3942 ut
1731 3891 1820 3941 bo·

263 3964 426 4010 mines
457 3974 491 4010 a
515 3960 712 4011 diluvio
730 3964 977 4024 perirent.
1013 3964 1344 4016 mandavisse
1361 3967 1542 4030 itaque
1562 3969 1627 4018 ut
1660 3967 1820 4020 libros

264 4052 465 4096 omnes,
487 4044 682 4104 primos
701 4043 979 4099 nimirum,
1006 4041 1199 4093 medios
1216 4045 1268 4093 et
1290 4043 1532 4101 ultimos,
1563 4048 1718 4095 terroe
1743 4049 1818 4097 in·

256 4116 428 4178 fossos
442 4120 495 4165 in
513 4117 641 4167 Solis
655 4116 783 4168 urbe
792 4120 996 4182 Siparis
1005 4123 1221 4182 poneret
1231 4136 1249 4170 .·
1264 4122 1377 4170 tum
1388 4124 1563 4171 navim
1576 4125 1816 4180 strueret,

265 4206 480 4256 eamque
502 4207 618 4244 cum
641 4199 1030 4257 consanquineis
1056 4202 1107 4249 et
1118 4197 1497 4259 familiaribus
1523 4201 1818 4252 conscende-

267 4275 347 4321 ret
369 4285 387 4326 ‚·
439 4276 782 4338 conqestisque
819 4274 948 4324 illuc
985 4275 1261 4326 esculentis
1313 4279 1469 4341 atque
1504 4279 1820 4341 poculentis,

267 4347 498 4398 inductis
516 4351 675 4399 etiam
697 4349 880 4401 belluis
902 4355 952 4402 et
979 4351 1282 4403 volatilibus
1307 4366 1372 4403 ac
1394 4353 1821 4418 quadrupedibus

267 4428 560 4489 cunctaque
600 4427 920 4490 supellectile
935 4464 951 4490 ,
965 4433 1194 4492 paratus
1213 4433 1345 4480 esset
1361 4430 1433 4481 ad
1450 4431 1820 4495 naviqandum.

272 4503 536 4559 Quaerenti
560 4506 736 4553 autem
760 4513 988 4568 quonam
1015 4519 1200 4557 cursus
1224 4507 1528 4570 diriqendus
1558 4513 1713 4570 esset,
1745 4522 1819 4559 re-

263 4578 524 4642 spondisse
537 4580 609 4630 ad
622 4580 756 4641 deos,
774 4584 826 4631 et
839 4582 1102 4634 orandum
1114 4596 1215 4648 quo
1224 4582 1515 4635 bominibus
1538 4585 1658 4635 bene
1680 4592 1819 4638 esset.

265 4658 333 4720 (3)
364 4661 500 4709 Eum
519 4672 634 4709 vero
654 4658 803 4709 haud
819 4673 1080 4711 recusasse
1099 4663 1375 4725 quominus
1394 4664 1670 4724 naviqium
1689 4677 1820 4715 com·

257 4739 500 4799 pinqeret
535 4738 744 4801 lonqum
765 4739 943 4789 stadia
967 4742 1222 4805 quinque,
1247 4739 1417 4792 latum
1441 4741 1576 4792 duo:
1602 4748 1814 4803 cuncta,

263 4826 383 4878 quoe
401 4814 660 4865 mandata
676 4814 773 4865 sibi
788 4815 1025 4873 fuerant,
1045 4815 1320 4879 efficienda
1336 4830 1543 4869 curasse
1557 4836 1574 4869 .·
1588 4831 1818 4884 uxorem,

257 4890 392 4954 filios
408 4895 460 4942 et
468 4891 779 4954 familiares
797 4892 968 4942 eodem
990 4892 1361 4945 introduxisse.

325 4973 370 5020 ⁴.
405 4974 690 5032 lnqruente
731 4970 936 5021 demum
977 4969 1173 5021 diluvio
1221 4974 1272 5021 et
1317 4985 1437 5022 moa:
1475 4973 1815 5032 decrescente,

262 5049 463 5098 misisse
491 5047 804 5098 Xisuthrum
834 5046 1081 5111 quoedam
1109 5047 1378 5109 volatilia,
1411 5063 1527 5113 quoe
1551 5064 1713 5116 quum
1740 5066 1820 5103 ne·

1919 3492 2058 3538 Tunc
2088 3492 2240 3539 navis
2261 3492 2387 3540 tecto
2405 3493 2603 3553 partim
2630 3490 2885 3553 effracto,
2911 3495 3082 3542 navim
3114 3495 3280 3554 ipsam
3309 3497 3470 3543 monti

1909 3566 2120 3617 cuidam
2150 3571 2462 3619 innitentem
2491 3569 2676 3620 vidisse
2697 3587 2713 3619 .·
2737 3583 2955 3634 moxque
2986 3574 3157 3632 ipsum
3174 3582 3291 3619 cum
3310 3582 3473 3621 uxore

1896 3644 2124 3708 filiaque
2156 3658 2267 3696 una
2301 3649 2352 3696 et
2386 3650 2536 3697 navis
2565 3647 2846 3698 architecto
2876 3646 3220 3703 ascendisse,
3255 3660 3319 3697 ac
3348 3661 3469 3711 pro·

1912 3735 2037 3772 num
2067 3725 2265 3773 terram
2287 3736 2391 3774 esse
2422 3727 2751 3785 veneratum,
2785 3727 3089 3787 structaque
3110 3737 3211 3774 ara
3244 3724 3348 3776 diis
3383 3739 3470 3776 sa·

1908 3812 2056 3849 crum
2086 3799 2327 3850 obtulisse
2360 3820 2372 3851 2
2408 3814 2510 3866 quo
2540 3800 2708 3862 facto,
2740 3812 2856 3850 cum
2888 3803 2985 3861 iis,
3013 3804 3104 3865 qui
3139 3814 3309 3853 secum
3350 3807 3471 3854 navi

1908 3881 2183 3940 exierant,
2210 3892 2472 3943 nusquam
2510 3882 2880 3943 comparuisse.
2949 3880 3016 3943 (5)
3036 3880 3276 3944 Reliquos
3294 3886 3471 3932 autem

1909 3959 2075 4017 quiin
2098 3959 2221 4007 navi
2240 3957 2610 4021 substiterantj,
2632 3970 2796 4022 neque
2813 3970 2930 4008 cum
2966 3958 3205 4008 Xisuthri
3225 3962 3471 4010 comitatu

1908 4037 2093 4094 eqressi
2126 4037 2309 4090 erant,
2335 4035 2489 4097 sacto
2521 4048 2642 4086 mox
2669 4038 2967 4095 excensione
2989 4047 3105 4084 eum
3138 4038 3468 4099 quaeritasse,

1907 4112 2221 4176 eundemque
2259 4112 2558 4163 oberrantes
2600 4114 2801 4162 nomine
2844 4112 3169 4162 inclamasse.
3235 4115 3301 4162 At
3352 4125 3470 4161 vero

1911 4192 2221 4242 Xisutlzrum
2253 4191 2403 4242 haud
2426 4193 2572 4241 ultra
2591 4205 2644 4241 se
2662 4191 3073 4255 conspiciendum
3103 4189 3300 4241 dedisse
3317 4227 3332 4252 ‚
3355 4205 3470 4242 voce

1912 4272 2120 4320 tantum
2140 4282 2205 4318 ex
2231 4281 2352 4318 aere
2382 4271 2577 4325 missa,
2609 4268 2737 4330 deos]
2758 4272 2821 4319 ut
2855 4268 3081 4318 colerent
3102 4268 3432 4319 mandavisse
3450 4284 3468 4316 .-

1909 4362 2035 4398 nam
2071 4351 2123 4397 et
2151 4360 2204 4397 se
2240 4348 2498 4411 reliqiosae
2525 4351 2737 4412 pietatis
2781 4363 2899 4414 erqo
2934 4350 3007 4400 ad
3037 4349 3247 4399 deorum
3280 4350 3470 4423 venisse

1903 4425 2211 4478 'habitacula
2225 4459 2242 4482 ‚
2265 4427 2534 4491 eodemque
2554 4427 2743 4478 honore
2769 4440 2985 4479 uxorem
3019 4424 3219 4493 quoque
3249 4441 3399 4479 suam
3417 4430 3469 4478 et

1894 4501 2072 4564 filiam
2093 4506 2145 4553 et
2164 4506 2314 4553 navis
2338 4503 2827 4565 architectumsrui.
2850 4506 2918 4568 (6)
2943 4507 3069 4555 Tum
3087 4518 3142 4555 se
3163 4516 3469 4568 maqnopere

1907 4586 2171 4633 auctorem
2193 4585 2259 4631 iis
2283 4594 2416 4639 esse,
2440 4586 2505 4633 ut
2536 4582 2849 4646 Babylonem
2886 4583 3145 4639 redirent,
3173 4586 3224 4633 et
3252 4596 3318 4633 ea·
3349 4582 3465 4632 deo-

1906 4664 2028 4712 rum
2064 4660 2342 4723 mandato,
2379 4663 2472 4725 qui
2504 4664 2556 4712 in
2591 4664 2790 4725 Siparis
2827 4661 2958 4712 urbe
2991 4660 3186 4712 conditi
3214 4659 3465 4722 fuerant,

1910 4739 2066 4790 libros
2087 4738 2378 4800 effoderent
2408 4742 2569 4802 atque
2604 4738 2899 4789 hominibus
2925 4737 3211 4788 traderent.
3279 4740 3463 4788 Locum

1907 4821 2084 4869 autem
2100 4853 2116 4880 ‚
2137 4820 2192 4868 in
2219 4830 2318 4881 quo
2342 4820 2465 4868 navi
2496 4822 2685 4880 eqressi
2710 4821 2833 4868 tunc
2849 4820 3145 4869 insisterent
3162 4854 3177 4879 ,
3201 4820 3464 4867 Armenio·

1910 4908 2032 4945 rum
2069 4908 2174 4944 esse
2210 4897 2487 4958 reqionem.
2578 4898 2697 4946 Hoec
2736 4897 2907 4945 omnia
2947 4895 3173 4952 edoctos,
3213 4894 3465 4946 celebrato

1910 4975 2012 5024 diis
2030 4972 2310 5036 sacrificio,
2332 4973 2645 5038 Babylonem
2665 4973 2889 5038 pedestri
2913 4976 3099 5024 itinere
3121 4973 3461 5025 contendisse.

1909 5054 1976 5115 (7)
2003 5055 2133 5117 Ejus
2168 5056 2390 5117 naviqii,
2428 5054 2568 5118 quod
2600 5053 2805 5105 demum
2835 5051 3066 5104 substitit
3098 5056 3152 5103 in
3186 5056 3457 5110 Armenia,

262 5136 360 5188 que
378 5136 548 5174 escam
570 5137 731 5189 neque
763 5125 957 5181 locum,
995 5127 1050 5174 in
1084 5137 1185 5188 quo
1215 5126 1567 5191 considerent,
1599 5132 1819 5180 invenis·
1898 5130 2265 5193 sraqmentum
2288 5131 2507 5195 aliquod
2524 5134 2577 5181 in
2603 5131 2955 5182 Cordiaeorum
2975 5134 3271 5183 Armeniaca
3294 5133 3461 5181 monte

260 5204 392 5263 sent,
413 5214 617 5252 reversa
632 5204 687 5251 in
709 5203 881 5252 navim
907 5206 1110 5265 recepta
1128 5204 1270 5252 sunt.
1305 5207 1503 5255 Rursus
1525 5205 1700 5257 diebus
1723 5208 1821 5257 ali·

1912 5212 2092 5258 nostra
2134 5207 2307 5260 adhuc
2344 5212 2501 5260 cetate
2542 5209 2799 5273 reliquum
2838 5222 2943 5258 esse
2989 5210 3157 5258 aiunt
3233 5211 3368 5266 Quin
3409 5210 3459 5256 et
