4016 5916
516 447 628 497 124

1234 548 1330 607 55.

590 696 783 753 Schol.
819 690 1105 764 Aristoph.
1143 691 1307 761 Vesp.
1341 685 1448 759 691
1486 704 1499 738 ι
1527 676 1864 755 Ἐλάμὸανον
1892 677 1939 735 οῖ
1967 672 2061 757 ῥή-

510 791 652 860 τορες
681 777 956 859 δραχμὴν,
997 773 1080 832 ὅτε
1127 770 1439 850 συνηγόρουν
1476 765 1604 847 ὑπὲρ
1640 770 1734 838 τῆς
1776 764 1975 830 πόλεως
2014 760 2050 833 ἢ

514 868 644 947 ὑπὲρ
671 867 831 924 ἄλλου
860 862 1014 928 τινός.
1046 860 1151 919 Ἐκ
1189 857 1370 916 τούτου
1409 853 1463 914 δὲ
1505 853 1742 933 φαίνεται
1769 849 1848 910 ὅτι
1887 854 2066 928 μισθο·

517 954 667 1034 φόρος
689 944 751 1022 ἦν
779 954 813 1021 ἡ
845 947 1006 1028 ἀρχή.
1033 944 1343 1026 Κληρωτοὺς
1367 941 1421 1001 δὲ
1441 939 1738 1019 γενομένους
1765 937 1891 998 δέκα
1908 960 2071 1010 συνη-

513 1039 695 1120 γόρους
711 1033 1066 1117 Ἀριστοτέλης
1080 1030 1258 1113 φησίν.
1277 1035 1409 1090 Non
1428 1050 1524 1087 eos
1546 1042 1732 1087 tamen
1760 1024 2071 1104 συνηγόρους

514 1128 764 1203 intellige
806 1125 879 1181 de
920 1122 1123 1198 quibus
1152 1121 1444 1177 scholiasta
1485 1118 1547 1173 h.
1591 1119 1634 1173 l.
1676 1117 1934 1189 loquitur
1974 1114 2065 1189 (hi

518 1216 668 1270 enirn
688 1207 1085 1291 χειροτονητοί),
1104 1208 1201 1265 sed
1214 1225 1310 1263 eos
1333 1206 1405 1262 de
1423 1206 1628 1279 quibus
1639 1204 1815 1261 Bekk.
1848 1201 2066 1259 Anecd.

516 1303 580 1372 1,
613 1301 717 1358 301
769 1320 784 1357 ε
831 1295 1117 1376 Συνήγοροι
1148 1293 1389 1373 ἄρχοντες
1415 1285 1548 1362 ἦσαν
1578 1288 1860 1366 κληρωτοὶ,
1887 1285 1937 1346 οἳ
1966 1286 2073 1352 τοῖς

517 1386 784 1463 λογισταῖς
827 1383 1070 1454 ἕὸοήθουν
1114 1381 1241 1460 πρὸς
1283 1378 1377 1445 τὰς
1413 1377 1622 1445 εὐθύνας
1657 1381 1762 1436 τῶν
1808 1374 2070 1457 ἀρξάντων

518 1472 635 1533 τινὰ
666 1472 857 1554 ἀρχήν.
884 1473 969 1531 cf.
997 1472 1068 1530 fr.
1106 1470 1458 1527 antecedens.

1251 1605 1346 1662 56.

602 1745 1019 1819 Harpocration
1034 1762 1047 1797 ε
1060 1738 1256 1799 Ἵππα
1271 1759 1382 1820 ρχο
1393 1763 1454 1805 ς..
1473 1737 1692 1814 Λέγεται
1714 1736 1768 1794 δὲ
1788 1733 1912 1815 παρ’
1923 1733 2073 1805 Ἀθη·

523 1829 683 1897 ναίοις
705 1829 972 1908 ἵππαρχος
1002 1828 1091 1887 καὶ
1118 1831 1146 1886 ὁ
1168 1832 1269 1886 τῶν
1294 1825 1496 1884 ἱππέων
1526 1824 1729 1904 ἄρχων·
1752 1822 1841 1883 δύο
1868 1825 1911 1881 δ’
1941 1813 2076 1894 ἦσαν

525 1909 667 1977 οὗτοι
684 1962 700 1990 ,
742 1921 811 1983 ὡς
857 1913 1190 1993 Δημοσθένης
1236 1916 1288 1972 ἐν
1332 1914 1376 1972 δ’
1424 1916 1764 1974 Φιλιππικῶν
1811 1909 1941 1991 φησὶ
1986 1907 2078 1967 καὶ

525 2004 882 2086 Ἀριστοτέλης
905 2007 956 2062 ἐν
987 2001 1268 2076 Ἀθηναίων
1291 1999 1550 2079 πολιτείᾳ.

1257 2143 1352 2215 57.

607 2269 764 2325 Idem
794 2288 807 2325 :
840 2263 1188 2347 Φύλαρχός
1217 2266 1355 2323 ἐστιν
1392 2264 1421 2321 ὁ
1464 2257 1601 2319 κατὰ
1641 2256 1806 2341 φυλὴν
1850 2256 2077 2327 ἑκάστην

527 2359 617 2414 τοῦ
649 2357 864 2413 ἱππικοῦ
904 2352 1079 2433 ἄρχων
1099 2400 1116 2432 ,
1146 2348 1564 2429 ὖποτεταγμένος
1593 2347 1647 2405 δὲ
1689 2350 1762 2426 τῷ
1801 2345 2081 2424 ἱππάρχῳ,

529 2446 598 2510 ὥς
621 2441 975 2522 Ἀριστοτέλης
1012 2444 1063 2500 ἐν
1099 2445 1166 2521 τῇ
1205 2438 1487 2511 Ἀθηναίων
1536 2435 1771 2514 πολιτεία
1809 2434 1953 2513 φησί.
1995 2434 2082 2491 cf.

528 2533 731 2588 Pollux
755 2533 920 2600 VIII,
953 2528 1049 2601 87.
1076 2531 1386 2585 Hermann.
1433 2525 1574 2593 152,
1619 2540 1679 2598 23
1725 2523 2079 2579 Schoemann.

532 2636 593 2692 p.
627 2617 766 2674 256.

1262 2697 1357 2757 58.

611 2823 773 2882 Idem
824 2819 1264 2900 εΣτρατηγοί.
1324 2821 1396 2878 Οἱ
1441 2816 1553 2876 καθ’
1597 2815 1814 2874 ἕκαστον
1856 2814 2086 2875 ἐνιαυτὸν

533 2907 975 2989 χειροτονούμενοι
1025 2905 1307 2989 στρατηγοὶ
1356 2903 1483 2965 δέκα
1539 2894 1672 2976 ἦσαν
1690 2948 1706 2977 ,
1771 2906 1840 2970 ὥς
1903 2907 2086 2981 μαθεῖν

537 2996 740 3057 ἔστιν.’..
770 2999 829 3055 ἐκ
855 2999 946 3067 τῆς
968 2994 1249 3068 Ἀθηναίων
1281 2991 1542 3059 πολιτείας
1571 2990 1966 3072 Ἀριστοτέλους.

1270 3115 1365 3191 59.

616 3258 774 3314 Idem
807 3278 822 3314 ε
859 3254 1181 3335 Στρατεία
1221 3257 1284 3322 ,ἐν
1314 3262 1443 3322 τοῖς
1472 3251 1853 3332 ἕπωνύμοις.
1896 3255 2087 3334 Αἷσχί·

538 3367 627 3415 νης
655 3346 707 3403 ἐν
733 3347 808 3425 τῷ
837 3344 956 3423 περὶ
983 3349 1074 3414 τῆς
1102 3341 1526 3424 παραπρεσὸείας
1553 3344 1616 3420 (§
1651 3342 1810 3419 168).
1838 3341 1933 3410 Τίς
1967 3334 2031 3413 ἦν
2056 3347 2088 3415 ἡ

538 3432 593 3489 ἐν
623 3431 727 3498 τοῖς
754 3429 1044 3508 ἐπωνύμοις
1071 3429 1348 3511 στρατεία,
1395 3429 1683 3501 δεδήλωκεν
1730 3428 2088 3510 Ἀριστοτέλης

538 3521 592 3577 ἐν
620 3518 904 3591 Ἀθηναίων
943 3517 1180 3599 πολιτείᾳ
1207 3517 1403 3596 λέγων·
1452 3544 1476 3571 ιι
1523 3516 1643 3577 Εἰσὶ
1685 3516 1785 3597 γὰρ
1825 3516 2088 3595 ἐπώνυμοι

539 3604 663 3665 δέκα
690 3604 786 3684 μὲν
820 3609 868 3666 οἱ
894 3609 995 3664 τῶν
1024 3607 1229 3686 φυλῶν,
1264 3604 1356 3664 δύο
1398 3602 1452 3664 δὲ
1494 3602 1582 3663 καὶ
1623 3604 2014 3685 τεσσαράκοντα
2041 3609 2090 3664 οἱ

537 3697 640 3752 τῶν
685 3698 922 3767 ἡλικιῶν.
955 3697 1025 3755 Οἱ
1068 3691 1121 3752 δὲ
1166 3692 1351 3775 ἔφηὸοι
1393 3692 1799 3774 ἐγγραφόμενοι,
1842 3694 2089 3772 πρότερον

540 3778 636 3859 μὲν
683 3784 753 3849 εἰς
796 3782 1159 3861 λελευκωμένα
1198 3785 1535 3861 γραμματεῖα
1579 3780 1953 3863 ἐνεγρᾶφοντο,
1998 3782 2089 3840 καὶ

539 3868 890 3952 ἐπεγράφοντο
927 3870 1099 3936 αὐτοῖς
1138 3868 1169 3925 ὅ
1192 3893 1246 3927 τε
1277 3868 1485 3948 ἄρχων,
1509 3869 1588 3949 ἐφ’
1606 3860 1666 3926 οὗ
1695 3866 2086 3948 ἐνεγράφησαν,

1617 415 2105 482 ARISTOTELIS
2148 412 2653 474 FRAGMENTA.

2141 540 2231 593 νῦν
2261 534 2314 592 δὲ
2343 535 2413 600 εἰς
2434 531 2529 603 τὴν
2554 527 2742 612 βουλὴν
2764 526 3165 608 ἀναγράφονται.
3193 556 3217 579 υ
3250 530 3357 590 Καὶ
3385 535 3500 611 μετ’
3528 536 3702 615 ὀλίγα·

2143 648 2167 674 ιι
2199 623 2442 700 Χρῶνται
2470 617 2524 678 δὲ
2561 618 2665 685 τοῖς
2690 614 2979 692 ἐπωνύμοις
3006 615 3241 696 καὶπρὸς
3271 617 3365 685 τὰς
3398 624 3669 702 στρατείας
3686 670 3703 695 ,

2144 712 2234 767 καὶ
2265 708 2387 769 ὅταν
2429 706 2638 778 ἡλικίαν
2667 703 3008 781 ἐκπέμπωσι,
3036 704 3392 786 προγράφουσι
3424 708 3528 779 ἀπὸ
3568 711 3703 778 τίνος

2146 795 2393 876 ἄρχοντος
2446 792 2721 869 ἐπωνύμου
2771 790 2928 872 μέχρι
2981 789 3115 857 τίνος
3143 795 3219 849 δεῖ
3245 795 3638 874 στρατεύεσθαι.
3676 826 3697 849 2.

2146 884 2440 944 Διείλεκται
2468 878 2586 961 περὶ
2615 877 2810 937 τούτων
2841 878 2930 937 καὶ
2953 878 3247 959 Φιλόχορος
3281 882 3334 939 ἐν
3366 881 3411 939 δ’
3440 886 3534 954 τῆς
3584 883 3699 944 ’Ab

2150 972 2307 1038 θίδος.

2225 1054 2663 1138 λελῃτουργηκὼς
2689 1075 2760 1113 ex
2785 1053 2935 1127 conj.
2980 1056 3217 1129 Kayseri
3255 1054 3330 1111 ad
3374 1058 3701 1119 Philostrat.

2149 1167 2266 1204 non
2290 1148 2482 1204 notavi
2506 1164 2622 1219 quo
2640 1145 2792 1200 loco.
2812 1140 3134 1207 δεδεικτικῶς
3159 1143 3224 1198 Β.
3248 1145 3321 1198 D.
3340 1185 3357 1213 ,
3381 1143 3709 1212 δεδεικτικώς

2150 1235 2244 1305 G.‚
2278 1230 2331 1289 δὲ
2361 1231 2627 1295 δεικτικῶς
2650 1230 2786 1287 A.C.
2805 1227 3707 1304 ςδεδιῃτηκώςῦυεείαηᾶ.ἐπιδεδη-

2153 1317 2332 1395 μηκώς
2354 1320 2414 1374 in
2440 1317 2576 1374 edit.
2597 1314 3024 1373 Blancardiana.
3059 1315 3215 1369 Prior
3227 1333 3315 1370 em
3342 1317 3452 1372 loci
3485 1330 3709 1393 partem

2153 1407 2463 1463 accuratius
2486 1404 2702 1479 praebet
2728 1401 3059 1476 Harpocrat.
3087 1421 3142 1459 v.
3171 1398 3475 1476 Ἐπώνυμοι
3493 1423 3508 1463 :
3527 1404 3709 1464 Διττοί

2153 1494 2280 1551 εἰσιν
2306 1494 2353 1550 οἱ
2381 1490 2665 1566 ἕπώνυμοι,
2695 1489 2743 1547 οἱ
2768 1487 2863 1564 μὲν
2894 1485 2925 1543 ι’
2952 1484 3039 1544 τὸν
3063 1485 3308 1565 ἀριθμὸν,
3330 1489 3418 1569 ἀφ’
3435 1480 3506 1547 ὧν
3531 1493 3586 1550 αἱ
3616 1515 3710 1572 φρ.

2152 1579 2279 1651 λαὶ,
2318 1574 2481 1658 ἕτεροι
2510 1574 2563 1635 δὲ
2597 1574 2645 1655 β’
2679 1573 2770 1632 καὶ
2800 1572 2880 1652 μ’,
2916 1575 3006 1651 ἀφ’
3033 1564 3104 1631 ὦν
3140 1576 3193 1631 αἱ
3221 1576 3421 1644 ἡλικίαι
3458 1599 3714 1656 προσαγο·

2158 1665 2393 1747 ρεύονται
2419 1666 2520 1722 τῶν
2550 1664 2776 1720 πολιτῶν
2804 1658 2919 1717 καθ’
2949 1658 3161 1718 ἕκαστον
3190 1659 3329 1734 ἔτος,
3359 1660 3463 1720 ἀπὸ
3494 1662 3564 1735 ιη’
3579 1666 3709 1722 ἐτῶν

2156 1757 2339 1838 μέχρις
2366 1755 2431 1825 ξ’.
2464 1759 2725 1815 Ceterum
2761 1754 2877 1812 vid.
2908 1754 3136 1811 Boeckh.
3172 1754 3351 1811 Index
3388 1758 3542 1815 lectt.
3582 1758 3708 1817 hib.

2155 1847 2404 1904 Berolin.
2435 1843 2762 1918 1819—20,
2788 1861 2851 1917 p.
2881 1860 2912 1912 7
2939 1843 3162 1914 sqq.;C.
3188 1844 3393 1901 Inscrr.
3420 1847 3543 1918 I‚p.
3574 1864 3596 1899 1
3616 1865 3635 1900 1
3654 1846 3709 1913 3,

2165 1933 2309 2004 1563
2340 1932 2693 1990 Schoemann.
2728 1931 2765 1987 l.
2798 1930 2840 1988 1.
2879 1947 2941 2002 p.
2973 1927 3120 1998 2543
3169 1931 3472 1988 Hermann.
3506 1931 3539 2007 §
3574 1931 3711 2002 152,

2166 2022 2232 2078 13
2255 2043 2270 2093 3
2300 2019 2530 2076 Siebelis
2557 2016 2629 2074 ad
2655 2016 2982 2073 Philochor.
3009 2035 3070 2089 p.
3100 2023 3195 2080 [22.

2888 2149 2989 2207 60.

2242 2299 2692 2374 Harpocration:
2736 2291 3094 2368 Ἄδύνατοι,
3131 2297 3178 2354 οἱ
3202 2295 3339 2364 ἐντὸς
3382 2302 3537 2380 τριῶν
3574 2306 3718 2377 μνῶν

2161 2382 2469 2462 κεκτημένοι
2518 2381 2578 2441 τὸ
2632 2386 2789 2460 σῶμα
2831 2381 3205 2462 πεπηρωμένον
3252 2385 3432 2463 (adde
3475 2386 3715 2466 ἔχοντες,

2161 2474 2251 2530 vel
2277 2492 2384 2531 scr.
2416 2470 2836 2551 πεπηρωμένοι).
2875 2469 3211 2546 Ἐλάμὸανον
3250 2468 3304 2529 δὲ
3335 2463 3475 2532 οὗτοι
3501 2476 3719 2554 δοκιμα-

2164 2558 2363 2626 σθέντες
2389 2557 2487 2617 ὑπὸ
2505 2563 2596 2628 τῆς
2618 2560 2803 2637 βουλῆς
2829 2557 2878 2636 β’
2903 2556 3112 2624 ὀὸολοὺς
3132 2562 3225 2630 τῆς
3248 2558 3720 2638 ἧμέρας“έκᾶστης,

2165 2645 2199 2718 ἢ
2236 2645 2457 2719 ὄὸολὸν,
2497 2645 2566 2711 ὥς
2593 2667 2747 2725 φησιν
2784 2644 3137 2727 Ἀριστοτέλης
3173 2648 3226 2703 ἐν
3255 2645 3535 2719 Ἀθηναίων
3562 2653 3718 2708 πολι-

2165 2733 2307 2815 τεία,
2353 2736 2423 2800 ὡς
2462 2731 2516 2791 δὲ
2556 2731 2849 2813 Φιλόχορός
2891 2734 2989 2810 (fr.
3032 2734 3135 2812 67)
3182 2754 3362 2813 φησιν,
3406 2735 3450 2793 θ’
3478 2737 3721 2816 δραχμὰς

2167 2820 2305 2881 κατὰ
2334 2825 2496 2897 μῆνα.

2248 2909 2389 2969 Cod.
2414 2912 2508 2966 E:
2551 2905 2858 2986 κεκτημένοι
2899 2908 2945 2968 οἱ
2988 2905 3353 2986 πεπηρωμένοι
3394 2908 3453 2967 τὸ
3494 2913 3715 2990 σῶμα...

2173 3000 2360 3078 βουλῆς
2418 2997 2465 3054 οἱ
2507 2994 2601 3073 μέν
2628 3017 2786 3076 φασιν
2830 2995 3052 3069 ἑκάστης
3091 2992 3285 3074 ἡμέρας
3330 2995 3541 3065 ὀόολοὺς
3599 3001 3723 3070 δύο,

2169 3086 2216 3143 οἱ
2245 3084 2298 3142 δὲ
2345 3080 2543 3143 ὀὸολόν.
2577 3084 2748 3159 Apud
2790 3088 3066 3142 Zonaram
3091 3104 3134 3143 s,
3176 3104 3234 3141 v.
3292 3104 3307 3141 ε
3353 3084 3717 3163 ἐλάμὸανον...

2171 3173 2218 3230 οἱ
2266 3170 2360 3242 μὲν
2389 3170 2468 3250 ἐφ’
2516 3171 2739 3243 ἑκάστης
2767 3171 2968 3250 ἡμέρας
3005 3166 3215 3235 ὀὸολοὺς
3255 3168 3374 3242 δύο,
3414 3174 3463 3230 οἱ
3498 3173 3554 3230 δὲ
3598 3174 3720 3232 660-

2171 3281 2278 3318 Λον.

2251 3348 2448 3405 Suidas
2470 3369 2484 3403 :
2508 3343 2794 3419 Ἀδύνατοι,
2815 3348 2861 3406 οἱ
2876 3345 3247 3426 πεπηρωμένοι
3268 3346 3328 3407 τὸ
3346 3350 3522 3423 σῶμα·
3554 3349 3729 3426 ἐλάμ-

2175 3430 2331 3490 ὅανον
2379 3430 2434 3490 δὲ
2479 3423 2618 3491 οὗτοι
2660 3432 3051 3510 δοκιμασθέντες
3079 3431 3185 3490 ἀπὸ
3224 3437 3319 3505 τῆς
3363 3437 3550 3512 βουλῆς
3593 3436 3729 3516 (τῶν

2178 3518 2532 3578 πεντακοσίων
2574 3541 2646 3577 ex
2689 3541 2845 3597 seqq.
2895 3521 3053 3577 addit
3095 3523 3481 3600 Bernhardy.)
3534 3526 3579 3582 οἱ
3632 3523 3728 3598 μὲν

2179 3605 2584 3685 [πεντακόσιοι]
2611 3606 2833 3677 ἑκάστης
2862 3604 3059 3687 ἡμέρας
3080 3605 3291 3673 ὁὸολοὺς
3312 3608 3433 3685 δύο,
3465 3612 3513 3667 οἱ
3541 3610 3594 3667 δὲ
3614 3610 3729 3668 660-

2178 3692 2289 3752 λόν.
2311 3692 2602 3773 Φιλόχορος
2633 3694 2768 3764 κτλ.,
2798 3707 2861 3750 ut
2898 3713 2988 3767 ap.
3020 3697 3196 3768 Harp.
3224 3696 3435 3751 Eadem
3481 3700 3733 3754 Zonaras

2181 3802 2240 3856 p.
2302 3790 2396 3852 42,
2438 3784 2751 3839 Favorinus
2785 3794 2841 3838 et
2876 3782 3110 3854 Hesych.
3142 3813 3221 3824 —
3252 3781 3491 3838 Bekker.
3522 3788 3631 3840 An.
3661 3788 3727 3854 1,

2176 3890 2235 3945 p.
2259 3868 2369 3935 345
2400 3866 2711 3939 εἈδύνατοι,
2734 3869 2782 3925 οἱ
2796 3865 2947 3944 μέρος
2970 3888 3019 3922 τι
3044 3863 3398 3944 βεὸλαμμένοι
3419 3871 3509 3925 τοῦ
3540 3867 3728 3943 σώμα-

540 3959 568 4015 ὀ
605 3957 696 4015 καὶ
742 3955 1012 4034 ἐπώνυμος
1045 3959 1075 4015 ὁ
1100 3959 1175 4035 τῷ
1217 3956 1455 4036 προτέρῳ
1485 3954 1589 4014 ἔτει
1633 3955 2087 4033 λελειτουργηκώς·
2180 3977 2296 4029 τος,
2321 3957 2389 4020 ὡς
2413 3952 2544 4031 μηδὲ
2580 3954 2903 4033 ἐργάζεσθαι·
2931 3948 2981 4010 οἳ
3009 3951 3099 4008 καὶ
3140 3951 3483 4030 ἐχορηγοῦντο
3504 3951 3569 4010 τὰ
3598 3955 3732 4032 πρὸς

1276 4129 1363 4178 55.

2185 4124 2257 4170 De
2303 4120 2420 4170 salsa
2447 4120 2705 4182 legatione,
2738 4117 2853 4180 qnid
2888 4117 2947 4168 sit
2982 4117 3193 4167 declarat
3220 4117 3494 4169 Aristoteles
3521 4120 3572 4169 in
3608 4122 3730 4183 Rep.

604 4212 882 4264 Aristoteles
893 4212 1059 4262 decem
1081 4211 1393 4275 (logistarum)
1423 4224 1678 4261 assessores
1705 4212 1834 4260 sorte
1849 4210 1938 4273 legi
1958 4209 2091 4263 dicit.
2189 4199 2362 4249 Athen.
2398 4199 2619 4261 inquiens
2645 4217 2657 4248 ²
2691 4218 2715 4241 “
2739 4201 3098 4260 ΕΡΟΒῚΜΟΝΠ]
3121 4196 3220 4246 <¹¹¹0
3238 4199 3352 4247 ⁸⁰³2
3387 4211 3559 4260 gssnffl'a
3583 4219 3594 4249 ²
3618 4213 3733 4249 ”8¹¹¹

1266 4293 1353 4343 56.

607 4375 865 4440 Hipparchi
901 4377 1003 4428 sive
1033 4375 1253 4438 equitum
1275 4374 1490 4438 proefecti
1511 4373 1608 4424 duo
1633 4376 1771 4424 erant
1792 4372 1918 4437 apud
1947 4374 2096 4424 Athe·

523 4454 757 4517 menses,
781 4459 838 4506 ut
857 4456 1202 4506 Demosthenes
1219 4455 1266 4503 in
1287 4454 1548 4517 Philippica
1573 4456 1745 4517 quarta
1768 4453 1885 4503 dicit
1915 4457 1966 4503 et
1997 4454 2099 4504 Ari·

547 4532 744 4580 stoteles
767 4532 816 4580 in
837 4533 1011 4583 Athen.
1040 4535 1160 4595 Rep.

613 4691 938 4754 Phylarchus,
984 4695 1067 4759 qui
1099 4707 1201 4745 sum
1232 4615 1390 4744 trsngus
1424 4693 1662 4756 equitatui
1706 4693 1959 4757 praefectus
1994 4697 2068 4744 est
2085 4733 2100 4756 ,

550 4768 769 4819 subditus
788 4772 891 4819 erat
903 4771 1191 4834 Hipparcho,
1206 4774 1260 4820 ut
1281 4770 1557 4821 Aristoteles
1573 4770 1624 4819 iu
1638 4773 1751 4833 Rep.
1772 4771 1941 4821 Athen.
1968 4771 2099 4820 dicit.

1280 4853 1369 4904 58.

616 4933 935 4995 Imperatores
951 4946 1143 4998 quoque
1160 4947 1288 4985 anno
1309 4935 1605 4999 eligebantur
1620 4936 1786 4987 decem
1799 4972 1814 4998 ,
1834 4937 1891 4985 ut
1921 4935 2103 4986 discere

555 5012 626 5060 sat
648 5022 710 5059 ex
728 5010 989 5061 Aristotelis
1015 5016 1130 5076 Rep.
1162 5013 1336 5064 Athen.

618 5173 788 5224 Militia
811 5174 858 5223 in
873 5176 1146 5238 Eponymis,
1173 5096 1542 5239 ουῇυὸεἲιειιιίιιίι
1559 5178 1806 5228 AEschinoe
1825 5178 1874 5228 in
1891 5179 2106 5229 oratione

2184 4276 2351 4326 decem
2374 4288 2575 4325 numero
2593 4277 2704 4325 sunt
2722 4274 2934 4324 tribuum
2948 4293 2963 4337 3
2978 4274 3076 4324 duo
3092 4276 3135 4325 et
3154 4273 3466 4336 quadraginta
3482 4278 3597 4325 sunt
3613 4279 3734 4328 aeta-

2184 4356 2311 4405 tum.
2337 4351 2521 4415 Ephebi
2541 4365 2675 4414 vero,
2695 4353 2834 4401 antea
2845 4351 3039 4415 quidem
3070 4350 3120 4401 in
3145 4352 3256 4403 albo
3270 4352 3652 4403 inscribebantur
3676 4368 3733 4404 ac

2186 4427 2442 4477 notabatur
2476 4427 2657 4476 archon
2679 4426 2818 4489 anni,
2848 4440 2946 4490 quo
2972 4427 3361 4491 inscriberentur,
3394 4431 3443 4478 et
3473 4441 3741 4491 cponymus

2184 4504 2296 4553 anni
2328 4503 2654 4554 antecedentis
2662 4520 2678 4566 3
2711 4517 2845 4554 nunc
2868 4517 2985 4555 vero
3004 4505 3054 4554 in
3083 4506 3249 4555 senatu
3268 4505 3608 4556 inscribuntur.
3631 4526 3655 4549 υ
3676 4510 3738 4556 Et

2186 4580 2346 4642 paullo
2359 4580 2467 4642 post
2491 4599 2504 4628 ε
2528 4598 2554 4624 α
2575 4581 2792 4630 Utuntur
2806 4582 2971 4632 autam
2987 4582 3237 4645 eponymis
3249 4581 3396 4631 etiam
3406 4581 3467 4631 ad
3485 4582 3702 4632 militiam
3718 4620 3734 4645 ,

2186 4659 2237 4708 et
2265 4670 2419 4721 quum
2443 4657 2753 4719 juventutem
2787 4659 3049 4723 emittunt,
3072 4673 3101 4709 a
3123 4672 3223 4724 quo
3241 4659 3471 4710 archonte
3497 4672 3741 4723 eponymo

2188 4748 2342 4798 usque
2354 4736 2416 4786 ad
2424 4748 2569 4798 quem
2578 4736 2811 4799 stipendia
2831 4750 3013 4789 merere
3026 4738 3246 4801 oporteat
3258 4738 3549 4788 adscribunt.
3580 4757 3602 4780 υ
3641 4741 3739 4789 Dis·

2190 4813 2304 4862 serit
2327 4811 2388 4862 de
2412 4812 2485 4863 his
2505 4813 2651 4863 etiam
2677 4814 2988 4865 Philochorus
3013 4814 3218 4865 Atthidis
3242 4815 3365 4865 libro
3385 4817 3576 4877 quarto.

2258 4975 2480 5038 invalidi,
2498 4976 2624 5025 intra
2640 4977 2741 5026 tres
2751 4975 2906 5027 minas
2918 4976 3212 5039 possidentes
3226 4978 3275 5026 et
3292 4989 3491 5038 corpore
3510 4977 3737 5027 mutilati.

2196 5053 2257 5104 m
2289 5066 2317 5102 a
2339 5057 2508 5103 senatu
2540 5054 2791 5116 approbati
2822 5055 2898 5104 vel
2931 5054 3054 5105 duos
3076 5055 3246 5104 obolos
3267 5055 3343 5105 vel
3368 5068 3521 5103 unum
3544 5055 3745 5104 obolum

2194 5129 2410 5195 quotidie
2432 5130 2756 5193 accipiebant,
2780 5134 2835 5181 ut
2859 5131 3134 5182 Aristoteles
3159 5132 3209 5180 in
3229 5133 3329 5194 Rep
3370 5130 3542 5180 Athen.
3564 5130 3647 5180 ait.
