4016 5916
399 429 511 478 510
1484 415 1986 477 MANETHONIS
2028 415 2499 502 SEBEMJYTAE

394 552 497 613 λείς
514 548 574 617 ε’,
597 545 939 605 ἐὸασίλευσαν
959 544 1048 616 ἔτη
1071 545 1200 623 ρνα’.
1224 544 1392 621 Ὁμοῦ
1416 548 1461 602 οἱ
1481 545 1696 622 πομένες
1719 548 1946 625 βασιλεῖς
2037 536 2216 613 μένους
2243 537 2380 596 κατὰ
2413 537 2507 608 τὴν
2539 535 2598 605 ιζ’
2626 536 2926 595 δυναστείαν
2954 537 3217 616 γεγονέναι
3249 540 3408 616 λέγει.
3441 542 3610 603 Ἐπεὶ

394 635 485 714 μγ’
518 634 1050 711 (43--6-4-324-5)
1095 632 1186 692 καὶ
1225 632 1457 704 Θηόαῖοι
1491 636 1829 693 Διοσπολῑται
1864 633 1941 726 vJ'
2035 623 2277 705 γὰρπᾶσῑ
2302 622 2713 704 συμπεφώνηται
2726 622 2805 683 31²
2828 624 2917 683 ἐπὶ
2936 624 3207 707 Ἀφώφῑως
3228 619 3377 708 ‘ipim
3403 629 3612 711 Ἰωσὴφ

396 726 504 800 (53).
525 722 691 797 Ὁμοῦ
710 724 758 780 οἱ
776 720 1015 796 ποιμένες
1036 719 1125 778 καὶ
1137 722 1185 779 οἱ
1208 720 1436 792 Θηὸαῒοι
1456 720 1539 798 (ς’
1567 719 1675 798 (οε).
1711 724 1821 795 Qui
1846 743 1946 778 nu·
2033 715 2124 781 τῆς
2148 710 2442 787 Αἰγύπτου,
2473 711 2547 786 μὴ
2574 710 2710 791 ἔχων
2736 714 2972 771 ὁπωσοῦν
2993 713 3081 771 ἐπὶ
3110 713 3271 773 ἄλλου
3291 716 3426 783 τινος
3445 717 3609 776 αὺτὸν

392 830 579 866 merus
603 830 799 886 regum
823 812 898 883 96
922 812 1054 865 hinc
1074 811 1135 863 in
1161 810 1447 884 epilogum
1490 812 1767 885 migravit.
1799 835 1824 861 n·
1853 811 1938 868 Cf.

394 900 551 954 Idem
582 901 696 964 111,
727 919 784 972 p.
815 917 909 953 20.
942 902 1015 954 At
1041 899 1150 953 hoe
1170 899 1367 954 ludere
1395 911 1492 954 est.
1518 904 1664 955 Ante
1690 920 1748 958 ν.
1781 901 1942 956 Διοσ-

391 986 603 1042 πολῒται
629 987 834 1042 inserui
878 983 1163 1054 ἤ.1·“ι·ιιίτι
1203 986 1487 1057 conjecit:
1528 983 1676 1042 ἄλλοι
1716 987 1945 1061 βασιλεῖς

393 1072 482 1142 ἔτη
512 1072 601 1148 μγ’
628 1071 718 1128 καὶ
746 1074 811 1129 ἐν
839 1074 912 1148 τῇ
944 1070 1243 1141 Θηὸαΐδι
1278 1075 1465 1130 Διοσπ.

1128 1225 1217 1288 48.

889 1364 1034 1419 SEC.
1085 1365 1387 1420 EUSEBIU
1395 1367 1466 1421 Μ.

469 1507 710 1580 Syncell.
737 1525 797 1584 p.
828 1504 923 1574 61,
942 1508 995 1561 D
1018 1523 1033 1561 t
1057 1501 1521 1577 Ἑπτακαιδεκοίτη
1548 1508 1819 1566 δυναστεία
1843 1531 1948 1567 ποι-

392 1593 538 1669 μένες
552 1583 685 1662 ἦσαν
698 1587 906 1669 ἀδελφοὶ
923 1589 1226 1669 (ἀλλόφυλοι
1239 1594 1295 1650 Μ
1301 1614 1478 1651 overs.
1493 1597 1750 1653 Phoeniz.
1765 1618 1824 1671 p.
1845 1597 1914 1653 35
1927 1600 1941 1674 )

393 1681 636 1745 Φοίνικες
655 1678 781 1745 ξένοι
815 1680 1072 1756 βασιλεῖς,
1090 1676 1140 1736 οἳ
1157 1678 1248 1737 καὶ
1276 1679 1491 1760 Μέμφιν
1520 1674 1676 1743 εἷλον.

470 1758 574 1826 ἲὨν
596 1770 798 1845 πρῶτος
819 1768 866 1825 Σ
881 1761 1067 1835 αίτης
1090 1764 1419 1825 ἐΰασίλευσεν
1446 1768 1535 1838 ἔτη
1559 1770 1640 1842 ιθ’,
1666 1770 1754 1850 ἀφ’
1777 1761 1834 1829 οὗ
1859 1771 1948 1830 καὶ

389 1860 418 1913 ὁ
446 1851 642 1925 Σαΐτης
673 1852 827 1930 νομὸς
852 1852 1065 1924 ἐκλήθη,
1091 1852 1141 1910 οἳ
1164 1852 1253 1910 καὶ
1286 1857 1338 1911 ἐν
1379 1859 1454 1934 τῷ
1479 1855 1728 1936 Σεθροΐτῃ
1771 1860 1947 1936 (Σαι-

390 1937 567 2021 θροίτῃ
599 1943 729 1998 cod.
761 1945 834 2012 B,
867 1935 1132 2016 Σεθρωΐτῃ
1159 1944 1273 1998 sch.
1304 1945 1445 2001 Plat.
1494 1965 1555 2019 p.
1590 1955 1702 2014 424
1736 1949 1944 2026 Bekk.)

389 2032 533 2108 νομῷ
552 2027 700 2085 πόλιν
730 2025 956 2098 ἔκτισαν,
978 2026 1066 2106 ἀφ’
1084 2019 1146 2098 ἧς
1167 2027 1461 2108 ὁρμώμενοι
1484 2032 1794 2108 Αἰγυπτίους
1813 2036 1950 2113 ἐχει-

391 2113 640 2192 ρώσαντο.

473 2209 522 2288 β’
553 2210 726 2267 Βν“ῶν
748 2207 765 2282 (
786 2204 940 2278 Βηὼν
968 2209 1075 2282 m.)
1108 2207 1197 2280 ἔτη
1223 2209 1277 2285 μ’
1308 2208 1427 2287 (μγ’
1446 2214 1669 2290 Goar.).

468 2293 591 2372 [γ’]
624 2294 901 2374 Ἄφωφις
937 2294 1026 2365 ἔτη
1054 2294 1136 2352 ιδ’.

470 2383 602 2442 Μεθ’
638 2381 694 2439 ὃν
716 2380 961 2460 Ἄζρχλη
984 2407 1006 2448 ς
1033 2382 1124 2454 ἔτη
1148 2383 1217 2443 λ’.

467 2470 636 2546 Ὁμοῦ
670 2469 758 2540 ἔτη
778 2468 880 2548 ργ’.

474 2563 625 2624 Κατὰ
647 2564 855 2631 τούτους
874 2566 1173 2642 Αἰγυπτίων
1197 2567 1781 2650 βασιλεὺς(βασιλεῦσαι
1800 2577 1944 2651 eonj-

388 2655 618 2710 Boeckh.
643 2673 704 2727 p.
739 2654 881 2730 230)
914 2652 1108 2734 Ἰωσὴφ
1133 2654 1405 2716 δείκνυται.

478 2743 770 2815 Aphophis
796 2743 850 2794 in
881 2743 1162 2797 Chronico
1190 2749 1345 2801 Arm.
1378 2765 1497 2801 non
1526 2752 1718 2806 tertius
1745 2762 1825 2807 est
1845 2771 1943 2808 rex

389 2829 486 2882 sed
518 2841 766 2900 quartuS.
797 2829 888 2884 Sic
911 2831 1074 2884 etiam
1103 2832 1278 2890 schol.
1304 2834 1548 2889 Platonis
1568 2846 1623 2891 et
1654 2837 1771 2910 ipse
1794 2840 1942 2912 Syn-

386 2915 557 2970 ‹·ellus
577 2934 639 2989 p.
669 2915 743 2989 69
762 2955 778 2983 ‚
810 2916 853 2972 C
877 2931 892 2973 Ξ
922 2914 1184 2993 Τέταρτον
1214 2915 1301 2974 καὶ
1324 2919 1616 2978 τελευταῖον
1652 2926 1744 2993 τῆς
1774 2923 1833 2991 ιζ’
1856 2925 1947 2982 δυ-

387 2998 623 3064 ναστείας
645 2997 875 3078 Ἀφωφιν
920 3000 1170 3066 Εὗσέὸιος
1202 3002 1469 3081 παρέθετο.
1511 3011 1744 3065 Accedit
1784 3015 1942 3086 quod

389 3089 544 3142 litera
568 3085 618 3161 γ’
654 3088 807 3142 abest
835 3089 893 3141 in
918 3088 1048 3142 cod.
1084 3092 1154 3146 Α.
1184 3090 1369 3161 Quare
1396 3113 1455 3148 n.
1480 3094 1517 3150 l.
1562 3114 1723 3151 error
1755 3110 1836 3153 est
1870 3101 1942 3155 li-

387 3174 725 3228 brariorum.
757 3174 841 3229 Cf.
872 3174 1102 3231 Boeckh.
1129 3195 1186 3249 p.
1214 3176 1348 3234 231.

468 3260 668 3316 Euseb.
697 3259 903 3315 Chron.
928 3279 989 3333 p.
1018 3279 1093 3335 99
1114 3280 1177 3335 sq
1209 3281 1223 3320 ε
1249 3267 1481 3320 Decima
1505 3274 1741 3341 septima
1762 3273 1942 3342 dyna-

384 3352 492 3399 ste'a
506 3347 797 3400 Pastorum
808 3388 821 3412 ,
852 3344 1163 3419 quistatres
1175 3364 1339 3405 erant
1351 3353 1648 3409 Plzoenices
1660 3364 1942 3433 exterique

383 3451 574 3504 reges,
601 3445 660 3487 et
674 3434 966 3507 Memphe‘n
989 3451 1335 3509 occuparunt.
1360 3440 1452 3493 Ea:
1470 3439 1562 3494 his
1571 3448 1794 3515 primus
1814 3448 1940 3500 Sai-

385 3534 466 3573 tes
504 3527 795 3594 imperavit
823 3527 986 3576 annis
1016 3525 1084 3576 X
1081 3526 1184 3578 IX
1187 3567 1201 3590 ‚
1239 3545 1276 3579 α
1300 3546 1407 3598 quo
1432 3528 1713 3586 Saitancm
1732 3553 1942 3607 quoque

383 3628 573 3662 nomos
599 3627 794 3663 nomen
817 3616 1009 3668 travit.
1040 3613 1223 3667 It‘dem
1264 3618 1323 3667 in
1348 3615 1619 3672 Sethroite
1653 3639 1813 3675 nomo
1839 3641 1934 3675 ur-

383 3698 504 3749 bem
539 3697 928 3763 condiderunt,
961 3700 1106 3753 unde
1133 3705 1435 3757 incursione
1447 3703 1619 3774 sacta
1656 3711 1941 3783 AEgrpte'os

373 3784 819 3857 perdomuerunt.

460 3870 740 3924 Secundus
764 3872 957 3925 Benon
985 3868 1003 3947 (
1016 3878 1199 3941 Anon,
1238 3876 1490 3951 margo),
1511 3886 1673 3934 annis
1694 3883 1761 3934 X
1757 3884 1818 3938 L.

336 3956 345 3967 '
459 3957 678 4011 Det'nde
695 3957 953 4025 Amhles‚
992 3966 1159 4014 armis
1176 3963 1245 4014 X
1240 3964 1307 4015 X
1303 3964 1383 4018 AY.

462 4044 754 4117 Aphophis
779 4051 942 4098 annis
960 4048 1129 4102 XIV.

460 4132 691 4186 Summa
709 4151 975 4187 annorum
1010 4136 1184 4192 CIII.
1206 4137 1409 4192 Horum
1438 4150 1607 4195 oetate
1627 4152 1939 4217 regnavisse

381 4223 443 4273 in
470 4222 713 4293 AE'gypto
738 4220 1014 4293 Iosephus
1039 4224 1264 4277 videtur.

461 4307 527 4359 In
553 4302 751 4361 Vetere
768 4307 1048 4362 Chronico
1073 4311 1444 4383 respondent:
1465 4313 1753 4391 Μεμφιτῶν
1767 4315 1935 4393 γενεαὶ

387 4389 430 4446 δ’
458 4388 547 4460 ἔτη
579 4390 678 4469 ργ’.
708 4394 994 4466 Syncellus
1030 4414 1259 4469 quoque
1286 4416 1342 4470 p.
1374 4398 1477 4454 103
1497 4402 1581 4473 ,D
1633 4402 1774 4458 hanc
1806 4408 1933 4465 Eus.

380 4479 687 4550 dynastiam
709 4481 767 4533 in
785 4481 974 4534 animo
988 4481 1190 4538 habuit
1211 4502 1223 4537 :
1244 4480 1334 4539 καὶ
1349 4482 1633 4550 διεδέξαντο
1651 4488 1702 4544 Τ
1714 4490 1818 4545 ανῒ
1831 4514 1860 4547 τ
1873 4514 1934 4547 αι

382 4564 612 4639 βασιλεῖς
638 4562 705 4635 δ’,
735 4562 785 4621 οἳ
807 4564 895 4622 καὶ
934 4564 1276 4645 ἐδασίλευσριν
1300 4568 1407 4626 σνδ’
1441 4570 1602 4645 (deb.
1630 4573 1786 4641 020¹).
1818 4580 1933 4634 Nu-

380 4669 564 4706 merus
600 4648 711 4706 σνδ’
754 4663 961 4709 temere
990 4654 1330 4731 adjungitur,
1373 4676 1544 4730 quum
1593 4662 1638 4714 is
1665 4665 1935 4734 pertineat

377 4738 449 4790 ad
486 4750 695 4811 septem
739 4756 922 4811 reges,
963 4759 1104 4814 quos
1147 4744 1261 4815 ipse
1294 4758 1561 4800 recenset.
1602 4752 1667 4807 V.
1706 4752 1931 4810 Boeekh.

378 4841 436 4895 p.
467 4824 599 4879 232.
625 4827 693 4879 In
716 4827 940 4882 Canone
987 4836 1132 4899 17¹³ae
1167 4830 1429 4904 dynastiae
1474 4836 1815 4909 asignantur
1837 4858 1928 4897 an.

379 4911 585 4966 Abrah.
622 4914 902 4986 191-293.

455 4997 716 5053 Ceterum
733 5001 1022 5073 syncellus
1037 5023 1094 5076 p.
1112 5006 1206 5074 62,
1227 5009 1273 5060 A
1290 5026 1349 5063 su
1358 5006 1637 5077 bjicithaec
1654 5030 1666 5064 :
1690 5010 1909 5085 Σημειω

376 5079 489 5137 τέον
511 5083 622 5146 πῶς
648 5084 675 5138 δ
716 5084 965 5150 Εὖσέὸιος
1008 5087 1133 5165 πρὸς
1155 5087 1243 5144 τὸν
1271 5092 1458 5148 οῗκεῖον
1483 5091 1674 5151 σκοπὸν
1702 5093 1818 5160 τοὺς
1844 5099 1933 5165 τῆς

376 5169 835 5240 πεντεκαιδεκάτης
865 5172 1163 5238 δυναστείας
1191 5178 1334 5254 παρὰ
1364 5181 1437 5255 τῷ
1472 5178 1759 5259 Ἀφρικανῷ
1778 5205 1931 5259 φερο-

2036 798 2388 878 παραθέσθαι,
2413 800 2678 877 μετήγαγε
2705 799 2791 858 τὸν
2819 799 3052 882 Ἄφωφιν
3083 800 3188 860 ἀπὸ
3220 807 3313 875 τῆς
3343 804 3400 862 ιε’
3432 807 3612 864 δυνα-

2037 887 2207 954 στείας
2232 891 2303 955 εἷς
2327 886 2425 958 τὴν
2468 887 2531 956 ιζ’
2547 933 2564 965 ,
2590 887 2888 955 κολοὸώσας
2917 889 2986 948 τὰ
3009 889 3099 962 ἔτη
3132 892 3292 950 αὐτοῦ
3320 893 3397 962 ξα’
3423 894 3608 975 ὑπάρ-

2038 997 2199 1055 χοντα
2224 977 2294 1041 εἰς
2312 974 2381 1047 λ’,
2413 975 2480 1033 τὰ
2508 975 2562 1033 δὲ
2580 980 2673 1046 τῆς
2698 975 2822 1045 ὅλης
2852 977 3153 1044 δυναστείας
3177 980 3286 1059 ρνα’
3314 980 3392 1058 ργ’
3421 1004 3606 1063 παρα-

2037 1062 2162 1134 θεὶς,
2185 1061 2275 1121 καὶ
2302 1062 2416 1120 ἀντὶ
2440 1065 2541 1120 τῶν
2565 1060 2618 1131 ἒξ
2652 1061 2906 1141 βασιλέων
2933 1063 2980 1122 δ’
3010 1063 3207 1140 μόνους.
3233 1067 3366 1136 Quae
3387 1088 3458 1126 ue
3477 1089 3608 1129 cre·

2036 1151 2267 1226 damus,
2300 1153 2388 1208 vel
2414 1170 2649 1226 sequens
2677 1152 3050 1228 fragmentum
3074 1155 3330 1229 impedit.

2768 1292 2862 1360 49.

2115 1413 2305 1471 Schol.
2337 1414 2556 1472 Platon.
2592 1434 2651 1487 p.
2676 1420 2786 1482 [αἱ.
2811 1417 2987 1472 Bekk.
3021 1434 3036 1469 t
3068 1416 3343 1495 Σαῗτικός]
3369 1416 3472 1478 Ἐκ
3493 1423 3602 1480 τῶν

2037 1496 2266 1556 Μανεθὼ
2285 1500 2676 1574 Αἰγυπτιακῶν.
2691 1498 3155 1574 Ἑπτακαιδεκοίτη
3173 1504 3447 1563 δυναστεία
3462 1498 3603 1578 ἦσαν

2040 1584 2249 1665 ἀδελφοὶ
2290 1585 2533 1652 Φοίνικες
2560 1584 2686 1654 ξένοι
2714 1590 2967 1665 βασιλεῖς,
2989 1588 3040 1648 οἳ
3068 1589 3158 1648 καὶ
3185 1590 3399 1673 Μέμφιν
3438 1585 3598 1667 εἶλον,

2038 1662 2108 1729 ὧν
2137 1675 2339 1751 πρῶτος
2372 1668 2579 1745 Σαΐτη
2595 1697 2620 1739 ς
2661 1674 2993 1734 ἐὸασίλευσεν
3031 1677 3122 1748 ἔτη
3157 1679 3246 1756 ιθ’,
3287 1680 3373 1760 ἀφ’
3411 1672 3471 1739 οὗ
3507 1683 3604 1741 καὶ

2040 1766 2067 1819 ὃ
2083 1760 2280 1834 Σαΐτης
2293 1760 2446 1838 νομὸς
2463 1763 2677 1834 ἐκλήθη·
2690 1762 2742 1822 οἳ
2758 1765 2845 1822 καὶ
2867 1767 2919 1824 ἐν
2939 1768 3012 1845 τῷ
3033 1764 3298 1845 Σεθρωΐτῃ
3317 1770 3427 1845 (sic)
3453 1773 3601 1852 νομῷ

2039 1850 2187 1906 πόλιν
2227 1847 2453 1921 ἔκτισαν,
2465 1847 2551 1929 ἀφ’
2578 1841 2641 1920 ἧς
2687 1848 2981 1927 ὁρμώμενοι
3017 1851 3332 1930 Αἰγυπτίους
3372 1855 3591 1936 ἐχειρώ·

2040 1958 2215 1994 σαντο.
2243 1934 2489 2016 Δεύτερος
2510 1938 2680 1995 αὐτῶν
2694 1937 2970 2008 Βνῶνέτη
2985 1936 3244 2019 μ’,τρίτος
3263 1941 3320 2001 Ἀ
3337 1965 3364 2020 ρ
3373 1943 3458 2021 χαί
3476 1967 3503 2022 ρ
3523 1967 3559 2014 η
3577 1970 3601 2009 ς

2043 2024 2169 2100 (scr.
2183 2021 2437 2102 Ἄρχλης)
2455 2022 2545 2094 ἔτη
2568 2023 2637 2096 λ’,
2657 2023 2898 2106 τέταρτος
2907 2022 3025 2105 ’Άφ
3039 2050 3128 2106 ‹oq›
3142 2050 3158 2084 ι
3171 2051 3195 2094 ς
3213 2026 3303 2100 ἔτη
3325 2029 3409 2090 ιδ’.
3426 2029 3600 2104 Ὁμοῦ

2040 2111 2137 2190 ργ’.
2168 2109 2236 2170 Ὁ
2252 2111 2306 2169 δὲ
2329 2108 2528 2182 Σαΐτης
2551 2111 2836 2190 προσέθηκε
2856 2118 2931 2194 τῷ
2958 2115 3081 2190 μηνὶ
3099 2112 3236 2194 ὥρας
3259 2115 3349 2188 ιδ’,
3374 2120 3442 2185 ὡς
3463 2110 3602 2177 εἶναι

2038 2201 2244 2277 ἡμερῶν
2265 2198 2334 2269 λ’,
2375 2198 2464 2256 καὶ
2506 2201 2582 2277 τῷ
2608 2201 2827 2277 ἐνιαυτῷ
2854 2200 3055 2282 ἡμέρας
3083 2200 3137 2267 ς’
3179 2201 3276 2280 (ί),
3305 2203 3395 2261 καὶ
3417 2204 3600 2281 γέγονε

2041 2288 2246 2362 ἡμερῶν
2269 2283 2373 2352 τξέ.

2117 2373 2283 2428 Vides
2303 2375 2652 2430 scholiastam
2686 2375 2880 2431 eadem
2911 2375 3079 2449 plane
3100 2376 3302 2434 afferre
3324 2398 3449 2453 quae
3476 2383 3598 2437 Eu-

2036 2460 2249 2514 sebium
2288 2472 2344 2516 et
2375 2473 2641 2535 praeterea
2675 2462 2885 2518 addere
2912 2463 3067 2518 aliud
3105 2465 3394 2537 quoddam
3438 2471 3596 2542 quod

2037 2548 2310 2604 Eusebius
2321 2568 2440 2605 non
2455 2550 2647 2607 habet.
2669 2551 2848 2623 Igitur
2866 2550 3005 2605 nihil
3025 2549 3183 2605 finxit
3197 2553 3479 2622 Eusebius,
3496 2557 3595 2613 sed

2036 2654 2103 2690 ex
2126 2637 2318 2693 eadem
2337 2639 2518 2695 hausit
2549 2640 2874 2716 recensione
2901 2638 3277 2711 dynastiamm
3297 2643 3596 2700 Manetho-

2035 2725 2328 2780 nianarum
2343 2766 2359 2793 ‚
2382 2745 2552 2799 quam
2571 2727 2861 2782 scholiasta
2881 2726 3157 2785 adhibuit.
3189 2728 3437 2784 Eandem
3461 2744 3595 2788 ante

2037 2804 2230 2858 oculos
2254 2804 2452 2859 habuit
2493 2804 2854 2875 Panodorus,
2882 2823 2914 2860 e
2942 2823 3089 2877 equo
3127 2807 3413 2879 syncellus
3434 2827 3594 2865 suam

2036 2905 2231 2963 reg-um
2255 2892 2450 2945 seriem
2477 2890 2663 2960 assert3
2688 2911 2817 2946 nam
2833 2891 3071 2946 vidimus
3094 2891 3396 2965 dynastiam
3429 2893 3593 2950 deci-

2035 2994 2183 3031 mam
2208 2989 2418 3034 sextam
2447 2978 2667 3035 Eusebii
2689 2992 2740 3034 et
2759 2979 2995 3052 Syncelli
3029 2977 3227 3033 eodem
3265 2980 3440 3034 modo
3469 3000 3594 3039 esse

2035 3062 2385 3120 adornatam.
2425 3068 2633 3121 Verum
2665 3067 2725 3120 in
2744 3066 2880 3139 dyn.
2903 3066 3059 3120 xvu
3085 3066 3415 3121 Panodorus
3443 3071 3591 3124 reli-

2033 3151 2155 3222 quit
2173 3150 2568 3207 Manethoncm
2583 3172 2766 3221 suum,
2782 3153 2886 3208 alia
2905 3171 2971 3207 ex
2985 3152 3315 3207 Manethone
3328 3155 3590 3228 josephi,

2032 3238 2137 3292 alia
2154 3239 2426 3293 nescimus
2449 3240 2600 3295 unde
2618 3258 2912 3295 assumens.
2941 3238 3298 3295 Panodorum
3314 3248 3597 3317 excerpsit

2031 3324 2350 3399 Syncellus3
2377 3327 2685 3399 Josephum
2712 3346 2830 3381 non
2858 3327 3025 3400 legit3
3055 3326 3101 3381 si
3137 3325 3208 3381 de
3247 3329 3594 3388 Manethone

2032 3411 2302 3482 loquitur,
2339 3413 2732 3486 intelligendus
2773 3424 2852 3467 est
2879 3400 3270 3481 Pan‘odoreus‚
3301 3433 3417 3469 non
3451 3436 3591 3473 vero

2030 3497 2277 3552 Africani
2300 3500 2387 3554 vel
2407 3499 2668 3572 Josephi3
2697 3501 2795 3554 etsi
2833 3500 2951 3571 ipse
2977 3500 3265 3571 Syncellus
3305 3518 3376 3555 ne
3398 3505 3592 3576 suspi-

2031 3595 2184 3639 catus
2216 3585 2447 3658 quidem
2471 3604 2583 3641 csse
2611 3586 2854 3654 videtur,
2889 3586 3041 3640 hunc
3081 3586 3362 3642 Panodori
3390 3591 3590 3645 Mane-

2031 3672 2260 3727 thonem
2285 3675 2451 3745 plane
2475 3673 2753 3729 diversum
2774 3690 2884 3728 esse
2914 3673 2984 3727 ab
3013 3692 3081 3728 eo
3109 3692 3278 3747 quem
3296 3673 3594 3732 Africanus

2027 3761 2299 3831 sequitur.
2332 3762 2467 3815 Tam
2495 3761 2658 3833 plena
2684 3771 2812 3814 sunt
2839 3761 3027 3814 omnia
3055 3760 3414 3817 confusionis.

2107 3847 2393 3918 Syncellus
2421 3866 2482 3920 p.
2527 3855 2663 3916 104,
2691 3857 2989 3920 postquam
3025 3846 3244 3901 dixerat
3289 3865 3348 3901 se
3383 3848 3457 3903 de
3483 3850 3593 3904 Pa-

2027 3941 2238 3987 storum
2269 3936 2619 4007 temporibus
2639 3936 2808 3989 malle
2852 3934 3161 4007 Josephum
3207 3935 3362 4006 sequi
3414 3954 3590 4007 quam

2031 4020 2430 4077 Manethonem
2467 4022 2680 4099 (nescit
2722 4023 2810 4076 vel
2849 4040 2968 4076 non
3010 4031 3228 4095 reputat
3278 4022 3592 4095 Josephum

2027 4125 2257 4180 quoque
2307 4127 2404 4164 sua
2442 4127 2473 4164 e
2525 4109 2863 4164 Manethone
2919 4108 3252 4182 depromere
3277 4108 3330 4182 ),
3386 4127 3530 4184 regu

2028 4197 2255 4249 nomina
2285 4206 2534 4252 recenset
2552 4197 2669 4251 liaec
2699 4212 2714 4253 z
3523 4226 3532 4233 ·

2109 4297 2150 4339 ι.
2196 4278 2280 4344 »ις’
2323 4279 2592 4350 Σιλίτης
2627 4279 2719 4350 ἔτη
2754 4281 2814 4338 ιθ’
2839 4283 3042 4360 πρῶτος
3061 4283 3164 4338 τῶν
3185 4278 3230 4347 ς’
3263 4279 3377 4359 (ζ’)
3407 4284 3502 4351 τῆς
3527 4280 3588 4350 ιζ’

2027 4364 2326 4438 δυναστείας
2350 4364 2494 4445 παρὰ
2523 4370 2748 4446 Μανεθῷ
2756 4411 3291 4428 .........
3376 4388 3427 4427 ιο

2102 4472 2146 4509 2.
2188 4454 2265 4520 κζ’
2311 4453 2519 4511 Βαίων
2568 4452 2659 4521 ἔτη
2709 4454 2794 4528 μδ’
2804 4498 3288 4514 ........
3374 4472 3428 4513 u

2104 4560 2147 4599 8.
2179 4537 2263 4610 κη’
2307 4540 2568 4618 Ἀπαχνᾶς
2595 4538 2689 4609 ἔτη
2725 4540 2810 4604 λς’
2816 4581 3292 4602 ........
3375 4561 3429 4599 3⁶

2104 4647 2148 4685 ε.
2192 4625 2271 4684 κθ’
2313 4624 2540 4706 Ἄφωφις
2578 4626 2670 4698 ἔτη
2714 4626 2791 4694 ξα’
2799 4670 3294 4688 .........
3376 4648 3424 4687 σι

2103 4736 2148 4774 5.
2213 4715 2261 4773 λ’
2331 4717 2502 4781 Σέθως
2554 4713 2643 4784 ἔτη
2693 4714 2735 4770 ν’
2739 4756 3293 4777 ..........
3375 4737 3430 4774 50

2095 4819 2139 4858 o.
2172 4801 2259 4858 λα’
2305 4801 2522 4881 Κήρτως
2549 4799 2639 4871 ἔτη
2660 4803 2736 4861 κθ’
2741 4844 3291 4859 ..........
3375 4823 3428 4861 2⁹

2315 4889 2451 4945 κατὰ
2472 4889 2525 4946 δὲ
2548 4889 2635 4947 τὸν
2668 4893 2895 4951 Manes-3
2919 4891 3011 4963 ἔτη
3038 4892 3125 4967 μδ’

2103 4994 2147 5033 7.
2183 4974 2265 5031 λ6’
2312 4974 2478 5043 ’Ado'
2502 4975 2593 5047 ἔτη
2619 4977 2669 5033 κ’
2674 5017 3289 5038 ...........
3373 4996 3427 5033 ao

3349 5103 3431 5140 25⁹

2103 5176 2267 5249 Οὗτος
2295 5184 2578 5261 προσέθηκε.
2617 5190 2718 5243 τῶν
2745 5189 2989 5246 ἐνιαυτῶν
3015 5186 3107 5253 τὰς
3145 5187 3184 5243 ε’
3223 5188 3590 5279 ἐπαγομένας,

3965 927 3986 996 ιι,
