4016 5916
478 435 589 485 228

468 648 539 701 ab
560 643 857 702 Heraclide
874 643 1108 697 Pontico
1128 639 1355 714 prodita
1370 648 1427 692 et
1450 635 1655 691 deinde
1674 635 1744 690 ab
1768 635 2018 691 Alexan-

468 735 645 790 drinis
671 732 936 804 adoptata
970 727 1142 783 refert
1180 726 1510 782 Plutarchus
1538 725 1598 777 in
1631 723 1794 778 Alex.
1823 740 1874 777 c.
1908 721 2013 790 26,

468 821 567 874 ubi
596 818 807 873 oraculi
850 826 1067 883 auctor,
1111 815 1208 887 qui
1249 831 1354 887 per
1387 830 1648 867 somnum
1687 808 2017 866 Alexandro

466 906 756 980 apparuit,
781 903 941 957 fuisse
958 901 1165 955 dicitur
1193 897 1325 976 ἀνὴρ
1354 893 1529 963 πολιὸς
1557 885 1613 953 εὖ
1638 891 1778 970 μάλα
1806 891 1902 965 τὴν
1926 891 2020 950 κό-

471 1015 598 1067 μην,
619 989 709 1047 καὶ
736 988 950 1065 γεραρὸς
971 986 1031 1044 τὸ
1054 976 1203 1050 εἶδος.
1223 987 1571 1058 Quibuscum
1585 985 1631 1038 si
1652 1000 2022 1055 comparave-

468 1080 544 1135 ris
562 1076 1163 1133 Pseudocallisthenem
1181 1072 1195 1149 (
1214 1075 1241 1128 1
1257 1114 1271 1141 ,
1293 1072 1396 1141 30,
1418 1071 1486 1127 13
1503 1080 1558 1125 et
1575 1068 1644 1126 33
1661 1110 1677 1139 ‚
1703 1068 1826 1145 13),
1843 1069 2022 1141 liquet

468 1183 657 1220 senem
698 1165 864 1218 istum
905 1162 1138 1235 intelligi
1177 1161 1410 1233 Serapin
1449 1158 1619 1214 deum
1655 1156 1746 1211 vel
1782 1159 2020 1211 Ammo-

478 1270 640 1320 nem,
691 1251 791 1324 qui
823 1247 1146 1306 Alexandro
1188 1258 1316 1321 post
1345 1264 1509 1301 sacra
1531 1254 1770 1319 peracta
1806 1243 2025 1299 oraculi

471 1338 785 1413 accipiendi
822 1355 984 1392 causa
1020 1336 1080 1389 in
1122 1336 1333 1408 templo
1374 1333 1467 1388 d'ei
1505 1332 1807 1387 dormienti
1849 1348 2023 1406 appa-

476 1428 676 1484 ruerit.
708 1428 840 1482 Haec
871 1434 1176 1498 propterea
1215 1438 1629 1488 commemor0,
1671 1417 1827 1491 quod
1862 1420 2022 1473 Iaso-

472 1532 602 1569 nem
647 1514 887 1568 multum
938 1511 1011 1566 ad
1050 1508 1317 1565 sacrificia
1374 1506 1678 1564 Alexandri
1728 1505 2024 1561 attendisse

474 1602 745 1657 docemur
772 1600 902 1654 loco
930 1598 1180 1653 Athenaei
1204 1598 1362 1663 XIV,
1383 1614 1444 1668 p.
1473 1594 1587 1649 620
1604 1635 1620 1663 ,
1639 1596 1692 1651 D
1710 1634 1725 1662 ‚
1749 1593 1851 1648 ubi
1873 1610 1887 1650 :
1916 1588 2023 1650 Ἰά-

477 1707 579 1742 σων
606 1686 654 1742 δ’
692 1685 744 1740 ἐν
784 1682 943 1762 τρίτῳ
977 1681 1097 1761 περὶ
1138 1684 1239 1739 τῶν
1265 1679 1597 1759 Ἀλεξάνδρου
1624 1680 1774 1758 ἱερῶν
1800 1679 1853 1735 ἐν
1880 1677 2023 1738 Ἀλε-

478 1771 714 1851 ξανδρείᾳ
744 1768 914 1850 φησὶν·
940 1770 991 1826 ἐν
1034 1772 1107 1847 τῷ
1155 1768 1366 1847 μεγάλῳ
1407 1766 1607 1847 θεάτρῳ
1652 1763 2025 1845 ὑποκρίνασθαι

480 1859 742 1937 Ἡγησίαν
764 1858 830 1915 τὰ
860 1855 1169 1936 Ἡροδότου,
1199 1854 1559 1936 Ἑρμόφαντον
1589 1851 1645 1912 δὲ
1667 1851 1734 1911 τὰ
1755 1852 2020 1933 Ὁμήρου.

474 1949 728 2004 Dubium
763 1965 901 2003 vero
938 1947 1033 2001 vix
1060 1956 1142 2001 est
1175 1946 1313 2019 quin
1339 1944 1512 2019 verba
1544 1944 1594 2000 ἐν
1618 1940 1775 2019 τρίτῳ
1807 1957 1925 1998 non
1952 1944 2025 2000 de

474 2035 746 2109 peculiari
792 2053 965 2107 opere
1006 2031 1277 2089 sacrificia
1323 2030 1629 2088 Alexandri
1676 2042 2022 2105 exponente,

475 2124 571 2179 sed
594 2124 664 2179 de
688 2125 855 2178 tertio
886 2118 1011 2179 Βίου
1040 2116 1293 2186 Ἑλλάδος
1313 2121 1461 2175 libro
1486 2120 1547 2173 in
1568 2118 1873 2174 Alexandri
1893 2129 2026 2174 tem·

476 2213 712 2285 poribus
736 2220 989 2266 versante
1016 2207 1377 2284 intelligenda
1403 2209 1529 2263 sint.

556 2300 656 2354 His
696 2297 769 2353 de
797 2297 1010 2352 Iasonis
1050 2313 1223 2369 opere
1257 2295 1580 2368 praemissis,
1621 2295 1919 2366 quaerimus
1954 2309 2027 2347 an

477 2405 597 2441 non
622 2385 787 2440 simili
816 2382 991 2439 modo
1018 2381 1372 2436 Dicaearchus
1401 2380 1459 2434 iu
1489 2375 1599 2456 Βίῳ
1623 2375 1875 2444 Ἑλλάδος
1902 2397 2022 2435 rem

476 2473 797 2528 instituerit.
842 2472 978 2543 Quae
1031 2468 1262 2542 quidem
1312 2469 1556 2541 suspicio
1606 2476 1762 2523 tanto
1809 2468 2025 2523 facilius

477 2562 743 2629 nascitur,
774 2576 951 2632 quum
981 2557 1110 2611 satis
1144 2563 1359 2609 constet
1383 2564 1736 2627 quantopere
1759 2552 2029 2609 Adrianei

476 2648 646 2703 seculi
664 2647 964 2717 scriptores
976 2644 1204 2714 antiqua
1218 2640 1473 2713 exempla
1490 2641 1579 2695 vel
1593 2650 1721 2713 apte
1733 2641 1823 2695 vel
1842 2641 2029 2712 inepte

480 2734 685 2788 imitari
707 2732 857 2786 soliti
876 2732 1006 2785 sint.
1029 2731 1269 2784 Tantum
1283 2744 1421 2782 vero
1438 2728 1592 2782 abest
1608 2739 1675 2782 ut
1694 2727 2028 2801 fragmenta,

482 2820 685 2890 quibus
724 2816 856 2871 libri
895 2816 1092 2869 notitia
1137 2813 1328 2869 addita
1366 2822 1476 2881 est,
1512 2813 1866 2888 refragentur
1897 2812 2030 2867 huic

478 2904 760 2960 sententiae
774 2942 790 2971 ,
812 2912 878 2956 ut
900 2902 1119 2976 egregie
1146 2918 1269 2955 eam
1291 2898 1645 2954 confirment.

558 2990 780 3046 Etenim
797 2991 940 3044 liber
949 2993 1168 3061 primus
1185 2989 1322 3043 Vitae
1352 2988 1577 3044 Graeciae
1596 2987 1867 3043 laudatur
1894 2989 2032 3044 locis

481 3079 688 3148 tribus,
716 3095 961 3149 quorum
1000 3079 1214 3150 primus
1241 3086 1323 3130 est
1361 3075 1455 3150 (fr.
1482 3071 1547 3151 7)
1590 3076 1661 3131 de
1702 3077 2033 3133 Sesonchosi

484 3165 878 3239 AEgyptiorum
895 3182 1028 3238 rege
1046 3175 1102 3219 et
1118 3164 1431 3238 legislatore
1454 3164 1832 3236 antiquissimo
1853 3205 1868 3233 ,
1893 3165 2033 3220 alter

483 3271 617 3308 vero
654 3249 756 3327 (fr.
784 3250 849 3326 8)
877 3250 949 3307 de
964 3252 1114 3307 Nino
1141 3252 1366 3306 Ninives
1383 3250 1681 3306 conditore
1706 3259 1761 3306 et
1781 3250 1852 3307 de
1871 3252 2032 3308 Chal·

485 3340 637 3407 daeo;
659 3339 851 3393 tertius
879 3338 974 3411 (fr.
1002 3335 1183 3412 12)de
1196 3338 1551 3393 Doriensium
1578 3340 1857 3412 tetrapoli.
1881 3340 2033 3395 Nihil

482 3428 657 3501 igitur
682 3427 889 3493 obstat,
933 3425 1073 3497 quin
1100 3424 1246 3478 liber
1284 3424 1499 3497 primus
1523 3421 1617 3492 τὴν
1659 3422 2033 3504 ἀρχαιολογίαν

484 3509 733 3577 Ἑλλάδος
749 3555 766 3586 ,
791 3523 856 3567 ut
877 3512 949 3567 de
968 3512 1178 3567 Iasonis
1201 3511 1349 3566 libro
1376 3512 1563 3586 primo
1583 3513 1819 3586 loquens
1840 3513 2038 3570 Suidas

482 3604 589 3672 ait,
612 3600 971 3658 continuerit.
1007 3600 1345 3655 Praemissam
1378 3617 1516 3654 vero
1535 3600 1623 3656 his
1646 3599 1811 3657 fuisse
1839 3595 2034 3674 dispu-

489 3690 756 3743 tationem
785 3687 856 3743 de
882 3686 1162 3741 societatis
1190 3686 1446 3741 humanae
1482 3688 1654 3743 initiis
1685 3697 1741 3744 et
1778 3687 1850 3745 de
1889 3690 2039 3744 anti-

486 3775 760 3849 quissimis
781 3775 932 3830 orbis
954 3784 1229 3829 terrarum
1250 3773 1591 3845 civitatibus,
1619 3786 1739 3830 tum
1766 3794 1835 3831 ex
1860 3777 2039 3832 citatis

488 3861 667 3918 modo
704 3871 824 3915 tum
857 3879 923 3916 ex
957 3860 1079 3915 aliis
1112 3860 1437 3935 frag-mentis
1465 3859 1531 3917 fit
1550 3863 1920 3920 manifestum.
1956 3893 2039 3906 —-

485 3952 654 4008 Liber
673 3949 943 4004 secundus
976 3966 1252 4020 nusquam
1279 3949 1512 4018 citatur3
1543 3968 1673 4005 nam
1702 3950 1859 4023 quod
1884 3952 2039 4024 apud

484 4037 662 4093 schol.
689 4036 874 4109 Apoll.
901 4034 1015 4092 Rh.
1048 4033 1152 4110 (fr.
1183 4032 1247 4112 7)
1280 4034 1351 4090 de
1374 4036 1705 4092 sesonchosi
1724 4055 1844 4092 uon
1859 4037 2037 4094 modo

485 4124 750 4198 primum,
765 4121 864 4177 sed
881 4121 1049 4177 etiam
1063 4119 1371 4177 secundum
1385 4117 1513 4178 Βίου
1531 4122 1737 4178 librum
1753 4124 2041 4181 laudatum

486 4213 750 4287 legimus,
780 4221 978 4283 aperto
998 4208 1205 4265 factum
1226 4220 1309 4265 est
1326 4227 1543 4266 errore.
1574 4212 1687 4266 Pro
1714 4209 1766 4266 ἰν
1797 4210 1847 4289 β’
1868 4232 2041 4288 repo—

486 4298 739 4355 nendum
766 4296 819 4354 ἰν
859 4293 985 4375 βίῳ;
1024 4298 1370 4371 omninoque
1396 4297 1671 4352 scholium
1700 4299 1854 4354 istud
1878 4320 2036 4356 com-

486 4389 744 4463 pluribus
762 4385 980 4442 mendis
999 4385 1237 4442 laborat.
1259 4416 1332 4428 -
1351 4386 1519 4441 LIber
1533 4391 1723 4441 tertius
1737 4390 1907 4444 semel
1927 4391 2039 4445 lau-

489 4476 659 4531 datur
704 4474 904 4549 fragm.
962 4471 1059 4544 18,
1090 4474 1190 4529 ubi
1229 4474 1434 4529 Darius
1471 4472 1870 4531 Codomannus
1909 4495 2040 4533 cum

491 4562 752 4634 Philippo
783 4571 1160 4635 comparatur.
1198 4561 1345 4616 Hinc
1372 4562 1542 4635 igitur
1570 4559 1698 4631 jure
1726 4562 2041 4638 colligimus

490 4639 906 4707 Dicaearchum,
947 4640 1109 4695 sicuti
1150 4641 1436 4707 Iasonem,
1475 4640 1623 4694 libro
1661 4642 1826 4696 tertio
1866 4645 2040 4717 egisse

492 4725 564 4782 de
605 4726 955 4799 temporibus
991 4725 1316 4783 Alexandri.
1360 4728 1484 4783 flue
1521 4726 1738 4783 accedit
1764 4729 1924 4801 quod
1956 4734 2038 4786 uti

492 4814 684 4881 Iason,
714 4813 791 4866 sic
819 4812 984 4867 etiam
1004 4813 1359 4869 Dicaearchus
1377 4811 1449 4869 de
1478 4810 1759 4870 sacrificiis
1781 4815 2038 4873 Alexan-

493 4897 585 4953 dri
606 4916 919 4953 sermouem
947 4900 1206 4958 instituit.
1244 4900 1387 4956 Nam
1420 4898 1494 4956 sr.
1541 4919 1611 4974 19
1638 4900 1900 4959 laudatur
1924 4906 2041 4959 Di-

494 4984 772 5041 caearchus
798 4983 850 5040 ἐν
873 4987 949 5063 τῷ
974 4982 1094 5061 περὶ
1123 4987 1215 5056 τῆς
1234 4987 1285 5043 ἐν
1314 4983 1455 5065 Ἰλίῳ
1483 4985 1658 5051 θυσίας
1682 4987 1773 5063 (sc.
1798 4987 2040 5056 Ἀλεξάν-

495 5070 669 5148 δρου).
694 5073 870 5143 Quem
902 5072 1130 5145 quidem
1175 5076 1363 5131 locum
1389 5075 1522 5129 item
1549 5075 1623 5131 ad
1659 5076 1886 5132 tertium
1917 5075 2040 5136 Βίου

496 5158 703 5213 librum
734 5157 1088 5213 referendum
1120 5177 1232 5215 esse
1251 5171 1415 5233 puto.

1814 412 1941 474 DlC
1950 411 2317 474 AEARCHUS

468 562 740 633 accepisse
769 557 994 611 dicitur.
1038 553 1249 609 Eadem
1280 550 1483 607 eodem
1520 547 1695 604 modo
1731 559 2018 620 tamquam
2058 545 2068 644 1

2185 549 2460 603 Praeterea
2486 549 2612 604 Vita
2639 549 2871 605 Graeciae
2895 569 3013 605 non
3041 551 3237 606 addito
3267 552 3397 608 libri
3422 570 3666 609 numero

2107 647 2582 691 commemoratur
2600 637 2740 692 locis
2765 638 3045 710 quinque,
3068 657 3314 710 quorum
3343 651 3453 695 tres
3473 640 3574 711 (fr.
3608 659 3664 697 1.

2108 740 2163 778 α.
2197 720 2260 797 5)
2293 734 2483 796 aperte
2515 734 2768 796 spectant
2792 722 2867 779 ad
2901 725 3110 780 librum
3149 727 3417 799 primum.
3448 728 3670 784 Citatur

2105 810 2187 864 ibi
2209 806 2528 887 Δικαίαρχος
2546 807 2633 866 τὸν
2664 810 2879 887 ἀρχαῖον
2903 808 3012 886 βίον
3035 813 3128 880 τῆς
3154 808 3409 879 Ἑλλάδος
3436 813 3667 891 ἀφηγού-

2109 917 2258 970 μενος
2287 896 2386 971 (fr.
2428 895 2516 972 1);
2544 897 2903 953 Dicaeaoehus
2935 903 2992 953 in
3017 899 3170 954 libris
3194 905 3582 975 antiquitatum
3611 915 3672 958 et

2111 985 2350 1039 θητεῖα-
2365 985 2728 1059 descriptione
2744 986 2760 1056 (
2775 984 2843 1042 fr.
2868 1003 2899 1039 2
2921 985 2974 1061 );
3009 986 3371 1043 Dicaearchus
3393 993 3487 1062 qui
3506 990 3672 1045 Groe-

2109 1075 2219 1124 cioe
2247 1076 2413 1126 vitam
2456 1073 2639 1145 qualis
2649 1068 2839 1142 suerit
2869 1072 2945 1126 ab
2973 1076 3128 1128 initio
3154 1076 3397 1129 ostendit
3431 1074 3535 1149 (sr.
3563 1074 3665 1154 5).

2110 1159 2338 1231 Reliqui
2374 1158 2489 1214 duo
2533 1176 2604 1215 ex
2645 1157 2895 1214 secundo
2937 1159 3085 1214 libro
3122 1158 3407 1220 fluxerint.
3451 1165 3672 1219 Eorum

2109 1244 2286 1299 altero
2315 1244 2418 1319 (fr.
2458 1240 2559 1320 15)
2579 1256 2838 1301 narratur
2856 1246 3021 1300 nimis
3041 1244 3347 1319 aliquando
3377 1249 3671 1306 invaluisse

2109 1350 2271 1386 usum
2321 1333 2668 1387 crotalorum
2722 1331 3077 1406 aliorumque
3133 1336 3668 1409 instrumentorum,

2113 1436 2236 1489 quae
2274 1436 2391 1473 non
2417 1436 2586 1474 sonos
2613 1418 2713 1474 sed
2741 1420 2986 1493 crepitus
3012 1420 3372 1478 solummodo
3401 1423 3666 1494 ederent;

2111 1506 2288 1561 altero
2317 1502 2446 1560 loco
2497 1505 2599 1579 (fr.
2633 1500 2737 1580 16)
2764 1507 3062 1580 Euripides
3087 1506 3288 1564 Medea
3308 1510 3674 1584 Neophronis

2112 1611 2242 1647 usus
2282 1610 2397 1648 esse
2440 1591 2669 1650 dicitur.
2716 1595 2862 1650 Hinc
2898 1595 3071 1669 igitur
3109 1595 3425 1670 colligimus
3458 1601 3520 1654 in
3554 1601 3672 1679 Βίῳ

2112 1675 2366 1744 Ἑλλάδος
2394 1690 2681 1736 auctorem
2713 1693 2968 1737 nostrum
2993 1700 3112 1737 nou
3135 1680 3320 1737 solum
3348 1703 3436 1741 res
3477 1688 3670 1744 civiles

2112 1777 2279 1838 atque
2320 1785 2386 1822 ea
2413 1784 2536 1839 quae
2560 1767 2635 1823 ad
2656 1768 2885 1843 politica
2911 1770 3170 1843 proxime
3209 1782 3461 1844 spectant
3490 1792 3673 1848 expo-

2111 1854 2309 1925 suisse,
2348 1854 2446 1909 sed
2475 1856 2681 1910 artium
2713 1874 2942 1928 quoque
2971 1874 3278 1931 earumque
3303 1858 3546 1916 historiae
3573 1880 3671 1918 ra-

2113 1941 2326 1996 tionem
2342 1940 2616 1997 habuisse.
2639 1946 2825 2015 Atque
2845 1943 2964 1998 haec
2992 1944 3224 2016 quidem
3245 1945 3462 2002 Graecus
3486 1948 3668 2004 histo·

2116 2026 2264 2082 ricus
2324 2027 2588 2102 idemque
2634 2028 3005 2104 philosophus
3056 2032 3370 2105 artiumque
3418 2034 3670 2092 historiae

2112 2114 2501 2188 peritissimus,
2531 2135 2602 2172 eo
2632 2116 2818 2172 minus
2844 2118 3103 2173 omittere
3122 2130 3371 2191 poterat,
3397 2139 3511 2193 quo
3539 2143 3668 2180 ma-

2108 2202 2203 2273 jor
2217 2212 2337 2258 erat
2358 2203 2468 2271 vis,
2489 2220 2658 2275 quam
2677 2204 2767 2259 vel
2786 2203 3082 2259 levissimas
3103 2207 3253 2262 circa
3271 2210 3489 2264 musicae
3506 2230 3673 2266 usum

2115 2290 2504 2345 innovationes
2532 2291 2593 2344 in
2617 2309 2805 2346 mores
2828 2290 3130 2346 hominum
3156 2294 3441 2368 vitamque
3477 2299 3669 2372 publi·

2117 2395 2240 2433 cam
2265 2395 2526 2433 exercere
2552 2388 2769 2434 veteres
2792 2378 3120 2450 censebant,
3146 2391 3204 2436 et
3228 2400 3346 2455 quo
3369 2386 3574 2440 arctius
3603 2405 3671 2445 ea

2119 2483 2244 2537 quae
2271 2465 2332 2519 in
2357 2465 2527 2521 rebus
2566 2466 2798 2521 scenicis
2830 2466 3142 2539 Neopbron
3168 2465 3398 2541 ejusque
3425 2471 3678 2528 imitator

2118 2562 2175 2607 et
2191 2553 2421 2608 aemulus
2441 2552 2738 2626 Euripides
2757 2553 3154 2625 immutarunt,
3177 2573 3309 2609 cum
3330 2559 3500 2612 seculi
3523 2561 3675 2632 ipso-

2118 2658 2245 2694 rum
2290 2640 2545 2696 moribus
2583 2639 2893 2714 studiisque
2933 2653 3095 2696 erant
3134 2641 3455 2714 conjuncta.
3497 2647 3676 2702 Modo

2118 2736 2310 2781 caveas
2333 2745 2404 2781 ne
2424 2728 2810 2784 Dicaearchum
2831 2729 2892 2782 in
2915 2729 3086 2783 nium
3103 2729 3383 2786 librorum
3402 2735 3677 2807 opusculo

2115 2814 2460 2888 singularum
2487 2817 2692 2870 artium
2716 2815 3121 2890 literarumque
3150 2828 3466 2875 accuratam
3499 2821 3678 2876 histo·

2118 2901 2257 2957 riam
2275 2919 2344 2957 ex
2369 2902 2620 2979 professo
2638 2914 2994 2977 persecutum
3014 2922 3127 2961 esse
3146 2907 3414 2979 opineris.
3433 2907 3504 2965 ld
3525 2912 3680 2966 enim

2118 2991 2501 3064 peculiaribus
2551 2991 2686 3046 fecit
2732 2993 3027 3065 operibus,
3081 3011 3153 3048 ex
3201 2995 3410 3067 quibus
3455 2997 3514 3051 in
3564 2995 3678 3077 Βίῳ

2121 3089 2313 3133 nostro
2352 3095 2416 3133 ea
2448 3088 2667 3133 tantum
2705 3079 2951 3134 attulisse
2991 3078 3275 3152 putandus
3313 3093 3422 3153 est,
3450 3103 3574 3157 quae
3602 3088 3678 3140 ad

2121 3163 2508 3220 illustrandam
2533 3166 2671 3222 Vitae
2698 3165 3027 3222 Graecorum
3067 3166 3358 3223 historiam
3398 3175 3675 3226 momenti

2122 3251 2356 3323 alicujus
2382 3261 2578 3310 essent.

2203 3339 2386 3412 Igitur
2420 3349 2484 3392 ut
2507 3340 2703 3411 paucis
2723 3341 3055 3395 sententiam
3084 3359 3267 3396 meam
3304 3346 3679 3417 comprehen-

2124 3422 2254 3478 dam
2268 3465 2284 3493 ‚
2300 3424 2652 3479 Dicaearchus
2674 3425 2734 3479 in
2753 3422 2861 3504 Βίῳ
2885 3421 3165 3498 Ἑλλάδος,
3187 3428 3347 3484 initio
3370 3443 3591 3505 sumpto
3607 3433 3679 3488 ab

2125 3510 2255 3584 ipsis
2296 3510 2529 3566 humani
2571 3513 2790 3586 generis
2826 3512 3154 3587 primordiis
3171 3555 3186 3582 ,
3219 3517 3461 3587 primum
3495 3537 3681 3593 expo-

2123 3600 2234 3653 suit
2255 3599 2532 3654 rationem
2551 3610 2607 3654 et
2629 3601 2787 3673 quasi
2810 3599 3017 3674 gradus
3033 3642 3049 3671 ,
3069 3601 3273 3673 quibus
3289 3604 3362 3659 ad
3382 3607 3682 3663 cultiorem

2126 3685 2300 3740 vitam
2337 3684 2638 3759 paullatim
2681 3687 2935 3742 homines
2971 3689 3249 3762 progressi
3292 3688 3427 3755 sint;
3469 3688 3682 3744 deinde

2127 3774 2536 3845 antiquissimas
2560 3773 2713 3829 orbis
2739 3783 3018 3830 terrarum
3043 3776 3284 3831 civitates
3302 3775 3683 3848 perlustravit,

2128 3878 2435 3934 earumque
2472 3860 2763 3916 historiam
2791 3860 3098 3921 delineavit
3133 3860 3205 3917 ad
3230 3879 3295 3915 ea
3327 3879 3500 3932 usque
3531 3872 3680 3916 tem-

2127 3966 2306 4022 pora,
2359 3949 2564 4022 quibus
2615 3951 2978 4006 vetustissima
3026 3951 3343 4007 Graecorum
3391 3952 3673 4005 memoria

2128 4037 2468 4094 continetur.
2492 4037 2593 4093 nis
2615 4036 2909 4110 praemissis
2924 4079 2942 4113 ,
2970 4038 3045 4093 ad
3065 4037 3415 4111 propositum
3437 4036 3681 4110 propius

2126 4123 2426 4192 accedenS,
2464 4123 2638 4178 vitam
2665 4122 2920 4194 Graeciae,
2963 4124 3026 4179 id
3067 4134 3148 4180 est
3183 4125 3466 4179 civitatum
3498 4122 3676 4180 histo·

2124 4210 2265 4264 riam
2283 4250 2300 4279 ,
2341 4209 2634 4265 hominum
2663 4211 2724 4265 in
2759 4211 2872 4265 vita
2899 4201 3130 4284 p'ublica
3164 4223 3220 4267 et
3243 4214 3461 4285 privata
3492 4231 3681 4271 mores

2128 4306 2182 4351 et
2206 4297 2482 4366 instituta,
2509 4298 2716 4352 artium
2742 4298 3144 4371 literarumque
3170 4307 3456 4355 momenta
3480 4304 3679 4374 pracci-

2125 4401 2237 4455 pua
2252 4425 2268 4453 ‚
2290 4394 2344 4439 et
2361 4384 2568 4440 horum
2583 4385 2836 4439 omnium
2854 4397 3178 4460 progressus
3196 4397 3254 4442 et
3271 4389 3678 4457 conversiones,

2128 4470 2277 4527 libro
2294 4472 2482 4545 primo
2506 4470 2743 4527 deduxit
2769 4491 2944 4545 usque
2961 4472 3035 4528 ad
3051 4492 3316 4548 magnum
3339 4474 3487 4530 istud
3505 4473 3679 4551 παρά-

2126 4577 2314 4633 πηγμα
2342 4559 2622 4614 bellorum
2649 4560 3022 4616 Medicorum.
3049 4561 3229 4617 Simili
3261 4561 3437 4618 modo
3463 4580 3567 4636 per
3589 4582 3680 4618 se-

2128 4643 2376 4700 cundum
2392 4643 2603 4700 librum
2620 4646 2890 4703 Graeciam
2911 4646 3166 4721 depinxit
3178 4648 3240 4703 in
3256 4651 3424 4704 unius
3439 4650 3680 4705 societa-

2129 4733 2195 4786 tis
2213 4732 2512 4807 imaginem
2529 4733 2949 4806 coalescentem,
2965 4734 3312 4790 concordem
3325 4777 3340 4804 ,
3360 4736 3677 4809 superbam,

2127 4836 2262 4874 mox
2296 4819 2562 4892 superbia
2598 4819 2946 4891 discordem,
2981 4821 3143 4877 bellis
3190 4819 3552 4879 dilaceratam
3585 4825 3681 4879 in-

2128 4906 2368 4976 testinis,
2404 4906 2649 4979 denique
2690 4907 2965 4982 imperata
2998 4907 3296 4965 facientem
3335 4911 3486 4986 regis
3511 4923 3681 4985 pere-

2128 4993 2297 5065 grini.
2337 4992 2511 5049 Liber
2548 4995 2740 5050 tertius
2766 4994 2973 5050 deinde
3000 5008 3396 5069 argumentum
3435 4998 3682 5055 habebat

2128 5080 2428 5149 Graeciam,
2469 5081 2696 5154 qualem
2733 5081 2880 5137 vidit
2909 5092 3129 5152 auctor,
3172 5095 3229 5139 et
3253 5083 3678 5157 Alexandrum,

2130 5167 2226 5239 qui
2272 5184 2477 5242 genere
2515 5168 2782 5241 Macedo,
2819 5170 3007 5224 anixuo
3050 5170 3306 5241 Graecus,
3353 5170 3582 5228 fortuna
3623 5182 3684 5228 et
