4016 5916
418 432 528 482 268

1547 367 2062 478 DlCAEAchUs
2103 417 2477 478 MESSENII.

413 555 597 624 nicht,
639 557 757 615 dass
785 556 927 610 auch
954 554 1046 609 bei
1079 554 1471 628 Trophonius»,
1498 570 1617 608 wer
1644 553 1705 606 in
1740 553 1967 606 Erwar-
2058 547 2295 607 τεύεσθαι
2327 548 2480 625 μόνον
2514 547 2573 606 τὸ
2614 548 2814 628 ἄρχειν,
2851 549 2942 607 καὶ
2982 549 3309 630 πρεσὸεύειν,
3347 555 3433 611 καὶ
3469 578 3536 632 με
3525 552 3617 635 ’γα

414 652 553 716 tung
576 642 809 716 heiliger
824 641 1007 697 Lehre
1025 644 1085 695 in
1106 641 1199 696 die
1221 641 1658 714 Hoehlengaenge
1692 638 1969 713 hinabge-

413 731 656 803 stiegen,
687 748 777 784 am
808 729 968 785 Ende
994 730 1178 785 sehale
1221 727 1828 801 Nichtswiirdigkeiten
1849 724 1969 781 und

413 816 793 889 priesterliche
811 815 1247 872 Schmarotzerei
1265 812 1971 888 gefundenhaette.»1dem

415 902 683 959 Miillerus
700 902 906 957 librum
921 920 1089 976 quem
1105 902 1467 957 Plutarchum
1486 899 1557 955 de
1581 900 1810 954 oraculo
1828 900 1971 954 Tro-

414 989 613 1062 phonii
629 988 1001 1063 composuisse
1021 989 1352 1063 accepimus,
1376 997 1572 1042 contra
1586 986 1969 1043 Dicaearchum

414 1078 682 1150 scriptum
719 1094 832 1132 esse
871 1078 1197 1149 suspicatur.
1232 1075 1457 1130 Miilleri
1492 1075 1824 1129 sententiam
1870 1091 1973 1146 ap·-

417 1164 628 1236 probat
662 1164 942 1233 Osannus,
973 1164 1255 1235 suspicans
1306 1161 1634 1217 Ckoeronem
1664 1160 1777 1216 sive
1821 1160 1972 1215 Cha-

420 1268 632 1317 ronem,
674 1249 830 1323 cujus
863 1247 1059 1306 Cicero
1088 1250 1375 1318 meminit,
1404 1247 1633 1303 sortasse
1657 1265 1769 1302 esse
1794 1246 1970 1303 (372oe-

417 1336 761 1411 rephontem,
778 1339 1085 1411 parasitum
1109 1355 1179 1392 ex
1202 1336 1471 1393 Athenaeo
1499 1333 1515 1415 (
1545 1337 1638 1402 vl,
1656 1354 1718 1409 p.
1768 1340 1879 1399 242
1912 1346 1970 1390 et

417 1426 625 1498 passim
649 1424 666 1500 )
705 1426 1081 1494 notissimum,
1124 1443 1290 1496 quem
1336 1421 1690 1480 Dicaearchus
1729 1420 1974 1477 finxisset

418 1513 478 1565 in
500 1522 721 1566 antrum
738 1511 887 1567 istud
908 1511 1272 1580 descendisse,
1298 1511 1480 1584 specie
1499 1519 1562 1564 ut
1580 1510 1808 1565 oracula
1827 1510 1974 1565 acci-

417 1610 607 1672 peret,
634 1617 829 1657 revera
863 1610 928 1654 ut
959 1600 1423 1654 comessationum
1466 1598 1748 1671 particeps
1791 1595 1968 1656 fieret.

421 1685 588 1740 Haud
613 1687 853 1741 multum
872 1696 1058 1743 tamen
1075 1704 1184 1741 suae
1213 1687 1329 1759 ipse
1358 1686 1610 1741 Osannus
1637 1683 1973 1756 conjecturae

424 1773 640 1831 tribuit.

726 1903 731 1906 ⁸
808 1908 909 1966 Ex
949 1911 1188 1967 LIBRIS
1229 1911 1584 1969 INCERTIS.

1150 2057 1245 2121 74·

504 2176 783 2235 Plutarch.
813 2181 921 2252 Qu.
953 2180 1127 2236 Conv.
1156 2181 1233 2234 1v
1254 2181 1385 2252 init.
1419 2197 1479 2252 p.
1511 2177 1624 2252 599
1643 2219 1659 2247 ‚
1689 2180 1732 2233 F
1769 2197 1784 2231 ε
1815 2174 1975 2259 ᾬετο

421 2266 615 2344 χρῆναι
655 2264 968 2345 Δικαίαρχος
1009 2263 1180 2331 εὔνους
1220 2264 1314 2341 μὲν
1361 2267 1504 2343 αὑτῷ
1554 2264 1973 2345 παρασκευάζειν

425 2353 659 2418 ἅπαντας
720 2352 894 2433 φίλους
923 2351 977 2409 δὲ
1004 2353 1260 2410 ποιεῖσθαι
1284 2349 1402 2417 τοὺς
1430 2351 1671 2427 ἀγαθούς.

1152 2497 1248 2569 75.

504 2647 661 2702 Idem
699 2653 791 2702 An
828 2648 944 2700 seni
986 2664 1044 2718 g.
1085 2663 1233 2717 resp.
1271 2644 1365 2714 26,
1390 2664 1448 2719 p.
1498 2644 1632 2720 796,
1659 2645 1712 2700 D
1747 2662 1762 2700 τ
1811 2641 1970 2719 Παρὰ

422 2731 597 2789 πάντα
632 2729 685 2788 δὲ
720 2734 884 2788 ταῦτα
916 2727 1019 2806 χρὴ
1063 2728 1428 2805 μνημονεύειν,
1459 2733 1529 2795 ὡς
1555 2731 1650 2787 οὔκ
1678 2729 1788 2786 ἔστι
1822 2729 1971 2785 πολι-

1908 2846 1975 2856 .-ἡ

890 2917 1242 2976 INCERTAE
1282 2915 1509 2978 SEDIS.

1157 3031 1245 3081 7⁴.

490 3127 797 3179 Dicaearchus
822 3140 1218 3190 unumquemque
1255 3128 1495 3178 censebat-
1518 3128 1635 3178 dare
1672 3140 1868 3190 operam
1892 3127 1977 3178 de-

428 3206 569 3267 bere,
604 3207 662 3253 ut
697 3204 912 3254 omnium
941 3204 1324 3255 benevolentiam
1361 3204 1453 3255 sibi
1479 3204 1780 3267 conciliaret,
1810 3205 1978 3255 amici·

428 3284 546 3334 tiam
574 3284 736 3332 autem
756 3294 869 3331 cum
891 3281 1029 3332 bonis
1050 3281 1210 3332 iniret.

1056 3402 1071 3411 ,
1150 3366 1239 3416 75.

490 3469 669 3518 Praeter
698 3467 802 3517 haec
818 3479 929 3528 quae
959 3466 1169 3517 diximus
1191 3466 1379 3530 omnia,
1412 3465 1532 3517 illud
1553 3466 1786 3517 memoria
1807 3468 1976 3517 tenen-

426 3547 547 3596 dum
564 3547 663 3609 est,
681 3545 955 3610 reipublicae
974 3545 1431 3613 administrationem
1450 3559 1547 3595 non
1568 3546 1619 3595 in
1632 3546 1725 3596 hoc
1742 3546 1844 3597 solo
1867 3560 1977 3596 con·

426 3624 619 3685 sistere,
643 3624 701 3674 ut
732 3623 961 3687 imperes,
996 3623 1254 3687 legationes
1273 3622 1419 3673 obeas
1431 3661 1447 3686 ,
1480 3623 1532 3672 in
1567 3624 1799 3674 concione
1831 3624 1978 3675 vehe-

429 3704 615 3753 menter
630 3702 928 3768 voclsereris,
951 3704 1002 3752 et
1017 3702 1080 3752 ad
1097 3703 1372 3765 suggestum
1390 3701 1636 3752 baccheris
1647 3740 1663 3765 ,
1683 3702 1978 3766 dicendoque

431 3782 481 3829 et
505 3780 757 3830 scribendo
790 3780 1013 3842 grasseris
1040 3794 1052 3829 ε
1087 3779 1265 3843 quibus
1287 3778 1430 3830 rebus
1455 3780 1677 3829 nonnulli
1699 3779 1977 3843 reipublicae

425 3858 888 3910 administrationem
910 3859 1142 3910 definiunt
1153 3876 1169 3922 ς
1188 3858 1312 3910 sicut
1333 3861 1385 3909 et
1400 3858 1722 3923 philosophari
1745 3858 1831 3909 hos
1852 3857 1977 3909 dun-

430 3940 561 3986 taxat
576 3938 745 3999 putant
758 3974 772 3997 ,
786 3936 871 3999 qui
888 3936 937 3985 in
952 3936 1161 3987 exhedra
1178 3937 1433 3998 disserunt,
1453 3939 1538 3986 aut
1554 3935 1688 3986 libris
1700 3933 1977 3999 conscriptis

428 4016 614 4067 scholas
630 4028 742 4065 suas
762 4015 1148 4078 complectuntur
1168 4035 1182 4067 ε
1202 4014 1394 4066 interim
1416 4027 1499 4065 eos
1520 4014 1668 4077 fallit,
1684 4027 1795 4078 quae
1820 4016 1978 4078 quoti-

2064 639 2189 714 βοᾶν
2221 638 2273 693 ἐν
2302 635 2582 717 ἐκκλησία,
2605 635 2694 694 καὶ
2716 635 2837 714 περὶ
2859 637 2918 694 τὸ
2950 641 3097 715 βῆμα
3126 639 3402 720 βακχεύειν
3431 642 3620 722 λέγον-

2061 746 2152 789 τας
2179 720 2212 794 ἢ
2241 722 2557 803 γράφοντας,
2582 721 2616 780 ἃ
2640 725 2687 781 οἱ
2717 723 2902 781 πολλοὶ
2941 729 3031 782 τοῦ
3057 725 3420 785 πολιτεύεσθαι
3447 733 3612 807 νομί-

2062 811 2250 879 ζουσιν,
2291 806 2469 884 ὥσπερ
2513 806 2695 885 ἀμέλει
2736 809 2828 869 καὶ
2878 813 3171 891 φιλοσοφεῖν
3217 812 3333 879 τους
3371 815 3474 874 ἀπὸ
3517 824 3619 877 τοῦ

2064 894 2238 974 δίφρου
2268 895 2687 974 διαλεγομένους,
2719 898 2811 956 καὶ
2837 897 3029 978 σχολὰς
3053 900 3141 958 ἐπὶ
3172 901 3388 980 βιὸλίοις
3410 905 3622 984 περαί-

2063 1007 2266 1051 νοντας·
2295 988 2328 1053 ἠ
2362 983 2416 1042 δὲ
2446 983 2667 1063 συνεχὴς
2695 987 2747 1043 ἐν
2776 983 2941 1066 ἔργοις
2972 985 3063 1045 καὶ
3096 988 3341 1066 πράξεσιν
3370 990 3620 1069 ὁρωμένη

2062 1071 2182 1129 καθ’
2221 1070 2424 1151 ἡμέραν
2454 1074 2664 1149 ὃμαλως
2693 1072 2931 1132 πολιτεία
2967 1075 3057 1132 καὶ
3087 1076 3360 1158 φιλοσοφία
3393 1077 3619 1150 λέληθεν

2064 1157 2267 1226 αὐτούς.
2353 1157 2504 1217 Και·
2487 1157 2588 1238 γὰρ
2615 1158 2732 1225 τους
2764 1162 2814 1217 ἐν
2838 1163 2952 1224 ταῖς
2975 1166 3151 1228 στοαῖς
3180 1163 3624 1240 ἀνακάμπτοντας

2063 1254 2368 1327 περιπατεῖν
2393 1248 2566 1327 φασὶν,
2589 1249 2658 1313 ὡς
2682 1245 2824 1324 ἔλεγε
2853 1247 3199 1328 Δικαίαρχος,
3225 1251 3395 1309 οὐκέτι
3422 1250 3477 1309 δὲ
3499 1253 3622 1320 τους

2063 1336 2134 1401 εἷς
2162 1333 2315 1414 ἀγρον
2343 1334 2377 1406 ἢ
2401 1358 2526 1415 προς
2550 1334 2696 1415 φίλον
2728 1335 3048 1412 βαδίζοντας.
3079 1334 3305 1413 Ὅμοιον
3332 1339 3375 1396 δ
3404 1340 3517 1398 ἐστὶ
3541 1346 3622 1400 τῶ

2064 1425 2359 1503 φιλοσοφεῖν
2375 1445 2436 1482 το
2455 1421 2837 1481 πολιτεύεσθαι.
2857 1423 3147 1504 Σωκράτης
3161 1448 3281 1502 γουν
3301 1424 3415 1484 οὔτε
3441 1428 3620 1506 βάθρα

2064 1509 2165 1576 θεὶς
2209 1509 2317 1569 οὔτ
2360 1512 2430 1578 εἷς
2477 1508 2652 1590 θρόνον
2703 1508 2945 1584 καθίσας,
2992 1509 3110 1570 οὔτε
3160 1512 3302 1592 ὥραν
3347 1515 3624 1594 διατριὸἦς

2063 1596 2098 1668 ἢ
2149 1596 2440 1677 περιπάτου
2476 1620 2580 1665 τοις
2624 1596 2902 1678 γνωρίμοις
2937 1598 3262 1676 τεταγμένην
3304 1602 3620 1681 φυλάττων,

2067 1684 2203 1743 ἀλλὰ
2231 1685 2321 1744 καὶ
2347 1684 2727 1764 [συμ]παίζων,
2759 1682 2844 1742 ὅτε
2878 1684 3054 1765 τύχοι,
3082 1685 3174 1745 καὶ
3206 1687 3498 1765 συμπίνων,
3525 1691 3622 1749 καὶ

2067 1771 2539 1853 συστρατευόμενος
2563 1770 2738 1845 ἐνίοις,
2762 1770 2853 1831 καὶ
2884 1773 3266 1854 συναγοράζων,
3289 1773 3435 1843 τέλος
3452 1775 3504 1835 δὲ
3525 1777 3623 1837 καὶ

2067 1858 2428 1935 συνδεδεμένος
2473 1859 2562 1917 καὶ
2618 1858 2779 1918 πίνων
2830 1857 2893 1918 τὸ
2938 1859 3232 1941 φάρμακον,
3287 1862 3618 1943 ἐφιλοσόφει·

2065 1950 2267 2029 πρῶτος
2296 1947 2566 2016 ἀποδείξας
2605 1946 2692 2005 τὸν
2736 1946 2846 2027 βίον
2884 1946 3077 2005 ἅπαντι
3120 1948 3292 2028 χρόνῳ
3330 1948 3420 2008 καὶ
3470 1950 3620 2031 μέρει

2066 2034 2157 2094 καὶ
2193 2034 2378 2093 πάθεσι
2415 2034 2506 2093 καὶ
2544 2033 2850 2115 πράγμασιν
2884 2034 3066 2101 ἁπλῶς
3105 2035 3272 2094 ἅπασι
3313 2037 3620 2117 φιλοσοφίαν

2066 2121 2361 2202 δεχόμενον.
2378 2121 2535 2183 Οὕτω
2559 2120 2622 2194 δὴ
2642 2119 2938 2193 διανοητέον
2955 2120 3043 2179 καὶ
3057 2122 3177 2204 περὶ
3196 2123 3458 2191 πολιτείας
3469 2127 3618 2197 ,κτλ.

2143 2214 2484 2288 Longiorem
2523 2214 2713 2267 locum
2757 2210 3068 2268 exscribere
3105 2224 3392 2287 poteram,
3420 2225 3624 2288 utpote

2069 2301 2198 2374 qui,
2240 2301 2286 2355 si
2330 2300 2740 2374 comparaveris
2786 2317 2852 2354 ea
2888 2317 3011 2371 quae
3050 2298 3121 2356 de
3159 2301 3485 2356 Dicaearcho
3527 2305 3620 2359 τοῦ

2066 2391 2355 2464 πρακτικοῦ
2382 2383 2493 2465 βίου
2523 2386 2907 2442 collaudatore
2949 2399 3006 2442 et
3041 2388 3101 2441 in
3122 2387 3210 2443 his
3235 2388 3403 2444 rebus
3428 2390 3623 2445 Theo-

2066 2477 2278 2549 phrasti
2306 2485 2361 2530 et
2402 2474 2715 2531 Aristotelis
2744 2471 3062 2528 adversario
3102 2474 3160 2529 in
3198 2475 3625 2534 introductione

2066 2564 2415 2632 monuimus,
2450 2572 2601 2616 totus
2628 2579 2698 2616 ex
2738 2561 3046 2616 Dicaearchi
3085 2564 3358 2619 sententia
3383 2565 3625 2637 scriptus

2067 2669 2178 2705 esse
2197 2658 2471 2723 appareat.

2071 2893 2148 2943 die
2180 2894 2227 2942 in
2256 2892 2393 2942 sactis
2427 2889 2791 2951 actionibusque
2823 2889 3149 2949 continuatur,
3183 2890 3400 2952 aequabili
3436 2891 3616 2953 modo,

2069 2969 2369 3033 philosophia
2411 2970 2558 3031 atque
2616 2967 2768 3017 civilis
2800 2966 2938 3016 ratio.
2986 2970 3106 3018 Nam
3147 2968 3269 3017 sicut
3302 2968 3614 3018 Dicaearchus

2068 3049 2229 3111 refert,
2247 3062 2330 3098 eos
2346 3047 2541 3097 aiebant
2565 3045 2839 3107 ambulare,
2862 3046 2945 3109 qui
2977 3046 3026 3095 in
3050 3045 3308 3109 porticibus
3332 3046 3481 3108 spatia
3502 3060 3617 3096 sur-

2065 3139 2174 3175 sum
2209 3125 2532 3186 deorsumque
2562 3123 2880 3185 conlicerent,
2918 3135 3014 3172 uon
3055 3123 3139 3185 qui
3168 3123 3216 3172 iu
3250 3136 3413 3185 agrum
3447 3124 3618 3174 autad

2066 3203 2247 3252 amicos
2270 3202 2408 3250 irent.
2429 3201 2492 3249 At
2509 3199 2638 3249 enim
2657 3199 2826 3249 eadem
2844 3202 2917 3251 est
2938 3199 3301 3262 philosophandi
3322 3203 3441 3250 ratio
3454 3238 3467 3263 ,
3494 3215 3612 3264 quaa

2067 3277 2414 3341 rempublicam
2458 3275 2716 3326 tractandi.
2769 3279 2893 3327 Nam
2951 3278 3167 3327 socrates
3192 3312 3208 3339 ,
3252 3289 3406 3340 quum
3458 3291 3621 3341 neque

2065 3358 2262 3419 poneret
2286 3353 2539 3417 subsellia,
2564 3366 2723 3417 neque
2750 3353 3030 3407 cathedram
3049 3353 3404 3405 conscenderet
3418 3392 3433 3417 ,
3460 3369 3619 3419 neque

2067 3432 2311 3496 discipulis
2331 3432 2512 3483 scholae
2537 3433 2625 3482 aut
2640 3430 3040 3482 deambulationis
3057 3431 3207 3480 ullam
3231 3435 3412 3482 certam
3435 3433 3617 3483 consti·

2064 3513 2221 3560 tueret
2238 3509 2407 3578 horam
2426 3529 2440 3560 ι
2461 3508 2546 3559 sed
2571 3522 2684 3558 cum
2706 3507 2810 3557 aliis
2825 3507 3022 3570 ludenS,
3048 3521 3156 3557 cum
3181 3508 3314 3569 aliiS,
3342 3512 3396 3559 ut
3424 3524 3498 3559 res
3521 3510 3612 3559 da-

2064 3589 2172 3651 bat,
2189 3587 2383 3651 bibens,
2404 3587 2616 3637 militans
2628 3624 2642 3647 ,
2662 3586 2712 3636 in
2735 3585 2840 3636 foro
2858 3598 3077 3649 versans,
3096 3584 3158 3635 ad
3176 3588 3444 3636 extremum
3468 3589 3618 3638 etiam

2064 3665 2114 3715 in
2136 3678 2328 3716 carcere
2353 3666 2543 3716 vinctus
2574 3668 2625 3716 et
2662 3678 2903 3715 venenum
2925 3665 3122 3728 bibens,
3146 3664 3568 3728 philosophabatur
3599 3688 3613 3716 ι

2066 3744 2349 3806 primusque
2369 3743 2578 3794 ostendit
2613 3742 2728 3792 vitoe
2760 3754 2906 3793 omne
2939 3744 3156 3806 tempus,
3181 3746 3365 3804 partem
3392 3756 3612 3807 omnem,

2064 3833 2202 3870 casus
2217 3833 2383 3869 omnes
2397 3857 2411 3882 ,
2432 3821 2677 3883 negotium
2700 3832 2844 3870 omne
2865 3823 3032 3883 aptum
3056 3832 3156 3871 esse
3173 3818 3331 3868 studio
3348 3819 3613 3880 sapientia·-

2064 3897 2205 3955 Quod
2253 3896 2558 3959 cogitandum
2602 3896 2841 3947 mehercle
2885 3900 2959 3947 est
2983 3898 3128 3948 etiam
3173 3895 3234 3945 de
3274 3894 3614 3955 gubernatione

2063 3975 2271 4025 civitatis
2284 4010 2300 4037 ‚
2321 3977 2416 4025 etc.
2681 4002 2684 4005 >
3429 4005 3453 4014 --
