4016 5916
452 398 566 448 510
1441 386 1710 446 BEROSI
1752 384 2113 445 CHALDAEI
2155 383 2658 444 FRAGMENTA.

449 517 652 573 Euseb.
687 515 752 573 P.
801 518 865 570 E.
910 517 1032 586 XV,
1077 514 1143 571 51
1170 556 1185 584 ,
1227 534 1287 590 p.
1334 509 1448 581 848
1486 517 1568 580 D;
1609 516 1860 571 Stobaeus
1887 515 2008 573 Ecl.
2096 517 2181 571 uti
2207 526 2365 571 notat
2400 515 2688 571 Fabricius
2726 514 2787 569 in
2821 513 2965 572 Bibl.
3002 515 3098 573 Gr.
3139 525 3274 577 tom.
3312 517 3403 586 ΙΙ,
3436 535 3506 590 p.
3556 514 3645 571 51
3676 537 3709 572 ι

446 606 609 677 phys.
641 622 702 676 p.
736 602 869 659 558.
1989 595 1995 600 ⁴
2099 602 2232 659 coll.
2262 621 2322 677 p.
2354 599 2488 657 510.

1186 697 1277 735 20.
2832 708 2923 766 23·

528 802 812 857 Vitruvius
858 802 976 874 lx,
1013 799 1047 854 6
1089 798 1161 872 (9)
1202 818 1217 858 ²
1255 802 1646 873 Hemi‘U‘leum
1683 813 2006 856 excavatum
2179 822 2338 877 Idem
2366 824 2497 889 VII,
2534 820 2607 876 50
2633 840 2646 875 :
2676 822 2952 895 Epigenes
2980 830 3192 873 centum
3220 821 3525 874 duodecim
3558 842 3705 876 an-

449 910 523 945 ex
542 890 812 963 quadrato
831 888 912 941 ad
925 888 1272 960 enclimaque
1294 895 1557 942 succisum
1582 890 1815 943 Berosus
1839 889 2003 944 Chal·
2099 928 2199 964 πω.
2220 910 2442 985 implen-
2467 914 2692 981 negavi!
2708 925 2904 984 pom-e,-
2944 909 3177 960 Berosus
3207 908 3409 960 excedi
3438 922 3709 963 oemunt

449 980 607 1031 cloeus
634 975 836 1029 dicitur
858 979 1138 1041 invenisse,
1168 975 1413 1049 scaphen
1431 981 1539 1030 sive
1558 975 2012 1048 hemisphaerium
2096 997 2501 1070 septemdecim·

451 1063 806 1120 Ars-''²⁶²'‘07W5
830 1063 1074 1120 Samius·
2177 1083 2465 1138 Censorin.
2495 1084 2581 1138 De
2608 1079 2701 1136 die
2732 1091 2846 1135 nat.
2880 1099 2932 1138 c.
2967 1098 3033 1151 17
3070 1099 3085 1136 ι
3124 1081 3405 1155 Epigenes
3440 1085 3500 1135 in
3538 1102 3693 1137 cen-

1187 1166 1219 1203 2
1233 1168 1254 1204 ¹
1268 1189 1281 1202 ·
2099 1182 2211 1224 tum
2233 1170 2520 1224 duodecim
2557 1171 2722 1222 annis
2751 1170 3122 1242 longissimam
3146 1174 3321 1226 vitam
3346 1175 3677 1236 constituit,

529 1277 738 1329 Seneca
770 1273 898 1327 Nat.
931 1270 1039 1342 Qu.
1069 1273 1184 1338 ΙΙΙ,
1222 1288 1297 1343 29
1347 1287 1361 1322 :
1413 1269 1651 1338 Quidam
1696 1273 2019 1322 existimant
2098 1259 2334 1312 Berosus
2357 1261 2415 1311 in
2436 1267 2650 1310 centum
2668 1256 2925 1312 sedecim·

453 1376 657 1417 zen-am
684 1377 897 1433 quoque
918 1362 1156 1424 concuti,
1195 1368 1250 1410 et
1278 1357 1494 1427 dirupto
1515 1356 1633 1408 solo
1654 1355 2013 1425 novaflnmi-
2176 1345 2451 1418 Epigenes
2492 1343 2587 1398 ille
2628 1344 2935 1411 Byzantius
2976 1341 3181 1397 dicitur
3219 1361 3311 1415 ap.
3360 1343 3681 1403 Censorin.

451 1468 582 1503 ‚mm
604 1453 792 1521 capim
816 1448 1094 1517 detegere,
1134 1463 1261 1518 9¹¹oe
1285 1444 1531 1515 amplius
1552 1454 1612 1495 ut
1628 1443 1855 1514 &pleno
1875 1461 2013 1515 pro-
2101 1450 2152 1487 c.
2200 1449 2254 1500 7.
2286 1428 2542 1484 Eundem
2577 1427 2810 1483 laudant
2845 1429 3051 1485 Seneca
3084 1430 3193 1500 Qu.
3236 1430 3371 1487 Nat.
3410 1432 3522 1486 VII
3542 1473 3561 1500 ,
3608 1431 3641 1486 3
3660 1453 3689 1500 3

447 1534 711 1601 fundant.
735 1536 1000 1599 Berosus,
1035 1535 1131 1605 qui
1151 1531 1349 1584 Belum
1380 1535 1769 1601 interpretatus
1793 1540 1897 1595 est,
1931 1533 2017 1582 ait
2101 1516 2353 1573 Stobaeus
2378 1517 2500 1575 ECl·
2524 1518 2581 1585 1,
2615 1535 2718 1590 293
2750 1517 3033 1573 Plutarch·
3061 1520 3145 1572 De
3162 1519 3311 1591 plac.
3345 1518 3496 1591 phil.
3548 1521 3642 1575 III
3660 1562 3683 1587 ‚

454 1641 610 1677 cursu
644 1626 750 1676 ista
788 1622 1026 1674 siderum
1057 1619 1227 1691 fieri,
1259 1628 1316 1670 et
1344 1616 1485 1670 adeo
1512 1616 1727 1688 quidem
1756 1616 1821 1668 id
1851 1613 2013 1687 affir·
2104 1623 2136 1660 2
2154 1647 2169 1674 ‚
2219 1626 2249 1676 7
2277 1601 2589 1680 (Ἐπιγένης
2628 1601 2917 1678 πνεύματος
2950 1599 3210 1682 ἀναφορὰν
3246 1609 3545 1680 γεωμιγοῦς
3578 1630 3685 1662 πε-

454 1721 601 1775 mat,
637 1721 695 1762 ut
719 1707 1155 1779 conflagrationi
1193 1716 1356 1777 atque
1391 1704 1598 1757 diluvio
1634 1714 1880 1776 tempora
1922 1722 2018 1756 as-
2101 1689 2406 1771 πυρωμένου
2424 1710 2502 1749 sc.
2525 1687 2611 1747 τὸν
2631 1689 2864 1766 κομήτην
2895 1678 3026 1746 εἶναί
3045 1692 3246 1769 φησιν).
3274 1695 3685 1766 Reponendus

453 1803 651 1871 signet.
694 1798 909 1849 Arsura
961 1798 1110 1848 enim
1157 1803 1377 1846 terrena
1424 1790 1735 1861 contendit,
1790 1792 2017 1863 quando
2103 1782 2299 1854 etlam,
2319 1789 2587 1834 monente
2608 1777 2894 1835 Lobeckio
2918 1779 2977 1832 in
2996 1779 3274 1853 Aglaoph.
3295 1799 3358 1853 p.
3394 1779 3504 1846 341
3526 1825 3544 1852 ,
3580 1802 3679 1857 ap.

452 1887 640 1938 omnia
664 1884 870 1948 sidera,
912 1899 1043 1955 quae
1069 1897 1215 1934 nunc
1247 1879 1482 1932 diversos
1510 1889 1685 1953 agunt
1714 1896 1921 1944 cursus,
1959 1884 2017 1932 in
2102 1867 2279 1923 SChOl·
2301 1867 2489 1940 Apoll·
2513 1867 2626 1923 Rh.
2652 1867 2759 1935 III,
2786 1864 3063 1936 1378,ubi
3082 1868 3282 1940 vulgo:
3314 1864 3455 1945 Περὶ
3476 1857 3538 1924 οὗ
3564 1869 3587 1942 (
3600 1891 3682 1926 sc.

454 1989 715 2025 cancrum
737 1973 1110 2036 convenerint,
1131 1971 1209 2020 sic
1229 1967 1330 2020 sub
1347 1965 1535 2020 eodem
1554 1969 1741 2038 posita
1758 1969 2010 2037 vestigiO,
2102 1956 2190 2010 τοῦ
2216 1952 2488 2031 πυρόεντθς
2514 1949 2758 2029 ἀστέρος.)
2800 1949 3083 2027 Περῑγένης
3105 1952 3157 2008 ἓν
3186 1951 3290 2016 τοῖς
3319 1953 3687 2020 Χαλκιδικοῖς

455 2069 517 2111 ut
539 2069 692 2112 recta
716 2059 864 2110 linea
883 2061 1039 2109 exire
1058 2073 1169 2128 per
1189 2050 1347 2109 orbes
1366 2057 1607 2106 omnium
1623 2057 1830 2126 possin
1858 2057 2014 2106 inun·
2108 2040 2237 2117 (ὛῪ-
2270 2040 2371 2098 dd·
2398 2058 2619 2096 correx-
2657 2039 3000 2115 Χαλδαῖκοῖς)
3029 2037 3146 2116 περὶ
3168 2041 3271 2096 τῶν
3313 2042 3685 2117 μαθημάτων,

455 2147 735 2200 dationem
748 2141 1008 2215 fiam-am
1025 2183 1044 2209 ‚
1080 2160 1244 2216 quum
1273 2142 1467 2195 eadem
1495 2141 1738 2196 siderum
1769 2141 1930 2194 turba
1959 2146 2018 2193 fn
2103 2124 2364 2207 προειπὼν
2407 2124 2526 2203 περὶ
2570 2127 2671 2182 τῶν
2720 2124 2996 2194 πλανήτων
3050 2125 3162 2183 κτλ.
3216 2147 3247 2182 e
3305 2129 3442 2186 cod.
3496 2132 3638 2188 Par.
3662 2153 3685 2200 ς

456 2213 835 2308 capricornum
859 2235 1187 2286 convenerit.
1220 2229 1349 2282 Illic
1369 2231 1675 2294 solstitium,
1705 2227 1797 2281 htc
1825 2229 2019 2283 bruma
2104 2215 2274 2289 vulgo
2301 2214 2438 2291 Περ·
2477 2213 2528 2269 ἔν
2558 2213 2631 2290 τῷ
2659 2209 2777 2290 περὶ
2800 2215 2894 2282 τῆς
2916 2211 3239 2282 Χαλκῑδῑχῆς
3274 2215 3379 2268 τῶν
3410 2219 3685 2290 μαθημα·

456 2320 777 2393 conficitur3
801 2336 1028 2390 magnae
1041 2321 1315 2390 potentiae
1333 2320 1521 2387 signa,
1567 2316 1788 2389 quando
1817 2321 1872 2369 ῐη
1895 2321 2019 2389 ipsa
2105 2302 2280 2359 τικῶν.
2313 2301 2574 2357 Ceterum
2609 2301 2901 2374 Byzantius
2933 2301 3208 2375 Epigenes
3244 2302 3483 2357 fortasse
3522 2306 3683 2360 idem

456 2413 758 2463 mutatione
780 2413 914 2460 amn·
942 2417 1217 2460 momenta
1232 2417 1377 2460 sunt.
2107 2407 2275 2461 quem
2305 2390 2581 2444 Rhodium
2615 2386 2755 2443 dicit
2777 2388 2988 2442 Plinius
3022 2389 3080 2441 in
3102 2387 3232 2442 Ind.
3257 2400 3411 2445 auct.
3457 2391 3537 2444 ad
3568 2393 3679 2451 lib.

2106 2477 2263 2534 VIII.
2285 2477 2364 2534 X.
2395 2478 2550 2534 XIV.
2572 2477 2698 2532 XV.
2723 2476 2904 2544 XVII,
2924 2476 3139 2543 XVIII,
3169 2492 3457 2549 quemque
3480 2478 3683 2535 laudat

2106 2565 2333 2634 XXXI,
2352 2581 2397 2621 s,
2427 2582 2460 2618 α
2474 2582 2495 2618 1
2525 2562 2834 2638 (Epigenes
2850 2581 3070 2635 aquam,
3106 2580 3234 2635 quoe
3258 2570 3467 2638 septies
3480 2579 3681 2637 putre·

537 2653 750 2708 Plinius
791 2654 866 2707 H.
898 2652 970 2706 N.
1001 2652 1137 2717 VII,
1164 2668 1207 2703 s.
1243 2647 1313 2718 57
1360 2668 1374 2702 ε
1416 2649 1693 2723 Epigenes
1716 2649 1874 2722 apud
1903 2650 2019 2702 Ba-
2090 2649 2267 2721 facta
2305 2663 2550 2726 purgata
2602 2656 2708 2720 sit,
2746 2648 3008 2722 perhibet
3042 2652 3285 2724 amplius
3324 2671 3435 2705 non
3475 2666 3682 2727 putre-

459 2741 707 2811 bylonios
740 2738 1025 2793 DCCXX
1049 2755 1316 2791 annorum
1356 2736 1756 2790 observationes
1776 2736 2019 2790 siderum
2105 2739 2313 2813 scere).

1189 2544 1285 2583 22.

457 2828 746 2883 coctilibus
777 2826 1058 2879 laterculis
1083 2829 1374 2896 inscriptas
1394 2823 1572 2890 docet,
1614 2828 1798 2898 gravis
1827 2833 2024 2878 auctor

460 2919 718 2989 inprimis
725 2933 748 2980 ,-
801 2917 896 2985 qui
943 2915 1224 2965 minimum
1277 2911 1513 2966 Berosus
1562 2922 1624 2966 et
1674 2911 2020 2967 Critodemus

464 3001 891 3057 CCCCLXXX
920 2996 1045 3071 (alii
1088 2996 1382 3074 CCCXC)
1419 3018 1705 3056 annorum.
1787 3001 1880 3054 Ex
1913 3020 2021 3073 quo

461 3099 706 3162 apparet
743 3098 1009 3142 aeternum
1052 3088 1330 3140 literarum
1368 3106 1540 3144 usum.
1590 3117 1670 3131 —
1704 3088 1773 3142 V.
1815 3087 2019 3143 Ideler.

465 3175 725 3232 Chronol.
754 3174 812 3242 Ι,
839 3192 896 3246 Ρ.
922 3171 1033 3227 215
1063 3192 1147 3245 sq.
1175 3176 1370 3229 Annos
1397 3175 1522 3229 illos
1553 3176 1745 3230 Berosi
1772 3175 2021 3250 intellige

459 3282 637 3319 annos
658 3279 888 3335 magnos
912 3278 957 3314 s.
984 3259 1279 3333 periodos,
1306 3272 1403 3316 aut
1442 3280 1570 3317 cnm
1596 3263 1890 3317 Perizonio
1912 3273 2024 3318 sta·

459 3348 738 3405 tuendum
769 3356 850 3402 est
878 3346 1145 3402 excidisse
1184 3347 1405 3421 signum
1427 3349 1516 3403 M.
1569 3348 1652 3405 Cf.
1695 3348 1891 3403 Cicero
1933 3352 2022 3406 De

460 3437 638 3491 divin.
677 3438 731 3504 1,
773 3453 847 3508 19·
870 3453 884 3487 z
938 3434 1367 3490 Contemnamus
1408 3440 1579 3489 etiam
1615 3436 2017 3507 Babylonios...

460 3537 559 3579 aut
591 3525 845 3579 stultitiae
870 3534 971 3577 aut
1002 3526 1276 3577 vanitatis
1316 3535 1415 3577 aut
1454 3524 1877 3595 imprudentius,
1927 3530 2024 3598 qui

465 3611 831 3668 CCCCLXX
843 3612 1025 3665 millia
1051 3628 1348 3677 annorum,
1378 3622 1438 3664 ut
1463 3614 1568 3683 ipsi
1583 3612 1794 3676 dicunt,
1830 3629 2023 3665 monu-

460 3704 661 3753 mentis
690 3696 1083 3773 comprehensa
1115 3702 1408 3773 continent.
1441 3696 1727 3753 Diodorus
1758 3698 1815 3751 II
1833 3740 1851 3772 ,
1889 3697 1921 3752 3
1935 3718 1955 3751 1
2005 3717 2020 3752 τ

460 3781 627 3844 Ἕτῶν
643 3781 742 3862 γὰρ
767 3780 898 3840 ἑπτά
919 3805 972 3841 τε
988 3781 1076 3839 καὶ
1096 3783 1483 3863 τεσσᾶρακοντα
1510 3779 1763 3862 μυριάδας
1785 3780 1876 3840 καὶ
1892 3785 2025 3862 τρεῖς

461 3870 549 3931 ἐπὶ
571 3872 783 3938 ταύταις
805 3870 1045 3949 χιλιάδας
1062 3868 1335 3950 (473000)
1354 3870 1423 3936 εἷς
1448 3868 1542 3940 τὴν
1563 3866 1891 3948 Ἀλεξάνδρου
1914 3869 2022 3937 διά-ς

461 3956 613 4016 ὄασιν
635 3956 897 4036 γεγονέναι
920 3961 1323 4036 καταριθμοῦσιν
1349 3958 1370 4033 (
1388 3956 1692 4032 Chaldaei),
1718 3957 1803 4037 ἀφ’
1823 3954 1942 4015 ὅτου
1966 3956 2024 4016 τὸ

460 4044 683 4103 παλαιὸν
707 4042 927 4124 ἤρξαντο
955 4046 1058 4102 τῶν
1093 4043 1294 4123 ἄστρων
1322 4042 1413 4110 τὰς
1438 4043 1826 4124 παρατηρήσεις
1851 4052 2021 4103 ποιεῖ-

462 4138 598 4192 σθαι.
645 4134 892 4192 African.
930 4148 1021 4208 ap.
1042 4135 1282 4207 Syncell.
1305 4153 1365 4207 p.
1387 4152 1485 4204 17:
1511 4132 1617 4191 Τὸν
1629 4136 1729 4190 τῶν
1743 4133 2020 4193 Χαλδαίων

460 4223 642 4300 λ’ἧρον,
664 4220 750 4278 τὸν
778 4224 879 4278 τῶν
900 4243 1106 4278 τεσσα
1127 4220 1324 4301 ρᾶκον
1346 4244 1424 4277 τοι
1444 4220 1613 4278 ὀκτὼ
1653 4220 2019 4301 μυριάδων,

460 4307 513 4365 τί
532 4309 608 4365 δεῖ
633 4306 799 4386 λέγειν
819 4329 836 4383 ;
862 4310 1147 4382 Quatenus
1168 4328 1271 4365 nos
1288 4311 1478 4364 Berosi
1503 4327 1767 4366 numeros
1788 4311 2023 4366 traditos

462 4398 776 4472 accepimus
792 4440 808 4467 ,
868 4416 1082 4453 summa
1137 4395 1415 4453 conflatur
1472 4416 1751 4453 annorum
1801 4398 2023 4454 circiter

464 4485 720 4551 468000.
744 4486 974 4542 Diversa
1010 4487 1177 4560 plane
1202 4486 1465 4560 leguntur
1491 4503 1583 4559 ap.
1613 4486 1928 4559 Syncellum
1963 4496 2019 4541 et

460 4573 664 4633 Euseb.
692 4574 753 4628 in
775 4572 973 4648 fragm.
1009 4591 1033 4629 1
1058 4574 1180 4630 init.
1199 4603 1280 4617 —-
1298 4572 1599 4628 Critodemi
1619 4568 2018 4646 ἀποτελέσματα

463 4659 706 4715 citantur
756 4661 816 4714 in
857 4658 988 4714 cod.
1035 4659 1284 4716 Colbert.
1336 4658 1507 4733 2069,
1561 4659 1826 4716 Lambec.
1877 4661 1981 4715 VII
1999 4701 2015 4729 ,

459 4763 524 4819 p.
549 4745 656 4802 261
678 4788 693 4818 ‚
723 4745 860 4822 284,
888 4757 943 4802 et
970 4766 999 4802 a
1020 4748 1173 4802 Julio
1198 4748 1445 4803 Pumice
1474 4758 1528 4803 et
1549 4749 1735 4803 Vettio
1757 4746 2016 4815 Valente,

2839 2843 2933 2880 22.

2187 2938 2469 2994 Vitruvius
2493 2937 2609 3010 IX,
2644 2941 2675 3001 l,
2703 2930 2776 3010 (7)
2801 2954 2820 2988 .·
2850 2936 3049 2991 Cetera
3069 2952 3143 2989 ex
3159 2937 3472 3009 astrologia
3490 2978 3509 3005 ,
3543 2958 3677 3012 quos

2108 3024 2343 3096 ffctus
2368 3026 2615 3080 habeant
2639 3029 2805 3098 signa
2831 3025 3118 3077 duodecim
3138 3070 3155 3093 ‚
3170 3026 3369 3077 stelloe
3396 3030 3663 3099 quinque,

2106 3116 2217 3180 sol,
2242 3116 2376 3167 luna
2397 3114 2480 3166 ad
2498 3111 2763 3165 humana·
2783 3116 2924 3166 vitoe
2942 3116 3231 3178 rationem,
3269 3110 3671 3168 Chaldceorum

2107 3200 2620 3256 ratiocinationibus
2641 3211 2727 3253 est
2734 3200 3149 3266 concedendum,
3176 3201 3327 3272 quod
3326 3206 3575 3274 propria
3592 3214 3675 3255 est

2109 3308 2293 3344 eorum
2314 3287 2766 3365 genethliologioe
2790 3292 2936 3342 ratio
2953 3328 2968 3355 ,
3007 3298 3069 3341 ut
3092 3291 3307 3359 possint
3340 3300 3477 3342 ante
3497 3286 3673 3357 sacta

2109 3375 2381 3446 etsutura
2406 3394 2483 3430 ex
2501 3375 3019 3431 ratiocinationibus
3046 3385 3318 3429 nsaw-um
3351 3377 3663 3447 explicam.

2107 3466 2314 3520 Eorum
2355 3476 2538 3519 autem
2567 3468 2923 3530 inventiones,
2969 3478 3108 3535 quas
3148 3465 3375 3534 scriptis
3424 3463 3671 3534 relique·

2109 3563 2263 3622 nent,
2289 3572 2399 3626 qua
2432 3553 2661 3608 solertia
2690 3551 2988 3626 quibusque
3026 3550 3377 3603 acuminibus
3407 3561 3463 3604 et
3502 3570 3669 3622 quam

2112 3647 2310 3712 magni
2332 3639 2576 3712 suerint,
2630 3644 2727 3714 qui
2760 3637 2834 3694 ab
2863 3644 2986 3711 ipsa
3020 3642 3241 3692 natione
3271 3637 3671 3693 Chaldaeorum

2103 3728 2491 3803 profluxerunt
2507 3770 2520 3796 ,
2570 3728 2881 3784 ostendunt.
2965 3727 3291 3798 Primusque
3329 3724 3566 3779 Bemsus
3608 3734 3669 3779 in

2113 3818 2294 3871 insula
2319 3828 2375 3871 et
2396 3820 2612 3871 civitate
2643 3815 2718 3872 Co
2743 3814 3008 3881 consedit,
3051 3812 3235 3886 ibique
3256 3817 3479 3887 aperuit
3493 3813 3665 3866 disci-

2106 3906 2348 3978 plinam.
2377 3906 2578 3959 Postea
2600 3903 2820 3958 studens
2838 3903 3136 3976 Antipater
3156 3905 3389 3973 itemque
3411 3897 3663 3953 Achiua-

2105 3994 2296 4065 pquS,
2329 3998 2426 4065 qui
2446 3996 2615 4045 etiam
2643 4009 2752 4044 non
2792 4007 2823 4044 e
2850 3992 3163 4054 nascentia,
3215 3989 3317 4042 sed
3355 4005 3425 4039 ex
3462 4003 3659 4040 conce·

2105 4083 2300 4152 ptione
2319 4077 2768 4152 genethliologioe
2801 4080 3039 4131 rationes
3065 4076 3379 4148 explicatas
3398 4075 3645 4144 reliquit.

2836 4195 2934 4252 25.

2188 4313 2398 4367 Plinius
2420 4313 2494 4366 H.
2524 4311 2597 4367 N.
2618 4312 2750 4378 VII,
2782 4307 2851 4378 37
2881 4327 2895 4361 x
2931 4309 2987 4360 V
2979 4311 3223 4361 cii-iarum
3249 4308 3460 4359 aniam
3486 4309 3673 4359 scien-

2112 4403 2207 4452 tioe
2231 4397 2658 4452 innumerabiles
2679 4399 2938 4461 enituere,
2966 4411 3106 4468 quas
3131 4404 3316 4447 tamen
3334 4394 3549 4464 attingi
3561 4411 3678 4466 par

2106 4489 2181 4537 sit
2198 4484 2401 4553 florem
2434 4483 2715 4539 hominum
2742 4481 3055 4535 libantibus.
3136 4479 3459 4553 Asa-ologia
3492 4478 3673 4534 Bero-

2106 4590 2222 4638 sus,
2257 4577 2348 4625 cui
2373 4571 2442 4627 ob
2473 4572 2687 4625 divinas
2711 4569 3115 4645 praedictiones
3141 4565 3519 4621 Athenienses
3540 4584 3671 4639 pu-

2109 4660 2248 4713 blice
2289 4663 2345 4713 in
2389 4659 2693 4732 Gymnasio
2729 4668 2965 4712 statuam
3000 4660 3261 4710 inaurata
3304 4654 3504 4727 lingua
3543 4663 3673 4709 sta·

2111 4757 2276 4803 luere·
