<?xml version="1.0" encoding="UTF-8"?>
<!DOCTYPE html PUBLIC "-//W3C//DTD XHTML 1.0 Transitional//EN"
    "http://www.w3.org/TR/xhtml1/DTD/xhtml1-transitional.dtd">
<html xmlns="http://www.w3.org/1999/xhtml" xml:lang="en" lang="en">
 <head>
  <title>
</title>
<meta http-equiv="Content-Type" content="text/html;charset=utf-8" />
  <meta name='ocr-system' content='tesseract 3.04.00' />
  <meta name='ocr-capabilities' content='ocr_page ocr_carea ocr_par ocr_line ocrx_word'/>
</head>
<body>
  <div class='ocr_page' id='page_1' title='image "./fragmentahistor00mgoog_0080.png"; bbox 0 0 4016 5916; ppageno 0'>
   <div class='ocr_carea' id='block_1_1' title="bbox 474 387 2584 483">
    <p class='ocr_par' dir='ltr' id='par_1_1' title="bbox 474 387 2584 483">
     <span class='ocr_line' id='line_1_1' title="bbox 474 387 2584 483; baseline 0.001 -10"><span class='ocrx_word' id='word_1_1' title='bbox 474 433 546 483; x_wconf 81' lang='lat'>28</span> <span class='ocrx_word' id='word_1_2' title='bbox 1552 417 1955 477; x_wconf 73' lang='lat' dir='ltr'>nssssonom</span> <span class='ocrx_word' id='word_1_3' title='bbox 2015 387 2584 476; x_wconf 61' lang='lat' dir='ltr'>HERACLEssNsi&#39;s</span> 
     </span>
    </p>
   </div>
   <div class='ocr_carea' id='block_1_2' title="bbox 470 557 2028 1491">
    <p class='ocr_par' dir='ltr' id='par_1_2' title="bbox 470 557 2028 1491">
     <span class='ocr_line' id='line_1_2' title="bbox 470 557 2026 630; baseline -0.004 -13"><span class='ocrx_word' id='word_1_4' title='bbox 470 564 759 619; x_wconf 78' lang='lat' dir='ltr'>historiam</span> <span class='ocrx_word' id='word_1_5' title='bbox 796 561 1241 626; x_wconf 82' lang='lat' dir='ltr'>immutaverint,</span> <span class='ocrx_word' id='word_1_6' title='bbox 1279 568 1433 613; x_wconf 85' lang='lat' dir='ltr'>tanto</span> <span class='ocrx_word' id='word_1_7' title='bbox 1464 558 1638 629; x_wconf 77' lang='lat' dir='ltr'>niagis</span> <span class='ocrx_word' id='word_1_8' title='bbox 1662 559 1776 630; x_wconf 88' lang='lat' dir='ltr'>ipse</span> <span class='ocrx_word' id='word_1_9' title='bbox 1822 557 1926 611; x_wconf 86' lang='lat' dir='ltr'>sibi</span> <span class='ocrx_word' id='word_1_10' title='bbox 1968 558 2026 610; x_wconf 92' lang='lat' dir='ltr'>in</span> 
     </span>
     <span class='ocr_line' id='line_1_3' title="bbox 474 644 2027 705; baseline -0.005 -1"><span class='ocrx_word' id='word_1_11' title='bbox 474 648 722 705; x_wconf 80' lang='lat' dir='ltr'><strong>Ponticis</strong></span> <span class='ocrx_word' id='word_1_12' title='bbox 768 650 878 703; x_wconf 86' lang='lat' dir='ltr'>suis</span> <span class='ocrx_word' id='word_1_13' title='bbox 913 647 1243 702; x_wconf 90' lang='lat' dir='ltr'>commentis</span> <span class='ocrx_word' id='word_1_14' title='bbox 1283 644 1569 699; x_wconf 84' lang='lat' dir='ltr'>indulsisse</span> <span class='ocrx_word' id='word_1_15' title='bbox 1608 644 1850 697; x_wconf 87' lang='lat' dir='ltr'>videtur.</span> <span class='ocrx_word' id='word_1_16' title='bbox 1900 645 2027 697; x_wconf 88' lang='lat' dir='ltr'>Huc</span> 
     </span>
     <span class='ocr_line' id='line_1_4' title="bbox 470 732 2026 809; baseline -0.003 -18"><span class='ocrx_word' id='word_1_17' title='bbox 470 738 756 809; x_wconf 86' lang='lat' dir='ltr'>pertinent</span> <span class='ocrx_word' id='word_1_18' title='bbox 786 737 1061 793; x_wconf 79' lang='lat' dir='ltr'>Cerberus</span> <span class='ocrx_word' id='word_1_19' title='bbox 1100 733 1172 788; x_wconf 89' lang='lat' dir='ltr'>ad</span> <span class='ocrx_word' id='word_1_20' title='bbox 1200 732 1527 789; x_wconf 83' lang='lat' dir='ltr'>Heracleam</span> <span class='ocrx_word' id='word_1_21' title='bbox 1559 749 1627 786; x_wconf 84' lang='lat' dir='ltr'>ex</span> <span class='ocrx_word' id='word_1_22' title='bbox 1655 733 1806 786; x_wconf 85' lang='lat' dir='ltr'>Orco</span> <span class='ocrx_word' id='word_1_23' title='bbox 1835 742 2026 786; x_wconf 83' lang='lat' dir='ltr'>extra-</span> 
     </span>
     <span class='ocr_line' id='line_1_5' title="bbox 474 817 2022 901; baseline -0.004 -22"><span class='ocrx_word' id='word_1_24' title='bbox 474 823 832 901; x_wconf 82' lang='lat' dir='ltr'>ctus(fr.25)</span> <span class='ocrx_word' id='word_1_25' title='bbox 858 834 912 880; x_wconf 85' lang='lat' dir='ltr'>et</span> <span class='ocrx_word' id='word_1_26' title='bbox 930 823 1190 897; x_wconf 85' lang='lat' dir='ltr'>magister</span> <span class='ocrx_word' id='word_1_27' title='bbox 1206 821 1460 876; x_wconf 88' lang='lat' dir='ltr'>Herculis</span> <span class='ocrx_word' id='word_1_28' title='bbox 1472 817 1761 892; x_wconf 85' lang='lat' dir='ltr'>Scythicus</span> <span class='ocrx_word' id='word_1_29' title='bbox 1782 818 1885 891; x_wconf 85' lang='lat' dir='ltr'>(fr.</span> <span class='ocrx_word' id='word_1_30' title='bbox 1910 829 1935 874; x_wconf 78' lang='lat'>4</span> <span class='ocrx_word' id='word_1_31' title='bbox 1959 817 1977 894; x_wconf 92' lang='lat'><em>)</em></span> <span class='ocrx_word' id='word_1_32' title='bbox 2008 839 2022 873; x_wconf 90' lang='lat'>:</span> 
     </span>
     <span class='ocr_line' id='line_1_6' title="bbox 477 905 2026 984; baseline -0.005 -17"><span class='ocrx_word' id='word_1_33' title='bbox 477 913 625 967; x_wconf 88' lang='lat' dir='ltr'>adde</span> <span class='ocrx_word' id='word_1_34' title='bbox 662 913 1043 968; x_wconf 83' lang='lat' dir='ltr'>narrationem</span> <span class='ocrx_word' id='word_1_35' title='bbox 1083 909 1181 984; x_wconf 88' lang='lat' dir='ltr'>(fr.</span> <span class='ocrx_word' id='word_1_36' title='bbox 1233 907 1329 981; x_wconf 88' lang='lat'>16)</span> <span class='ocrx_word' id='word_1_37' title='bbox 1373 926 1483 981; x_wconf 89' lang='lat' dir='ltr'>qua</span> <span class='ocrx_word' id='word_1_38' title='bbox 1517 905 1645 977; x_wconf 85' lang='lat' dir='ltr'>jura</span> <span class='ocrx_word' id='word_1_39' title='bbox 1685 907 2026 961; x_wconf 82' lang='lat' dir='ltr'>Heracleen-</span> 
     </span>
     <span class='ocr_line' id='line_1_7' title="bbox 475 993 2028 1066; baseline -0.004 -12"><span class='ocrx_word' id='word_1_40' title='bbox 475 1003 618 1055; x_wconf 79' lang='lat' dir='ltr'>sium</span> <span class='ocrx_word' id='word_1_41' title='bbox 638 1001 701 1055; x_wconf 89' lang='lat' dir='ltr'>in</span> <span class='ocrx_word' id='word_1_42' title='bbox 721 1001 930 1055; x_wconf 81' lang='lat' dir='ltr'>vicinas</span> <span class='ocrx_word' id='word_1_43' title='bbox 945 999 1114 1054; x_wconf 88' lang='lat' dir='ltr'>urbes</span> <span class='ocrx_word' id='word_1_44' title='bbox 1137 1016 1205 1053; x_wconf 76' lang='lat' dir='ltr'>ex</span> <span class='ocrx_word' id='word_1_45' title='bbox 1224 997 1480 1052; x_wconf 88' lang='lat' dir='ltr'>Herculis</span> <span class='ocrx_word' id='word_1_46' title='bbox 1494 995 1725 1049; x_wconf 88' lang='lat' dir='ltr'>historia</span> <span class='ocrx_word' id='word_1_47' title='bbox 1746 993 2028 1066; x_wconf 80' lang='lat' dir='ltr'>quodam-</span> 
     </span>
     <span class='ocr_line' id='line_1_8' title="bbox 473 1082 2025 1161; baseline -0.005 -18"><span class='ocrx_word' id='word_1_48' title='bbox 473 1088 648 1143; x_wconf 89' lang='lat' dir='ltr'>modo</span> <span class='ocrx_word' id='word_1_49' title='bbox 678 1098 1033 1161; x_wconf 88' lang='lat' dir='ltr'>repetuntur.</span> <span class='ocrx_word' id='word_1_50' title='bbox 1063 1083 1278 1140; x_wconf 86' lang='lat' dir='ltr'>Similia</span> <span class='ocrx_word' id='word_1_51' title='bbox 1305 1094 1433 1138; x_wconf 85' lang='lat' dir='ltr'>sunt</span> <span class='ocrx_word' id='word_1_52' title='bbox 1465 1082 1670 1155; x_wconf 89' lang='lat' dir='ltr'>quibus</span> <span class='ocrx_word' id='word_1_53' title='bbox 1689 1083 1897 1155; x_wconf 88' lang='lat' dir='ltr'>patrias</span> <span class='ocrx_word' id='word_1_54' title='bbox 1929 1100 2025 1136; x_wconf 89' lang='lat' dir='ltr'>re-</span> 
     </span>
     <span class='ocr_line' id='line_1_9' title="bbox 472 1169 2026 1249; baseline -0.004 -20"><span class='ocrx_word' id='word_1_55' title='bbox 472 1177 706 1249; x_wconf 82' lang='lat' dir='ltr'>ligiones</span> <span class='ocrx_word' id='word_1_56' title='bbox 767 1194 900 1231; x_wconf 84' lang='lat' dir='ltr'>cum</span> <span class='ocrx_word' id='word_1_57' title='bbox 947 1174 1177 1228; x_wconf 87' lang='lat' dir='ltr'>historia</span> <span class='ocrx_word' id='word_1_58' title='bbox 1231 1174 1683 1245; x_wconf 79' lang='lat' dir='ltr'>Argonautarum</span> <span class='ocrx_word' id='word_1_59' title='bbox 1732 1169 2026 1243; x_wconf 84' lang='lat' dir='ltr'>conjungit</span> 
     </span>
     <span class='ocr_line' id='line_1_10' title="bbox 476 1255 2026 1336; baseline -0.004 -21"><span class='ocrx_word' id='word_1_60' title='bbox 476 1261 585 1335; x_wconf 83' lang='lat' dir='ltr'>(fr.</span> <span class='ocrx_word' id='word_1_61' title='bbox 615 1260 906 1336; x_wconf 79' lang='lat'>57—59).</span> <span class='ocrx_word' id='word_1_62' title='bbox 947 1261 1294 1316; x_wconf 83' lang='lat' dir='ltr'>Milesiorum</span> <span class='ocrx_word' id='word_1_63' title='bbox 1327 1257 1491 1325; x_wconf 88' lang='lat' dir='ltr'>urbi,</span> <span class='ocrx_word' id='word_1_64' title='bbox 1531 1255 1690 1310; x_wconf 90' lang='lat' dir='ltr'>alteri</span> <span class='ocrx_word' id='word_1_65' title='bbox 1727 1256 1883 1326; x_wconf 79' lang='lat' dir='ltr'>quasi</span> <span class='ocrx_word' id='word_1_66' title='bbox 1912 1258 2026 1310; x_wconf 91' lang='lat' dir='ltr'>He—</span> 
     </span>
     <span class='ocr_line' id='line_1_11' title="bbox 472 1341 2026 1422; baseline -0.006 -17"><span class='ocrx_word' id='word_1_67' title='bbox 472 1351 844 1406; x_wconf 86' lang='lat' dir='ltr'>racleotarum</span> <span class='ocrx_word' id='word_1_68' title='bbox 890 1347 1228 1422; x_wconf 88' lang='lat' dir='ltr'>metropoli,</span> <span class='ocrx_word' id='word_1_69' title='bbox 1266 1342 1609 1421; x_wconf 82' lang='lat' dir='ltr'>gratificatur</span> <span class='ocrx_word' id='word_1_70' title='bbox 1649 1342 1720 1396; x_wconf 85' lang='lat' dir='ltr'>fr.</span> <span class='ocrx_word' id='word_1_71' title='bbox 1766 1341 1871 1411; x_wconf 75' lang='lat'>43,</span> <span class='ocrx_word' id='word_1_72' title='bbox 1926 1344 2026 1397; x_wconf 89' lang='lat' dir='ltr'>ubi</span> 
     </span>
     <span class='ocr_line' id='line_1_12' title="bbox 470 1436 622 1491; baseline 0.02 -3"><span class='ocrx_word' id='word_1_73' title='bbox 470 1436 622 1491; x_wconf 81' lang='lat' dir='ltr'>vide.</span> 
     </span>
    </p>
   </div>
   <div class='ocr_carea' id='block_1_3' title="bbox 552 1516 2040 1594">
    <p class='ocr_par' dir='ltr' id='par_1_3' title="bbox 552 1516 2040 1594">
     <span class='ocr_line' id='line_1_13' title="bbox 552 1516 2040 1594; baseline -0.009 -15"><span class='ocrx_word' id='word_1_74' title='bbox 552 1526 832 1580; x_wconf 85' lang='lat' dir='ltr'>Hactenus</span> <span class='ocrx_word' id='word_1_75' title='bbox 850 1523 921 1578; x_wconf 91' lang='lat' dir='ltr'>de</span> <span class='ocrx_word' id='word_1_76' title='bbox 939 1523 995 1575; x_wconf 78' lang='lat' dir='ltr'>vi</span> <span class='ocrx_word' id='word_1_77' title='bbox 1014 1563 1030 1590; x_wconf 95' lang='lat'>‚</span> <span class='ocrx_word' id='word_1_78' title='bbox 1056 1539 1226 1594; x_wconf 86' lang='lat' dir='ltr'>quam</span> <span class='ocrx_word' id='word_1_79' title='bbox 1257 1519 1440 1593; x_wconf 86' lang='lat' dir='ltr'>patria</span> <span class='ocrx_word' id='word_1_80' title='bbox 1468 1518 1711 1572; x_wconf 85' lang='lat' dir='ltr'>auctoris</span> <span class='ocrx_word' id='word_1_81' title='bbox 1729 1516 1791 1569; x_wconf 88' lang='lat' dir='ltr'>in</span> <span class='ocrx_word' id='word_1_82' title='bbox 1816 1523 2040 1570; x_wconf 83' lang='lat' dir='ltr'>tracta--.</span> 
     </span>
    </p>
   </div>
   <div class='ocr_carea' id='block_1_4' title="bbox 472 1602 2030 1943">
    <p class='ocr_par' dir='ltr' id='par_1_4' title="bbox 472 1602 2030 1943">
     <span class='ocr_line' id='line_1_14' title="bbox 472 1602 2028 1666; baseline -0.004 -4"><span class='ocrx_word' id='word_1_83' title='bbox 472 1611 685 1665; x_wconf 84' lang='lat' dir='ltr'>tionem</span> <span class='ocrx_word' id='word_1_84' title='bbox 724 1611 1039 1666; x_wconf 81' lang='lat' dir='ltr'>fabularum</span> <span class='ocrx_word' id='word_1_85' title='bbox 1084 1607 1418 1662; x_wconf 87' lang='lat' dir='ltr'>exercuerit.</span> <span class='ocrx_word' id='word_1_86' title='bbox 1475 1603 1643 1658; x_wconf 85' lang='lat' dir='ltr'>Haud</span> <span class='ocrx_word' id='word_1_87' title='bbox 1688 1604 1920 1659; x_wconf 86' lang='lat' dir='ltr'>minoris</span> <span class='ocrx_word' id='word_1_88' title='bbox 1953 1602 2028 1656; x_wconf 88' lang='lat' dir='ltr'>ad</span> 
     </span>
     <span class='ocr_line' id='line_1_15' title="bbox 474 1691 2026 1764; baseline -0.005 -14"><span class='ocrx_word' id='word_1_89' title='bbox 474 1697 617 1753; x_wconf 75' lang='lat' dir='ltr'>lianc</span> <span class='ocrx_word' id='word_1_90' title='bbox 671 1716 792 1752; x_wconf 87' lang='lat' dir='ltr'>rem</span> <span class='ocrx_word' id='word_1_91' title='bbox 842 1696 1112 1751; x_wconf 86' lang='lat' dir='ltr'>momenti</span> <span class='ocrx_word' id='word_1_92' title='bbox 1156 1693 1384 1748; x_wconf 81' lang='lat' dir='ltr'>suerunt</span> <span class='ocrx_word' id='word_1_93' title='bbox 1422 1710 1544 1764; x_wconf 82' lang='lat' dir='ltr'>quae</span> <span class='ocrx_word' id='word_1_94' title='bbox 1583 1691 1847 1763; x_wconf 77' lang='lat' dir='ltr'>vigebant</span> <span class='ocrx_word' id='word_1_95' title='bbox 1892 1700 2026 1743; x_wconf 89' lang='lat' dir='ltr'>tunc</span> 
     </span>
     <span class='ocr_line' id='line_1_16' title="bbox 476 1777 2023 1855; baseline -0.004 -20"><span class='ocrx_word' id='word_1_96' title='bbox 476 1783 708 1838; x_wconf 76' lang='lat' dir='ltr'>Athenis</span> <span class='ocrx_word' id='word_1_97' title='bbox 759 1781 942 1837; x_wconf 88' lang='lat' dir='ltr'>studia</span> <span class='ocrx_word' id='word_1_98' title='bbox 985 1780 1456 1855; x_wconf 81' lang='lat' dir='ltr'>philosophorum</span> <span class='ocrx_word' id='word_1_99' title='bbox 1516 1777 2023 1849; x_wconf 83' lang='lat' dir='ltr'>sophistarumque.</span> 
     </span>
     <span class='ocr_line' id='line_1_17' title="bbox 474 1863 2030 1943; baseline -0.005 -20"><span class='ocrx_word' id='word_1_100' title='bbox 474 1876 821 1943; x_wconf 66' lang='lat' dir='ltr'>Anaxagorae</span> <span class='ocrx_word' id='word_1_101' title='bbox 839 1870 1107 1941; x_wconf 72' lang='lat' dir='ltr'>aequalem</span> <span class='ocrx_word' id='word_1_102' title='bbox 1124 1879 1180 1922; x_wconf 92' lang='lat' dir='ltr'>et</span> <span class='ocrx_word' id='word_1_103' title='bbox 1194 1868 1421 1921; x_wconf 86' lang='lat' dir='ltr'>sortasse</span> <span class='ocrx_word' id='word_1_104' title='bbox 1436 1863 1772 1937; x_wconf 88' lang='lat' dir='ltr'>discipulum</span> <span class='ocrx_word' id='word_1_105' title='bbox 1785 1873 2030 1936; x_wconf 80' lang='lat' dir='ltr'>arguunt</span> 
     </span>
    </p>
   </div>
   <div class='ocr_carea' id='block_1_5' title="bbox 471 1947 2026 2110">
    <p class='ocr_par' dir='ltr' id='par_1_5' title="bbox 471 1947 2026 2110">
     <span class='ocr_line' id='line_1_18' title="bbox 475 1947 2026 2030; baseline -0.001 -23"><span class='ocrx_word' id='word_1_106' title='bbox 475 1974 604 2028; x_wconf 79' lang='lat' dir='ltr'>quae</span> <span class='ocrx_word' id='word_1_107' title='bbox 640 1958 816 2013; x_wconf 86' lang='lat' dir='ltr'>multa</span> <span class='ocrx_word' id='word_1_108' title='bbox 837 1957 1140 2030; x_wconf 73' lang='lat' dir='ltr'>disputavit</span> <span class='ocrx_word' id='word_1_109' title='bbox 1163 1955 1234 2009; x_wconf 91' lang='lat' dir='ltr'>de</span> <span class='ocrx_word' id='word_1_110' title='bbox 1261 1952 1485 2008; x_wconf 87' lang='lat' dir='ltr'>mundis</span> <span class='ocrx_word' id='word_1_111' title='bbox 1509 1947 1804 2028; x_wconf 80' lang='grc' dir='ltr'><strong>μετεώροις.</strong></span> <span class='ocrx_word' id='word_1_112' title='bbox 1844 1953 2026 2006; x_wconf 88' lang='lat' dir='ltr'>Occa—</span> 
     </span>
     <span class='ocr_line' id='line_1_19' title="bbox 471 2030 2026 2110; baseline -0.004 -22"><span class='ocrx_word' id='word_1_113' title='bbox 471 2037 685 2091; x_wconf 86' lang='lat' dir='ltr'>sionem</span> <span class='ocrx_word' id='word_1_114' title='bbox 713 2039 794 2092; x_wconf 90' lang='lat' dir='ltr'>rei</span> <span class='ocrx_word' id='word_1_115' title='bbox 818 2036 1063 2110; x_wconf 87' lang='lat' dir='ltr'>praebuit</span> <span class='ocrx_word' id='word_1_116' title='bbox 1093 2036 1184 2088; x_wconf 90' lang='lat' dir='ltr'>leo</span> <span class='ocrx_word' id='word_1_117' title='bbox 1206 2036 1491 2088; x_wconf 80' lang='lat' dir='ltr'>Nemeaeus</span> <span class='ocrx_word' id='word_1_118' title='bbox 1519 2049 1550 2086; x_wconf 94' lang='lat' dir='ltr'>e</span> <span class='ocrx_word' id='word_1_119' title='bbox 1572 2030 1704 2085; x_wconf 89' lang='lat' dir='ltr'>luna</span> <span class='ocrx_word' id='word_1_120' title='bbox 1721 2070 1737 2097; x_wconf 92' lang='lat'>,</span> <span class='ocrx_word' id='word_1_121' title='bbox 1767 2031 1849 2083; x_wconf 90' lang='lat' dir='ltr'>uti</span> <span class='ocrx_word' id='word_1_122' title='bbox 1875 2031 2026 2083; x_wconf 88' lang='lat' dir='ltr'>sere-</span> 
     </span>
    </p>
   </div>
   <div class='ocr_carea' id='block_1_6' title="bbox 472 2118 2030 3418">
    <p class='ocr_par' dir='ltr' id='par_1_6' title="bbox 472 2118 2028 2371">
     <span class='ocr_line' id='line_1_20' title="bbox 474 2118 2028 2199; baseline -0.003 -23"><span class='ocrx_word' id='word_1_123' title='bbox 474 2122 640 2193; x_wconf 89' lang='lat' dir='ltr'>bant,</span> <span class='ocrx_word' id='word_1_124' title='bbox 662 2125 937 2197; x_wconf 80' lang='lat' dir='ltr'>delapsus,</span> <span class='ocrx_word' id='word_1_125' title='bbox 965 2125 1100 2194; x_wconf 85' lang='lat' dir='ltr'>Quae</span> <span class='ocrx_word' id='word_1_126' title='bbox 1142 2121 1288 2176; x_wconf 87' lang='lat' dir='ltr'>fama</span> <span class='ocrx_word' id='word_1_127' title='bbox 1316 2138 1492 2193; x_wconf 84' lang='lat' dir='ltr'>quum</span> <span class='ocrx_word' id='word_1_128' title='bbox 1514 2137 1603 2199; x_wconf 78' lang='lat' dir='ltr'>¹ex</span> <span class='ocrx_word' id='word_1_129' title='bbox 1646 2118 2028 2189; x_wconf 88' lang='lat' dir='ltr'>antiquissima</span> 
     </span>
     <span class='ocr_line' id='line_1_21' title="bbox 472 2205 2027 2286; baseline -0.007 -18"><span class='ocrx_word' id='word_1_130' title='bbox 472 2213 677 2268; x_wconf 82' lang='lat' dir='ltr'>Graecae</span> <span class='ocrx_word' id='word_1_131' title='bbox 715 2212 1001 2286; x_wconf 83' lang='lat' dir='ltr'>religionis</span> <span class='ocrx_word' id='word_1_132' title='bbox 1026 2209 1300 2264; x_wconf 86' lang='lat' dir='ltr'>memoria</span> <span class='ocrx_word' id='word_1_133' title='bbox 1340 2205 1647 2263; x_wconf 81' lang='lat' dir='ltr'>derivanda</span> <span class='ocrx_word' id='word_1_134' title='bbox 1687 2206 1776 2272; x_wconf 88' lang='lat' dir='ltr'>sit,</span> <span class='ocrx_word' id='word_1_135' title='bbox 1812 2206 2027 2259; x_wconf 88' lang='lat' dir='ltr'>utinam</span> 
     </span>
     <span class='ocr_line' id='line_1_22' title="bbox 474 2291 2030 2371; baseline -0.006 -18"><span class='ocrx_word' id='word_1_136' title='bbox 474 2299 637 2371; x_wconf 88' lang='lat' dir='ltr'>plura</span> <span class='ocrx_word' id='word_1_137' title='bbox 664 2299 937 2370; x_wconf 85' lang='lat' dir='ltr'>ejusmodi</span> <span class='ocrx_word' id='word_1_138' title='bbox 970 2308 1186 2353; x_wconf 80' lang='lat' dir='ltr'>servata</span> <span class='ocrx_word' id='word_1_139' title='bbox 1205 2295 1560 2350; x_wconf 85' lang='lat' dir='ltr'>haberemus.</span> <span class='ocrx_word' id='word_1_140' title='bbox 1593 2291 1668 2346; x_wconf 81' lang='lat' dir='ltr'>At</span> <span class='ocrx_word' id='word_1_141' title='bbox 1696 2293 1914 2364; x_wconf 85' lang='lat' dir='ltr'>reliqua</span> <span class='ocrx_word' id='word_1_142' title='bbox 1941 2291 2030 2345; x_wconf 91' lang='lat' dir='ltr'>di-</span> 
     </span>
    </p>

    <p class='ocr_par' dir='ltr' id='par_1_7' title="bbox 473 2378 2029 2807">
     <span class='ocr_line' id='line_1_23' title="bbox 474 2378 2029 2465; baseline -0.005 -27"><span class='ocrx_word' id='word_1_143' title='bbox 474 2388 615 2441; x_wconf 80' lang='lat' dir='ltr'>versi</span> <span class='ocrx_word' id='word_1_144' title='bbox 644 2387 811 2459; x_wconf 89' lang='lat' dir='ltr'>plane</span> <span class='ocrx_word' id='word_1_145' title='bbox 834 2386 1050 2460; x_wconf 87' lang='lat' dir='ltr'>generis</span> <span class='ocrx_word' id='word_1_146' title='bbox 1067 2393 1215 2438; x_wconf 89' lang='lat' dir='ltr'>sunt.</span> <span class='ocrx_word' id='word_1_147' title='bbox 1238 2383 1457 2437; x_wconf 88' lang='lat' dir='ltr'>Etenim</span> <span class='ocrx_word' id='word_1_148' title='bbox 1475 2390 1713 2434; x_wconf 79' lang='lat' dir='ltr'>vetustas</span> <span class='ocrx_word' id='word_1_149' title='bbox 1731 2378 1943 2465; x_wconf 72' lang='lat' dir='ltr'>fabulas</span> <span class='ocrx_word' id='word_1_150' title='bbox 1968 2379 2029 2431; x_wconf 95' lang='lat' dir='ltr'>in</span> 
     </span>
     <span class='ocr_line' id='line_1_24' title="bbox 478 2467 2025 2538; baseline -0.005 -11"><span class='ocrx_word' id='word_1_151' title='bbox 478 2476 793 2529; x_wconf 69' lang='lat' dir='ltr'>communis</span> <span class='ocrx_word' id='word_1_152' title='bbox 829 2474 960 2528; x_wconf 75' lang='lat' dir='ltr'>vitae</span> <span class='ocrx_word' id='word_1_153' title='bbox 986 2473 1243 2527; x_wconf 84' lang='lat' dir='ltr'>historias</span> <span class='ocrx_word' id='word_1_154' title='bbox 1270 2469 1539 2535; x_wconf 84' lang='lat' dir='ltr'>detrahit,</span> <span class='ocrx_word' id='word_1_155' title='bbox 1576 2468 1721 2521; x_wconf 78' lang='lat' dir='ltr'>viam</span> <span class='ocrx_word' id='word_1_156' title='bbox 1755 2467 1992 2538; x_wconf 87' lang='lat' dir='ltr'>praeiens</span> <span class='ocrx_word' id='word_1_157' title='bbox 2011 2507 2025 2534; x_wconf 91' lang='lat'>,</span> 
     </span>
     <span class='ocr_line' id='line_1_25' title="bbox 473 2554 2028 2635; baseline -0.006 -19"><span class='ocrx_word' id='word_1_158' title='bbox 473 2580 641 2632; x_wconf 82' lang='lat' dir='ltr'>quam</span> <span class='ocrx_word' id='word_1_159' title='bbox 686 2574 880 2635; x_wconf 87' lang='lat' dir='ltr'>postea</span> <span class='ocrx_word' id='word_1_160' title='bbox 918 2561 1207 2633; x_wconf 85' lang='lat' dir='ltr'>Ephorus,</span> <span class='ocrx_word' id='word_1_161' title='bbox 1235 2558 1325 2612; x_wconf 87' lang='lat' dir='ltr'>alii</span> <span class='ocrx_word' id='word_1_162' title='bbox 1368 2555 1641 2610; x_wconf 88' lang='lat' dir='ltr'>terebant.</span> <span class='ocrx_word' id='word_1_163' title='bbox 1684 2554 1856 2626; x_wconf 85' lang='lat' dir='ltr'>Legas</span> <span class='ocrx_word' id='word_1_164' title='bbox 1904 2572 2028 2625; x_wconf 84' lang='lat' dir='ltr'>quae</span> 
     </span>
     <span class='ocr_line' id='line_1_26' title="bbox 473 2637 2028 2721; baseline -0.006 -18"><span class='ocrx_word' id='word_1_165' title='bbox 473 2659 837 2721; x_wconf 78' lang='lat' dir='ltr'>exponuntur</span> <span class='ocrx_word' id='word_1_166' title='bbox 886 2647 959 2702; x_wconf 88' lang='lat' dir='ltr'>de</span> <span class='ocrx_word' id='word_1_167' title='bbox 995 2646 1333 2701; x_wconf 89' lang='lat' dir='ltr'>Prometheo</span> <span class='ocrx_word' id='word_1_168' title='bbox 1377 2642 1480 2717; x_wconf 79' lang='lat' dir='ltr'>(fr.</span> <span class='ocrx_word' id='word_1_169' title='bbox 1514 2641 1584 2695; x_wconf 77' lang='lat'>23</span> <span class='ocrx_word' id='word_1_170' title='bbox 1607 2637 1647 2717; x_wconf 85' lang='lat'>),</span> <span class='ocrx_word' id='word_1_171' title='bbox 1673 2640 1746 2694; x_wconf 88' lang='lat' dir='ltr'>de</span> <span class='ocrx_word' id='word_1_172' title='bbox 1782 2643 2028 2695; x_wconf 87' lang='lat' dir='ltr'>Laome-</span> 
     </span>
     <span class='ocr_line' id='line_1_27' title="bbox 476 2725 2025 2807; baseline -0.004 -20"><span class='ocrx_word' id='word_1_173' title='bbox 476 2734 649 2789; x_wconf 81' lang='lat' dir='ltr'>donte</span> <span class='ocrx_word' id='word_1_174' title='bbox 686 2735 791 2807; x_wconf 87' lang='lat' dir='ltr'>(fr.</span> <span class='ocrx_word' id='word_1_175' title='bbox 830 2752 898 2806; x_wconf 87' lang='lat'>19</span> <span class='ocrx_word' id='word_1_176' title='bbox 925 2729 963 2807; x_wconf 89' lang='lat'>),</span> <span class='ocrx_word' id='word_1_177' title='bbox 997 2733 1069 2787; x_wconf 88' lang='lat' dir='ltr'>de</span> <span class='ocrx_word' id='word_1_178' title='bbox 1096 2733 1269 2786; x_wconf 87' lang='lat' dir='ltr'>ariete</span> <span class='ocrx_word' id='word_1_179' title='bbox 1302 2727 1703 2802; x_wconf 85' lang='lat' dir='ltr'>Pelopidarum</span> <span class='ocrx_word' id='word_1_180' title='bbox 1737 2725 1847 2801; x_wconf 86' lang='lat' dir='ltr'>(fr.</span> <span class='ocrx_word' id='word_1_181' title='bbox 1870 2726 1940 2781; x_wconf 88' lang='lat'>61</span> <span class='ocrx_word' id='word_1_182' title='bbox 1973 2726 2025 2803; x_wconf 91' lang='lat'>)‚</span> 
     </span>
    </p>

    <p class='ocr_par' dir='ltr' id='par_1_8' title="bbox 474 2809 2029 3418">
     <span class='ocr_line' id='line_1_28' title="bbox 474 2809 2026 2893; baseline -0.001 -20"><span class='ocrx_word' id='word_1_183' title='bbox 474 2821 547 2875; x_wconf 72' lang='lat' dir='ltr'>«le</span> <span class='ocrx_word' id='word_1_184' title='bbox 572 2820 812 2877; x_wconf 80' lang='lat' dir='ltr'>Hercule</span> <span class='ocrx_word' id='word_1_185' title='bbox 838 2820 1180 2893; x_wconf 87' lang='lat' dir='ltr'>philosopho</span> <span class='ocrx_word' id='word_1_186' title='bbox 1208 2817 1311 2893; x_wconf 78' lang='lat' dir='ltr'>(fr.</span> <span class='ocrx_word' id='word_1_187' title='bbox 1339 2822 1410 2881; x_wconf 59' lang='grc' dir='ltr'><strong><em>αὴ</em></strong></span> <span class='ocrx_word' id='word_1_188' title='bbox 1437 2816 1476 2891; x_wconf 90' lang='grc'>).</span> <span class='ocrx_word' id='word_1_189' title='bbox 1505 2809 1718 2870; x_wconf 85' lang='lat' dir='ltr'>Eorum</span> <span class='ocrx_word' id='word_1_190' title='bbox 1750 2817 2026 2871; x_wconf 89' lang='lat' dir='ltr'>nonnulla</span> 
     </span>
     <span class='ocr_line' id='line_1_29' title="bbox 474 2902 2028 2981; baseline -0.004 -18"><span class='ocrx_word' id='word_1_191' title='bbox 474 2910 549 2963; x_wconf 86' lang='lat' dir='ltr'>ita</span> <span class='ocrx_word' id='word_1_192' title='bbox 602 2918 923 2981; x_wconf 83' lang='lat' dir='ltr'>comparata</span> <span class='ocrx_word' id='word_1_193' title='bbox 962 2917 1092 2962; x_wconf 86' lang='lat' dir='ltr'>sunt</span> <span class='ocrx_word' id='word_1_194' title='bbox 1128 2916 1193 2961; x_wconf 86' lang='lat' dir='ltr'>ut</span> <span class='ocrx_word' id='word_1_195' title='bbox 1219 2907 1539 2961; x_wconf 86' lang='lat' dir='ltr'>etiamnunc</span> <span class='ocrx_word' id='word_1_196' title='bbox 1572 2902 1857 2972; x_wconf 87' lang='lat' dir='ltr'>dubitem,</span> <span class='ocrx_word' id='word_1_197' title='bbox 1890 2922 2028 2957; x_wconf 88' lang='lat' dir='ltr'>num</span> 
     </span>
     <span class='ocr_line' id='line_1_30' title="bbox 475 2991 2028 3050; baseline -0.001 -1"><span class='ocrx_word' id='word_1_198' title='bbox 475 3006 626 3050; x_wconf 85' lang='lat' dir='ltr'>recte</span> <span class='ocrx_word' id='word_1_199' title='bbox 665 2995 738 3049; x_wconf 90' lang='lat' dir='ltr'>ad</span> <span class='ocrx_word' id='word_1_200' title='bbox 764 2997 1030 3050; x_wconf 84' lang='lat' dir='ltr'>Nostrum</span> <span class='ocrx_word' id='word_1_201' title='bbox 1056 2993 1392 3049; x_wconf 86' lang='lat' dir='ltr'>referantur.</span> <span class='ocrx_word' id='word_1_202' title='bbox 1436 2993 1643 3047; x_wconf 83' lang='lat' dir='ltr'>Contra</span> <span class='ocrx_word' id='word_1_203' title='bbox 1682 2991 1913 3046; x_wconf 84' lang='lat' dir='ltr'>Cerberi</span> <span class='ocrx_word' id='word_1_204' title='bbox 1948 2992 2028 3047; x_wconf 86' lang='lat' dir='ltr'>sa-</span> 
     </span>
     <span class='ocr_line' id='line_1_31' title="bbox 474 3079 2028 3155; baseline -0.001 -21"><span class='ocrx_word' id='word_1_205' title='bbox 474 3082 665 3137; x_wconf 89' lang='lat' dir='ltr'>bulam</span> <span class='ocrx_word' id='word_1_206' title='bbox 688 3083 747 3141; x_wconf 84' lang='lat' dir='ltr'>in</span> <span class='ocrx_word' id='word_1_207' title='bbox 773 3082 1074 3147; x_wconf 85' lang='lat' dir='ltr'>honorem,</span> <span class='ocrx_word' id='word_1_208' title='bbox 1102 3081 1328 3155; x_wconf 89' lang='lat' dir='ltr'>opinor,</span> <span class='ocrx_word' id='word_1_209' title='bbox 1347 3080 1544 3152; x_wconf 82' lang='lat' dir='ltr'>patriae</span> <span class='ocrx_word' id='word_1_210' title='bbox 1567 3079 2028 3151; x_wconf 86' lang='lat' dir='ltr'>interpretamen-</span> 
     </span>
     <span class='ocr_line' id='line_1_32' title="bbox 474 3165 2029 3237; baseline 0.001 -17"><span class='ocrx_word' id='word_1_211' title='bbox 474 3169 544 3221; x_wconf 85' lang='lat' dir='ltr'>tis</span> <span class='ocrx_word' id='word_1_212' title='bbox 585 3170 697 3223; x_wconf 87' lang='lat' dir='ltr'>suis</span> <span class='ocrx_word' id='word_1_213' title='bbox 718 3185 838 3222; x_wconf 88' lang='lat' dir='ltr'>non</span> <span class='ocrx_word' id='word_1_214' title='bbox 877 3167 1216 3223; x_wconf 83' lang='lat' dir='ltr'>deformasse</span> <span class='ocrx_word' id='word_1_215' title='bbox 1255 3165 1499 3233; x_wconf 77' lang='lat' dir='ltr'>videtur,</span> <span class='ocrx_word' id='word_1_216' title='bbox 1525 3165 1625 3219; x_wconf 88' lang='lat' dir='ltr'>etsi</span> <span class='ocrx_word' id='word_1_217' title='bbox 1668 3165 1741 3219; x_wconf 90' lang='lat' dir='ltr'>de</span> <span class='ocrx_word' id='word_1_218' title='bbox 1772 3166 1878 3220; x_wconf 89' lang='lat' dir='ltr'>hac</span> <span class='ocrx_word' id='word_1_219' title='bbox 1911 3167 2029 3237; x_wconf 85' lang='lat' dir='ltr'>jam</span> 
     </span>
     <span class='ocr_line' id='line_1_33' title="bbox 476 3254 2027 3327; baseline 0.001 -19"><span class='ocrx_word' id='word_1_220' title='bbox 476 3256 763 3310; x_wconf 82' lang='lat' dir='ltr'>llecataeus</span> <span class='ocrx_word' id='word_1_221' title='bbox 778 3254 1055 3327; x_wconf 86' lang='lat' dir='ltr'>judicium</span> <span class='ocrx_word' id='word_1_222' title='bbox 1072 3273 1230 3310; x_wconf 89' lang='lat' dir='ltr'>suum</span> <span class='ocrx_word' id='word_1_223' title='bbox 1252 3255 1679 3325; x_wconf 85' lang='lat' dir='ltr'>interposuerat.</span> <span class='ocrx_word' id='word_1_224' title='bbox 1703 3255 2027 3310; x_wconf 89' lang='lat' dir='ltr'>-Dialecti</span> 
     </span>
     <span class='ocr_line' id='line_1_34' title="bbox 480 3342 1764 3418; baseline -0.002 -20"><span class='ocrx_word' id='word_1_225' title='bbox 480 3343 683 3398; x_wconf 86' lang='lat' dir='ltr'>lonicae</span> <span class='ocrx_word' id='word_1_226' title='bbox 704 3344 931 3418; x_wconf 83' lang='lat' dir='ltr'>vestigia</span> <span class='ocrx_word' id='word_1_227' title='bbox 956 3352 1171 3398; x_wconf 78' lang='lat' dir='ltr'>exstant</span> <span class='ocrx_word' id='word_1_228' title='bbox 1197 3342 1468 3416; x_wconf 80' lang='lat' dir='ltr'>infragm.</span> <span class='ocrx_word' id='word_1_229' title='bbox 1502 3347 1567 3407; x_wconf 66' lang='grc' dir='ltr'>ιι,</span> <span class='ocrx_word' id='word_1_230' title='bbox 1594 3350 1648 3394; x_wconf 89' lang='lat' dir='ltr'>et</span> <span class='ocrx_word' id='word_1_231' title='bbox 1669 3359 1764 3396; x_wconf 79' lang='lat'>20.</span> 
     </span>
    </p>
   </div>
   <div class='ocr_carea' id='block_1_7' title="bbox 749 3541 1747 3768">
    <p class='ocr_par' dir='ltr' id='par_1_9' title="bbox 749 3541 1747 3768">
     <span class='ocr_line' id='line_1_35' title="bbox 749 3541 1747 3601; baseline 0.003 -3"><span class='ocrx_word' id='word_1_232' title='bbox 749 3541 801 3598; x_wconf 92' lang='grc' dir='ltr'><strong>Ο</strong></span> <span class='ocrx_word' id='word_1_233' title='bbox 844 3541 1016 3599; x_wconf 71' lang='grc' dir='ltr'>ΚΑΘ*</span> <span class='ocrx_word' id='word_1_234' title='bbox 1062 3541 1423 3600; x_wconf 80' lang='grc' dir='ltr'><strong>ΗΡΑΚΛΕΑ</strong></span> <span class='ocrx_word' id='word_1_235' title='bbox 1483 3541 1747 3601; x_wconf 82' lang='grc' dir='ltr'><strong>ΛΟΓΟΣ.</strong></span> 
     </span>
     <span class='ocr_line' id='line_1_36' title="bbox 1216 3729 1267 3768; baseline 0.059 -3"><span class='ocrx_word' id='word_1_236' title='bbox 1216 3729 1267 3768; x_wconf 79' lang='lat' dir='ltr'>r.</span> 
     </span>
    </p>
   </div>
   <div class='ocr_carea' id='block_1_8' title="bbox 474 3866 2030 4211">
    <p class='ocr_par' dir='ltr' id='par_1_10' title="bbox 474 3866 2030 4211">
     <span class='ocr_line' id='line_1_37' title="bbox 553 3866 2030 3946; baseline -0.001 -19"><span class='ocrx_word' id='word_1_237' title='bbox 553 3872 744 3928; x_wconf 88' lang='lat' dir='ltr'>Schol.</span> <span class='ocrx_word' id='word_1_238' title='bbox 790 3871 861 3925; x_wconf 89' lang='lat' dir='ltr'>ad</span> <span class='ocrx_word' id='word_1_239' title='bbox 911 3871 1180 3943; x_wconf 80' lang='lat' dir='ltr'>Apollon.</span> <span class='ocrx_word' id='word_1_240' title='bbox 1226 3869 1417 3927; x_wconf 87' lang='lat' dir='ltr'>Rhod.</span> <span class='ocrx_word' id='word_1_241' title='bbox 1450 3871 1507 3938; x_wconf 90' lang='lat'>1,</span> <span class='ocrx_word' id='word_1_242' title='bbox 1538 3877 1646 3939; x_wconf 69' lang='grc'>747</span> <span class='ocrx_word' id='word_1_243' title='bbox 1700 3888 1713 3924; x_wconf 87' lang='lat'>:</span> <span class='ocrx_word' id='word_1_244' title='bbox 1743 3866 1808 3926; x_wconf 79' lang='lat' dir='ltr'>‘tl</span> <span class='ocrx_word' id='word_1_245' title='bbox 1851 3871 1902 3927; x_wconf 93' lang='grc' dir='ltr'>Τ</span> <span class='ocrx_word' id='word_1_246' title='bbox 1903 3866 2030 3946; x_wconf 78' lang='grc' dir='ltr'><strong>άφος</strong></span> 
     </span>
     <span class='ocr_line' id='line_1_38' title="bbox 474 3952 2029 4034; baseline -0.003 -19"><span class='ocrx_word' id='word_1_247' title='bbox 474 3964 627 4029; x_wconf 76' lang='grc' dir='ltr'><strong>νῆσος</strong></span> <span class='ocrx_word' id='word_1_248' title='bbox 662 3957 772 4015; x_wconf 77' lang='grc' dir='ltr'><strong>ἐστὶ</strong></span> <span class='ocrx_word' id='word_1_249' title='bbox 795 3956 893 4032; x_wconf 80' lang='grc' dir='ltr'>μία</span> <span class='ocrx_word' id='word_1_250' title='bbox 925 3959 1027 4014; x_wconf 81' lang='grc' dir='ltr'>τῶν</span> <span class='ocrx_word' id='word_1_251' title='bbox 1052 3955 1361 4034; x_wconf 81' lang='grc' dir='ltr'>Ἐχινάδων,</span> <span class='ocrx_word' id='word_1_252' title='bbox 1387 3955 1451 4026; x_wconf 79' lang='grc' dir='ltr'>ἣν</span> <span class='ocrx_word' id='word_1_253' title='bbox 1478 3952 1696 4034; x_wconf 84' lang='grc' dir='ltr'><strong>ᾤκησαν</strong></span> <span class='ocrx_word' id='word_1_254' title='bbox 1732 3954 2029 4025; x_wconf 69' lang='grc' dir='ltr'><strong>Τηλεὸόαι,</strong></span> 
     </span>
     <span class='ocr_line' id='line_1_39' title="bbox 474 4043 2023 4125; baseline -0.003 -21"><span class='ocrx_word' id='word_1_255' title='bbox 474 4050 522 4104; x_wconf 82' lang='grc' dir='ltr'><strong>οἱ</strong></span> <span class='ocrx_word' id='word_1_256' title='bbox 564 4045 803 4125; x_wconf 83' lang='grc' dir='ltr'><strong>πρότεροι</strong></span> <span class='ocrx_word' id='word_1_257' title='bbox 830 4043 926 4115; x_wconf 80' lang='grc' dir='ltr'>τὴν</span> <span class='ocrx_word' id='word_1_258' title='bbox 954 4043 1231 4122; x_wconf 76' lang='grc' dir='ltr'><strong>Ἀκαρνίαν</strong></span> <span class='ocrx_word' id='word_1_259' title='bbox 1271 4045 1557 4116; x_wconf 84' lang='grc' dir='ltr'><strong>οἰκοῦντες,</strong></span> <span class='ocrx_word' id='word_1_260' title='bbox 1585 4043 1763 4123; x_wconf 86' lang='grc' dir='ltr'><strong>ἄνδρες</strong></span> <span class='ocrx_word' id='word_1_261' title='bbox 1803 4045 2023 4121; x_wconf 79' lang='grc' dir='ltr'><strong>λῃστρι-</strong></span> 
     </span>
     <span class='ocr_line' id='line_1_40' title="bbox 475 4127 2030 4211; baseline -0.002 -20"><span class='ocrx_word' id='word_1_262' title='bbox 475 4133 699 4193; x_wconf 79' lang='grc' dir='ltr'><strong>κώτατοι</strong></span> <span class='ocrx_word' id='word_1_263' title='bbox 725 4132 812 4191; x_wconf 82' lang='grc' dir='ltr'>τὸν</span> <span class='ocrx_word' id='word_1_264' title='bbox 836 4132 1044 4211; x_wconf 81' lang='grc' dir='ltr'><strong>τρόπον.</strong></span> <span class='ocrx_word' id='word_1_265' title='bbox 1075 4133 1183 4192; x_wconf 81' lang='grc' dir='ltr'><strong>Καὶ</strong></span> <span class='ocrx_word' id='word_1_266' title='bbox 1212 4134 1284 4198; x_wconf 83' lang='grc' dir='ltr'>εἰς</span> <span class='ocrx_word' id='word_1_267' title='bbox 1310 4127 1366 4191; x_wconf 72' lang='grc' dir='ltr'>Ἀ</span> <span class='ocrx_word' id='word_1_268' title='bbox 1376 4153 1493 4211; x_wconf 81' lang='grc' dir='ltr'><strong>ργος</strong></span> <span class='ocrx_word' id='word_1_269' title='bbox 1516 4130 1816 4197; x_wconf 75' lang='grc' dir='ltr'>ἐπελθόντες</span> <span class='ocrx_word' id='word_1_270' title='bbox 1834 4130 1927 4197; x_wconf 80' lang='grc' dir='ltr'>τὰς</span> <span class='ocrx_word' id='word_1_271' title='bbox 1940 4136 2030 4189; x_wconf 84' lang='grc' dir='ltr'>τοῦ</span> 
     </span>
    </p>
   </div>
   <div class='ocr_carea' id='block_1_9' title="bbox 830 4317 1653 4379">
    <p class='ocr_par' dir='ltr' id='par_1_11' title="bbox 830 4317 1653 4379">
     <span class='ocr_line' id='line_1_41' title="bbox 830 4317 1653 4379; baseline -0.002 -1"><span class='ocrx_word' id='word_1_272' title='bbox 830 4320 931 4378; x_wconf 84' lang='lat' dir='ltr'>DE</span> <span class='ocrx_word' id='word_1_273' title='bbox 972 4317 1213 4379; x_wconf 85' lang='lat' dir='ltr'>REBUS</span> <span class='ocrx_word' id='word_1_274' title='bbox 1261 4317 1653 4377; x_wconf 75' lang='lat' dir='ltr'>HERCULls.</span> 
     </span>
    </p>
   </div>
   <div class='ocr_carea' id='block_1_10' title="bbox 478 4558 2032 5244">
    <p class='ocr_par' dir='ltr' id='par_1_12' title="bbox 478 4558 2032 5244">
     <span class='ocr_line' id='line_1_42' title="bbox 540 4558 2032 4623; baseline 0.003 -16"><span class='ocrx_word' id='word_1_275' title='bbox 540 4558 759 4621; x_wconf 85' lang='lat' dir='ltr'>Taphum</span> <span class='ocrx_word' id='word_1_276' title='bbox 773 4595 789 4619; x_wconf 89' lang='lat'>,</span> <span class='ocrx_word' id='word_1_277' title='bbox 813 4558 1017 4608; x_wconf 79' lang='lat' dir='ltr'>insulam</span> <span class='ocrx_word' id='word_1_278' title='bbox 1032 4573 1095 4609; x_wconf 82' lang='lat' dir='ltr'>ex</span> <span class='ocrx_word' id='word_1_279' title='bbox 1113 4561 1435 4611; x_wconf 80' lang='lat' dir='ltr'>Echinadihus</span> <span class='ocrx_word' id='word_1_280' title='bbox 1461 4575 1605 4611; x_wconf 81' lang='lat' dir='ltr'>unam</span> <span class='ocrx_word' id='word_1_281' title='bbox 1620 4598 1635 4623; x_wconf 92' lang='lat'>,</span> <span class='ocrx_word' id='word_1_282' title='bbox 1657 4562 1879 4611; x_wconf 74' lang='lat' dir='ltr'>Teleboae</span> <span class='ocrx_word' id='word_1_283' title='bbox 1895 4562 2032 4612; x_wconf 81' lang='lat' dir='ltr'>inco·</span> 
     </span>
     <span class='ocr_line' id='line_1_43' title="bbox 479 4637 2032 4702; baseline 0.001 -14"><span class='ocrx_word' id='word_1_284' title='bbox 479 4639 703 4697; x_wconf 85' lang='lat' dir='ltr'>luerunt,</span> <span class='ocrx_word' id='word_1_285' title='bbox 730 4637 815 4700; x_wconf 85' lang='lat' dir='ltr'>qui</span> <span class='ocrx_word' id='word_1_286' title='bbox 847 4640 988 4687; x_wconf 83' lang='lat' dir='ltr'>antea</span> <span class='ocrx_word' id='word_1_287' title='bbox 1024 4641 1339 4689; x_wconf 75' lang='lat' dir='ltr'>Acarnaniam</span> <span class='ocrx_word' id='word_1_288' title='bbox 1365 4641 1774 4702; x_wconf 73' lang='lat' dir='ltr'>inhabitaverant,</span> <span class='ocrx_word' id='word_1_289' title='bbox 1792 4640 1881 4690; x_wconf 79' lang='lat' dir='ltr'>viri</span> <span class='ocrx_word' id='word_1_290' title='bbox 1904 4655 2032 4702; x_wconf 80' lang='lat' dir='ltr'>prae·</span> 
     </span>
     <span class='ocr_line' id='line_1_44' title="bbox 478 4715 2029 4780; baseline 0.003 -16"><span class='ocrx_word' id='word_1_291' title='bbox 478 4716 660 4764; x_wconf 69' lang='lat' dir='ltr'>«tonum</span> <span class='ocrx_word' id='word_1_292' title='bbox 681 4729 814 4765; x_wconf 85' lang='lat' dir='ltr'>more</span> <span class='ocrx_word' id='word_1_293' title='bbox 836 4715 1063 4765; x_wconf 74' lang='lat' dir='ltr'>viventes.</span> <span class='ocrx_word' id='word_1_294' title='bbox 1080 4717 1139 4765; x_wconf 80' lang='lat' dir='ltr'>Hi</span> <span class='ocrx_word' id='word_1_295' title='bbox 1159 4723 1308 4778; x_wconf 68' lang='lat' dir='ltr'>Argos</span> <span class='ocrx_word' id='word_1_296' title='bbox 1318 4719 1520 4780; x_wconf 78' lang='lat' dir='ltr'>profecti</span> <span class='ocrx_word' id='word_1_297' title='bbox 1540 4719 1686 4769; x_wconf 76' lang='lat' dir='ltr'>boves</span> <span class='ocrx_word' id='word_1_298' title='bbox 1706 4718 1997 4780; x_wconf 62' lang='lat' dir='ltr'>alecti-yonis</span> <span class='ocrx_word' id='word_1_299' title='bbox 2015 4755 2029 4780; x_wconf 92' lang='lat'>,</span> 
     </span>
     <span class='ocr_line' id='line_1_45' title="bbox 479 4792 2032 4858; baseline 0.003 -18"><span class='ocrx_word' id='word_1_300' title='bbox 479 4794 562 4855; x_wconf 84' lang='lat' dir='ltr'>qui</span> <span class='ocrx_word' id='word_1_301' title='bbox 592 4795 727 4854; x_wconf 84' lang='lat' dir='ltr'>pater</span> <span class='ocrx_word' id='word_1_302' title='bbox 757 4796 859 4841; x_wconf 82' lang='lat' dir='ltr'>erat</span> <span class='ocrx_word' id='word_1_303' title='bbox 892 4792 1166 4854; x_wconf 78' lang='lat' dir='ltr'>Alcmenes,</span> <span class='ocrx_word' id='word_1_304' title='bbox 1195 4795 1487 4856; x_wconf 80' lang='lat' dir='ltr'>abegerunt,</span> <span class='ocrx_word' id='word_1_305' title='bbox 1512 4799 1561 4846; x_wconf 86' lang='lat' dir='ltr'>et</span> <span class='ocrx_word' id='word_1_306' title='bbox 1581 4796 1836 4846; x_wconf 84' lang='lat' dir='ltr'>commisso</span> <span class='ocrx_word' id='word_1_307' title='bbox 1863 4796 2032 4858; x_wconf 82' lang='lat' dir='ltr'>proelio</span> 
     </span>
     <span class='ocr_line' id='line_1_46' title="bbox 480 4869 2032 4939; baseline 0.001 -19"><span class='ocrx_word' id='word_1_308' title='bbox 480 4873 585 4920; x_wconf 84' lang='lat' dir='ltr'>tum</span> <span class='ocrx_word' id='word_1_309' title='bbox 630 4870 849 4930; x_wconf 75' lang='lat' dir='ltr'>Electryo</span> <span class='ocrx_word' id='word_1_310' title='bbox 888 4871 995 4918; x_wconf 87' lang='lat' dir='ltr'>tum</span> <span class='ocrx_word' id='word_1_311' title='bbox 1032 4869 1114 4919; x_wconf 82' lang='lat' dir='ltr'>filii</span> <span class='ocrx_word' id='word_1_312' title='bbox 1144 4871 1249 4932; x_wconf 81' lang='lat' dir='ltr'>ejus</span> <span class='ocrx_word' id='word_1_313' title='bbox 1286 4873 1519 4923; x_wconf 78' lang='lat' dir='ltr'>interfecti</span> <span class='ocrx_word' id='word_1_314' title='bbox 1555 4876 1685 4923; x_wconf 84' lang='lat' dir='ltr'>sunt.</span> <span class='ocrx_word' id='word_1_315' title='bbox 1725 4877 2032 4939; x_wconf 80' lang='lat' dir='ltr'>Quapropter</span> 
     </span>
     <span class='ocr_line' id='line_1_47' title="bbox 482 4947 2032 5013; baseline 0.003 -16"><span class='ocrx_word' id='word_1_316' title='bbox 482 4947 709 4997; x_wconf 75' lang='lat' dir='ltr'>Alcmene</span> <span class='ocrx_word' id='word_1_317' title='bbox 740 4947 906 4996; x_wconf 79' lang='lat' dir='ltr'>relicta</span> <span class='ocrx_word' id='word_1_318' title='bbox 948 4948 1102 5010; x_wconf 80' lang='lat' dir='ltr'>patria</span> <span class='ocrx_word' id='word_1_319' title='bbox 1135 4948 1322 4997; x_wconf 80' lang='lat' dir='ltr'>Thebas</span> <span class='ocrx_word' id='word_1_320' title='bbox 1359 4950 1531 4999; x_wconf 79' lang='lat' dir='ltr'>sedem</span> <span class='ocrx_word' id='word_1_321' title='bbox 1574 4952 1846 5011; x_wconf 78' lang='lat' dir='ltr'>transtulit,</span> <span class='ocrx_word' id='word_1_322' title='bbox 1886 4955 2032 5013; x_wconf 83' lang='lat' dir='ltr'>atque</span> 
     </span>
     <span class='ocr_line' id='line_1_48' title="bbox 482 5023 2027 5088; baseline 0.003 -16"><span class='ocrx_word' id='word_1_323' title='bbox 482 5024 671 5086; x_wconf 75' lang='lat' dir='ltr'>nuptias</span> <span class='ocrx_word' id='word_1_324' title='bbox 704 5023 919 5084; x_wconf 82' lang='lat' dir='ltr'>promisit</span> <span class='ocrx_word' id='word_1_325' title='bbox 957 5023 1028 5083; x_wconf 88' lang='lat' dir='ltr'>ei,</span> <span class='ocrx_word' id='word_1_326' title='bbox 1058 5024 1142 5085; x_wconf 83' lang='lat' dir='ltr'>qui</span> <span class='ocrx_word' id='word_1_327' title='bbox 1175 5025 1354 5074; x_wconf 71' lang='lat' dir='ltr'>caedem</span> <span class='ocrx_word' id='word_1_328' title='bbox 1390 5030 1635 5088; x_wconf 81' lang='lat' dir='ltr'>paternam</span> <span class='ocrx_word' id='word_1_329' title='bbox 1668 5028 1857 5078; x_wconf 83' lang='lat' dir='ltr'>ulturus</span> <span class='ocrx_word' id='word_1_330' title='bbox 1889 5029 2027 5078; x_wconf 84' lang='lat' dir='ltr'>soret.</span> 
     </span>
     <span class='ocr_line' id='line_1_49' title="bbox 483 5100 2032 5163; baseline 0.004 -14"><span class='ocrx_word' id='word_1_331' title='bbox 483 5100 535 5149; x_wconf 85' lang='lat' dir='ltr'>ld</span> <span class='ocrx_word' id='word_1_332' title='bbox 562 5113 714 5163; x_wconf 85' lang='lat' dir='ltr'>quum</span> <span class='ocrx_word' id='word_1_333' title='bbox 747 5100 1041 5161; x_wconf 74' lang='lat' dir='ltr'>praestitisset</span> <span class='ocrx_word' id='word_1_334' title='bbox 1068 5101 1365 5163; x_wconf 70' lang='lat' dir='ltr'>Amphitryo,</span> <span class='ocrx_word' id='word_1_335' title='bbox 1392 5103 1531 5152; x_wconf 81' lang='lat' dir='ltr'>duxit</span> <span class='ocrx_word' id='word_1_336' title='bbox 1565 5118 1779 5154; x_wconf 72' lang='lat' dir='ltr'>uxorem.</span> <span class='ocrx_word' id='word_1_337' title='bbox 1804 5106 2032 5157; x_wconf 84' lang='lat' dir='ltr'>Distincte</span> 
     </span>
     <span class='ocr_line' id='line_1_50' title="bbox 481 5179 2029 5244; baseline 0.005 -16"><span class='ocrx_word' id='word_1_338' title='bbox 481 5180 584 5228; x_wconf 69' lang='lat' dir='ltr'>hare</span> <span class='ocrx_word' id='word_1_339' title='bbox 619 5183 870 5230; x_wconf 80' lang='lat' dir='ltr'>narrantur</span> <span class='ocrx_word' id='word_1_340' title='bbox 893 5179 1019 5241; x_wconf 77' lang='lat' dir='ltr'>apud</span> <span class='ocrx_word' id='word_1_341' title='bbox 1046 5182 1344 5230; x_wconf 66' lang='lat' dir='ltr'>tle-rodomm</span> <span class='ocrx_word' id='word_1_342' title='bbox 1369 5183 1451 5244; x_wconf 82' lang='lat' dir='ltr'>qni</span> <span class='ocrx_word' id='word_1_343' title='bbox 1479 5183 1563 5233; x_wconf 80' lang='lat' dir='ltr'>ista</span> <span class='ocrx_word' id='word_1_344' title='bbox 1596 5186 1735 5234; x_wconf 78' lang='lat' dir='ltr'>refert</span> <span class='ocrx_word' id='word_1_345' title='bbox 1770 5185 1834 5233; x_wconf 80' lang='lat' dir='ltr'>ita</span> <span class='ocrx_word' id='word_1_346' title='bbox 1872 5207 1883 5234; x_wconf 73' lang='grc' dir='ltr'><strong>ε</strong></span> <span class='ocrx_word' id='word_1_347' title='bbox 1918 5190 2029 5236; x_wconf 81' lang='lat' dir='ltr'>Per·</span> 
     </span>
    </p>
   </div>
   <div class='ocr_carea' id='block_1_11' title="bbox 2110 552 3680 4209">
    <p class='ocr_par' dir='ltr' id='par_1_13' title="bbox 2113 552 3680 1248">
     <span class='ocr_line' id='line_1_51' title="bbox 2116 552 3672 635; baseline 0 -22"><span class='ocrx_word' id='word_1_348' title='bbox 2116 552 2499 633; x_wconf 82' lang='grc' dir='ltr'><strong>Ἦλεκτρύωνος</strong></span> <span class='ocrx_word' id='word_1_349' title='bbox 2537 554 2662 632; x_wconf 87' lang='grc' dir='ltr'><strong>βόας</strong></span> <span class='ocrx_word' id='word_1_350' title='bbox 2691 553 2969 626; x_wconf 74' lang='grc' dir='ltr'>ἀπήλασαν</span> <span class='ocrx_word' id='word_1_351' title='bbox 2998 559 3088 612; x_wconf 87' lang='grc' dir='ltr'>τοῦ</span> <span class='ocrx_word' id='word_1_352' title='bbox 3126 555 3328 635; x_wconf 80' lang='grc' dir='ltr'><strong>πατρὸς</strong></span> <span class='ocrx_word' id='word_1_353' title='bbox 3346 556 3672 632; x_wconf 80' lang='grc' dir='ltr'><strong>Ἀλκμήνης.</strong></span> 
     </span>
     <span class='ocr_line' id='line_1_52' title="bbox 2118 640 3678 721; baseline -0.001 -20"><span class='ocrx_word' id='word_1_354' title='bbox 2118 641 2405 717; x_wconf 80' lang='grc' dir='ltr'><strong>Γενομένης</strong></span> <span class='ocrx_word' id='word_1_355' title='bbox 2434 642 2486 699; x_wconf 81' lang='grc' dir='ltr'>δὲ</span> <span class='ocrx_word' id='word_1_356' title='bbox 2523 640 2725 720; x_wconf 80' lang='grc' dir='ltr'><strong>μάχης,</strong></span> <span class='ocrx_word' id='word_1_357' title='bbox 2753 641 2893 700; x_wconf 82' lang='grc' dir='ltr'><strong>καὶὸ</strong></span> <span class='ocrx_word' id='word_1_358' title='bbox 2923 641 3254 721; x_wconf 83' lang='grc' dir='ltr'><strong>ἸΙλεκτρύων</strong></span> <span class='ocrx_word' id='word_1_359' title='bbox 3285 643 3377 700; x_wconf 73' lang='grc' dir='ltr'><strong>καὶ</strong></span> <span class='ocrx_word' id='word_1_360' title='bbox 3405 647 3451 702; x_wconf 76' lang='grc' dir='ltr'><strong>οἱ</strong></span> <span class='ocrx_word' id='word_1_361' title='bbox 3486 643 3678 701; x_wconf 78' lang='grc' dir='ltr'><strong>τούτου</strong></span> 
     </span>
     <span class='ocr_line' id='line_1_53' title="bbox 2113 728 3676 809; baseline 0.002 -24"><span class='ocrx_word' id='word_1_362' title='bbox 2113 731 2295 796; x_wconf 85' lang='grc' dir='ltr'><strong>παῖδες</strong></span> <span class='ocrx_word' id='word_1_363' title='bbox 2321 728 2665 809; x_wconf 74' lang='grc' dir='ltr'><strong>ἀνῃρέθησαν.</strong></span> <span class='ocrx_word' id='word_1_364' title='bbox 2710 729 2804 788; x_wconf 83' lang='grc' dir='ltr'>Διὸ</span> <span class='ocrx_word' id='word_1_365' title='bbox 2839 728 3105 806; x_wconf 77' lang='grc' dir='ltr'><strong>Ἀλκμήνη</strong></span> <span class='ocrx_word' id='word_1_366' title='bbox 3134 730 3387 807; x_wconf 83' lang='grc' dir='ltr'><strong>μετέστη,</strong></span> <span class='ocrx_word' id='word_1_367' title='bbox 3425 730 3520 790; x_wconf 79' lang='grc' dir='ltr'><strong>καὶ</strong></span> <span class='ocrx_word' id='word_1_368' title='bbox 3553 736 3676 788; x_wconf 78' lang='grc' dir='ltr'><strong>ἀνε·</strong></span> 
     </span>
     <span class='ocr_line' id='line_1_54' title="bbox 2114 815 3679 899; baseline 0.001 -25"><span class='ocrx_word' id='word_1_369' title='bbox 2114 815 2329 893; x_wconf 78' lang='grc' dir='ltr'><strong>κήρυξεν</strong></span> <span class='ocrx_word' id='word_1_370' title='bbox 2362 815 2452 874; x_wconf 79' lang='grc' dir='ltr'>τὸν</span> <span class='ocrx_word' id='word_1_371' title='bbox 2478 820 2668 887; x_wconf 74' lang='grc' dir='ltr'><strong>ἑαυτῆς</strong></span> <span class='ocrx_word' id='word_1_372' title='bbox 2699 815 2870 893; x_wconf 85' lang='grc' dir='ltr'><strong>γάμον</strong></span> <span class='ocrx_word' id='word_1_373' title='bbox 2897 819 2974 896; x_wconf 83' lang='grc' dir='ltr'><strong>τῷ</strong></span> <span class='ocrx_word' id='word_1_374' title='bbox 3015 817 3429 899; x_wconf 81' lang='grc' dir='ltr'><strong>τιμωρησομὲνῳ</strong></span> <span class='ocrx_word' id='word_1_375' title='bbox 3454 819 3544 876; x_wconf 83' lang='grc' dir='ltr'>τὸν</span> <span class='ocrx_word' id='word_1_376' title='bbox 3573 841 3679 875; x_wconf 84' lang='grc' dir='ltr'>πα-</span> 
     </span>
     <span class='ocr_line' id='line_1_55' title="bbox 2115 901 3672 985; baseline 0.004 -26"><span class='ocrx_word' id='word_1_377' title='bbox 2115 906 2277 983; x_wconf 75' lang='grc' dir='ltr'><strong>τρῷον</strong></span> <span class='ocrx_word' id='word_1_378' title='bbox 2306 901 2477 982; x_wconf 71' lang='grc' dir='ltr'><strong>φόνον.</strong></span> <span class='ocrx_word' id='word_1_379' title='bbox 2511 903 2961 984; x_wconf 82' lang='grc' dir='ltr'><strong>Τιμωρησάμενος</strong></span> <span class='ocrx_word' id='word_1_380' title='bbox 2994 904 3050 962; x_wconf 79' lang='grc' dir='ltr'>δὲ</span> <span class='ocrx_word' id='word_1_381' title='bbox 3088 904 3412 985; x_wconf 76' lang='grc' dir='ltr'><strong>Ἀμφιτρύων</strong></span> <span class='ocrx_word' id='word_1_382' title='bbox 3452 906 3672 985; x_wconf 77' lang='grc' dir='ltr'><strong>ἔγημεν.</strong></span> 
     </span>
     <span class='ocr_line' id='line_1_56' title="bbox 2117 989 3680 1073; baseline 0.004 -27"><span class='ocrx_word' id='word_1_383' title='bbox 2117 989 2228 1067; x_wconf 86' lang='grc' dir='ltr'>[Ἥ</span> <span class='ocrx_word' id='word_1_384' title='bbox 2258 990 2460 1068; x_wconf 76' lang='grc' dir='ltr'>ἱστορία</span> <span class='ocrx_word' id='word_1_385' title='bbox 2476 994 2652 1072; x_wconf 78' lang='grc' dir='ltr'><strong>σαφῶς</strong></span> <span class='ocrx_word' id='word_1_386' title='bbox 2677 993 2804 1069; x_wconf 84' lang='grc' dir='ltr'><strong>παρ’</strong></span> <span class='ocrx_word' id='word_1_387' title='bbox 2824 990 3073 1072; x_wconf 82' lang='grc' dir='ltr'><strong>Ἡσιόδῳ.</strong></span> <span class='ocrx_word' id='word_1_388' title='bbox 3102 994 3234 1071; x_wconf 80' lang='grc' dir='ltr'><strong>Περὶ</strong></span> <span class='ocrx_word' id='word_1_389' title='bbox 3258 992 3311 1051; x_wconf 82' lang='grc' dir='ltr'>δὲ</span> <span class='ocrx_word' id='word_1_390' title='bbox 3330 1000 3420 1065; x_wconf 79' lang='grc' dir='ltr'>τῆς</span> <span class='ocrx_word' id='word_1_391' title='bbox 3449 995 3680 1073; x_wconf 76' lang='grc' dir='ltr'><strong>μάχης]</strong></span> 
     </span>
     <span class='ocr_line' id='line_1_57' title="bbox 2116 1076 3666 1160; baseline 0.003 -24"><span class='ocrx_word' id='word_1_392' title='bbox 2116 1076 2412 1157; x_wconf 83' lang='grc' dir='ltr'><strong>Ἡρόδωρος</strong></span> <span class='ocrx_word' id='word_1_393' title='bbox 2424 1080 2649 1157; x_wconf 78' lang='grc' dir='ltr'><strong>ἱστορεῖ,</strong></span> <span class='ocrx_word' id='word_1_394' title='bbox 2678 1076 2757 1136; x_wconf 79' lang='grc' dir='ltr'><strong>ὅτι</strong></span> <span class='ocrx_word' id='word_1_395' title='bbox 2784 1077 3033 1158; x_wconf 81' lang='grc' dir='ltr'>Περσέως</span> <span class='ocrx_word' id='word_1_396' title='bbox 3053 1080 3143 1139; x_wconf 74' lang='grc' dir='ltr'><strong>καὶ</strong></span> <span class='ocrx_word' id='word_1_397' title='bbox 3172 1081 3512 1160; x_wconf 77' lang='grc' dir='ltr'><strong>Ἀνδρομέδας</strong></span> <span class='ocrx_word' id='word_1_398' title='bbox 3539 1081 3666 1141; x_wconf 76' lang='grc' dir='ltr'><strong>τέσ·</strong></span> 
     </span>
     <span class='ocr_line' id='line_1_58' title="bbox 2116 1165 3673 1275; baseline 0.005 -55"><span class='ocrx_word' id='word_1_399' title='bbox 2116 1186 2269 1243; x_wconf 88' lang='grc' dir='ltr'><strong>σαρες</strong></span> <span class='ocrx_word' id='word_1_400' title='bbox 2292 1165 2473 1229; x_wconf 83' lang='grc' dir='ltr'><strong>παῖδες</strong></span> <span class='ocrx_word' id='word_1_401' title='bbox 2508 1165 2770 1241; x_wconf 83' lang='grc' dir='ltr'><strong>ἐγένοντο,</strong></span> <span class='ocrx_word' id='word_1_402' title='bbox 2795 1165 3058 1244; x_wconf 84' lang='grc' dir='ltr'><strong>Ἀλκαῖος,</strong></span> <span class='ocrx_word' id='word_1_403' title='bbox 3085 1165 3362 1240; x_wconf 80' lang='grc' dir='ltr'><strong>Σθένελος,</strong></span> <span class='ocrx_word' id='word_1_404' title='bbox 3399 1169 3673 1275; x_wconf 83' lang='grc' dir='ltr'><strong>Μήστωρ,</strong></span> 
     </span>
    </p>

    <p class='ocr_par' dir='ltr' id='par_1_14' title="bbox 2112 1249 3676 1508">
     <span class='ocr_line' id='line_1_59' title="bbox 2114 1249 3673 1333; baseline 0 -23"><span class='ocrx_word' id='word_1_405' title='bbox 2114 1249 2483 1329; x_wconf 73' lang='grc' dir='ltr'><strong>Ἠλεκτρύων,</strong></span> <span class='ocrx_word' id='word_1_406' title='bbox 2503 1251 2593 1308; x_wconf 70' lang='grc' dir='ltr'><strong>καὶ</strong></span> <span class='ocrx_word' id='word_1_407' title='bbox 2620 1249 2794 1321; x_wconf 76' lang='grc' dir='ltr'><strong>κοινὴν</strong></span> <span class='ocrx_word' id='word_1_408' title='bbox 2823 1251 2976 1330; x_wconf 79' lang='grc' dir='ltr'><strong>ἔσχον</strong></span> <span class='ocrx_word' id='word_1_409' title='bbox 3003 1252 3099 1322; x_wconf 83' lang='grc' dir='ltr'>τὴν</span> <span class='ocrx_word' id='word_1_410' title='bbox 3125 1255 3393 1333; x_wconf 84' lang='grc' dir='ltr'><strong>βασιλείαν</strong></span> <span class='ocrx_word' id='word_1_411' title='bbox 3425 1254 3559 1331; x_wconf 75' lang='grc' dir='ltr'><strong>μετὰ</strong></span> <span class='ocrx_word' id='word_1_412' title='bbox 3579 1254 3673 1313; x_wconf 80' lang='grc' dir='ltr'>τὸν</span> 
     </span>
     <span class='ocr_line' id='line_1_60' title="bbox 2117 1331 3676 1419; baseline 0.005 -25"><span class='ocrx_word' id='word_1_413' title='bbox 2117 1336 2359 1416; x_wconf 83' lang='grc' dir='ltr'><strong>Περσέως</strong></span> <span class='ocrx_word' id='word_1_414' title='bbox 2382 1336 2617 1395; x_wconf 87' lang='grc' dir='ltr'><strong>θάνατον.</strong></span> <span class='ocrx_word' id='word_1_415' title='bbox 2644 1336 2918 1417; x_wconf 83' lang='grc' dir='ltr'><strong>Μήστορος</strong></span> <span class='ocrx_word' id='word_1_416' title='bbox 2944 1338 2998 1397; x_wconf 78' lang='grc' dir='ltr'>δὲ</span> <span class='ocrx_word' id='word_1_417' title='bbox 3032 1340 3261 1419; x_wconf 78' lang='grc' dir='ltr'><strong>θυγάτηρ</strong></span> <span class='ocrx_word' id='word_1_418' title='bbox 3293 1341 3573 1417; x_wconf 77' lang='grc' dir='ltr'><strong>Ἱπποθόη,</strong></span> <span class='ocrx_word' id='word_1_419' title='bbox 3613 1331 3676 1413; x_wconf 67' lang='grc' dir='ltr'>ἧς</span> 
     </span>
     <span class='ocr_line' id='line_1_61' title="bbox 2112 1423 3670 1508; baseline 0.003 -26"><span class='ocrx_word' id='word_1_420' title='bbox 2112 1447 2204 1482; x_wconf 86' lang='grc' dir='ltr'><strong>και</strong></span> <span class='ocrx_word' id='word_1_421' title='bbox 2183 1423 2538 1491; x_wconf 81' lang='grc' dir='ltr'><strong>Ποσειδῶνος</strong></span> <span class='ocrx_word' id='word_1_422' title='bbox 2561 1424 2845 1504; x_wconf 81' lang='grc' dir='ltr'><strong>Πτερέλας·</strong></span> <span class='ocrx_word' id='word_1_423' title='bbox 2865 1448 2955 1483; x_wconf 90' lang='grc' dir='ltr'>του</span> <span class='ocrx_word' id='word_1_424' title='bbox 2922 1426 3050 1503; x_wconf 73' lang='grc' dir='ltr'><strong>”,δὲ</strong></span> <span class='ocrx_word' id='word_1_425' title='bbox 3071 1426 3346 1498; x_wconf 77' lang='grc' dir='ltr'><strong>Τηλεὸόας</strong></span> <span class='ocrx_word' id='word_1_426' title='bbox 3364 1429 3455 1486; x_wconf 81' lang='grc' dir='ltr'><strong>καὶ</strong></span> <span class='ocrx_word' id='word_1_427' title='bbox 3471 1428 3670 1508; x_wconf 82' lang='grc' dir='ltr'><strong>Τάφος.</strong></span> 
     </span>
    </p>

    <p class='ocr_par' dir='ltr' id='par_1_15' title="bbox 2113 1510 3676 1944">
     <span class='ocr_line' id='line_1_62' title="bbox 2113 1510 3676 1593; baseline 0.002 -22"><span class='ocrx_word' id='word_1_428' title='bbox 2113 1515 2135 1591; x_wconf 96' lang='grc'>[</span> <span class='ocrx_word' id='word_1_429' title='bbox 2150 1510 2249 1579; x_wconf 84' lang='grc' dir='ltr'>Ὡς</span> <span class='ocrx_word' id='word_1_430' title='bbox 2282 1510 2339 1570; x_wconf 77' lang='grc' dir='ltr'>δέ</span> <span class='ocrx_word' id='word_1_431' title='bbox 2357 1535 2515 1584; x_wconf 88' lang='grc' dir='ltr'><strong>τινες,</strong></span> <span class='ocrx_word' id='word_1_432' title='bbox 2551 1511 2791 1592; x_wconf 88' lang='grc' dir='ltr'><strong>Πτερὲλα</strong></span> <span class='ocrx_word' id='word_1_433' title='bbox 2819 1518 2910 1571; x_wconf 84' lang='grc' dir='ltr'>τοῦ</span> <span class='ocrx_word' id='word_1_434' title='bbox 2938 1514 3210 1585; x_wconf 75' lang='grc' dir='ltr'><strong>Τηλεὸόου</strong></span> <span class='ocrx_word' id='word_1_435' title='bbox 3242 1516 3472 1593; x_wconf 79' lang='grc' dir='ltr'><strong>ἐγένοντο</strong></span> <span class='ocrx_word' id='word_1_436' title='bbox 3491 1518 3676 1583; x_wconf 77' lang='grc' dir='ltr'><strong>παῖδες</strong></span> 
     </span>
     <span class='ocr_line' id='line_1_63' title="bbox 2114 1597 3672 1679; baseline 0.003 -22"><span class='ocrx_word' id='word_1_437' title='bbox 2114 1603 2162 1657; x_wconf 78' lang='grc' dir='ltr'><strong>οἱ</strong></span> <span class='ocrx_word' id='word_1_438' title='bbox 2185 1598 2494 1676; x_wconf 77' lang='grc' dir='ltr'><strong>καλούμενοι</strong></span> <span class='ocrx_word' id='word_1_439' title='bbox 2521 1597 2843 1678; x_wconf 71' lang='grc' dir='ltr'><strong>Τηλεὸόαι.]</strong></span> <span class='ocrx_word' id='word_1_440' title='bbox 2867 1599 3136 1668; x_wconf 78' lang='grc' dir='ltr'><strong>Ἐλθόντες</strong></span> <span class='ocrx_word' id='word_1_441' title='bbox 3163 1602 3218 1660; x_wconf 82' lang='grc' dir='ltr'>δὲ</span> <span class='ocrx_word' id='word_1_442' title='bbox 3256 1602 3487 1679; x_wconf 71' lang='grc' dir='ltr'><strong>ἀπῄτουν</strong></span> <span class='ocrx_word' id='word_1_443' title='bbox 3514 1603 3672 1663; x_wconf 81' lang='grc' dir='ltr'><strong>Ἠλε·</strong></span> 
     </span>
     <span class='ocr_line' id='line_1_64' title="bbox 2113 1685 3672 1768; baseline 0.001 -24"><span class='ocrx_word' id='word_1_444' title='bbox 2113 1685 2352 1765; x_wconf 78' lang='grc' dir='ltr'><strong>κτρύωνα</strong></span> <span class='ocrx_word' id='word_1_445' title='bbox 2367 1686 2434 1743; x_wconf 81' lang='grc' dir='ltr'><strong>τὰ</strong></span> <span class='ocrx_word' id='word_1_446' title='bbox 2449 1691 2541 1756; x_wconf 68' lang='grc' dir='ltr'>τῆς</span> <span class='ocrx_word' id='word_1_447' title='bbox 2558 1686 2781 1763; x_wconf 80' lang='grc' dir='ltr'><strong>μάμμης</strong></span> <span class='ocrx_word' id='word_1_448' title='bbox 2796 1690 2994 1745; x_wconf 80' lang='grc' dir='ltr'><strong>ἑαυτῶν</strong></span> <span class='ocrx_word' id='word_1_449' title='bbox 3011 1692 3122 1759; x_wconf 74' lang='grc' dir='ltr'><strong>[τῆς</strong></span> <span class='ocrx_word' id='word_1_450' title='bbox 3138 1689 3355 1768; x_wconf 80' lang='grc' dir='ltr'><strong>μητρὸς]</strong></span> <span class='ocrx_word' id='word_1_451' title='bbox 3373 1689 3624 1761; x_wconf 81' lang='grc' dir='ltr'><strong>Ἱπποθόη</strong></span> <span class='ocrx_word' id='word_1_452' title='bbox 3630 1715 3672 1756; x_wconf 90' lang='grc' dir='ltr'>ς.</span> 
     </span>
     <span class='ocr_line' id='line_1_65' title="bbox 2114 1772 3672 1855; baseline 0.001 -22.006"><span class='ocrx_word' id='word_1_453' title='bbox 2114 1772 2462 1840; x_wconf 83' lang='grc' dir='ltr'><strong>Ἀντιστάντες</strong></span> <span class='ocrx_word' id='word_1_454' title='bbox 2502 1772 2556 1830; x_wconf 80' lang='grc' dir='ltr'>δὲ</span> <span class='ocrx_word' id='word_1_455' title='bbox 2585 1775 2759 1839; x_wconf 77' lang='grc' dir='ltr'><strong>αὐτοῖς</strong></span> <span class='ocrx_word' id='word_1_456' title='bbox 2785 1776 2833 1830; x_wconf 73' lang='grc' dir='ltr'><strong>οἱ</strong></span> <span class='ocrx_word' id='word_1_457' title='bbox 2861 1772 3303 1853; x_wconf 83' lang='grc' dir='ltr'><strong>Ἠλεκτρυωνίδαι</strong></span> <span class='ocrx_word' id='word_1_458' title='bbox 3348 1776 3672 1855; x_wconf 77' lang='grc' dir='ltr'><strong>ἀνῃρέθησαν</strong></span> 
     </span>
     <span class='ocr_line' id='line_1_66' title="bbox 2115 1860 3670 1944; baseline 0.003 -27"><span class='ocrx_word' id='word_1_459' title='bbox 2115 1864 2202 1917; x_wconf 82' lang='grc' dir='ltr'><strong>υπ’</strong></span> <span class='ocrx_word' id='word_1_460' title='bbox 2231 1863 2422 1932; x_wconf 77' lang='grc' dir='ltr'><strong>αὐτῶν,</strong></span> <span class='ocrx_word' id='word_1_461' title='bbox 2455 1860 2696 1938; x_wconf 86' lang='grc' dir='ltr'><strong>Πτερέλα</strong></span> <span class='ocrx_word' id='word_1_462' title='bbox 2727 1862 2906 1928; x_wconf 82' lang='grc' dir='ltr'><strong>παῖδες</strong></span> <span class='ocrx_word' id='word_1_463' title='bbox 2932 1862 3206 1933; x_wconf 68' lang='grc' dir='ltr'><strong>Τηλεὸόας</strong></span> <span class='ocrx_word' id='word_1_464' title='bbox 3233 1864 3323 1920; x_wconf 74' lang='grc' dir='ltr'><strong>καὶ</strong></span> <span class='ocrx_word' id='word_1_465' title='bbox 3348 1864 3554 1943; x_wconf 70' lang='grc' dir='ltr'><strong>Τάφος·</strong></span> <span class='ocrx_word' id='word_1_466' title='bbox 3580 1867 3670 1944; x_wconf 69' lang='grc' dir='ltr'>ἀφ’</span> 
     </span>
    </p>

    <p class='ocr_par' dir='ltr' id='par_1_16' title="bbox 2113 1938 3675 2290">
     <span class='ocr_line' id='line_1_67' title="bbox 2113 1938 3673 2029; baseline 0.004 -26"><span class='ocrx_word' id='word_1_467' title='bbox 2113 1938 2186 2004; x_wconf 64' lang='grc' dir='ltr'>ὧν</span> <span class='ocrx_word' id='word_1_468' title='bbox 2214 1952 2248 2018; x_wconf 78' lang='grc' dir='ltr'>ἡ</span> <span class='ocrx_word' id='word_1_469' title='bbox 2278 1970 2449 2018; x_wconf 90' lang='grc' dir='ltr'><strong>νησος.</strong></span> <span class='ocrx_word' id='word_1_470' title='bbox 2492 1946 2762 2018; x_wconf 76' lang='grc' dir='ltr'><strong>Τηλεὸόαι</strong></span> <span class='ocrx_word' id='word_1_471' title='bbox 2798 1938 2885 2006; x_wconf 87' lang='grc' dir='ltr'>ουν</span> <span class='ocrx_word' id='word_1_472' title='bbox 2938 1952 2986 2007; x_wconf 82' lang='grc' dir='ltr'><strong>οῖ</strong></span> <span class='ocrx_word' id='word_1_473' title='bbox 3026 1949 3256 2029; x_wconf 74' lang='grc' dir='ltr'><strong>Τάφιοι,</strong></span> <span class='ocrx_word' id='word_1_474' title='bbox 3284 1950 3398 2021; x_wconf 83' lang='grc' dir='ltr'><strong>ἤτοι</strong></span> <span class='ocrx_word' id='word_1_475' title='bbox 3435 1952 3514 2009; x_wconf 79' lang='grc' dir='ltr'><strong>ὅτι</strong></span> <span class='ocrx_word' id='word_1_476' title='bbox 3545 1955 3673 2021; x_wconf 76' lang='grc' dir='ltr'><strong>τῆλε</strong></span> 
     </span>
     <span class='ocr_line' id='line_1_68' title="bbox 2115 2032 3675 2114; baseline 0.001 -21"><span class='ocrx_word' id='word_1_477' title='bbox 2115 2038 2368 2100; x_wconf 87' lang='grc' dir='ltr'><strong>οικοῦντες</strong></span> <span class='ocrx_word' id='word_1_478' title='bbox 2418 2033 2524 2091; x_wconf 76' lang='grc' dir='ltr'><strong>ἀπὸ</strong></span> <span class='ocrx_word' id='word_1_479' title='bbox 2573 2032 2786 2114; x_wconf 80' lang='grc' dir='ltr'><strong>Ἄργους</strong></span> <span class='ocrx_word' id='word_1_480' title='bbox 2832 2032 2924 2102; x_wconf 75' lang='grc' dir='ltr'>τὰς</span> <span class='ocrx_word' id='word_1_481' title='bbox 2978 2039 3096 2114; x_wconf 88' lang='grc' dir='ltr'><strong>βοῦς</strong></span> <span class='ocrx_word' id='word_1_482' title='bbox 3154 2036 3457 2108; x_wconf 79' lang='grc' dir='ltr'><strong>ἀπήλασαν,</strong></span> <span class='ocrx_word' id='word_1_483' title='bbox 3486 2038 3520 2108; x_wconf 83' lang='grc' dir='ltr'>ἢ</span> <span class='ocrx_word' id='word_1_484' title='bbox 3569 2039 3675 2097; x_wconf 77' lang='grc' dir='ltr'><strong>ἀπὸ</strong></span> 
     </span>
     <span class='ocr_line' id='line_1_69' title="bbox 2115 2121 3671 2229; baseline 0.001 -47.007"><span class='ocrx_word' id='word_1_485' title='bbox 2115 2121 2386 2192; x_wconf 74' lang='grc' dir='ltr'><strong>Τηλεὸόου</strong></span> <span class='ocrx_word' id='word_1_486' title='bbox 2408 2126 2501 2179; x_wconf 85' lang='grc' dir='ltr'>τοῦ</span> <span class='ocrx_word' id='word_1_487' title='bbox 2530 2122 2805 2229; x_wconf 42' lang='grc' dir='ltr'><strong>Πτερέλαη</strong></span> <span class='ocrx_word' id='word_1_488' title='bbox 2798 2127 2889 2180; x_wconf 84' lang='grc' dir='ltr'>τοῦ</span> <span class='ocrx_word' id='word_1_489' title='bbox 2915 2122 3175 2201; x_wconf 81' lang='grc' dir='ltr'><strong>βασιλέως</strong></span> <span class='ocrx_word' id='word_1_490' title='bbox 3202 2126 3341 2196; x_wconf 72' lang='grc' dir='ltr'><strong>υἱοῦ,</strong></span> <span class='ocrx_word' id='word_1_491' title='bbox 3365 2129 3427 2182; x_wconf 92' lang='grc' dir='ltr'><strong>ου</strong></span> <span class='ocrx_word' id='word_1_492' title='bbox 3451 2126 3671 2205; x_wconf 70' lang='grc' dir='ltr'><strong>ἀδελφὸς</strong></span> 
     </span>
     <span class='ocr_line' id='line_1_70' title="bbox 2115 2200 2918 2290; baseline -0.003 -21"><span class='ocrx_word' id='word_1_493' title='bbox 2115 2209 2342 2290; x_wconf 69' lang='grc' dir='ltr'><strong>Τάφιος·</strong></span> <span class='ocrx_word' id='word_1_494' title='bbox 2367 2212 2437 2289; x_wconf 64' lang='grc' dir='ltr'>ἀφ</span> <span class='ocrx_word' id='word_1_495' title='bbox 2439 2200 2535 2266; x_wconf 64' lang='grc' dir='ltr'><strong>ὀὗ</strong></span> <span class='ocrx_word' id='word_1_496' title='bbox 2565 2208 2654 2267; x_wconf 78' lang='grc' dir='ltr'><strong>καὶ</strong></span> <span class='ocrx_word' id='word_1_497' title='bbox 2682 2213 2716 2280; x_wconf 85' lang='grc' dir='ltr'>ἡ</span> <span class='ocrx_word' id='word_1_498' title='bbox 2742 2214 2918 2281; x_wconf 73' lang='grc' dir='ltr'><strong>νῆσος.</strong></span> 
     </span>
    </p>

    <p class='ocr_par' dir='ltr' id='par_1_17' title="bbox 2110 2295 3675 4209">
     <span class='ocr_line' id='line_1_71' title="bbox 2196 2295 3667 2376; baseline 0.001 -20.028"><span class='ocrx_word' id='word_1_499' title='bbox 2196 2296 2260 2356; x_wconf 83' lang='grc' dir='ltr'><em>Ἡ</em></span> <span class='ocrx_word' id='word_1_500' title='bbox 2293 2295 2558 2376; x_wconf 78' lang='grc' dir='ltr'><strong>ἱστορία...</strong></span> <span class='ocrx_word' id='word_1_501' title='bbox 2589 2296 2804 2375; x_wconf 76' lang='grc' dir='ltr'><strong>μάχης]</strong></span> <span class='ocrx_word' id='word_1_502' title='bbox 2833 2301 2967 2354; x_wconf 85' lang='lat' dir='ltr'>Haec</span> <span class='ocrx_word' id='word_1_503' title='bbox 2989 2318 3106 2355; x_wconf 87' lang='lat' dir='ltr'>non</span> <span class='ocrx_word' id='word_1_504' title='bbox 3127 2303 3328 2355; x_wconf 89' lang='lat' dir='ltr'>suntin</span> <span class='ocrx_word' id='word_1_505' title='bbox 3353 2301 3478 2357; x_wconf 89' lang='lat' dir='ltr'>cod.</span> <span class='ocrx_word' id='word_1_506' title='bbox 3495 2304 3667 2358; x_wconf 89' lang='lat' dir='ltr'>Paris.</span> 
     </span>
     <span class='ocr_line' id='line_1_72' title="bbox 2117 2383 3662 2465; baseline 0.002 -24"><span class='ocrx_word' id='word_1_507' title='bbox 2117 2390 2212 2461; x_wconf 87' lang='lat' dir='ltr'>qui</span> <span class='ocrx_word' id='word_1_508' title='bbox 2230 2397 2358 2461; x_wconf 88' lang='lat' dir='ltr'>post</span> <span class='ocrx_word' id='word_1_509' title='bbox 2385 2384 2575 2460; x_wconf 80' lang='grc' dir='ltr'><strong>ἔγημεν</strong></span> <span class='ocrx_word' id='word_1_510' title='bbox 2603 2389 2790 2461; x_wconf 87' lang='lat' dir='ltr'>pergit</span> <span class='ocrx_word' id='word_1_511' title='bbox 2817 2405 2832 2440; x_wconf 76' lang='lat' dir='ltr'>t</span> <span class='ocrx_word' id='word_1_512' title='bbox 2860 2383 3158 2465; x_wconf 75' lang='grc' dir='ltr'><strong>Ἡρόδωρος</strong></span> <span class='ocrx_word' id='word_1_513' title='bbox 3180 2384 3237 2443; x_wconf 80' lang='grc' dir='ltr'>δέ</span> <span class='ocrx_word' id='word_1_514' title='bbox 3257 2409 3407 2465; x_wconf 70' lang='grc' dir='ltr'><strong>φησι.</strong></span> <span class='ocrx_word' id='word_1_515' title='bbox 3442 2391 3662 2445; x_wconf 81' lang='lat' dir='ltr'>Miiller.</span> 
     </span>
     <span class='ocr_line' id='line_1_73' title="bbox 2115 2473 3671 2552; baseline 0.001 -23"><span class='ocrx_word' id='word_1_516' title='bbox 2115 2478 2257 2531; x_wconf 89' lang='lat' dir='ltr'>Dor.</span> <span class='ocrx_word' id='word_1_517' title='bbox 2291 2476 2371 2544; x_wconf 90' lang='lat'>11,</span> <span class='ocrx_word' id='word_1_518' title='bbox 2396 2494 2457 2547; x_wconf 88' lang='lat' dir='ltr'>p.</span> <span class='ocrx_word' id='word_1_519' title='bbox 2494 2474 2606 2538; x_wconf 74' lang='lat'>464</span> <span class='ocrx_word' id='word_1_520' title='bbox 2635 2475 2908 2547; x_wconf 86' lang='lat' dir='ltr'>proponit</span> <span class='ocrx_word' id='word_1_521' title='bbox 2941 2493 2956 2528; x_wconf 75' lang='grc' dir='ltr'><strong>τ</strong></span> <span class='ocrx_word' id='word_1_522' title='bbox 2987 2476 3022 2543; x_wconf 79' lang='grc' dir='ltr'>ἡ</span> <span class='ocrx_word' id='word_1_523' title='bbox 3056 2475 3218 2552; x_wconf 68' lang='lat' dir='ltr'>ten-op.</span> <span class='ocrx_word' id='word_1_524' title='bbox 3267 2495 3319 2530; x_wconf 90' lang='grc' dir='ltr'><strong>σ.</strong></span> <span class='ocrx_word' id='word_1_525' title='bbox 3348 2496 3408 2530; x_wconf 89' lang='grc' dir='ltr'><strong>π.</strong></span> <span class='ocrx_word' id='word_1_526' title='bbox 3440 2473 3671 2551; x_wconf 80' lang='grc' dir='ltr'>Ἡσιόδῳ</span> 
     </span>
     <span class='ocr_line' id='line_1_74' title="bbox 2115 2556 3668 2662; baseline 0.001 -46"><span class='ocrx_word' id='word_1_527' title='bbox 2115 2559 2236 2638; x_wconf 72' lang='grc' dir='ltr'><strong>περὶ</strong></span> <span class='ocrx_word' id='word_1_528' title='bbox 2249 2583 2297 2618; x_wconf 91' lang='grc' dir='ltr'><strong>τ.</strong></span> <span class='ocrx_word' id='word_1_529' title='bbox 2322 2559 2522 2637; x_wconf 85' lang='grc' dir='ltr'><strong>μάχης.</strong></span> <span class='ocrx_word' id='word_1_530' title='bbox 2555 2557 2848 2662; x_wconf 79' lang='grc' dir='ltr'><strong>Ἡρόδωρος</strong></span> <span class='ocrx_word' id='word_1_531' title='bbox 2873 2556 2928 2616; x_wconf 77' lang='grc' dir='ltr'>δὲ</span> <span class='ocrx_word' id='word_1_532' title='bbox 2957 2562 3060 2617; x_wconf 73' lang='lat' dir='ltr'>ier.</span> <span class='ocrx_word' id='word_1_533' title='bbox 3089 2562 3258 2634; x_wconf 88' lang='lat' dir='ltr'>Quod</span> <span class='ocrx_word' id='word_1_534' title='bbox 3299 2583 3417 2617; x_wconf 89' lang='lat' dir='ltr'>non</span> <span class='ocrx_word' id='word_1_535' title='bbox 3456 2565 3668 2636; x_wconf 79' lang='lat' dir='ltr'>placet3</span> 
     </span>
     <span class='ocr_line' id='line_1_75' title="bbox 2117 2646 3668 2726; baseline 0.001 -24"><span class='ocrx_word' id='word_1_536' title='bbox 2117 2650 2232 2705; x_wconf 90' lang='lat' dir='ltr'>imo</span> <span class='ocrx_word' id='word_1_537' title='bbox 2262 2651 2320 2702; x_wconf 89' lang='lat' dir='ltr'>in</span> <span class='ocrx_word' id='word_1_538' title='bbox 2347 2651 2451 2705; x_wconf 86' lang='lat' dir='ltr'>isto</span> <span class='ocrx_word' id='word_1_539' title='bbox 2491 2646 2721 2726; x_wconf 82' lang='grc' dir='ltr'>Ἡσιόδῳ</span> <span class='ocrx_word' id='word_1_540' title='bbox 2764 2651 2883 2723; x_wconf 89' lang='lat' dir='ltr'>ipse</span> <span class='ocrx_word' id='word_1_541' title='bbox 2925 2661 3116 2704; x_wconf 89' lang='lat' dir='ltr'>noster</span> <span class='ocrx_word' id='word_1_542' title='bbox 3150 2652 3465 2705; x_wconf 73' lang='lat' dir='ltr'>Herodorus·</span> <span class='ocrx_word' id='word_1_543' title='bbox 3509 2652 3668 2717; x_wconf 87' lang='lat' dir='ltr'>latet,</span> 
     </span>
     <span class='ocr_line' id='line_1_76' title="bbox 2114 2735 3668 2811; baseline 0.003 -22"><span class='ocrx_word' id='word_1_544' title='bbox 2114 2738 2197 2789; x_wconf 87' lang='lat' dir='ltr'>uti</span> <span class='ocrx_word' id='word_1_545' title='bbox 2221 2738 2426 2811; x_wconf 82' lang='lat' dir='ltr'>colligo</span> <span class='ocrx_word' id='word_1_546' title='bbox 2447 2755 2516 2792; x_wconf 80' lang='lat' dir='ltr'>ex</span> <span class='ocrx_word' id='word_1_547' title='bbox 2541 2738 2722 2791; x_wconf 87' lang='lat' dir='ltr'>Natali</span> <span class='ocrx_word' id='word_1_548' title='bbox 2748 2736 2907 2791; x_wconf 89' lang='lat' dir='ltr'>Com.</span> <span class='ocrx_word' id='word_1_549' title='bbox 2930 2755 2988 2808; x_wconf 92' lang='lat' dir='ltr'>p.</span> <span class='ocrx_word' id='word_1_550' title='bbox 3028 2735 3099 2790; x_wconf 77' lang='lat'>6-</span> <span class='ocrx_word' id='word_1_551' title='bbox 3077 2756 3165 2806; x_wconf 94' lang='lat'>7,</span> <span class='ocrx_word' id='word_1_552' title='bbox 3196 2738 3294 2809; x_wconf 85' lang='lat' dir='ltr'>qui</span> <span class='ocrx_word' id='word_1_553' title='bbox 3324 2737 3520 2792; x_wconf 88' lang='lat' dir='ltr'>eadem</span> <span class='ocrx_word' id='word_1_554' title='bbox 3538 2758 3668 2793; x_wconf 88' lang='lat' dir='ltr'>nar·</span> 
     </span>
     <span class='ocr_line' id='line_1_77' title="bbox 2117 2821 3674 2897; baseline 0.002 -20"><span class='ocrx_word' id='word_1_555' title='bbox 2117 2840 2244 2878; x_wconf 87' lang='lat' dir='ltr'>rans</span> <span class='ocrx_word' id='word_1_556' title='bbox 2279 2825 2415 2878; x_wconf 86' lang='lat' dir='ltr'>ait.</span> <span class='ocrx_word' id='word_1_557' title='bbox 2467 2825 2685 2878; x_wconf 79' lang='lat' dir='ltr'>Etenim</span> <span class='ocrx_word' id='word_1_558' title='bbox 2729 2835 2790 2877; x_wconf 80' lang='lat' dir='ltr'>ut</span> <span class='ocrx_word' id='word_1_559' title='bbox 2825 2829 3088 2897; x_wconf 71' lang='lat' dir='ltr'>scriptum</span> <span class='ocrx_word' id='word_1_560' title='bbox 3119 2821 3249 2893; x_wconf 79' lang='lat' dir='ltr'>fiu‘t</span> <span class='ocrx_word' id='word_1_561' title='bbox 3287 2826 3361 2878; x_wconf 85' lang='lat' dir='ltr'>ab</span> <span class='ocrx_word' id='word_1_562' title='bbox 3399 2825 3674 2881; x_wconf 78' lang='lat' dir='ltr'>Herodoto</span> 
     </span>
     <span class='ocr_line' id='line_1_78' title="bbox 2117 2909 3675 2987; baseline 0.001 -21"><span class='ocrx_word' id='word_1_563' title='bbox 2117 2909 2500 2987; x_wconf 88' lang='lat' dir='ltr'>(Herodoro),</span> <span class='ocrx_word' id='word_1_564' title='bbox 2539 2918 2636 2985; x_wconf 75' lang='lat' dir='ltr'>qul</span> <span class='ocrx_word' id='word_1_565' title='bbox 2657 2913 2859 2967; x_wconf 77' lang='lat' dir='ltr'>bellum</span> <span class='ocrx_word' id='word_1_566' title='bbox 2892 2913 3040 2967; x_wconf 78' lang='lat' dir='ltr'>istud</span> <span class='ocrx_word' id='word_1_567' title='bbox 3071 2913 3385 2986; x_wconf 74' lang='lat' dir='ltr'>descripsit,</span> <span class='ocrx_word' id='word_1_568' title='bbox 3417 2926 3675 2987; x_wconf 75' lang='lat' dir='ltr'>quattuor</span> 
     </span>
     <span class='ocr_line' id='line_1_79' title="bbox 2110 2996 3671 3074; baseline 0.002 -20"><span class='ocrx_word' id='word_1_569' title='bbox 2110 3001 2228 3068; x_wconf 77' lang='lat' dir='ltr'>filie·</span> <span class='ocrx_word' id='word_1_570' title='bbox 2250 3020 2324 3054; x_wconf 76' lang='lat' dir='ltr'>ex</span> <span class='ocrx_word' id='word_1_571' title='bbox 2347 3002 2703 3055; x_wconf 80' lang='lat' dir='ltr'>Andromeda</span> <span class='ocrx_word' id='word_1_572' title='bbox 2729 3003 3034 3074; x_wconf 81' lang='lat' dir='ltr'>Perseoque</span> <span class='ocrx_word' id='word_1_573' title='bbox 3056 3007 3175 3055; x_wconf 81' lang='lat' dir='ltr'>nati</span> <span class='ocrx_word' id='word_1_574' title='bbox 3188 3014 3317 3055; x_wconf 78' lang='lat' dir='ltr'>sune</span> <span class='ocrx_word' id='word_1_575' title='bbox 3343 2996 3447 3056; x_wconf 72' lang='lat' dir='ltr'>etc.</span> <span class='ocrx_word' id='word_1_576' title='bbox 3467 3029 3536 3045; x_wconf 84' lang='lat'>-.-</span> <span class='ocrx_word' id='word_1_577' title='bbox 3559 3002 3671 3070; x_wconf 79' lang='grc' dir='ltr'><strong>Τῆς</strong></span> 
     </span>
     <span class='ocr_line' id='line_1_80' title="bbox 2118 3084 3671 3164; baseline 0.002 -22"><span class='ocrx_word' id='word_1_578' title='bbox 2118 3084 2350 3164; x_wconf 83' lang='grc' dir='ltr'><strong>μητρὸς)</strong></span> <span class='ocrx_word' id='word_1_579' title='bbox 2379 3099 2530 3143; x_wconf 89' lang='lat' dir='ltr'>recte</span> <span class='ocrx_word' id='word_1_580' title='bbox 2572 3090 2759 3144; x_wconf 85' lang='lat' dir='ltr'>omisit</span> <span class='ocrx_word' id='word_1_581' title='bbox 2789 3089 2921 3144; x_wconf 89' lang='lat' dir='ltr'>cod.</span> <span class='ocrx_word' id='word_1_582' title='bbox 2957 3090 3164 3157; x_wconf 87' lang='lat' dir='ltr'>Paris.,</span> <span class='ocrx_word' id='word_1_583' title='bbox 3195 3089 3294 3143; x_wconf 90' lang='lat' dir='ltr'>ubi</span> <span class='ocrx_word' id='word_1_584' title='bbox 3323 3099 3473 3143; x_wconf 89' lang='lat' dir='ltr'>totus</span> <span class='ocrx_word' id='word_1_585' title='bbox 3515 3090 3671 3145; x_wconf 85' lang='lat' dir='ltr'>locus</span> 
     </span>
     <span class='ocr_line' id='line_1_81' title="bbox 2117 3171 3667 3244; baseline 0.002 -15"><span class='ocrx_word' id='word_1_586' title='bbox 2117 3177 2295 3229; x_wconf 85' lang='lat' dir='ltr'>multo</span> <span class='ocrx_word' id='word_1_587' title='bbox 2325 3178 2657 3231; x_wconf 85' lang='lat' dir='ltr'>concinnius</span> <span class='ocrx_word' id='word_1_588' title='bbox 2697 3177 2868 3232; x_wconf 85' lang='lat' dir='ltr'>babet</span> <span class='ocrx_word' id='word_1_589' title='bbox 2895 3178 3018 3231; x_wconf 86' lang='lat' dir='ltr'>ita.</span> <span class='ocrx_word' id='word_1_590' title='bbox 3047 3176 3157 3233; x_wconf 85' lang='grc' dir='ltr'>Τοῦ</span> <span class='ocrx_word' id='word_1_591' title='bbox 3197 3171 3252 3231; x_wconf 79' lang='grc' dir='ltr'>δὲ</span> <span class='ocrx_word' id='word_1_592' title='bbox 3277 3173 3552 3244; x_wconf 74' lang='grc' dir='ltr'><strong>Τηλεὸόας</strong></span> <span class='ocrx_word' id='word_1_593' title='bbox 3577 3177 3667 3233; x_wconf 76' lang='grc' dir='ltr'><strong>καὶ</strong></span> 
     </span>
     <span class='ocr_line' id='line_1_82' title="bbox 2115 3258 3668 3371; baseline 0.001 -52.014"><span class='ocrx_word' id='word_1_594' title='bbox 2115 3258 2201 3319; x_wconf 92' lang='grc' dir='ltr'><strong>Γ</strong></span> <span class='ocrx_word' id='word_1_595' title='bbox 2143 3283 2311 3371; x_wconf 68' lang='grc' dir='ltr'><strong>αφος</strong></span> <span class='ocrx_word' id='word_1_596' title='bbox 2335 3259 2463 3319; x_wconf 83' lang='grc' dir='ltr'><strong>Ἀπὸ</strong></span> <span class='ocrx_word' id='word_1_597' title='bbox 2492 3259 2584 3336; x_wconf 79' lang='grc' dir='ltr'>μὲν</span> <span class='ocrx_word' id='word_1_598' title='bbox 2614 3265 2704 3319; x_wconf 83' lang='grc' dir='ltr'>τοῦ</span> <span class='ocrx_word' id='word_1_599' title='bbox 2727 3260 2910 3341; x_wconf 80' lang='grc' dir='ltr'><strong>Τάφου</strong></span> <span class='ocrx_word' id='word_1_600' title='bbox 2934 3265 2967 3331; x_wconf 81' lang='grc' dir='ltr'>ἡ</span> <span class='ocrx_word' id='word_1_601' title='bbox 2983 3265 3134 3327; x_wconf 78' lang='grc' dir='ltr'><strong>ν’ἧσος</strong></span> <span class='ocrx_word' id='word_1_602' title='bbox 3157 3260 3349 3330; x_wconf 79' lang='grc' dir='ltr'><strong>ἐκλήθη</strong></span> <span class='ocrx_word' id='word_1_603' title='bbox 3373 3262 3459 3321; x_wconf 70' lang='lat'>&#39;1²&#39;</span> <span class='ocrx_word' id='word_1_604' title='bbox 3417 3284 3553 3342; x_wconf 77' lang='grc' dir='ltr'><strong>αφος</strong></span> <span class='ocrx_word' id='word_1_605' title='bbox 3574 3261 3668 3339; x_wconf 79' lang='grc' dir='ltr'>μία</span> 
     </span>
     <span class='ocr_line' id='line_1_83' title="bbox 2117 3337 3670 3429; baseline 0.001 -23"><span class='ocrx_word' id='word_1_606' title='bbox 2117 3337 2248 3406; x_wconf 82' lang='grc' dir='ltr'><strong>ουσα</strong></span> <span class='ocrx_word' id='word_1_607' title='bbox 2268 3351 2370 3404; x_wconf 80' lang='grc' dir='ltr'>τῶν</span> <span class='ocrx_word' id='word_1_608' title='bbox 2400 3346 2714 3426; x_wconf 80' lang='grc' dir='ltr'><strong>Ἐχινάδων,</strong></span> <span class='ocrx_word' id='word_1_609' title='bbox 2739 3350 2810 3414; x_wconf 76' lang='grc' dir='ltr'>εἰς</span> <span class='ocrx_word' id='word_1_610' title='bbox 2836 3346 2964 3418; x_wconf 66' lang='grc' dir='ltr'><strong>ἦν’</strong></span> <span class='ocrx_word' id='word_1_611' title='bbox 2928 3369 3124 3406; x_wconf 86' lang='grc' dir='ltr'><strong>ωκουν·</strong></span> <span class='ocrx_word' id='word_1_612' title='bbox 3154 3348 3246 3405; x_wconf 79' lang='grc' dir='ltr'><strong>ἀπ’</strong></span> <span class='ocrx_word' id='word_1_613' title='bbox 3269 3349 3578 3429; x_wconf 66' lang='grc' dir='ltr'><strong>ἀμφοτέρων</strong></span> <span class='ocrx_word' id='word_1_614' title='bbox 3616 3350 3670 3408; x_wconf 71' lang='grc' dir='ltr'>δὲ</span> 
     </span>
     <span class='ocr_line' id='line_1_84' title="bbox 2117 3434 3670 3514; baseline 0 -20"><span class='ocrx_word' id='word_1_615' title='bbox 2117 3436 2315 3514; x_wconf 73' lang='grc' dir='ltr'><strong>Τάφιοι</strong></span> <span class='ocrx_word' id='word_1_616' title='bbox 2344 3435 2436 3492; x_wconf 71' lang='grc' dir='ltr'><strong>καὶ</strong></span> <span class='ocrx_word' id='word_1_617' title='bbox 2448 3435 2716 3506; x_wconf 70' lang='grc' dir='ltr'><strong>Τηλεὸόαι</strong></span> <span class='ocrx_word' id='word_1_618' title='bbox 2744 3440 2791 3494; x_wconf 77' lang='grc' dir='ltr'><strong>οἱ</strong></span> <span class='ocrx_word' id='word_1_619' title='bbox 2820 3440 3180 3502; x_wconf 83' lang='grc' dir='ltr'><strong>κατοικοῦντες</strong></span> <span class='ocrx_word' id='word_1_620' title='bbox 3203 3434 3299 3508; x_wconf 71' lang='grc' dir='ltr'>τὴν</span> <span class='ocrx_word' id='word_1_621' title='bbox 3335 3459 3509 3506; x_wconf 88' lang='grc' dir='ltr'><strong>νησον.</strong></span> <span class='ocrx_word' id='word_1_622' title='bbox 3539 3437 3670 3497; x_wconf 79' lang='grc' dir='ltr'><strong>Ἐλ-</strong></span> 
     </span>
     <span class='ocr_line' id='line_1_85' title="bbox 2118 3514 3670 3602; baseline 0.002 -23"><span class='ocrx_word' id='word_1_623' title='bbox 2118 3520 2288 3588; x_wconf 88' lang='grc' dir='ltr'><strong>θόντες</strong></span> <span class='ocrx_word' id='word_1_624' title='bbox 2314 3514 2401 3580; x_wconf 85' lang='grc' dir='ltr'>ουν</span> <span class='ocrx_word' id='word_1_625' title='bbox 2419 3527 2508 3580; x_wconf 85' lang='grc' dir='ltr'>τοῦ</span> <span class='ocrx_word' id='word_1_626' title='bbox 2541 3521 2805 3601; x_wconf 75' lang='grc' dir='ltr'><strong>Πτερέλου</strong></span> <span class='ocrx_word' id='word_1_627' title='bbox 2833 3524 3013 3588; x_wconf 84' lang='grc' dir='ltr'><strong>παῖδες</strong></span> <span class='ocrx_word' id='word_1_628' title='bbox 3039 3521 3194 3600; x_wconf 80' lang='grc' dir='ltr'><strong>ᾔτουν</strong></span> <span class='ocrx_word' id='word_1_629' title='bbox 3220 3520 3368 3602; x_wconf 81' lang='grc' dir='ltr'><strong>παρὰ</strong></span> <span class='ocrx_word' id='word_1_630' title='bbox 3399 3527 3490 3581; x_wconf 84' lang='grc' dir='ltr'>τοῦ</span> <span class='ocrx_word' id='word_1_631' title='bbox 3513 3522 3670 3582; x_wconf 81' lang='grc' dir='ltr'><strong>Ἠλε-</strong></span> 
     </span>
     <span class='ocr_line' id='line_1_86' title="bbox 2118 3603 3663 3689; baseline -0.001 -23"><span class='ocrx_word' id='word_1_632' title='bbox 2118 3603 2362 3686; x_wconf 73' lang='grc' dir='ltr'><strong>κτρύονος</strong></span> <span class='ocrx_word' id='word_1_633' title='bbox 2388 3605 2479 3673; x_wconf 83' lang='grc' dir='ltr'>τὰς</span> <span class='ocrx_word' id='word_1_634' title='bbox 2505 3612 2597 3678; x_wconf 80' lang='grc' dir='ltr'>τῆς</span> <span class='ocrx_word' id='word_1_635' title='bbox 2637 3609 2860 3685; x_wconf 83' lang='grc' dir='ltr'><strong>μάμμης</strong></span> <span class='ocrx_word' id='word_1_636' title='bbox 2885 3611 3057 3666; x_wconf 80' lang='grc' dir='ltr'><strong>αὐτῶν</strong></span> <span class='ocrx_word' id='word_1_637' title='bbox 3077 3608 3356 3677; x_wconf 87' lang='grc' dir='ltr'><strong>Ἱπποθόης</strong></span> <span class='ocrx_word' id='word_1_638' title='bbox 3390 3610 3663 3689; x_wconf 78' lang='grc' dir='ltr'><strong>χρήματα.</strong></span> 
     </span>
     <span class='ocr_line' id='line_1_87' title="bbox 2119 3692 3669 3774; baseline 0 -20"><span class='ocrx_word' id='word_1_639' title='bbox 2119 3696 2211 3760; x_wconf 88' lang='grc' dir='ltr'>Ὡς</span> <span class='ocrx_word' id='word_1_640' title='bbox 2243 3693 2296 3752; x_wconf 84' lang='grc' dir='ltr'>δὲ</span> <span class='ocrx_word' id='word_1_641' title='bbox 2317 3692 2497 3764; x_wconf 73' lang='grc' dir='ltr'><strong>ἐνέστη</strong></span> <span class='ocrx_word' id='word_1_642' title='bbox 2528 3694 2885 3774; x_wconf 78' lang='grc' dir='ltr'><strong>Ἠλεκτρύων,</strong></span> <span class='ocrx_word' id='word_1_643' title='bbox 2916 3695 3071 3754; x_wconf 77' lang='grc' dir='ltr'><strong>αὐτόν</strong></span> <span class='ocrx_word' id='word_1_644' title='bbox 3099 3720 3154 3754; x_wconf 88' lang='grc' dir='ltr'>τε</span> <span class='ocrx_word' id='word_1_645' title='bbox 3184 3699 3232 3754; x_wconf 82' lang='grc' dir='ltr'><strong>οῖ</strong></span> <span class='ocrx_word' id='word_1_646' title='bbox 3267 3696 3541 3767; x_wconf 73' lang='grc' dir='ltr'><strong>Τηλεὸόαι</strong></span> <span class='ocrx_word' id='word_1_647' title='bbox 3580 3698 3669 3755; x_wconf 79' lang='grc' dir='ltr'><strong>καὶ</strong></span> 
     </span>
     <span class='ocr_line' id='line_1_88' title="bbox 2119 3780 3667 3861; baseline 0.005 -27"><span class='ocrx_word' id='word_1_648' title='bbox 2119 3780 2235 3849; x_wconf 77' lang='grc' dir='ltr'><strong>τοὺς</strong></span> <span class='ocrx_word' id='word_1_649' title='bbox 2261 3785 2387 3847; x_wconf 79' lang='grc' dir='ltr'><strong>υἱεῖς</strong></span> <span class='ocrx_word' id='word_1_650' title='bbox 2428 3784 2649 3854; x_wconf 79' lang='grc' dir='ltr'><strong>ἀνεῖλον,</strong></span> <span class='ocrx_word' id='word_1_651' title='bbox 2698 3783 2788 3841; x_wconf 74' lang='grc' dir='ltr'><strong>καὶ</strong></span> <span class='ocrx_word' id='word_1_652' title='bbox 2818 3782 2934 3848; x_wconf 77' lang='grc' dir='ltr'><strong>τοὺς</strong></span> <span class='ocrx_word' id='word_1_653' title='bbox 2963 3787 3084 3861; x_wconf 88' lang='grc' dir='ltr'><strong>βοῦς</strong></span> <span class='ocrx_word' id='word_1_654' title='bbox 3131 3786 3324 3840; x_wconf 80' lang='grc' dir='ltr'><strong>ἐκεῖθεν</strong></span> <span class='ocrx_word' id='word_1_655' title='bbox 3367 3788 3456 3842; x_wconf 86' lang='grc' dir='ltr'>τοῦ</span> <span class='ocrx_word' id='word_1_656' title='bbox 3511 3784 3667 3844; x_wconf 74' lang='lat' dir='ltr'>’me-</span> 
     </span>
     <span class='ocr_line' id='line_1_89' title="bbox 2120 3862 3672 3947; baseline 0.003 -21"><span class='ocrx_word' id='word_1_657' title='bbox 2120 3867 2357 3947; x_wconf 80' lang='grc' dir='ltr'><strong>κτρύονος</strong></span> <span class='ocrx_word' id='word_1_658' title='bbox 2380 3868 2677 3940; x_wconf 75' lang='grc' dir='ltr'><strong>ἀπήλασαν.</strong></span> <span class='ocrx_word' id='word_1_659' title='bbox 2706 3867 2863 3931; x_wconf 83' lang='grc' dir='ltr'><strong>Ἤτοι</strong></span> <span class='ocrx_word' id='word_1_660' title='bbox 2890 3862 2977 3928; x_wconf 69' lang='grc' dir='ltr'>οῦν</span> <span class='ocrx_word' id='word_1_661' title='bbox 3003 3869 3107 3928; x_wconf 77' lang='grc' dir='ltr'><strong>ἀπὸ</strong></span> <span class='ocrx_word' id='word_1_662' title='bbox 3126 3869 3397 3942; x_wconf 69' lang='grc' dir='ltr'><strong>Τηλεὸόου</strong></span> <span class='ocrx_word' id='word_1_663' title='bbox 3415 3876 3504 3928; x_wconf 83' lang='grc' dir='ltr'>τοῦ</span> <span class='ocrx_word' id='word_1_664' title='bbox 3535 3874 3672 3930; x_wconf 84' lang='grc' dir='ltr'><strong>Πτε-</strong></span> 
     </span>
     <span class='ocr_line' id='line_1_90' title="bbox 2122 3954 3672 4036; baseline 0.001 -22"><span class='ocrx_word' id='word_1_665' title='bbox 2122 3956 2268 4035; x_wconf 85' lang='grc' dir='ltr'><strong>ρέλου</strong></span> <span class='ocrx_word' id='word_1_666' title='bbox 2294 3955 2562 4029; x_wconf 76' lang='grc' dir='ltr'><strong>Τηλεὸόαι</strong></span> <span class='ocrx_word' id='word_1_667' title='bbox 2589 3956 2903 4029; x_wconf 78' lang='grc' dir='ltr'><strong>ἐκλήθησαν,</strong></span> <span class='ocrx_word' id='word_1_668' title='bbox 2942 3954 2976 4026; x_wconf 73' lang='grc' dir='ltr'>ἢ</span> <span class='ocrx_word' id='word_1_669' title='bbox 3015 3955 3119 4014; x_wconf 81' lang='grc' dir='ltr'><strong>ἀπὸ</strong></span> <span class='ocrx_word' id='word_1_670' title='bbox 3148 3961 3236 4015; x_wconf 87' lang='grc' dir='ltr'>τοῦ</span> <span class='ocrx_word' id='word_1_671' title='bbox 3264 3959 3391 4028; x_wconf 81' lang='grc' dir='ltr'><strong>τῆλε</strong></span> <span class='ocrx_word' id='word_1_672' title='bbox 3431 3956 3524 4025; x_wconf 76' lang='grc' dir='ltr'>τὰς</span> <span class='ocrx_word' id='word_1_673' title='bbox 3556 3963 3672 4036; x_wconf 84' lang='grc' dir='ltr'><strong>βοῦς</strong></span> 
     </span>
     <span class='ocr_line' id='line_1_91' title="bbox 2122 4042 3668 4122; baseline 0.001 -23"><span class='ocrx_word' id='word_1_674' title='bbox 2122 4042 2385 4100; x_wconf 84' lang='grc' dir='ltr'><strong>ἀπελάσαι</strong></span> <span class='ocrx_word' id='word_1_675' title='bbox 2407 4048 2498 4100; x_wconf 85' lang='grc' dir='ltr'>τοῦ</span> <span class='ocrx_word' id='word_1_676' title='bbox 2523 4042 2910 4122; x_wconf 80' lang='grc' dir='ltr'><strong>Ἠλεκτρύονος.</strong></span> <span class='ocrx_word' id='word_1_677' title='bbox 2941 4046 3202 4101; x_wconf 82' lang='lat' dir='ltr'>Ceterum</span> <span class='ocrx_word' id='word_1_678' title='bbox 3225 4046 3298 4101; x_wconf 84' lang='lat' dir='ltr'>cf.</span> <span class='ocrx_word' id='word_1_679' title='bbox 3330 4047 3668 4119; x_wconf 82' lang='lat' dir='ltr'>Apollodor.</span> 
     </span>
     <span class='ocr_line' id='line_1_92' title="bbox 2123 4132 3674 4209; baseline 0.001 -20"><span class='ocrx_word' id='word_1_680' title='bbox 2123 4135 2199 4201; x_wconf 91' lang='lat'>11,</span> <span class='ocrx_word' id='word_1_681' title='bbox 2246 4139 2301 4203; x_wconf 69' lang='grc'><strong>4,</strong></span> <span class='ocrx_word' id='word_1_682' title='bbox 2343 4140 2408 4203; x_wconf 77' lang='grc'><strong>4,</strong></span> <span class='ocrx_word' id='word_1_683' title='bbox 2438 4133 2535 4192; x_wconf 85' lang='lat' dir='ltr'>ubi</span> <span class='ocrx_word' id='word_1_684' title='bbox 2566 4134 2888 4209; x_wconf 81' lang='lat' dir='ltr'>genealogia</span> <span class='ocrx_word' id='word_1_685' title='bbox 2932 4153 2946 4187; x_wconf 91' lang='lat'><strong>:</strong></span> <span class='ocrx_word' id='word_1_686' title='bbox 2993 4132 3268 4204; x_wconf 87' lang='lat' dir='ltr'>Mnestor,</span> <span class='ocrx_word' id='word_1_687' title='bbox 3313 4136 3674 4208; x_wconf 84' lang='lat' dir='ltr'>Hippothoe,</span> 
     </span>
    </p>
   </div>
   <div class='ocr_carea' id='block_1_12' title="bbox 2119 4336 3680 5174">
    <p class='ocr_par' dir='ltr' id='par_1_18' title="bbox 2119 4336 3680 5174">
     <span class='ocr_line' id='line_1_93' title="bbox 2122 4336 3675 4401; baseline 0 -15"><span class='ocrx_word' id='word_1_688' title='bbox 2122 4350 2258 4398; x_wconf 73' lang='lat' dir='ltr'>seuS,</span> <span class='ocrx_word' id='word_1_689' title='bbox 2304 4336 2400 4400; x_wconf 84' lang='lat' dir='ltr'>ait,</span> <span class='ocrx_word' id='word_1_690' title='bbox 2453 4351 2515 4387; x_wconf 75' lang='lat' dir='ltr'>ex</span> <span class='ocrx_word' id='word_1_691' title='bbox 2560 4336 2864 4388; x_wconf 74' lang='lat' dir='ltr'>Andromeda</span> <span class='ocrx_word' id='word_1_692' title='bbox 2916 4339 3146 4400; x_wconf 86' lang='lat' dir='ltr'>quattuor</span> <span class='ocrx_word' id='word_1_693' title='bbox 3194 4339 3470 4401; x_wconf 79' lang='lat' dir='ltr'>susceperat</span> <span class='ocrx_word' id='word_1_694' title='bbox 3523 4338 3675 4396; x_wconf 86' lang='lat' dir='ltr'>tilios,</span> 
     </span>
     <span class='ocr_line' id='line_1_94' title="bbox 2122 4415 3678 4482; baseline 0.003 -18"><span class='ocrx_word' id='word_1_695' title='bbox 2122 4416 2363 4475; x_wconf 66' lang='lat' dir='ltr'>Alcaeum,</span> <span class='ocrx_word' id='word_1_696' title='bbox 2405 4415 2713 4476; x_wconf 83' lang='lat' dir='ltr'>Sthenelum,</span> <span class='ocrx_word' id='word_1_697' title='bbox 2738 4419 3018 4478; x_wconf 83' lang='lat' dir='ltr'>Mestorem,</span> <span class='ocrx_word' id='word_1_698' title='bbox 3057 4417 3424 4480; x_wconf 70' lang='lat' dir='ltr'>Electryonem,</span> <span class='ocrx_word' id='word_1_699' title='bbox 3453 4418 3540 4481; x_wconf 86' lang='lat' dir='ltr'>qui</span> <span class='ocrx_word' id='word_1_700' title='bbox 3570 4425 3678 4482; x_wconf 85' lang='lat' dir='ltr'>post</span> 
     </span>
     <span class='ocr_line' id='line_1_95' title="bbox 2120 4492 3676 4554; baseline 0.005 -15"><span class='ocrx_word' id='word_1_701' title='bbox 2120 4492 2306 4541; x_wconf 86' lang='lat' dir='ltr'>obitum</span> <span class='ocrx_word' id='word_1_702' title='bbox 2335 4493 2490 4554; x_wconf 80' lang='lat' dir='ltr'>patris</span> <span class='ocrx_word' id='word_1_703' title='bbox 2521 4506 2720 4554; x_wconf 81' lang='lat' dir='ltr'>regnum</span> <span class='ocrx_word' id='word_1_704' title='bbox 2749 4493 2979 4543; x_wconf 79' lang='lat' dir='ltr'>tembant</span> <span class='ocrx_word' id='word_1_705' title='bbox 3010 4507 3283 4543; x_wconf 84' lang='lat' dir='ltr'>commune.</span> <span class='ocrx_word' id='word_1_706' title='bbox 3320 4498 3496 4545; x_wconf 74' lang='lat' dir='ltr'>Maetor</span> <span class='ocrx_word' id='word_1_707' title='bbox 3529 4497 3676 4547; x_wconf 75' lang='lat' dir='ltr'>filiam</span> 
     </span>
     <span class='ocr_line' id='line_1_96' title="bbox 2123 4568 3676 4638; baseline 0.004 -21"><span class='ocrx_word' id='word_1_708' title='bbox 2123 4568 2295 4617; x_wconf 80' lang='lat' dir='ltr'>habuit</span> <span class='ocrx_word' id='word_1_709' title='bbox 2313 4569 2647 4632; x_wconf 77' lang='lat' dir='ltr'>Hippothoen;</span> <span class='ocrx_word' id='word_1_710' title='bbox 2676 4583 2788 4632; x_wconf 72' lang='lat' dir='ltr'>qum</span> <span class='ocrx_word' id='word_1_711' title='bbox 2805 4573 3028 4633; x_wconf 80' lang='lat' dir='ltr'>Neptuno</span> <span class='ocrx_word' id='word_1_712' title='bbox 3042 4572 3226 4634; x_wconf 85' lang='lat' dir='ltr'>peperit</span> <span class='ocrx_word' id='word_1_713' title='bbox 3259 4573 3528 4622; x_wconf 81' lang='lat' dir='ltr'>Pterelaum</span> <span class='ocrx_word' id='word_1_714' title='bbox 3545 4611 3559 4635; x_wconf 86' lang='lat'>,</span> <span class='ocrx_word' id='word_1_715' title='bbox 3592 4589 3676 4638; x_wconf 81' lang='lat' dir='ltr'>pa·</span> 
     </span>
     <span class='ocr_line' id='line_1_97' title="bbox 2119 4645 3680 4713; baseline 0.004 -20"><span class='ocrx_word' id='word_1_716' title='bbox 2119 4645 2246 4694; x_wconf 83' lang='lat' dir='ltr'>trem</span> <span class='ocrx_word' id='word_1_717' title='bbox 2278 4645 2499 4695; x_wconf 80' lang='lat' dir='ltr'>Telebooe</span> <span class='ocrx_word' id='word_1_718' title='bbox 2529 4647 2578 4695; x_wconf 87' lang='lat' dir='ltr'>et</span> <span class='ocrx_word' id='word_1_719' title='bbox 2607 4646 2776 4708; x_wconf 83' lang='lat' dir='ltr'>Taphi.</span> <span class='ocrx_word' id='word_1_720' title='bbox 2807 4646 3118 4706; x_wconf 83' lang='lat' dir='ltr'>(Secundum</span> <span class='ocrx_word' id='word_1_721' title='bbox 3145 4647 3266 4697; x_wconf 81' lang='lat' dir='ltr'>alios</span> <span class='ocrx_word' id='word_1_722' title='bbox 3288 4649 3523 4700; x_wconf 79' lang='lat' dir='ltr'>Teleboas</span> <span class='ocrx_word' id='word_1_723' title='bbox 3545 4655 3680 4713; x_wconf 83' lang='lat' dir='ltr'>pater</span> 
     </span>
     <span class='ocr_line' id='line_1_98' title="bbox 2121 4724 3678 4790; baseline 0.004 -18"><span class='ocrx_word' id='word_1_724' title='bbox 2121 4724 2212 4773; x_wconf 81' lang='lat' dir='ltr'>snit</span> <span class='ocrx_word' id='word_1_725' title='bbox 2235 4725 2463 4788; x_wconf 83' lang='lat' dir='ltr'>Pterelai,</span> <span class='ocrx_word' id='word_1_726' title='bbox 2482 4728 2631 4787; x_wconf 82' lang='lat' dir='ltr'>atque</span> <span class='ocrx_word' id='word_1_727' title='bbox 2658 4724 2802 4787; x_wconf 80' lang='lat' dir='ltr'>hujus</span> <span class='ocrx_word' id='word_1_728' title='bbox 2823 4725 2909 4774; x_wconf 83' lang='lat' dir='ltr'>filii</span> <span class='ocrx_word' id='word_1_729' title='bbox 2937 4727 3185 4788; x_wconf 80' lang='lat' dir='ltr'>Telehooe,</span> <span class='ocrx_word' id='word_1_730' title='bbox 3218 4740 3342 4790; x_wconf 78' lang='lat' dir='ltr'>quos</span> <span class='ocrx_word' id='word_1_731' title='bbox 3373 4728 3559 4777; x_wconf 85' lang='lat' dir='ltr'>dicunt.</span> <span class='ocrx_word' id='word_1_732' title='bbox 3581 4731 3596 4790; x_wconf 89' lang='lat'>)</span> <span class='ocrx_word' id='word_1_733' title='bbox 3619 4732 3678 4778; x_wconf 79' lang='lat' dir='ltr'>lli</span> 
     </span>
     <span class='ocr_line' id='line_1_99' title="bbox 2123 4803 3675 4869; baseline 0.004 -19"><span class='ocrx_word' id='word_1_734' title='bbox 2123 4804 2266 4863; x_wconf 74' lang='lat' dir='ltr'>igitur</span> <span class='ocrx_word' id='word_1_735' title='bbox 2288 4808 2434 4864; x_wconf 74' lang='lat' dir='ltr'>Argos</span> <span class='ocrx_word' id='word_1_736' title='bbox 2452 4805 2695 4855; x_wconf 74' lang='lat' dir='ltr'>venientes</span> <span class='ocrx_word' id='word_1_737' title='bbox 2713 4803 2836 4853; x_wconf 82' lang='lat' dir='ltr'>bona</span> <span class='ocrx_word' id='word_1_738' title='bbox 2857 4805 3137 4866; x_wconf 77' lang='lat' dir='ltr'>Hippothoa‘.</span> <span class='ocrx_word' id='word_1_739' title='bbox 3151 4804 3215 4852; x_wconf 86' lang='lat' dir='ltr'>ab</span> <span class='ocrx_word' id='word_1_740' title='bbox 3237 4805 3527 4867; x_wconf 75' lang='lat' dir='ltr'>Electryone</span> <span class='ocrx_word' id='word_1_741' title='bbox 3546 4821 3675 4869; x_wconf 81' lang='lat' dir='ltr'>repe-</span> 
     </span>
     <span class='ocr_line' id='line_1_100' title="bbox 2120 4880 3675 4943; baseline 0.003 -13"><span class='ocrx_word' id='word_1_742' title='bbox 2120 4880 2328 4942; x_wconf 86' lang='lat' dir='ltr'>tierunt,</span> <span class='ocrx_word' id='word_1_743' title='bbox 2348 4883 2398 4929; x_wconf 91' lang='lat' dir='ltr'>et</span> <span class='ocrx_word' id='word_1_744' title='bbox 2416 4880 2687 4930; x_wconf 82' lang='lat' dir='ltr'>resistentes</span> <span class='ocrx_word' id='word_1_745' title='bbox 2709 4881 3063 4943; x_wconf 68' lang='lat' dir='ltr'>Electryonidas</span> <span class='ocrx_word' id='word_1_746' title='bbox 3075 4881 3313 4931; x_wconf 80' lang='lat' dir='ltr'>occidere.</span> <span class='ocrx_word' id='word_1_747' title='bbox 3327 4909 3394 4917; x_wconf 89' lang='lat'>—-</span> <span class='ocrx_word' id='word_1_748' title='bbox 3417 4890 3454 4932; x_wconf 82' lang='grc' dir='ltr'><strong>Α</strong></span> <span class='ocrx_word' id='word_1_749' title='bbox 3477 4886 3675 4934; x_wconf 79' lang='lat' dir='ltr'>Pterelai</span> 
     </span>
     <span class='ocr_line' id='line_1_101' title="bbox 2121 4957 3675 5021; baseline 0.003 -15"><span class='ocrx_word' id='word_1_750' title='bbox 2121 4957 2232 5006; x_wconf 77' lang='lat' dir='ltr'>sxliis</span> <span class='ocrx_word' id='word_1_751' title='bbox 2260 4957 2466 5007; x_wconf 84' lang='lat' dir='ltr'>Teleboa</span> <span class='ocrx_word' id='word_1_752' title='bbox 2490 4961 2540 5007; x_wconf 87' lang='lat' dir='ltr'>et</span> <span class='ocrx_word' id='word_1_753' title='bbox 2557 4957 2724 5019; x_wconf 70' lang='lat' dir='ltr'>&#39;tupho</span> <span class='ocrx_word' id='word_1_754' title='bbox 2743 4960 2927 5008; x_wconf 83' lang='lat' dir='ltr'>eolonis</span> <span class='ocrx_word' id='word_1_755' title='bbox 2952 4960 3254 5020; x_wconf 72' lang='lat' dir='ltr'>frequentata</span> <span class='ocrx_word' id='word_1_756' title='bbox 3269 4959 3468 5021; x_wconf 82' lang='lat' dir='ltr'>Taphus</span> <span class='ocrx_word' id='word_1_757' title='bbox 3491 4960 3675 5020; x_wconf 59' lang='lat' dir='ltr'>insulan</span> 
     </span>
     <span class='ocr_line' id='line_1_102' title="bbox 2120 5033 3678 5096; baseline 0.003 -14"><span class='ocrx_word' id='word_1_758' title='bbox 2120 5033 2223 5094; x_wconf 72' lang='lat' dir='ltr'>eius</span> <span class='ocrx_word' id='word_1_759' title='bbox 2253 5035 2420 5083; x_wconf 77' lang='lat' dir='ltr'>incolae</span> <span class='ocrx_word' id='word_1_760' title='bbox 2451 5034 2674 5084; x_wconf 76' lang='lat' dir='ltr'>Telehom</span> <span class='ocrx_word' id='word_1_761' title='bbox 2709 5034 2895 5094; x_wconf 79' lang='lat' dir='ltr'>vocati,</span> <span class='ocrx_word' id='word_1_762' title='bbox 2934 5035 3009 5084; x_wconf 78' lang='lat' dir='ltr'>vel</span> <span class='ocrx_word' id='word_1_763' title='bbox 3046 5034 3176 5096; x_wconf 84' lang='lat' dir='ltr'>quod</span> <span class='ocrx_word' id='word_1_764' title='bbox 3210 5036 3378 5096; x_wconf 84' lang='lat' dir='ltr'>procul</span> <span class='ocrx_word' id='word_1_765' title='bbox 3409 5036 3678 5086; x_wconf 78' lang='lat' dir='ltr'>habitantes</span> 
     </span>
     <span class='ocr_line' id='line_1_103' title="bbox 2121 5111 3674 5174; baseline 0.003 -16"><span class='ocrx_word' id='word_1_766' title='bbox 2121 5111 2268 5158; x_wconf 72' lang='lat' dir='ltr'>boves</span> <span class='ocrx_word' id='word_1_767' title='bbox 2282 5111 2542 5172; x_wconf 76' lang='lat' dir='ltr'>abegerint,</span> <span class='ocrx_word' id='word_1_768' title='bbox 2564 5112 2636 5160; x_wconf 82' lang='lat' dir='ltr'>vel</span> <span class='ocrx_word' id='word_1_769' title='bbox 2653 5112 2898 5160; x_wconf 77' lang='lat' dir='ltr'>a&#39;l&#39;eleboe</span> <span class='ocrx_word' id='word_1_770' title='bbox 2919 5112 3116 5160; x_wconf 82' lang='lat' dir='ltr'>Pterelai</span> <span class='ocrx_word' id='word_1_771' title='bbox 3142 5111 3263 5173; x_wconf 79' lang='lat' dir='ltr'>regis</span> <span class='ocrx_word' id='word_1_772' title='bbox 3283 5112 3400 5172; x_wconf 82' lang='lat' dir='ltr'>tilio,</span> <span class='ocrx_word' id='word_1_773' title='bbox 3421 5111 3558 5174; x_wconf 78' lang='lat' dir='ltr'>enjus</span> <span class='ocrx_word' id='word_1_774' title='bbox 3581 5116 3674 5162; x_wconf 81' lang='lat' dir='ltr'>sra-</span> 
     </span>
    </p>
   </div>
   <div class='ocr_carea' id='block_1_13' title="bbox 2125 5187 2959 5250">
    <p class='ocr_par' dir='ltr' id='par_1_19' title="bbox 2125 5187 2959 5250">
     <span class='ocr_line' id='line_1_104' title="bbox 2125 5187 2959 5250; baseline 0.001 -13"><span class='ocrx_word' id='word_1_775' title='bbox 2125 5190 2196 5237; x_wconf 83' lang='lat' dir='ltr'>ler</span> <span class='ocrx_word' id='word_1_776' title='bbox 2213 5188 2405 5250; x_wconf 71' lang='lat' dir='ltr'>Taphus</span> <span class='ocrx_word' id='word_1_777' title='bbox 2430 5203 2601 5236; x_wconf 85' lang='lat' dir='ltr'>nomen</span> <span class='ocrx_word' id='word_1_778' title='bbox 2624 5187 2752 5236; x_wconf 73' lang='lat' dir='ltr'>clodii</span> <span class='ocrx_word' id='word_1_779' title='bbox 2777 5189 2959 5238; x_wconf 63' lang='lat' dir='ltr'>insuite.</span> 
     </span>
    </p>
   </div>
  </div>
 </body>
</html>
