4016 5916
535 399 648 449 520
1117 407 1126 416 ·
1637 387 2137 449 MANETHONIS
2177 386 2657 447 SERENNYTAE

537 519 620 598 (p.
648 519 719 574 56
745 518 823 596 A)
852 520 1186 588 afferuntur,
1214 519 1405 592 ibique
1423 517 1651 574 demum
1675 531 1903 575 notatur
1929 538 2088 575 sum·
2129 529 2139 550 ·
2180 519 2340 594 gibus
2378 520 2642 593 dynastia.-
2678 520 2753 573 lv
2796 529 2852 573 et
2891 536 2959 572 ex
3005 537 3041 591 9
3077 516 3355 591 regibus
3416 516 3705 589 dynastiae
3744 527 3795 584 V.

533 627 682 663 1113111
720 607 982 681 dynastiae
1012 606 1269 663 secundae
1312 624 1450 675 esse,
1492 625 1621 664 ann.
1664 606 1798 675 302,
1831 602 1969 662 κατὰ
1995 602 2089 673 τὴν

535 692 777 770 δευτέραν
817 691 1015 750 ἔκδοσιν
1060 691 1389 771 Ἀφρικανοῦ.
1442 690 1649 748 Turbae
1695 695 1807 748 istae
1865 695 2089 748 nonnisi

535 782 898 837 librariorum
949 783 1185 849 fuerint3
1241 798 1582 853 quamquam
1637 781 1752 854 ipse
1804 780 2092 853 Syncellus

539 870 888 926 occasionem
931 871 995 924 iis
1044 869 1282 925 dederit.
1331 869 1473 922 Nam
1519 887 1696 941 quum
1739 870 1835 924 illa
1879 863 2092 943 δευτέρα

539 955 737 1022 ἔκδοσις
763 957 1012 1012 1111110310
1049 956 1324 1025 videatur,
1356 956 1600 1010 diversas
1638 955 1802 1027 hujus
1827 954 2092 1028 dynastiae

539 1045 936 1100 adornationes
963 1042 1033 1097 ab
1062 1041 1328 1097 Africano
1362 1051 1724 1110 memoratas,
1765 1042 1854 1097 vel
1882 1041 1952 1097 ab
1982 1042 2093 1096 alio

540 1131 613 1187 ad
636 1131 916 1188 Africanei
945 1130 1075 1185 libri
1123 1130 1407 1203 exemplar
1452 1140 1739 1184 annotatas
1776 1147 1925 1198 esse,
1969 1130 2086 1202 ipse

541 1219 826 1292 Syncellus
873 1217 943 1272 de
976 1218 1063 1272 his
1091 1216 1162 1271 ad
1186 1218 1496 1291 marginem
1532 1217 1612 1270 sui
1647 1217 1832 1289 operis
1862 1234 2094 1270 monere

542 1309 745 1379 potuit.
804 1304 1021 1361 Deinde
1069 1322 1203 1359 vero
1245 1304 1609 1358 memorabile
1653 1321 1783 1358 sane
1825 1315 1906 1358 est
1943 1303 2095 1377 apud

545 1395 962 1449 Eratosthenem
1004 1411 1162 1466 reges
1187 1411 1388 1447 novem
1420 1393 1520 1467 (X0
1545 1390 1864 1468 x'I—xlv)
1896 1394 1994 1465 qui
2024 1411 2095 1447 011

541 1481 682 1535 serie
711 1479 965 1534 laterculi
989 1481 1190 1533 nostris
1217 1479 1441 1553 regibus
1470 1497 1675 1534 novem
1713 1478 2092 1552 respondent,

543 1586 777 1643 regnare
818 1585 923 1640 per
959 1584 1135 1620 annos
1173 1573 1317 1635 224,
1365 1578 1759 1643 quot0septem
1805 1565 2099 1640 prioribus

543 1655 768 1728 regibus
798 1653 990 1707 tribuit
1015 1654 1316 1725 Syncellus.
1339 1655 1597 1729 Deinque
1635 1654 1940 1708 Bunsenius
1967 1653 2100 1707 alias

545 1741 620 1796 ob
653 1759 840 1795 causas
867 1739 1018 1794 baud
1045 1741 1496 1812 improbabiliter
1522 1742 1714 1796 statuit
1739 1739 1982 1795 Africani
2008 1758 2100 1793 re·-

544 1848 667 1902 gem
707 1839 966 1882 octavum
1001 1837 1055 1880 et
1083 1846 1296 1881 nonum
1327 1846 1521 1883 errore
1560 1827 1801 1882 adscribi
1832 1825 2096 1899 dynastiae

544 1915 820 1973 secuudae.
855 1917 954 1969 His
997 1915 1166 1988 igitur
1200 1916 1417 1970 indiciis
1453 1927 1638 1970 motus
1669 1914 1933 1987 equidem
1957 1925 2098 1987 puto

545 2004 807 2076 dynastiae
835 2001 1089 2057 secundae
1113 2003 1334 2076 regibus
1352 2003 1463 2057 sive
1490 2020 1691 2057 novem
1726 2003 1840 2056 sive
1883 2010 2096 2074 septem

546 2092 679 2145 olim
723 2089 941 2144 nonnisi
968 2095 1078 2155 224
1105 2108 1279 2144 annos
1307 2090 1603 2144 attributos
1641 2088 1821 2143 fuisse.
1849 2089 1974 2158 Quo
1998 2087 2098 2142 ad-

545 2180 707 2232 misso
725 2178 945 2253 regibus
955 2178 1186 2232 Thinitis
1200 2176 1594 2252 septemdecim
1614 2178 1956 2251 assignantur
1968 2176 2099 2229 anni

548 2264 1079 2335 263÷224=487.
1116 2266 1437 2338 Sequuntur
1467 2263 1701 2320 totidem
1736 2282 1892 2338 reges
1921 2265 2099 2318 Mem·

546 2354 712 2428 phitae
732 2352 886 2428 (dyn.
909 2350 1147 2430 111‚1v),
1165 2351 1626 2426 quipertotidem
1647 2369 1822 2407 annos
1837 2361 2098 2426 regnant,

545 2442 692 2496 salva
738 2442 902 2496 unius
952 2441 1081 2495 anni
1142 2439 1456 2495 differentia
1505 2437 2095 2514 (214-1-2742-488).

544 2530 666 2582 Jam
693 2547 828 2582 vero
848 2529 978 2582 anni
999 2526 1108 2597 487
1134 2528 1354 2581 tertiam
1373 2538 1590 2600 partem
1610 2524 1860 2580 efficiunt
1876 2525 2099 2599 periodi

545 2616 836 2672 Sothiacae.
883 2613 972 2669 Ad
1020 2613 1361 2686 explendum
1400 2615 1619 2688 cyclum
1657 2629 1876 2668 necesse
1920 2611 2097 2680 foret,

546 2712 608 2755 ut
629 2700 888 2773 dynastiae
916 2702 962 2756 V
985 2711 1040 2754 ct
1059 2702 1134 2754 VI
1164 2701 1301 2755 alios
1322 2719 1497 2756 annos
1518 2700 1627 2771 487
1654 2699 2096 2773 suppeditarent.

546 2786 791 2842 Africani
831 2787 1048 2840 numeri
1085 2788 1306 2842 nonnisi
1338 2785 1443 2851 451
1489 2805 1666 2842 annos
1690 2786 1971 2860 praebent,
2003 2787 2101 2859 qui

547 2893 662 2927 non
691 2876 740 2928 ei
761 2872 1038 2928 debentur
1058 2875 1398 2943 recensioni,
1431 2873 1500 2929 de
1526 2893 1637 2947 qua
1660 2892 1763 2928 nos
1789 2874 1906 2946 J'am
1925 2874 2099 2928 verba

547 2962 797 3017 facimuS.
839 2960 1099 3015 Ceterum
1128 2960 1438 3033 dynastiam
1480 2973 1691 3017 sextam
1737 2962 1856 3016 aliis
1898 2960 2100 3017 finiisse

547 3065 657 3100 una
696 3065 824 3099 cum
867 3046 1124 3101 Sotbiaca
1153 3048 1434 3120 periodO,
1468 3050 1558 3104 vel
1589 3067 1657 3104 eo
1692 3048 1928 3104 indicari
1963 3049 2101 3103 mihi

547 3132 792 3206 videtur,
843 3132 1001 3205 quod
1028 3143 1374 3206 postremum
1416 3154 1653 3210 regnum
1692 3134 1809 3205 ejus
1837 3134 2100 3209 dynastiae.

546 3220 652 3274 suit
680 3219 1010 3290 Nitocridis,
1039 3220 1286 3277 mulieris
1309 3220 1464 3278 flavae
1491 3224 1791 3295 rubrisque
1810 3224 1965 3297 genis
1982 3224 2098 3278 for-

546 3325 738 3377 mosae,
774 3326 924 3380 quae,
976 3308 1136 3363 sicuti
1174 3309 1498 3364 Herodotus
1531 3319 1751 3379 narrat,
1789 3310 1848 3362 in
1890 3311 2103 3365 eineres

547 3412 604 3449 se
628 3392 931 3465 conjiciens
971 3397 1141 3451 vitam
1184 3394 1385 3455 finivit.
1431 3397 1632 3456 Nonne
1673 3399 1732 3450 in
1772 3398 2102 3455 memoriam

547 3481 662 3535 haec
713 3492 980 3536 revocant
1027 3483 1379 3554 Phoenicem,
1430 3502 1590 3539 avem
1624 3483 1889 3554 rubram,
1935 3502 2101 3557 quam

548 3569 651 3623 sub
682 3566 849 3623 finem
890 3570 1118 3644 periodi
1147 3572 1418 3628 Sothiacae
1445 3590 1503 3628 se
1541 3573 1715 3646 ipsam
1742 3589 2103 3628 concremare

549 3655 983 3711 fabulabantur?
1009 3658 1094 3711 Tu
1119 3658 1327 3717 videas,

629 3744 727 3796 His
762 3743 1002 3814 adjicere
1042 3764 1220 3818 pauca
1253 3746 1419 3802 liceat
1456 3746 1528 3802 de
1555 3747 1893 3803 Manethone
1931 3748 2106 3802 Euse-

547 3829 646 3886 bii.
679 3831 898 3884 Etenim
928 3833 1199 3887 Eusebius
1227 3836 1448 3907 priores
1491 3853 1585 3890 sex
1615 3835 1892 3908 dynastias
1916 3835 2102 3889 ador-

549 3918 701 3971 navit
725 3918 876 3972 hunc
901 3919 957 3973 in
977 3919 1213 3974 modum
1242 3940 1255 3974 ε

706 4047 753 4099 Ι.
802 4044 836 4099 8
880 4046 1114 4101 'shinitae
1792 4046 1903 4102 252

681 4134 755 4188 11.
804 4152 839 4205 9
959 4164 1038 4175 --
1792 4153 1900 4208 297

667 4220 765 4274 111.
810 4218 845 4273 8
887 4221 1207 4293 Memphiten
1794 4241 1897 4293 ¹97

664 4308 759 4365 lv,
788 4325 852 4376 17
884 4308 1201 4380 Memphitae
1795 4310 1907 4373 448

702 4388 768 4439 V.
893 4386 1099 4457 Phiops
1127 4404 1224 4441 rex
1339 4440 1348 4449 ,
1799 4407 1907 4445 100

675 4474 772 4527 Vl.
820 4472 853 4526 6
899 4474 1215 4546 Memphitae
1794 4478 1905 4531 203

1778 4590 1923 4655 ¹497

626 4707 850 4762 Summa
896 4726 1174 4763 annorum
1203 4707 1398 4764 eadem
1434 4720 1516 4765 est
1542 4729 1710 4783 quam
1740 4730 1808 4767 ex
1837 4713 2102 4769 Africano

551 4794 838 4866 Syncellus
893 4806 1143 4868 exputat.
1187 4799 1260 4851 At
1305 4796 1613 4852 concordia
1673 4797 1792 4853 haec
1847 4800 2103 4855 calculo-

549 4897 676 4933 rum
713 4880 886 4935 modo
928 4881 1175 4937 absurdo
1216 4881 1414 4939 effecta
1453 4895 1561 4953 est,
1591 4885 1858 4957 quoniam
1900 4888 2106 4960 quintae

552 4964 812 5038 dynastiae
832 4968 959 5023 loco
979 4987 1155 5023 unum
1170 4971 1403 5042 ponitur
1420 4989 1654 5047 regnum
1670 4973 1918 5047 l‘hiopis.
1937 4974 2105 5046 Quod

552 5052 647 5124 qui
658 5053 872 5125 primus
896 5058 1190 5125 commisit,
1204 5057 1357 5112 haud
1375 5058 1517 5114 vidit
1543 5060 1635 5114 ille
1669 5078 1688 5113 1
1703 5078 1732 5130 7
1751 5077 1907 5134 reges
1919 5061 2101 5119 Mem·

551 5139 732 5213 phitas
751 5138 1009 5213 dynastiae
1035 5154 1243 5215 quartae
1267 5144 1410 5199 male
1434 5142 1703 5201 conflatos
1727 5164 1839 5202 esse
1867 5165 1932 5203 ex
1964 5146 1997 5202 8
2023 5165 2105 5204 re·

2182 606 2425 680 ideoque
2444 607 2671 680 Phjopis
2693 623 2929 680 regnum
2958 606 3024 658 iis
3043 604 3167 676 jam
3202 605 3695 677 comprehendi.
3722 610 3803 663 Se·

2184 696 2377 766 quitur
2394 712 2661 749 summam
2684 711 2961 748 annorum
2982 710 3099 746 non
3117 709 3262 747 esse
3294 711 3318 745 1
3337 699 3493 765 497,
3514 692 3621 747 sed
3649 694 3796 768 ¹397·

2184 783 2290 837 Hic
2313 799 2450 837 vero
2492 799 2771 836 annorum
2799 789 3096 852 computus
3114 779 3631 851 explicationem
3675 800 3798 854 pro-

2183 869 2430 924 babilem
2475 868 2738 925 admittit.
2784 868 3091 934 Nimirum,
3134 867 3192 920 si
3244 874 3430 920 recte
3478 865 3605 923 dixi
3654 869 3795 924 fuisse

2186 957 2285 1028 qui
2336 955 2469 1011 inde
2513 974 2544 1011 a
2588 954 2701 1010 fine
2743 954 3009 1027 dynastiae
3044 954 3206 1009 XIX
3243 970 3457 1026 usque
3490 954 3571 1008 ad
3610 957 3794 1011 Menon

2189 1055 2297 1099 tres
2329 1043 2600 1117 periodos
2649 1043 2807 1099 80111.
2852 1038 3307 1096 numeraverint
3334 1079 3355 1109 ,
3409 1043 3604 1097 Menae
3639 1063 3791 1099 31111115

2183 1132 2398 1204 primus
2432 1143 2570 1186 05501
2606 1149 2697 1187 311.
2733 1127 2885 1185 5565
2931 1127 3001 1203 (3
3027 1136 3098 1191 ><
3122 1129 3299 1192 1461
3342 1139 3493 1184 31110
3531 1130 3707 1204 1183)
3735 1151 3777 1187 a.

2185 1219 2317 1276 chr.
2349 1250 2429 1260 —
2452 1220 2537 1273 Ex
2571 1217 2793 1274 Eusebii
2829 1234 2966 1272 vero
2998 1216 3277 1271 numeris
3316 1217 3564 1288 primus
3594 1220 3780 1292 cyclus,

2187 1306 2282 1378 qui
2307 1305 2687 1378 dynastiamm
2719 1305 2931 1359 1-vl
2964 1321 3139 1377 regna
3167 1304 3679 1376 comprehendit,
3705 1306 3781 1360 di-

2186 1394 2458 1448 minuitur
2497 1393 2655 1447 annis
2692 1392 2763 1456 64
2810 1389 2986 1464 (1397
3024 1410 3116 1444 an.
3152 1409 3287 1463 pro
3337 1391 3546 1464 1461)
3590 1410 3605 1449 :
3636 1395 3782 1467 igitur

2186 1483 2362 1536 Menae
2390 1499 2568 1536 annus
2592 1480 2803 1552 primus
2825 1479 2973 1533 foret
2999 1497 3092 1535 an.
3130 1476 3268 1533 550
3286 1497 3307 1532 1
3364 1497 3424 1536 3.
3462 1480 3564 1548 C.;
3596 1482 3640 1534 is
3662 1499 3773 1534 vero

2187 1568 2340 1643 apud
2378 1567 2772 1635 Panodorum,
2804 1567 3163 1639 Annianum,
3200 1566 3602 1639 syncellum,
3635 1566 3773 1634 31105,

2154 1715 2165 1722 ,
2190 1665 2268 1711 051
2290 1654 2489 1710 mundi
2517 1656 2604 1710 vel
2634 1654 2836 1709 Adami
2859 1671 3037 1709 annus
3062 1653 3329 1725 primus.
3364 1653 3545 1710 Unde
3587 1655 3766 1728 colligo

2187 1742 2445 1801 Judaeum
2482 1742 2725 1815 aliquem
2752 1742 2840 1797 vel
2866 1740 3263 1796 Christianum
3293 1742 3659 1813 antiquiores
3686 1760 3769 1794 nu·

2189 1847 2378 1885 meros
2418 1831 2495 1885 ita
2532 1839 2768 1883 mutasse
2808 1838 2871 1882 ut
2911 1845 3085 1901 regna
3112 1829 3479 1882 mortalium
3510 1846 3625 1882 non
3662 1838 3763 1882 ante

2188 1914 2463 1970 mundum
2488 1924 2733 1970 creatum
2762 1914 3098 1987 inciperent.
3129 1914 3342 1988 quue
3381 1923 3549 1969 131110
3584 1914 3765 1969 facilius

2194 2004 2562 2071 concesseris,
2590 2020 2765 2073 quum
2795 2002 2900 2056 alia
2944 2002 3259 2075 complura
3283 2001 3418 2074 jam
3455 2001 3755 2068 viderimus,

2190 2110 2312 2163 quae
2355 2090 2649 2146 ,iudaicam
2696 2090 2991 2145 Eusebiani
3043 2088 3444 2148 Manethonis
3519 2089 3759 2164 originem

2190 2189 2517 2254 coarguant.
3273 2187 3286 2199 ·

2265 2267 2569 2339 Utcunque
2606 2265 2689 2328 ,de
2728 2266 2813 2320 1115
2850 2274 3081 2335 51311135,
3147 2267 3368 2342 negari
3428 2267 3622 2339 nequit
3654 2265 3752 2320 Ma-

2188 2353 2494 2409 nethonem
2566 2355 2625 2408 in
2687 2353 3037 2427 temporibus
3090 2354 3216 2408 suis
3278 2352 3629 2410 adornandis
3668 2369 3751 2425 pe·

2190 2442 2355 2497 riodo
2383 2461 2545 2498 usum
2574 2461 2689 2497 esse
2716 2443 2994 2498 Sothiaca.
3023 2442 3181 2497 Num
3211 2444 3447 2516 primus
3470 2441 3530 2496 id
3564 2440 3745 2506 fecerit,

2189 2549 2261 2584 an
2302 2541 2431 2586 ante
2469 2549 2597 2585 eum
2647 2530 2739 2584 alii
2771 2528 2973 2585 eodem
3003 2528 3189 2608 modo
3242 2548 3376 2585 rem
3418 2528 3740 2590 instituerint,

2188 2617 2465 2672 incertum
2490 2629 2588 2674 est.
2619 2616 2969 2689 Quamquam
2998 2615 3318 2671 Boeckhius
3336 2635 3399 2690 p.
3441 2615 3536 2684 36,
3560 2611 3741 2668 Sothia·

2190 2723 2311 2758 cam
2341 2703 2641 2778 periodum
2671 2700 2972 2778 significari
3010 2703 3187 2757 etiam
3213 2704 3381 2777 apud
3426 2698 3741 2758 Herodotum

2191 2802 2396 2862 censet,
2415 2792 2517 2846 lib.
2541 2793 2616 2861 11,
2652 2797 2781 2859 143,
2802 2790 2903 2846 ubi
2918 2787 3242 2846 secundum
3262 2790 3614 2846 sacerdotum
3632 2802 3736 2841 nar·

2188 2880 2463 2935 rationem
2486 2879 2727 2934 refertur
2749 2877 2879 2933 inde
2907 2895 2940 2932 a
2964 2878 3125 2934 Mene
3156 2895 3351 2952 usque
3375 2877 3451 2934 ad
3477 2875 3735 2933 Sethonem

2189 2967 2504 3023 sacerdotes
2570 2967 2733 3021 fuisse
2795 2964 2902 3031 341
2957 2984 3245 3040 regesque
3284 2965 3554 3033 totidem,
3597 2971 3731 3032 atque

2190 3054 2335 3108 inter
2375 3054 2581 3108 horum
2608 3064 2865 3127 tempora
2905 3053 3081 3108 solem
3136 3065 3351 3127 quater
3394 3051 3577 3107 sedem
3606 3062 3728 3102 suam

2190 3152 2445 3198 mutasse.
2489 3140 2704 3212 Quibus
2738 3140 2876 3195 mihi
2916 3140 3054 3195 alius
3094 3141 3341 3213 quidam
3371 3139 3552 3213 cyclus
3574 3149 3723 3189 sacer-

2191 3228 2391 3284 dotalis
2415 3227 2636 3285 subesse
2663 3226 2890 3283 videtur
2913 3224 3060 3305 (vid.
3085 3227 3322 3303 Fragm.
3348 3243 3475 3281 mea
3492 3218 3719 3280 Chronol·

2191 3334 2249 3389 p.
2299 3334 2399 3389 191
2459 3314 2628 3389 not.).
2669 3315 2930 3370 Ceterum
2986 3314 3146 3371 locus
3201 3312 3560 3371 Herodoteus
3605 3314 3720 3360 eate-

2192 3421 2297 3458 nus
2324 3402 2396 3457 ad
2437 3412 2681 3458 nostram
2717 3420 2836 3457 rem
2864 3402 3027 3472 facit,
3072 3412 3359 3477 quatenus
3387 3399 3549 3455 docet
3570 3408 3717 3449 sacer·

2194 3488 2352 3545 dotes
2380 3490 2674 3565 AEgyptios
2698 3501 2954 3563 tempora
2977 3490 3229 3545 historiae
3248 3491 3379 3545 luce
3406 3487 3549 3543 clara
3569 3492 3617 3537 01
3638 3481 3712 3531 in·

2195 3588 2357 3632 certae
2421 3578 2766 3651 antiquitatis
2832 3578 2909 3631 ita
2976 3575 3367 3647 conjunxisse,
3422 3582 3484 3628 ut
3536 3577 3711 3623 certum

2194 3665 2477 3738 quendam
2496 3665 2865 3739 periodorum
2880 3682 3177 3719 numerum
3200 3663 3507 3738 explerent.
3528 3659 3713 3727 Regum

2193 3769 2457 3808 numerus
2507 3750 2616 3818 341
2664 3771 2695 3808 a
2723 3750 3076 3808 Manethonis
3115 3750 3434 3807 rationibus
3474 3740 3608 3800 haud
3647 3737 3707 3789 ita

2194 3840 2361 3913 longe
2404 3840 2585 3910 abest3
2616 3857 2800 3913 neque
2824 3841 3003 3896 multo
3034 3839 3261 3914 longius
3296 3834 3507 3892 recedit
3529 3822 3708 3885 Diodo-

2195 3944 2288 3981 rus
2316 3925 2391 4001 (Ι,
2418 3926 2537 4004 44),
2564 3928 2663 4000 qui
2683 3944 2716 3981 a
2743 3929 2906 3982 Mene
2937 3944 3068 4000 rege
3091 3944 3272 3999 usque
3295 3923 3368 3979 ad
3395 3921 3477 3977 Ol.
3504 3914 3596 3971 180
3614 3911 3704 3963 sive

2197 4013 2272 4069 60
2300 4031 2352 4071 a.
2391 4015 2453 4072 C.
2504 4033 2679 4069 annos
2704 4015 2926 4069 circiter
2962 4015 3263 4087 quinquies
3289 4010 3443 4066 mille
3479 3997 3705 4060 effluxisse

2200 4103 2290 4155 ait.

2275 4192 2557 4260 Quatenus
2581 4188 2951 4245 sacerdotales
2970 4190 3054 4243 hae
3081 4186 3404 4243 traditiones
3430 4178 3580 4235 fidem
3612 4184 3702 4223 me·

2198 4287 2440 4347 reantur,
2464 4276 2581 4345 vel,
2608 4287 2670 4331 ut
2696 4276 2954 4332 disertius
2978 4296 3097 4332 rem
3120 4278 3372 4347 eloquar,
3399 4266 3521 4323 inde
3536 4280 3563 4316 a
3583 4272 3701 4329 <1¹¹⁰-

2197 4382 2326 4417 nam
2358 4373 2610 4437 tempore
2642 4374 2792 4419 certa
2826 4381 3019 4418 rerum
3050 4362 3323 4418 memoria
3356 4348 3593 4412 succedat
3614 4340 3698 4413 fig·

2197 4452 2395 4505 mentis
2427 4450 2827 4523 conjecturisve
2853 4450 3236 4519 sacerdotum,
3273 4463 3377 4521 ego
3406 4441 3575 4496 dicere
3600 4442 3695 4525 11011

2200 4535 2412 4606 habeo,
2451 4556 2546 4606 ac,
2579 4539 2665 4593 uti
2704 4556 2854 4593 nunc
2898 4557 2986 4594 res
3023 4538 3221 4605 habet,
3268 4531 3486 4588 omnino
3527 4525 3693 4611 certius

2199 4624 2509 4697 quidquam
2551 4625 2624 4681 de
2666 4626 2753 4681 his
2794 4627 3150 4700 pronuntiari
3194 4638 3353 4697 posse
3394 4616 3686 4685 negarentu-

2197 4714 2486 4786 Temporis
2516 4715 2757 4787 spatium
2784 4715 2942 4795 quod
2971 4714 3355 4788 AEgyptiurum
3382 4713 3545 4792 regno·
3564 4681 3686 4781 ³P¹¹j¹

2197 4801 2591 4856 Manethonem
2614 4802 2939 4876 assignatur,
2964 4802 3137 4873 majus
3165 4815 3274 4855 esse
3309 4806 3465 4866 quam
3496 4783 3684 4870 histo-rna

2196 4889 2413 4961 generis
2442 4888 2669 4944 humani
2708 4887 3002 4944 admittere
3032 4887 3306 4948 videatur,
3344 4888 3493 4933 nemo
3527 4870 3680 4919 ⁵³⁰¹OE

2196 4991 2315 5028 non
2341 4975 2627 5049 largietur.
2660 4980 2742 5030 Ac
2769 4976 3064 5050 probabile
3098 4988 3176 5031 est
3202 4975 3411 5043 longam
3441 4960 3577 5055 ist-³¹¹¹
3606 4959 3681 4999 κ’

2196 5079 2329 5135 gum
2369 5062 2569 5117 seriem
2598 5062 2659 5117 in
2698 5064 3087 5137 antiquissimis
3112 5070 3256 5117 certe
3286 5041 3590 5143 temp0f¹b¹¹⁵
3620 5043 3675 5081 ⁶⁰

2198 5145 2493 5204 conflatam
2535 5167 2678 5221 esse,
2722 5149 2881 5223 quod
2910 5149 3136 5206 diversae
3160 5130 3432 5221 ἀναγραφαὶ
3454 5146 3502 5183 ¹¹¹
3530 5128 3675 5176 ”⁰⁰¹⁰
