4016 5916
1706 397 2201 460 FRAGMENTA.

3384 425 3502 472 409

242 555 251 560 -
315 522 534 603 δευτέρῳ
550 523 922 602 Ὗπομνήματι
941 522 1553 602 αὗτὸντὸνἘρατοσθένη
1566 523 1861 582 &excomm
1957 531 2262 596 maximos,
2293 531 2394 585 nisi
2416 530 2561 587 forte
2593 550 2660 587 ex
2686 535 2992 591 Daimacho
3031 538 3283 609 quaedam
3314 558 3508 596 narra--

314 613 409 682 τὴν
436 618 528 669 τοῦ
563 611 921 691 Πατροκλέους
961 612 1134 669 πίστιν
1172 612 1231 668 ἐκ
1270 615 1364 681 τῆς
1386 612 1515 690 πρὸς
1556 611 1861 688 Μεγασθένη
1959 617 2098 670 tioni
2135 636 2244 671 suae
2287 618 2579 673 admiscuit
2610 638 2623 674 ε
2658 622 2701 675 is
2735 623 2882 675 enim
2911 622 3101 677 30000
3143 625 3507 699 longitudinis

314 697 595 777 διαφωνίας
621 698 741 777 περὶ
779 704 869 756 τοῦ
898 697 1092 774 μήκους
1116 701 1208 767 τῆς
1245 696 1467 768 Ἰνδικῆς
1504 702 1592 755 τοῦ
1642 697 1777 756 κατὰ
1804 697 1864 755 τὸ
1956 703 2130 758 stadia
2172 705 2374 761 attulit.
2416 705 2818 765 Schwanbeck.
2858 708 3095 780 majores
3134 729 3395 768 numeros
3429 717 3508 768 ita

319 783 517 862 βόρειον
547 781 793 862 πλευρὸν,
822 787 910 841 τοῦ
948 780 1040 857 μὲν
1074 780 1436 858 Μεγασθίνους
1472 784 1705 859 λέγοντος
1740 805 1865 842 στα·

318 870 441 928 δίων
471 869 665 949 μυρίων
689 868 1066 948 ἑξακισχιλίων,
1102 875 1186 927 τοῦ
1219 868 1273 928 δὲ
1302 869 1662 947 Πατροκλέους
1686 870 1870 949 χιλίοις

318 957 513 1014 λείπειν
538 955 784 1034 φαμένου.

1066 1083 1120 1140 5.

403 1213 603 1268 Strabo
626 1215 697 1281 11,
721 1231 779 1286 p.
803 1213 878 1285 69
894 1214 1017 1270 init.
1049 1215 1323 1268 :Patrocli
1344 1213 1512 1269 fidem
1529 1214 1867 1269 nonhaben·

326 1297 452 1353 dam
476 1316 588 1352 esse
618 1299 970 1371 Hipparchus
995 1298 1156 1368 dicit,
1193 1297 1331 1354 δυοῖν
1360 1295 1867 1376 ἅντιμαρτυρούντων

326 1384 466 1458 αὐτῷ
506 1380 784 1459 Δηιμάχου
817 1404 873 1439 τε
899 1381 991 1440 καὶ
1020 1381 1376 1459 Μεγασθὲνους
1394 1426 1411 1453 ,
1435 1377 1488 1439 οἲ
1511 1384 1625 1441 καθ’
1667 1382 1750 1448 οὓς
1774 1382 1869 1458 μὲν

322 1466 509 1533 τόπους
531 1468 815 1548 δισμυρίων
848 1468 906 1526 τὸ
934 1468 1197 1545 διάστημά
1234 1492 1359 1550 φασι
1387 1468 1446 1528 τὸ
1473 1467 1578 1527 ἀπὸ
1609 1473 1701 1541 τῆς
1733 1469 1870 1527 κατὰ

326 1554 657 1634 μεσημόρίαν
704 1556 992 1628 θαλάττης,
1036 1560 1151 1614 καθ’
1188 1555 1272 1623 οὓς
1301 1557 1356 1615 δὲ
1400 1556 1491 1615 καὶ
1531 1555 1865 1637 τρισμυρίων.

314 1637 554 1706 ’Τούτους
577 1664 635 1719 γε
660 1642 723 1713 δὴ
752 1648 964 1701 τοιαῦτα
990 1642 1155 1720 λέγειν
1187 1643 1275 1701 καὶ
1303 1641 1419 1709 τοὺς
1447 1643 1692 1722 ἀρχαίους
1719 1640 1868 1700 πίνα·

324 1749 419 1792 aa<
448 1728 652 1795 τούτοις
677 1732 965 1808 ὁμολογεῖν.

404 1814 740 1895 Δισμυρίων]
773 1838 958 1874 ιαοοο
980 1819 1156 1875 stadia
1187 1830 1549 1893 exputaverat
1567 1820 1867 1887 Patrocles,

327 1903 484 1974 cujus
507 1908 835 1961 sententiam
876 1908 1260 1963 Eratosthenes
1285 1906 1594 1979 adoptavit.

413 1991 621 2049 Eadem
643 1994 845 2048 iterum
869 1995 1041 2067 tangit
1063 1993 1265 2049 Strabo
1284 2013 1340 2067 p.
1371 2013 1443 2063 72
1469 2010 1565 2052 z...
1591 1991 1697 2056 τοῖς
1720 2012 1867 2071 τρισ-

329 2075 524 2154 μυρίοις
539 2069 640 2146 ,οἷς
677 2079 835 2156 φησὶν
858 2081 887 2134 ὁ
912 2077 1183 2156 Δηίμαχος
1203 2077 1358 2155 μέχρι
1384 2082 1476 2148 τῆς
1494 2078 1562 2143 εἰς
1590 2076 1873 2156 Βακτρίους

331 2162 420 2219 καὶ
443 2163 751 2240 Σογδιανοὺς
786 2164 1122 2243 ὑπερθέσεως,
1144 2166 1259 2221 κτλ.
1284 2167 1442 2222 Idem
1480 2186 1539 2240 p.
1563 2173 1631 2237 74
1659 2184 1674 2223 :
1704 2167 1774 2224 Oi
1817 2164 1874 2222 δέ

330 2271 390 2324 γε
438 2250 556 2328 περὶ
605 2250 882 2329 Δηίμαχον
906 2277 916 2286 ·
940 2257 1046 2316 τοῖς
1103 2251 1422 2330 τρισμυρίοις
1485 2249 1573 2310 ἐὰν
1642 2252 1873 2329 προσλά-

332 2334 464 2393 ὅωσι
492 2334 550 2393 τὸ
576 2335 660 2395 ἐπὶ
681 2335 774 2408 τὴν
800 2339 850 2397 T
853 2336 1154 2416 απροὸάνην
1173 2337 1262 2394 καὶ
1288 2336 1403 2403 τοὺς
1430 2335 1574 2417 ὅρους
1585 2340 1675 2408 τῆς
1702 2337 1871 2394 διακε-

332 2421 616 2498 καυμένης,
639 2421 723 2488 οὓς
741 2424 834 2481 οὐκ
852 2422 1092 2488 ἐλάττους
1113 2426 1213 2480 τῶν
1245 2422 1671 2503 τετρακισχιλίων
1686 2421 1874 2491 θετέον,

333 2510 624 2566 ἑκτοπιοῦσι
667 2510 734 2567 τά
774 2532 830 2567 τε
872 2508 1085 2588 Βάκτρα
1141 2508 1231 2567 καὶ
1289 2508 1384 2580 τὴν
1428 2508 1606 2587 Ἀρίαν
1650 2510 1721 2575 εἷς
1761 2508 1875 2574 τοὺς

333 2595 622 2673 ἀπέχοντας
647 2595 832 2662 τόπους
857 2600 949 2666 τῆς
976 2595 1379 2671 διακεκαυμένης
1408 2595 1642 2663 σταδίους
1659 2618 1876 2675 τρισμυ·

336 2681 470 2760 ρίους
509 2680 599 2738 καὶ
626 2680 1094 2760 τετρακισχιλίους,
1130 2680 1277 2748 ὅσους
1317 2682 1422 2740 ἀπὸ
1459 2686 1550 2740 τοῦ
1580 2684 1874 2759 ἱσημερινοῧ

334 2767 419 2825 ἐπὶ
472 2768 762 2846 Βορυσθένη
793 2768 948 2849 φησὶν
990 2758 1121 2826 εἶναι
1156 2771 1205 2861 ὁ.
1228 2766 1545 2847 Ἵππαρχος.
1584 2771 1669 2827 Cf.
1712 2773 1875 2827 etiam

333 2878 392 2932 p.
424 2855 496 2927 75
524 2869 668 2914 extr.

1081 2997 1135 3052 6.

415 3136 639 3191 Art-ian.
670 3135 795 3193 Iud.
826 3137 887 3205 3,
920 3155 950 3206 7
988 3154 1003 3192 z
1038 3132 1357 3210 Μεγασθένει
1380 3133 1435 3191 δὲ
1464 3134 1523 3191 τὸ
1556 3134 1660 3192 ἀπὸ
1688 3137 1879 3192 ἀνατο-

334 3217 465 3275 λέων
495 3221 545 3284 ἐς
567 3217 788 3294 ἑσπέρην
807 3218 999 3284 πλάτος
1035 3218 1144 3276 ἐστὶ
1186 3223 1278 3289 τῆς
1306 3219 1482 3277 Ἰνδῶν
1504 3223 1619 3297 γῆς,
1642 3220 1674 3277 ὅ
1706 3244 1757 3278 τι
1783 3243 1882 3298 περ

338 3306 387 3361 οἱ
413 3304 564 3361 ἄλλοι
584 3307 747 3379 μῆκος
766 3303 1013 3363 ποιέουσι·
1039 3304 1129 3361 καὶ
1148 3304 1290 3382 λέγει
1310 3307 1660 3382 Μεγασθένης,
1689 3305 1884 3385 μυρίων

337 3389 429 3446 καὶ
455 3390 805 3468 ἑξακιςχιλίων
830 3393 1053 3449 σταδίων
1077 3382 1238 3463 εἶναι,
1265 3389 1451 3472 ἵναπερ
1474 3392 1536 3452 τὸ
1560 3395 1885 3473 βραχύτατον

336 3477 603 3536 αὖτοῧ.Τὸ
628 3476 679 3533 δὲ
707 3476 809 3534 ἀπὸ
819 3476 1008 3555 ἄρκτου
1019 3476 1143 3556 πρὸς
1153 3478 1662 3557 μεσημὸρίην,το’ὕτο
1673 3483 1727 3539 δὲ
1741 3484 1882 3560 αὐτῷ

340 3567 505 3637 μῆκος
542 3562 768 3639 γίνεται,
789 3564 877 3620 καὶ
900 3563 1075 3641 ἐπέχει
1096 3566 1415 3642 τριηκοσίους
1451 3566 1541 3623 καὶ
1572 3566 1849 3647 δισχιλίους
1868 3612 1884 3639 ,

335 3648 522 3728 ἵναπερ
543 3647 603 3707 τὸ
622 3648 1145 3723 στεινότατον-αὐτοῦ.
1176 3653 1263 3710 Cf.
1302 3656 1573 3709 Onesicrit
1596 3656 1667 3713 sr.
1715 3677 1732 3710 1
1757 3677 1774 3710 ι
1792 3701 1803 3713 .

414 3737 701 3792 Diodorus
723 3739 780 3791 in
826 3738 891 3791 fr.
928 3756 947 3790 ι
983 3738 1015 3810 S
1060 3758 1093 3793 α
1136 3740 1307 3794 lndiae
1346 3738 1785 3815 magnitudinem
1815 3744 1889 3798 ita

336 3823 557 3889 definit,
593 3835 656 3878 ut
697 3823 1044 3877 latitudinem
1097 3845 1216 3880 non
1254 3827 1472 3901 ι6000,
1508 3829 1604 3884 sed
1660 3830 1884 3897 28000;

1961 801 2116 845 ortos
2157 801 2342 863 putat,
2399 804 2463 846 ut
2507 793 2566 847 in
2624 794 2918 850 latitudine
2962 800 3361 870 comprehensa
3400 804 3510 856 sint

1959 867 2206 932 Cabuliae
2233 889 2287 932 et
2318 881 2536 934 Arianae
2567 892 2781 953 partes,
2811 901 2977 955 quam
3006 885 3239 939 Seleuco
3266 888 3507 943 Sandra-

1959 974 2141 1019 cottus
2167 964 2403 1034 ademit3
2424 967 2480 1019 in
2506 965 2699 1021 32000
2734 967 2924 1022 stadiis
2951 970 3322 1043 longitudinis
3353 993 3510 1028 com·

1958 1051 2155 1122 plexus
2173 1061 2370 1105 auctor
2393 1053 2462 1106 sit
2481 1051 2740 1108 finitimas
2779 1054 2850 1109 ad
2873 1058 3326 1129 septemtrionem
3366 1078 3473 1134 gen
3492 1095 3508 1106 ·

1959 1147 2037 1191 tes
2060 1177 2076 1204 ,
2099 1155 2153 1192 v.
2187 1156 2236 1193 c.
2265 1138 2641 1196 Uttaracums.

2036 1224 2292 1278 Ceterum
2322 1225 2670 1280 latitudinem
2700 1228 3079 1300 Megasthenes
3105 1247 3211 1302 pro
3238 1232 3319 1284 sui
3351 1251 3506 1285 com·

1956 1309 2078 1380 puti
2108 1312 2325 1366 ratione
2351 1312 2479 1365 satis
2495 1311 2640 1367 bene
2674 1315 2995 1383 constituit;
3022 1333 3149 1370 nam
3193 1317 3352 1388 quod
3382 1337 3508 1391 spa·

1958 1397 2096 1450 tium
2124 1397 2432 1452 stadiorum
2465 1399 2648 1454 16000
2676 1417 2790 1455 esse
2809 1400 2975 1470 dicit,
3007 1420 3200 1457 revera
3237 1415 3316 1458 est
3339 1405 3506 1459 circi-

1958 1491 2044 1536 ter
2101 1482 2288 1553 13700
2350 1485 2679 1543 stadiorum.
2729 1489 2864 1558 Quae
2929 1506 3067 1543 vero
3131 1489 3269 1543 dicit
3319 1491 3512 1546 22300

1956 1569 2132 1624 stadia
2150 1610 2164 1636 ,
2195 1571 2338 1626 linea
2360 1581 2511 1626 recta
2544 1574 2761 1627 nonnisi
2795 1573 3014 1642 163oo‚
3043 1576 3132 1630 vel
3156 1577 3197 1629 si
3218 1578 3509 1650 Taproba-

1958 1675 2068 1710 nen
2100 1659 2202 1712 ins.
2228 1658 2408 1726 addis,
2436 1677 2453 1712 ι
2469 1657 2620 1728 7500
2644 1660 2817 1716 stadia
2841 1659 3111 1716 efficiunt.
3132 1653 3386 1718 Aliorum
3411 1685 3508 1720 au-

1958 1754 2179 1799 ctorum
2203 1763 2485 1800 mensuras
2512 1764 2580 1801 ex
2608 1748 2767 1801 variis
2785 1750 3107 1804 auctoribus
3126 1750 3287 1805 affert
3305 1753 3511 1807 Plinius

1959 1833 2029 1887 Η.
2061 1833 2131 1887 Ν.
2155 1835 2260 1902 vl,
2284 1833 2316 1906 S
2338 1852 2403 1888 21
2427 1875 2444 1906 ,
2477 1852 2510 1887 α
2527 1876 2544 1907 ,
2575 1835 2672 1889 ubi
2695 1836 2858 1890 etiam
2881 1837 3031 1891 haec:
3065 1839 3512 1912 Compluresem-

1959 1930 2066 1971 tem
2087 1928 2256 1972 totam
2281 1924 2454 1992 Ipsina
2471 1922 2870 1992 longitudinem
2891 1925 2948 1977 X
2952 1926 2996 1977 L
3013 1926 3227 1979 dierum
3243 1932 3481 1981 noctium
3493 1958 3509 1971 ο

1958 2022 2063 2075 qne
2090 2005 2195 2057 vele·
2237 2024 2301 2059 co
2330 2010 2549 2060 navium
2581 2023 2737 2060 cursu
2758 2008 3186 2065 determinavere
3218 2030 3236 2062 .·
3274 2024 3329 2065 σε
3348 2033 3387 2066 a
3420 2033 3511 2067 se-

1952 2096 2284 2163 ptemtrione
2302 2094 2383 2146 ad
2400 2094 2676 2147 meridiem
2694 2098 2855 2156 &cies
2872 2103 3100 2151 etocee'es
3111 2110 3340 2152 centena
3351 2105 3512 2171 quin·

1960 2181 2231 2249 quaginta
2271 2179 2357 2234 M.
2389 2197 2658 2251 passuum
2691 2181 2707 2251 (
2731 2198 2848 2234 esse
2891 2184 3114 2237 tradunt
3138 2179 3175 2259 ).
3228 2183 3515 2254 2850,000

1961 2281 2147 2335 passus
2160 2276 2380 2335 aequant
2401 2263 2594 2320 22800
2617 2266 2821 2334 stadia;
2841 2270 2938 2340 qui
2965 2288 3231 2325 numerus
3256 2275 3516 2343 proxime

1962 2349 2036 2404 ad
2064 2367 2221 2418 eum,
2239 2368 2408 2422 quem
2438 2354 2705 2406 Arrianus
2732 2354 2921 2424 tradit,
2947 2356 3180 2410 accedit.
3209 2355 3365 2411 Idem
3397 2359 3512 2412 Pli-

1961 2438 2088 2490 nius
2108 2437 2145 2493 l.
2165 2437 2204 2493 l.
2235 2437 2373 2504 21,ss
2400 2437 2538 2494 dicit
2560 2457 2592 2493 a
2617 2440 2948 2495 Palibothris
2971 2442 3186 2515 oppido
3216 2444 3286 2497 ad
3312 2447 3514 2499 ostium

1962 2522 2167 2597 Gangis
2189 2541 2302 2578 esse
2323 2525 2718 2581 Dcxxxvm
2741 2529 2908 2582 millia
2926 2547 3205 2600 passuum.
3232 2532 3358 2601 Quo
3389 2532 3518 2585 loeo

1963 2610 2435 2666 Schwanbeckius
2460 2631 2520 2685 p.
2571 2631 2636 2683 ¹7
2659 2614 3015 2668 scribendum
3063 2634 3177 2670 esse
3215 2617 3520 2689 probabili·

1965 2705 2051 2751 ter
2072 2697 2380 2753 admodum
2402 2701 2591 2754 statuit
2625 2718 2639 2753 :
2671 2701 3142 2768 Dccxxxvnl,
3187 2704 3223 2760 i.
3263 2722 3315 2758 e.
3363 2703 3518 2760 6000

1963 2783 2168 2850 stadia,
2214 2798 2354 2857 quot
2400 2786 2584 2840 eidem
2637 2788 2814 2858 spatio
2831 2811 2842 2822 ·
2867 2788 3062 2841 tribuit
3117 2791 3513 2862 Megasthenes.

1965 2871 2088 2925 Alia
2103 2874 2342 2945 plurima
2364 2875 2420 2928 iu
2448 2872 2647 2929 codem
2669 2875 2849 2947 capite
2876 2893 2942 2929 ex
2966 2877 3316 2949 Megasthene
3339 2877 3519 2932 fluxe-

1966 2958 2101 3014 rint.

2724 3111 2753 3127 ρ

2760 3135 2774 3147 ο

2051 3220 2356 3289 strabon,
2381 3239 2440 3293 p.
2471 3222 2545 3290 76
2571 3221 2991 3275 :Eratosthenes
3023 3224 3346 3295 perstringit
3384 3225 3522 3277 Dal-

1972 3306 2268 3372 machum‚
2298 3308 2397 3378 qui
2443 3306 2739 3361 oblocutus
2780 3317 2897 3361 erat
2929 3304 3247 3382 Μεγασθένει
3296 3305 3519 3385 φήσαντι

1975 3391 2028 3446 ἰν
2048 3392 2153 3455 τοῖς
2172 3390 2356 3456 νοτίοις
2384 3390 2563 3468 μέρεσι
2594 3394 2686 3460 τῆς
2708 3388 2925 3461 Ἰνδικῆς
2946 3390 3037 3456 τάς
3058 3413 3115 3448 τε
3143 3391 3359 3467 ἄρκτους
3387 3394 3520 3451 ἀπο-

1974 3475 2294 3554 κρύπτεσθαι
2322 3476 2411 3533 καὶ
2434 3475 2527 3542 τὰς
2555 3474 2703 3540 σκιὰς
2732 3476 3070 3535 ἀντιπίπτειν.
3095 3479 3235 3534 Vide
3263 3480 3458 3553 fragm.
3487 3499 3519 3534 a

1973 3566 2289 3633 Daimachi3
2331 3566 2570 3621 Nearchi
2610 3565 2680 3622 fr.
2718 3582 2774 3618 α.
2822 3564 2907 3620 Cf.
2959 3565 3327 3638 Megasthenis
3373 3567 3522 3638 Epit.

1975 3650 2048 3706 fr.
2087 3669 2106 3703 ι
2143 3650 2251 3723 §m
3525 3646 3546 3665 “

2054 3736 2254 3790 Strabo
2268 3738 2414 3809 11‚p.
2437 3756 2504 3806 77
2537 3755 2576 3795 ε.
2602 3734 2879 3812 Δηιμάχου
2903 3733 3157 3813 φήσαντος
3173 3735 3415 3809 μηδαμοῦ
3436 3738 3526 3803 τῆς

1978 3818 2195 3890 Ἰνδικῆς
2230 3819 2351 3894 μήτ’
2395 3819 2816 3900 ἀποκρύπτεσθαι
2856 3818 2948 3886 τὰς
2981 3820 3198 3900 ἄρκτους
3234 3822 3355 3896 μήτ’
3386 3826 3526 3877 ἀντι-

335 3910 745 3985 longitudinem
799 3929 915 3965 non
959 3930 1172 3979 aoooo,
1212 3913 1312 3967 sed
1355 3914 1541 3968 32000
1581 3915 1888 3970 stadiorum
1981 3904 2187 3963 πίπτειν
2227 3905 2319 4001 τῇ
2364 3905 2513 3972 σκιὰς
2580 3904 2707 3985 ἆνερ
2737 3907 3016 3985 ὑπείληφεν
3061 3912 3089 3965 ὁ
3119 3905 3471 3984 Μεγασθένης.

335 4017 449 4051 esse
473 3997 640 4053 dicat.
690 3997 799 4051 Sed
836 3997 978 4051 bene
1009 3998 1309 4053 tenendum
1346 4010 1427 4053 est
1450 4002 1746 4056 Arrianum
1781 4004 1891 4057 suis

336 4085 583 4138 numeris
601 4083 810 4138 addere
834 4103 847 4138 :
873 4081 1058 4160 ἵναπερ
1104 4084 1164 4140 τὸ
1206 4086 1558 4160 βραχύτατον,
1596 4086 1785 4163 ἵναπερ
1829 4087 1890 4143 τὸ

337 4167 677 4227 στεινότατον.
718 4171 1005 4226 Diodorus
1045 4172 1216 4244 igitur
1269 4174 1579 4226 enotaverit
1622 4192 1887 4230 numeros

340 4334 387 4382 in
423 4333 717 4395 longitudine
757 4336 918 4384 lateris
956 4334 1104 4383 india».
1148 4336 1548 4396 septemtrionalis
1580 4336 1886 4397 annotanda,

337 4410 468 4471 quod
482 4446 496 4466 ,
519 4424 664 4470 quam
686 4412 1009 4472 Megasthenes
1032 4410 1239 4460 sedecim
1258 4410 1468 4459 millibus
1483 4410 1743 4460 stadiorum
1766 4412 1885 4460 defi-

338 4488 407 4535 nit
420 4522 435 4548 ,
467 4486 705 4535 vati-odes
723 4486 853 4536 mille
871 4485 1024 4536 stadia
1047 4488 1090 4535 ei
1108 4500 1310 4539 summae
1328 4487 1548 4536 detrahit.

404 4650 668 4698 Pati-octeni
701 4649 999 4711 Hipparchus
1023 4571 1138 4697 dic5it
1173 4648 1316 4698 tidem
1353 4664 1448 4698 non
1481 4650 1650 4699 mereri
1669 4688 1684 4711 ,
1721 4655 1888 4701 contra

338 4740 486 4788 quem
508 4726 607 4774 duo
623 4728 718 4775 sint
738 4726 1066 4775 testimonium
1090 4727 1293 4775 serentes
1334 4727 1620 4776 Deimachus
1641 4732 1690 4777 et
1723 4732 1883 4790 Mega·

339 4807 558 4867 sthenes,
582 4805 665 4866 qui
695 4805 1001 4853 intervallum
1016 4818 1045 4852 a
1073 4805 1192 4852 mari
1214 4804 1511 4853 meridionali
1538 4806 1698 4867 vicies,
1717 4807 1888 4877 aliqui-

344 4884 436 4933 bus
463 4884 582 4931 iocis
610 4883 753 4932 etiam
786 4882 945 4931 tricies
976 4881 1109 4930 mune
1133 4882 1397 4930 stadiorum
1431 4885 1671 4933 animent
1690 4900 1817 4946 essm
1843 4889 1891 4934 et
1932 4874 1939 4907 ²
3501 4926 3508 4933 .

1930 4982 1939 5007 ι
2043 4965 2331 5014 Daimaehus
2360 4963 2664 5026 reprehendit
2681 4964 3057 5026 megasthenem,
3076 4962 3204 5024 quod
3226 4963 3273 5009 in
3305 4964 3531 5012 austrinis

343 4974 455 5008 rum
477 4960 548 5006 his
572 4960 837 5008 consentire
858 4959 1003 5015 etiarn
1022 4961 1209 5007 veteres
1223 4954 1421 5007 tabulasss

1089 5040 1141 5087 6.

406 5121 731 5181 &legastlienes
760 5121 821 5169 ah
847 5120 1030 5167 oriente
1058 5119 1105 5167 in
1129 5119 1425 5169 occidentem
1464 5122 1761 5172 latitudinem
1805 5124 1882 5170 lu-

2721 4036 2778 4094 8.

2065 4177 2275 4229 Plinius
2303 4179 2371 4231 fl.
2403 4179 2470 4232 N.
2497 4179 2618 4244 vn,
2649 4196 2745 4245 aa,
2777 4177 2841 4249 6,
2876 4199 2926 4248 p.
2958 4177 3070 4233 360
3093 4178 3268 4234 Tchn.
3301 4196 3314 4230 :
3348 4178 3438 4232 Ab
3459 4182 3534 4231 e'aes

1985 4338 2080 4386 dim
2110 4352 2212 4387 esse
2253 4340 2390 4397 vult,
2429 4352 2577 4400 quam
2616 4340 2696 4389 alii
2723 4339 3066 4401 longitudinem
3093 4338 3304 4400 faciunt,
3328 4350 3530 4400 eamque

1984 4415 2310 4476 Megasthenes
2326 4418 2495 4464 auctor
2511 4418 2583 4465 est
2597 4452 2612 4477 ,
2631 4415 2716 4465 ubi
2734 4415 3064 4465 brevissimum
3092 4414 3196 4476 ejus
3212 4415 3418 4477 spatium
3435 4410 3528 4474 sit,

1975 4493 2180 4542 sedecim
2205 4493 2350 4543 millia
2375 4494 2638 4543 stadiorum
2672 4494 2929 4543 continere.
2965 4499 3001 4543 Α
3017 4493 3354 4556 septemtrione
3366 4495 3530 4541 autem

1982 4584 2147 4620 versus
2179 4571 2453 4633 meridiem,
2483 4584 2537 4619 en
2562 4570 2629 4619 illi
2656 4568 2851 4633 quidem
2879 4574 2952 4619 est
2975 4568 3223 4632 longitudo
3240 4603 3255 4629 ‚
3280 4573 3331 4618 et
3361 4572 3523 4619 exten·
3621 4586 3628 4593 ·

1980 4647 2113 4696 ditur
2134 4647 2194 4695 ad
2219 4647 2380 4710 viginti
2401 4651 2486 4698 tuo
2508 4646 2657 4697 millia
2678 4650 2728 4697 et
2748 4649 2961 4697 trecenta
2981 4646 3134 4696 stadia
3148 4681 3165 4706 ‚
3183 4645 3266 4695 ubi
3288 4646 3529 4708 augustis-

1979 4724 2100 4772 sima
2119 4725 2208 4773 est.

2722 4842 2774 4890 7.

1983 5041 2129 5090 india:
2153 5040 2369 5102 partibus
2404 5053 2540 5090 ursas
2566 5039 2784 5090 occidere
2803 5042 2852 5091 et
2869 5040 3063 5111 umbras
3079 5039 3317 5089 diversam
3340 5039 3389 5088 iu
3412 5053 3515 5102 par·

1960 5125 2074 5169 dem
2093 5119 2263 5171 radere
2280 5118 2490 5169 ‹lix'ssset
