4016 5916
471 397 506 447 3
1596 371 2005 432 DIONYSIUS
2051 368 2587 430 MYTILENAEUS.

470 513 575 574 {nt-²>
604 510 809 577 Φινέως
835 500 966 581 ἦσαν
991 503 1366 581 ἓκὸεὸλημένοι
1393 498 1530 558 κατὰ
1560 497 1805 568 διαὸολήν
1837 500 2026 557 Σκυθι-

474 605 571 673 κῆς
596 596 861 678 γυναικὸς,
879 595 942 667 ἢν
963 590 1252 673 γεγαμήκει
1276 593 1303 648 6
1326 585 1545 660 Φινεὺς,
1572 584 2029 665 παραιτησάμενος

479 684 841 765 Κλεοπάτραν.
862 681 1070 759 Γεγόνει
1085 678 1137 739 δὲ
1155 684 1244 738 τοῦ
1266 675 1469 742 Φινέως
1497 671 1588 731 καὶ
1615 670 1908 751 πρεσὸύτης
1927 694 2023 728 κα-

475 772 688 855 τήγορος
705 768 851 851 παρὰ
874 772 948 849 τῷ
970 766 1038 828 Ἥ
1047 765 1239 848 ρακλεῖ·
1274 762 1450 842 διόπερ
1471 759 1738 840 Ἡρακλῆς
1768 757 2027 823 ἀναιτίους

476 859 636 939 εὑρὼν
660 856 776 925 τοὺς
798 857 1015 927 παῖδας,
1032 852 1327 931 κατήγαγεν
1352 852 1421 916 εἷς
1444 846 1539 920 τὴν
1559 844 1808 926 πατρῴαν
1833 844 2021 904 οἰκίαν·

477 944 647 1007 Φινέα
687 941 743 1003 δὲ
787 940 1154 1019 ἀνθιστάμενον
1201 938 1292 997 καὶ
1331 934 1623 1008 θελήσαντα
1651 933 2029 994 καταποντίσαι

476 1033 562 1091 τὸν
590 1030 759 1111 ἕτερον
784 1032 887 1087 τῶν
911 1027 1136 1106 παίδων,
1166 1023 1416 1093 λακτίσας
1438 1028 1465 1082 6
1496 1022 1763 1104 Ἡρακλῆς
1786 1017 2032 1078 ἀπέκτει-

478 1143 578 1180 νεν.

554 1207 806 1265 Eandem
818 1205 1107 1263 historiam
1124 1204 1344 1279 plenius
1364 1201 1536 1257 habes
1548 1219 1640 1274 ap.
1657 1199 1900 1257 Diodor.
1923 1199 2023 1266 IV,

483 1304 583 1366 44,
616 1295 768 1351 unde
807 1294 1062 1367 Dionysii
1087 1292 1310 1365 mythos
1346 1289 1617 1344 tractandi
1642 1288 1916 1342 rationem
1941 1286 2026 1340 di·

476 1403 629 1441 scere
652 1385 800 1439 licet.
826 1380 1225 1454 Antiquiorum
1250 1395 1418 1433 nemo
1445 1377 1520 1431 ita
1543 1394 1661 1431 rem
1682 1375 1946 1429 narravit.

1227 1526 1282 1584 4.

559 1671 717 1728 Idem
746 1666 860 1739 Ill,
894 1686 1006 1724 200
1035 1687 1049 1721 ε
1076 1663 1290 1733 Ταύτην
1325 1663 1434 1740 (sc.
1465 1660 1560 1734 τὴν
1587 1661 1818 1743 Κίρκην)
1847 1660 2029 1721 Διονύ·

481 1781 585 1824 σιος
607 1760 635 1814 6
662 1753 916 1825 Μιλήσιος
938 1756 989 1812 ἐν
1012 1751 1202 1832 πρώτῳ
1221 1756 1322 1810 τῶν
1347 1751 1752 1831 Ἀργοναυτικῶν
1774 1750 2030 1830 θυγατέρα

481 1845 682 1916 Αἰήτου
700 1843 790 1900 καὶ
808 1840 1039 1912 Ἑκάτης
1060 1844 1152 1911 τῆς
1177 1836 1448 1920 Περσέως,
1469 1837 1692 1919 ἀδελφὴν
1714 1836 1767 1896 δὲ
1794 1837 2032 1910 Μηδείας

479 1931 639 2009 λέγει.
683 1928 850 2011 Ἡλίῳ
913 1928 979 2008 ἀρ
1004 1950 1158 2008 φησιν
1189 1925 1325 1994 υἱοὺς
1352 1925 1587 2003 γενέσθαι
1611 1926 1701 1983 δύο
1734 1927 1786 1983 ἐν
1811 1933 1917 1992 τοῖς
1940 1925 2031 1983 τό-

481 2041 594 2086 ποις
621 2018 844 2083 ἐκείνοις·
868 2040 895 2074 ο
920 2040 943 2082 ς
969 2013 1200 2092 ὀνόματα
1221 2005 1284 2086 ἦν
1310 2012 1538 2095 Περσεὺς
1555 2012 1645 2071 καὶ
1670 2011 1887 2083 Αἰήτης·
1911 2011 2031 2071 τού-

480 2127 596 2173 τους
622 2104 676 2164 δὲ
699 2111 984 2183 κατασχεῖν
1002 2101 1096 2173 τὴν
1120 2094 1316 2184 χῶραν·
1341 2102 1432 2161 καὶ
1454 2101 1656 2175 Αἰήτην
1680 2100 1772 2179 μὲν
1799 2102 2034 2181 Κόλχους

480 2194 570 2255 καὶ
591 2195 873 2266 Μαιῶτας,
896 2189 1104 2271 Περσέα
1130 2188 1183 2249 δὲ
1207 2195 1300 2262 τῆς
1315 2193 1581 2271 Ταυρικῆς
1603 2190 1924 2268 βασιλεῦσαν
1940 2187 2032 2246 καὶ

478 2282 589 2361 [τὸν
615 2279 823 2360 Περσέα
851 2277 1198 2359 πρεσὸύτερον
1217 2276 1366 2356 ὄντα]
1388 2282 1557 2356 γῆμαι
1578 2280 1799 2354 γυναῖκα
1821 2279 1923 2335 τῶν
1949 2279 2034 2355 ἐγ-

479 2361 686 2442 χωρίων
713 2358 856 2430 τινὰ,
885 2356 975 2416 καὶ
1003 2358 1240 2431 γενέσθαι
1268 2358 1408 2436 αὐτῷ
1436 2356 1511 2435 [ἐξ
1541 2356 1722 2435 αὐτῆς]
1750 2354 2029 2434 θυγατέρα,

482 2442 518 2519 ἧ
545 2449 710 2524 ὄνομα
734 2445 958 2517 Ἑκάτη.
992 2446 1063 2503 Οἳ
1097 2443 1149 2501 δὲ
1178 2445 1237 2500 ἐκ
1267 2442 1469 2522 νύμφης
1490 2443 1622 2509 τινὸς
1662 2440 1914 2522 ἐγχωρίας
1940 2439 2033 2512 τὴν

481 2516 713 2607 Ἑκάτην
738 2533 894 2616 φασὶν
924 2534 1065 2613 αὐτῷ
1087 2530 1352 2609 γενέσθαι,
1380 2529 1622 2609 ἀνδρικὴν
1648 2530 1765 2608 περὶ
1787 2528 1852 2587 τὰ
1874 2553 2035 2601 κυνη-

480 2622 685 2700 γετικὰ,
713 2622 804 2680 καὶ
833 2617 976 2699 [περὶ
997 2619 1086 2683 τὰς
1111 2615 1432 2692 καλουμένας
1460 2615 1623 2683 ‘Exite
1644 2612 2033 2698 διατρίὸουσαν]

480 2708 692 2789 πρώτην
725 2707 1037 2781 θανασίμους
1064 2702 1202 2784 ῥίζας
1226 2705 1410 2784 εὑρεῖν,
1432 2704 1522 2759 καὶ
1550 2701 1927 2781 ἔμπειροτοίτην
1947 2726 2032 2780 γε·

481 2796 683 2874 γονέναι
713 2798 815 2853 τῶν
835 2817 890 2851 τε
916 2790 1240 2872 δηλητηρίων
1272 2790 1361 2848 καὶ
1389 2793 1489 2848 τῶν
1516 2792 1689 2849 ἰᾶσθαι
1715 2790 2032 2868 δυναμένων,

481 2881 572 2940 καὶ
603 2881 690 2939 τὸν
717 2883 902 2951 ἑαυτῆς
931 2877 1131 2954 πατέρα
1159 2877 1450 2958 φαρμάκοις
1478 2878 1792 2938 ἀποκτεῖναι.
1823 2878 2034 2950 Ταύτην

480 2969 752 3047 γήμασθαι
780 2968 1100 3048 πεμφθεῖσαν
1135 2970 1211 3032 εἰς
1238 2964 1470 3045 Κόλχους
1498 2965 1666 3045 Αἰήτῃ
1706 2970 1781 3047 τῷ
1826 2989 2035 3046 πατρα-

482 3058 668 3138 δέλφῳ·
711 3052 802 3138 ἀφ’
825 3046 889 3126 ἧς
925 3053 1159 3133 γενέσθαι
1195 3053 1391 3133 Κίρκην
1420 3052 1509 3111 καὶ
1550 3055 1808 3125 Μήδειαν.
1832 3053 2034 3131 ’1“ὴν,δὲ

486 3145 710 3226 Κίρκην,
735 3140 1090 3223 πρεσὸυτέραν
1111 3132 1291 3218 οὖσαν,
1323 3140 1705 3219 ὃπερὸαλέσθαι
1733 3140 1826 3212 τὴν
1850 3144 2036 3213 ἑαυτῆς

484 3230 714 3311 μητέρα,
733 3229 799 3289 τὰ
826 3228 920 3306 μὲν
940 3227 1290 3287 διακούσασαν
1310 3229 1435 3306 παρ’
1458 3231 1617 3300 αὐτῆς
1627 3272 1643 3300 ,
1671 3227 1736 3287 τὰ
1761 3228 1924 3287 δὲκαὶ
1950 3232 2037 3287 αὖ·

482 3316 575 3388 τὴν
596 3320 959 3397 ἐφευρηκυῖαν,
980 3314 1151 3374 πολλὰ
1171 3315 1259 3373 καὶ
1280 3314 1419 3373 δεινὰ
1438 3314 1714 3394 [φάρμακα
1729 3315 1751 3392 ]
1765 3339 1777 3351 ·
1796 3315 2036 3387 Μήδειαν

484 3404 564 3476 δὲ,
607 3403 861 3485 νεωτέραν
900 3403 994 3481 μὲν
1025 3401 1248 3483 Κίρκης,
1291 3404 1390 3481 οὐχ
1426 3400 1729 3480 ἡττωμένην
1759 3401 1812 3461 δὲ
1854 3404 2033 3475 αὐτῆς.

482 3496 664 3553 Ταῦτα
696 3491 789 3569 μὲν
813 3490 1095 3557 Διονύσιος.

564 3585 811 3638 Hecaten
829 3580 1042 3637 Medeae
1070 3592 1125 3637 et
1145 3582 1331 3639 Circes
1356 3591 1589 3638 matrem
1615 3601 1726 3638 esse
1756 3583 1943 3639 denuo
1969 3602 2039 3638 ex

484 3670 756 3741 Dionysio
794 3670 869 3745 τῷ
900 3666 1147 3746 Μιλησίῳ
1187 3680 1379 3725 narrat
1417 3671 1595 3724 schol.
1628 3670 1700 3726 ad
1737 3672 1850 3739 111,
1899 3677 2034 3736 242.

486 3756 697 3812 Eadem
725 3758 958 3829 exponit
982 3756 1224 3812 Diodor.
1256 3759 1352 3826 IV,
1386 3756 1459 3823 43
1476 3799 1492 3826 ,
1518 3758 1620 3812 nisi
1653 3757 1810 3831 quod
1833 3760 2044 3814 omittit

485 3844 707 3918 egregia
730 3844 831 3898 ista
858 3843 928 3898 de
948 3845 1156 3899 Hecate
1172 3845 1241 3900 ab
1258 3846 1423 3899 Hecis
1436 3845 1565 3899 loco
1586 3864 1794 3900 nomen
1814 3846 2036 3919 adepta,

486 3943 540 3985 et
564 3932 754 3985 liberis
776 3930 934 3986 addit
957 3933 1295 4005 AEgialeum,
1321 3950 1488 4004 quem
1510 3934 1681 4006 vulgo
1702 3932 1900 3988 dicunt
1923 3938 2038 4008 Ap·

485 4031 696 4090 syrium
732 4016 1168 4093 (Metapontium
1194 4021 1555 4093 Dicaeogenes
1583 4039 1674 4093 ap.
1701 4021 1877 4077 schol.
1901 4024 2035 4077 Eur.

491 4105 638 4161 Med.
683 4107 784 4177 167
808 4101 846 4182 ).
878 4108 1016 4163 Cum
1045 4109 1316 4180 Dionysio
1351 4108 1562 4163 faciunt
1591 4111 1787 4165 Cicero
1814 4111 1885 4166 de
1910 4113 2038 4166 Nat.

490 4195 558 4247 D.
589 4191 797 4270 tlh-19
822 4205 879 4249 et
900 4197 1100 4249 Justin.
1132 4197 1313 4266 XLII,
1343 4195 1397 4251 3.
1418 4197 1677 4252 Ceterum
1702 4197 1773 4252 cs.
1807 4200 1872 4255 Ο.
1894 4200 2041 4254 Miil·

492 4279 590 4331 ler.
616 4280 764 4333 ima.
783 4298 843 4352 p.
878 4278 1012 4334 280.

1238 4419 1293 4476 5.

920 4558 966 4612 Ε
1006 4557 1222 4615 LIBRO
1264 4562 1616 4620 SECUNDO.

574 4691 735 4748 Idem
766 4695 864 4765 lv,
916 4713 1021 4766 ¹77
1064 4715 1078 4751 ε
1127 4693 1393 4766 Διονύσιος
1419 4701 1448 4755 6
1475 4702 1913 4768 Μιτυληναῖος
1950 4699 2048 4758 ἀν-

499 4775 701 4856 θρωπόν
738 4800 865 4859 φησι
889 4783 1193 4858 γεγενῆσθαι
1221 4785 1551 4867 παιδαγωγὸν
1579 4794 1670 4846 τοῦ
1694 4785 1892 4865 Φρίξου
1929 4789 2047 4848 ὀνό·

503 4885 630 4940 ματι
653 4863 829 4943 Κριόν.

584 4952 741 5008 Idem
777 4956 873 5025 IV,
910 4975 931 5011 1
952 4975 1019 5031 19
1065 4977 1080 5013 ε
1115 4954 1375 5026 Διονύσιος
1411 4961 1463 5017 ἐν
1498 4964 1604 5028 τοῖς
1644 4960 2050 5041 Ἀργοναυτικοῖς

503 5037 644 5116 λέγει
675 5038 833 5118 Κριὸν
869 5041 1129 5120 γεγονέναι
1154 5044 1334 5126 Φρίξῳ
1372 5048 1722 5125 παιδαγωγόν·
1751 5047 1805 5107 ὃν
1846 5054 2048 5130 πρῶτον

508 5123 808 5203 αἰσθόμενον
832 5128 923 5200 τὴν
954 5132 1012 5189 ἐκ
1037 5136 1130 5203 τῆς
1156 5142 1408 5214 μητρυιᾶς
1443 5133 1744 5215 ἐπιδουλὴν,
1775 5136 2051 5197 ὑποθέσθαι

2116 508 2316 580 φυγεῖν,
2360 503 2445 580 ὑφ’
2474 491 2533 558 οὗ
2569 499 2659 558 καὶ
2688 498 2933 565 σωθέντος
2960 503 3048 557 τοῦ
3084 496 3312 578 νεανίου,
3341 500 3670 560 διαδεδόσθαι

2114 591 2183 653 ὡς
2211 586 2314 668 ἄρα
2342 588 2429 647 ἐπὶ
2466 593 2610 667 κριοῦ
2645 585 2801 667 μέχρι
2843 586 3067 666 Κόλχων
3096 586 3369 659 διασωθείη
3398 591 3427 645 6
3451 588 3669 667 Φρίξος.

2115 676 2328 732 Eadem
2368 695 2436 732 ex
2462 672 2714 753 Διονυσίῳ
2751 675 2803 731 ἐν
2847 672 3208 753 Ἀργοναύταις
3244 676 3423 733 schol.
3466 677 3542 733 ad
3582 680 3669 748 11,

2124 771 2293 830 1144.

2194 852 2374 908 Idem.
2404 855 2462 921 1,
2496 852 2608 909 256
2634 872 2647 907 :
2678 854 2743 909 Δ.
2772 850 2824 907 ἐν
2851 848 2900 928 β’
2930 849 3086 930 Κριὸν
3113 848 3240 931 φησὶ
3257 848 3454 929 Φρίξου
3479 849 3677 932 τροφέα

2115 935 2381 1015 γενέσθαι,
2412 937 2503 995 καὶ
2539 934 2991 1013 συμπεπλευκέναι
3026 938 3165 1016 αὐτῷ
3193 939 3264 1003 εἰς
3293 936 3551 1015 Κόλχους.
3581 936 3678 997 Διὸ

2121 1023 2212 1082 καί
2250 1024 2523 1098 μυθεύεται
2551 1023 2617 1082 τὰ
2646 1023 2764 1104 περὶ
2787 1028 2877 1095 τῆς
2900 1028 2988 1081 τοῦ
3016 1029 3162 1103 κριοῦ
3190 1022 3369 1090 θυσίας
3395 1024 3595 1083 αὐτόθι.

2193 1114 2336 1170 Vide
2358 1115 2600 1171 Diodor.
2624 1116 2723 1183 lv,
2757 1113 2855 1183 46,
2878 1114 2977 1168 ubi
3004 1126 3061 1169 et
3081 1114 3198 1168 haec
3217 1121 3276 1172 et
3298 1115 3406 1169 alia
3421 1114 3681 1186 ejusdem

2118 1200 2325 1256 farinae.
2354 1199 2441 1257 Cf.
2468 1202 2766 1275 Palaephat.
2794 1197 3075 1271 Incredib.
3106 1220 3156 1256 c.
3187 1200 3282 1256 32.
3308 1202 3491 1273 Quam
3515 1204 3681 1259 aliter

2119 1287 2190 1344 de
2217 1290 2389 1344 ariete
2420 1290 2532 1344 hoc
2570 1300 2763 1344 narrat
2800 1290 3088 1343 Hecataeus
3129 1287 3230 1360 (fr.
3267 1287 3445 1364 337),
3477 1291 3682 1346 Milesii

2116 1375 2369 1449 Dionysii
2397 1376 2640 1449 aequalis.
2662 1377 2803 1434 Cum
2822 1376 3075 1448 Dionysii
3099 1375 3402 1451 paedagago
3428 1377 3683 1434 conferri

2119 1474 2366 1517 meretur
2392 1464 2647 1519 Characis
2674 1461 2775 1538 (fr.
2816 1461 2903 1536 12)
2931 1462 3074 1517 liber
3106 1480 3528 1538 pergameneus.
3583 1467 3674 1524 Cf.

2118 1550 2402 1605 Welcker.
2432 1552 2517 1606 De
2561 1550 2702 1622 cycl.
2740 1568 2802 1623 p.
2853 1548 2948 1619 83,
2997 1546 3241 1626 Mallem,
3274 1552 3425 1609 Min.
3456 1571 3517 1626 p.
3569 1574 3676 1624 17¹

2117 1654 2229 1709 sq.,
2261 1638 2423 1693 Eum.
2450 1657 2510 1712 p.
2545 1636 2653 1711 139
2675 1655 2761 1710 sq.

2197 1855 2354 1912 Idem
2379 1858 2474 1927 IV,
2504 1856 2614 1912 223
2639 1874 2653 1915 ε
2680 1855 2748 1916 ‘O
2769 1855 2863 1932 μὲν
2883 1853 3219 1924 Ἀπολλώνιος
3251 1855 3516 1938 ἄπρακτον
3542 1862 3684 1919 ἀνα-

2119 1946 2362 2023 χωρῆσαι
2406 1943 2535 2024 φησὶ
2573 1941 2658 2002 τὸν
2690 1943 2895 2015 Αἰήτην
2925 1942 3016 2002 σὺν
3057 1944 3319 2024 ὀχήματι,
3350 1949 3686 2027 ἡνιοχοῦντος

2120 2027 2373 2109 Ἀψύρτου
2387 2053 2400 2066 ·
2424 2028 2688 2097 Διονύσιος
2713 2030 2765 2089 δὲ
2784 2035 2812 2090 6
2831 2030 3144 2103 Μιλήσιος
3163 2031 3317 2113 φησὶν
3339 2031 3420 2091 ὅτι
3438 2038 3682 2095 καταλα-

2122 2116 2227 2175 edm
2248 2116 2340 2188 τὴν
2360 2122 2483 2175 ναῦν
2507 2120 2536 2174 6
2558 2117 2790 2197 Αἰήτης,
2808 2118 3258 2199 παραταξαμένων
3280 2123 3382 2178 τῶν
3403 2123 3678 2201 ἀριστέων,

2121 2195 2262 2283 Ἶφιν
2292 2206 2490 2262 ἀνεῖλεν
2519 2205 2795 2284 [Σθενέλου
2815 2207 2969 2287 υίὸν],
2997 2206 3301 2289 Εὐρυσθέως
3326 2210 3565 2289 ἀδελφὸν,
3584 2214 3678 2281 καὶ

2122 2282 2274 2350 αὐτὸς
2301 2282 2519 2352 πολλοὺς
2549 2285 2802 2345 ἀπέὸαλε.

2161 2434 2176 2447 ·
2200 2373 2362 2428 Idem
2390 2375 2487 2448 IV,
2519 2374 2632 2429 228
2661 2395 2675 2431 :
2714 2371 2977 2441 Διονύσιος
3004 2371 3057 2432 δὲ
3100 2377 3127 2432 ὁ
3157 2372 3478 2446 Μιλήσιος
3521 2379 3678 2456 φησὶν

2122 2456 2201 2515 δ’τι
2238 2459 2438 2531 Αἰήτης
2475 2459 2676 2530 ἐδίωξεν
2707 2459 2908 2529 αὐτούς·
2950 2465 2995 2520 οῖ
3025 2461 3079 2520 δὲ
3118 2465 3339 2542 ἀριστεῖς
3367 2465 3676 2539 ἠγωνίζοντο

2124 2546 2497 2619 ἀκοντίζοντες,
2528 2551 2574 2606 οἱ
2597 2547 2651 2607 δὲ
2670 2547 2792 2629 περὶ
2818 2549 2904 2608 τὸν
2926 2549 3124 2621 Αἰήτην
3149 2548 3384 2611 ἵππευον.
3405 2549 3571 2611 Ἔνθα
3589 2554 3679 2612 καὶ

2121 2626 2262 2715 Ἶφιν
2285 2636 2620 2708 τελευτῆσαι,
2643 2636 2730 2695 τὸν
2754 2638 3004 2698 Σθενέλου
3025 2636 3118 2713 μὲν
3143 2638 3272 2709 υἱὸν,
3297 2638 3605 2719 Εὐρυσθέως
3625 2641 3679 2699 δὲ

2123 2722 2360 2804 ἀδελφόν·
2388 2723 2755 2783 καταὸαλόντα
2788 2725 2890 2805 γὰρ
2918 2724 3009 2783 δύο
3049 2728 3148 2784 τῶν
3178 2725 3297 2804 περὶ
3339 2726 3542 2798 Αἰήτην
3585 2731 3680 2786 ἱπ-

2122 2808 2281 2879 πέων,
2316 2811 2773 2890 περικατάληπτον
2798 2810 3036 2888 γενέσθαι
3063 2811 3163 2870 ὑπὸ
3201 2818 3290 2871 τοῦ
3321 2813 3549 2889 Αἰήτου,
3586 2837 3680 2872 πε-

2127 2897 2392 2979 ριστάντος
2410 2899 2563 2957 αὐτὸν
2587 2900 2780 2980 βρόχῳ.
2796 2899 2890 2961 Ἐν
2909 2899 2962 2960 δὲ
2977 2904 3081 2969 τοῖς
3094 2900 3205 2973 ἑξῆς
3219 2899 3371 2982 φησὶν
3387 2905 3455 2968 ὡς
3475 2904 3522 2961 οἱ
3543 2903 3681 2963 Κόλ-

2123 3009 2208 3065 χοι
2232 2988 2303 3052 εἰς
2331 2987 2495 3066 φυγὴν
2526 2987 2846 3066 ἐτράπησαν.

2205 3079 2396 3132 Aciem
2432 3077 2697 3133 describit
2730 3078 2974 3134 Diodor.
3003 3079 3101 3148 IV,
3145 3077 3245 3149 48,
3276 3080 3375 3134 ubi
3403 3080 3536 3136 libri
3573 3100 3679 3155 pro

2125 3166 2251 3238 Iphi
2277 3184 2578 3240 perperam
2601 3167 2868 3222 exhibent
2893 3169 3162 3241 Iphitum.

2874 3318 2927 3367 7.

2204 3421 2366 3481 Idem
2397 3427 2491 3495 lv,
2538 3425 2684 3482 1153
2731 3447 2744 3481 ε
2777 3422 2970 3484 Ἰστέον
2999 3423 3077 3482 ὅτι
3103 3423 3328 3500 Τιμαίου
3359 3427 3461 3501 (sr.
3503 3429 3567 3503 8)
3588 3425 3683 3484 λέ-

2131 3534 2303 3591 γοντος
2326 3514 2378 3570 ἐν
2418 3511 2663 3592 Κερκύρᾳ
2701 3510 2817 3579 τοὺς
2851 3513 3051 3591 γάμους
3092 3517 3330 3590 (Iasonis
3351 3528 3410 3570 et
3433 3517 3679 3595 Medeae)

2132 3602 2383 3679 ἀχθῆναι,
2413 3597 2677 3666 Διονύσιος
2703 3604 2730 3658 6
2753 3598 3070 3670 Μιλήσιος
3098 3602 3150 3658 ἐν
3187 3599 3406 3681 δευτέρῳ
3431 3605 3537 3660 τῶν
3567 3603 3681 3684 Ἀρ-

2133 3691 2466 3765 γοναυτικῶν,
2492 3690 2543 3746 ἐν
2573 3686 2836 3767 Βυζαντίῳ
2864 3685 3038 3767 φησίν.

2207 3777 2495 3833 Diodorus
2515 3779 2612 3847 IV,
2644 3787 2739 3853 49,
2765 3776 3011 3833 reditum
3040 3780 3255 3852 Argon.
3276 3780 3471 3851 paucis
3493 3781 3684 3837 absol-

2131 3885 2265 3922 vens
2299 3866 2524 3939 nuptias
2558 3884 2677 3921 non
2714 3879 3148 3933 commemorat,
3183 3868 3458 3939 appulisse
3502 3882 3685 3926 tamen

2130 3958 2482 4028 Argonautas
2502 3952 2639 4008 dicit
2659 3954 2983 4027 Byzantium
2997 3993 3012 4022 ,
3042 3951 3440 4030 βασιλεύσαντος
3461 3954 3577 4012 τότε
3596 3960 3687 4027 τῆς

2131 4038 2309 4119 χώρας
2335 4037 2612 4106 Βύζαντος.

2212 4269 2372 4325 Idem
2393 4269 2449 4338 1,
2484 4287 2506 4323 1
2523 4287 2545 4323 1
2563 4266 2629 4323 16
2655 4287 2668 4322 ε
2692 4264 2881 4326 Πεδίον
2902 4266 3142 4338 Νηπείας
3162 4266 3271 4326 ἐστὶ
3293 4267 3413 4349 περὶ
3445 4269 3685 4340 Κύζικον·

2136 4351 2230 4425 τὴν
2260 4351 2313 4411 δὲ
2341 4349 2587 4423 Νήπειαν
2619 4349 2953 4419 Διονύσιος
2979 4356 3007 4411 6
3036 4351 3356 4426 Μιλήσιος
3393 4356 3570 4416 πεδίον
3599 4363 3689 4430 τῆς

2139 4440 2343 4505 Μυσίας
2379 4446 2532 4521 φησὶν
2561 4430 2709 4499 εἶναι’
2739 4445 2767 4499 6
2789 4438 2889 4519 γὰρ
2915 4438 3155 4518 βασιλεὺς
3180 4445 3283 4500 τῶν
3309 4445 3505 4503 Μυσῶν
3529 4451 3688 4525 θυγα-

2137 4527 2262 4606 τέρα
2281 4526 2453 4588 Ἰάσου
2481 4525 2671 4604 ἔγημεν
2691 4525 2968 4602 Ὄλυμπος
2995 4525 3237 4599 Νήπειαν
3266 4528 3449 4606 ὄνομα·
3473 4531 3564 4590 καὶ
3591 4556 3687 4592 κα-

2138 4613 2371 4696 τῴκησεν
2412 4615 2463 4672 ἐν
2495 4616 2569 4694 τῷ
2591 4614 2754 4695 πεδίῳ
2781 4611 2974 4693 τούτῳ,
2999 4611 3027 4670 ὃ
3050 4619 3137 4671 νῦν
3169 4614 3310 4692 [ἀπὸ
3333 4614 3562 4698 ταύτης]
3591 4643 3692 4679 κα-

2136 4704 2305 4761 λεῖται
2330 4700 2562 4772 Νηπείας
2580 4702 2774 4762 πεδίον.
2959 4709 2966 4718 ’

2217 4794 2285 4848 V.
2307 4794 2638 4866 interpretes
2671 4792 2744 4848 ad
2763 4794 2933 4849 Hom.
2970 4793 3038 4847 11.
3061 4795 3138 4864 11,
3175 4791 3311 4864 8283
3337 4796 3691 4870 Marquardt.

2144 4880 2371 4952 Cyzicus
2379 4885 2558 4936 tas-ein
2571 4881 2760 4936 Gebe‘et
2771 4899 2832 4954 p.
2857 4896 2931 4934 20
2947 4897 3030 4952 sq.
3049 4882 3267 4936 Locum
3279 4900 3347 4938 ex
3363 4885 3694 4958 Argonauti-

2140 4968 2217 5023 cis
2237 4969 2474 5041 petitum
2496 4985 2607 5023 esse
2630 4987 2746 5024 non
2770 4985 3048 5035 assever03
3075 4967 3409 5042 Dionysium
3425 4988 3563 5026 vero
3587 4972 3694 5027 hu·

2134 5053 2224 5126 jus
2251 5055 2360 5109 loci
2390 5056 2630 5110 eundem
2649 5057 2832 5112 habeo
2854 5073 2982 5110 cum
3003 5073 3092 5124 e0‚
3114 5074 3282 5128 quem
3305 5058 3533 5129 reliquis
3555 5060 3695 5116 locis

2140 5141 2431 5198 scholiasta
2462 5141 2668 5197 laudat.
