4016 5916
1763 389 2259 451 FRAGMENTA.

343 523 683 606 ἐψηφίσαντο.
714 525 837 583 Τῶν
875 519 929 581 δὲ
981 524 1208 592 ποιητῶν
1245 520 1492 599 Χοιρίλον
1523 519 1616 596 μὲν
1665 519 1746 578 ἀεὶ
1780 519 1901 602 περὶ

240 612 255 628 ’
339 612 499 670 αὑτὸν
525 601 663 690 εἶχεν
690 614 757 677 ὥς
784 609 1116 687 κοσμήσοντα
1139 605 1231 674 τὰς
1248 605 1456 686 πράξεις
1481 606 1565 666 διὰ
1600 612 1900 680 ποιητικῆς,

3427 408 3542 462 485

2717 528 2813 585 66.

2077 642 2257 713 Etym.
2292 640 2347 694 M
2382 657 2395 693 t
2429 635 2580 706 Ἰήιος
2626 636 2679 695 δὲ
2708 642 2735 695 ὃ
2762 638 3020 698 Ἀπόλλων
3066 637 3303 718 λέγεται,
3347 645 3415 709 ὥς
3453 643 3549 720 μὲν

339 697 628 779 ,Αντιλόχῳ
652 696 706 756 δὲ
731 695 1004 768 ποιήσαντι
1026 695 1258 775 μετρίους
1275 693 1416 761 τινὰς
1435 695 1504 761 εἷς
1524 693 1677 753 αὐτὸν
1699 694 1904 773 στίχους
1993 726 2202 801 Δοῦρις,
2246 725 2323 780 ὅτι
2365 725 2417 782 ἐν
2461 722 2713 800 ἀγκάλαις
2761 724 3071 799 βαστάσασα
3101 726 3188 784 τὸν
3232 726 3378 798 ἥλιον
3424 730 3547 807 (δα.

347 783 520 857 ἡσθεὶς
545 785 702 843 ἔδωκε
726 783 933 854 πλήσας
956 782 1200 863 ἀργυρίου
1223 781 1310 840 τὸν
1331 781 1502 843 πῖλον.
1591 781 1903 861 Ἀντιμάχου

341 873 404 931 -δὲ
429 877 517 931 τοῦ
545 869 871 951 Κολοφωνίου
899 870 989 929 καὶ
1029 868 1326 949 Νικηράτου
1363 863 1497 935 τινὸς
1534 868 1902 948 Ἡρακλεώτου

343 959 605 1036 ποιήματι
647 955 946 1036 Λυσάνδρια
992 954 1447 1034 διαγωνισαμένων
1492 956 1571 1014 ἐπ’
1614 956 1771 1015 αὐτοῦ
1815 955 1903 1013 τὸν

352 1046 648 1124 Νικήρατον
697 1041 1068 1125 ἐστεφάνωσεν,
1118 1046 1147 1100 ὅ
1188 1041 1242 1100 δὲ
1293 1041 1596 1122 Ἀντίμαχος
1641 1040 1906 1122 ἀχθεσθεὶς

351 1133 567 1214 ἠφάνισε
598 1131 655 1190 τὸ
676 1129 895 1206 ποίημα.
977 1129 1206 1190 Πλάτων
1230 1129 1285 1187 δὲ
1318 1128 1427 1198 νέος
1449 1130 1521 1189 ὧν
1540 1129 1654 1189 τότε
1674 1130 1763 1189 καὶ
1781 1134 1906 1189 θαυ-

351 1219 529 1293 μάζων
552 1217 638 1276 τὸν
657 1213 963 1294 Ἀντίμαχον
994 1215 1076 1276 ἐπὶ
1102 1219 1167 1297 τῇ
1186 1222 1434 1295 ποιητικῇ
1462 1215 1660 1298 βαρέως
1687 1215 1905 1297 φέροντα

350 1305 444 1377 τὴν
472 1296 632 1376 ἧτταν
660 1303 988 1380 α’νελάμὸανε
1017 1301 1106 1361 καὶ
1133 1309 1483 1382 παρεμυθεῖτο
1522 1313 1627 1370 τοῖς
1667 1307 1906 1382 ἀγνοοῦσι

351 1391 508 1451 κακὸν
534 1382 664 1450 εἶναι
686 1391 909 1473 φάμενος
927 1389 1022 1461 τὴν
1046 1390 1282 1469 ἄγνοιαν,
1299 1390 1479 1471 ὥσπερ
1501 1390 1595 1463 τὴν
1614 1390 1907 1471 τυφλότητα

352 1485 455 1547 τοῖς
497 1480 570 1557 μὴ
607 1480 905 1559 βλέπουσιν.
989 1478 1142 1539 Ἐπεὶ
1182 1478 1357 1556 μέντοι
1393 1484 1421 1537 ὁ
1462 1479 1742 1560 κιθαρῳδὸς
1771 1479 1905 1557 Ἀρι-

347 1567 559 1635 στόνους
591 1566 758 1635 ἑξάκις
787 1566 959 1627 Πύθια
987 1566 1265 1638 νενικηκὼς
1303 1568 1653 1645 ἐπηγγέλλετο
1688 1571 1761 1646 τῷ
1797 1572 1907 1627 Λυ-

352 1654 558 1735 σάνδρῳ
585 1652 1067 1736 φιλοφρονούμενος,
1084 1652 1146 1710 ἂν
1175 1652 1361 1731 νικήσῃ
1386 1655 1565 1728 πάλιν,
1607 1652 1908 1732 Λυσάνδρου

349 1741 587 1822 κηρύξειν
614 1741 816 1816 ἑαυτὸν,
849 1767 873 1791 «ι
901 1731 977 1799 5'H
1009 1742 1216 1818 δοῦλον;
1239 1767 1261 1791 ι·
1288 1732 1447 1801 εἶπεν.

431 1831 727 1887 Athenaeus
738 1831 862 1899 XV,
881 1847 944 1904 p.
974 1829 1107 1902 696,
1123 1831 1168 1884 E
1192 1847 1206 1882 t
1229 1827 1343 1886 Οὔκ
1370 1826 1478 1905 ἔχει
1503 1828 1545 1884 δ’
1570 1828 1667 1904 (sc.
1689 1848 1912 1885 carmen

355 1920 427 1975 ab
472 1919 768 1974 Aristotele
806 1919 870 1972 in
902 1919 1201 1973 Hermeam
1239 1920 1598 1973 Atarnensem
1627 1919 1911 1991 composi-

354 2005 495 2081 tum)
528 2001 643 2062 οὐδὲ
670 2001 729 2061 τὸ
757 2000 1029 2060 παιανικὸν
1052 2000 1316 2084 ἐπίρρημα
1333 2047 1348 2074 ,
1376 2000 1611 2084 καθάπερ
1639 2005 1666 2060 ὃ
1695 2005 1765 2069 εἰς
1804 2001 1910 2062 Λύ-

359 2093 573 2171 σανδρον
634 2089 720 2149 τὸν
779 2087 1120 2171 Σπαρτιάτην
1160 2089 1375 2171 γραφεὶς
1417 2090 1574 2156 ὄντως
1620 2089 1808 2166 παιὰν,
1857 2092 1913 2147 δν

359 2200 486 2259 φησι
513 2182 698 2257 Δοῦρις
745 2179 797 2234 ἐν
842 2184 946 2243 τοῖς
989 2175 1208 2254 Σαμίων
1260 2174 1685 2257 ἐπιγραφομένοις
1728 2175 1914 2257 Ὥροις

359 2264 574 2347 ᾅδεσθαι
601 2267 654 2323 ἐν
683 2263 875 2344 Σάμῳ.

341 2369 348 2376 “
439 2357 523 2410 De
544 2355 889 2423 honoribus,
922 2353 1124 2426 quibus
1147 2351 1495 2426 Lysandrum
1523 2349 1696 2408 Samii
1714 2353 1913 2410 affece-

357 2445 503 2513 rint,
532 2461 587 2500 v.
613 2440 861 2498 Panofka
884 2441 921 2495 l.
971 2441 1007 2495 l.
1034 2458 1094 2514 p.
1128 2439 1219 2510 73.
1247 2480 1316 2490 -
1341 2441 1671 2496 Antilochus
1689 2440 1914 2497 aliunde

358 2550 479 2587 non
498 2540 682 2586 noms.
699 2530 987 2585 Niceratus
1001 2527 1100 2583 iste
1120 2535 1465 2583 memoratur
1475 2528 1808 2602 Praxiphani
1823 2547 1911 2602 ap.

363 2618 666 2675 Marcellin.
684 2618 793 2673 Vit.
818 2617 994 2672 Thuc.
1024 2614 1096 2671 30
1126 2624 1181 2670 et
1214 2615 1498 2671 Aristoteli
1532 2615 1766 2674 Rhetor.
1804 2618 1910 2685 ΠΙ,

271 2743 280 2750 ·
373 2724 464 2766 ιι.
503 2729 527 2754 α
555 2704 870 2760 Antimachi
899 2722 1027 2758 curn
1053 2704 1314 2758 Nicerato
1346 2711 1656 2771 certamen,
1684 2701 1756 2759 de
1798 2721 1914 2776 quo

364 2792 440 2852 h.'
469 2794 507 2852 l.
555 2794 756 2867 agitur,
805 2793 1003 2846 initum
1048 2808 1160 2845 esse
1203 2808 1318 2863 quo
1352 2801 1603 2864 tempore
1633 2792 1916 2864 Lysander

363 2901 492 2937 cum
517 2883 770 2956 Agesilao
791 2882 849 2934 in
879 2881 1005 2935 Asia
1024 2897 1143 2934 rem
1167 2889 1416 2953 gereret,
1451 2877 1679 2951 conjicit
1696 2879 1917 2935 Naekius

363 2970 435 3025 de
480 2969 701 3026 Choeril.
723 2988 784 3044 p.
817 2966 921 3038 503
959 2966 1058 3024 sed
1091 2985 1208 3022 non
1250 2965 1568 3041 persuadet.
1614 2965 1913 3044 Λυσάνδρια

359 3058 512 3114 enim
534 3058 656 3131 quis
668 3058 802 3112 alibi
823 3056 1013 3129 potius
1031 3054 1310 3110 celebrata
1327 3053 1489 3109 fuisse
1507 3054 1700 3110 eredat
1712 3096 1727 3123 ,
1748 3073 1912 3127 quam

363 3147 423 3199 in
451 3146 566 3219 ipsa
585 3143 786 3201 Samo?
808 3140 959 3197 Illud
978 3142 1149 3215 igitur
1177 3151 1459 3196 certamen
1476 3158 1595 3196 non
1614 3140 1686 3195 ad
1705 3143 1915 3198 seriora

369 3244 621 3305 tempora
647 3231 917 3303 referam,
943 3227 1043 3284 sed
1082 3228 1156 3283 ad
1201 3227 1468 3283 festorum
1507 3229 1912 3284 institutionem

367 3316 656 3390 Lysandro
681 3335 871 3372 coram
894 3316 1048 3371 domi
1076 3334 1108 3371 a
1131 3317 1324 3372 Samiis
1352 3327 1636 3386 actorum3
1668 3316 1825 3389 quod
1851 3329 1914 3372 ut

371 3404 683 3459 declararet
726 3403 1054 3459 Plutarchus
1082 3402 1302 3459 addidit
1351 3403 1435 3461 ἐπ’
1483 3402 1647 3483 αὗτῷ.
1711 3427 1735 3453 ¹·
1783 3407 1914 3460 Haec

365 3492 735 3546 Hullemanus
746 3490 1058 3546 rectissime.
1080 3490 1337 3546 Ceterum
1353 3510 1476 3565 quae
1501 3492 1572 3547 de
1583 3493 1913 3547 Antimacho

369 3589 427 3632 et
450 3578 679 3632 Platone
708 3578 764 3632 h.
807 3577 847 3632 1.
880 3586 1178 3631 narrantur
1209 3580 1589 3634 commentitia
1614 3596 1726 3633 esse
1763 3580 1916 3634 haud

365 3658 486 3711 sine
514 3674 673 3711 causa
700 3666 949 3710 statuunt
966 3654 1242 3710 Welcker.
1265 3657 1500 3733 in,Cycl.
1525 3659 1696 3715 nom.
1718 3676 1778 3731 p.
1808 3658 1915 3713 106

369 3756 426 3801 et
452 3744 703 3799 Diibncr.
732 3741 804 3797 ad
833 3743 1218 3797 Antimachum
1242 3762 1300 3816 p.
1328 3763 1421 3817 29.

371 3913 498 3959 runt.
522 3913 591 3958 Ex
616 3910 765 3973 poetis
794 3910 890 3972 ipse
928 3909 1188 3959 Choerilum
1220 3924 1405 3973 semper
1423 3924 1586 3960 seeum
1624 3912 1815 3972 habuit,
1835 3913 1920 3974 qui

367 3988 583 4037 carmine
624 4001 699 4036 res
734 3986 839 4049 ejus
872 3988 1026 4048 gestas
1048 3990 1299 4037 exornaret
1330 4007 1342 4036 ι
1379 3988 1658 4049 antilocho,
1694 3988 1826 4051 quod
1860 3988 1922 4038 de

374 4065 472 4126 ipso
490 4064 753 4113 mediocres
770 4063 955 4126 aliquot
972 4077 1136 4113 versus
1154 4063 1439 4126 scripsisset,
1461 4065 1726 4113 oblectatus
1748 4064 1922 4126 pileum

372 4143 566 4203 argento
603 4140 815 4201 replevit.
848 4140 1132 4190 Antimacho
1158 4140 1454 4203 Colophonio
1485 4143 1535 4189 et
1566 4142 1783 4190 Nicerato
1808 4155 1922 4204 quo·
2010 4167 2083 4218 bis
2108 4188 2122 4216 ἶ
2152 4169 2263 4227 ‘1⁷3ae
2275 4175 2449 4229 παιῆον

373 4218 485 4268 dam
505 4221 780 4270 Heracleota
803 4218 1059 4282 Lysandria
1096 4222 1312 4283 poemate
1331 4219 1686 4270 decertantibus
1722 4220 1822 4282 ipso
1848 4221 1924 4283 jn·

372 4295 483 4345 dice
500 4333 514 4356 ,
540 4295 808 4346 Niceratum
832 4297 1103 4357 coronavit3
1131 4296 1439 4346 Antimachus
1468 4295 1788 4358 indignatione
1817 4311 1922 4345 mo-

373 4375 457 4423 tus
493 4385 660 4437 poema
683 4386 823 4423 suum
845 4373 1070 4423 abolevit.
1096 4374 1233 4423 Plato
1250 4376 1441 4431 autem,
1468 4374 1661 4435 iuvenis
1686 4377 1811 4435 tum,
1841 4376 1927 4422 mi·

379 4451 511 4499 ratus
529 4450 862 4499 Antimachum
895 4451 1102 4512 graviter
1125 4451 1249 4501 terre
1280 4451 1411 4513 quod
1443 4451 1496 4498 in
1515 4462 1568 4499 re
1598 4451 1781 4514 poetica
1803 4453 1925 4500 esset
2012 4437 2103 4486 ἕω)

377 4529 653 4589 superatus,
689 4526 961 4577 consolatus
983 4539 1097 4577 eum
1127 4531 1200 4577 est
1221 4525 1553 4590 ostenditque,
1583 4526 1924 4589 ignorationem

379 4604 435 4653 iis
455 4603 628 4666 quibus
645 4604 817 4653 inesset
833 4605 1020 4653 tantum
1045 4616 1217 4655 nocere
1232 4640 1247 4664 ,
1259 4603 1386 4654 sicut
1405 4604 1670 4654 caecitatem
1689 4603 1744 4653 iis
1763 4603 1924 4667 modo,

375 4683 461 4745 qui
485 4682 609 4745 capti
634 4682 899 4733 luminiibus
926 4685 1098 4733 essent.
1137 4687 1321 4732 Verum
1345 4683 1620 4731 Aristonous
1637 4682 1928 4733 citharoedus

377 4774 527 4825 quum
555 4762 707 4812 sexies
745 4761 934 4812 vicisset
972 4761 1139 4825 Pytlnia
1173 4764 1223 4811 et
1255 4762 1495 4824 Lysandro
1525 4761 1772 4811 blandiens
1806 4765 1927 4812 esset

373 4839 642 4902 pollicitus,
666 4840 706 4889 si
727 4852 895 4890 rursus
915 4839 1132 4902 vicisset,
1157 4838 1386 4903 Lysandri
1409 4852 1511 4890 sese
1528 4852 1633 4889 esse
1651 4840 1924 4902 pronuntia·

380 4922 542 4969 turum
559 4955 575 4981 ‚
598 4921 704 4968 tum
717 4918 800 4969 ille
818 4936 843 4961 a
861 4920 982 4968 Num
1006 4920 1233 4969 servum?
1258 4938 1281 4962 ιι
1305 4919 1476 4981 inquit.

439 5000 604 5060 Neque
619 4996 761 5047 etiam
791 4995 1050 5060 poeanicam
1068 4998 1464 5048 exclamationem
1485 5001 1577 5059 (10
1597 5001 1757 5048 Pcean
1777 4996 1820 5060 l)
1837 4996 1926 5047 ha-

379 5075 460 5125 bet
480 5075 572 5145 hoc
591 5088 782 5125 carmen
799 5111 813 5138 ,
837 5075 1243 5138 quemadmodum
1276 5077 1355 5126 ille
1385 5075 1434 5125 in
1455 5076 1752 5137 Lysandrum
1791 5079 1926 5139 Spar·

373 5155 546 5201 unum
565 5151 771 5215 scriptus
801 5164 945 5200 verus
961 5165 1096 5214 paean
1109 5189 1126 5215 ‚
1148 5167 1290 5217 quem
1321 5154 1461 5204 Duris
1477 5153 1526 5203 in
1556 5153 1823 5205 Samiorum
1841 5164 1927 5202 an·

379 5230 571 5280 nalibus
590 5231 658 5280 ait
679 5230 810 5282 sami
830 5231 936 5280 cani
958 5232 1170 5282 solitum.

1996 807 2316 888 Ἀπόλλωνα)
2332 813 2365 880 ἡ
2382 808 2544 880 Λητὼ
2559 809 2923 869 ἐνεκελεύσατο
2937 814 3153 870 εἰποῦσα
3166 837 3178 849 ·
3192 812 3269 884 Ἱή
3275 836 3316 871 ιε
3334 820 3545 888 παιῆον.

2074 897 2255 976 ἥλιον]
2285 911 2473 956 ortum
2502 918 2571 955 ex
2596 901 2758 975 signo
2778 942 2793 969 ,
2822 920 2936 974 quo
2959 921 3168 957 nomen
3197 906 3474 977 Apollinis
3495 908 3553 961 in

2003 986 2176 1042 codd.
2206 987 2407 1060 passim
2436 999 2717 1045 exaratur.
2746 992 2813 1044 V.
2836 990 3059 1046 Miiller.
3084 993 3215 1048 Dor.
3244 992 3271 1045 I
3290 1031 3305 1059 ‚
3326 1010 3384 1065 p.
3417 991 3551 1064 315,

1997 1083 2053 1127 et
2069 1072 2208 1145 298;
2231 1073 2536 1131 Weichert.
2556 1071 2687 1129 Leb.
2711 1076 2767 1129 d.
2794 1076 3057 1148 Apollon.
3086 1095 3143 1150 p.
3172 1084 3273 1151 49;
3296 1079 3551 1138 Lobeck.

1997 1159 2274 1234 Aglaoph.
2313 1178 2377 1233 p.
2438 1158 2608 1226 1354.
2654 1162 2970 1218 Illustratur
3009 1164 3386 1239 fragmentum
3426 1167 3554 1222 loco

1997 1247 2248 1302 Athenaei
2265 1247 2391 1316 XV,
2422 1266 2483 1323 p.
2529 1266 2663 1318 701,
2706 1249 2779 1318 C,
2809 1249 2908 1304 ubi
2938 1250 3237 1309 Clearchus
3280 1253 3557 1328 scripsisse

2000 1332 2207 1389 dicitur
2230 1330 2323 1402 τὴν
2353 1329 2513 1403 Λητὼ
2540 1333 2598 1391 ἐκ
2625 1332 2887 1400 Χαλκίδος
2911 1337 3004 1406 τῆς
3044 1334 3269 1407 Εὗὸοίας
3296 1338 3557 1415 ἀνακομί-

2001 1422 2185 1486 ζουσαν
2215 1421 2285 1485 εἰς
2323 1417 2553 1500 Δελφοὺς
2583 1419 2882 1480 Ἀπόλλωνα
2908 1422 2999 1480 καὶ
3027 1420 3292 1502 Ἄρτεμιν,
3321 1426 3557 1504 γενέσθαι

2000 1503 2146 1585 παρὰ
2169 1505 2227 1564 τὸ
2249 1510 2340 1564 τοῦ
2368 1505 2640 1579 κληθέντος
2668 1506 2915 1576 Πύθωνος
2938 1509 3214 1582 σπήλαιον.
3260 1512 3371 1573 Καὶ
3404 1535 3558 1592 φερο-

2004 1591 2158 1668 μένου
2186 1597 2274 1651 τοῦ
2319 1593 2560 1660 Πύθωνος
2585 1593 2667 1653 ἔπ’
2690 1593 2904 1672 αὖτοὺς,
2941 1600 2972 1667 ἡ
3000 1596 3189 1671 Λητὼ,
3212 1602 3315 1657 τῶν
3356 1599 3556 1658 παίδων

2001 1680 2088 1737 τὸν
2113 1678 2282 1759 ἕτερον
2314 1682 2365 1738 ἐν
2391 1682 2642 1757 ἀγκάλαις
2667 1680 2885 1762 ἔχουσα,
2916 1683 3192 1763 προσὸᾶσα
3218 1691 3291 1767 τῷ
3320 1686 3450 1768 λίθῳ
3480 1690 3556 1767 τῷ

2002 1771 2091 1824 νῦν
2119 1765 2196 1825 ἔτι
2218 1765 2440 1848 κειμένῳ
2482 1766 2583 1828 ὑπὸ
2608 1773 2682 1849 τῷ
2725 1769 2844 1828 ποδὶ
2872 1775 2963 1841 τῆς
2989 1773 3192 1850 χαλκῆς
3219 1774 3561 1856 εἰργασμένης

2004 1857 2311 1940 Λητοῦς,...
2337 1846 2494 1913 εἶπεν·
2529 1854 2608 1916 Ἵε
2634 1858 2751 1917 παῖ.
2774 1859 2967 1937 Τυχεῖν
2992 1858 3045 1917 δὲ
3066 1858 3187 1928 τόξα
3219 1862 3352 1938 μετὰ
3378 1869 3558 1941 χεῖρας

2004 1940 2298 2021 ἔχοντα-τὸν
2329 1942 2717 2003 Ἀπόλλωνα....
2745 1945 2936 2024 Διόπερ
2962 1946 3065 2005 ἀπὸ
3099 1946 3279 2008 τούτου
3309 1950 3560 2029 λεχθῆναί

2005 2050 2131 2108 φασι
2154 2027 2233 2101 τὸ,
2262 2027 2342 2089 Ἵε
2371 2039 2493 2103 παῖ,
2517 2029 2607 2088 καὶ
2626 2074 2642 2103 ,
2667 2029 2745 2091 ’le
2771 2032 2956 2092 παιών.

2654 2138 2750 2208 67.

2086 2242 2315 2298 Proclus
2341 2241 2415 2296 ad
2438 2242 2573 2298 Plat.
2599 2244 2745 2301 Tim.
2778 2244 2828 2314 1,
2860 2264 2919 2318 p.
2959 2245 3031 2301 28
3066 2266 3079 2301 ε
3116 2243 3278 2324 Εἴπερ
3307 2269 3381 2312 τις
3407 2244 3557 2313 ἄλλος

2004 2325 2095 2383 καὶ
2122 2328 2348 2397 ποιητῶν
2379 2325 2582 2405 ἄριστος
2607 2326 2785 2408 κριτὴς
2823 2331 2851 2386 ὁ
2881 2329 3179 2392 Πλάτων...
3210 2329 3560 2412 Ἡρακλείδης

2004 2417 2125 2489 γοῦν
2153 2418 2181 2472 ὃ
2209 2415 2461 2480 Ποντικός
2489 2436 2664 2495 φησιν,
2695 2413 2774 2474 ὅτι
2797 2419 2898 2474 τῶν
2935 2418 3184 2498 Χοιρίλου
3210 2417 3324 2476 τότε
3353 2419 3557 2478 εὗδοκι-

2005 2497 2258 2575 μούντων,
2306 2500 2533 2561 Πλάτων
2577 2500 2641 2559 τὰ
2693 2503 3002 2583 Ἀντιμάχου
3061 2505 3385 2585 προῦτίμησε
3401 2550 3417 2578 ,
3469 2505 3560 2564 καὶ

2007 2586 2159 2646 αὐτὸν
2183 2586 2358 2646 ἔπεισε
2378 2587 2465 2646 τὸν
2488 2588 2833 2670 Ἡρακλείδην
2858 2593 2926 2657 εἷς
2958 2593 3241 2674 Κολοφῶνα
3264 2591 3474 2650 ἐλθόντα
3492 2591 3561 2650 τὰ

2005 2673 2275 2751 ποιήματα
2306 2675 2547 2744 συλλέξαι
2569 2683 2661 2736 τοῦ
2686 2677 2883 2759 ἀνδρός.
2909 2678 3101 2751 Μάτην
3127 2669 3214 2738 οὗν
3238 2682 3561 2760 φληναφοῧσι

2013 2759 2351 2842 Καλλίμαχος
2373 2764 2461 2820 καὶ
2488 2768 2694 2846 Δοῦρις,
2714 2767 2782 2831 ὡς
2803 2764 3084 2834 Πλάτωνος
3104 2768 3195 2826 οὐκ
3219 2766 3360 2834 ὄντος
3378 2767 3559 2826 ἱκανοῦ

2006 2846 2197 2929 κρίνειν
2225 2850 2460 2918 ποιητάς.
3446 2875 3453 2884 ·

2087 2937 2413 2995 Mandatum
2445 2939 2595 2997 istud
2620 2942 2956 2999 Antimacho
2986 2943 3179 3000 datum
3220 2946 3280 2999 in
3324 2943 3563 3001 dubium

2010 3037 2173 3081 vocat
2189 3026 2472 3083 Welcker.
2493 3028 2534 3085 l.
2565 3028 2604 3087 l.
2626 3046 2688 3101 p.
2726 3029 2852 3087 106.
2875 3030 3228 3086 -Ceterum
3253 3030 3324 3085 de
3346 3032 3558 3100 critica,

2007 3132 2172 3186 quam
2199 3114 2255 3168 in
2278 3126 2470 3187 poetas
2495 3116 2649 3171 Plato
2676 3118 3009 3187 exercuerit,
3031 3137 3087 3175 v.
3112 3118 3439 3191 Bernhardy
3462 3119 3559 3174 Gr.

2007 3201 2113 3255 Lit.
2146 3201 2204 3269 1,
2234 3218 2296 3273 p.
2338 3202 2438 3257 131
2472 3221 2557 3275 sq.
2591 3215 2727 3273 not,
2758 3216 2814 3260 et
2843 3222 2986 3278 quos
3015 3205 3226 3265 laudat.

2735 3307 2831 3367 68.

2085 3400 2364 3455 Zenobius
2412 3403 2580 3459 Prov0
2610 3404 2687 3472 11,
2720 3402 2793 3457 28
2837 3419 2852 3459 ε
2898 3399 3194 3467 Ἀττικὸς
3240 3401 3562 3481 πάροικος.

2011 3487 2191 3562 Δοῦρις
2224 3484 2359 3563 [καὶ]
2406 3485 2525 3565 περὶ
2563 3488 2721 3558 αὐτῆς
2756 3485 2927 3565 λέγει,
2976 3485 3057 3546 ὅτι
3097 3487 3275 3559 ἐπειδὴ
3307 3488 3562 3558 Ἀθηναῖοι

2005 3569 2126 3636 τοὺς
2171 3578 2557 3651 περιοικοῦντας
2597 3575 2768 3641 αὗτοῖς
2807 3574 2898 3632 καὶ
2930 3579 3255 3652 γειτνιῶντας
3296 3575 3560 3652 ἑξέὸαλον,

2007 3660 2042 3728 ἡ
2071 3657 2328 3738 παροιμία
2358 3660 2634 3739 ἐκράτησε.
2666 3660 2928 3741 Κράτερος
2951 3662 3003 3720 δὲ
3026 3661 3129 3720 ἀπὸ
3158 3666 3257 3721 τῶν
3287 3665 3357 3729 εἷς
3379 3664 3561 3739 Σάμον

2006 3744 2342 3824 πεμφθέντων
2362 3746 2872 3819 Ἀθήνηθενέποίκων
2887 3748 2982 3820 τὴν
3002 3749 3287 3831 παροιμίαν
3307 3753 3562 3832 εἰρῆσθαι.

2735 3922 2824 3972 66.

2070 4009 2211 4069 Ἰηιος
2235 4011 2402 4073 Apollo
2419 4012 2703 4074 appellatur,
2725 4012 2907 4062 Duride
2923 4014 3121 4062 auctore
3136 4048 3150 4073 ,
3168 4013 3419 4074 propterea
3431 4008 3557 4074 quod

2010 4091 2192 4139 Latona
2215 4087 2482 4151 Apollinem
2507 4091 2555 4138 in
2574 4089 2701 4139 ulnis
2734 4093 2923 4151 gestans
2939 4089 3194 4139 exhortata
3216 4102 3331 4138 eum
3354 4091 3426 4138 est
3450 4100 3561 4137 ver·

2468 4168 2563 4230 (Ἷε
2586 4169 2787 4229 παιών).

2745 4251 2834 4302 67.

2075 4347 2347 4397 Heraclides
2372 4348 2598 4398 Ponticus
2618 4346 2754 4409 dicit,
2779 4348 2865 4396 etsi
2886 4347 3083 4397 Choerili
3102 4344 3316 4395 carmina
3334 4349 3451 4393 tunc
3470 4357 3564 4392 ma·

2122 4426 2171 4474 in
2188 4424 2369 4474 honore
2396 4425 2627 4485 tuissent,
2652 4425 2897 4475 Platonem
2916 4425 3079 4473 tamen
3100 4422 3371 4473 Antimachi
3390 4424 3564 4484 praetu-

2012 4506 2120 4555 lisse
2134 4541 2149 4565 ‚
2170 4505 2354 4568 ipsique
2377 4504 2640 4556 Heraclidae
2655 4504 2880 4565 suasisse,
2901 4506 2957 4553 ut
2973 4503 3296 4565 colophonem
3323 4501 3565 4564 protectus

2013 4581 2226 4633 carmina
2260 4582 2406 4644 hujus
2438 4582 2530 4632 viri
2548 4582 2806 4644 colligeret.
2838 4582 3038 4631 Temere
3073 4580 3235 4642 itaque
3268 4577 3564 4627 hariolantur

2014 4658 2334 4711 Callimachus
2364 4661 2511 4721 atque
2534 4658 2709 4720 Duris,
2745 4658 2991 4708 censentes
3023 4657 3092 4706 illi
3124 4656 3368 4706 Platonem
3391 4666 3563 4716 parum

2014 4737 2235 4786 idoneum
2252 4738 2517 4799 aptumque
2534 4736 2676 4785 fuisse
2699 4734 2761 4784 ad
2779 4733 3060 4796 judicandos
3077 4734 3261 4797 poetas.

2740 4825 2829 4875 68.

2074 4921 2269 4969 Atticus
2298 4918 2605 4982 inquilinus.
2630 4919 2698 4966 De
2720 4917 2811 4965 hoe
2829 4928 3022 4978 quoque
3042 4914 3294 4978 proverbio
3325 4914 3465 4964 Duris
3486 4914 3560 4963 di·

2012 4997 2095 5046 cit.
2118 4997 2293 5046 Natum
2310 4996 2377 5045 ait
2395 4993 2505 5044 inde
2529 4992 2660 5056 quod
2682 4992 2989 5043 Athenienses
3022 4990 3281 5055 inquilinos
3309 4994 3357 5041 et
3379 4990 3563 5043 vicinos

2013 5073 2188 5137 pellere
2204 5074 2327 5123 soliti
2348 5071 2460 5122 sint.
2482 5071 2707 5122 craterus
2731 5083 2846 5119 vero
2869 5081 3084 5118 manasse
3100 5068 3162 5118 ab
3179 5068 3237 5119 iis
3262 5069 3448 5130 censet,
3475 5067 3562 5132 qui

2014 5150 2209 5203 Athenis
2226 5151 2275 5199 in
2297 5154 2495 5199 Samum
2528 5147 2655 5197 missi
2674 5150 2844 5197 essent.
2867 5145 3010 5195 Attici
3029 5146 3157 5195 enim
3188 5148 3383 5196 Samum
3400 5146 3561 5195 trans·

2012 5227 2140 5278 missi
2159 5227 2319 5293 ibique
2337 5225 2496 5277 sedem
2516 5224 2707 5289 figentes
2725 5223 2964 5286 indigenas
2984 5223 3285 5287 expulerunt.
