4016 5916
1072 428 1467 491 EXCERPTA
1510 431 1608 490 Ex
1652 430 2020 491 HISTORIA
2062 431 2389 492 DIODORI
2430 430 2700 491 SICULI.

290 555 435 635 τριὸε
465 556 509 612 δ’
532 544 680 620 οὗτος
708 554 761 609 ἐν
793 546 1492 630 Σμύρνῃδιαὸεὸαιοόμενος
1515 552 1694 611 ἑαυτὸν
1724 551 1839 611 Ἄν-

292 643 468 723 τιόχου
518 644 607 700 τοῦ
659 639 913 719 βασιλέως
954 638 1061 696 υἱὸν
1102 630 1264 710 εἶναι,
1312 638 1404 696 καὶ
1448 639 1592 718 παρὰ
1638 641 1846 706 πολλοῖς

292 728 658 805 πιστευόμενος
695 724 778 785 διὰ
805 725 899 797 τὴν
932 727 1236 802 ὁμοιότητα.
1324 725 1420 793 Ὧς
1451 726 1503 784 δὲ
1534 725 1845 807 παρεγένετο

297 821 366 885 εἰς
398 817 702 895 Πέργαμον,
735 812 1026 891 ἐκόσμησεν
1066 810 1129 893 (4)
1166 811 1319 870 αὐτὸν
1350 812 1633 890 διαδήματι
1662 813 1751 871 καὶ
1778 818 1842 892 τῇ

295 910 451 983 λοιπῇ
489 901 824 983 προσηκούσῃ
881 898 1133 980 βασιλέως
1184 905 1463 980 περικοπῇ.
1562 902 1671 962 Καὶ
1720 900 1849 981 πρός

298 1018 412 1053 τινα
440 996 539 1051 τῶν
566 990 799 1051 Κιλίκων
831 987 1061 1069 ἔπεμψεν
1076 988 1453 1065 ὀνομαζόμενον
1483 989 1543 1066 (ι)
1582 988 1844 1070 Ὀφᾶνην.

298 1076 459 1147 Οὗτος
490 1078 546 1137 δὲ
594 1076 653 1135 ἔκ
684 1100 820 1143 τινος
849 1075 1018 1141 αἰτίας
1053 1073 1355 1155 προσκόψας
1404 1075 1499 1152 μὲν
1551 1080 1623 1155 τῷ
1657 1081 1845 1153 Δημη·

295 1169 440 1249 τρίῳ,
489 1163 887 1245 συνεπιληφθεὶς
922 1164 984 1241 (a)
1024 1164 1078 1221 δὲ
1119 1163 1171 1221 ἔν
1209 1185 1314 1222 τισι
1351 1163 1848 1243 στενοχωρουμένοις

296 1262 489 1335 καιροῖς
512 1255 602 1311 ὑπ’
635 1250 903 1328 Εὐμένους
946 1254 1036 1310 τοῦ
1063 1249 1177 1309 τότε
1221 1250 1502 1332 βασιλέως,
1531 1250 1669 1310 κατὰ
1696 1251 1845 1329 λόγον

294 1342 419 1421 πρὸς
463 1341 518 1399 ὃν
559 1339 654 1416 μὲν
708 1337 993 1416 ἀλλοτρίως
1034 1337 1250 1396 διέκειτο
1264 1362 1289 1411 ,·
1309 1337 1438 1417 πρὸς
1482 1339 1536 1397 ὃν
1567 1339 1620 1397 δὲ
1665 1341 1842 1420 φιλαν·

294 1429 534 1511 Θρῶπως·
582 1429 654 1494 εἰς
694 1425 747 1484 δὲ
788 1424 983 1506 χωρίον
1021 1427 1116 1495 τῆς
1165 1425 1406 1492 Κιλικίας
1442 1425 1715 1503 δεξάμενος
1758 1428 1845 1485 τὸν

297 1514 652 1595 μειρακίσκον,
684 1512 905 1572 διεδίδου
929 1510 1107 1591 λόγους
1136 1512 1206 1579 εἰς
1244 1510 1339 1584 τὴν
1373 1512 1588 1595 Συρίαν,
1617 1516 1687 1580 ὡς
1715 1512 1848 1591 μέλ-

296 1607 467 1670 λοντος
496 1601 583 1662 ἐπὶ
610 1602 706 1673 τὴν
734 1598 988 1682 πατρῴαν
1017 1597 1183 1680 ἀρχὴν
1217 1599 1450 1659 κατιέναι
1476 1606 1565 1659 τοῦ
1603 1600 1844 1681 μειρακί-

296 1714 421 1750 σκου
442 1689 535 1749 σὺν
557 1688 673 1768 ἰδίῳ
698 1690 884 1767 καιρῷ.
912 1689 982 1747 Oi
1003 1685 1056 1744 δὲ
1079 1685 1215 1745 κατὰ
1242 1684 1335 1757 τὴν
1356 1685 1550 1767 Συρίαν
1575 1687 1723 1767 ὄχλοι
1736 1689 1847 1753 ταῖς

299 1779 380 1837 ἐπὶ
406 1781 510 1836 τῶν
549 1773 814 1857 προτέρων
871 1773 1125 1853 βασιλέων
1167 1773 1544 1856 φιλανθρώποις
1593 1773 1846 1842 ἐντεύξεσι

302 1864 496 1945 βαρέως
516 1864 693 1942 ἔφερον
718 1867 811 1920 τοῦ
835 1862 1138 1942 Δημητρίου
1154 1858 1247 1931 τὴν
1275 1861 1559 1943 αὐστηρίαν
1585 1862 1647 1940 (7)
1675 1861 1763 1920 καὶ
1789 1861 1848 1920 τὸ

300 1955 397 2010 τῶν
425 1950 680 2011 ἒπιὸολῶν
707 1946 1010 2031 δραστικόν.
1059 1947 1253 2028 Διόπερ
1294 1949 1471 2009 οἰκεῖοι
1500 1953 1592 2021 τῆς
1618 1948 1845 2027 μεταδο-

295 2041 384 2110 λῆς
404 2038 562 2111 ὄντες,
582 2035 833 2116 μετέωροι
853 2035 966 2101 ταῖς
991 2035 1442 2115 προσδοκωμέναις
1467 2035 1666 2096 ἐλπίσιν
1691 2029 1848 2114 ἦσαν,

297 2128 362 2191 ὣς
380 2123 565 2182 αὗτίκα
597 2123 741 2200 μάλα
772 2121 1236 2201 μεταπεσουμένης
1252 2126 1344 2195 τῆς
1376 2121 1607 2193 ἐξουσίας
1631 2125 1702 2192 εἰς
1727 2122 1839 2184 ἕτε-

299 2235 380 2293 ρον
406 2210 775 2291 ἐπιεικέστερον
811 2208 1053 2292 βασιλέα.

373 2293 632 2358 xv.‘'0u
646 2302 690 2356 ol
704 2296 961 2377 Ὀροφέρν
968 2318 1024 2354 ου
1039 2296 1349 2376 πρεσὸευταὶ
1362 2296 1466 2355 ἀπὸ
1477 2294 1690 2374 Ῥώμης
1702 2300 1845 2379 ἀνερ-

296 2384 534 2465 χόμενοι,
554 2385 638 2444 καὶ
648 2383 784 2443 κατὰ
800 2383 890 2443 τὸν
900 2386 1064 2443 πλοῦν
1079 2383 1534 2451 ἕπιὸουλεύσαντες
1545 2384 1850 2465 Ἀριαράθην

296 2470 417 2552 περὶ
440 2470 725 2553 Κόρκυραν,
752 2470 899 2530 αὖτοὶ
920 2471 1378 2553 προσανῃρίθησαν
1398 2471 1498 2530 ὑπὸ
1520 2469 1846 2551 Ἀριαράθου.

296 2559 531 2636 Ὁμοίως
549 2559 604 2618 δὲ
627 2558 856 2640 καὶπερὶ
886 2560 1135 2641 Κόρινθον
1147 2558 1429 2631 ἐπιδουλὴν
1441 2562 1558 2617 κατ’
1582 2560 1737 2617 αὐτοῦ
1758 2582 1849 2617 συ·

292 2646 633 2723 στησαμένων
644 2650 749 2705 τῶν·
775 2651 866 2705 τοῦ
878 2644 1209 2727 Ὀροερέρνου,
1224 2644 1313 2705 καὶ
1324 2644 1521 2716 ταύτην
1544 2644 1845 2725 παραδόξως

290 2732 579 2813 διεκφυγὼν
608 2732 825 2804 διεσώθη
851 2732 979 2813 πρὸς
992 2734 1078 2791 τὸν
1093 2730 1342 2793 Ἄτταλον
1365 2734 1438 2798 εἷς
1466 2731 1522 2791 τὸ
1539 2730 1837 2813 Πέργαμον.

366 2825 527 2884 xvi.
571 2819 700 2882 εὈτι
742 2825 816 2901 τῷ
858 2819 1146 2902 Δημητρίῳ
1191 2819 1349 2879 πάλιν
1415 2823 1476 2878 ἐκ
1510 2823 1611 2879 τῶν
1668 2821 1839 2897 ὄχλων

3351 452 3476 494 1111

1939 560 2049 622 nis)
2077 574 2179 612 esse
2209 560 2485 623 dictitabat,
2511 573 2601 610 nec
2622 560 2788 624 paucis
2817 560 2865 609 id
2903 563 3096 625 propter
3138 561 3494 638 similitudinem

1934 671 2064 720 illam
2085 671 2415 734 persuadebat.
2480 675 2624 723 Hunc
2650 672 2813 736 igitur,
2845 670 2930 720 ubi
2969 674 3249 737 Pergamum
3275 682 3494 740 venerat,

1932 776 2202 828 diademate
2239 778 2429 828 ornavit
2469 779 2518 829 et
2557 777 2742 842 reliquo
2777 781 3008 843 apparatu
3043 780 3172 845 regio
3204 781 3492 832 instructum

1935 884 2063 936 misit
2087 887 2135 935 in
2169 885 2384 938 Ciliciam
2428 887 2489 938 ad
2531 887 2781 952 ophanem
2817 888 3084 951 quendam;
3126 889 3211 953 qui
3246 904 3398 953 quum
3435 890 3497 940 de

1934 1008 2076 1046 causa
2112 996 2272 1046 nescio
2299 1009 2395 1059 qna
2422 962 2720 1048 simultatem
2741 997 2970 1049 adversus
3002 999 3300 1049 Demetrium
3337 1013 3498 1051 susce-

1935 1104 2104 1167 pisset,
2129 1108 2296 1155 contra
2321 1117 2435 1155 vero
2457 1104 2509 1156 in
2526 1107 2797 1170 temporum
2817 1107 3044 1171 angustiis
3064 1107 3351 1171 quibusdam
3376 1107 3493 1158 olim

1934 1213 1995 1263 ab
2015 1217 2240 1274 Eumene,
2259 1215 2345 1278 qui
2365 1218 2483 1266 tunc
2497 1216 2738 1279 regnabat,
2760 1216 3035 1268 sublevatus
3052 1219 3193 1278 esset,
3215 1220 3269 1267 ut
3292 1230 3496 1268 consen·

1937 1326 2130 1372 taneum
2151 1328 2265 1374 esta
2283 1324 2524 1375 Demetrio
2542 1326 2750 1386 alienus,
2766 1326 2816 1375 in
2841 1328 3049 1377 Attalum
3068 1341 3330 1390 propensus
3346 1331 3395 1378 et
3410 1327 3494 1378 be-

1935 1435 2136 1484 nevolus
2152 1435 2271 1484 erat.
2295 1437 2344 1485 Is
2362 1434 2523 1499 igitur,
2553 1449 2701 1499 puero
2726 1436 2776 1486 in
2798 1437 3046 1487 castellum
3074 1436 3253 1487 Ciliciae
3277 1439 3497 1501 recepto,

1936 1556 2153 1594 rumores
2181 1556 2267 1607 per
2294 1543 2476 1607 Syriam
2503 1511 2779 1608 spargebat,
2810 1544 3034 1607 juvenem
3057 1545 3193 1595 illum
3226 1545 3276 1595 in
3297 1559 3496 1609 regnum

1934 1654 2189 1716 paternum
2217 1652 2485 1725 rediturum
2530 1666 2634 1705 esse
2672 1658 2887 1716 tempore
2925 1657 3212 1717 opportuno.
3260 1658 3315 1705 ln
3359 1654 3496 1718 Syria

1934 1763 2097 1812 autem
2115 1761 2377 1813 multitudo
2398 1765 2591 1827 propter
2610 1763 2821 1827 priorum
2836 1777 2998 1827 regum
3013 1763 3342 1815 affabilitatem
3359 1766 3496 1815 tanto

1935 1872 2109 1935 aegrius
2124 1874 2241 1922 tnnc
2260 1872 2440 1923 ferebat
2458 1873 2784 1924 austeritatem
2804 1872 3043 1924 Demetrii.
3063 1876 3366 1938 Quapropter
3386 1888 3498 1925 mu-

1934 1984 2129 2036 tationis
2161 1984 2320 2049 cupidi
2347 1987 2395 2035 et
2417 1987 2769 2048 exspectatione
2790 1986 2858 2037 rei
2886 1988 3065 2050 optatae
3087 1986 3302 2051 suspensi
3325 1988 3460 2038 erant
3479 2024 3493 2047 ,

1935 2092 2071 2156 quasi
2095 2092 2293 2156 jamjam
2326 2093 2451 2156 regia
2484 2095 2690 2156 potestas
2719 2094 2768 2145 in
2804 2108 2978 2145 manus
3014 2095 3344 2147 mansuetioris
3376 2096 3500 2160 regis

1936 2196 2192 2247 transitura
2215 2199 2353 2246 esset.

1998 2304 2102 2351 XV.
2140 2300 2432 2364 Orophernis
2464 2300 2605 2363 legati
2635 2303 2788 2351 Roma
2810 2301 3061 2352 redeuntes
3090 2316 3240 2364 quum
3265 2298 3388 2353 inter
3418 2317 3504 2353 na-

1944 2388 2230 2451 vigationem
2271 2401 2418 2451 prope
2460 2390 2719 2451 corcyram
2760 2388 2962 2438 insulam
3000 2388 3194 2439 insidias
3233 2370 3495 2441 Ariarathae

1939 2476 2248 2536 strinxissent,
2273 2488 2355 2538 spe
2376 2474 2547 2538 dejecti
2576 2476 2625 2526 et
2652 2473 2742 2538 ipsi
2773 2474 2970 2538 insuper
2994 2475 3057 2525 ab
3082 2476 3331 2527 Ariarathe
3354 2478 3497 2528 occisi

1939 2566 2069 2615 sunt.
2133 2561 2360 2614 Similiter
2387 2562 2449 2612 ad
2488 2562 2774 2613 corinthum
2813 2561 2995 2613 insidiis
3033 2562 3166 2626 jussu
3205 2565 3498 2628 Orophernis

1938 2650 2115 2715 paratis
2130 2688 2144 2713 ,
2177 2651 2263 2700 has
2283 2663 2476 2714 quoqne
2501 2650 2771 2701 Ariarathes
2797 2652 2979 2713 proeter
3001 2652 3401 2713 exspectationem
3426 2652 3498 2703 ef·

1939 2738 2056 2801 rugit
2078 2751 2136 2788 ac
2152 2738 2313 2788 salvus
2345 2742 2626 2800 Pergamum
2641 2737 2702 2787 ad
2725 2737 2937 2787 Attalum
2954 2737 3185 2801 pervenit.

2002 2829 2133 2876 xvi.
2170 2828 2350 2875 lterum
2381 2838 2436 2873 ex
2477 2823 2606 2887 tulgi
2639 2824 2753 2874 odio
2787 2824 2918 2887 regni
2953 2824 3210 2876 amittendi
3231 2826 3500 2889 periculum

286 3006 330 3056 p.
353 2997 468 3045 624.
489 3019 558 3030 -
573 2994 655 3052 τὴν
668 2995 801 3052 sim
815 2993 831 3042 t
841 2992 935 3057 αν]
955 2993 1186 3043 Eusebius
1200 3000 1330 3045 Arm.
1346 3007 1393 3056 p.
1420 2997 1503 3044 187
1528 3011 1541 3041 ε
1564 2992 1840 3054 Epiphane
1857 2990 2099 3040 Antiocho
2115 2989 2288 3040 adhuc
2303 2989 2598 3050 superstite,
2623 3000 2838 3049 reqnum
2858 2987 3201 3050 adibatfilius
3217 2986 3497 3039 duodennis

288 3064 575 3126 Antiochus
596 3067 921 3126 eoqnomeneo
941 3068 1198 3128 Eupator,
1228 3067 1319 3129 qui
1334 3076 1474 3114 anno
1490 3075 1596 3113 uno
1614 3062 1872 3111 mensibus
1893 3072 1985 3109 sex
1999 3072 2114 3109 cum
2142 3060 2297 3120 patre
2313 3056 2531 3107 vivebat.
2562 3055 2711 3117 igitur
2731 3058 2923 3105 mortuo
2943 3061 3001 3106 A.
3026 3056 3287 3118 Epiphane,
3305 3068 3385 3106 an.
3412 3063 3496 3106 164

283 3148 469 3185 annum
487 3133 669 3185 iniisset
682 3134 925 3185 decimum
943 3137 1189 3198 quartum,
1208 3147 1267 3185 ac
1286 3135 1492 3184 moriens
1508 3147 1584 3184 an.
1609 3139 1689 3183 161
1717 3132 1923 3181 exeunte
1938 3130 2016 3180 vel
2042 3136 2125 3179 160
2148 3129 2248 3177 init.
2269 3137 2420 3176 annos
2435 3125 2772 3187 septemdecim
2788 3163 2802 3189 ,
2823 3140 2901 3176 an.
2933 3133 3017 3178 158
3040 3126 3334 3189 undeviginti
3353 3128 3494 3176 natus

285 3204 475 3257 ruisset.
507 3206 732 3255 ceterum
755 3203 819 3254 ab
844 3204 1049 3255 Eusebio
1079 3205 1240 3256 differt
1262 3205 1505 3267 Appianus
1526 3207 1631 3268 Syr.
1650 3206 1731 3266 46,
1750 3213 1848 3253 sec.
1871 3214 2014 3264 quem
2036 3197 2295 3248 Antiochus
2323 3195 2616 3252 ἐτελεύτησεν
2635 3196 2835 3252 iwan-i<
2852 3196 3035 3245 παιδίον
3057 3195 3318 3246 ἀπολιπών.
3346 3195 3500 3259 idque

282 3276 462 3324 melius
485 3274 690 3337 quadrat
704 3287 819 3325 cum
839 3275 998 3324 verbis
1030 3274 1223 3324 Diodori
1243 3276 1543 3339 μειρακίσκον
1582 3272 1701 3322 τινά.
1735 3272 1934 3323 ,iuvenis
1970 3269 2048 3318 hic
2065 3271 2136 3317 est
2163 3265 2463 3318 Alexander
2490 3265 2642 3315 Bala.
2667 3268 2788 3324 Quat>
2808 3265 2900 3314 boc
2923 3267 3025 3315 loco
3042 3265 3103 3317 de
3136 3278 3194 3314 eo
3225 3268 3506 3325 narrantur,

282 3344 485 3395 aliunde
510 3345 668 3395 mium
687 3347 806 3395 nota
826 3345 959 3395 sunt.
986 3344 1239 3402 Quomodo
1263 3347 1425 3407 postea
1450 3342 1723 3393 Heraclides
1744 3341 1981 3401 effecerit,
2006 3341 2062 3388 ut
2085 3351 2169 3388 rex
2198 3338 2348 3399 Syriae
2367 3335 2633 3386 Alexander
2653 3348 2683 3385 a
2707 3339 2874 3387 senatu
2902 3339 3115 3387 Romano
3140 3338 3399 3397 crearetur,
3420 3338 3498 3386 fu·

279 3414 383 3467 sius
398 3417 571 3466 namt
590 3416 815 3480 Polybius
831 3418 1033 3466 xxxlll
1047 3453 1062 3478 ,
1081 3422 1154 3474 16,
1174 3414 1338 3477 paucis
1354 3426 1457 3463 rem
1468 3414 1671 3477 tangunt
1688 3412 1791 3463 Liv.
1809 3411 1936 3475 Epit.
1963 3417 2048 3468 523
2070 3409 2271 3471 Appian.
2289 3411 2397 3470 Syr.
2415 3410 2495 3469 675
2511 3407 2768 3458 Athenaeus
2779 3421 2828 3470 p.
2846 3413 2955 3468 211,
2978 3412 3035 3457 A.
3061 3406 3278 3457 Justinns
3297 3409 3493 3469 xxxv,

286 3493 307 3538 1
342 3488 411 3536 ita
430 3485 614 3536 babet:
638 3490 823 3552 Itaque
848 3486 1221 3548 adjuvantibus
1249 3489 1298 3535 ee
1316 3486 1588 3536 Ptolemoeo
1612 3495 1728 3546 reye
1748 3484 1958 3545 AE'qypti
1975 3484 2027 3530 et
2043 3480 2211 3532 Attalo
2231 3479 2357 3538 (non
2373 3489 2490 3526 vero
2511 3479 2749 3536 Eumene)
2765 3480 2814 3526 ee
2834 3476 3113 3528 Ariarathe
3129 3474 3495 3538 Cappadocioe,

281 3569 317 3607 a
344 3559 613 3608 Demetrio
643 3556 895 3617 lacessiti,
916 3556 1205 3606 subornant
1228 3555 1416 3604 Balam
1448 3553 1737 3618 quendam,
1764 3555 1919 3603 sortis
1945 3553 2192 3600 exeremae
2205 3549 2473 3611 juvenem,
2500 3552 2590 3614 qui
2614 3550 2780 3611 Syriae
2814 3560 3031 3610 reanum
3058 3546 3197 3597 velut
3219 3548 3500 3608 paternum

279 3628 449 3675 armis
466 3627 745 3686 repeteret,
768 3627 821 3674 et
842 3637 905 3674 ne
928 3624 1056 3689 quid
1077 3623 1402 3674 contante-lice
1422 3623 1628 3682 deesset,
1650 3633 1829 3671 nomen
1847 3623 1893 3669 ei
1914 3621 2210 3671 Alexander
2226 3618 2455 3680 induar,
2478 3622 2785 3683 penitusque
2801 3619 2870 3668 ab
2890 3617 3130 3669 Antiocho
3150 3629 3264 3679 repe
3279 3616 3493 3669 dicitur.

275 3698 405 3744 -4,
440 3692 799 3759 ἐκόσμησεν]
824 3692 1071 3758 ίιόσμισεν
1099 3691 1204 3744 cod.
1226 3698 1335 3744 -5.
1361 3693 1517 3755 ὄνομ.
1539 3690 1559 3756 1
1581 3689 1815 3755 ὀνομάζειν
1852 3691 1896 3742 ὁ.
1926 3691 2061 3747 αὐτὸς
2096 3690 2201 3739 cod.
2228 3719 2291 3731 —
2309 3697 2354 3739 6.
2381 3689 2881 3753 συνεπιληφθεὶς]
2903 3688 3262 3750 συναποληφθεὶς
3294 3687 3402 3738 cod.
3433 3718 3504 3732 -

276 3766 324 3815 7.
348 3762 645 3829 αὒσττρίαν]
672 3767 741 3816 De
762 3764 853 3814 ist1
876 3778 994 3824 regis
1014 3764 1168 3813 indole
1191 3764 1328 3825 plura
1350 3763 1459 3813 vide
1484 3775 1565 3825 ap.
1587 3761 1863 3823 Josephum.
1886 3762 1994 3809 Ant.
2014 3757 2126 3808 sud.
2147 3761 2255 3808 xlii
2268 3795 2282 3820 ,
2309 3765 2419 3817 2,1.

336 3836 451 3883 XV.
474 3834 586 3884 Fal.
612 3838 717 3895 181,
734 3841 795 3885 26
813 3849 858 3884 υ.
878 3840 1048 3895 -182,
1074 3841 1091 3882 1
1113 3846 1157 3881 r.
1180 3833 1357 3883 Eodem
1374 3833 1471 3883 fere
1486 3836 1703 3895 tempore
1728 3843 1827 3893 quo
1846 3828 2116 3878 Ariarathes
2134 3830 2330 3878 Romam
2349 3827 2590 3889 proiectus
2615 3829 2686 3876 cst
2704 3828 2785 3888 (v,
2805 3827 3005 3888 supra),
3025 3827 3171 3877 etiam
3191 3827 3496 3888 Orophernes

277 3903 463 3966 legatos
476 3902 699 3963 miserat,
718 3904 1025 3955 Timotheum
1042 3904 1206 3966 (hujus
1220 3903 1454 3953 Diodorus
1470 3915 1665 3966 qnoque
1683 3900 1900 3950 meminit
1920 3901 2090 3957 ΧΧΧΙ,
2110 3906 2166 3948 32
2184 3901 2200 3960 )
2221 3901 2268 3947 et
2284 3898 2565 3960 Diogenem,
2582 3899 2664 3961 qui
2677 3897 2816 3948 donis
2828 3898 3028 3960 gratiam
3043 3899 3235 3948 senatus
3248 3900 3496 3960 captarent

275 3975 327 4024 et
347 3972 411 4023 ad
431 3972 794 4022 coemtionem
824 3973 1087 4023 Ariaratliae
1112 3985 1308 4034 regnum
1334 3971 1588 4034 repetentis
1610 3970 1961 4034 responderent.
1990 3971 2051 4020 V.
2074 3969 2240 4032 Polyb.
2265 3971 2442 4019 xxxii
2457 4003 2471 4028 ,
2495 3974 2553 4018 2ο
2573 3970 2591 4030 (
2612 3972 2696 4018 157
2723 3981 2769 4018 a.
2792 3971 2846 4017 C.
2867 3971 2900 4028 ).
2927 3968 3186 4016 Decretum
3204 3968 3396 4016 senatus
3421 3968 3500 4015 at*-

276 4045 367 4094 ῐεή
380 4044 638 4107 Appianas
658 4046 770 4105 Syr.
791 4045 849 4093 47
871 4061 885 4092 z
904 4043 1153 4106 Ῥωμαίοις
1171 4043 1320 4093 ὲδὸκει
1342 4043 1424 4106 μὲν
1443 4045 1507 4099 ὥς
1520 4042 1739 4104 ἀδελφοὺς
1753 4039 2017 4104 Ἀριαράθην
2035 4041 2113 4088 καὶ
2132 4039 2404 4100 Ὀλοφέρνην
2422 4037 2681 4101 βασιλεύειν
2703 4038 2840 4100 ὁμοῦ.
2864 4040 2973 4093 Quo
2991 4048 3218 4098 responso
3233 4034 3360 4084 haud
3377 4048 3494 4086 con·

276 4113 397 4164 tenti
420 4112 571 4177 legati
604 4112 801 4162 insidias
823 4113 919 4176 regi
944 4115 1252 4175 struxerunt,
1286 4126 1490 4176 quarum
1521 4116 1687 4163 nostro
1712 4113 1820 4162 loco
1850 4108 2030 4158 mentio
2052 4107 2124 4157 fit.
2159 4111 2496 4171 Fragmentum
2520 4107 2610 4157 hoc
2636 4120 2750 4155 cum
2770 4105 3080 4155 antecedente
3103 4103 3257 4153 insere
3279 4105 3386 4163 post
3406 4105 3492 4155 lib.

276 4186 439 4235 xxxi
484 4197 535 4233 e,
558 4186 637 4232 32.

342 4221 493 4318 ms,
506 4252 625 4303 Fol-
669 4255 787 4313 182,
825 4257 841 4301 1
870 4264 915 4302 r.
942 4278 1006 4290 -
1034 4256 1147 4314 182,
1169 4258 1228 4303 25
1254 4256 1358 4302 ver.
1378 4252 1542 4315 primis
1561 4251 1807 4315 fragmenti
1830 4247 1985 4299 verbis
2003 4249 2161 4310 patet,
2185 4246 2429 4309 sequentia
2448 4258 2543 4294 non
2571 4259 2629 4294 eo
2647 4245 2780 4305 loco,
2801 4243 2880 4293 ubi
2900 4243 2959 4292 de
2985 4241 3112 4293 bello
3129 4245 3297 4292 contra
3320 4243 3496 4294 Andri·

276 4337 414 4376 scum
439 4337 471 4373 a
498 4323 732 4374 Romanis
751 4325 884 4384 gesto
905 4323 1151 4388 agebatur,
1171 4322 1252 4374 sed
1275 4323 1325 4372 in
1348 4324 1573 4374 Demetrii
1590 4322 1768 4374 Soteris
1783 4318 1979 4370 historia
1992 4330 2094 4367 esse
2111 4320 2319 4367 narrata.
2345 4315 2580 4366 Ultimum
2600 4315 2660 4365 de
2673 4326 2816 4376 regno
2834 4313 3099 4392 periculum
3113 4350 3127 4372 ,
3146 4311 3274 4375 quod
3301 4316 3496 4376 propter

277 4395 451 4444 odium
478 4392 796 4442 subditorum
821 4391 959 4443 fatale
977 4392 1221 4443 Demetrio
1246 4392 1336 4442 fuit
1364 4393 1756 4456 (Joseph.xl11,
1777 4397 1833 4450 2,
1859 4388 1940 4447 1),
1963 4385 2028 4436 ab
2051 4385 2318 4437 Alexandro
2346 4385 2459 4435 Bala
2483 4384 2640 4445 venit,
2661 4385 2737 4432 cui
2763 4381 2811 4432 in
2829 4386 3015 4444 Syriam
3033 4381 3306 4431 ascendenti
3334 4384 3493 4434 Ptole-

278 4463 491 4513 maidem
512 4463 689 4512 incola».
712 4460 1036 4524 prodiderunt.
1061 4463 1111 4514 ld
1132 4475 1245 4513 vero
1265 4462 1435 4512 incidit
1451 4463 1500 4512 in
1519 4461 1730 4513 medium
1752 4470 1932 4510 annum
1961 4461 2046 4506 160
2063 4469 2146 4506 aer.
2178 4457 2362 4506 seleuc-
2379 4491 2395 4516 ,
2417 4454 2517 4504 sive
2536 4454 2679 4503 inan.
2707 4460 2794 4504 152
2812 4466 2860 4502 ι.
2886 4456 2945 4503 c.
2967 4452 3209 4513 (Maccab.
3235 4455 3285 4514 1,
3307 4461 3391 4515 ιο,
3413 4461 3490 4505 21.

274 4537 338 4584 V.
357 4533 583 4583 clinton.
604 4535 659 4582 F.
684 4534 748 4581 Η.
766 4534 854 4590 nl,
867 4545 916 4595 p.
939 4538 1029 4583 325
1043 4533 1077 4594 ).·
1099 4536 1220 4592 Quae
1234 4533 1400 4582 nostro
1413 4533 1520 4582 loco
1534 4531 1789 4581 traduntur
1806 4529 1866 4579 ad
1880 4528 2094 4591 eiusdem
2107 4528 2218 4577 anni
2234 4527 2312 4578 vel
2326 4525 2387 4575 ad
2405 4523 2726 4575 antecedentis
2742 4535 2820 4573 res
2835 4522 3072 4585 pertinere
3085 4521 3365 4584 intelligitur
3377 4536 3406 4573 e
3423 4523 3498 4574 Li·

276 4604 345 4652 vii
365 4604 503 4667 zpit,
523 4606 607 4664 47,
624 4602 708 4652 ubi
724 4601 832 4650 haec
849 4621 864 4653 z
882 4602 1185 4663 Andriscus,
1200 4605 1289 4666 qai
1308 4617 1361 4654 se
1384 4601 1754 4663 Perseifilium,
1778 4602 1907 4662 reqis
1926 4598 2188 4661 quondam
2203 4594 2536 4648 Macednum,
2555 4595 2750 4657 inqenti
2764 4596 3142 4644 asseveratione
3163 4595 3494 4652 nwntiretur,

278 4677 503 4724 Romam
526 4674 735 4722 missm.
752 4673 858 4721 Non
872 4672 1011 4722 affert
1020 4672 1461 4736 Epitomeconsules
1478 4673 1586 4720 anni
1607 4678 1712 4733 152,
1724 4669 2127 4730 adeo‚utdubium
2140 4669 2204 4718 sit
2219 4680 2336 4717 num
2351 4678 2426 4716 res
2437 4664 2502 4717 ad
2521 4672 2603 4716 153
2618 4678 2696 4715 an.
2712 4663 2774 4714 ad
2792 4670 2877 4715 152
2893 4664 3140 4727 pertineat.
3159 4662 3322 4714 Malim
3332 4665 3496 4716 tamen

276 4745 463 4794 referre
508 4741 574 4792 sd
590 4755 671 4790 an.
707 4748 810 4791 15³.
832 4744 949 4792 Nam
967 4745 1337 4804 consentaneum
1356 4745 1426 4792 est
1444 4743 1739 4792 Demetrium
1756 4739 2036 4789 Andriscum
2051 4737 2189 4787 illum
2209 4735 2382 4795 (sicuti
2396 4737 2541 4786 etiam
2555 4734 2705 4785 fllium
2719 4747 2878 4785 ειιιιιιι.
2902 4733 3068 4796 Polyb.
3092 4736 3318 4793 xxxiii,
3346 4738 3418 4796 16,
3435 4736 3494 4795 4,

274 4817 493 4864 nomam
518 4812 711 4861 misisse
733 4815 987 4873 antequam
1013 4813 1204 4862 senatus
1222 4811 1493 4862 Alexandro
1519 4812 1645 4861 Baloe
1668 4823 1865 4873 regnum
1884 4811 2036 4870 Syriae
2054 4806 2311 4857 addixisset
2328 4808 2563 4869 (exeunte
2582 4818 2709 4854 anno
2738 4809 2839 4854 158.
2871 4806 2928 4852 V.
2961 4802 3126 4865 Polyb.
3150 4804 3381 4864 xxxiii,
3418 4804 3493 4852 14.

282 4891 339 4934 to
354 4885 393 4942 ).
418 4885 595 4933 msere
614 4881 931 4943 fragmentum
952 4885 1059 4945 post
1074 4880 1267 4931 Diodor.
1283 4880 1366 4931 lib.
1390 4884 1560 4943 XXXI,
1581 4895 1626 4931 c.
1652 4886 1729 4931 4ο.
1749 4907 1812 4916 -
1830 4877 2059 4930 Fabulam
2077 4889 2224 4940 quam
2243 4876 2304 4926 de
2321 4876 2561 4926 natalibus
2574 4875 2676 4925 suis
2689 4875 2948 4925 Andriscus
2969 4874 3189 4933 finxerat,
3207 4872 3373 4934 paucis
3392 4874 3495 4923 tan·

273 4957 399 5015 gunt
416 4950 647 5011 Velleius
669 4953 721 5007 1,
751 4957 797 4999 11
822 4969 835 5010 ;
858 4952 1025 5001 Florus
1041 4953 1104 5012 n,
1128 4953 1214 5013 14;
1236 4952 1433 5013 Eutrop.
1466 4955 1548 5012 lv,
1574 4955 1659 5013 135
1679 4950 1846 5000 Victor
1864 4951 1967 4999 Vir.
1992 4948 2163 4999 illustr.
2184 4953 2236 4998 61
2257 4963 2273 5009 ;
2300 4951 2533 4999 Ammian.
2561 4950 2690 5009 xlv,
2717 4954 2790 4998 11.
2815 4948 2889 4998 ct.
2905 4946 3070 5009 Polyb.
3097 4946 3350 5005 xxxvii,
3376 4948 3420 5005 1,
3439 4942 3494 4994 d.

276 5022 455 5072 mus
468 5021 541 5069 de
559 5032 617 5068 ea
637 5018 761 5067 Livii
777 5019 989 5080 Epitome
1002 5022 1090 5080 49,
1110 5020 1194 5081 qui
1208 5030 1358 5080 quum
1376 5032 1435 5068 ex
1452 5019 1618 5069 eodem
1638 5031 1750 5068 cum
1771 5019 1978 5068 Diodoro
2002 5021 2156 5083 sonte,
2176 5032 2203 5069 e
2227 5019 2424 5082 Polybio
2446 5022 2588 5081 puta,
2602 5019 2843 5079 hauserit,
2863 5018 3102 5080 simulque
3124 5015 3354 5066 nonnulla
3371 5027 3490 5077 sup·

276 5090 465 5154 pffitet
496 5102 621 5152 quae
643 5089 695 5136 in
724 5093 883 5137 nostra
906 5089 1177 5138 narratione
1197 5087 1259 5137 ab
1276 5090 1789 5150 excerptore-truncata
1807 5089 2153 5152 desiderantur,
2168 5090 2329 5139 locum
2347 5090 2580 5152 Epitomae
2592 5089 2812 5139 exscribo
2838 5107 2851 5137 ε
2879 5088 3161 5139 Andriscus
3180 5085 3400 5149 quidam
3417 5085 3500 5135 ul·

280 5164 429 5210 fflnoe
458 5162 627 5209 sortis
644 5159 789 5207 horno
802 5195 815 5218 ,
840 5161 1007 5209 Persei
1030 5160 1163 5221 reyis
1179 5170 1233 5208 se
1238 5159 1414 5221 filium
1425 5159 1635 5220 serens,
1654 5161 1704 5208 et
1720 5163 1918 5210 mutato
1942 5163 2145 5209 nomme
2167 5159 2437 5222 Philippus
2461 5162 2695 5215 vocatus,
2716 5171 2874 5223 quum
2895 5158 2961 5208 ab
2983 5156 3109 5208 urbe
3128 5159 3377 5211 Romana,
3396 5167 3500 5217 quo

276 5231 437 5281 ileum
470 5232 791 5290 Demetrius,
808 5233 969 5293 Syrioe
986 5243 1101 5285 rex,
1125 5229 1186 5279 ob
1210 5230 1301 5279 hoc
1318 5231 1481 5292 ipsum
1506 5230 1831 5282 mendacium
1847 5234 2081 5292 miserat,
2099 5230 2237 5280 clam
2254 5228 2586 5293 prosuqlsset,
2607 5231 2783 5279 multis
2803 5227 3090 5288 adsalsam
3103 5225 3214 5287 ejus
3224 5224 3496 5287 fabulam,
