4016 5916
1186 376 2305 518 MENECRATES
2392 374 3048 511 ELAITA.

574 979 936 1043 ¹Menecrates
959 983 1263 1056 discipulus
1287 982 1358 1058 (*)
1381 983 1485 1037 suit
1510 979 1847 1037 Xenocratis
1873 977 1956 1054 (tr.
1989 979 2071 1054 α),

517 1077 614 1148 qui
637 1073 949 1146 Speusippo
968 1072 1224 1126 successit
1242 1089 1333 1127 an.
1358 1068 1471 1143 339
1484 1110 1501 1137 ‚
1517 1080 1573 1124 et
1587 1070 1674 1123 cni
1698 1068 1799 1142 ipsi
1816 1070 2076 1122 successit

516 1163 748 1216 Polemo
804 1178 894 1213 an.
948 1156 1058 1212 315
1096 1157 1177 1230 (ν.
1206 1157 1448 1212 Clinton.
1496 1156 1567 1210 ad
1604 1156 1661 1212 h.
1710 1173 1761 1209 a.
1786 1153 1828 1227 ).
1878 1157 2074 1225 ltaque

517 1251 862 1303 Menecrates
886 1242 1147 1300 floruerit
1164 1245 1267 1298 sub
1299 1261 1478 1316 regno
1516 1241 1796 1296 Ptolemaei
1822 1239 2070 1313 Lagidae.

516 1335 747 1406 Scripsit
782 1329 992 1395 Κτίσεις
1021 1342 1186 1405 atque
1217 1329 1655 1403 geographicum
1683 1345 1857 1401 opus,
1886 1323 2073 1401 Περίο-

516 1420 599 1485 δος
621 1415 1078 1486 Ἐλλησποντιακή
1110 1418 1455 1488 inscriptum.

1131 1547 1454 1606 ΚΤΙΣΕΙΣ.

1273 1700 1321 1737 1.

599 1820 801 1876 Strabo
816 1821 985 1888 XIII,
1001 1838 1057 1892 p.
1075 1817 1148 1873 62
1161 1837 1182 1873 ι
1210 1839 1223 1872 :
1245 1814 1578 1895 Μενεκράτης
1595 1818 1622 1872 ὁ
1642 1812 1891 1885 Ἐλαίτης
1905 1816 1954 1871 ἐν
1970 1814 2076 1880 τοῖς

522 1905 657 1985 Περὶ
698 1905 915 1964 κτίσεων
965 1904 1091 1984 φησὶ
1136 1903 1231 1974 τὴν
1272 1903 1536 1982 παραλίαν
1573 1902 1669 1973 τὴν
1710 1907 1798 1960 ν’ὗν
1835 1900 2074 1971 Ἰωνικὴν

519 2003 717 2065 πᾶσαν,
750 1993 853 2051 ἀπὸ
874 1992 1145 2063 ’Μυκάλης
1184 1990 1493 2070 ἀρξαμένην,
1532 1988 1634 2047 ὑπὸ
1678 1991 1967 2065 Πελασγῶν
1996 1991 2075 2047 οἷ-

518 2081 720 2139 κεῖσθαι
742 2079 988 2157 πρότερον
1016 2078 1107 2136 καὶ
1134 2076 1225 2144 τὰς
1251 2076 1471 2146 πλησίον
1502 2076 1703 2147 νήσους.

600 2172 879 2244 Loquitur
902 2169 1104 2225 Strabo
1133 2168 1205 2224 de
1223 2170 1394 2242 Cyme
1421 2165 1760 2223 Phriconide
1784 2183 1906 2238 quae
1935 2185 2076 2220 con-

520 2257 636 2312 dita
654 2267 863 2313 estnon
892 2258 966 2311 ita
985 2257 1152 2331 longe
1180 2255 1250 2309 ab
1263 2255 1692 2329 Larissa,·quam
1720 2264 1839 2308 tum
1861 2253 2076 2328 Pelasgi

519 2343 702 2400 adhuc
726 2344 1008 2401 tenebant.

1274 2473 1327 2511 2.

596 2583 798 2641 Strabo
827 2585 955 2653 ΧΠ,
982 2604 1040 2657 p.
1064 2582 1177 2654 572
1201 2601 1216 2640 :
1243 2583 1294 2640 Τ
1294 2579 1381 2646 οὺς
1406 2579 1616 2646 Μυσοὺς
1642 2589 1687 2638 οἱ
1709 2578 1803 2653 μὲν
1833 2582 2075 2658 Θρᾷκας,

519 2669 567 2727 οἱ
607 2667 661 2727 δὲ
695 2666 892 2734 Λυδοὺς
931 2667 1188 2746 εἰρήκασι,
1207 2664 1322 2722 κατ’
1351 2665 1520 2722 αἰτίαν
1558 2662 1790 2723 παλαιὰν
1816 2664 2077 2740 ἱστοροῦν-

446 2821 453 2830 ,
519 2778 630 2824 τες,
672 2755 734 2825 ἣν
771 2753 969 2820 Ξάνθος
1013 2758 1041 2811 ὃ
1075 2754 1242 2817 Λυδὸς
1277 2752 1396 2832 (fr.
1439 2753 1513 2829 8)
1548 2750 1736 2829 γράφει
1783 2751 1872 2809 καὶ
1903 2754 2077 2810 Μενε-

521 2841 717 2920 κράτης
765 2844 793 2898 ὁ
847 2835 1097 2910 Ἐλαίτης
1122 2861 1136 2874 ·
1191 2840 1616 2916 ἐτυμολογοῦντες
1663 2837 1754 2896 καὶ
1805 2838 1865 2896 τὸ
1911 2837 2077 2916 ὄνομα

520 2926 580 2985 τὸ
606 2928 709 2984 τῶν
739 2928 955 2998 Μυσῶν,
1001 2923 1081 2984 ὅτι
1128 2925 1223 2995 τὴν
1260 2923 1414 2997 ὀξύην
1448 2924 1610 2993 οὕτως
1660 2923 1999 3001 ὀνομάζουσιν
2029 2926 2077 2984 οἱ

527 3013 712 3093 Λυδοί·
755 3012 924 3083 πολλὴ
966 3014 1012 3071 δ’
1039 3017 1074 3085 ἡ
1114 3010 1236 3083 ὃξύη
1274 3011 1411 3071 κατὰ
1445 3012 1534 3070 τὸν
1569 3010 1850 3088 Ὄλυμπον
1870 3056 1886 3084 ,
1937 3011 2070 3072 ὅπου

582 3158 649 3218 (¹¹)
683 3156 818 3206 Alius
848 3156 1127 3206 Xenocratis
1148 3156 1413 3207 Academici
1435 3157 1697 3220 discipulus
1717 3156 1807 3206 suit
1836 3161 2076 3219 Peccata,

519 3227 604 3288 qui
630 3226 766 3288 Περὶ
786 3226 1000 3288 ἑορτῶν
1019 3226 1223 3289 scripsit.
1240 3227 1482 3278 Plutarch.
1503 3228 1807 3288 Qu.00nviv.
1830 3230 1919 3289 lv,
1940 3234 1994 3286 2,
2010 3232 2075 3278 4:

519 3295 623 3346 Ἔτι
651 3296 701 3344 δὲ
717 3295 847 3358 οἶμαι
882 3297 1138 3359 Προκλέους
1164 3297 1511 3359 ἐντετυχηκέναι
1538 3302 1688 3360 γραφῇ
1702 3333 1717 3358 ,
1740 3300 1840 3361 περὶ
1870 3300 1969 3347 ’τῶν
1986 3298 2078 3348 'Io'-

520 3367 667 3433 θμίων
686 3369 972 3430 ἱστοροῦντος
985 3401 1000 3425 ,
1026 3367 1095 3416 ὅτι
1113 3368 1193 3416 τὸν
1214 3373 1393 3429 πρῶτον
1416 3367 1577 3428 ἀγῶνα
1590 3368 1754 3416 ἔθεσαν
1780 3370 1881 3430 περὶ
1907 3367 2078 3431 στεφά-

520 3452 602 3484 νου
623 3437 835 3484 πιτυΐνου
850 3450 865 3464 ·
889 3435 1077 3499 ὕστερον
1096 3436 1145 3485 δὲ
1164 3442 1247 3485 τοῦ
1269 3437 1447 3498 ἀγῶνος
1473 3440 1599 3499 ῑεροῦ
1617 3438 1864 3499 γενομένου
1877 3472 1893 3496 ,
1913 3439 1967 3486 ἐκ
1994 3444 2076 3496 τῆς

522 3506 763 3569 Νεμεακῆς
789 3507 1088 3569 πανηγύρεως
1126 3508 1409 3570 μετήνεγκαν
1442 3508 1636 3557 ἐνταῦθα
1666 3510 1746 3557 τὸν
1777 3513 1860 3556 τοῦ
1896 3508 2078 3557 σελίνου

521 3579 757 3638 στέφανον.
782 3576 841 3626 '0
871 3577 920 3624 δὲ
950 3578 1158 3640 Προκλῆς
1177 3577 1311 3634 οὗτος
1330 3577 1386 3637 ἣν
1410 3577 1475 3634 εῑς
1499 3583 1593 3627 τῶν
1619 3578 1667 3626 ἐν
1699 3578 1957 3640 Ἀκαδημίᾳ
1985 3580 2076 3627 Ξο-

520 3644 727 3708 νοκράτει
755 3646 1168 3708 συσχολασάντων.
1947 3680 1951 3684 -

584 3713 801 3763 Eundem
830 3713 998 3763 laudat
1032 3713 1301 3764 Alexander
1340 3712 1719 3777 Aplirodisiensis
1754 3715 1802 3762 in
1835 3714 2074 3764 Aristotel.

524 3785 717 3834 Elench.
766 3784 973 3846 Sophist.
1006 3799 1055 3848 p.
1084 3789 1113 3833 4
1137 3786 1194 3845 b,
1238 3784 1318 3833 uhi
1346 3800 1358 3832 z
1390 3785 1598 3847 Προκλῆς
1630 3786 1677 3833 ἑν
1698 3790 1755 3847 τῇ
1786 3790 1878 3833 τῶν
1909 3786 2078 3845 ἑορτῶν

521 3855 834 3917 ἀναριθμήσει.
877 3857 1214 3916 Fragmentum
1256 3855 1525 3905 exscribere
1564 3869 1661 3904 non
1700 3869 1890 3918 possum
1907 3893 1923 3917 ‚
1963 3858 2079 3919 quia

520 3923 642 3972 libro
664 3936 722 3972 eo
739 3936 870 3971 nunc
894 3936 1048 3973 careo.
1093 3925 1263 3973 sanior
1299 3924 1493 3986 quidam
1531 3925 1719 3973 Procloe
1740 3928 1813 3973 est
1830 3925 2077 3987 Cartbagi-

519 3992 717 4047 niensis,
748 3991 888 4053 cujus
912 3991 1128 4041 meminit
1150 3992 1404 4041 Pausanias
1421 3994 1490 4053 Π,
1513 3998 1590 4053 21,
1613 3999 1671 4052 6;
1701 3995 1785 4052 lv,
1805 3999 1884 4049 25,
1910 3999 1953 4041 3.

942 4142 1246 4202 URBuJM
1296 4143 1671 4203 ORIGINES.

581 4323 873 4372 Menecrates
906 4322 1060 4371 Elaita
1090 4322 1297 4374 inlibris
1335 4322 1396 4373 de
1432 4323 1632 4372 Urbium
1668 4323 1930 4385 originibus
1963 4322 2082 4372 dicit

520 4398 753 4447 litoralem
782 4399 995 4447 ionicam
1018 4411 1210 4448 omnem
1235 4399 1345 4449 inde
1372 4412 1403 4448 a
1425 4400 1635 4462 Mycale,
1666 4413 1755 4449 nec
1774 4413 1871 4449 non
1896 4399 2080 4449 vicinas

519 4474 695 4523 insulas
715 4487 746 4523 a
765 4474 967 4537 Pelasgis
982 4474 1099 4524 olim
1117 4475 1403 4525 inhabitatas
1426 4488 1546 4526 esse.

581 4638 742 4698 Mysos
756 4635 837 4684 alii
861 4636 1095 4697 Thraces,
1121 4635 1201 4685 alii
1224 4635 1383 4697 Lydos
1404 4636 1605 4686 faciunt.
1626 4638 1783 4699 Atque
1803 4638 1851 4686 bi
1878 4636 2076 4698 quidem

518 4725 710 4761 calisam
746 4725 809 4761 ex
824 4711 1111 4775 antiquitate
1142 4715 1394 4775 repetunt,
1436 4726 1585 4775 quam
1619 4712 1770 4762 literis
1786 4713 2078 4763 mandarunt

518 4787 735 4836 Xanthus
765 4786 928 4849 Lydus
957 4792 1008 4839 et
1035 4791 1327 4839 Menecrates
1364 4789 1517 4838 Elaita
1557 4809 1570 4838 ι
1618 4789 1703 4852 qui
1747 4793 1797 4839 et
1842 4790 2075 4840 rationem

519 4865 724 4917 nominis
758 4867 1002 4926 Mysorum
1023 4866 1256 4928 reddunt,
1271 4866 1403 4930 quod
1417 4867 1662 4928 Lydorum
1683 4868 1844 4930 lingua
1864 4867 2079 4917 fraxinus

517 4941 663 4989 arbor
682 4953 856 5002 mysm
888 4943 1110 5003 vocatur,
1129 4957 1240 5005 quae
1259 4943 1400 5005 juxta
1423 4945 1681 5006 Olympum
1701 4945 1892 5007 copiom
1910 4944 2076 4994 nasci-

518 5020 617 5078 tur,
642 5019 724 5066 ubi
751 5020 993 5079 expositos
1021 5021 1159 5070 aiunt
1177 5020 1322 5071 ruisse
1347 5021 1610 5072 decimatos
1625 5060 1640 5083 ,
1661 5036 1867 5084 quorum
1905 5037 2072 5085 proge-

520 5098 622 5146 nies
637 5098 733 5146 sint
758 5098 906 5159 Mysi,
925 5100 994 5147 sic
1028 5100 1089 5148 ab
1118 5114 1261 5163 myso
1294 5102 1465 5151 arbore
1486 5102 1620 5151 dicti.
1648 5102 1903 5164 astipulari
1930 5103 2074 5152 etiam

520 5174 730 5236 linguam
746 5173 880 5222 aiunt
904 5176 1104 5225 mixtam
1130 5190 1156 5225 e
1185 5178 1384 5240 Phrygia
1407 5182 1456 5229 et
1478 5179 1642 5242 Lydia.
1664 5179 1897 5229 Nimirum
1921 5182 2076 5240 Mysos

2170 979 2440 1048 ἐκτεθῆναί
2539 1001 2626 1036 ασι
2691 979 2810 1046 τοὺς
2873 978 3265 1046 δεκατευθέντας
3298 1003 3312 1018 ·
3367 981 3582 1040 ἐκείνων
3688 984 3754 1043 δὲ

2164 1065 2445 1141 ἀπογόνους
2472 1001 2603 1125 εἶναι
2633 1065 2751 1133 τοὺς
2787 1066 2997 1147 ὕστερον
3033 1065 3274 1139 Μυσοὺς,
3316 1068 3420 1127 ἀπὸ
3444 1074 3538 1142 τῆς
3565 1070 3756 1145 ὂξύης

2164 1149 2298 1208 οὕτω
2340 1153 2863 1231 προσαγορευθέντας·
2913 1177 3084 1235 μαρτυ
3118 1155 3190 1212 εἶν
3231 1155 3285 1212 δὲ
3325 1155 3416 1214 καὶ
3464 1155 3562 1228 τὴν
3609 1160 3755 1217 διοί-

2164 1239 2374 1295 λεκτον·
2418 1238 2706 1315 μιξολύδιον
2747 1239 2847 1319 γάρ
2892 1263 3001 1307 πως
3045 1264 3070 1299 ε
3094 1263 3176 1298 ναι
3216 1241 3307 1299 καὶ
3350 1240 3751 1324 μιξοφρύγιον·

2164 1324 2287 1390 τέως
2316 1323 2409 1402 μὲν
2446 1327 2548 1406 γὰρ
2576 1328 2732 1384 οἰκεῖν
2760 1325 2944 1393 αὖτοὺς
2970 1326 3089 1407 περὶ
3127 1328 3214 1386 τὸν
3245 1325 3549 1406 Ὄλυμπον.
3591 1335 3748 1392 Τῶν

2165 1410 2220 1469 δὲ
2253 1413 2485 1491 Φρυγῶν
2515 1416 2573 1471 ἐκ
2598 1418 2692 1485 τῆς
2719 1412 2933 1495 Θρᾴκης
2967 1414 3375 1494 περαιωθέντων,
3404 1415 3607 1476 εἵλοντο
3639 1421 3748 1477 τόν

2163 1522 2217 1557 τε
2243 1501 2334 1570 τῆς
2361 1499 2552 1580 Τροίας
2585 1500 2814 1581 ἄρχοντα
2840 1501 2930 1559 καὶ
2951 1506 3045 1572 τῆς
3079 1502 3299 1573 πλησίον
3316 1507 3428 1580 γῆς.
3451 1503 3746 1571 Ἐκείνους

2166 1583 2260 1661 μὲν
2300 1588 2519 1646 ἐνταῦθα
2560 1590 2795 1660 οἰκῆσαι·
2824 1589 2938 1655 τοὺς
2982 1590 3037 1647 δὲ
3073 1587 3284 1657 Μυσοὺς
3317 1590 3448 1671 ὑπὲρ
3490 1593 3584 1660 τὰς
3627 1601 3742 1653 τοῦ

2170 1674 2213 1731 K
2221 1667 2368 1730 αίκου
2390 1673 2561 1752 πηγὰς
2583 1674 2800 1746 πλησίον
2825 1676 3024 1736 Λυδῶν.

2400 1811 2781 1870 ΠΕΡΙΟΔΟΣ
2823 1811 3490 1875 ΕΔΛΗΣΠΟΝΤΙΑΚΗ.

2881 1951 2935 2007 3.

2244 2097 2446 2152 Strabo
2470 2098 2612 2168 XII,
2628 2117 2685 2173 p.
2705 2098 2837 2161 550.
2852 2102 3132 2173 Quaeritur
3147 2103 3246 2157 ubi
3269 2103 3573 2162 habitarint
3601 2109 3729 2163 fla·

2167 2183 2400 2253 lizones,
2431 2203 2573 2260 quos
2596 2200 2872 2242 memorat
2888 2190 3124 2244 Homer.
3147 2190 3217 2245 ll.
3249 2192 3335 2262 11,
3369 2190 3482 2248 856
3516 2213 3530 2247 :

2287 2305 2440 2367 Αὐτὰρ
2454 2305 2701 2360 Ἁλιζώνων
2719 2305 2879 2362 Ὀδίος
2904 2310 2984 2356 καὶ
3004 2308 3307 2373 Ἐπίστροφος
3324 2310 3470 2374 ἦρχον
3483 2348 3498 2372 ,

2287 2375 2473 2432 τηλόθεν
2500 2376 2547 2432 ἐξ
2561 2374 2745 2435 Ἀλὺὃης
2756 2411 2771 2436 ,
2791 2378 2893 2426 ὅθεν
2910 2378 3109 2441 ἀργύρου
3127 2381 3226 2429 ἐστὶ
3250 2383 3455 2442 γενεθλή.

2248 2478 2483 2539 Ἐπαινεῖ
2534 2479 2588 2538 δὲ
2617 2480 2847 2558 μάλιστα
2891 2485 3000 2558 (sc
3051 2482 3347 2563 Δημήτριος
3385 2489 3414 2542 ὁ
3454 2487 3725 2566 Σκήψιος)

2166 2564 2261 2638 τὴν
2279 2566 2566 2627 Ἑκαταίου
2589 2573 2680 2627 τοῦ
2696 2569 2955 2641 Μιλησίου
2979 2573 3068 2647 (fr.
3091 2574 3234 2647 ποτε)
3252 2570 3342 2630 καὶ
3359 2576 3729 2652 Μενεκράτους

2167 2658 2256 2712 τοῦ
2293 2651 2569 2727 Ἐλαΐτου,
2593 2658 2694 2714 τῶν
2718 2657 3073 2736 Ξενοκράτους
3094 2658 3364 2736 γνωρίμων
3397 2657 3580 2741 ἀνδρὸς
3617 2661 3726 2739 (sic

2172 2742 2203 2797 3
2225 2742 2397 2801 codd.
2416 2764 2432 2812 ;
2453 2747 2623 2820 vulgo
2644 2744 2883 2824 ἀνδρῶν),
2908 2743 3057 2813 δόξαν
3073 2744 3162 2804 καὶ
3181 2745 3276 2818 τὴν
3301 2747 3722 2828 Παλαιφάτου...

2169 2827 2232 2890 Ὁ
2262 2828 2315 2887 δὲ
2337 2832 2667 2910 Μενεκράτης
2688 2833 2738 2890 ἑν
2756 2836 2821 2910 τῇ
2844 2833 3297 2914 Ἑλλησποντιακῇ
3320 2835 3548 2916 περιόδῳ
3572 2841 3728 2918 ὅπερ·

2168 2922 2369 2977 κεῖσθαι
2395 2916 2535 2994 λέγει
2561 2921 2665 2977 τῶν
2707 2919 2837 2999 ὑπὲρ
2873 2919 2969 2991 τὴν
3011 2919 3280 3001 Μύρλειαν
3308 2922 3485 2982 τόπων
3519 2924 3724 3002 ὀρεινὴν

2170 3008 2396 3083 συνεχῆ,
2421 3005 2487 3077 ἢν
2514 3004 2741 3088 κατῴκει
2774 3008 2834 3067 τὸ
2873 3012 2978 3068 τῶν
3013 3007 3299 3078 Ἁλιζώνων
3336 3010 3502 3078 ἔθνος·
3529 3014 3611 3072 δεῖ
3628 3012 3685 3072 δὲ
3701 3058 3721 3090 ,

2169 3090 2321 3170 φησὶ,
2339 3091 2547 3172 γράφειν
2572 3098 2623 3153 ἐν
2641 3098 2746 3161 τοῖς
2769 3097 2857 3171 λλ,
2884 3096 2972 3154 τὸν
2994 3096 3047 3155 δὲ
3079 3095 3298 3168 ποιητὴν
3319 3100 3372 3157 ἐν
3396 3103 3472 3178 τῷ
3494 3099 3571 3159 ἑνὶ
3592 3101 3726 3181 γρά-

2169 3199 2280 3255 φειν
2309 3177 2395 3235 διὰ
2413 3179 2473 3236 τὸ
2502 3178 2706 3259 μέτρον.
2739 3179 2806 3241 Ὁ
2825 3180 2879 3240 δὲ
2909 3181 3246 3262 Παλαίφατός
3269 3207 3446 3262 φησιν,
3479 3185 3535 3254 ἐξ
3558 3186 3723 3262 Ἄμα-

2168 3264 2325 3331 ζόνων
2346 3268 2447 3325 τῶν
2466 3269 2521 3323 ἐν
2540 3271 2606 3345 τῇ
2628 3266 2821 3348 Ἀλόπῃ
2844 3268 3138 3342 οἰκούντων,
3156 3278 3245 3330 ν’ῦν
3269 3271 3314 3327 δ’
3334 3272 3387 3329 ἐν
3407 3273 3620 3353 Ζελείᾳ,
3633 3274 3724 3331 τὸν

2169 3347 2344 3410 Ὀδίον
2371 3351 2462 3409 καὶ
2489 3352 2576 3411 τὸν
2603 3352 2951 3436 Ἐπίστροφον
2974 3364 3304 3436 στρατεῦσαι.
3333 3359 3481 3416 Vide
3507 3381 3634 3435 quae
3665 3365 3726 3417 in

2169 3456 2325 3511 seqq.
2355 3452 2549 3495 contra
2571 3441 2814 3515 disputat
2831 3445 3051 3503 Strabo,
3074 3446 3333 3502 Ceterum
3356 3448 3428 3504 cs.
3442 3448 3726 3504 Callisthe-

2169 3525 2252 3579 nis
2270 3526 2337 3582 fr.
2364 3544 2458 3601 29.

2253 3716 2549 3794 Subjungo
2588 3720 2896 3795 fragmenta
2934 3724 3267 3778 Menecratis
3309 3725 3580 3793 Xanthii‚
3625 3729 3724 3799 qni

2169 3807 2362 3860 Ionica
2390 3806 2628 3862 dialecto
2657 3808 2758 3880 (fr.
2794 3820 2822 3865 4
2849 3811 2865 3883 )
2905 3807 3144 3865 Λυκιακὰ
3167 3808 3274 3885 (fr.
3301 3830 3350 3865 1.
3377 3811 3446 3886 α)
3477 3813 3726 3885 scripsit,

2169 3894 2386 3965 aliaque
2415 3894 2669 3966 quaedam
2699 3898 3069 3971 composuisse
3103 3898 3343 3967 videtur,
3388 3918 3514 3972 quae
3543 3919 3726 3956 accu-

2168 3981 2340 4034 ratius
2361 3979 2594 4036 definire
2624 4001 2736 4035 non
2767 3985 2913 4039 licet.

2166 4143 2460 4206 aliquamdiu
2475 4145 2601 4194 circa
2614 4146 2872 4209 Olympum
2891 4149 3173 4199 habitavisse
3191 4169 3203 4198 ε
3220 4163 3370 4212 quum
3385 4152 3551 4200 autem
3574 4152 3725 4211 Phry·

2166 4234 2245 4281 ges
2266 4236 2294 4269 e
2306 4222 2507 4271 Thracia
2530 4223 2839 4287 trajecissent,
2858 4228 3086 4287 ceperunt
3101 4226 3257 4286 Trojae
3276 4228 3326 4276 et
3343 4227 3532 4276 vicinia*
3544 4228 3724 4289 princi·

2166 4311 2292 4359 pem.
2315 4302 2405 4347 Eos
2421 4299 2614 4360 quidem
2639 4299 2718 4348 liic
2735 4300 3030 4363 consedisse3
3054 4305 3209 4364 Mysos
3223 4305 3384 4353 autem
3401 4316 3548 4364 supra
3569 4304 3727 4352 fontes

2165 4373 2292 4423 Caici
2313 4388 2459 4437 prope
2485 4375 2701 4438 Lydiam.

2463 4521 2979 4583 BELLESPONTI
3020 4523 3428 4585 cmcm‘rlo.

2910 4669 2966 4719 3.

2224 4791 2432 4841 Maxime
2463 4791 2625 4840 laudat
2659 4791 2932 4840 Demetrius
2965 4791 3186 4854 Scepsius
3227 4788 3436 4838 necataei
3472 4788 3643 4837 Milesii
3670 4793 3725 4838 et

2162 4868 2443 4918 Menecratis
2466 4868 2662 4927 Elaitoe,
2692 4868 2776 4930 qui
2804 4869 3086 4918 xenocratis
3101 4866 3361 4928 discipulus
3390 4865 3506 4924 suit,
3525 4864 3720 4926 opinio·

2162 4959 2271 4993 nem
2294 4957 2352 4993 ac
2376 4945 2690 5006 l‘ala‘pliati...
2711 4946 3005 4994 Menecrates
3021 4957 3135 4994 vero
3163 4943 3210 4991 in
3231 4940 3518 5003 ueuoeponti
3539 4942 3722 4990 circui-

2162 5023 2291 5072 tione
2308 5022 2556 5071 imminere
2570 5023 2637 5071 ait
2653 5023 2767 5072 locis
2781 5027 2827 5073 Μ
2829 5024 3009 5083 yrleam
3023 5019 3473 5081 circumjacentibus
3486 5022 3722 5069 montana

2161 5099 2470 5159 continentia,
2490 5112 2600 5161 quae
2611 5100 2868 5149 Halizones
2879 5097 3212 5157 habitaverint,
3226 5096 3275 5145 et
3288 5094 3526 5144 duobust.
3545 5096 3721 5146 litteris

2161 5175 2459 5226 scribendam
2485 5189 2681 5236 voccm;
2709 5180 2898 5238 poetam
2917 5175 3132 5224 omisisse
3155 5173 3355 5221 aiteram
3387 5172 3528 5221 metri
3548 5186 3712 5223 caiisa.
