4016 5916
1688 312 2183 373 FRAGMENTA.

3414 339 3524 390 257

342 436 498 515 μένη.
543 438 819 494 τελωνοῧσ,
865 434 966 515 γὰρ
1007 435 1095 493 χαὶ
1136 433 1202 493 τὰ
1241 434 1495 512 μέλλοντα
1542 437 1668 515 πρὸς
1707 439 1890 505 αὐτοὺς
1988 453 2099 488 nani
2127 418 2373 505 vecligalia
2395 445 2588 508 exigunt
2606 446 2748 496 etiam
2770 448 3033 511 obeaquar
3052 451 3112 499 ad
3138 451 3261 514 ipsos
3278 453 3532 507 deserenda

340 524 660 602 εἰσάγεσθαι.
695 525 765 583 Οἱ
792 521 976 580 πολλοὶ
1005 523 1175 580 αὐτῶν
1212 532 1424 602 τραχεῖς
1451 527 1504 582 ἐν
1531 532 1642 590 ταῖς
1665 525 1889 600 ὁμιλίαις
1970 533 2110 576 sunt.
2139 532 2319 579 Eorum
2353 531 2547 594 plurimi
2580 535 2731 597 asperi
2770 535 2816 584 in
2854 538 3205 600 congressibus,
3244 543 3533 596 cordatiores

337 611 455 677 τοὺς
477 607 713 675 συνετοὺς
734 606 1116 685 ἐπανελόμενοι.
1144 609 1466 688 Ἀρνούμενοι
1490 609 1607 677 τοὺς
1639 612 1890 680 Βοιωτοὺς

342 697 599 770 Ἀθηναῖοι
624 695 725 755 εἶσὶ
745 694 984 755 Βοιωτοί.
1015 696 1085 756 Οῐ
1112 695 1283 774 στίχοι
1316 696 1575 762 Ξένωνος·

461 814 638 872 Πάντες
660 815 883 875 τελῶναι,
905 812 1071 870 πάντες
1089 815 1206 861 εἰσὶν
1226 814 1445 877 ἅρπαγες.

466 885 624 934 Κακὸν
645 885 773 940 τέλος
798 884 976 945 γένοιτο
998 888 1094 940 τοῖς
1123 883 1391 946 Ὠρωπίοις.

366 997 373 1002 ·
417 1000 460 1038 a.
489 978 753 1038 Ἐντεῦθεν
779 977 848 1042 εἰς
872 975 1154 1054 Τάναγραν
1179 976 1364 1035 στάδια
1388 977 1463 1035 λ’·
1490 976 1602 1044 ὁδὸς
1624 977 1688 1036 δι’
1716 980 1886 1036 ἐλαιο·

340 1063 500 1146 φύτου
523 1063 611 1121 καὶ
634 1062 933 1143 συνδένδρου
957 1060 1164 1143 χώρας,
1192 1063 1382 1129 παντὸς
1412 1063 1773 1143 καθαρεύουσα
1797 1071 1886 1124 τοῦ

343 1152 446 1209 ἀπὸ
470 1150 696 1208 κλώπων
727 1147 907 1230 adcon.
940 1148 1004 1208 ‘fl
1038 1150 1091 1208 δὲ
1123 1149 1269 1217 πόλις
1296 1156 1515 1231 τραχεῖα
1549 1150 1643 1226 μὲν
1674 1150 1763 1209 καὶ
1799 1174 1889 1228 με·

340 1239 553 1317 τέωρος,
595 1235 756 1310 λευκὴ
784 1235 837 1295 δὲ
878 1240 942 1317 τῇ
989 1237 1258 1318 ίπιφανείᾳ
1288 1238 1378 1297 καὶ
1411 1237 1757 1318 ἀργιλλώδης·
1786 1246 1890 1304 τοῖς

342 1325 395 1383 δὲ
420 1329 520 1383 τῶν
544 1326 715 1383 οἰκιῶν
737 1323 1005 1403 προθύροις
1021 1323 1112 1381 καὶ
1141 1324 1462 1403 ἑγκαύμασιν
1487 1329 1888 1401 ἀναθηματικοῗς

341 1413 597 1471 κάλλιστα
644 1410 1122 1487 κατεσκευασμένη.
1176 1414 1408 1492 Καρποῖς
1453 1410 1507 1471 δὲ
1548 1412 1651 1479 τοῖς
1694 1414 1753 1470 ἐκ
1797 1417 1887 1485 τ’ἠς

341 1497 519 1579 χώρας
547 1500 757 1564 σιτικοῖς
779 1498 836 1556 οὗ
864 1497 981 1556 λίαν
1017 1496 1229 1576 ἄφθονος
1240 1543 1255 1570 ,
1284 1498 1403 1582 οἴνῳ
1435 1498 1489 1557 δὲ
1529 1501 1602 1579 τῷ
1633 1503 1887 1581 γινομένῳ

341 1585 477 1644 κατὰ
515 1583 610 1656 τὴν
637 1583 890 1644 Βοιωτίαν
914 1583 1270 1665 πρωτεύουσα.
1319 1587 1380 1666 (a)
1408 1588 1476 1646 Oi
1504 1587 1548 1644 δ’
1578 1588 1889 1653 ἐνοικοῦντες

343 1681 455 1739 ταῖς
484 1670 577 1749 μὲν
601 1670 795 1738 οὐσίαις
821 1671 1054 1752 λαμπροὶ
1081 1719 1095 1746 ,
1120 1681 1224 1739 τοῖς
1259 1671 1312 1731 δὲ
1357 1673 1484 1752 βίοις
1523 1672 1677 1732 λιτοί·
1702 1673 1890 1740 πάντες

341 1759 585 1838 γεωργοὶ,
629 1761 721 1817 ὁύκ
767 1759 1010 1840 ἐργάται·
1059 1759 1385 1833 δικαιοσύνην
1402 1805 1418 1836 ,
1471 1759 1671 1833 πίστιν,
1724 1758 1889 1829 ξενίαν

344 1848 525 1925 ἀγαθοὶ
560 1846 893 1927 διαφυλάξαι·
931 1848 1036 1912 τοῖς
1083 1845 1338 1923 δεομένοις
1378 1850 1478 1904 τῶν
1530 1847 1757 1905 πολιτῶν
1801 1847 1890 1905 καὶ

339 1934 446 1999 τοῖς
474 1932 937 2011 στειχοπλανήταις
956 1935 1058 1990 τῶν
1088 1933 1496 2010 ἀποδημητικῶν
1526 1936 1616 2012 ἀφ’
1646 1924 1719 1990 ὧν
1744 1931 1879 2013 ἔχου·

343 2040 423 2079 σιν
454 2017 816 2099 ἀπαρχόμενοί
836 2042 893 2077 τε
913 2018 1003 2077 καὶ
1026 2017 1302 2100 ἐλευθέρως
1327 2019 1712 2095 μεταδιδόντες,
1742 2021 1891 2079 ἄλλό·

341 2130 473 2186 τριοι
523 2107 697 2177 πάσης
741 2105 919 2164 ἀδίκου
965 2105 1272 2174 πλεονεξίας.
1319 2108 1425 2166 Καὶ
1472 2109 1792 2188 ἐνδιατρῖψαι
1839 2107 1893 2166 δὲ

344 2194 503 2264 ξένοις
529 2194 895 2275 ἀσφαλεστάτη
926 2198 958 2265 ἡ
994 2194 1141 2261 πόλις
1171 2199 1271 2252 τῶν
1301 2196 1436 2255 κατὰ
1471 2195 1565 2269 τὴν
1605 2195 1860 2257 Βοιωτίαν
1880 2221 1892 2234 ·

344 2282 528 2340 ὕπεστι
574 2282 673 2359 γὰρ
712 2279 1020 2348 αὐθέκαστός
1066 2304 1121 2339 τε
1159 2281 1247 2339 καὶ
1275 2283 1640 2363 παραύστηρος
1671 2307 1893 2359 μισοπο-

345 2369 498 2450 νηρία
544 2369 628 2427 διὰ
666 2368 761 2439 τὴν
800 2372 898 2426 τῶν
946 2370 1323 2428 κατοικούντων
1369 2371 1681 2452 αὐτάρκειάν
1720 2393 1774 2429 τε
1803 2374 1893 2429 καὶ

345 2457 633 2537 φιλεργίαν.
660 2458 747 2533 (ιο)
770 2458 823 2515 Π
828 2455 1136 2535 ροσποίθειαν
1159 2456 1260 2538 γὰρ
1281 2457 1406 2538 πρός
1425 2483 1473 2517 τι
1489 2457 1631 2537 γένος
1647 2457 1898 2536 ἀκρασίας

343 2543 537 2615 ἥκιστα
566 2545 617 2601 ἐν
644 2542 809 2622 ταύτῃ
838 2547 902 2621 τῇ
932 2542 1082 2602 πόλει
1101 2543 1420 2618 κατενόησα,
1447 2547 1512 2604 δι’
1541 2546 1605 2618 ἣν
1633 2550 1701 2613 ὡς
1730 2545 1815 2604 ἐπὶ
1839 2545 1896 2604 τὸ

344 2629 478 2689 πολὺ
507 2629 573 2688 τὰ
604 2630 822 2709 μέγιστα
852 2629 1046 2707 γίνεται
1074 2633 1125 2689 ἔν
1147 2638 1249 2697 τοῖς
1277 2630 1558 2711 ἀνθρώποις
1577 2631 1894 2708 ἀδικήματα.

339 2708 424 2778 OE
446 2716 544 2798 γὰρ
577 2715 683 2796 βίος
711 2714 848 2776 ἐστὶν
882 2715 1084 2789 ἱκανὸς,
1128 2719 1453 2797 προσπάθεια
1488 2719 1612 2801 πρὸς
1639 2721 1817 2800 κέρδος
1839 2720 1897 2777 οὗ

342 2804 551 2884 φύεται·
578 2803 809 2883 χαλεπὸν
837 2802 936 2882 ἄρα
966 2802 1161 2871 τούτοις
1189 2803 1473 2883 ίγγίνεσθαι
1498 2803 1766 2884 πονηρίαν.

432 2911 499 2951 11.
547 2891 818 2951 Ἐντεῦθεν
844 2892 915 2957 εἷς
937 2890 1209 2957 Πλαταιὰς
1238 2892 1420 2950 στάδια
1452 2891 1517 2949 σ’.
1548 2891 1700 2961 Ὁδὸς
1722 2896 1895 2972 ἡσυχῇ

349 2979 443 3058 μὲν
473 2978 661 3062 ἔρημος
692 2979 780 3037 καὶ
804 2978 1054 3053 λιθώδης,
1083 2979 1416 3038 ἀνατείνουσα
1445 2978 1497 3038 δὲ
1529 2980 1653 3059 πρὸς
1681 2980 1767 3038 τὸν
1799 2984 1894 3040 Κι-

344 3070 601 3148 θαιρῶνα,
645 3069 702 3127 οὗ
730 3066 843 3125 λίαν
870 3067 923 3126 δὲ
952 3067 1255 3150 ἐπισφαλής.
1287 3066 1355 3128 Ἥ
1386 3067 1438 3126 δὲ
1474 3067 1618 3135 πόλις
1646 3068 1780 3126 κατὰ
1808 3068 1895 3127 τὸν

342 3157 628 3237 κωμῳδιῶν
652 3153 883 3228 ποιητὴν
913 3153 1270 3216 Ποσείδιππον

468 3287 569 3336 ναοὶ
591 3286 658 3335 δύ’
681 3288 770 3336 εἰσὶ
788 3287 868 3336 καὶ
890 3287 1009 3337 στοὰ
1035 3287 1116 3336 καὶ
1141 3287 1346 3350 τοῦνομα
1359 3322 1373 3347 ,

468 3357 547 3405 καὶ
566 3358 619 3405 τὸ
639 3358 875 3419 βαλανεῖον
893 3359 970 3406 καὶ
988 3358 1043 3406 τὸ
1066 3357 1273 3419 tapetem
1296 3358 1427 3412 κλέος
1447 3391 1461 3415 ,

473 3427 528 3476 τὸ
546 3429 664 3475 πολὺ
688 3428 768 3489 μὲν
787 3428 904 3485 ἀκτὴ
918 3460 933 3481 ,
964 3433 1060 3483 τοῖς
1086 3428 1125 3475 δ’
1146 3427 1441 3488 Ἐλευθερίοις
1460 3424 1602 3481 πόλις.

344 3579 464 3639 puto
494 3577 641 3626 latere
664 3577 711 3625 in
748 3577 939 3638 vulgata
963 3576 1176 3638 ejusdem
1206 3576 1387 3638 generis
1409 3575 1649 3637 epitheton
1684 3587 1858 3622 ornans
1876 3610 1889 3633 ‚

346 3647 485 3707 cujus
516 3649 626 3696 sunt
648 3646 922 3709 sequentia,
947 3646 1213 3710 μεταὸὁλων
1245 3646 1464 3708 ἐργασία,
1495 3647 1703 3693 τελωνῶν
1736 3645 1891 3692 πλεον·

346 3716 460 3771 εξία.
487 3718 650 3778 ltaque
668 3715 936 3778 scripserim
963 3714 1089 3764 οἰκία
1109 3716 1255 3772 θητῶν
1275 3714 1503 3776 (domm,
1519 3713 1740 3774 familia
1764 3725 1894 3760 mer-

346 3788 692 3845 cenariorum,
726 3785 999 3848 βαναύσων,
1031 3784 1269 3848 πονηρῶν)
1297 3784 1372 3833 vel
1405 3782 1537 3832 αἰκία
1569 3784 1718 3841 θητῶν
1753 3782 1894 3844 (con-

352 3854 810 3914 tumelia‚soedum
827 3855 1010 3917 vulqus
1033 3853 1516 3915 mercentur-ionum),
1542 3853 1610 3902 ita
1631 3855 1685 3901 ut
1699 3852 1760 3900 ab
1784 3851 1891 3899 inti·

348 3924 439 3973 mis
477 3925 736 3988 procedens
781 3927 953 3974 auctor
996 3924 1091 3974 tria
1128 3922 1354 3986 nequitiae
1390 3935 1561 3985 genera
1596 3923 1826 3972 memoret
1874 3939 1886 3969 ι

352 3995 487 4053 θῆτας
507 4030 521 4055 ,
543 3995 821 4057 μεταὸὀλους
833 4030 849 4058 ,
873 3996 1090 4051 τελώνας.
1110 4022 1173 4036 --
1190 3991 1483 4057 μεταὸὀλων]
1503 3993 1577 4041 vel
1603 3991 1890 4055 μεταῆολέων

348 4065 640 4125 Stephanus;
665 4064 933 4127 μεταόολῶν
950 4063 1122 4113 codex.
1144 4091 1206 4105 —·
1228 4068 1285 4126 τῇ
1303 4060 1440 4124 πον.]
1461 4061 1692 4110 articulus
1709 4060 1889 4121 ejicien-

350 4130 465 4192 dus,
488 4132 577 4181 nisi
604 4132 800 4181 sortasse
822 4131 914 4182 suit
935 4132 1082 4196 ταύτῃ
1101 4137 1159 4195 τῇ
1178 4148 1279 4181 πον.
1304 4160 1362 4172 -
1382 4128 1782 4193 συντεθραμμένη]
1821 4142 1889 4177 sc.

351 4203 383 4258 ἡ
405 4202 550 4258 πόλις.
585 4223 643 4234 -
664 4203 913 4252 τελωνοῦσι
935 4203 1023 4266 γὰρ
1046 4200 1178 4266 κτλ]
1203 4221 1227 4244 κ
1258 4202 1341 4251 His
1368 4200 1524 4249 verbis
1549 4200 1798 4249 Boeckhius
1824 4202 1892 4247 De

350 4271 616 4322 oeconomia
635 4272 991 4323 Atheniensium
1010 4286 1057 4334 p.
1082 4275 1172 4321 342
1195 4270 1323 4321 haud
1340 4271 1639 4331 compertum
1658 4282 1709 4318 se
1722 4266 1894 4317 babel-e

351 4343 586 4406 protessus
602 4343 702 4404 est,
730 4344 896 4391 utrum
919 4342 1121 4404 vectigal
1152 4341 1199 4390 in
1233 4340 1440 4390 confinio
1478 4339 1623 4389 modo
1654 4352 1683 4388 a
1719 4337 1895 4389 Boeotis

351 4412 494 4461 modo
519 4410 582 4460 ab
601 4410 969 4462 Atheniensibus
995 4412 1241 4475 sumptum
1263 4423 1352 4474 an,
1380 4422 1529 4473 quum
1558 4413 1749 4471 Oropus
1769 4408 1889 4456 mari

351 4493 542 4545 quoque
577 4479 862 4542 adiacuisset
885 4483 933 4532 et
961 4495 1036 4532 res
1069 4495 1129 4532 ex
1154 4481 1336 4531 Euboea
1357 4481 1471 4530 olim
1493 4492 1579 4542 per
1605 4478 1823 4541 Oropum
1846 4480 1893 4526 in

352 4553 557 4603 Atticam
574 4550 778 4600 invectat
792 4551 990 4601 ruissent
1002 4588 1017 4611 ,
1033 4551 1338 4614 portitor-ium
1354 4549 1669 4613 significatum
1691 4548 1842 4596 suerit.
1868 4568 1891 4589 ι»

354 4621 518 4671 Fuhr.
542 4632 590 4682 p.
612 4624 717 4669 238.
739 4622 965 4670 Ceterum
983 4621 1102 4670 vitio
1118 4622 1196 4671 vel
1215 4621 1387 4670 lacuna
1400 4620 1534 4669 locus
1550 4617 1753 4673 laborat.
1776 4620 1893 4666 Nam

350 4688 584 4741 sententia
616 4687 856 4751 flagitatur
877 4689 1108 4750 eiusmodi
1124 4726 1139 4752 ,
1160 4691 1215 4739 ut
1235 4688 1399 4752 Oropii
1417 4687 1643 4737 dicantur
1663 4687 1806 4736 etiam
1836 4685 1896 4735 de

354 4761 409 4810 iis
428 4759 571 4809 rebus
597 4759 794 4819 vectigal
814 4759 1028 4822 exigere,
1048 4773 1159 4822 quae
1180 4759 1308 4823 apud
1330 4759 1450 4808 alios
1465 4771 1525 4807 eo
1547 4758 1783 4819 exemptae
1797 4769 1898 4806 esse

352 4829 523 4880 solent.
544 4828 683 4886 Quod
718 4828 922 4878 Fuhrius
950 4832 1089 4892 putat
1110 4842 1192 4880 eos
1219 4827 1469 4892 portitoris
1507 4827 1719 4891 exegisse
1754 4826 1897 4876 etiam

354 4899 586 4949 mercium
617 4910 728 4959 quae
758 4898 920 4947 futuro
945 4900 1159 4962 tempore
1189 4899 1499 4961 importatum
1526 4897 1580 4945 iri
1606 4895 1895 4957 viderentur,

354 4968 403 5019 id
417 4966 659 5033 quomodo
674 4966 777 5017 fleri
794 4969 1004 5030 potuerit
1021 4982 1100 5019 me
1121 4982 1217 5019 non
1231 4968 1495 5031 perspicere
1520 4967 1687 5016 fateor.
1700 4991 1764 5002 —-
1780 4965 1897 5015 ἐπα·

354 5035 615 5102 νελὸμενοι]
632 5037 979 5102 ἐπανελλόμενοι
997 5038 1176 5101 codem
1193 5039 1307 5095 ἐξαν.
1330 5038 1497 5101 ΡιιΙιτ.,
1512 5035 1673 5086 nescio
1696 5048 1783 5085 cur
1821 5037 1907 5085 Ja-

660 5142 942 5178 ructemus
974 5140 1092 5176 msr.
1118 5139 1199 5176 GR.
1228 5150 1281 5163 -
1306 5138 1414 5175 vot..
1433 5137 1488 5174 n.

1984 618 2107 667 viros
2143 619 2218 669 de·
2245 620 2402 671 medio
2436 624 2610 673 tollunt
2661 643 2673 674 :
2716 628 2903 677 Boeotos
2955 635 3227 692 respuentes
3271 639 3437 684 mente
3481 642 3531 688 et

1982 705 2171 756 studiis
2197 708 2506 760 Athenienses
2527 714 2638 761 sunt
2662 712 2709 761 in
2731 715 2925 763 Boeotia.
2956 719 3023 765 De
3046 718 3138 766 illis
3159 723 3291 769 xeno
3319 741 3329 769 :

2088 841 2253 883 omnes
2272 840 2493 894 publicani
2509 872 2520 892 ,
2542 850 2699 886 omnes
2717 847 2822 887 sunt
2842 849 3057 901 raptores.

2085 909 2222 953 Baius
2241 908 2341 953 linis
2358 909 2411 954 sit
2432 911 2620 968 Oropiis!

2041 1007 2085 1052 8.
2125 1004 2248 1053 Hinc
2280 1004 2342 1054 ad
2374 1009 2638 1080 Tanagram
2660 1001 2811 1058 stadia
2831 1009 3040 1072 triginta.
3063 1014 3159 1061 lter
3191 1027 3275 1077 per
3295 1016 3531 1079 regionem

1980 1091 2097 1140 oleis
2128 1081 2361 1141 consitam
2387 1094 2436 1142 et
2458 1094 2683 1144 silvosam
2702 1098 2845 1159 atque
2873 1096 3002 1146 omni
3033 1111 3062 1147 a
3098 1091 3362 1153 latronibus
3391 1108 3523 1156 metu

1980 1178 2197 1227 liberam.
2227 1179 2350 1228 Urbs
2380 1183 2542 1229 autern
2566 1181 2714 1231 ardua
2752 1196 2949 1233 ascensu
2983 1189 3030 1235 et
3054 1186 3100 1234 in
3126 1188 3225 1237 alto
3247 1191 3426 1254 posita5
3446 1207 3533 1243 su-

1980 1265 2170 1326 perficie
2191 1267 2299 1315 alba
2321 1269 2370 1316 et
2393 1268 2670 1332 argillacea,
2695 1270 2949 1320 domorum
2981 1274 3229 1325 vestibulis
3254 1280 3302 1327 et
3335 1273 3533 1341 picturis

1981 1353 2263 1403 encausticis
2283 1355 2600 1416 pulcherrime
2621 1356 2879 1421 instructa;
2918 1361 3150 1412 fructibus
3170 1364 3530 1429 frumentaceis,

1979 1453 2100 1501 quos
2135 1440 2261 1503 regio
2302 1443 2506 1504 profert,
2545 1457 2642 1493 non
2686 1444 2947 1496 admodum
2981 1447 3256 1513 abundans,
3302 1454 3384 1504 sed
3423 1459 3533 1505 vino

1979 1527 2108 1588 quod
2143 1528 2350 1578 nascitur
2378 1530 2426 1578 in
2460 1532 2640 1580 Boeotia
2675 1534 2851 1595 primas
2882 1537 3062 1586 tenens.
3112 1539 3178 1599 (9)
3207 1542 3381 1591 incolae
3406 1543 3532 1606 quod

1981 1615 2194 1665 tortunas
2211 1617 2380 1666 attinet
2397 1618 2657 1682 splendidi,
2678 1620 2760 1670 sed
2778 1620 2828 1670 in
2845 1621 2976 1673 victu
2994 1625 3227 1689 cultuque
3249 1629 3377 1690 parci
3402 1636 3532 1681 sunt.

1981 1705 2162 1752 Omnes
2180 1704 2511 1767 agriculturae,
2539 1719 2638 1755 nou
2663 1707 2871 1769 opificiis·
2885 1723 3081 1773 operam
3099 1712 3216 1763 dant
3239 1714 3504 1778 :justitiam
3517 1758 3531 1778 ‚

1981 1789 2123 1838 iidem
2154 1793 2298 1853 atque
2329 1792 2519 1855 hospitii
2541 1792 2623 1856 jus
2646 1794 2860 1858 religiose
2890 1798 3145 1850 observant
3180 1817 3192 1850 ε
3224 1804 3534 1865 popularibus

1980 1878 2081 1926 suis
2113 1879 2272 1940 egenis
2294 1881 2342 1928 et
2363 1882 2620 1942 peregrinis
2642 1882 2787 1932 etiam
2821 1884 3050 1936 mendicis
3070 1889 3363 1950 vagabundis
3389 1905 3533 1955 opum

1981 1977 2179 2014 suarum
2205 1967 2342 2029 quasi
2364 1967 2591 2017 libamina
2614 1970 2848 2031 offerunt,
2870 1975 2919 2022 et
2941 1973 3198 2025 liberaliter
3234 1983 3449 2043 erogant,
3473 1981 3533 2031 ab

1981 2052 2114 2101 omni
2156 2051 2361 2116 denique
2401 2056 2528 2115 turpi
2577 2058 2714 2106 lucro
2749 2058 3024 2110 abhorrent.
3073 2065 3214 2113 Nulla
3253 2080 3337 2128 per
3372 2070 3524 2119 totam

1984 2139 2212 2189 Boeotiam
2241 2141 2355 2190 urbs
2377 2144 2474 2204 est,
2500 2142 2547 2191 in
2581 2157 2676 2206 qua
2706 2145 2859 2196 tutius
2881 2149 3062 2209 possint
3080 2155 3370 2203 commorari
3393 2168 3532 2217 pere·

1982 2227 2101 2289 griui
2127 2245 2138 2276 ι
2162 2228 2293 2277 adest
2315 2229 2442 2278 enim
2471 2229 2672 2292 rigidum
2696 2236 2744 2282 et
2764 2234 2989 2284 acerbum
3008 2235 3058 2284 in
3081 2237 3321 2300 improbos
3338 2240 3530 2303 odium,

1983 2328 2041 2364 eo
2085 2315 2212 2378 quod
2256 2315 2426 2366 incolae
2466 2322 2594 2367 sorte
2628 2332 2714 2368 sua
2751 2323 2960 2371 contenti
3003 2325 3167 2374 vivant
3203 2328 3252 2376 et
3292 2328 3534 2380 laboribus

1984 2416 2085 2451 sese
2135 2408 2405 2453 exerceant.
2499 2406 2598 2466 (10)
2655 2408 2820 2468 Neque
2866 2408 2992 2456 enim
3036 2410 3118 2458 ulli
3152 2412 3534 2476 intemperantiae

1985 2490 2145 2552 generi
2169 2491 2244 2539 vel
2283 2492 2536 2541 minimum
2571 2493 2757 2543 deditos
2782 2507 2883 2545 esse
2911 2495 3019 2546 illos
3050 2498 3392 2562 animadverti,
3419 2516 3532 2565 qum

1986 2579 2269 2640 plerumque
2287 2590 2434 2627 causa
2455 2582 2527 2628 est
2549 2580 2870 2630 maximorum
2897 2582 3022 2632 inter
3040 2584 3256 2636 homines
3278 2590 3530 2652 scelerum.

1988 2671 2105 2717 Nam
2127 2666 2209 2716 ubi
2224 2666 2386 2715 omnia
2401 2664 2462 2714 ad
2477 2666 2624 2715 vitam
2641 2669 2902 2716 necessaria
2925 2669 3117 2732 adsunt,
3139 2674 3271 2723 nulla
3290 2675 3353 2724 ibi
3385 2677 3533 2727 homi·

1987 2769 2071 2804 nes
2097 2753 2322 2803 sollicitat
2353 2752 2475 2801 lucri
2493 2752 2754 2815 cupiditas;
2779 2753 2973 2804 difficile
2993 2755 3153 2820 itaque
3175 2760 3533 2824 improbitatem

1986 2856 2068 2892 eos
2085 2840 2324 2890 invadere.

2054 2951 2126 2997 ιι.
2158 2944 2279 2995 Hinc
2296 2943 2356 2994 ad
2380 2944 2581 2994 Plataeas
2601 2943 2754 2994 stadia
2772 2943 2979 2996 ducenta
3017 2947 3108 2998 via
3129 2949 3431 3014 aliquantum
3447 2956 3530 3006 de·

1986 3037 2112 3085 serta
2137 3035 2187 3084 et
2208 3032 2421 3096 lapidosa
2453 3032 2513 3081 ad
2537 3033 2858 3083 Cithaeronem
2883 3035 3106 3086 attollens
3137 3051 3213 3099 se,
3250 3053 3347 3089 non
3371 3044 3533 3094 tamen

1985 3121 2125 3171 valde
2153 3121 2434 3183 periculosa.
2468 3120 2596 3170 Urbs
2617 3134 2733 3171 vero
2760 3119 2902 3183 juxta
2927 3122 3231 3188 Posidippum
3251 3130 3490 3180 comicum
3522 3148 3533 3182 ε

2092 3292 2210 3337 Nihil
2233 3292 2353 3338 aliud
2371 3304 2504 3349 quam
2522 3293 2615 3338 duo
2634 3294 2820 3350 templa,
2843 3295 3043 3350 porticus
3067 3300 3111 3341 ct
3131 3309 3294 3343 nomen
3309 3334 3322 3353 ,

2087 3366 2136 3406 et
2152 3358 2358 3406 balneum
2376 3365 2423 3405 et
2439 3361 2590 3406 sar-abi
2608 3360 2744 3405 decus
2764 3376 2776 3404 ι
3429 3373 3531 3421 [αι.

2096 3429 2271 3485 reliquo
2289 3429 2468 3485 quidem
2488 3432 2688 3486 tempore
2711 3431 2836 3483 litus,
2860 3431 3126 3476 Eleutheriis
3154 3433 3273 3478 testis
3302 3448 3409 3480 vcro
3428 3440 3533 3485 urbs

1930 3580 1939 3615 ι
1978 3571 2168 3620 cobsius
2197 3570 2260 3619 ad
2283 3570 2504 3620 Pliilostr.
2543 3573 2609 3629 ll,
2644 3575 2700 3621 24
2728 3572 2873 3621 vertit
2906 3592 2919 3622 ε
2956 3577 3124 3634 asperi
3156 3575 3379 3625 homines
3401 3613 3415 3637 ‚
3439 3582 3529 3640 qui

1978 3639 2223 3690 absurdis
2244 3641 2562 3690 sermonibus
2597 3641 2916 3691 cordatiores
2952 3647 3182 3692 enecant.
3214 3673 3272 3684 -
3305 3647 3530 3704 Ἀθηναῖοι

1978 3710 2068 3758 εἶσὶ
2087 3707 2171 3771 8.]
2191 3708 2354 3757 malim
2378 3708 2467 3759 Ἀθ.
2495 3710 2551 3758 Β.
2581 3710 2701 3767 εἰσὶ,
2721 3712 2776 3758 ut
2800 3710 2920 3759 infra
2941 3710 2994 3773 (§
3020 3714 3102 3770 ΙΙ)
3126 3714 3198 3761 est
3222 3713 3282 3763 de
3308 3710 3528 3769 Plat‘aeeff

1976 3779 2122 3827 sibus.
2161 3777 2371 3827 Marxius
2404 3779 2531 3840 conj.
2570 3779 2818 3837 Ἀθηναίοις
2844 3782 2933 3828 εἰσὶ
2973 3782 3151 3842 βοηθοί.
3198 3812 3262 3824 -
3292 3786 3527 3853 Ξένωνος]

1977 3848 2202 3898 Comicus
2222 3848 2415 3896 aliunde
2446 3861 2541 3896 non
2577 3852 2734 3897 notus.
2762 3854 2822 3899 V.
2860 3849 3063 3899 Meinek.
3101 3853 3286 3915 Fragm.
3315 3856 3452 3905 Com.
3480 3864 3528 3923 Ι,

1978 3929 2026 3979 p.
2054 3924 2172 3976 5005
2201 3920 2297 3975 lv,
2322 3929 2371 3979 p.
2395 3923 2501 3967 596.

2040 3993 2085 4037 8.
2119 3987 2190 4050 λ’]
2223 3987 2375 4036 codex
2390 4003 2405 4047 ;
2431 3987 2495 4050 ρλ’
2519 3988 2654 4037 editt.
2673 3991 2838 4050 aperto
2863 4003 3038 4039 errore.
3059 4017 3123 4027 —
3140 3993 3370 4057 κλώπων]
3393 3999 3529 4046 Hem·

1976 4059 2242 4107 sterhusius
2266 4056 2327 4104 ad
2355 4056 2546 4105 Lucian.
2581 4062 2641 4106 D.
2676 4061 2740 4107 M.
2776 4062 2846 4117 Il,
2869 4073 2916 4121 p.
2951 4067 3037 4109 535
3059 4061 3133 4108 ed.
3171 4064 3300 4123 Bip.;
3328 4066 3528 4115 κλωπῶν

1979 4128 2162 4188 codex,
2187 4128 2375 4175 κλοπῶν
2410 4127 2547 4175 editt.
2580 4153 2646 4163 —
2676 4128 2995 4191 ἐγκαύμασιν]
3019 4129 3186 4191 editt.;
3224 4132 3326 4180 ἐκκ.
3356 4134 3527 4189 codex,

1976 4224 2040 4235 -
2058 4196 2288 4260 ἀναθημ.]
2309 4195 2456 4244 codex
2474 4233 2489 4258 ‚
2507 4198 2671 4261 Marx;
2692 4197 2922 4259 άναθεμ...
2945 4198 3105 4260 vulgo.
3125 4225 3192 4237 ·—
3212 4200 3324 4262 οϊνῳ
3351 4211 3524 4274 upton]

1976 4268 2195 4319 Bacchus
2221 4268 2269 4315 in
2296 4266 2455 4397 npmis
2479 4269 2863 4330 Tanagroeorum.
2885 4270 2946 4317 V.
2967 4265 3136 4318 Rasch.
3159 4271 3275 4319 Lex.
3301 4272 3527 4325 nunusm.

1977 4340 2041 4391 v,
2067 4345 2110 4397 ι,
2131 4349 2180 4399 p.
2208 4343 2315 4385 50¹.

2041 4412 2088 4457 9.
2125 4405 2385 4469 στειχοπλ].
2411 4408 2623 4468 στιχοπλ.
2643 4405 2692 4455 in
2704 4408 2973 4470 apographo
2996 4409 3321 4459 Hervartiano.
3341 4440 3399 4453 --
3418 4413 3528 4462 ἀπο-

1978 4476 2119 4539 δημ.]
2146 4496 2170 4518 κ
2196 4477 2317 4524 sorte
2333 4476 2520 4537 ἐπιδημ.
2557 4494 2581 4518 ¹³
2601 4477 2827 4537 stephan.
2849 4482 2897 4526 et
2917 4478 3120 4527 casaub.
3141 4507 3204 4519 —
3222 4481 3417 4545 ὕπεστι]
3443 4498 3529 4531 co·

1978 4547 2112 4608 dex„
2135 4553 2298 4606 atam
2319 4545 2483 4594 ἄπεστι
2504 4545 2663 4607 vulgo.
2678 4572 2738 4581 —-
2762 4552 2833 4595 ιο.
2855 4546 2965 4610 ἄρα]
2980 4548 3106 4610 παρὰ
3129 4548 3280 4598 codex
3294 4554 3341 4599 et
3362 4552 3527 4614 editt.;

1979 4619 2059 4665 καὶ
2083 4617 2285 4678 χαλεπὸν
2307 4616 2432 4678 παρὰ
2453 4632 2498 4665 τ.
2519 4617 2683 4678 Maru
2708 4618 2785 4665 καὶ
2806 4617 3153 4680 nemeaea...
3181 4619 3367 4682 φύεται,
3389 4625 3528 4685 χαλε·

1978 4688 2066 4736 πον
2086 4687 2212 4750 παρὰ
2231 4688 2330 4735 κτλ.
2357 4685 2624 4746 Stephanus
2637 4720 2651 4745 ,
2673 4687 2816 4735 Fuhr.

2047 4762 2118 4806 tt.
2145 4756 2232 4805 οὐκ
2248 4753 2532 4819 ἐπισφαλής]
2551 4769 2621 4804 sc.
2647 4755 2934 4817 pra‘cipitiis.
2963 4757 3249 4807 Particutam
3274 4760 3361 4807 οὐκ
3384 4760 3528 4812 deleri

1979 4827 2136 4876 voluit
2167 4828 2321 4876 Marx.
2343 4863 2357 4887 ,
2386 4838 2540 4887 quum
2564 4825 2824 4875 latrocinsss
2846 4826 3092 4876 Cithaeron
3122 4827 3322 4878 infestus
3344 4829 3529 4881 dicatur

1981 4910 2058 4958 ap.
2080 4896 2216 4957 Diog.
2239 4897 2293 4943 1..
2317 4898 2358 4944 ΙΙ
2376 4931 2390 4955 ,
2425 4900 2542 4955 136,
2572 4896 2767 4943 Lucian.
2808 4897 2863 4944 D.
2887 4897 2963 4954 Μ,
2984 4901 3073 4954 27,
3108 4897 3191 4946 uhi
3217 4900 3526 4951 Hemsterhu·

1981 4967 2081 5015 sius
2097 4964 2248 5014 nostri
2271 4964 2364 5014 loci
2387 4976 2572 5013 memor
2591 4963 2835 5026 vulgatam
2860 4963 3113 5015 lectionem
3132 4969 3308 5016 tuetur.
3326 4998 3390 5010 —
3408 4972 3528 5019 κατὰ

1982 5032 2089 5095 τὸν]
2111 5052 2159 5085 κ.
2181 5040 2273 5084 τῶν
2297 5052 2342 5083 κ.
2377 5050 2431 5083 π.
2466 5033 2759 5085 Ποσίδιππον
2789 5033 2954 5083 codex.
2991 5063 3052 5075 -
3081 5034 3215 5099 ναοὶ]
3251 5054 3276 5079 α
3313 5039 3529 5088 Fortasse

3251 5142 3293 5180 17
