4016 5916
1610 382 1615 388 ’
1654 390 2155 454 FRAGMENTA.
3380 410 3497 463 437

290 514 388 574 καὶ
427 514 655 594 ἐπῳδοὺς
692 517 780 573 καὶ
811 518 912 573 τῶν
948 512 1068 591 περὶ
1103 511 1217 580 τοὺς
1254 510 1654 592 κατοιχομένους
1682 513 1851 591 λόγων
1939 517 2425 572 Schwanbeckius.
2449 519 2710 575 Ceterum
2732 536 2866 573 num
2894 520 3171 576 Sarmanae
3198 521 3308 577 sint
3338 524 3500 581 Bud-

288 603 387 660 καὶ
426 602 656 678 νομίμων
685 601 984 681 ἐμπείρους,
1017 603 1355 666 ἐπαιτοῦντας
1383 600 1472 658 καὶ
1500 599 1635 658 κατὰ
1671 601 1853 679 κώμας
1939 602 2122 658 dhaici
2163 622 2363 674 necne,
2393 605 2539 660 inter
2579 605 2733 659 viros
2769 623 2966 661 rerum
3003 606 3325 663 Indicarum
3353 614 3502 684 peri.

290 689 390 748 καὶ
416 691 616 757 πόλεις·
636 687 754 756 τοὺς
790 689 845 747 δὲ
874 688 1235 767 χαριεστέρους
1273 691 1375 746 τῶν
1421 688 1536 745 καθ’
1572 687 1696 769 ᾅδου
1729 695 1849 771 θρυ-
1941 691 2174 744 tissimus
2193 709 2312 744 non
2326 691 2606 746 convenit.
2632 693 2716 746 De
2734 691 2916 748 haere
2934 694 3010 748 ita
3027 693 3497 754 Schwanbeckius

287 776 583 852 λουμένων,
633 776 731 835 ὅσα
784 776 923 834 δοκεῖ
962 773 1085 854 πρὸς
1131 772 1398 832 εὗσέὸιιαν
1445 775 1533 833 καὶ
1575 776 1852 848 eandm-ru·
1938 796 1996 850 p.
2043 795 2106 846 ¹7
2144 796 2156 831 ε
2187 802 2209 826 κ
2236 778 2547 852 Diligenter
2568 780 2797 834 alteram
2821 781 3146 835 sententiam
3174 782 3499 856 Bohlenius,

291 866 697 945 συμφιλοσοφεῖν
732 865 778 921 δ’
807 863 953 931 ἐνίοις
976 860 1065 920 καὶ
1087 869 1363 939 γυναῖκας,
1392 861 1723 941 ἀπεχομένας
1761 865 1850 924 καὶ
1938 865 2227 919 Lassenius
2248 864 2478 919 alteram
2528 884 2656 920 cum
2684 883 2775 936 ea,
2802 883 2913 939 qua
2939 867 3110 936 solet,
3155 867 3414 926 doctrina
3445 883 3500 928 et

289 952 454 1019 αὐτὰς
479 950 803 1033 ἀφροδισίων,
1950 953 2203 1006 omnium
2230 969 2422 1007 rerum
2438 954 2939 1027 circumspectione
2962 953 3215 1010 defendit
3240 954 3496 1030 (Bohlen.

378 1039 666 1118 Σαρμοίνας
710 1039 968 1114 (indicet
1011 1058 1295 1110 pramanoe
1332 1039 1366 1094 i.
1403 1059 1454 1095 e.
1490 1052 1681 1095 ascetae
1702 1035 1718 1117 )
1742 1059 1849 1114 pro
1945 1042 2030 1095 De
2058 1040 2420 1096 Buddhaismi
2450 1043 2669 1117 origine
2707 1052 2762 1097 et
2791 1051 2949 1097 aetate
2969 1041 3303 1100 definiendis
3315 1064 3331 1114 ;
3362 1048 3503 1102 Ias·

290 1130 339 1188 Γ
342 1137 579 1207 αρμᾶνας
601 1130 914 1201 scripsimus
942 1146 1069 1182 cum
1094 1129 1353 1182 Lassenio
1374 1128 1433 1182 in
1464 1128 1666 1187 Rhein.
1693 1130 1847 1186 Mus.
1937 1148 2059 1188 sea.
2087 1132 2172 1186 De
2197 1130 2523 1185 nominibus
2540 1172 2556 1204 ,
2597 1129 2802 1203 quibus
2841 1149 2874 1186 a
2909 1132 3192 1186 veteribus
3214 1135 3501 1206 appellan-

299 1215 476 1292 1833,
504 1227 558 1271 et
580 1214 1020 1272 Schwanbeckio
1054 1217 1093 1269 l.
1122 1215 1159 1268 l.
1184 1234 1241 1287 p.
1280 1215 1373 1279 46.
1942 1225 2035 1270 tur
2076 1217 2353 1274 Indorum
2400 1217 2745 1292 philosophi.
2793 1219 3000 1276 Rhein.
3034 1220 3189 1278 Mus.
3232 1220 3404 1292 1833,
3437 1242 3498 1298 Ρ.

1025 1327 1091 1402 lit
1949 1305 2311 1380 171—190.)
2339 1306 2666 1376 Bohlenius,
2719 1315 2784 1359 ut
2835 1307 3230 1362 Sar-manarum
3270 1309 3501 1364 nomine

1105 1382 1119 1394 ⁰
1940 1392 2296 1447 Buddhaicos
2338 1389 2638 1467 significari
2681 1392 2968 1462 ostendat,
3021 1396 3208 1468 primo
3253 1396 3499 1451 nominis

1940 1492 2271 1553 argumento
2305 1480 2482 1534 utitur
2514 1498 2527 1534 ε
2572 1481 2963 1535 Sat-manarum
2997 1484 3147 1535 enim
3175 1501 3383 1538 nomen
3412 1502 3498 1540 re·

1939 1567 2219 1639 spondere
2244 1567 2381 1622 dicit
2409 1578 2526 1621 tum
2553 1569 2829 1623 sanseritae
2868 1569 2995 1623 voci
3026 1565 3344 1640 ςναιηαηά,
3390 1588 3500 1643 qua

1940 1653 2249 1709 Buddhaici
2271 1655 2640 1728 appellentur,
2665 1666 2784 1710 tum
2807 1656 3357 1729 1101111111Σαμαναῖοι,
3382 1675 3497 1730 quo

1941 1741 2117 1795 verbo
2160 1760 2227 1796 ex
2265 1739 2450 1796 Palica
2486 1759 2627 1796 voce
2666 1761 2964 1796 sammana
2993 1743 3062 1814 (i.
3095 1762 3145 1800 e.
3180 1739 3495 1820 craman'a)

1942 1828 2187 1883 formato
2241 1829 2380 1901 quin
2418 1828 2592 1884 Graeci
2639 1829 2997 1885 Buddhaicos
3039 1830 3500 1906 significaverint,

376 1471 551 1529 Clem.
584 1471 744 1525 Alex.
777 1471 985 1524 Strom.
1019 1470 1076 1538 1,
1114 1489 1174 1543 p.
1214 1465 1326 1524 305
1358 1471 1407 1523 D
1445 1469 1564 1524 Col.
1588 1490 1603 1539 3
1628 1488 1687 1543 p.
1722 1469 1848 1538 132,

294 1580 329 1613 2
374 1559 522 1631 Sylb.
558 1555 661 1631 (ex
695 1575 877 1629 eoque
910 1557 1175 1611 Eusebius
1216 1557 1277 1614 P.
1315 1557 1381 1614 E.
1414 1556 1530 1623 IX,
1558 1575 1618 1629 p.
1654 1555 1802 1632 410)
1836 1576 1848 1610 ε

294 1641 637 1720 Μεγασθένης
691 1645 718 1699 ὁ
765 1638 1086 1721 συγγραφεὺς
1130 1645 1156 1700 δ
1210 1637 1453 1720 Σελεύκῳ
1480 1645 1554 1717 τῷ
1599 1641 1852 1720 Νικάτορι

294 1728 670 1808 συμὸεὸιωκὼς
710 1732 760 1788 ἐν
799 1734 863 1809 τῇ
904 1730 1052 1810 τρίτῃ
1094 1731 1195 1786 τῶν
1235 1728 1466 1789 Ἰνδικῶν
1504 1720 1605 1786 ὦδε
1643 1728 1848 1809 γράφει·

295 1849 321 1871 «ι
344 1816 582 1878 Ἅπαντα
620 1817 793 1895 μέντοι
821 1817 886 1875 τὰ
917 1817 1037 1896 περὶ
1065 1815 1261 1897 φύσεως
1293 1816 1538 1897 εἰρημένα
1567 1817 1712 1895 παρὰ
1748 1819 1853 1883 τοῖς

294 1907 534 1988 ἀρχαίοις
555 1905 761 1981 λέγεται
778 1905 865 1962 καὶ
895 1903 1039 1985 παρὰ
1061 1909 1165 1972 τοῖς
1193 1903 1289 1972 ἔξω
1312 1909 1404 1976 τῆς
1427 1902 1680 1971 Ἑλλάδος
1703 1906 1851 1984 φιλο-

296 1999 538 2076 σοφοῦσι,
575 1992 641 2051 τὰ
671 1991 764 2068 μὲν
790 1995 914 2070 παρ’
945 1993 1120 2059 Ἰνδοῖς
1147 1993 1250 2050 ὑπὸ
1272 1994 1374 2051 τῶν
1400 1990 1755 2071 Βραχμάνων,
1786 1990 1851 2049 τὰ
1943 2000 2230 2076 ςναιηαηά
2272 2023 2392 2059 non
2435 2003 2610 2058 modo
2655 2003 3022 2074 Buddhaicis,
3069 2006 3170 2061 sed
3209 2008 3502 2080 saepissime

296 2082 353 2141 δὲ
384 2083 435 2140 ἕν
464 2087 528 2161 τῇ
554 2080 719 2162 Συρίᾳ
750 2079 848 2138 ὕπὸ
877 2083 977 2138 τῶν
1002 2078 1333 2157 καλουμένων
1362 2078 1645 2139 Ἰουδαίων·
1672 2105 1695 2131 ¹¹
1943 2094 2110 2147 etiam
2146 2093 2470 2148 Brahmanis
2497 2090 2748 2147 attribui.
2784 2091 2899 2149 Sed
2929 2093 3046 2166 ipse
3071 2112 3220 2148 nunc
3246 2113 3375 2149 cum
3402 2112 3498 2164 ea,

1892 1459 1905 2193 ι
1944 1917 2085 1970 nihil
2114 1916 2479 1972 dubitationis
2501 1917 2690 1974 habet.
2776 1918 2985 1973 Contra
3013 1917 3156 1972 dixit
3181 1920 3495 1991 Lassenius,

378 2173 511 2245 Quae
529 2169 729 2245 jungas
760 2171 943 2227 verbis
960 2170 1249 2226 Strabonis
1278 2169 1385 2246 (fr.
1418 2169 1509 2245 ίιο)
1538 2189 1551 2224 2
1578 2167 1696 2247 περὶ
1721 2170 1853 2225 πολ·
1945 2197 2056 2251 qua
2079 2190 2185 2248 est,
2215 2179 2560 2234 humanitate
2587 2197 2807 2234 mecum
2840 2180 3279 2236 communicavit
3301 2183 3370 2239 V.
3398 2183 3497 2250 D„

298 2258 404 2315 λῶν
432 2254 485 2315 δὲ
510 2259 614 2324 τοῖς
629 2253 887 2326 ‘’Eum“
905 2255 1185 2330 buoeoistv.
1210 2257 1418 2312 Eadem
1447 2260 1612 2312 etiam
1643 2257 1705 2332 (e
1730 2260 1851 2313 Cle·
1944 2282 2138 2321 vocem
2169 2263 2454 2338 qraman'a
2493 2278 2832 2340 perpetuum
2859 2266 3317 2322 Buddhaicorum
3347 2285 3502 2323 asce-

301 2347 520 2418 mente)
548 2346 709 2401 affert
734 2344 973 2418 Cyrillus
993 2347 1052 2402 C.
1083 2345 1285 2399 Julian.
1308 2347 1400 2412 tv,
1425 2365 1484 2418 p.
1522 2345 1650 2400 136.
1686 2346 1852 2400 Paris.
1947 2363 2128 2408 tarum
2158 2373 2387 2422 nomen,
2410 2354 2910 2409 Brahmanicorum
2935 2356 3115 2410 rarius
3137 2374 3268 2412 esse,
3299 2359 3498 2429 Itaque

310 2435 488 2504 1638,
523 2434 621 2490 sed
648 2452 943 2507 perperam
973 2451 1080 2506 pro
1110 2433 1461 2508 Megasthene
1486 2432 1673 2487 laudnt
1703 2435 1850 2487 One·
1943 2439 2054 2495 hoc
2089 2441 2343 2495 Bohlenii
2382 2451 2801 2514 argumentum,
2843 2443 2941 2495 etsi
2980 2440 3052 2494 ad
3094 2441 3498 2515 expediendam

300 2523 572 2579 sicritum.
1943 2545 2064 2582 rem
2087 2546 2204 2582 non
2230 2526 2434 2583 sufficit
2452 2569 2467 2596 ,
2502 2538 2688 2582 tamen
2708 2546 2828 2582 non
2854 2526 3142 2582 infirmum
3169 2541 3378 2587 manet.

386 2612 466 2668 Cf.
492 2612 744 2668 Clemens
763 2612 800 2666 l.
824 2612 862 2665 l.
886 2630 948 2683 p.
974 2606 1108 2679 305,
1130 2611 1181 2664 D
1202 2609 1323 2666 Col.
1351 2627 1365 2662 ἰ
1390 2605 1572 2665 Διττὸν
1595 2606 1648 2665 δὲ
1662 2604 1855 2664 τούτων
2025 2638 2050 2663 ιι
2073 2614 2312 2670 Addidit
2333 2613 2539 2669 deinde
2559 2615 2846 2669 Lassenius
2868 2614 3013 2670 hanc
3040 2617 3368 2671 sententiam
3396 2635 3412 2671 2
3439 2615 3505 2673 Si

302 2695 362 2756 τὸ
406 2697 575 2774 γένος·
603 2699 649 2756 οἱ
680 2695 773 2771 μὲν
817 2698 1097 2775 Σαρμᾶναι
1135 2696 1327 2770 αὐτῶν,
1357 2697 1404 2752 οἱ
1447 2693 1500 2753 δὲ
1538 2698 1854 2777 Βραχμᾶναι
1943 2722 2096 2758 usum
2118 2709 2392 2777 utriusque
2432 2703 2694 2758 vocabuli
2729 2704 2887 2776 apud
2917 2714 3134 2758 veteres
3174 2709 3496 2777 respexeris,

300 2785 638 2863 καλούμενοι·
668 2783 759 2843 καὶ
786 2788 888 2843 τῶν
929 2785 1226 2864 Σαρμανῶν
1251 2785 1297 2841 οἱ
1326 2780 1563 2842 ‘mecon
1594 2804 1859 2863 προσαγο-

306 2874 567 2952 ρευόμενοι
604 2871 718 2932 οὔτε
759 2873 932 2938 πόλεις
967 2873 1191 2930 οἷκοῧσιν
1232 2869 1349 2929 οὔτε
1390 2869 1577 2947 στέγας
1615 2869 1855 2950 ἔχουσιν,

305 2958 520 3042 δένδρων
546 2957 600 3020 δὲ
630 2956 996 3040 ἀμφιέννυνται
1019 2961 1241 3039 φλοιοῖς,
1263 2956 1351 3017 καὶ
1376 2957 1634 3039 ἀκρόδρυα
1659 2963 1849 3018 σιτοῦν·

300 3072 388 3106 ται
417 3048 506 3107 καὶ
525 3048 663 3126 ὕδωρ
686 3052 798 3114 ταῖς
824 3047 977 3128 χερσὶ
998 3045 1257 3105 πίνουσιν·
1286 3048 1345 3104 οὗ
1374 3045 1560 3124 γάμον,
1588 3047 1645 3104 οὗ
1673 3046 1858 3104 παιδο-

306 3136 478 3195 ποιίαν
501 3135 696 3211 ἴσασιν,
721 3134 920 3215 [ὥσπερ
946 3137 992 3194 οἱ
1020 3139 1107 3192 νῦν
1137 3134 1494 3214 Ἐγκρατηταὶ
1517 3130 1855 3209 καλούμενοι,

307 3224 403 3282 εἶσὶ
434 3222 489 3283 δὲ
517 3227 616 3282 τῶν
658 3222 834 3283 Ἰνδῶν
860 3226 904 3281 οἱ
932 3222 1037 3290 τοῖς
1076 3220 1279 3283 Bostra
1319 3220 1612 3298 πειθόμενοι
1651 3245 1859 3301 παραγ-

307 3310 584 3389 γέλμασιν,
608 3310 664 3369 ὃν
684 3312 747 3369 δι’
768 3309 1057 3391 ὖπερὸολὴν
1082 3308 1392 3388 σεμνότητος
1414 3313 1481 3377 ὡς
1504 3310 1616 3369 θεὸν
1640 3309 1859 3386 τετιμή-

307 3399 490 3477 mom]

390 3490 599 3545 Eadem
631 3500 685 3544 et
725 3489 829 3544 alia
852 3489 1103 3562 quaedam
1145 3489 1215 3544 de
1243 3489 1706 3556 BrachmanibuS,
1739 3507 1860 3561 quae
1900 3544 1906 3611 Ι

311 3596 378 3633 ex
404 3587 564 3650 parte
588 3576 812 3631 sortasse
848 3577 920 3631 ad
946 3578 1355 3651 Megasthenem
1380 3575 1675 3632 reserenda
1700 3586 1827 3630 sunt
1844 3618 1859 3644 ,

1945 2795 2185 2846 iuvenies
2226 2792 2379 2845 nullo
2406 2808 2632 2864 prorsus
2668 2791 2786 2846 loco
2829 2809 2996 2845 unum
3026 2810 3140 2865 pro
3174 2792 3350 2847 altero
3365 2797 3505 2866 poni

1944 2890 2050 2935 aut
2082 2883 2310 2934 invicem
2348 2882 2661 2953 permutari
2705 2896 2728 2935 .·
2773 2883 2930 2948 cujus
2977 2883 3308 2934 constantiae
3351 2891 3506 2934 certa

1944 2970 2203 3042 quoedam
2219 2985 2392 3022 causa
2409 2984 2525 3021 esse
2543 2962 2723 3023 debet.
2747 2965 2916 3038 Quod
2938 2975 3328 3039 argumentum
3350 2965 3504 3020 haud

1943 3058 2059 3110 scio
2101 3074 2173 3110 an
2217 3056 2562 3126 aliquantum
2601 3051 2876 3108 firmitatis
2916 3052 3143 3109 habeat.
3227 3053 3505 3108 Sarmanae

1947 3144 2097 3198 enim
2122 3143 2208 3197 bis
2234 3151 2478 3210 tantum,
2521 3141 2816 3210 Samanaei,
2856 3142 2959 3195 nisi
2987 3140 3170 3210 fallor,
3207 3142 3505 3214 quinquies

1947 3250 1976 3286 a
2000 3231 2204 3288 Graecis
2221 3230 2601 3303 Romanisque
2621 3229 2988 3302 scriptoribus
3004 3229 3265 3284 omnibus
3287 3247 3504 3283 memo·

1946 3329 2158 3373 rantur.
2184 3315 2515 3391 (Bardesan.
2538 3334 2628 3389 ap.
2651 3316 2927 3389 Porphyr.
2955 3319 3040 3371 De
3060 3317 3260 3372 abstin.
3283 3319 3376 3386 IV,
3409 3336 3428 3371 1
3444 3336 3501 3386 7,

1948 3406 2120 3462 Clem.
2149 3404 2308 3460 Alex.
2334 3404 2541 3459 Strom.
2564 3405 2612 3457 1.
2641 3401 2774 3473 305,
2802 3404 3031 3477 Origen.
3059 3404 3266 3458 Contra
3288 3403 3505 3458 Celsum

1948 3495 1971 3547 1
2022 3491 2412 3560 ed.‘Delarue,
2441 3490 2608 3544 Paris».
2647 3488 2814 3560 1733,
2847 3499 2888 3542 t.
2921 3492 2970 3558 1,
2997 3508 3055 3562 p.
3091 3488 3233 3555 343,
3265 3490 3507 3544 Alexan-

1950 3578 2053 3633 der
2075 3578 2343 3650 polyhist.
2366 3595 2458 3650 ap.
2487 3577 2680 3649 cyrill.
2704 3577 2912 3633 Contra
2932 3577 3140 3631 Julian.
3161 3578 3257 3645 lv,
3283 3596 3337 3650 p.
3371 3577 3501 3644 133,

1950 3667 2014 3719 Ε.
2035 3664 2125 3722 ed.
2142 3662 2311 3723 Paris.
2339 3661 2509 3730 1638,
2534 3663 2980 3738 Hieronym2Ad
3000 3665 3030 3717 J
3038 3665 3282 3718 minian.
3307 3665 3380 3719 11.
3410 3664 3503 3719 ed.

1950 3753 2121 3808 Paris,
2162 3751 2307 3820 1706
2326 3791 2342 3820 ,
2371 3762 2412 3807 1.
2443 3752 2528 3819 ῙῙ,
2556 3761 2704 3823 part.
2739 3769 2771 3803 α
2792 3791 2807 3817 ,
2834 3768 2889 3823 p.
2921 3748 3077 3823 206.)
3112 3752 3222 3821 Qui
3249 3753 3505 3822 numeri,

1951 3842 1991 3893 si
2021 3840 2361 3912 scriptorum
2388 3838 2568 3893 fontes
2596 3839 2956 3911 exquisiveris
2977 3880 2992 3907 ,
3016 3839 3088 3893 ad
3114 3849 3223 3893 tres
3241 3840 3508 3914 redigun-

311 3668 510 3735 habes,
541 3684 630 3738 ap.
674 3664 1209 3738 Pseudophilosoph.
1260 3672 1357 3741 αἴῃ,
1384 3666 1501 3723 vol.
1542 3667 1589 3733 l,
1637 3683 1696 3737 p.
1747 3669 1855 3738 904

308 3753 483 3810 Paris.
524 3752 688 3823 1733.
722 3783 793 3793 —-
822 3751 989 3825 Apud
1012 3753 1347 3808 Clementem
1374 3752 1547 3808 codd.
1577 3770 1684 3825 pro
1714 3748 1863 3809 Ὑλό-

314 3839 689 3916 Ctotpraebent
714 3837 996 3914 Ἀλλόὸιοι,
1035 3840 1193 3913 quod
1233 3860 1264 3896 e
1301 3841 1577 3897 Strabone
1619 3841 1863 3895 correxit

321 3958 435 3968 μ*

311 4020 403 4067 que
426 4003 752 4066 compluribus
782 4003 953 4052 similia
973 4016 1055 4053 eos
1079 4003 1237 4053 dicere
1264 4022 1277 4051 τ
1304 4006 1467 4053 texere
1502 4004 1646 4052 etiam
1673 4002 1858 4051 fabulas
1945 4001 2308 4061 cataplasmata,
2347 4000 2477 4062 quod
2528 4003 2687 4050 cetera
2738 4000 2958 4049 maleficii
2993 4013 3089 4050 non
3133 4002 3227 4050 sint
3276 4002 3506 4064 expertia.

318 4082 540 4144 quasdam
554 4118 568 4143 ‚
594 4080 999 4144 quemadmodum
1022 4080 1156 4130 Plato
1169 4116 1183 4139 ,
1211 4079 1272 4129 de
1288 4080 1643 4128 immortalitate
1658 4079 1830 4127 animae
1843 4114 1857 4139 ‚
1948 4082 2101 4140 Atque
2118 4082 2225 4127 tum
2243 4078 2333 4127 hos
2356 4079 2463 4127 tum
2483 4078 2589 4127 illos
2607 4078 2654 4127 in
2679 4077 2925 4127 laboribus
2946 4080 2995 4128 et
3013 4079 3267 4128 tolerantia
3283 4080 3508 4128 constan·

312 4160 436 4210 etde
455 4160 642 4221 judiciis
662 4172 775 4222 quoe
793 4159 919 4223 apud
944 4160 1119 4208 inferos
1140 4158 1351 4217 fiant,et
1368 4158 1460 4207 alia
1475 4157 1747 4219 huiusmodi
1762 4171 1859 4206 non
1949 4157 2062 4205 tiam
2094 4170 2346 4220 exercere,
2381 4156 2502 4206 adeo
2526 4158 2581 4205 ut
2617 4170 2700 4219 per
2725 4160 2878 4207 totam
2917 4157 3044 4207 diem
3083 4158 3130 4206 iu
3172 4157 3339 4207 eodem
3375 4162 3510 4220 gestu

308 4253 478 4302 pauca.
547 4244 614 4289 Ac
639 4239 699 4288 de
726 4238 1097 4289 Brachmanibus
1119 4236 1314 4299 quidem
1334 4237 1583 4286 hactenus.
1947 4231 2134 4281 immoti
2157 4233 2477 4294 perseverent.
2505 4232 2635 4281 Alios
2653 4246 2754 4281 esse
2776 4232 3008 4294 quosdam
3040 4233 3331 4283 divinatores
3353 4234 3511 4284 incan-

373 4320 708 4367 Sarmanarum
727 4329 809 4365 eos
830 4315 1216 4365 honoratissimos
1236 4316 1320 4374 ait,
1334 4314 1415 4375 qui
1428 4312 1616 4375 Hylobii
1630 4316 1861 4361 vocantur
1946 4316 2223 4374 tatoresque
2248 4313 2298 4360 et
2335 4311 2517 4359 rituum
2552 4314 2602 4360 et
2644 4322 2918 4360 sermonum
2935 4348 2950 4372 ,
2974 4312 3056 4374 qui
3100 4312 3226 4361 circa
3260 4311 3511 4362 defunctos

316 4408 371 4444 ex
395 4408 479 4455 eo,
506 4393 639 4456 quod
677 4394 727 4442 in
758 4393 891 4442 silvis
918 4392 1128 4453 degunt,
1166 4405 1195 4440 e
1220 4390 1458 4440 (rentibus
1483 4393 1531 4439 et
1565 4390 1860 4439 silvestribus
1946 4392 2088 4449 sunt,
2115 4389 2429 4450 nauigamus,
2449 4391 2662 4437 errantes
2697 4401 2782 4451 per
2815 4388 2944 4439 vicos
2977 4392 3027 4439 et
3064 4388 3221 4438 urbes.
3248 4389 3376 4439 Alios
3395 4402 3509 4439 vero

317 4475 545 4524 fructibus
565 4474 793 4531 viventes,
817 4474 995 4521 vestem
1014 4483 1075 4519 ex
1093 4469 1320 4519 arborum
1339 4469 1596 4518 corticibus
1614 4469 1858 4531 habentes,
1948 4468 2021 4516 liis
2042 4466 2349 4529 elegantiores
2379 4469 2525 4529 atque
2555 4466 2857 4527 urbaniores,
2888 4468 2972 4530 qui
3004 4480 3172 4517 eorum
3209 4480 3319 4530 quae
3339 4466 3400 4517 de
3433 4468 3508 4517 111.

316 4552 408 4600 vini
428 4555 477 4600 et
500 4549 683 4600 veneris
696 4552 928 4611 expertes,
996 4550 1093 4596 Hos
1112 4560 1224 4595 eum
1245 4547 1431 4609 regibus
1446 4544 1507 4593 dc
1524 4546 1678 4595 causis
1702 4560 1860 4595 rerum
1949 4544 2059 4594 seris
2098 4547 2428 4594 memorantur
2462 4546 2511 4593 et
2539 4556 2649 4605 quae
2684 4542 2745 4592 ad
2795 4545 3020 4605 pietatem
3054 4545 3511 4608 sanctimoniamque

317 4628 715 4689 interrogantibus
742 4640 825 4689 per
857 4625 1051 4674 nuntios
1072 4624 1311 4686 colloqui,
1336 4626 1384 4672 et
1411 4636 1495 4686 per
1519 4623 1624 4671 illos
1645 4623 1807 4672 divina
1834 4637 1862 4672 a
1949 4621 2205 4683 pertinent,
2230 4620 2368 4683 periti
2393 4618 2503 4669 sint.
2536 4620 2659 4669 Cum
2684 4620 2926 4670 nonnullis
2944 4622 3165 4672 mulieres
3187 4635 3382 4685 quoque
3400 4624 3509 4685 phi·

318 4707 502 4769 regibus
524 4706 616 4755 coli
635 4707 685 4755 et
702 4704 899 4767 placari.
986 4706 1098 4752 Post
1116 4702 1352 4752 silvicolas
1375 4702 1423 4751 in
1450 4701 1632 4751 honore
1654 4701 1864 4752 medicos
1950 4699 2184 4761 losophari
2207 4711 2238 4748 a
2262 4698 2477 4748 venereis
2502 4697 2619 4748 item
2641 4698 2953 4748 abstinentes.

309 4796 441 4845 esse,
466 4786 521 4833 ut
546 4782 631 4845 qui
663 4782 791 4831 circa
813 4779 1055 4830 hominem
1085 4779 1497 4842 philosophentur,
1531 4779 1735 4842 frugales
1754 4781 1864 4843 qui-
2677 4782 2766 4833 41.

318 4864 427 4912 dem
440 4900 454 4925 ,
476 4875 571 4911 11011
591 4864 753 4911 tamen
774 4860 865 4909 sub
888 4859 1001 4908 divo
1026 4858 1251 4922 degentes
1265 4895 1281 4922 ‚
1302 4871 1446 4921 oryza
1467 4860 1518 4908 et
1537 4858 1687 4907 farina
1706 4859 1865 4910 viven-
2018 4863 2343 4925 Megasthenes
2355 4862 2662 4913 historiarum
2677 4860 2897 4925 scriptor,
2915 4862 3124 4925 quicum
3139 4864 3339 4914 Seleuco
3365 4865 3502 4917 Nica·

317 4945 411 5005 tes,
448 4954 559 5004 quae
588 4952 732 4990 nemo
753 4940 947 5002 rogatus
964 4936 1234 4999 ethospltio
1273 4950 1356 4987 eos
1384 4937 1623 4998 excipiens
1644 4952 1740 4987 non
1770 4938 1864 4988 lar·
1956 4944 2060 4990 tore
2098 4939 2243 5000 vixit,
2263 4939 2385 4989 libro
2420 4938 2563 4989 tertio
2594 4942 2667 4990 De
2693 4940 2835 4989 rebus
2865 4939 3092 4990 ludorum
3123 4941 3290 4991 scribit
3311 4942 3440 4991 hunc
3458 4943 3508 4991 in

316 5023 484 5083 giatnr.
553 5023 691 5070 Posse
713 5030 795 5068 eos
830 5016 974 5067 etiam
1010 5015 1240 5066 secundos
1278 5015 1457 5077 facere,
1481 5017 1531 5064 et
1572 5016 1778 5065 marium
1821 5023 1868 5066 et
1954 5018 2172 5067 modum.
2206 5036 2229 5059 «ι
2255 5020 2570 5079 Quaecunque
2607 5017 2668 5066 de
2708 5030 2869 5067 rerum
2895 5018 3067 5067 natura
3095 5018 3157 5067 ab
3196 5020 3404 5083 antiquis
3433 5020 3508 5069 dt·

320 5098 596 5148 seminarum
638 5094 1011 5159 procreationem
1049 5092 1407 5142 medicamentis
1440 5095 1678 5154 prestare.
1766 5096 1867 5143 Me·
1956 5098 2151 5157 cuntur,
2181 5093 2345 5143 eadem
2369 5094 2515 5143 etiam
2557 5093 2620 5142 ab
2642 5094 2697 5142 iis
2730 5094 3054 5157 philosophis,
3087 5095 3170 5158 qui
3195 5100 3332 5145 extra
3369 5100 3508 5147 (31111-

314 5175 517 5223 ‹lic-inam
538 5174 789 5236 plurimam
823 5185 909 5235 per
930 5172 1061 5222 cibos
1082 5171 1271 5235 pertici,
1292 5184 1387 5221 nou
1424 5172 1583 5219 autem
1610 5182 1694 5233 per
1726 5171 1871 5221 medi·
1956 5174 2077 5220 ciam
2115 5175 2255 5233 sunt,
2293 5170 2544 5231 docentur,
2574 5171 2748 5233 partim
2775 5184 2803 5220 a
2845 5171 3219 5223 Brachmanibns
3249 5172 3510 5228 ludorum.

318 5255 534 5301 <tamenta
560 5272 572 5302 ι
598 5266 658 5301 ex
690 5250 1046 5302 medicamentis
1081 5250 1291 5301 maxime
1320 5249 1567 5300 unctiones
1602 5249 1791 5311 probari
1823 5254 1871 5300 et
1958 5252 2129 5314 partim
2149 5264 2177 5299 a
2195 5249 2375 5301 Judaeis
2393 5249 2557 5313 Syriis.
2579 5267 2607 5292 n
