4016 5916
711 340 1155 424 SAMlORUM,
1202 351 1543 425 COORUM,
1586 353 2079 423 Rammium,
2124 354 2530 415 CIANORUM
2575 355 3084 417 RESPUBLICAE.

3390 369 3490 421 161

389 488 549 544 Idem
573 506 622 544 e.
651 485 725 541 28
755 504 768 540 z
796 487 882 540 De
902 482 1259 552 erudelitate,
1285 502 1395 557 qua
1418 485 1778 540 Athenienses
1806 496 1861 541 et
1952 487 2059 548 κοῖς
2085 480 2261 562 Ἄρεος
2283 482 2372 541 καὶ
2395 482 2606 559 Αἰγίνης
2626 487 3008 563 γενεαλογεῖται
3031 489 3064 557 ἡ
3097 487 3342 560 Σινώπη,
3361 486 3503 548 ’κατὰ

307 577 582 633 Periclem
623 575 682 629 in
717 574 895 628 victos
934 568 1151 626 Samios
1176 572 1408 627 saeviisse
1444 573 1611 627 Duris
1642 583 1859 639 narrat,

308 664 448 719 nihil
498 660 729 718 tradunt
780 655 897 716 οὔτε
941 655 1264 727 Θουκυδίδης
1307 655 1422 714 οὔτε
1476 653 1702 737 Ἔφορος
1747 655 1862 715 οὔτε

310 748 688 827 Ἀριστοτέλης.
881 735 892 748 ’

393 839 647 907 [Aristot.
691 835 816 892 Pol.
866 836 979 904 111,
1012 832 1077 903 8,
1107 839 1139 899 l.
1171 851 1186 891 ε
1214 835 1575 890 Athenienses
1618 832 1861 903 Samios,

312 927 481 981 Chios
499 936 553 980 et
574 923 804 979 Lesbios
821 916 1178 978 ἐταπείνωσαν
1204 917 1350 999 παρὰ
1372 917 1464 985 τὰς
1493 918 1802 997 συνθήκαᾳ]

946 1041 1235 1127 [mim]

1000 1166 1174 1251 [184]

394 1281 660 1358 [Aristot.
705 1279 832 1336 Pol.
862 1283 943 1349 V,
991 1286 1021 1345 l.
1043 1320 1060 1349 ‚
1092 1298 1125 1333 2
1167 1297 1182 1334 ε
1229 1276 1323 1336 Ἐν
1353 1280 1445 1358 Κῷ
1468 1282 1502 1348 ἡ
1537 1276 1864 1354 δημοκρατία

314 1367 570 1444 μετέὸαλε
610 1369 849 1446 πονηρῶν
877 1364 1222 1442 ἐγγενομένων
1273 1366 1632 1445 δημαγωγῶν·
1680 1368 1727 1424 οἱ
1764 1364 1865 1443 γὰρ

311 1453 559 1533 γνώριμοι
585 1453 966 1531 συνέστησαν.]

904 1584 1271 1663 [vomax]

1025 1708 1156 1765 185.
1337 1666 1364 1692 ⁴

403 1832 584 1910 [Idem
612 1834 689 1902 V,
725 1838 755 1897 l.
777 1873 793 1903 ,
826 1850 857 1886 2
893 1851 907 1886 :
937 1829 1041 1890 Καὶ
1066 1832 1118 1888 ἐν
1146 1829 1312 1908 Ῥόδῳ
1342 1829 1445 1911 (sc.
1473 1834 1505 1900 ἡ
1539 1830 1863 1909 δημοκρατία

315 1917 572 1992 μετέὸαλε
601 1920 840 1997 πονηρῶν
871 1915 1214 1996 ἐγγενομένων
1249 1919 1642 1996 δημαγωγῶν)·
1682 1922 1862 1993 μισθο-

314 2005 480 2087 φοράν
514 2028 570 2063 τε
610 2004 712 2084 γὰρ
760 2007 806 2063 οἳ
853 2004 1155 2084 δημαγωγοὶ
1200 2003 1463 2084 ἐπόριζον,
1512 2004 1599 2063 καὶ
1642 2004 1863 2062 ἐκώλυον

277 2135 291 2148 .
316 2091 619 2152 ἀποδιδόναι
648 2092 714 2148 τὰ
750 2091 1058 2172 ὀφειλόμενα
1087 2092 1191 2157 τοῖς
1224 2090 1582 2170 τριηράρχοις·
1613 2092 1661 2148 οἱ
1692 2089 1745 2148 δὲ
1776 2090 1861 2147 διὰ

312 2177 409 2246 τὰς
444 2175 816 2258 ἐπιφερομένοις
855 2179 1000 2245 δίκας
1025 2178 1447 2255 ἠναγκάσθησαν·
1461 2178 1736 2243 συστάντες
1764 2201 1863 2235 κα·

314 2269 541 2325 ταλῦσαι
567 2266 654 2325 τὸν
685 2267 867 2343 δῆμον.

395 2360 474 2426 V,
501 2376 565 2425 2,
599 2356 631 2412 5
663 2375 677 2410 ε
718 2352 821 2414 Διὰ
844 2354 896 2411 δὲ
933 2351 1091 2434 φόὸον
1122 2352 1482 2421 στασιάζουσιν
1510 2350 1563 2411 οἴ
1586 2375 1641 2410 τε
1677 2354 1864 2425 ἠδικη-

314 2440 496 2517 κότες,
523 2441 740 2508 δεδιότες
763 2440 836 2517 μὴ
867 2443 992 2500 δῶσι
1020 2441 1196 2512 δίκην,
1224 2441 1314 2498 καὶ
1336 2442 1398 2499 ὀἱ
1440 2438 1715 2516 μέλλοντες
1744 2442 1858 2497 ἀδι-

314 2521 550 2595 κεῖσθαι,
585 2520 891 2600 βουλόμενοι
924 2519 1118 2601 φθάσαι
1146 2519 1268 2599 πρὶν
1318 2520 1651 2591 ἀδικηθῆναι,
1689 2517 1865 2598 ὥσπερ

316 2611 371 2668 ἰν
396 2607 568 2690 Ῥόδῳ
590 2606 911 2679 συνέστησαν
931 2612 978 2668 οῖ
1000 2605 1251 2688 γνώριμοι
1267 2606 1353 2667 ἐπὶ
1373 2606 1460 2666 τὸν
1480 2607 1642 2683 δῆμον
1666 2607 1750 2664 διὰ
1774 2606 1865 2673 τὰς

316 2696 690 2777 ἐπιφερομένας
718 2696 885 2763 δίκας.

396 2790 472 2855 V,
499 2806 563 2856 2,
595 2787 630 2843 6
682 2807 696 2842 :
740 2782 842 2844 Διὰ
883 2783 1262 2866 καταφρόνησιν
1301 2782 1355 2842 δὲ
1400 2782 1489 2842 καὶ
1531 2784 1865 2852 στασιάζουσι

315 2871 409 2931 καὶ
432 2872 739 2931 ἐπιτίθενται
755 2916 771 2945 ,
796 2862 967 2934 οἷον...
1001 2876 1052 2931 ἐν
1070 2881 1183 2939 ταῖς
1203 2871 1636 2952 δημοκρατίαιςοί
1661 2871 1866 2950 εὔποροι

318 2961 804 3041 καταφρονήσαντες
829 2965 921 3033 τῆς
962 2960 1170 3029 ἀταξίας
1197 2962 1287 3019 καὶ
1316 2958 1632 3040 ἀναρχίας...
1667 2951 1772 3018 οἷον
1812 2963 1864 3017 ἐν

314 3047 490 3129 Ῥόδῳ
519 3054 546 3108 ὁ
574 3051 737 3125 δῆμος
765 3048 1067 3131 (διεφθάρη)
1086 3047 1187 3129 πρὸ
1208 3052 1299 3119 τῆς
1322 3047 1785 3127 ἐπαναστάσεως.]

849 3177 1336 3255 (simulam.)
1384 3213 1395 3224 .

1032 3310 1158 3368 186.

401 3427 583 3483 Schol.
612 3426 802 3501 Apoll.
832 3424 1025 3480 Rhod.
1054 3427 1139 3493 ΙΙ,
1167 3425 1281 3497 9318
1311 3444 1324 3478 z
1349 3421 1443 3481 Ἔν
1469 3420 1524 3479 δὲ
1553 3426 1656 3487 τοῖς
1677 3422 1867 3501 Ὀρφι-

321 3593 434 3641 ιιιῑο
463 3593 739 3653 caruerant,
759 3589 1075 3639 advexerunt.
1100 3591 1262 3649 lpsum
1280 3599 1473 3650 quoqne
1502 3587 1731 3638 Periclem
1756 3590 1870 3636 ante

320 3668 490 3733 proelio
511 3667 668 3717 navali
689 3666 868 3717 victum
893 3677 923 3715 a
948 3665 1136 3715 Melisso
1157 3664 1326 3725 fuisse,
1356 3664 1626 3714 Aristoteles
1653 3664 1835 3713 scribit.

384 3744 711 3811 [Athenienses
740 3743 950 3805 Samios,
980 3740 1128 3792 Chios
1145 3742 1193 3790 et
1225 3740 1416 3790 Lesbios
1437 3743 1603 3790 contra
1621 3744 1757 3804 pacta
1792 3741 1868 3790 de·

323 3820 637 3889 premerunt-l

892 3903 1261 3977 [COORUM.
1283 3909 1302 3973 ]

1014 4033 1183 4102 [184]

387 4148 461 4214 [ln
484 4149 637 4199 insula
655 4149 725 4198 co
743 4145 1035 4198 democratia
1050 4144 1233 4193 mutata
1250 4145 1347 4203 est,
1370 4142 1546 4192 exortis
1564 4141 1611 4191 in
1632 4155 1686 4191 ea
1702 4141 1873 4203 impro-

325 4226 398 4277 bis
417 4225 716 4289 demagogls:
744 4224 927 4274 nobiles
948 4222 1075 4272 enim
1108 4218 1408 4284 coiverunt]

817 4335 837 4400 ι’
856 4327 1379 4398 RHODIORUM.]

1000 4452 1187 4528 ‘[1s.3.]

387 4572 526 4638 [item
557 4571 711 4622 Rhodi
730 4569 1054 4633 (democratia
1079 4572 1267 4620 mutata
1294 4571 1393 4632 est,
1423 4568 1604 4620 exortis
1634 4568 1683 4617 in
1701 4582 1756 4618 ea
1780 4569 1873 4617 im-

327 4649 487 4714 probis
512 4649 842 4713 detnagogis);
868 4648 1047 4699 reditus
1078 4649 1206 4699 enim
1238 4648 1299 4698 ad
1318 4647 1587 4700 mercedem
1611 4649 1873 4698 transfere·

1951 570 2007 627 δέ
2049 593 2190 635 τινας
2215 568 2390 649 Ἄρεος
2435 571 2525 628 καὶ
2577 572 2916 652 Παρνάσσης,
2963 573 3078 631 κατ’
3124 574 3371 651 Εὔμηλον
3412 576 3503 635 καὶ

1953 657 2310 735 Ἀριστοτέλην
2330 702 2345 729 ,
2405 657 2668 717 Ἀσωποῦ·
2725 659 2814 716 καὶ
2867 651 3012 727 οὗτος
3075 659 3169 738 μέν
3226 685 3379 741 φησιν
3429 662 3507 721 ὅτι

1949 744 2108 804 Ἅλυν
2151 768 2208 803 τε
2249 745 2337 803 τὸν
2378 746 2612 823 ποταμὸν
2644 747 2904 818 ἐπλάνησε
2943 748 3035 806 καὶ
3075 748 3374 807 Ἀπόλλωνα
3417 751 3507 809 καὶ

1950 832 2079 903 Δία,
2111 832 2436 909 αἰτησαμένη
2475 837 2602 914 παρ’
2639 835 2808 892 αὐτῶν
2852 835 3130 915 πρότερον,
3173 834 3237 892 ἵν’
3282 836 3504 916 ἐπιτύχῃ

1950 912 2011 978 οἷ
2034 918 2094 978 ἂν
2116 919 2308 979 ἐθέλοι·
2330 920 2508 980 ἔπειτα
2531 924 2748 981 εἰποῦσα
2773 923 3048 1001 παρθενίας
3070 924 3367 1003 ὀρέγεσθαι,
3394 926 3509 984 ταύ·

1951 1030 2042 1079 της
2071 1006 2316 1087 ἐπέτυχεν
2346 1011 2415 1075 ὡς
2439 1008 2503 1067 ἂν
2538 1008 2677 1090 ὅρκῳ
2702 1008 2987 1088 δεδεμένων
3018 1014 3205 1070 αὐτῶν.

2032 1098 2355 1156 Secundum
2388 1104 2881 1177 Philostephanum
2923 1122 3016 1178 ap.
3054 1105 3227 1160 schol.
3261 1105 3302 1160 l.
3343 1106 3382 1165 l.
3414 1106 3499 1161 Si·

1952 1206 2100 1261 nope
2129 1206 2159 1243 e
2193 1189 2408 1243 Boeotia
2436 1201 2597 1263 rapta
2625 1193 2873 1264 Apollini
2898 1192 3048 1266 parit
3070 1193 3278 1264 Syrum
3307 1189 3504 1246 lilium.

1952 1274 2241 1329 Iudicatur
2268 1277 2591 1350 genealogia
2639 1281 2863 1333 Boeotos
2903 1281 3154 1352 Sinopen
3199 1280 3503 1345 habitasse,

1953 1373 2246 1434 antequam
2279 1364 2474 1418 Milesii
2506 1366 2786 1420 coloniam
2807 1386 2875 1420 eo
2905 1368 3208 1422 mitterent.
3252 1366 3318 1421 Id
3350 1367 3507 1439 quod

1953 1445 2025 1503 de
2054 1450 2174 1503 aliis
2216 1452 2473 1523 pluribus
2499 1452 2663 1523 hujus
2703 1465 2909 1508 tractus
2951 1453 3176 1529 oppidis
3205 1454 3372 1511 valet.
3420 1454 3505 1509 Cs.

1952 1536 2175 1590 Miiller.
2207 1539 2356 1594 Min.
2379 1557 2433 1611 p.
2457 1545 2591 1612 294.
2627 1540 2864 1596 Andron
2894 1543 3057 1596 Teius
3083 1541 3153 1598 sr.
3184 1559 3239 1599 2.

2578 1706 2887 1766 KIA'NQN'.

2672 1868 2796 1939 187.

2032 2025 2220 2081 Schol.
2249 2026 2437 2099 Apoll.
2485 2025 2594 2082 Rh.
2626 2027 2679 2092 1,
2720 2045 2737 2080 1
2759 2046 2863 2096 177
2900 2046 2913 2081 :
2939 2021 3096 2085 Ἔστι
3125 2024 3178 2083 δὲ
3211 2027 3383 2105 (Κίος)
3413 2028 3503 2087 πό-

1953 2111 2033 2177 λις
2065 2108 2298 2181 Μυσίας,
2339 2108 2443 2167 ἀπὸ
2475 2109 2604 2170 Κίου
2644 2115 2731 2167 τοῦ
2763 2110 3175 2190 ἀφηγησαμένου
3203 2117 3292 2183 τῆς
3331 2117 3505 2187 Μιλη-

1955 2197 2079 2255 σίων
2105 2195 2375 2267 ἀποικίας,
2403 2200 2472 2263 ὡς
2501 2199 2698 2275 ἱστορεῖ
2725 2196 3076 2276 Ἀριστοτέλης
3111 2201 3162 2256 ἐν
3193 2202 3398 2258 Κιανῶν
3418 2224 3508 2259 πο-

1953 2283 2138 2364 λιτεία.
2177 2280 2509 2365 Κατ-ᾤκησαν
2552 2282 2604 2341 δὲ
2654 2284 2811 2354 αὐτὴν
2841 2290 3044 2365 πρῶτον
3088 2287 3295 2359 Μυσοὶ,
3324 2287 3504 2347 ἔπειτα

1957 2374 2157 2450 Κᾶρες,
2183 2370 2351 2450 τρίτον
2378 2370 2644 2443 Μιλήσιοι.

2037 2458 2160 2526 Κίος
2183 2461 2333 2536 (11011
2360 2460 2502 2530 Κῖος,
2549 2482 2604 2517 v,
2646 2462 3004 2537 Dindorf2in
3035 2468 3116 2521 St.
3149 2466 3309 2522 Thes,
3339 2486 3383 2521 S.
3417 2467 3503 2542 v.)

1952 2551 2051 2604 sita
2076 2568 2257 2622 prope
2290 2545 2414 2605 Κίον
2443 2548 2677 2605 fluvium
2718 2550 2788 2605 ad
2819 2552 3146 2606 orientalem
3173 2569 3328 2606 oram
3362 2554 3510 2607 sinus

1953 2636 2159 2691 Cianei.
2193 2640 2255 2694 V.
2296 2637 2572 2692 Ilerodot.
2615 2640 2685 2703 V,
2725 2656 2863 2703 122,
2893 2638 3162 2711 Xenoph.
3201 2640 3276 2694 Η.
3308 2638 3408 2696 Gr.
3441 2638 3501 2705 I,

1957 2729 1986 2788 l.
2006 2767 2021 2791 ,
2055 2744 2085 2795 7
2106 2767 2121 2793 ‚
2152 2722 2347 2798 Scylax
2378 2724 2410 2798 §
2439 2744 2543 2799 92,
2574 2725 2774 2779 Strabo
2820 2724 2963 2795 xil,
2991 2744 3050 2799 p.
3085 2724 3195 2780 563
3227 2744 3336 2798 sq.‚
3367 2728 3510 2781 Mela

1956 2812 2013 2887 1,
2062 2832 2156 2888 19,
2203 2820 2264 2878 4,
2311 2814 2597 2868 Memnon.
2644 2831 2694 2866 c.
2741 2818 2806 2877 41
2853 2824 2974 2866 not.
3024 2814 3209 2885 Etynn.
3254 2814 3334 2869 M.
3379 2832 3421 2868 s,
3452 2833 3504 2865 v.

1955 2901 2144 2958 Schol.
2177 2901 2393 2958 Platon.
2426 2920 2486 2976 p.
2530 2899 2641 2966 466
2685 2899 2924 2957 Bekker.
2954 2900 3214 2956 Ceterum
3241 2898 3508 2954 Straboni

1956 2991 1996 3044 l.
2030 2990 2068 3043 l.
2097 2989 2251 3057 Cius,
2281 2989 2437 3042 urbis
2464 2988 2747 3057 eonditor,
2776 2991 3102 3063 Argonauta
3131 3000 3209 3043 est
3247 2998 3302 3042 et
3328 2991 3511 3043 socius

1957 3076 2234 3133 Herculis,
2267 3077 2377 3130 Pro
2418 3076 2519 3132 Cio
2565 3077 2904 3148 Apollonius
2932 3078 2989 3144 1,
3044 3076 3184 3131 1321
3222 3075 3546 3149 Polyplie-‘

1956 3183 2110 3219 mum
2136 3165 2317 3237 ponit.
2344 3162 2425 3219 Cf.
2455 3163 2676 3218 Miiller.
2705 3165 2852 3218 Min.
2875 3183 2936 3237 p.
2970 3164 3104 3237 293.

2037 3250 2205 3325 Apud
2231 3250 2494 3305 Photium
2534 3249 2664 3304 cod.
2715 3250 2816 3304 161
2868 3252 3107 3323 Sopater
3147 3251 3288 3306 inter
3335 3250 3512 3305 sontes

1956 3338 2088 3392 libri
2125 3336 2238 3392 ΧΠ
2295 3334 2553 3391 habuisse
2608 3335 2814 3390 dicitur
2867 3337 3179 3391 Aristotelis
3240 3334 3504 3390 πολιτείαν

1964 3420 2103 3480 Κίων
2135 3439 2151 3474 2
2181 3421 2339 3495 quod
2362 3433 2458 3476 aut
2484 3422 2692 3478 Κιανῶν
2719 3422 2915 3491 fuerit,
2950 3433 3047 3478 aut
3076 3420 3267 3478 Κείων.

1958 3585 2215 3646 laedantur,
2238 3582 2643 3646 quemadmodum
2661 3583 2815 3633 Rhodi
2841 3584 3025 3634 nobiles
3054 3583 3102 3632 in
3122 3584 3352 3646 populum
3383 3586 3511 3632 coie-

1959 3663 2072 3712 runt
2095 3666 2288 3724 propter
2306 3667 2554 3723 poenarum
2573 3662 2777 3709 metum.

2024 3742 2222 3802 Propter
2243 3739 2571 3802 contemptum
2588 3736 2868 3788 seditionem
2886 3737 3099 3788 excitant
3121 3740 3170 3789 et
3187 3738 3367 3803 impetu
3387 3741 3513 3790 facto

1959 3819 2006 3866 in
2026 3817 2144 3867 alios
2163 3816 2417 3876 invadunt,
2437 3817 2547 3865 ut...
2566 3815 2615 3864 in
2634 3814 2937 3865 democratiis
2954 3813 3218 3877 locupletes
3238 3818 3513 3879 contempta

1959 3893 2235 3944 confusione
2256 3894 2305 3943 et
2330 3892 2689 3956 perturbatione
2711 3904 2871 3941 rerum
2891 3891 3225 3954 imperiique...
3257 3892 3336 3943 Sic
3358 3893 3513 3942 Rhodi

1958 3972 2199 4036 popularis
2213 3973 2367 4021 status
2384 3970 2700 4020 labefactatus
2711 3973 2785 4019 est
2801 3972 2914 4019 ante
2930 3969 3190 4020 secundam
3205 3969 3510 4033 optimatium

1959 4047 2307 4111 rebellionem]

2438 4145 3004 4222 (smopsswsmm.
3018 4144 3037 4222 )

2023 4350 2076 4397 ln
2098 4346 2315 4410 Orpliicis
2336 4344 2629 4395 carminibus
2655 4344 2822 4395 Martis
2848 4346 2899 4394 et
2929 4343 3109 4406 AEginae
3132 4342 3231 4392 filia
3255 4342 3397 4394 tuisse
3433 4345 3511 4395 Si·

1961 4435 2085 4485 nope
2118 4421 2312 4480 dicitur,
2349 4422 2476 4484 apud
2503 4421 2757 4470 nonnullos
2792 4420 2959 4470 startis
2992 4424 3041 4469 et
3077 4422 3355 4483 Parnasses3
3385 4420 3512 4482 apud

1964 4499 2220 4552 Eumelum
2239 4502 2290 4549 et
2309 4499 2611 4549 Aristotelem
2636 4497 2797 4560 Asopi.
2821 4502 2886 4547 Ac
2905 4497 2984 4546 hie
3005 4495 3202 4559 quidem
3225 4498 3386 4546 narrat
3406 4511 3512 4547 eam

1959 4578 2199 4640 decepisse
2217 4579 2265 4626 et
2291 4577 2445 4639 Halyn
2469 4579 2517 4625 et
2541 4575 2806 4638 Apollinem
2832 4577 2880 4624 et
2898 4577 3087 4624 lovem.
3122 4573 3360 4624 petiverat
3385 4575 3514 4624 enim

1961 4661 2016 4706 ut
2056 4657 2266 4720 primum
2298 4655 2401 4718 ipsa
2433 4655 2489 4705 iis
2524 4668 2634 4717 quoe
2669 4654 2935 4717 postularet
2970 4654 3232 4716 potiretur;
3253 4653 3516 4717 postulasse

328 4727 468 4790 bant,
503 4733 557 4794 et
583 4726 854 4777 triremium
890 4726 1128 4789 proet'ectis
1154 4727 1286 4788 iusta
1321 4727 1587 4790 persolvere
1627 4725 1870 4775 vetabant·
1957 4737 2121 4784 autem
2147 4733 2310 4782 dicunt
2333 4730 2683 4794 virginitatem,
2723 4743 2927 4795 eamque
2948 4731 3239 4795 obtinuisse,
3266 4745 3417 4794 quum
3441 4732 3511 4781 illi

328 4804 401 4853 llli
419 4805 581 4854 sutem
596 4802 886 4866 judiciorum
906 4803 1143 4852 intentato
1170 4806 1302 4853 metu
1331 4802 1482 4852 coacti
1505 4802 1644 4864 sunt,
1666 4802 1878 4852 coitione
1954 4811 2230 4872 juramento
2257 4808 2473 4859 obstricti
2508 4809 2804 4859 tenerentur.

329 4879 450 4930 laets
463 4917 478 4943 ,
501 4879 662 4943 populi
682 4879 945 4944 potentiam
963 4881 1190 4930 evertere.

386 4959 585 5020 Propter
614 4959 804 5007 metum
824 4955 1110 5007 seditionem
1148 4957 1453 5006 commovent
1472 4957 1519 5005 et
1539 4955 1623 5019 qui
1646 4945 1868 5018 injuriam

327 5036 562 5094 lecerunt,
584 5047 645 5083 ne
669 5033 785 5084 dent
801 5045 996 5096 poenas,
1028 5034 1076 5082 et
1094 5033 1178 5097 qui
1205 5033 1506 5094 suspicantur
1542 5034 1758 5082 futurum
1774 5071 1788 5093 ‚
1815 5038 1869 5083 ut

325 5112 496 5176 injuris
517 5113 805 5176 afficiantur,
832 5113 1048 5163 volentes
1082 5114 1379 5163 antevertere
1397 5115 1669 5178 priusquam
1693 5115 1867 5177 injuste

479 5214 759 5249 mactent
782 5213 900 5250 msr.
924 5216 1004 5252 GR·
1027 5227 1077 5239 *-
1099 5218 1202 5253 vot..
1236 5219 1282 5254 lt.

2411 4999 2422 5014 ἱ
2526 4907 2939 4969 ΟΙΑΝΟΒΠΜ.

2661 5025 2778 5077 187.

2018 5116 2161 5180 Cius,
2191 5117 2350 5180 Mysiae
2377 5116 2519 5180 urbs,
2541 5130 2716 5167 nomen
2739 5117 2882 5168 habet
2899 5130 2927 5166 a
2951 5117 3065 5180 Cio,
3104 5115 3186 5180 qui
3219 5114 3512 5166 Milesiorum

3207 5212 3250 5251 ιι
