4016 5916
1724 300 2211 397 ΓιιΑῦΜΕΝτΑ.

432 484 459 512 α
482 460 853 518 Buttmannus
890 471 948 518 et
973 473 1099 518 ante
1129 480 1257 518 eum
1290 464 1511 520 Naekius
1534 465 1685 520 hunc
1712 465 1903 521 locum

348 549 430 605 ibi
455 548 647 605 sedem
676 548 931 604 habuisse
954 549 1348 622 conjecerunt,
1374 552 1475 607 ubi
1498 554 1558 607 in
1584 554 1905 609 universum

349 636 424 693 de
457 635 847 691 meretricibus
867 652 1049 691 sermo
1080 636 1291 709 suisset3
1320 638 1417 694 sed
1455 639 1595 695 alins
1632 649 1903 713 praeterea

346 723 748 780 sententiarum
797 740 1113 794 connexus,
1170 743 1284 797 quo
1327 726 1418 781 illa
1463 727 1637 783 verba
1678 727 1901 802 prolata

347 812 590 881 suerint,
636 811 874 886 cogitari
915 823 1130 884 potest,
1174 814 1252 869 ita
1297 824 1364 869 ut
1396 813 1469 869 de
1515 814 1731 871 diversa
1767 815 1903 870 belli

345 898 581 974 gerendi
610 899 830 954 ratione
857 897 1012 972 apud
1044 899 1236 956 Persas
1262 912 1318 957 ct
1354 901 1691 958 Macedones
1717 920 1900 976 expo-

344 987 513 1040 situm
555 983 902 1059 fuerit,‚pari
932 984 1062 1056 jure
1110 997 1279 1060 atque
1317 986 1462 1043 illud
1505 987 1783 1060 conjicere
1822 989 1900 1045 sas

345 1082 446 1128 est.
485 1094 508 1120 υ
544 1073 730 1128 Fumi.
763 1072 878 1128 Cur
916 1073 1082 1127 tertio
1116 1072 1263 1128 libro
1293 1071 1366 1129 de
1392 1062 1656 1148 'Philippo
1687 1086 1741 1130 et
1773 1076 1900 1130 Da-

347 1159 437 1214 rio
465 1158 837 1215 Codomanno
859 1176 1043 1214 sermo
1065 1158 1261 1228 fixerit,
1284 1177 1351 1215 ex
1375 1178 1441 1216 ea
1458 1178 1628 1235 quam
1655 1178 1759 1218 nos
1784 1172 1898 1217 sta-

343 1247 549 1301 tuimus
565 1247 843 1301 rationem
855 1247 1041 1320 operis
1054 1247 1363 1302 Dicaearchi
1383 1247 1566 1324 fuisse,
1588 1257 1788 1324 sponte
1810 1251 1895 1304 in·

343 1333 630 1409 telligitur.
663 1336 730 1393 V.
760 1333 1070 1391 introduct.

1071 1474 1160 1530 ¹9·

589 1599 774 1659 ΠΕΡΙ
816 1601 970 1660 ΤΗΣ
1014 1600 1110 1659 EN
1154 1600 1308 1683 ιΛιῼ
1349 1602 1648 1662 ΘΥΣΙΑΣ.

418 1732 621 1788 Athen.
641 1732 803 1804 XIII,
822 1751 880 1806 p.
897 1731 1033 1802 603,
1050 1734 1116 1801 A,
1133 1734 1176 1787 Β
1195 1752 1209 1788 2
1231 1728 1496 1799 Φιλόπαις
1516 1732 1562 1791 δ’
1576 1725 1640 1805 ἦν
1657 1736 1893 1812 ἐκμανῶς

340 1814 431 1875 καὶ
470 1814 710 1884 'Ausus
828 1821 856 1875 ὁ
890 1815 1149 1894 βασιλεύς.
1195 1816 1516 1898 Δικαίαρχος
1556 1824 1677 1898 γοῦν
1721 1823 1774 1881 ἐν
1816 1826 1891 1903 τῷ

340 1894 577 1976 περὶτῆς
612 1897 667 1953 ἔν
692 1894 708 1917 ’
773 1895 834 1976 ίῳ
861 1895 1038 1962 θυσίας
1065 1895 1285 1974 Βαγώου
1324 1903 1415 1956 τοῦ
1450 1898 1696 1978 εὐνούχου
1733 1898 1892 1969 οὕτως

341 1979 493 2041 αὐτόν
522 2004 676 2063 φησιν
711 1985 997 2056 ἡττᾶσθαι,
1018 1985 1088 2049 ὡς
1113 1983 1166 2041 ἕν
1194 1983 1312 2062 ὄψει
1342 1983 1556 2065 θεάτρου
1585 1986 1706 2045 ὅλου
1732 2011 1893 2047 κατα-

339 2069 505 2150 φιλεῖν
535 2068 687 2128 αὐτὸν
714 2068 1117 2143 ἀνακλάσαντα,
1145 2068 1235 2129 καὶ
1260 2074 1361 2130 τῶν
1406 2076 1600 2131 θεατῶν
1625 2075 1891 2156 ἐπιφωνη-

339 2155 543 2216 σάντων
568 2153 702 2234 μετὰ
725 2152 943 2237 κρότου,
966 2157 1060 2216 οὔκ
1084 2157 1392 2232 ἀπειθήσας,
1413 2160 1568 2217 πάλιν
1590 2161 1892 2229 ἀνακλάσας

344 2244 368 2301 ἐ
409 2240 608 2314 ίλησεν.

371 2264 405 2323 ²?
420 2333 557 2405 Quae
572 2336 683 2392 hoc
704 2333 833 2390 loco
854 2332 926 2388 de
945 2333 1267 2389 Alexandro
1292 2333 1394 2409 (ad
1412 2335 1637 2408 Trojam
1660 2339 1888 2395 solenne

339 2417 672 2475 sacrificium
698 2419 974 2495 ludosque
1000 2420 1358 2498 instituente)
1395 2424 1674 2498 leg-untur,
1704 2444 1888 2499 neque

338 2507 640 2582 peculiaris
677 2508 871 2582 scripti
924 2518 1316 2584 argumentum
1369 2509 1649 2584 prodere,
1704 2531 1888 2587 neque

337 2594 567 2667 majoris
592 2597 678 2651 De
703 2593 987 2651 sacrificiis
1017 2598 1202 2671 operis
1225 2607 1447 2671 partem
1476 2598 1726 2655 indicare
1749 2600 1888 2655 mihi

337 2681 632 2752 videntur3
678 2699 885 2737 verum·
917 2701 1116 2738 censeo
1154 2684 1443 2757 pertinere
1480 2685 1600 2739 haec
1642 2685 1715 2742 ad
1755 2683 1884 2745 Βίου

340 2763 593 2834 Ἑλλάδος
630 2769 842 2825 librum
869 2771 1127 2840 tertium,
1144 2789 1274 2844 quo
1302 2773 1384 2826 sui
1413 2775 1681 2845 temporis
1704 2773 1886 2829 histo-

335 2857 477 2912 riam
505 2875 801 2931 moresque
828 2858 1181 2913 Dicaearchus
1209 2860 1549 2933 exposuerit.
1577 2861 1661 2918 cf.
1686 2863 1850 2917 Iason
1866 2904 1883 2933 ,

336 2943 641 3000 Dicaearchi
660 2944 930 3014 imitator,
957 2944 1110 3018 apud
1127 2945 1456 3003 Athenaeum
1472 2948 1632 3019 XIV,
1654 2968 1713 3023 p.
1742 2948 1855 3005 620
1869 2992 1886 3021 ‚

338 3032 433 3089 D:
467 3027 652 3089 Ἰάσων
692 3030 746 3088 iv
780 3029 970 3110 τρίτῳ,
994 3029 1115 3111 περὶ
1154 3034 1257 3089 τῶν
1283 3030 1616 3110 Ἀλεξάνδρου
1654 3035 1805 3112 ἱερῶν
1832 3036 1885 3092 ἰν

336 3114 697 3196 Ἀλεξανδρείᾳ
721 3115 875 3198 φησὶν
898 3119 952 3176 ἕν
966 3119 1041 3197 τῷ
1061 3118 1275 3198 μεγάλῳ
1294 3117 1492 3199 θεάτρῳ
1515 3120 1887 3200 ὑποκρίνασθαι

337 3199 602 3279 Ἡγησίαν
641 3202 729 3261 τὸν
774 3203 1026 3284 κωμῳδὸν
1067 3203 1135 3262 τὰ
1173 3203 1478 3285 Ἡροδότου,
1524 3205 1885 3289 Ἑρμόφαντον

338 3288 393 3347 δὲ
412 3288 479 3347 τὰ
500 3287 756 3370 Ὁμήρου.
779 3293 896 3349 Ubi
919 3294 1053 3349 item
1076 3293 1251 3350 verba
1269 3293 1322 3349 ἐν
1347 3292 1504 3371 τρίτῳ
1528 3296 1887 3371 intelligenda

334 3390 463 3435 sunt
489 3378 560 3435 de
587 3378 735 3435 libro
765 3382 930 3435 tertio
957 3382 1095 3435 Vitae
1137 3381 1389 3451 Graeciae,
1430 3400 1545 3454 qno
1586 3383 1886 3438 Alexandri

336 3477 592 3541 tempora
606 3477 839 3523 tractata
853 3486 967 3546 esse
985 3478 1141 3541 patet
1156 3486 1223 3523 ex
1250 3470 1344 3537 iis,
1373 3487 1495 3543 quae
1520 3469 1591 3524 de
1615 3469 1886 3527 divisione

334 3557 507 3611 totius
541 3556 725 3628 operis
759 3555 921 3610 affert
969 3555 1166 3611 Suidas
1208 3575 1263 3613 v,
1294 3551 1497 3613 Ἰάσων.
1547 3557 1631 3612 Cf.
1663 3560 1880 3634 Fragm.

335 3642 545 3715 Histqr.
581 3655 771 3698 rerum
794 3643 974 3712 Alex„
999 3662 1062 3716 p.
1102 3642 1209 3716 159
1233 3662 1315 3716 sq.

934 3803 1301 3831 ——QOQOQ—

530 3898 833 3956 SCRIPTA
875 3898 1309 3955 ARGUMENTI
1351 3898 1684 3958 POLITICI.

412 4037 609 4093 Cicero
641 4038 728 4091 De
768 4035 913 4111 legg.
957 4037 1069 4106 111,
1112 4034 1144 4091 5
1160 4076 1177 4105 ‚
1228 4040 1293 4099 14
1340 4053 1354 4089 ε
1393 4036 1526 4090 Post
1566 4037 1885 4090 Aristoteles

336 4127 631 4179 ilbestmoit
665 4141 879 4178 omnem
919 4122 1067 4177 hunc
1093 4124 1307 4178 civilem
1340 4126 1396 4177 in
1432 4124 1761 4196 disputando
1805 4125 1879 4177 lo-

334 4229 457 4267 cum
484 4212 912 4284 Heraclidesque
936 4211 1222 4276 Portubus,
1256 4207 1544 4284 profectus
1574 4211 1648 4265 ab
1687 4212 1877 4266 eodem

1051 4379 1136 4432 19.

332 4498 435 4559 DE
466 4496 489 4576 (
510 4497 1008 4575 ALEXANDRI)
1039 4498 1470 4560 SACRIFICIO
1503 4498 1607 4559 AD
1639 4498 1876 4559 lLlUM.

398 4619 662 4667 Puerorum
683 4629 847 4667 amore
865 4616 927 4666 sd
945 4617 1176 4667 insaniam
1192 4618 1337 4668 etiam
1357 4617 1554 4669 ardebat
1572 4631 1656 4667 rex
1680 4618 1878 4668 Alexan·

333 4694 438 4743 der.
466 4693 770 4744 Dicoesrcbus
803 4695 933 4744 certe
954 4694 1038 4744 ubi
1075 4693 1137 4744 (le
1161 4694 1344 4745 solenni
1383 4694 1614 4745 sacrificio
1644 4694 1707 4744 ad
1738 4695 1880 4745 Ilium

336 4771 566 4833 loquitur,
588 4770 749 4821 sitite
784 4770 1072 4833 impotenter
1110 4784 1295 4822 amasse
1330 4784 1441 4822 eum
1479 4774 1685 4834 Bagoam
1721 4777 1880 4822 eunu-

332 4848 507 4910 chum,
530 4849 588 4898 ut
606 4848 657 4897 in
689 4847 839 4898 totius
858 4847 1034 4898 theatri
1056 4851 1317 4910 conspectu
1348 4847 1525 4899 inflexo
1550 4861 1750 4912 corpore
1768 4861 1882 4898 eum

332 4934 630 4985 suaviaretur
669 4953 682 4984 ε
732 4933 1067 4997 plaudentibus
1101 4945 1215 4984 vero
1255 4935 1604 4998 spectatoribus
1634 4936 1684 4984 et
1717 4935 1879 4985 accla-

332 5011 606 5073 mantibus,
647 5012 810 5075 paruit
850 5011 1125 5075 iterumque
1160 5013 1290 5063 retro
1329 5012 1508 5063 innexo
1535 5025 1734 5075 corpore
1769 5025 1880 5063 eum

334 5088 582 5138 osculatus
602 5090 694 5139 est.

596 5171 872 5212 nannents
895 5173 1013 5212 nis-r.
1041 5175 1121 5212 en.
1150 5190 1202 5202 -
1221 5180 1332 5218 voi..
1367 5186 1419 5219 n.

3419 354 3526 406 2⁴1

1990 468 2249 525 Platone.
2286 468 2692 544 Theophrastus
2718 489 2839 526 vero
2857 475 3127 526 institutus
3154 466 3229 528 ub
3251 475 3542 531 Aristotele

1990 553 2289 623 habitavit,
2329 568 2391 611 ut
2403 560 2575 623 scitis,
2606 560 2661 610 in
2681 575 2746 612 eo
2767 575 2968 631 genere
2988 576 3194 627 rerum,
3228 561 3302 615 ab
3328 563 3542 618 eodem-

1990 660 2095 715 que
2134 644 2432 698 Aristotele
2465 644 2654 698 doctus
2692 643 3054 699 De'coeanhus
3094 645 3222 701 lem'c
3247 654 3454 705 rationi
3485 659 3544 705 et

1987 729 2164 784 studio
2188 747 2298 784 non
2318 727 2520 800 defuit.

2551 870 2972 932 ΠΟΛῙΤΕΙΑῙ.

2714 1034 2809 1073 20.

2012 1157 2525 1221 ΠΕΑΛΗΝΑῙΩΝ.
2577 1162 3021 1223 ΚΟΡΙΝΘῙΩΝ.
3076 1163 3499 1227 ΑΘΗΝᾹῙΩΝ.

2063 1306 2369 1368 Cicero‘Ad
2402 1311 2567 1369 Attic.
2593 1312 2678 1382 11,
2713 1329 2744 1365 2
2781 1330 2795 1369 :
2832 1310 3173 1382 Πελληναίων
3204 1319 3261 1369 in
3283 1317 3535 1371 manibus

1981 1399 2260 1466 tenebam,
2305 1409 2359 1453 ee
2388 1397 2571 1453 hercle
2611 1417 2874 1473 magnum
2920 1416 3190 1457 acervum·
3206 1403 3538 1459 ‘Dicaearclei

1982 1484 2127 1541 mihi
2155 1498 2284 1545 ante
2306 1487 2480 1560 perles
2518 1499 2924 1543 exswuxemm.
2960 1490 3010 1545 Ο
3036 1509 3300 1565 magnum
3347 1491 3532 1548 home·-
3652 1520 3663 1531 ·

1980 1591 2127 1642 nem,
2158 1584 2215 1628 et
2229 1593 2267 1628 a
2284 1592 2390 1648 quo
2413 1575 2581 1629 multo
2590 1576 2766 1647 plura
2778 1576 3041 1631 didt'ceris
3057 1596 3224 1652 quam
3246 1580 3319 1635 de
3338 1581 3531 1636 Proci-

1982 1662 2077 1716 lio.
2110 1658 2392 1740 Κορινθίων
2419 1674 2478 1717 et
2500 1658 2783 1731 Ἀθηναίων
2807 1677 2944 1738 puto
2975 1685 3063 1721 me
3082 1668 3275 1722 Romae
3301 1667 3527 1726 habere.

1978 1749 2132 1803 Miser·
2152 1750 2358 1818 credes,
2391 1751 2513 1823 lege
2535 1755 2613 1805 sis
2631 1750 2756 1805 hoec
2787 1756 2894 1807 otio
2910 1793 2926 1822 ,
2960 1754 3314 1810 admirabilis
3337 1761 3416 1811 vir
3430 1770 3527 1816 est.

1976 1837 2128 1894 Nihil
2149 1855 2217 1893 ex
2243 1831 2329 1893 his
2351 1849 2641 1911 superstes.
2664 1840 2920 1896 Ceterum
2954 1842 3274 1898 Buttmanni
3308 1845 3529 1918 opinio·

1977 1942 2107 1979 nem
2144 1944 2214 1980 ex
2243 1943 2351 1999 qua
2382 1926 2800 1982 Atheniensium
2818 1969 2833 1996 ,
2877 1929 3295 1985 Corinthiorum
3321 1943 3377 1987 et
3404 1930 3532 1988 Pel-

1975 2014 2280 2068 lenaeorum
2310 2008 2464 2087 (qno
2492 2015 2721 2069 nomine
2758 2016 3006 2072 Thebani
3046 2016 3524 2096 significarentur)

1975 2097 2194 2154 Politiae
2221 2102 2595 2174 Tripoliticum
2619 2101 2925 2156 Dicaearchi
2947 2105 3382 2175 constituissent,
3400 2105 3528 2178 jure

1975 2186 2231 2260 explodit
2257 2188 2506 2243 Osannus
2528 2187 2566 2242 l.
2599 2188 2637 2242 1.
2664 2205 2720 2261 p.
2754 2186 2820 2243 13
2849 2207 2973 2262 sqq.

2701 2348 2795 2384 21.

2491 2462 3005 2521 ΣΠΑΡΤῘΑἸῺΝ.

2053 2593 2268 2648 διιίᾶαῡ.
2290 2611 2346 2652 v,
2365 2591 2680 2671 Δικαίαρχος
2700 2615 2712 2648 :
2738 2582 2900 2659 Οὗτος
2924 2591 3116 2672 ἔγραψε
3136 2592 3227 2664 τὴν
3255 2596 3522 2655 πολιτείαν

1973 2679 2352 2759 Σπαρτιατῶν·
2379 2678 2469 2736 καὶ
2508 2679 2661 2757 νόμος
2697 2678 2844 2750 ἐτέθη
2884 2682 2936 2737 ἐν’
2980 2679 3358 2757 Λακεδαίμονι,
3404 2687 3522 2744 καθ’

1972 2765 2190 2824 ἕκαστον
2235 2765 2346 2833 ἔτος
2398 2766 2841 2844 ἀναγινώσκεσθαι
2892 2765 2979 2824 τὸν
3017 2767 3171 2845 λόγον
3221 2771 3290 2836 εἰς
3325 2769 3384 2828 τὸ
3420 2774 3522 2829 τῶν

1972 2852 2167 2934 ἐφόρων
2202 2853 2451 2937 ἀρχαῖον,
2486 2851 2603 2919 τοὺς
2642 2852 2696 2911 δὲ
2725 2852 2819 2925 τὴν
2863 2853 3121 2926 ἠὸητικῆν
3161 2852 3372 2933 ἔχοντας
3406 2861 3525 2928 ἡλι-

1974 2940 2091 3002 κίαν
2118 2944 2423 3023 ἀκροᾶσθαι.
2453 2940 2561 3003 Καὶ
2587 2945 2740 3001 τοῦτο
2758 2940 3012 3022 ἐκράτησε
3039 2940 3195 3022 μέχρι
3223 2944 3439 3002 πολλοῦ.

2053 3030 2123 3097 εἰς
2150 3029 2243 3108 τὸ]
2268 3049 2338 3087 ex
2364 3032 2590 3088 serioris
2617 3033 2721 3087 aevi
2747 3050 2853 3086 usu
2875 3049 2986 3105 pro
3025 3030 3078 3086 ἐν
3117 3032 3213 3108 τῷ.
3245 3063 3326 3076 —
3359 3034 3525 3090 Cete-

1972 3139 2100 3175 rum
2124 3138 2300 3193 quum
2321 3138 2389 3176 ex
2408 3130 2672 3193 sequente
2701 3120 3015 3194 fragmento
3034 3130 3256 3192 pateat,
3286 3123 3524 3177 Dicaear·

1974 3209 2142 3263 chum
2179 3209 2240 3262 in
2281 3206 2637 3285 Τριπολιτικῷ
2683 3206 2755 3262 dc
2804 3208 3208 3280 Spartanorum
3259 3210 3524 3265 institutis

1974 3295 2201 3364 dixisse,
2235 3294 2456 3349 dubites
2480 3313 2619 3349 num
2648 3294 2765 3349 haec
2792 3311 2961 3366 quam
2980 3293 3177 3350 Suidas
3197 3294 3386 3350 laudat
3414 3314 3524 3370 po-

1973 3382 2090 3437 litia
2126 3383 2295 3437 fuerit
2322 3381 2392 3436 ab
2420 3382 2542 3455 ipso
2569 3380 2894 3436 Dicaearcho
2925 3381 3189 3454 singulari
3229 3381 3422 3437 libello
3466 3395 3524 3439 et

1976 3480 2255 3542 tamquam
2282 3486 2412 3542 pars
2453 3467 2681 3539 majoris
2704 3467 2888 3542 operis
2918 3468 3343 3523 Corinthiorum
3379 3469 3522 3524 alio-

1972 3574 2212 3630 rumque
2237 3556 2461 3630 politias
2486 3553 2825 3609 continentis
2849 3555 3077 3627 scripta,
3110 3572 3182 3609 an
3217 3573 3284 3610 ex
3311 3557 3518 3630 Tripo-

1973 3644 2157 3711 litico,
2189 3644 2288 3714 qui
2327 3641 2399 3698 de
2436 3642 2649 3714 optima
2683 3641 2917 3696 civitatis
2955 3640 3136 3696 forma
3178 3641 3409 3716 agebat,
3452 3644 3520 3698 sit

1975 3731 2282 3804 desumpta.

2457 3857 3028 3917 ΤΡΙΠΟΑΙΤῘΚΟΣ.

2695 4006 2788 4046 22.

2050 4125 2247 4181 Cicero
2271 4122 2377 4196 Ep.
2401 4121 2475 4177 ad
2509 4126 2626 4181 Att.
2649 4122 2828 4190 XIII,
2864 4120 2934 4175 32
2980 4139 2993 4174 ε
3032 4118 3352 4174 Dicoearclzi
3384 4116 3516 4197 Περὶ

1970 4212 2143 4288 ψυχῆς
2172 4223 2422 4284 utrosque
2446 4211 2605 4265 velim
2632 4214 2819 4264 mittas
2844 4221 2900 4264 et
2918 4204 3283 4271 καταὸάσεως.
3311 4206 3517 4283 Τριπο-

2353 4377 2455 4437 DE
2494 4377 2740 4436 REBUS
2781 4374 3139 4435 PUBLlCIS.

2741 4516 2828 4565 21.

2238 4703 2248 4714 .
2362 4635 3118 4710 LACEDAEMONIORUM.

2031 4776 2338 4827 Dicaearchus
2384 4775 2599 4825 libellum
2635 4773 2696 4824 de
2750 4771 2993 4836 republica
3041 4769 3508 4828 Lacedaemoniam

1969 4854 2181 4917 scripsit,
2202 4854 2397 4915 legeque
2416 4849 2762 4902 Lacedaenuouii
2777 4848 3123 4909 sanciverunt,
3147 4849 3200 4898 ut
3218 4846 3411 4897 libellus
3433 4847 3515 4897 ille

1969 4943 2162 4994 quoque
2183 4942 2310 4980 anno
2345 4929 2396 4979 in
2413 4930 2702 4993 ephororum
2736 4926 2870 4976 curia
2897 4925 3180 4976 recitaretur
3212 4922 3513 4973 audientibus

1976 5010 2035 5058 iis
2067 5007 2150 5071 qui
2174 5006 2438 5069 iuvenilem
2469 5010 2661 5057 aetatem
2693 5004 2974 5068 attigissent.
3011 5003 3162 5066 quue
3194 5014 3281 5072 per
3306 5000 3513 5051 multum

1970 5087 2199 5150 temporis
2223 5086 2446 5137 obtinuit.

3187 5214 3234 5254 w
