4016 5916
400 1329 439 1354 ab

553 341 668 395 ⁵³6

554 486 698 542 quos
725 466 1104 523 desideramus
1127 485 1301 522 annos
1328 466 1457 534 184,
1485 464 2102 530 5001100051011.’1460.

552 556 828 628 Dynastiis
860 556 1245 611 XX--XXVI
1284 554 1607 609 tribuuntur
1633 553 1768 608 anni
1805 550 1938 609 681.
1983 553 2107 608 Ini-

554 646 690 697 tium
717 643 980 715 dynastiae
1002 644 1216 698 XXVII
1236 683 1252 710 ‚
1283 644 1395 696 sive
1418 643 1631 714 primus
1657 658 1833 695 annus
1859 641 2102 712 Camby-

551 730 650 799 sis,
670 731 717 784 si
741 730 996 803 ponitur,
1020 730 1104 784 uti
1128 728 1316 796 debet,
1339 730 1397 782 in
1421 747 1515 785 an.
1548 724 1660 785 525
1683 746 1734 785 a.
1762 728 1848 797 C„
1878 727 2102 781 initium

553 815 814 888 dynastiae
840 815 956 870 XX
983 816 1134 871 cadit
1153 816 1213 869 in
1228 833 1316 872 an.
1357 814 1535 883 12063
1559 813 1685 869 finis
1713 813 1844 887 dyn.
1873 814 2020 869 XIX
2049 815 2109 867 in

556 920 650 958 an.
684 920 867 972 12073
898 901 1023 958 finis
1043 901 1267 975 periodi
1294 902 1565 956 Sothiacae
1589 901 1647 955 in
1687 919 1777 960 an.
1810 899 1975 956 1208.
2002 901 2107 955 Hic

552 1007 691 1045 vero
713 1008 890 1045 annus
918 1000 997 1045 est
1013 989 1210 1045 excidii
1225 988 1450 1060 Trojani
1479 1006 1550 1045 ex
1576 1007 1684 1044 aera
1711 988 2096 1043 celeberrima.

550 1073 717 1131 Unde
741 1076 946 1149 colligo
985 1092 1226 1148 graecum
1252 1085 1541 1129 auctorem
1567 1074 1831 1129 Chronici
1852 1072 1927 1128 ad
1952 1076 2107 1127 Tro—

544 1165 735 1233 janam
753 1163 1024 1236 epocham
1037 1201 1055 1232 ,
1075 1162 1278 1218 Graecae
1291 1162 1533 1217 historias
1554 1177 1916 1234 parapegma‚
1936 1157 2106 1215 finem

553 1252 695 1322 cycli
725 1248 1055 1305 canicularis
1103 1248 1367 1303 direxisse
1410 1247 1496 1319 (Ἴ.
1558 1248 1909 1320 Quamquam
1943 1248 2104 1303 etiam

552 1339 659 1392 alia
693 1354 750 1392 se
779 1335 945 1391 offert
999 1336 1176 1410 ratio,
1217 1353 1328 1407 qua
1372 1354 1402 1388 a
1430 1336 1596 1390 Mene
1633 1335 1749 1390 sive
1776 1353 1807 1388 a
1834 1334 1941 1390 XV
1999 1332 2107 1406 dy-

554 1423 728 1477 nastia
768 1424 989 1476 initium
1018 1422 1161 1494 cycli
1208 1422 1453 1476 nancisci
1481 1422 1676 1495 possis,
1708 1421 1928 1476 Etenim
1972 1420 2107 1475 duo·

551 1507 736 1563 decim
763 1508 843 1563 dii
872 1518 1104 1582 regnant
1131 1526 1218 1563 an.
1257 1507 1430 1581 3984,
1460 1508 1690 1564 semidei
1711 1527 1803 1566 an.
1831 1527 1943 1579 2¹7
1983 1527 1997 1562 2
2029 1533 2108 1557 =

555 1600 727 1658 4001.
754 1595 967 1666 Quibus
981 1596 1025 1649 si
1053 1593 1212 1649 addis
1230 1612 1405 1649 annos
1440 1593 1571 1663 184,
1592 1613 1805 1649 summa
1831 1606 1911 1649 est
1928 1612 2106 1649 anno-

551 1680 864 1750 1111114385,
886 1683 998 1737 sive
1018 1681 1279 1746 3><1461
1297 1690 1429 1741 ><2.
1457 1680 1652 1737 Sedne
1677 1680 1860 1736 dicam
1881 1681 1952 1736 de
1970 1681 2109 1737 duo·

550 1769 656 1824 bus
680 1771 836 1824 annis
867 1771 963 1842 qui
991 1767 1309 1834 abundant,
1335 1770 1479 1822 ratio
1509 1769 1624 1822 haec
1652 1786 1720 1822 eo
1760 1786 1991 1841 1111011110
2027 1770 2109 1824 la-

552 1855 716 1910 borat
736 1855 1130 1923 incommodo,
1162 1854 1320 1927 quod
1342 1867 1461 1909 non
1491 1864 1933 1911 annumerantur
1960 1852 2108 1910 Solis

551 1943 683 1997 anni
709 1943 899 1997 30000
930 1940 1045 2020 (”*).
1068 1942 1177 2012 Qui
1198 1959 1333 1996 vero
1363 1941 1470 1997 diis
1495 1952 1552 1996 et
1577 1939 1829 1996 semideis
1851 1942 1982 1995 anni
2024 1953 2103 1996 at·

554 2028 899 2096 tribuuntur,
931 2046 1027 2082 eos
1052 2045 1169 2081 non
1192 2037 1272 2081 est
1300 2045 1401 2082 cur
1427 2045 1769 2101 magnopere
1807 2038 2109 2101 corruptos

549 2127 825 2189 putemuS.
855 2118 995 2171 Nam
1017 2114 1393 2170 semideorum
1422 2116 1552 2170 anni
1581 2132 1690 2184 217
1723 2115 1980 2188 proxime
2008 2133 2106 2171 ac-

551 2202 757 2258 cedunt
778 2202 853 2259 ad
885 2221 972 2258 an.
1019 2209 1169 2268 ²14}
1199 2220 1340 2274 quos
1375 2201 1571 2257 iisdem
1610 2201 1866 2258 semideis
1906 2202 2101 2257 tribuit

548 2291 812 2345 Manetho
842 2289 1142 2347 Panodori.
1162 2289 1425 2362 Beneque
1440 2286 1563 2343 fieri
1590 2289 1797 2361 potuit,
1819 2298 1884 2343 ut
1907 2300 2106 2344 auctor

549 2378 816 2434 Chronici
840 2378 992 2434 hunc
1037 2396 1364 2447 numerum,
1411 2377 1482 2432 de
1506 2376 1660 2449 cujus
1696 2378 1914 2432 ratione
1939 2396 2106 2450 supra

549 2468 888 2534 monuimu5‚
932 2466 1118 2520 nescio
1164 2464 1317 2521 unde
1357 2464 1723 2538 assumpserit,
1767 2464 2106 2538 reliquisque

552 2563 758 2607 temere
804 2552 1179 2619 admiscuerit,
1228 2561 1291 2606 ut
1340 2553 1550 2607 scilicet
1577 2569 1640 2606 ea
1697 2569 1868 2624 quam
1912 2561 2103 2625 postu·

548 2640 716 2708 laret,
746 2659 958 2696 summa
1000 2657 1275 2694 annorum
1316 2636 1673 2693 conflaretur.

628 2729 805 2802 Igitur
843 2728 973 2782 anni
999 2726 1085 2781 isti
1116 2722 1221 2789 184
1267 2724 1532 2779 excidisse
1584 2724 1792 2779 debent
1817 2725 1878 2779 in
1908 2725 2106 2798 primis

549 2815 811 2888 dynastiis
834 2813 1175 2870 mortalium.
1199 2812 1479 2882 Quaeritur
1506 2829 1751 2883 quonam
1771 2812 1917 2867 loco,
1948 2815 2100 2867 Anni

550 2901 662 2967 443
693 2899 955 2974 dynastiae
980 2899 1086 2954 XV
1115 2899 1243 2953 satis
1279 2915 1337 2952 se
1364 2898 1509 2951 tueri
1529 2896 1667 2951 mihi
1705 2895 2004 2968 videntur,
2035 2917 2103 2953 00

550 2985 706 3059 1111οᾶ
753 2985 907 3060 apud
934 2984 1355 3041 Eratosthenem
1381 3001 1610 3056 quoque
1633 2986 1827 3057 primis
1856 2983 1923 3040 15
1955 2987 2100 3060 regi-

548 3076 654 3133 bus
672 3074 947 3129 Thebanis
969 3073 1079 3138 443
1101 3072 1230 3129 anni
1245 3072 1588 3141 tribuuntur3
1610 3071 1763 3147 upde
1783 3082 1969 3128 tamen
1990 3074 2103 3128 mi·-

547 3163 700 3216 nime
723 3162 975 3234 sequitur
1016 3170 1308 3216 auctorem
1356 3159 1621 3215 Chronici
1641 3159 1758 3215 haec
1796 3176 1864 3214 ex
1904 3160 2104 3216 Erato-

547 3248 739 3304 sthene
764 3259 1077 3304 mutuatum
1120 3265 1253 3306 esse.
1299 3277 1377 3288 —
1408 3247 1517 3317 Qui
1557 3246 1762 3303 deinde
1788 3258 2101 3321 sequuntur

547 3335 686 3392 anni
725 3333 1103 3407 dynastiarum
1136 3336 1268 3391 XVI
1283 3333 1511 3389 —XIX
1558 3332 1724 3407 (190.
1771 3333 1900 3389 163.
1962 3334 2096 3400 348.

556 3420 717 3496 194),
753 3440 926 3494 quum
951 3421 1176 3477 eosdem
1196 3420 1454 3476 exhibeat
1482 3420 1749 3476 Eusebius
1766 3461 1781 3489 ‚
1824 3422 1957 3476 item
1982 3440 2102 3476 11011

548 3519 630 3565 051
657 3527 760 3564 cur
801 3511 1054 3583 corrupti
1088 3526 1198 3564 0550
1229 3516 1578 3564 censeantur.
1626 3511 1822 3582 Itaque
1849 3509 1989 3563 nihil
2014 3528 2105 3564 re-

440 3594 449 3604 ’
546 3597 766 3669 liquum
791 3607 898 3665 est,
940 3598 1045 3651 nisi
1078 3608 1141 3651 ut
1167 3614 1337 3650 unam
1362 3594 1667 3669 dynastiam
1690 3596 1955 3652 excidisse
1994 3615 2103 3670 pu-

550 3693 729 3738 temus
763 3684 908 3738 inter
924 3683 1198 3739 decimam
1221 3683 1475 3754 quintam
1499 3693 1554 3737 et
1573 3682 1846 3739 decimam
1866 3693 2097 3741 sextam.

546 3799 628 3810 -
674 3769 966 3827 Africanus
1013 3770 1320 3844 dynastiam
1355 3771 1461 3827 XV
1523 3781 1773 3827 recenset
1810 3781 2102 3844 pastorum

549 3856 681 3909 anni
732 3855 863 3921 084.
913 3858 1045 3912 Haec
1085 3875 1205 3912 non
1246 3856 1545 3930 quadrant.
1596 3859 1805 3914 Contra
1853 3856 2103 3914 Africani

551 3941 799 4014 dynastia
842 3945 986 4000 XIII
1021 3962 1218 4020 regum
1256 3945 1560 4000 Xoitarum
1614 3942 1998 4018 (Tanitarum‚
2045 3947 2104 3999 in

549 4031 686 4088 Exc.
716 4030 923 4106 Barb.)
953 4049 1129 4104 quum
1157 4033 1305 4106 ipsos
1324 4032 1449 4086 illos
1475 4028 1579 4097 184
1606 4049 1782 4087 0111105
1803 4032 2065 4088 exhibeat
2082 4073 2098 4102 ‚

549 4135 693 4189 quos
719 4136 824 4174 nos
837 4116 956 4191 jam
1003 4119 1326 4191 quaerimus,
1364 4118 1509 4173 hanc
1532 4119 1772 4174 omisisse
1802 4130 2106 4193 excerptor

548 4202 795 4262 videtur.
838 4206 1138 4261 Antecedit
1182 4223 1277 4279 ap.
1325 4204 1648 4260 Africanum
1698 4216 1754 4261 et
1800 4192 2104 4261 Eusebium

551 4290 804 4362 dynastia
827 4293 943 4349 XII
980 4310 1171 4367 regem
1208 4292 1650 4365 Diospolitarum
1667 4334 1683 4362 ,
1725 4293 1931 4366 quibus
1973 4295 2104 4347 anni

552 4377 884 4434 tribuuntur
912 4377 1045 4446 453.
1073 4381 1232 4435 Hanc
1276 4396 1389 4434 esse
1414 4380 1734 4452 suspiceris,
1779 4379 1869 4434 cui
1912 4378 2097 4434 Chro-

550 4467 724 4522 nicon
749 4465 951 4522 tribuit
981 4483 1158 4522 annos
1189 4463 1324 4530 443.
1365 4466 1636 4537 Reliquos
1659 4466 1844 4520 omisit
1878 4476 2101 4539 auctor,

550 4552 821 4606 similibus
870 4551 1184 4607 rationibus
1239 4551 1473 4622 ductus,
1527 4551 1733 4624 quibus
1779 4552 2096 4625 Syncellum

553 4636 807 4693 videmus
828 4637 1183 4693 Manethonis
1222 4655 1487 4693 numeros
1521 4650 1815 4694 truncasse.
1844 4670 1922 4680 —
1945 4638 2103 4694 Cete-

618 4806 685 4866 (ῒ)
710 4805 786 4855 ef.
813 4811 907 4855 1101.
927 4807 985 4854 ad
1017 4807 1277 4856 Dicaearch.
1304 4809 1363 4855 tr.
1391 4813 1438 4855 6.

618 4875 709 4934 (**)
741 4874 997 4924 Boeckhius
1010 4874 1277 4937 suspicatur
1301 4874 1519 4925 semideis
1538 4876 1733 4926 tortasse
1755 4890 1841 4939 pro
1860 4880 1948 4927 217
1968 4877 2105 4927 aunis

557 4940 697 4992 datos
709 4956 810 4993 esse
829 4956 979 4994 annos
992 4946 1099 4993 417.
1126 4946 1235 5001 Qua
1256 4946 1418 4994 tamen
1442 4945 1706 4995 mutatione
1719 4946 1964 5008 cyclorum
1982 4946 2105 4995 ratio

561 5025 659 5060 11011
677 5012 959 5075 explicatur,
985 5012 1223 5076 simulque
1250 5014 1298 5064 111
1329 5014 1522 5076 reliquis
1546 5028 1735 5078 quoque
1762 5017 1971 5065 numeris
1992 5028 2104 5078 pec·

555 5082 722 5129 cotum
742 5092 843 5131 esse
873 5080 1176 5131 statuendum
1201 5082 1333 5136 foret.

1617 331 1985 391 MANETHO
1998 329 2115 392 Nts
2155 330 2630 392 SERENNYTAE

2197 485 2322 522 rum
2355 471 2456 540 qui
2480 467 2687 523 sactum
2719 470 2787 522 sit
2813 478 2876 521 ut
2911 485 3021 520 una
3051 466 3304 539 dynastia
3345 485 3382 521 a
3410 468 3738 540 Syncello
3775 467 3840 522 in

2197 555 2477 612 Chronico
2493 568 2686 611 nostro
2707 556 3080 622 omitteretur,
3103 552 3344 608 divinari
3371 554 3554 610 facile
3581 566 3838 628 potest.

2198 642 2462 697 Chronici
2491 642 2740 715 dynastia
2784 641 2945 698 XVII
2993 639 3138 695 facta
3181 651 3262 695 est
3307 638 3550 697 decima
3598 654 3835 713 sexta,

2200 747 2376 800 quum
2416 728 2645 784 decimae
2690 737 2854 785 sextae
2889 722 3114 782 Eusebii
3154 728 3704 801 corresponderet.
3749 771 3836 780 -.

2199 818 2378 870 Ρο1·1·0
2403 834 2434 870 0
2450 815 2834 888 superioribus
2853 815 3104 886 sequitur
3128 814 3338 869 nullam
3355 814 3664 871 excidisse
3697 816 3836 890 dy-

2197 903 2427 956 nastiam
2449 903 2774 970 XXXVIII,
2798 919 3076 955 annorum
3099 919 3215 958 sex.
3249 901 3560 974 Syncellus
3590 905 3840 976 potius

2200 989 2425 1045 erravit.
2460 989 2603 1044 Sane
2631 997 2687 1044 et
2729 988 2882 1062 apud
2920 988 3221 1043 Eusebium
3256 1007 3404 1044 unus
3450 993 3833 1062 Amyrtaeus

2198 1075 2505 1146 dynastiam
2523 1076 2810 1130 constituit
2823 1093 2837 1129 ε
2851 1093 3048 1130 verum
3071 1092 3246 1148 quum
3266 1074 3548 1148 dynastiae
3579 1078 3828 1133 XXIX

2201 1172 2255 1216 et
2281 1163 2534 1217 xxxin
2562 1162 2900 1217 Manethone
2937 1163 3161 1217 Eusebii
3209 1173 3268 1217 et
3301 1162 3573 1218 Africani
3625 1166 3830 1220 aliter

2195 1249 2362 1320 plane
2414 1261 2582 1320 atque
2639 1250 2696 1302 in
2733 1249 3015 1304 Chronico
3072 1247 3386 1303 distributae
3426 1250 3550 1303 sint
3571 1290 3590 1319 ‚
3649 1252 3820 1305 nihil

2198 1334 2628 1408 adeo-impedit,
2660 1336 2798 1408 quin
2826 1335 3146 1391 Chronicon
3182 1338 3546 1409 Amyrtaeum
3576 1355 3815 1392 accen·

2197 1422 2370 1477 suerit
2388 1409 2650 1494 dynastiae
2670 1422 2895 1491 XXIX,
2917 1423 3007 1477 cui
3034 1419 3105 1496 39
3134 1424 3265 1476 anni
3304 1424 3578 1497 assignat.
3617 1426 3812 1479 Toti-

2199 1509 2328 1563 dem
2345 1526 2481 1564 vero
2501 1526 2677 1564 annos
2689 1509 2956 1564 Eusebius
2976 1526 3204 1583 quoque
3215 1528 3351 1584 pag.
3384 1510 3498 1566 106
3517 1530 3812 1587 regnasse

2199 1595 2336 1651 dicit
2359 1600 2702 1670 Amyrtaeum
2721 1595 2950 1669 ejusque
2976 1615 3315 1651 successores
3333 1616 3526 1671 usque
3557 1598 3640 1653 ad
3669 1601 3802 1656 Ne-

2199 1683 2607 1760 ctanebum(6.
2643 1683 2699 1741 6.
2747 1682 2837 1740 13.
2877 1703 2928 1741 1.
2969 1702 3019 1738 1.
3055 1683 3134 1761 ¹l,.
3170 1703 3259 1739 10.
3291 1680 3375 1759 2).

2275 1772 2360 1826 De
2382 1780 2539 1826 aetate
2559 1769 2724 1843 hujus
2749 1791 2833 1826 πα
2848 1769 2881 1825 λ
2897 1773 3037 1826 αιοῒῐ
3071 1768 3484 1849 χρονογραφείου
3508 1774 3634 1829 sive
3663 1794 3790 1829 πα·

2195 1856 2272 1911 λα
2291 1854 2541 1934 ιοτέρας
2568 1854 3059 1933 (Μο11011101110110)
3089 1854 3431 1932 νομιζομένης
3453 1863 3780 1937 συγγραφῆς

2200 1962 2406 2000 errasse
2425 1954 2712 2000 auctorem
2739 1946 2981 2017 Syncelli
3026 1956 3175 2000 recte
3193 1947 3404 2019 procul
3451 1946 3641 2002 dubio
3665 1951 3782 2004 viri

2198 2031 2353 2087 docti
2397 2042 2726 2089 statuerunt.
2775 2033 3018 2088 Plathius
3083 2034 3189 2104 Qu.
3253 2032 3373 2109 AEg.
3462 2035 3479 2108 (
3503 2035 3774 2111 Gotting.

2205 2113 2382 2194 1829)
2404 2136 2464 2192 p.
2491 2118 2564 2184 46
2591 2135 2606 2177 1
2630 2144 2655 2169 κ
2672 2120 2962 2176 Vetushoc
2977 2120 3322 2189 Chronicon,
3352 2120 3518 2194 quod
3543 2121 3772 2192 dicunt,

2198 2207 2429 2260 omnino
2474 2208 2713 2280 antiquae
2742 2204 2963 2281 AEgypti
2986 2216 3238 2281 tempora
3283 2223 3410 2261 11011
3461 2211 3771 2284 attingere,

2196 2293 2280 2346 uti
2313 2288 2575 2366 Syncello
2617 2311 2940 2367 persuasum
2984 2304 3097 2363 est,
3140 2292 3239 2349 sed
3278 2282 3532 2349 hominis
3585 2296 3770 2351 Judaei

2196 2380 2558 2436 Alexandrini
2598 2399 2699 2437 seu
2728 2382 3024 2437 Christiani
3057 2380 3370 2437 admodum
3408 2400 3612 2438 recens
3655 2401 3772 2440 ωε

2197 2478 2576 2522 commentum
2605 2467 2867 2540 equidem
2896 2478 3053 2523 certo
3083 2468 3287 2523 certius
3303 2487 3640 2541 persuasum
3669 2471 3767 2526 ha·

2195 2543 2325 2603 beu.
2345 2548 2477 2602 Non
2489 2546 2560 2602 ab
2588 2546 2856 2622 AEgyptio
2879 2587 2896 2616 ,
2921 2547 3020 2600 sed
3049 2546 3118 2601 ab
3162 2546 3394 2602 homine
3419 2547 3760 2604 Graeco-Ja-

2200 2632 2321 2688 daeo
2344 2651 2440 2688 seu
2468 2635 2782 2689 Christiano
2823 2631 3124 2688 confictum
3153 2651 3267 2689 esse
3291 2635 3380 2689 vel
3410 2635 3550 2691 inde
3584 2654 3765 2709 appa—

2197 2729 2298 2788 ret,
2316 2718 2473 2791 quod
2492 2720 3041 2794 AEgyptiosprimum
3064 2725 3298 2789 Aer-itas,
3326 2732 3456 2794 post
3467 2721 3764 2779 Mese-cem

2200 2823 2262 2860 00
2326 2816 2458 2877 post
2505 2805 2732 2861 demum
2783 2809 3073 2882 AEgyptios
3116 2825 3228 2864 esse
3295 2821 3530 2865 vocatos
3588 2809 3751 2868 dixit.

2197 2892 2468 2967 AEgyptus
2496 2892 2694 2949 incolis
2714 2896 2936 2950 nonnisi
2959 2894 3155 2950 Chcme'
3174 2914 3220 2950 s.
3244 2896 3424 2950 Keme
3459 2896 3758 2969 audiebat,

2193 2989 2255 3035 ut
2302 2999 2429 3034 cum
2476 2981 2702 3037 aliunde
2751 2994 2869 3037 tum
2913 3001 2983 3038 ex
3036 2985 3401 3057 inscriptione
3453 2986 3758 3043 Rosettana

2194 3079 2408 3122 constat
2455 3064 2566 3142 (cf.
2620 3069 3013 3143 Cbampollion
3068 3070 3289 3145 Egypte
3341 3089 3387 3129 5.
3455 3091 3507 3130 1.
3541 3075 3667 3132 Par.
3694 3076 3754 3144 1,

2192 3173 2252 3224 p.
2293 3149 2452 3232 101).
2480 3158 2656 3210 Aeria
2690 3156 2774 3232 (y.
2806 3157 3000 3230 Steph.
3027 3158 3091 3213 B.
3132 3175 3195 3211 s.-
3222 3153 3309 3233 V.)
3332 3169 3414 3212 est
3449 3161 3754 3233 appellatio

2196 3240 2424 3316 AEgypti
2463 3242 2668 3299 Graecis
2730 3242 2949 3311 debita3
3007 3245 3285 3314 Mestraea,
3356 3256 3424 3299 ut
3470 3247 3756 3319 Syncellus

2192 3342 2249 3400 p.
2281 3333 2346 3391 41
2383 3328 2500 3401 ipse
2527 3341 2753 3397 monet,
2796 3341 2874 3384 est
2907 3330 3182 3385 Hebraica
3223 3332 3458 3405 AEgypti
3505 3335 3758 3406 appella-

2195 3416 2292 3473 tio.
2340 3415 2591 3472 Graecum
2638 3436 2750 3472 esse
2786 3418 3070 3471 hominem
3119 3427 3216 3471 aut
3252 3418 3461 3474 Graecis
3489 3422 3552 3474 in
3591 3422 3756 3479 rebus

2192 3515 2500 3574 versatum,
2527 3506 2699 3560 etiam
2725 3504 3024 3560 duodecim
3076 3503 3156 3559 dii
3181 3506 3312 3561 satis
3342 3507 3600 3563 indicant
3618 3552 3633 3579 ,
3659 3509 3756 3565 sed

2196 3591 2350 3663 quod
2378 3610 2497 3647 rem
2528 3590 2785 3661 conficit,
2811 3589 3078 3647 Chronici
3102 3602 3302 3648 auctor
3336 3612 3467 3648 cum
3507 3596 3755 3652 Eusebio

2193 3679 2268 3734 ita
2291 3682 2602 3749 consentit,
2656 3691 2826 3752 atque
2875 3681 2936 3733 in
2958 3680 3024 3733 iis
3057 3681 3225 3733 etiam
3247 3676 3412 3748 locis,
3447 3681 3552 3735 ubi
3575 3684 3756 3739 Euse-

2193 3765 2351 3820 bium
2374 3766 2769 3821 Manethonem
2797 3765 3108 3839 corrupisse
3138 3766 3370 3834 scimus,
3401 3784 3450 3823 0.
3478 3786 3569 3842 gr.
3613 3769 3754 3842 dyn.

2205 3851 2296 3909 16.
2338 3871 2431 3923 17.
2492 3849 2578 3910 18.
2633 3871 2720 3926 19.
2760 3869 2855 3907 aa.
2891 3849 2991 3923 25;
3019 3861 3083 3906 ut
3107 3853 3588 3928 Des—Vignolesp.
3638 3856 3762 3932 659

2193 3950 2346 3997 recte
2368 3938 2487 4013 jam
2515 3939 2633 4013 ejus
2658 3949 2944 3996 auctorem
2971 3940 3215 3996 Eusebio
3247 3941 3622 4016 posteriorem
3650 3957 3761 4002 sta·

2196 4027 2380 4083 tuerit.
2410 4049 2434 4077 n
2467 4028 2568 4083 His
2593 4026 2699 4083 alia
2726 4026 3049 4103 argumenta
3073 4025 3236 4083 addit
3262 4026 3553 4084 Boeckhius
3586 4048 3651 4103 p.
3681 4030 3756 4087 53

2193 4132 2315 4188 sqq.
2341 4115 2608 4188 scriptum
2636 4132 2748 4170 esse
2766 4115 3106 4170 Chronicum
3125 4130 3353 4170 censens
3374 4132 3441 4169 eo
3465 4124 3757 4191 tempore,

2199 4200 2356 4275 quod
2394 4203 2542 4257 inter
2586 4202 2809 4257 Eusebii
2844 4213 2901 4257 et
2927 4200 3216 4258 Panodori
3256 4211 3472 4258 aetatem
3514 4206 3759 4278 interje-

2198 4300 2349 4344 ctum
2381 4299 2482 4347 est.
2517 4320 2593 4331 --
2633 4290 3005 4346 Christianum
3032 4300 3090 4345 et
3129 4289 3389 4345 Judaeum
3423 4291 3756 4363 hominem,

2195 4377 2294 4448 qui
2341 4387 2472 4449 post
2517 4376 2811 4433 Claudium
2843 4378 3198 4432 Ptolemaeum
3239 4378 3527 4451 scripserit
3571 4382 3758 4455 AEgy-

2193 4465 2554 4536 ptiorumque
2582 4473 2836 4537 tempora
2864 4462 2937 4518 ad
2963 4480 3173 4518 sacram
3201 4463 3634 4539 chronologiam
3665 4485 3756 4521 ac·

2195 4549 2556 4606 commodare
2593 4550 2837 4606 voluerit
2853 4590 2869 4620 ,
2910 4549 3027 4622 jam
3055 4553 3396 4607 Letronnius
3433 4553 3756 4609 ostenderat

2195 4655 2283 4710 ap.
2310 4638 2456 4693 Biot.
2488 4637 2829 4693 Becher-ebes
2845 4656 2944 4693 sur
2971 4639 3189 4693 l’anne'e
3210 4657 3402 4713 vagae
3431 4640 3534 4695 des
3561 4629 3757 4715 Egyp-

2196 4730 2350 4793 te‘ens,
2383 4744 2439 4797 p.
2471 4724 2565 4790 48.

2273 4812 2464 4866 Restat
2488 4821 2551 4866 ut
2576 4829 2899 4868 moneamus
2926 4811 2998 4866 de
3023 4812 3209 4868 verbis
3238 4829 3256 4870 t
3285 4814 3390 4869 τῶν
3418 4809 3524 4890 γὰρ
3553 4812 3607 4868 ἒν
3647 4820 3753 4879 τοῖς

2197 4894 2332 4973 τρισὶ
2353 4895 2528 4970 τόμοις
2552 4894 2648 4975 ριγ’
2677 4899 2861 4973 γενεῶν
2891 4896 2943 4953 ἐν
2970 4894 3297 4963 δυναστείαις
3321 4894 3446 4960 λ’...
3472 4894 3540 4954 τὰ
3569 4895 3744 4954 πάντα

2197 4981 2407 5051 συνῆξεν
2436 4982 2559 5055 ἔτη,
2589 4980 2729 5062 ,γφνέ
2763 4982 3000 5061 (3555).
3039 4985 3268 5040 Minime
3311 4986 3429 5041 11κο
3472 4986 3756 5059 quadrare

2196 5070 2254 5124 in
2290 5069 2678 5126 Manethonem
2702 5112 2717 5139 ,
2748 5071 2966 5143 qualem
2993 5086 3065 5124 ex
3109 5070 3374 5126 Africano
3412 5084 3472 5128 et
3511 5074 3754 5129 Eusebio

3971 865 3994 946 ,ξ
4013 817 4014 866 J
