4016 5916
1580 381 2072 452 FRAGMENTA.
3306 389 3338 435 4
3358 390 3376 436 i
3393 388 3415 436 1

947 574 999 641 tl·
1032 564 1107 641 ει·)

657 717 721 794 (E
762 715 983 773 Lumo
1025 709 1387 786 maenum).

315 861 600 918 Plutarch.
628 862 710 915 De
734 856 866 913 fluv.
899 861 928 921 ,4
947 899 960 924 ,
986 854 1019 909 3
1050 873 1064 908 t
1095 848 1422 927 Παράκειται
1452 846 1495 903 δ’
1526 846 1667 924 αὐτῷ
1691 845 1789 923 (τῷ

227 949 424 1024 Γάγγῃ
446 945 461 1023 )
491 946 603 1024 ὅρος
627 940 874 1010 Ἀνατολὴ
902 937 1218 1011 καλούμενον
1245 936 1309 993 δι’
1332 933 1499 993 αἰτίαν
1524 931 1787 1001 τοιαύτην.

226 1040 313 1117 τῷ
332 1031 621 1100 Ἀναξιὸίαν
643 1029 847 1109 νύμφην
870 1024 1057 1091 Ἥλιος
1074 1023 1388 1099 θεασάμενος
1402 1019 1611 1100 χωρίοις
1630 1039 1790 1098 προσ-

230 1125 606 1201 ευκαιροῧσαν,
628 1121 697 1182 εἰς
718 1113 991 1191 ἐπιθυμίαν
1017 1114 1175 1182 αὐτῆς
1205 1108 1411 1169 ἐνέπεσε
1427 1152 1445 1184 ,
1465 1106 1555 1166 καὶ
1580 1104 1653 1182 μὴ
1675 1104 1794 1163 στέ-

227 1234 348 1288 γων
366 1207 480 1273 τοὺς
500 1205 709 1285 ἔρωτας,
733 1200 981 1268 ἀπεδίωξε
999 1197 1092 1272 τὴν
1115 1195 1493 1277 προειρημένην
1517 1194 1797 1272 βιάσασθαι

236 1295 576 1378 βουλόμενος·
599 1296 634 1362 ἡ
660 1291 713 1349 δὲ
737 1288 1187 1370 περικατάληπτος
1203 1284 1452 1365 γενομένη
1468 1331 1483 1357 ,
1507 1284 1634 1343 κατέ
1673 1306 1794 1362 υγεν

238 1383 334 1445 ἐπὶ
377 1382 435 1439 τὸ
471 1384 561 1450 τῆς
605 1377 818 1457 Ὀρθίας
858 1375 1154 1455 Ἀρτέμιδος
1191 1373 1424 1449 τέμενος,
1466 1371 1594 1451 ὅπερ
1676 1395 1703 1426 ν
1745 1371 1799 1428 ἐν

1872 511 1996 564 silio
2027 519 2083 562 et
2108 507 2307 580 peritia
2332 514 2831 561 consummaretur.
2862 498 2955 559 Διὸ
2988 498 3078 557 καὶ
3117 496 3250 558 θεῖόν
3297 521 3428 564 τινες

1875 593 2143 672 ἡγήσαντο
2167 596 2315 649 τοῦτο
2341 589 2400 649 τὸ
2430 589 2593 669 ἔργον.
2622 580 2800 648 ’Ἦσαν
2829 587 2884 646 δέ
2909 610 3040 654 τινες
3068 589 3116 645 οἱ
3143 585 3254 653 τοὺς
3277 590 3428 645 Διοσ·

1877 681 2059 762 κόρους
2109 678 2195 738 ἐπὶ
2226 681 2318 748 τῆς
2362 676 2665 754 Λυσάνδρου
2699 675 2822 740 νεὼς
2849 676 3189 751 ἑκατέρωθεν,
3219 671 3304 731 ὅτε
3333 677 3424 731 τοῦ

1878 767 2084 843 λιμένος
2111 765 2310 834 ἐξέπλει
2332 767 2536 842 πρῶτον
2563 762 2649 824 ἐπὶ
2676 761 2791 828 τοὺς
2809 759 3114 837 πολεμίους,
3141 759 3308 840 ἄστρα
3331 764 3436 827 τοῖς

1880 851 2043 920 οἴαξιν
2086 850 2381 931 ἐπιλάμψαι
2421 849 2673 928 λέγοντες.
2706 847 2871 908 Οἱ·δὲ
2913 847 3003 906 καὶ
3030 846 3124 917 τὴν
3163 851 3253 906 τοῦ
3294 846 3436 905 λίθου

1881 943 2080 998 πτῶσιν
2130 937 2217 996 ἐπὶ
2257 941 2332 1018 τῷ
2371 935 2523 996 πάθει
2557 934 2726 1016 τούτῳ
2757 933 2972 1012 σημεῖόν
3004 957 3132 1016 φασι
3172 933 3438 1012 γενέσθαι·

1883 1025 2180 1105 κατηνέχθη
2223 1022 2350 1103 γὰρ,
2395 1027 2465 1090 ὥς
2501 1027 2536 1094 ἢ
2583 1022 2703 1090 δόξα
2748 1025 2849 1080 τῶν
2884 1023 3114 1098 πολλῶν,
3143 1020 3194 1089 ἐξ
3222 1023 3435 1102 οὐρανοῦ

1884 1113 2227 1190 παμμεγέθης
2259 1113 2396 1179 λίθος
2422 1113 2492 1178 εἰς
2523 1110 2680 1189 Αἰγὸς
2717 1108 3002 1186 ποταμούς.
3049 1108 3155 1170 Καὶ
3183 1108 3438 1169 δείκνυται

1887 1199 1981 1277 μὲν
2013 1199 2089 1258 ἔτι
2116 1203 2223 1270 νῦν,
2254 1195 2547 1273 σεὸομένων
2581 1195 2734 1255 αὐτὸν
2762 1200 2865 1254 τῶν
2908 1198 3320 1276 Χερρονησιτῶν·
3349 1194 3442 1254 λέ-

1886 1309 2036 1366 γεται
2059 1285 2112 1344 δὲ
2144 1284 2488 1364 Ἀναξαγόραν
2517 1292 2801 1366 προειπεῖν,
2826 1286 2894 1349 ὡς
2917 1286 3019 1342 τῶν
3052 1281 3188 1341 κατὰ
3229 1282 3314 1341 τὸν
3355 1285 3444 1342 οὗ·

1891 1373 2042 1456 ρανὸν
2083 1371 2424 1449 ἐνδεδεμένων
2465 1371 2741 1447 σωμάτων,
2767 1369 3039 1450 γενομένου
3071 1370 3203 1437 τινὸς
3229 1369 3445 1443 ὀλισθή-

238 1470 385 1549 ὄρει,
407 1464 621 1545 Κορυφὴ
643 1462 945 1541 καλουμένῳ
964 1507 980 1533 ,
1004 1460 1093 1520 καὶ
1117 1459 1315 1540 ἀφανὴς
1336 1459 1558 1536 ἐγένετο·
1582 1456 1802 1517 κατόπιν
1892 1483 2053 1539 ματος
2079 1457 2114 1531 ἢ
2141 1459 2330 1530 σάλου,
2362 1462 2499 1539 ῥῖψις
2538 1460 2683 1517 ἔσται
2715 1459 2806 1516 καὶ
2828 1460 3022 1525 πτῶσις
3062 1456 3171 1525 ἑνὸς
3213 1461 3446 1540 ἄπορρα·

243 1560 291 1620 δ’
322 1552 673 1624 ἀκολουθήσας
701 1554 728 1608 δ
755 1552 891 1621 θεὸς,
920 1549 1009 1607 καὶ
1040 1549 1285 1623 μηδαμοῦ
1321 1547 1416 1617 τὴν
1453 1544 1801 1624 ἀγαπωμένην
1891 1549 2063 1626 γέντος
2080 1571 2095 1585 ·
2125 1537 2256 1605 εἶναι
2284 1545 2338 1604 δέ
2366 1545 2457 1603 καὶ
2478 1550 2580 1605 τῶν
2606 1545 2810 1627 άστρων
2832 1543 3048 1605 ἕκαστον
3072 1546 3163 1604 οὔκ
3193 1548 3245 1603 ἐν
3285 1538 3322 1624 ᾖ
3354 1546 3448 1605 πέ-

246 1642 434 1723 εὗρὼν,
470 1640 554 1700 διὰ
580 1638 749 1710 λύπης
776 1635 1067 1717 ὓπερὸολὴν
1112 1635 1302 1693 ἐκεῖθεν
1343 1634 1614 1691 ἀνέτειλεν·
1661 1635 1709 1690 οἱ
1749 1631 1802 1690 δὲ
1895 1658 2021 1714 φυκε
2048 1634 2226 1714 χώρᾳ·
2254 1632 2450 1705 λιθώδη
2475 1634 2575 1713 γὰρ
2617 1632 2737 1692 ὄντα
2781 1632 2870 1690 καὶ
2901 1632 3063 1711 βαρέα
3091 1631 3320 1710 λάμπειν
3354 1632 3450 1709 μὲν

247 1730 498 1811 ἐγχώριοι
526 1726 620 1798 τὴν
665 1724 952 1805 ἀκρώρειαν
983 1720 1272 1793 Ἀνατολὴν
1298 1719 1672 1797 μετωνόμασαν
1703 1718 1806 1777 ἀπὸ
1898 1721 2176 1802 ἀντερείσει
2199 1720 2289 1778 καὶ
2316 1720 2618 1798 περικλάσει
2643 1725 2731 1778 τοῦ
2754 1719 2975 1800 αἰθέρος,
2999 1719 3240 1778 ἕλκεσθαι
3270 1719 3324 1778 δὲ
3350 1723 3451 1779 ὑπὸ

249 1824 345 1879 τοῦ
377 1813 796 1895 συγκυρήματος·
821 1809 991 1878 καθὼς
1010 1814 1203 1889 ἱστορεῖ
1234 1807 1596 1886 Καιμάρων
1627 1810 1678 1865 ἐν
1719 1807 1806 1864 δε-

247 1906 401 1986 κάτῳ
428 1904 681 1964 Ἰνδικῶν.

333 1998 556 2052 Nomen
601 1984 889 2067 Καιμάρων
933 1997 1280 2062 suspectum,
1325 1996 1652 2057 corruptum
1700 2003 1811 2040 esse

253 2083 510 2155 suspicor
535 2097 603 2133 ex
629 2071 987 2153 Δαίμαχος.
1025 2076 1215 2143 Mons‚
1244 2074 1304 2127 in
1330 2091 1499 2146 quem
1541 2072 1812 2128 Anaxibia

259 2169 461 2243 fugisse
497 2166 722 2234 dicitur,
753 2174 808 2218 et
831 2182 896 2218 ex
939 2181 1054 2236 quo
1081 2163 1265 2235 ipsum
1299 2160 1814 2218 Anaxibiaemomen

261 2258 492 2314 Graecus
515 2254 691 2308 homo
725 2250 977 2320 finxerit,
1010 2249 1158 2305 idem
1201 2258 1309 2317 cst,
1339 2248 1400 2302 ni
1433 2247 1618 2317 fallor,
1659 2245 1816 2321 quod

271 2338 590 2421 Κορασιὸίην
620 2340 758 2395 dicit
778 2339 1021 2412 Polyaen.
1050 2339 1213 2394 Strat.
1234 2337 1289 2405 I,
1321 2355 1342 2390 1
1374 2353 1390 2392 ζ
1416 2331 1492 2392 Τὸ
1517 2332 1815 2411 τρικόρυιρον

267 2429 382 2509 ὅρος
404 2431 494 2498 τῆς
517 2425 736 2496 Ἰνδικῆς
759 2423 1122 2504 (ΗίηιαΙαςαγ
1149 2425 1249 2479 τῶν
1278 2419 1332 2478 δὲ
1373 2423 1624 2501 Κορυφῶν
1661 2424 1694 2490 ἡ
1725 2417 1818 2495 μὲν

271 2515 537 2588 κληίζεται
586 2509 877 2591 Κορασιὸίη
921 2511 1186 2587 (Kadasa
1231 2511 1291 2563 in
1334 2508 1642 2583 Puranas),
1685 2510 1718 2575 ἡ
1766 2505 1820 2563 δὲ

277 2601 558 2672 Κονδάσκη
607 2599 909 2679 (Kantha),
949 2596 1043 2667 τὴν
1089 2595 1142 2653 δὲ
1187 2595 1366 2673 τρίτην
1414 2593 1566 2661 αὐτὸς
1608 2594 1820 2653 ἐκάλεσε

275 2690 462 2771 Μηρόν
493 2689 719 2769 (Met-11).
747 2688 827 2745 Cf.
850 2688 1084 2744 Bohlen.
1114 2687 1190 2743 D.
1221 2687 1336 2740 alte
1362 2686 1489 2741 Ind.
1516 2685 1571 2753 1,
1593 2704 1652 2758 p.
1691 2684 1816 2749 143.

1010 2832 1066 2890 5.

714 2976 892 3036 ΠΕΡΙ
941 2974 1385 3034 ΕΥΣΕΒΕΙΑΣ.

1900 1809 2016 1890 βίας
2043 1808 2361 1889 σφιγγόμενα
2405 1806 2518 1886 δίνῃ
2547 1805 2635 1866 καὶ
2661 1806 2792 1888 τόνῳ
2814 1811 2906 1878 τῆς
2927 1816 3233 1887 περιφορᾶς,
3255 1806 3325 1874 ῶς
3351 1831 3451 1867 που

1897 1897 1987 1956 καὶ
2012 1896 2298 1974 τὸπρῶτον
2326 1895 2584 1975 ἐκρατήθη
2609 1893 2683 1970 μὴ
2708 1901 2884 1953 πεσεῖν
2910 1895 3083 1976 δεῦρο,
3112 1898 3213 1953 τῶν
3240 1897 3455 1975 ψυχρῶν

1901 1985 1990 2044 καὶ
2018 1982 2219 2064 βαρέων
2247 1981 2664 2062 ἀποκρινομένων
2689 1987 2781 2041 τοῦ
2809 1981 3020 2048 παντός.
3103 1978 3264 2042 Ἔστι
3292 1983 3348 2041 δέ
3380 2007 3454 2050 τις

1902 2069 2228 2151 πιθανωτέρα
2270 2069 2389 2138 δόξα
2421 2071 2614 2140 ταύτης
2654 2069 2934 2150 εἰρηκότων
2967 2069 3132 2142 ἐνίων,
3156 2073 3226 2136 ὡς
3251 2073 3299 2128 οἱ
3325 2069 3458 2152 διάτ·

1903 2182 2075 2226 τοντες
2104 2156 2315 2237 ἀστέρες
2354 2159 2410 2216 οὗ
2442 2157 2582 2239 ῥύσις
2616 2157 2744 2215 εἰσὶν
2770 2156 2874 2215 οὐδ’
2899 2155 3197 2234 ἐπινέμησις
3233 2159 3458 2237 αἰθερίου

1905 2245 2065 2326 πυρὸς
2098 2247 2150 2303 ἐν
2181 2244 2294 2324 ἀέρι
2316 2243 2799 2322 κατασὸεννυμένου
2822 2243 2941 2324 περὶ
2967 2241 3062 2315 τὴν
3092 2243 3269 2324 ἔξαψιν
3300 2245 3458 2316 αὑτὴν

1907 2332 2026 2392 οὐδὲ
2046 2330 2194 2410 ἀέρος
2220 2333 2290 2397 εἷς
2310 2330 2406 2401 τὴν
2432 2330 2538 2390 ἅνω
2556 2333 2735 2410 χώραν
2752 2331 2939 2403 πλήθει
2959 2329 3194 2399 λυθέντος
3216 2330 3464 2412 ἔκπρησις

1908 2420 1999 2479 καὶ
2030 2417 2300 2497 ἀνάφλεξις
2317 2463 2331 2490 ,
2358 2421 2489 2498 ῥῖψις
2512 2417 2566 2476 δὲ
2595 2419 2685 2476 καὶ
2708 2421 2904 2485 πτῶσις
2930 2417 3179 2498 οὐρανίων
3204 2419 3464 2495 σωμάτων

1912 2500 2015 2567 οἷον
2045 2505 2237 2565 ἐνδόσει
2264 2507 2365 2563 τινὶ
2391 2506 2538 2565 τόνου
2567 2506 2656 2565 καὶ
2679 2507 2991 2586 περιτρόπου
3019 2506 3268 2577 κινήσεως
3295 2510 3464 2566 ἐκπα-

1912 2598 2015 2653 λῶν
2040 2590 2334 2672 φερομένων
2358 2596 2417 2651 οὗ
2445 2593 2572 2673 πρὸς
2598 2595 2685 2652 τὸν
2713 2594 3008 2670 οἰκούμενον
3039 2594 3194 2653 τόπον
3217 2598 3308 2665 τῆς
3335 2600 3429 2675 γῆς
3447 2641 3462 2667 ,

1916 2679 2049 2739 ἀλλὰ
2078 2684 2180 2739 τῶν
2208 2679 2464 2738 πλείστων
2494 2681 2638 2747 ἐκτὸς
2656 2683 2725 2748 εἰς
2744 2680 2838 2752 τὴν
2862 2682 3095 2757 μεγάλην
3115 2682 3466 2742 ἐκπιπτόντων

1916 2771 2203 2827 θάλατταν·
2248 2768 2326 2826 διὸ
2369 2767 2460 2826 καὶ
2507 2766 2828 2827 λανθάνουσι.
2922 2772 3017 2847 Τῷ
3066 2771 3112 2827 δ’
3156 2769 3469 2851 Ἀναξαγόρᾳ

1867 2865 1875 2883 ·
1923 2863 2174 2936 μαρτυρεῖ
2195 2854 2284 2912 καὶ
2312 2852 2585 2933 Δαΐμαχος
2611 2856 2907 2934 (Δαΐμαχος
2928 2857 3076 2932 libri)
3099 2858 3151 2914 ἐν
3179 2857 3283 2924 τοῖς
3312 2858 3471 2937 Περὶ

1921 2942 2267 3010 εύσεὸείας
2294 2946 2532 3023 ἱστορῶν,
2559 2942 2638 3002 ὅτι
2666 2943 2768 3021 πρὸ
2791 2947 2879 3002 τοῦ
2913 2947 3089 3003 πεσεῖν
3117 2943 3202 3003 τὸν
3230 2945 3368 3005 λίθον
3396 2949 3474 3026 ἐφ’

1921 3030 2120 3110 ἡμέρας
2147 3030 2505 3107 έὸδομήκοντα
2546 3030 2631 3089 καὶ
2663 3030 2813 3089 πέντε
2842 3035 3070 3110 συνεχῶς
3108 3030 3244 3089 κατὰ
3271 3031 3360 3090 τὸν
3388 3033 3474 3091 οὗ·

363 3121 642 3179 Plutarch.
691 3121 822 3192 Lys-
880 3135 932 3174 c.
979 3134 1046 3173 12
1065 3157 1080 3185 ,
1125 3114 1196 3171 de
1241 3116 1474 3170 victoria
1492 3157 1506 3183 ‚
1548 3134 1715 3187 quam
1761 3115 1831 3171 ad
1925 3121 2075 3197 ρανὸν
2105 3121 2303 3198 ἑωρᾶτο
2324 3116 2535 3199 πύρινον
2561 3122 2714 3192 σῶμα
2737 3118 3096 3196 παμμέγεθες,
3125 3116 3301 3200 ὥσπερ
3329 3119 3477 3199 νέφος

295 3210 710 3286 Egospotamos
753 3204 1041 3278 Lysander
1077 3204 1383 3276 reportavit
1426 3222 1439 3258 :
1489 3221 1600 3275 qua
1627 3204 1830 3258 factum
1923 3202 2235 3284 φλογοειδὲς,
2265 3206 2322 3262 οὗ
2352 3205 2622 3283 σχολάζον,
2645 3202 2778 3261 ἀλλὰ
2799 3204 3156 3271 πολυπλόκους
3180 3204 3270 3263 καὶ
3293 3208 3481 3264 κεκλα-

287 3310 367 3355 est
390 3310 457 3354 ut
483 3295 857 3369 longissimum
878 3292 1093 3347 bellum
1114 3292 1279 3345 unius
1301 3290 1524 3345 tandem
1562 3292 1666 3345 viri
1696 3310 1831 3346 con·
1870 3285 1883 3365 Ι
1926 3291 2120 3367 σμένας
2146 3290 2305 3372 φορὰς
2324 3290 2624 3371 φερόμενον,
2650 3294 2718 3357 ὡς
2746 3291 2814 3348 τὰ
2837 3291 2934 3349 ὑπὸ
2962 3292 3123 3350 σάλου
3151 3292 3241 3350 καὶ
3281 3293 3481 3366 πλάνης

1825 3410 1866 3419 —0

984 3461 1036 3521 (4
1079 3460 1147 3520 a.)

356 3564 533 3622 Gangae
555 3558 703 3608 fluvio
716 3557 899 3619 adJacet
916 3568 1055 3605 mons
1074 3556 1288 3617 Anatole,
1310 3557 1358 3605 id
1378 3558 1451 3606 est
1472 3560 1668 3619 Oriens,
1688 3557 1845 3607 dictus

295 3641 421 3689 lianc
437 3637 501 3686 ob
517 3648 728 3686 causam.
750 3634 847 3694 Sol,
869 3633 970 3682 visa
990 3633 1219 3682 Anaxibia
1237 3633 1443 3696 virgine,
1459 3634 1508 3683 in
1527 3634 1650 3697 agris
1669 3647 1844 3697 oppor-

302 3720 415 3766 tune
435 3713 632 3775 degente
643 3749 658 3773 ‚
678 3712 780 3773 ejus
796 3709 1026 3760 desiderio
1044 3713 1288 3773 correptus
1305 3714 1404 3773 est,
1424 3713 1473 3760 et
1489 3724 1641 3774 quum
1659 3725 1846 3761 amores

301 3806 408 3844 snos
429 3794 586 3855 tegere
615 3803 717 3839 non
739 3790 895 3852 posset
909 3824 926 3850 ,
947 3787 1073 3837 lianc
1089 3786 1259 3838 vitiare
1280 3789 1443 3839 volens
1461 3792 1737 3853 persecutus
1754 3792 1842 3839 est.

301 3875 459 3930 Quare
492 3868 706 3932 undique
740 3867 1078 3930 comprehensa
1106 3865 1288 3929 aumgit
1326 3866 1377 3916 in
1411 3866 1645 3929 tempium
1682 3867 1845 3917 Dianae

303 3948 510 4009 Ortbiae,
533 3944 664 4009 quod
692 3945 796 3995 erat
823 3945 869 3992 in
894 3945 1056 3993 monte
1086 3945 1256 3993 vocato
1274 3943 1496 4006 Coryphe
1517 3944 1767 4007 (apice),
1799 3945 1848 3993 et

303 4023 512 4075 evanuit.
539 4026 669 4073 Deus
693 4035 805 4071 vero
824 4020 908 4085 qui
929 4034 956 4070 a
975 4023 1107 4084 tergo
1124 4020 1431 4083 sequebatur,
1453 4033 1603 4083 quum
1625 4021 1846 4071 dilectam

307 4115 437 4151 suam
465 4114 560 4149 non
578 4100 948 4161 nancisceretur,
964 4112 1061 4162 prae
1081 4109 1282 4147 merore
1299 4097 1428 4146 illinc
1445 4099 1580 4147 ortus
1597 4100 1669 4147 est
1686 4134 1700 4159 ‚
1722 4097 1850 4147 unde

305 4178 532 4239 indigeam
569 4179 783 4225 montem
817 4172 1088 4237 Anatolen,
1113 4176 1409 4237 (orientem)
1433 4187 1462 4222 a
1489 4187 1603 4223 casu
1632 4174 1847 4225 denomi-

311 4258 470 4305 rarnnt
486 4291 500 4316 ‚
524 4257 580 4304 ut
608 4257 770 4305 narrat
791 4256 1011 4305 Caimaro
1035 4255 1053 4316 (
1073 4253 1462 4316 Daimachusfl)
1483 4252 1668 4304 decimo
1688 4256 1746 4319 (ἓ)
1774 4269 1848 4305 rc·

313 4348 412 4384 rum
433 4334 718 4385 indicarum.

844 4524 941 4582 DE
983 4522 1327 4582 ΡΙΕΤΑΤΕ.

371 4636 527 4691 Quare
546 4632 690 4682 etiam
716 4632 776 4682 ad
800 4632 912 4683 deos
930 4632 1126 4695 quidam
1153 4631 1384 4694 Lysandri
1419 4631 1603 4680 lacinus
1634 4632 1855 4681 retulere.

315 4715 461 4761 Fuere
479 4711 559 4774 qui
583 4710 724 4773 juxta
747 4711 973 4773 Lysandri
1005 4725 1180 4762 navem
1196 4745 1214 4772 ,
1233 4722 1384 4773 quum
1403 4710 1613 4772 primum
1634 4723 1695 4760 ex
1719 4712 1857 4772 portu

319 4790 475 4839 contra
502 4789 663 4840 hostes
678 4790 1036 4852 proveheretur,
1063 4790 1124 4839 ab
1155 4803 1250 4839 una
1271 4790 1406 4851 parte
1424 4789 1659 4849 Castoris,
1695 4788 1756 4837 ab
1788 4787 1857 4836 al-

323 4870 415 4916 tera
449 4866 658 4916 Pollucis
691 4867 878 4917 stellam
915 4866 976 4916 ad
1011 4865 1335 4928 gubernacula
1368 4864 1601 4914 affulsisse
1631 4865 1852 4915 dicerent.

324 4944 519 5001 Quidam
551 4943 720 5005 lapidis
750 4957 946 5006 quoqne
973 4956 1088 4993 casu
1111 4956 1216 4993 eam
1243 4941 1428 4991 cladem
1452 4944 1860 5005 praemonstratam

326 5021 456 5073 fuisse
473 5022 705 5071 asserunt.
773 5021 961 5072 Decidit
986 5021 1111 5070 enim
1130 5021 1191 5071 de
1208 5021 1330 5070 coeio
1344 5057 1359 5082 ,
1379 5033 1488 5082 quoe
1507 5022 1773 5071 communis
1794 5034 1824 5083 e
1845 5025 1864 5071 t

1933 3471 2156 3519 xagoram
2192 3458 2492 3521 praedixisse,
2527 3458 2567 3507 si
2603 3471 2700 3520 qua
2739 3471 2992 3520 corporum
3030 3458 3077 3506 in
3118 3457 3242 3506 coelo
3277 3457 3484 3506 fixorum

1930 3534 2170 3584 incidisset
2195 3534 2495 3583 labefactatio
2511 3537 2599 3583 aut
2624 3534 2874 3597 trepidatio
2889 3570 2903 3592 ,
2929 3535 3030 3584 sore
3054 3537 3109 3583 ut
3136 3547 3286 3582 unum
3317 3547 3485 3584 eorum

1930 3613 2215 3663 avelleretur
2241 3616 2510 3676 raptimque
2535 3612 2846 3674 dejiceretur-3
2868 3626 3026 3675 neque
3047 3613 3208 3661 stellas
3233 3612 3283 3661 in
3309 3600 3371 3661 iis‘
3385 3624 3488 3662 oese

1932 3690 2081 3751 locta,
2109 3688 2194 3739 ubi
2225 3703 2431 3753 quaeque
2457 3692 2578 3739 ortae
2605 3692 2758 3739 essent
2784 3708 2796 3738 :
2821 3703 2931 3738 nam
2963 3689 3171 3751 lapideas
3196 3692 3367 3738 natura
3399 3702 3489 3738 sua

1932 3770 1982 3817 et
2011 3780 2175 3830 graves
2206 3768 2367 3818 lucere
2395 3768 2590 3830 quidem
2622 3780 2703 3817 eas
2732 3781 2955 3830 percusso
2982 3770 3032 3817 et
3065 3768 3266 3817 retracto
3295 3768 3344 3816 in
3376 3767 3490 3830 ipsis

1933 3847 2131 3910 aetbere,
2146 3846 2402 3909 circumagi
2422 3848 2582 3896 autem
2601 3844 2857 3895 constricta
2878 3843 3106 3908 vertigine
3124 3847 3172 3895 et
3192 3845 3489 3896 vehementia

1934 3936 2094 3984 motus
2111 3933 2315 3983 coelestis
2329 3969 2344 3995 ,
2369 3932 2776 3995 quemadmodum
2802 3932 2865 3981 ab
2892 3931 3027 3982 initio
3043 3968 3058 3994 ,
3081 3945 3231 3995 quum
3256 3933 3419 3995 frigida
3441 3935 3493 3985 et

1934 4012 2098 4073 gravia
2120 4011 2181 4059 ab
2202 4010 2511 4060 universitate
2544 4011 2922 4073 seiungerentur,
2961 4010 3147 4059 retenta
3183 4009 3406 4070 suxissent,
3430 4023 3493 4059 ne

1937 4092 1983 4139 in
2024 4092 2201 4139 terram
2242 4088 2594 4138 delaberentur.
2658 4091 2767 4147 Qua
2801 4087 2998 4150 quidem
3040 4087 3260 4151 opinione
3294 4087 3387 4137 alia
3421 4092 3495 4138 est

1937 4168 2252 4218 verosimilior
2286 4181 2455 4218 eorum
2469 4203 2485 4228 ,
2504 4168 2588 4230 qui
2604 4168 2853 4218 stellarum
2874 4166 3176 4229 traiectiones
3192 4180 3289 4216 non
3307 4166 3493 4217 fluxum

1937 4251 2023 4298 aut
2045 4248 2427 4298 distributionem
2456 4247 2577 4309 ignis
2596 4246 2781 4297 aetberii
2811 4259 2942 4308 esse,
2966 4245 3051 4308 qui
3074 4246 3363 4295 incensusin
3385 4259 3497 4296 aere

1938 4326 2101 4375 statim
2132 4326 2471 4388 restinguatur,
2505 4338 2662 4387 neque
2684 4324 2806 4374 aeris
2824 4336 2924 4386 prae
2958 4322 3267 4373 multitudine
3289 4324 3416 4386 rupti
3447 4327 3495 4374 et

1942 4403 1989 4451 in
2008 4402 2253 4465 superiora
2274 4404 2380 4453 loca
2397 4402 2510 4453 elati
2531 4400 2852 4452 incensionem
2871 4402 2920 4451 et
2940 4400 3362 4450 inflammationem
3380 4440 3394 4463 ,
3414 4402 3493 4451 sed

1938 4480 2246 4541 jactationem
2264 4492 2366 4529 esse
2384 4481 2435 4529 et
2450 4479 2639 4542 lapsum
2658 4478 2923 4529 coelestium
2944 4491 3199 4541 corporum
3218 4491 3329 4540 quoe
3347 4479 3497 4527 cis-ou·

1944 4557 2056 4607 laris
2089 4555 2411 4607 conversionis
2443 4555 2670 4605 violentia
2704 4555 2855 4606 veluti
2898 4555 3012 4605 elisa
3047 4556 3096 4604 et
3130 4568 3215 4617 per
3247 4554 3498 4617 obliquum

1943 4635 2041 4685 lata
2058 4635 2165 4686 ideo
2182 4649 2279 4686 non
2293 4635 2664 4698 conspiciantur,
2684 4636 2797 4698 quia
2819 4636 2915 4685 l'ere
2938 4648 3036 4684 non
3050 4633 3212 4684 ineant
3228 4637 3370 4684 terrae
3392 4648 3501 4697 par·

1945 4716 2046 4764 tem
2068 4727 2179 4777 quae
2198 4713 2440 4773 incolitur,
2458 4712 2544 4762 sed
2563 4712 2612 4762 in
2631 4716 2877 4762 Oceanum
2896 4714 3035 4761 extra
3056 4710 3345 4761 ambientem
3369 4711 3501 4761 deci-

1945 4791 2077 4842 dant.
2147 4798 2437 4853 Anaxagora
2471 4790 2669 4854 quidem
2701 4790 3028 4840 testimonium
3060 4790 3151 4839 fert
3182 4789 3499 4852 Daimachus,

1948 4869 1996 4916 in
2015 4880 2157 4930 opere
2188 4872 2259 4918 De
2280 4871 2483 4918 Pietate
2507 4867 2718 4917 scribens
2732 4903 2747 4929 ,
2772 4868 3031 4928 antequam
3052 4866 3091 4915 is
3112 4866 3231 4928 lapis
3246 4865 3500 4928 deciderit,

1948 4945 2246 5009 septuaginta
2281 4950 2333 4996 et
2362 4947 2578 5010 quinque
2600 4946 2897 4995 continenter
2914 4945 3082 4994 diebus
3107 4944 3265 4993 visum
3288 4946 3431 4994 fuisse
3455 4946 3503 4996 in

1950 5026 2074 5075 coelo
2093 5036 2265 5086 corpus
2281 5024 2471 5088 igneum
2488 5023 2766 5088 praegrande
2782 5026 2832 5073 et
2849 5024 2990 5073 nubis
3006 5022 3315 5073 inflammata»,
3330 5025 3502 5085 simile,

319 5097 476 5161 opinio
491 5135 506 5160 ,
530 5099 693 5161 ingens
709 5099 828 5162 lapis
848 5099 909 5148 ad
934 5102 1075 5162 AEgos
1103 5098 1276 5148 llumen
1291 5135 1306 5161 ‚
1330 5098 1689 5161 ostenditurque
1707 5099 1866 5149 adhuc
1953 5114 2049 5150 non
2067 5101 2274 5151 otiosum
2292 5137 2307 5163 ,
2328 5101 2411 5151 sed
2428 5101 2558 5164 quod
2576 5101 2720 5151 variis
2744 5103 2794 5151 et
2821 5100 2980 5150 tractis
2996 5100 3145 5150 veluti
3172 5101 3381 5151 motibus
3409 5103 3503 5150 fer·

330 5178 374 5226 et
390 5175 450 5225 ab
467 5176 523 5225 iis
538 5175 622 5237 qui
642 5176 989 5227 chersonesum
1009 5176 1304 5237 inhabitant,
1325 5176 1515 5226 colitur.
1540 5178 1715 5226 Ferunt
1736 5182 1862 5227 Ana·

1957 5181 2105 5240 retur,
2129 5178 2193 5230 ita
2212 5181 2267 5230 ut
2288 5179 2392 5242 eius
2407 5178 2662 5243 jactatione
2678 5177 2846 5230 avulsa
2864 5180 2911 5228 et
2929 5177 3074 5228 dilata
3105 5179 3155 5227 in
3179 5178 3335 5228 varias
3369 5172 3504 5241 parte
