4016 5916
1643 396 2135 458 FRAGMENTA.

220 565 243 574 -
304 526 481 582 'iocari
514 519 771 597 πίνακας,
809 522 864 581 ἐν
904 512 977 590 οἷς
1015 526 1110 598 γῆς
1136 519 1363 603 περίοδοί
1398 523 1546 583 εἰσιν.
1575 526 1717 597 Quae
1738 527 1859 600 opi-

304 615 402 668 nio
433 632 502 668 eo
539 613 756 682 nititur,
802 612 960 686 quod
1002 610 1561 667 Pseudo-Dicaearchi
1610 608 1863 677 Ἑλλάδος

306 696 611 779 ἀναγραφὴν
673 699 1056 773 Theophrasto
1115 698 1307 754 Eresio
1368 697 1682 754 dedicatam
1750 717 1863 755 esse

308 787 625 844 censebant.
654 787 781 842 Hoc
805 786 965 841 nihili
994 803 1108 841 esse
1127 783 1246 857 jam
1268 786 1394 841 satis
1420 786 1621 860 liquet.
1652 790 1733 841 Ac
1755 787 1862 842 Di·-

309 874 619 931 caearchum
666 873 998 929 Messenium
1040 871 1421 927 adversarium
1459 872 1647 946 potius
1694 890 1863 947 quam

308 961 637 1017 familiarem
663 958 1035 1034 Theophrasti
1062 959 1242 1015 videri
1268 959 1430 1016 fixisse
1450 978 1617 1034 supra
1643 961 1862 1015 monui·

308 1067 450 1109 muS.
477 1050 672 1105 Cicero
702 1047 930 1122 quidem
960 1046 1051 1103 Ad
1076 1048 1243 1103 Attic.
1280 1049 1386 1117 VI,
1425 1066 1459 1104 a
1489 1046 1587 1123 (fr.
1619 1045 1717 1123 74)
1743 1064 1864 1103 me-

308 1149 491 1193 morat
533 1138 752 1192 tabulas
788 1134 1112 1191 Dicaearchi
1121 1177 1137 1204 ,
1189 1134 1289 1191 sed
1332 1136 1440 1205 ita,
1483 1146 1549 1191 ut
1587 1153 1707 1190 non
1753 1145 1863 1191 tam

309 1222 383 1279 de
406 1224 635 1294 tabulis,
678 1242 814 1298 quas
851 1223 1029 1278 oculis
1069 1221 1340 1293 subjectas
1365 1221 1651 1291 habuerit,
1694 1239 1860 1295 quarn

309 1310 382 1368 de
418 1312 790 1385 Peloponnesi
846 1310 1033 1366 tabula
1055 1350 1072 1380 ,
1126 1310 1304 1384 qualis
1348 1327 1417 1364 ex
1464 1309 1861 1382 Trophoniana

310 1397 595 1453 Charonis
629 1398 950 1452 narratione
1000 1395 1205 1471 (quam
1244 1395 1436 1451 laudat
1479 1396 1674 1452 Cicero
1704 1397 1744 1451 l.
1784 1398 1860 1473 l.)

310 1485 497 1540 animo
537 1484 884 1541 efformanda
936 1484 1107 1551 foret,
1166 1482 1528 1558 cogitandum
1569 1501 1681 1539 esse
1723 1485 1861 1540 mibi

308 1570 585 1629 videatur.
615 1572 867 1628 Osannus
909 1571 947 1628 l.
991 1571 1032 1625 1.
1071 1589 1131 1644 p.
1175 1589 1245 1641 7²
1285 1570 1525 1638 tabulas,
1557 1588 1679 1643 quae
1709 1571 1863 1626 orbis

310 1669 587 1714 terrarum
603 1657 934 1714 delineatam
954 1658 1256 1733 imaginem
1270 1656 1640 1714 exhibuissent
1653 1666 1709 1713 et
1727 1673 1863 1731 quas

312 1745 492 1815 libre,
522 1745 619 1818 qui
652 1740 896 1823 Περίοδος
923 1746 1017 1819 γῆς
1043 1745 1384 1813 inscribitur,
1412 1744 1733 1818 explicasset
1762 1745 1861 1799 Di-

313 1832 592 1888 caearchus
618 1830 771 1905 apud
810 1833 1139 1889 Ciceronem
1184 1831 1420 1905 intelligi
1462 1831 1601 1885 vult.
1648 1830 1861 1903 Quodsi

269 1991 279 1998 ·
312 1919 486 1974 verba
531 1919 817 1975 Ciceronis
851 1921 930 1975 ita
976 1930 1296 1993 comparata
1342 1920 1477 1988 sint,
1526 1929 1592 1973 ut
1636 1918 1861 1974 nonnisi

321 2005 767 2080 Trophonianam
788 2007 945 2062 istam
966 1995 1341 2062 narrationem
1361 2017 1559 2061 auctor
1579 2016 1708 2061 ante
1730 2024 1862 2061 ocu-

312 2092 398 2148 los
424 2091 680 2149 habuisse
707 2091 982 2164 videatur,
1026 2092 1088 2148 id
1113 2093 1385 2148 brevitate
1412 2102 1467 2147 et
1492 2092 1826 2148 obscuritate
1842 2131 1858 2160 ,

313 2196 427 2252 qua
454 2179 698 2252 epistolae
721 2178 795 2235 ad
820 2179 1069 2234 Atticum
1096 2179 1316 2252 scriptae
1342 2178 1543 2252 passim
1570 2178 1856 2246 laborant,

313 2267 795 2322 commissmnesse
822 2277 1024 2322 censet.
1054 2266 1295 2322 Fuhrius
1320 2283 1428 2339 pro
1459 2266 1660 2320 tabulis
1687 2265 1861 2321 corri-

311 2354 563 2429 gendum
592 2373 703 2410 esse
735 2355 1000 2428 opinatur
1008 2351 1253 2433 sabulis.
1284 2383 1363 2396 —
1394 2354 1477 2408 Ex
1504 2352 1865 2427 Agathemeri

313 2440 561 2514 denique
588 2441 773 2497 verbis
798 2439 897 2515 (fr.
940 2438 1046 2516 54)
1090 2460 1208 2496 nou
1251 2451 1444 2514 patere
1479 2440 1862 2495 Dicaearchum

314 2528 530 2584 tabulas
550 2528 948 2604 geographicas
972 2528 1271 2584 delineasse
1291 2545 1456 2584 nemo
1484 2546 1602 2582 non
1628 2526 1802 2582 videt.

1047 2671 1138 2730 52.

395 2810 489 2867 Jo.
508 2808 700 2882 Lydus
725 2810 810 2863 De
836 2825 1033 2865 menas.
1065 2826 1122 2882 p.
1171 2807 1276 2873 164
1306 2807 1398 2863 ed.
1425 2806 1613 2863 Roeth.
1654 2824 1669 2864 ε
1706 2802 1864 2864 Ἀλλὰ

320 2893 411 2953 καὶ
456 2892 773 2973 Δικαίαρχος
813 2893 867 2950 ἰν
899 2892 1136 2974 Περιόδῳ
1162 2896 1257 2971 γῆς
1290 2893 1349 2950 ἐκ
1391 2895 1485 2964 τῆς
1525 2889 1861 2966 Ἀτλαντικῆς

317 2981 576 3053 θαλάττης
601 2983 687 3040 τὸν
730 2982 917 3043 Νεῖλον
958 2982 1265 3062 ἄναχεῖσθαι
1308 2978 1568 3061 βούλεται.
1607 2983 1693 3041 Cf.
1737 2985 1864 3040 Cal-

316 3071 564 3127 listhenis
582 3071 653 3130 sr.
683 3072 741 3128 6.

395 3159 608 3214 Unicus
628 3159 721 3215 hic
748 3159 906 3214 locus
931 3168 1041 3226 est,
1078 3176 1195 3232 quo
1223 3157 1427 3213 diserta
1452 3157 1683 3213 Periodi
1707 3176 1864 3213 men-

316 3246 401 3301 tio
445 3243 527 3302 fit.
565 3245 657 3301 Ad
689 3245 839 3302 idem
871 3263 1014 3319 opus
1050 3243 1343 3300 referenda
1382 3245 1626 3318 plurima
1670 3263 1868 3300 eorum

317 3350 445 3406 quae
472 3330 544 3389 ad
568 3343 838 3388 terrarum
863 3332 1260 3406 descriptiones
1281 3332 1585 3405 pertinent.

1042 3475 1135 3531 53.

398 3627 610 3683 Plinius
626 3628 700 3683 H.
725 3627 794 3684 N.
823 3627 912 3697 11,
935 3645 985 3679 c.
1016 3621 1089 3679 65
1114 3624 1185 3679 de
1206 3635 1352 3679 terra
1385 3643 1399 3677 :
1428 3624 1658 3679 Globum
1682 3637 1867 3680 tamen

317 3712 478 3790 effici
512 3718 708 3769 mirum
752 3724 838 3769 est
852 3717 911 3768 in
960 3723 1118 3766 tanta
1135 3712 1384 3786 planitie
1429 3716 1603 3765 maris
1642 3730 1865 3787 campo-

318 3820 568 3876 rumque.
638 3801 685 3857 C
683 3805 743 3856 ui
787 3811 975 3855 senten
983 3803 1080 3854 tioe
1132 3798 1293 3853 adest
1347 3798 1735 3867 Dicaearchus,
1793 3805 1874 3854 vir

322 3893 382 3944 in
402 3894 605 3964 primis
642 3888 901 3955 eruditus,
951 3903 1141 3958 regum
1186 3902 1318 3938 cura
1349 3901 1671 3958 permensus
1710 3904 1866 3940 mon-

321 3987 428 4043 tes,
469 3994 544 4031 ex
568 3976 763 4050 quibus
789 3975 1119 4029 altissimum
1147 3971 1396 4045 prodidit
1428 3971 1627 4027 Pelion
1654 3972 1870 4027 MCCL

313 4083 578 4138 passuum
618 4067 857 4119 -ratione
904 4060 1385 4136 perpendiculari,
1460 4059 1675 4113 nullam
1744 4076 1863 4113 esse

320 4171 447 4207 eam
486 4156 794 4227 portionem
841 4154 1106 4204 univer-ste
1161 4146 1516 4203 rotunditatis
1574 4147 1863 4221 colligens.

322 4238 478 4295 Misce·
499 4244 708 4293 incerta
727 4237 856 4292 hoec
873 4237 1084 4292 videtur
1102 4237 1427 4306 conjectatio
1444 4250 1464 4299 ,⁸
1493 4232 1653 4287 haud
1667 4238 1869 4306 ignaro

323 4325 587 4399 quosdam
626 4327 849 4399 Alpium
898 4327 1116 4378 vertices
1127 4362 1147 4389 ,
1200 4324 1363 4396 longo
1403 4332 1578 4375 tractu
1618 4338 1719 4374 nec
1755 4320 1868 4375 bre·

522 4490 744 4551 olims
778 4487 1205 4549 TERRARUM
1246 4484 1665 4547 cmcm‘ms.

1048 4585 1137 4637 62.

386 4669 690 4722 Dieoearchns
706 4681 899 4733 quoque
915 4668 965 4718 in
988 4667 1130 4719 Orbis
1158 4667 1376 4719 circuitu
1395 4666 1561 4718 Nilum
1586 4652 1791 4715 nuvium
1810 4677 1871 4714 ex

324 4747 562 4800 Atlantico
584 4746 702 4796 mari
725 4745 925 4796 refluere
947 4746 1066 4796 vult.
1621 4754 1629 4760 ·

386 4922 537 4973 Prisci
574 4924 754 4972 terram
786 4919 1091 4970 habitabilem
1127 4932 1229 4969 ease
1267 4916 1523 4969 rotundam
1568 4915 1869 4978 fingebant...

324 5002 518 5054 Primus
540 4999 871 5061 Democritus,
890 4998 965 5048 vir
982 4997 1320 5062 perithsimus,
1343 4989 1565 5060 cognovit
1588 5007 1695 5045 eam
1709 4993 1876 5044 oblon-

324 5093 586 5145 gameaae,
618 5081 688 5131 ita
710 5077 981 5129 utdimidia
1014 5079 1150 5140 parte
1172 5076 1356 5139 longior
1386 5088 1535 5138 quam
1565 5073 1706 5125 latior
1733 5077 1871 5124 esset.

326 5157 604 5209 mnocrito
625 5156 877 5209 assentitur
894 5153 1202 5207 Dicaearchus
1217 5151 1575 5217 peripateticus.

3388 406 3500 460 25*

1952 532 2099 584 aiore
2141 531 2548 602 quinquaginta
2599 527 2843 582 millibus
2875 546 3146 601 passuum
3193 547 3494 605 assurgere.

2028 615 2285 670 Martian.
2307 614 2441 688 Cap.
2461 616 2564 683 VI,
2589 613 2754 688 §590
2778 615 2873 672 ed.
2897 616 3093 689 Kopp.
3129 614 3275 670 1836
3309 635 3324 672 ε
3364 619 3498 673 Tum

1951 703 2054 756 illa
2074 699 2352 772 :sormam
2368 705 2529 756 totius
2555 712 2718 756 terroe
2735 719 2845 755 non
2860 702 3119 774 planam,
3150 713 3209 756 ut
3220 709 3513 760 aestimant

1939 792 2209 862 positioni
2267 792 2364 862 qui
2413 805 2538 843 eam
2587 787 2727 842 disci
2784 783 3092 857 diffiniatis
3144 792 3488 858 assimilant,

1952 894 2132 949 neque
2171 891 2465 932 concavam
2480 915 2495 943 ,
2535 886 2598 929 ut
2632 876 2737 929 alii
2777 879 2874 948 qui
2908 875 3238 932 descendere
3273 878 3506 934 imbrem

1951 962 2147 1017 dixere
2173 962 2381 1017 telluris
2403 966 2460 1014 in
2490 966 2800 1034 gremium;
2830 961 2934 1015 sed
2950 962 3237 1017 rotundam
3256 1004 3270 1029 ,
3306 964 3503 1038 globo·

1951 1067 2073 1103 sam
2107 1054 2303 1117 etiam,
2340 1053 2481 1104 sicut
2516 1050 2782 1104 secundus
2810 1047 3179 1103 Dicoearclzus
3204 1064 3498 1111 asseverat.

1952 1137 2211 1211 Namque
2249 1148 2400 1192 ortus
2421 1136 2704 1210 obitusque
2737 1136 2973 1190 siderum
3001 1153 3110 1188 non
3141 1135 3383 1191 diversus
3396 1157 3504 1212 pro

1952 1235 2115 1278 tetra.-
2154 1224 2453 1278 elevatione
2490 1222 2576 1276 vel
2609 1221 3063 1277 inclinationi’bus
3096 1220 3408 1291 haberetur,
3455 1230 3504 1279 si

1945 1329 2055 1385 per
2065 1313 2250 1386 plana
2269 1308 2499 1381 dil‘fusis
2517 1310 2816 1364 mundana:
2839 1313 3232 1366 constitutionis
3252 1308 3510 1385 operibus

1952 1417 2060 1454 uno
2101 1400 2399 1472 eodemque
2445 1410 2685 1472 tempore
2735 1416 2906 1471 supra
2951 1408 3126 1452 terras
3175 1409 3231 1453 et
3272 1417 3499 1473 oequora

1950 1491 2269 1555 nituissent‚
2310 1497 2410 1540 aut
2436 1490 2566 1541 item
2596 1489 2644 1538 si
2670 1488 2868 1540 emersi
2894 1486 3025 1541 solis
3047 1496 3266 1540 exortus
3298 1505 3500 1541 conca-

1952 1579 2031 1628 vis
2046 1570 2411 1628 subductionis
2434 1586 2598 1629 ten-ce
2626 1572 2846 1627 latebris
2874 1568 3186 1629 abderetur.

2029 1663 2152 1717 Vox
2190 1661 2459 1716 secundus
2499 1662 2575 1716 ita
2615 1657 2947 1733 explicanda
2975 1658 3200 1714 videtur
3234 1661 3510 1733 Koppio,

1950 1758 2014 1801 ut
2033 1752 2251 1821 primus
2272 1747 2553 1802 sententia!
2570 1745 2735 1819 hujus
2753 1757 2950 1801 auctor
2969 1743 3137 1801 fuerit
3158 1747 3501 1804 Aristoteles.

1948 1833 2189 1889 Fuhrius
2204 1831 2444 1905 conjecit
2449 1831 2746 1905 secundus.
2764 1835 3019 1889 Fortasse
3042 1830 3152 1890 fuit
3171 1850 3185 1892 ε
3206 1835 3504 1889 secundum

1949 1917 2341 1974 Dicaearchum
2360 1931 2692 1976 asseverant.
2712 1920 2797 1974 De
2817 1937 2879 1974 re
2894 1919 2967 1975 cf.
2988 1918 3278 1994 Forbiger.
3297 1920 3509 1992 Geogr.

1952 2008 2002 2076 1,
2052 2025 2114 2081 p.
2147 2004 2282 2082 539.

2681 2105 2773 2173 54.

2031 2247 2431 2323 Agathemerus
2452 2248 2575 2303 init.
2605 2265 2619 2301 ε
2642 2245 2711 2305 Οἱ
2736 2242 2831 2322 μὲν
2860 2229 2949 2302 οὖν
2971 2245 3186 2304 παλαιοὶ
3213 2243 3309 2317 τὴν
3335 2247 3512 2305 οἴκου·

1955 2329 2119 2409 μίνην
2149 2331 2371 2413 ἔγραφον
2401 2329 2790 2412 στρογγύλην...
2823 2334 3037 2413 Πρῶτος
3075 2331 3130 2391 δὲ
3158 2330 3504 2413 Δημόκριτος,

1952 2416 2263 2500 πολύπειρος
2317 2417 2450 2500 ἀνὴρ
2466 2462 2483 2492 ,
2521 2419 2746 2477 συνεῖδεν
2791 2417 2871 2477 ὅτι
2927 2417 3204 2499 προμήκης
3246 2418 3357 2478 ἐστὶ
3396 2423 3464 2498 γῆ
3481 2463 3499 2492 ,

1954 2506 2194 2583 ἡμιόλιον
2237 2504 2296 2564 τὸ
2345 2510 2509 2584 μῆκος
2555 2509 2648 2590 ‘roh'
2689 2504 2916 2572 πλάτους
2970 2504 3184 2586 ἔχουσα.
3236 2505 3498 2584 Συνῄνεσε

1956 2593 2124 2676 τούτῳ
2146 2592 2237 2653 καὶ
2263 2591 2581 2673 Δικαίαρχος
2606 2595 2634 2651 ὀ
2662 2595 3088 2671 περιπατητικός.
3121 2591 3340 2662 Εὔδοξος
3364 2592 3419 2651 δὲ
3444 2593 3515 2652 τὸ

1960 2683 2124 2758 μῆκος
2149 2680 2361 2738 διπλοῦν
2383 2685 2472 2739 τοῦ
2509 2678 2764 2746 πλάτους·
2789 2683 2818 2738 ὃ
2848 2677 2905 2738 δὲ
2929 2676 3304 2760 Ἐρατοσθένης
3328 2679 3514 2739 πλεῖον·

1954 2773 2045 2827 τοῦ
2070 2768 2270 2827 διπλοῦ.
2301 2795 2324 2819 ι
2344 2770 2604 2826 Ceterum
2628 2788 2750 2824 non
2770 2767 3173 2844 negligendum
3200 2779 3281 2824 est
3297 2809 3313 2838 ,
3348 2769 3506 2843 quod

1953 2855 2266 2916 Democriti
2292 2857 2568 2914 sententia
2595 2856 2668 2912 ad
2694 2856 3001 2912 habitatam
3043 2865 3260 2912 tantum
3297 2865 3510 2912 terram

1953 2945 2250 3002 reserenda
2277 2956 2379 3020 est,
2403 2956 2461 3001 et
2483 2943 2642 3019 quod
2667 2943 3021 3001 Dicaearchus
3046 2944 3237 3019 igitur,
3264 2943 3362 3017 qui
3385 2962 3506 3000 eam

1959 3034 2248 3108 amplexus
2269 3045 2375 3105 est,
2389 3033 2495 3089 sibi
2522 3052 2639 3089 nou
2660 3043 2969 3108 repugnat,
2995 3032 3040 3088 si
3058 3050 3186 3087 cum
3214 3032 3518 3088 Aristotele

1953 3121 2218 3195 magistro
2246 3117 2366 3197 (De
2392 3121 2538 3177 coelo
2571 3123 2656 3190 Π,
2690 3118 2790 3196 14)
2822 3137 3048 3175 omnem
3075 3129 3278 3175 terram
3307 3118 3516 3194 globo-—

1953 3226 2071 3263 sam
2098 3227 2212 3267 esse
2235 3210 2445 3265 statuit.
2493 3232 2517 3259 ν
2545 3210 2734 3266 Funa.

2692 3352 2786 3409 55.

2035 3488 2195 3544 Idem
2231 3489 2372 3547 ibid.
2417 3506 2432 3546 ε
2477 3486 2796 3567 Δικαίαρχος
2837 3484 2891 3545 δὲ
2932 3486 3087 3567 ὁρίζει
3127 3484 3223 3556 τὴν
3261 3488 3359 3562 γῆν
3400 3486 3508 3564 οὐχ

1958 3570 2163 3645 ὕδασιν,
2205 3570 2343 3629 ἀλλὰ
2379 3576 2516 3649 τομῇ
2551 3573 2720 3653 εὐθείᾳ
2762 3570 3005 3652 ἀκράτῳ,
3038 3570 3142 3629 ἀπὸ
3176 3571 3381 3643 στηλῶν
3419 3570 3510 3628 διὰ

1957 3660 2223 3737 Σαρδοῦς,
2255 3658 2498 3726 Σικελίας
2516 3702 2533 3734 ,
2554 3657 2958 3730 Πελοποννήσου
2977 3702 2995 3736 ,
3031 3657 3259 3738 Καρίας,
3283 3657 3516 3731 Λυκίας,

1957 3746 2311 3827 Παμφυλίας,
2357 3744 2599 3812 Κιλικίας
2637 3745 2730 3805 καὶ
2770 3744 2982 3825 Ταύρου
3028 3743 3144 3816 ίξῆς
3191 3744 3287 3811 ἕως
3325 3744 3514 3821 'lunico
3629 3764 3647 3790 ⁸

1954 3831 2131 3912 ὄρους·
2157 3835 2260 3892 τῶν
2289 3832 2457 3891 τοίνυν
2478 3830 2653 3892 τόπων
2679 3832 2766 3891 τὸν
2786 3830 2880 3910 μὶν
2903 3831 3119 3913 βόρειον,
3146 3830 3234 3890 τὸν
3261 3831 3316 3890 δὲ
3340 3832 3504 3891 νότιον

1955 3919 2213 3995 ὀνομάζῃ.
2231 3921 2450 3979 Eodem
2479 3922 2655 3979 modo
2682 3922 3072 3979 Eratosthenes
3099 3940 3219 3977 rem
3246 3923 3500 3977 instituit.

1955 4012 2022 4069 v.
2044 3995 2245 4067 Strabo
2268 4012 2325 4066 11
2346 4054 2363 4085 ,
2390 4029 2445 4084 p.
2472 4010 2569 4081 67.

2686 4110 2783 4171 56.

2037 4231 2239 4289 Strabo
2265 4234 2350 4302 11,
2378 4250 2430 4290 c.
2462 4237 2516 4303 4,
2543 4251 2601 4307 p.
2631 4237 2734 4297 104
2764 4250 2830 4305 sq
2857 4247 2873 4288 x
2904 4227 3165 4295 Πολύὸιος
3194 4227 3249 4286 δὲ
3278 4226 3372 4298 τὴν
3397 4228 3516 4286 Εὖ·

1964 4316 2144 4397 ρώπην
2177 4320 2533 4398 χωρογραφῶν
2553 4315 2671 4384 τοὺς
2692 4315 2791 4395 μὲν
2817 4315 3067 4396 ἀρχαίους
3096 4318 3186 4374 ἐᾶν
3209 4336 3367 4395 φησι,
3391 4313 3514 4380 τοὺς

2695 4487 2784 4537 55.

2022 4577 2330 4627 Dicaearchus
2340 4579 2573 4627 terrarum
2597 4577 2742 4627 situm
2758 4589 2856 4625 non
2872 4574 3133 4626 secundum
3149 4574 3300 4623 maria
3321 4572 3510 4633 definit,

1959 4653 2045 4704 sed
2061 4653 2209 4705 ducta
2237 4654 2363 4704 linea
2389 4653 2597 4715 directa,
2624 4665 2735 4716 quae
2765 4651 2828 4721 ab
2856 4651 3073 4713 flet-culis
3094 4650 3329 4700 columnis
3357 4650 3508 4699 currit

1960 4745 2047 4796 per
2068 4733 2335 4785 Sardiniam
2346 4770 2362 4795 ,
2378 4732 2588 4783 Siciliam
2604 4769 2620 4795 ,
2641 4731 3041 4795 Peloponnesum,
3057 4730 3250 4780 Cariam
3263 4765 3279 4791 ,
3292 4729 3512 4792 Lyciam,

1961 4810 2319 4874 Pamphyliam,
2340 4809 2556 4861 ciliciam
2578 4811 2628 4860 et
2648 4812 2889 4871 Taurum,
2912 4820 3066 4871 usque
3082 4807 3142 4856 ad
3163 4810 3347 4857 imaum
3374 4819 3512 4855 mon·

1959 4890 2078 4938 tem.
2098 4890 2247 4938 Terra
2272 4887 2416 4951 igitur
2441 4886 2572 4936 hunc
2607 4887 2658 4937 in
2693 4885 2893 4936 modum
2926 4885 2975 4935 in
2996 4884 3118 4934 duas
3139 4884 3292 4934 divisa
3317 4886 3507 4948 partes,

1967 4979 2135 5023 earum
2157 4966 2358 5017 alteram
2375 4966 2618 5017 borealem
2633 5002 2649 5029 ,
2672 4966 2871 5016 aiteram
2891 4963 3248 5017 meridionalem
3269 4962 3513 5013 nominat.

2024 5149 2136 5199 Jam
2170 5146 2397 5211 Polybius
2425 5149 2633 5210 Europa>
2663 5063 2876 5210 genes
2905 5143 3208 5206 describens,
3233 5143 3422 5194 veteres
3454 5153 3511 5191 ae
