4016 5916
1507 419 1999 515 FRAGMENssA.
2527 476 2530 487 ,
2805 392 2814 401 ’
3330 429 3395 477 ta

752 546 1217 634 [sirmiam]

272 836 529 893 Athenoei
550 835 697 908 Epir.
719 853 780 907 p.
809 832 904 901 31,
929 833 973 887 B
998 827 1223 894 εἽππυς
1255 829 1416 905 (libri
1447 826 1686 897 Ἱππίας)
1705 825 1759 886 δὲ

188 926 222 982 ὁ
256 922 508 999 Ῥηγῖνος
552 918 649 990 τὴν
695 917 858 977 εἰλεὸν
891 914 1218 993 καλουμένην
1268 915 1504 993 ἄμπελον
1555 915 1759 993 βιὸλίαν

188 1010 327 1081 *aad
354 1005 733 1076 καλιῖσθαι·ἣν
764 1002 963 1065 Πόλλιν
985 1002 1074 1062 τὸν
1097 1001 1350 1083 Ἀργεῖον,
1373 1000 1426 1069 ὃς
1453 1000 1759 1060 ἰὸασίλευσε

192 1076 572 1177 Συρακοσίων,
597 1115 639 1149 π
674 1094 803 1149 ’τον
845 1092 915 1156 εἷς
943 1086 1281 1167 Συρακούσας
1304 1090 1519 1164 κομίσαι
1546 1088 1596 1156 ἐξ
1622 1087 1759 1147 Ἰτα-

198 1185 337 1251 ttae.
390 1180 492 1252 Εἴη
518 1178 584 1239 ἂν
610 1202 699 1238 ουν
727 1182 756 1237 ὁ
792 1175 939 1256 παρὰ
978 1174 1314 1242 Σικελιώταις
1353 1173 1542 1254 ,γλυκὺς
1570 1175 1758 1233 καλου·

202 1293 353 1348 μενος
374 1270 595 1333 Πόλλιος
622 1270 652 1325 ὁ
680 1264 919 1332 Βίὸλινος
941 1254 1089 1330 οἶνος.

280 1356 535 1436 Χρησμός
563 1356 694 1433 [pro
721 1356 808 1411 his
830 1356 929 1413 lib.
960 1352 1024 1411 C.
1058 1374 1072 1409 ε
1100 1353 1153 1410 ἐν
1180 1353 1256 1430 τῷ
1282 1353 1536 1431 χρησμῷ,
1573 1349 1756 1431 φησὶν,

198 1453 231 1507 ὁ
252 1445 368 1512 θεὸς
393 1441 763 1519 ηὗτομάτισε]·

326 1581 434 1632 Πῖν’
453 1580 576 1629 οἶνον
592 1577 781 1642 τρυγίαν
795 1612 810 1635 ,
834 1575 933 1624 ἐπεὶ
957 1574 1044 1623 οὐκ
1064 1573 1300 1631 Ἀνθηδόνα
1314 1574 1455 1632 ναίεις
1468 1611 1482 1635 ,

326 1650 428 1701 οὐδ’
447 1651 573 1712 ἱερὰν
590 1649 788 1711 Ὑπέραν
804 1682 819 1707 ,
836 1646 908 1694 ὅθι
928 1646 971 1706 γ’
998 1645 1193 1708 ἄτρυγον
1219 1645 1342 1695 οἶνον
1373 1646 1539 1701 ἔπινες.

282 1779 698 1850 Excerptorem
714 1773 883 1847 plura
901 1770 1144 1826 omisisse
1165 1781 1337 1845 patet.
1367 1766 1601 1847 Ἵππυς]
1624 1771 1757 1827 libri

203 1860 424 1927 Ἱππίας
441 1904 460 1931 ,
490 1863 567 1917 sic
591 1862 797 1934 Hippis
818 1869 876 1913 et
893 1859 1131 1932 Hippias
1145 1858 1373 1915 inlibris
1394 1859 1558 1915 Plinii
1588 1860 1662 1915 Η.
1692 1860 1763 1916 N.

208 1951 463 2019 XXXV,
498 1955 572 2015 4ο
590 1989 606 2018 ,
632 1947 737 2016 35;
761 1945 835 2002 cf.
860 1946 1151 2003 Polemon.
1178 1945 1249 2001 fr.
1278 1944 1374 2001 63.
1408 1946 1648 2021 Argivus
1674 1947 1766 2001 ille

206 2058 307 2101 rex
336 2040 739 2117 Syracusanam
755 2034 1074 2107 excerptori
1099 2032 1293 2089 deberi
1320 2034 1605 2104 videatur,
1622 2053 1766 2107 quo·

208 2127 361 2186 niam
386 2124 466 2178 ita
508 2119 716 2177 Pollux
741 2122 852 2178 On.
887 2121 992 2189 VI,
1038 2138 1104 2190 17
1141 2139 1155 2175 t
1188 2118 1295 2178 Καί
1322 2140 1422 2177 που
1450 2116 1540 2176 καὶ
1581 2116 1769 2196 γλυκὺς

208 2210 300 2269 καὶ
324 2208 589 2273 Πολλαῖος
610 2197 798 2285 (οἶνος)
819 2228 833 2242 ·
858 2202 967 2264 ἔστι
990 2203 1046 2264 δὲ
1075 2207 1135 2264 ἐκ
1171 2207 1543 2285 Συρακουσῶν,
1576 2204 1771 2270 Πόλλις

212 2289 255 2349 δ’
278 2287 437 2347 αὐτὸν
455 2289 486 2344 δ
503 2284 726 2363 Ἀργεῖος
748 2286 949 2364 πρῶτος
975 2281 1282 2361 ἐσκεύασεν,
1309 2285 1395 2363 ἀφ’
1434 2275 1494 2340 οὗ
1534 2285 1624 2341 καὶ
1650 2282 1770 2342 τοῦ-

212 2396 380 2451 νομα·
407 2372 445 2445 ἢ
474 2372 578 2431 ἀπὸ
605 2377 698 2431 τοῦ
725 2370 1094 2449 Συρακουσίων
1134 2370 1388 2449 βασιλέως
1410 2371 1664 2443 Πόλλιος,
1703 2373 1773 2437 ὡς

218 2460 591 2542 Ἀριστοτέλης
608 2458 768 2537 λίγει.
782 2460 866 2518 Cf.
878 2461 1081 2520 AElian.
1097 2463 1161 2520 V.
1179 2461 1246 2518 H.
1265 2463 1398 2531 XII,
1424 2460 1455 2516 3
1469 2480 1490 2515 1
1513 2480 1526 2515 z
1542 2457 1772 2529 Ἐκλήθη

216 2552 268 2612 δὲ
294 2554 346 2627 (ὁ
374 2549 599 2613 Πόλλιος
618 2538 779 2624 οἶνος)
808 2546 912 2604 ἀπό
934 2569 1068 2614 τινος
1090 2545 1344 2625 ἐγχωρίου
1366 2543 1637 2623 βασιλέως.
1663 2548 1774 2604 Sed

215 2644 361 2698 bene
386 2658 447 2696 se
482 2639 695 2694 babere
733 2636 907 2693 verba
932 2637 1213 2705 Athenaei,
1245 2637 1537 2692 oraculum
1565 2635 1775 2691 indicio

216 2742 324 2797 est,
350 2725 513 2801 quod
535 2725 807 2782 Calauria
833 2724 1176 2779 mentionem
1201 2722 1436 2791 faciens,
1466 2741 1595 2777 cum
1618 2734 1777 2778 ante-

216 2815 548 2873 cedentibus
574 2812 862 2868 cohaerere
887 2810 1078 2883 aliquo
1106 2809 1283 2865 modo
1308 2810 1495 2865 debet.
1526 2811 1642 2865 Nec
1670 2810 1775 2865 ali-

222 2917 305 2961 ter
322 2900 649 2960 Aristoteles
661 2898 935 2966 statuerit,
954 2898 1050 2971 qui
1068 2896 1140 2952 de
1162 2896 1363 2952 eodem
1386 2897 1619 2952 oraculo
1634 2907 1690 2952 et
1708 2897 1778 2952 de

222 2994 351 3048 vino
387 2987 759 3046 Anthedonio
813 2987 874 3040 in
915 2986 1332 3042 Troezeniorum
1367 2986 1615 3059 Republ.
1657 2985 1779 3062 (ap.

228 3079 551 3135 Athenaeum
576 3077 616 3130 1.
645 3075 689 3131 l.
716 3086 773 3131 et
790 3074 1075 3130 Plutarch.
1103 3075 1213 3146 Qu.
1239 3075 1336 3132 Gr.
1364 3074 1536 3151 c.<19)
1563 3075 1782 3131 locutus

220 3162 729 3222 est.-Secuudum
750 3173 1040 3218 auctorem
1056 3163 1241 3235 Etym.
1265 3159 1342 3216 M.
1365 3162 1490 3220 vitis
1507 3180 1576 3217 ex
1598 3161 1778 3216 Thra—

225 3260 315 3310 cia
346 3253 405 3308 in
431 3252 678 3308 Siciliam
715 3251 1114 3324 transplantata
1151 3261 1233 3305 est
1263 3246 1366 3305 ὑπὸ
1409 3242 1663 3314 Πόλλιδος
1689 3252 1779 3305 τοῦ

226 3336 509 3400 Σικυωνίου
546 3334 834 3415 τυράννου,
874 3336 1033 3410 quod
1060 3334 1281 3391 Miiller.
1314 3335 1479 3409 (Dor.
1507 3337 1599 3404 11,
1637 3332 1778 3413 109)

226 3429 425 3484 mutari
448 3427 612 3500 jubet
638 3426 702 3480 in
724 3427 816 3480 τοῦ
842 3420 1198 3500 Συρακουσίου
1219 3445 1270 3479 τ.
1299 3422 1541 3480 Aliunde
1560 3424 1631 3480 de
1650 3426 1781 3480 Pol-

228 3516 341 3573 lide
356 3516 462 3571 hoc
483 3533 607 3570 non
624 3522 876 3582 constat;
904 3523 1200 3586 antequam
1220 3513 1279 3565 in
1302 3512 1542 3566 Siciliam
1564 3512 1783 3583 trajice-

230 3616 339 3666 ret,
369 3605 423 3658 in
452 3603 713 3658 Calauria
740 3601 858 3654 sive
879 3598 1213 3655 Anthedone
1239 3599 1510 3654 habitasse
1536 3599 1780 3668 videtur,

868 3765 1027 3819 SICU
1034 3765 1125 3818 LA
1135 3804 1147 3816 .

292 3965 467 4026 liiwys
488 3961 734 4024 Rhegium
746 3959 915 4021 vitem,
931 3973 1076 4023 quam
1095 3961 1257 4022 εἰλεὸν,
1273 3963 1575 4023 tortuosam,
1596 3965 1787 4022 vocant,

237 4040 427 4090 etalem
464 4039 699 4090 maltam
735 4038 971 4087 nouiinari
1000 4037 1181 4099 tradit,
1207 4040 1356 4100 atque
1372 4051 1402 4087 a
1430 4038 1547 4087 Polli
1583 4040 1755 4102 Argivo
1774 4077 1788 4102 ,

238 4123 315 4180 qui
332 4116 579 4179 syracusis
606 4115 849 4179 regnavit,
870 4116 1079 4179 primum
1101 4127 1165 4164 ex
1190 4115 1325 4164 ltalia
1338 4117 1595 4177 Syracusas
1611 4106 1790 4180 appor-

239 4197 380 4244 tatam
393 4207 515 4246 ene.
538 4193 711 4245 Fuerit
728 4193 873 4256 igitur
893 4193 1035 4243 dulce
1057 4192 1175 4242 illud
1191 4194 1361 4243 vinum
1373 4231 1388 4257 ,
1407 4194 1542 4258 quod
1561 4197 1787 4247 Polliam

236 4273 374 4322 Simili
394 4272 674 4335 appellant,
701 4270 830 4321 idem
852 4275 998 4334 atque
1022 4270 1277 4321 Biblinum.

821 4446 1208 4504 ARGOLICA.

989 4547 1025 4598 8

1847 554 2077 610 sortasse
2115 572 2262 609 unus
2300 572 2369 609 ex
2406 563 2570 628 gente
2605 549 3031 609 Temenidarum
3052 592 3069 621 ,
3118 552 3190 607 ad
3230 571 3398 625 quam

1849 641 2170 697 Bacchiadae
2204 641 2580 715 pertinebant.
2614 640 2798 696 Pollin
2829 642 3122 712 Argivum,
3153 642 3251 713 qui
3291 660 3402 697 una

1849 747 1977 783 cum
2001 730 2195 804 legatis
2222 729 2644 785 Corinthiorum
2672 738 2729 782 et
2750 727 3307 783 Lacedaemoniorum
3331 730 3404 784 ad

1847 817 2138 871 Persarum
2162 835 2352 891 regem
2381 816 2670 890 profectus
2695 815 2797 884 sit,
2825 826 3101 870 memorat
3119 815 3406 889 Thucydi-

1842 898 1946 958 'des
1972 905 2057 970 ΙΙ,
2087 904 2183 973 67.
2213 904 2399 959 Alium
2426 904 2490 960 P.
2519 903 2874 975 Spartiatam,
2895 902 3148 975 Dionysii
3183 903 3405 975 tyranni

1849 990 2110 1060 amicum,
2145 990 2307 1045 affert
2331 989 2613 1045 Plutarch.
2637 989 2810 1044 Dion.
2843 1007 2891 1045 c.
2927 986 2980 1047 5.
3004 1019 3085 1031 —
3103 990 3409 1063 Fragmen-

1850 1086 1969 1131 tum
1997 1096 2134 1131 num
2161 1087 2314 1132 recte
2361 1076 2652 1131 tribuerim
2702 1074 2993 1139 Σικελικοῖς
3030 1077 3249 1145 nescio;
3296 1075 3407 1150 legi

1848 1165 2035 1237 potuit
2065 1175 2182 1218 tum
2209 1165 2268 1217 in
2295 1162 2589 1239 Χρονικοῖς,
2618 1173 2736 1216 tum
2773 1164 2829 1216 in
2853 1157 3184 1239 Ἀργολικοῖς.

2477 1343 2802 1367 Μ’·-

2421 1461 2712 1537 [ΑΡΓοΑι
2732 1460 2860 1538 m]

2604 1608 2659 1665 s.

1931 1766 2133 1821 AElian.
2162 1765 2229 1820 N.
2260 1766 2328 1819 A.
2360 1765 2473 1834 IX,
2521 1762 2591 1819 33
2622 1782 2635 1817 :
2668 1765 2780 1835 Qui
2812 1764 3094 1821 lumbrico
3123 1766 3411 1841 laborant,

1854 1853 2001 1907 malo
2048 1851 2310 1907 laborant
2337 1869 2447 1924 ope
2486 1853 2709 1907 mortali
2748 1850 2905 1925 quod
2934 1853 3121 1909 curari
3148 1867 3409 1928 nequeat.

1854 1933 2691 2014 ΤεκμηριῶσαιτοῧτοκαὶἽππυς
2707 1933 3411 2020 (lnnzuc,‘'13tvroucvar.l.)

1855 2023 2048 2088 ἱκανός.
2074 2021 2150 2084 ⁶0
2194 2021 2247 2081 δὲ
2271 2020 2411 2100 λέγει
2435 2026 2463 2081 ὁ
2501 2024 2822 2106 συγγραφεὺς
2855 2029 2883 2083 ὁ
2920 2025 3181 2106 Ῥηγῖνος,
3219 2030 3413 2093 τοιόνδε

1858 2111 2023 2169 ἐστίν·
2050 2109 2178 2189 γυνὴ
2204 2101 2341 2189 εἶχεν
2370 2109 2617 2188 ἴλμινθα,
2648 2113 2737 2171 καὶ
2779 2111 3026 2174 ἰάσασθαι
3066 2115 3227 2189 αὐτὴν
3263 2121 3413 2178 cimi-

1857 2221 1953 2257 πον
1981 2199 2029 2257 οἱ
2052 2201 2155 2256 τῶν
2175 2201 2366 2279 ἰατρῶν
2386 2198 2567 2258 δεινοί·
2593 2202 2775 2259 οὔκοῧν
2794 2202 2865 2270 εἷς
2893 2202 3212 2286 Ἐπίδαυρον
3230 2198 3382 2279 ἦλθεν
3397 2253 3413 2281 ,

1859 2285 1949 2345 καὶ
1987 2286 2153 2344 ἐδεῖτο
2196 2290 2299 2344 τῶν
2344 2289 2471 2346 θεῶν
2512 2286 2722 2361 ἕξᾶντης
2764 2288 3003 2367 γενέσθαι
3041 2298 3133 2351 τοῦ
3179 2294 3413 2354 συνοίκου

1861 2374 2071 2441 πάθους.
2103 2374 2185 2433 Οὔ
2216 2377 2388 2454 παρῆν
2416 2377 2444 2433 ὁ
2484 2372 2622 2442 θεός·
2646 2379 2693 2435 οἱ
2721 2376 2898 2453 μέντοι
2926 2377 3133 2459 ζάκοροι
3161 2382 3415 2441 κατακλί-

1861 2484 2004 2520 νουσι
2048 2460 2143 2533 τὴν
2186 2459 2453 2541 ἄνθρωπον
2496 2460 2616 2521 ἔνθα
2663 2465 2840 2523 ἰᾶσθαι
2871 2468 2899 2523 ὁ
2942 2466 3052 2534 θεὸς
3096 2466 3263 2527 εἰώθει
3303 2469 3418 2538 τοὺς

1863 2546 2157 2626 δεομένους·
2179 2547 2266 2605 καὶ
2284 2552 2319 2620 ἡ
2335 2547 2428 2625 μὲν
2443 2548 2710 2629 ἄνθρωπος
2727 2552 2981 2632 ἡσυχάζει
3000 2559 3417 2635 προσταχθεῖσα,

1866 2635 2003 2716 [καὶ]
2034 2635 2089 2695 οἵ
2107 2658 2167 2713 γε
2200 2633 2304 2712 μὴν
2332 2638 2652 2717 ὗποδρῶντες
2695 2642 2770 2720 τῷ
2810 2644 2910 2721 θεῷ
2944 2639 3010 2700 τὰ
3051 2643 3103 2708 ἐς
3146 2642 3239 2714 τὴν
3277 2642 3417 2703 ἴασιν

1867 2725 2000 2803 αὐτῇ
2047 2724 2276 2783 ἐποίουν·
2311 2723 2401 2782 καὶ
2447 2725 2543 2796 τὴν
2572 2723 2807 2807 κεφαλὴν
2851 2725 2945 2805 μὲν
2989 2727 3094 2786 ἀπὸ
3137 2732 3230 2800 τῆς
3271 2729 3421 2810 δέρης

1867 2814 2173 2893 ἀφαιροῦσι,
2204 2811 2416 2882 καθίησι
2446 2810 2502 2870 δὲ
2529 2812 2623 2883 τὴν
2652 2822 2808 2894 χεῖρα
2833 2817 2861 2873 δ
2888 2812 3087 2895 ἔτερος,
3115 2816 3207 2874 καὶ
3229 2816 3424 2898 ἐξαιρεῖ

1866 2899 1959 2970 τὴν
1988 2897 2235 2976 ἕλμινθα,
2266 2897 2444 2978 θηρίου
2482 2898 2617 2978 μέγα
2653 2923 2704 2960 τι
2742 2905 2955 2982 χρῆμα·
2999 2902 3324 2983 συναρμόσαι
3366 2904 3421 2965 δὲ

1867 2987 1958 3047 καὶ
1982 2988 2263 3046 ἀποδοῦναι
2296 2985 2392 3058 τὴν
2434 2987 2664 3068 κεφαλὴν
2701 2991 2751 3056 ἐς
2790 2989 2884 3061 τὴν
2913 2990 3142 3071 ἀρχαίαν
3168 2991 3422 3072 ἁρμονίαν

1869 3076 1965 3133 οὐκ
1988 3072 2201 3132 ἐδύνατο
2223 3073 2415 3131 οὐκέτι.
2442 3073 2511 3135 Ὁ
2534 3074 2702 3134 τοίνυν
2725 3075 2834 3143 θεὸς
2860 3079 3183 3159 ἀφικνεῖται,
3210 3079 3298 3139 καὶ
3319 3085 3424 3147 τοῖς

1872 3160 1964 3237 μὲν
1987 3160 2308 3240 ἐχαλέπηνεν
2324 3205 2341 3237 ,
2358 3160 2437 3219 ὅτι
2457 3161 2557 3242 ἄρα
2574 3162 2815 3223 ἐπέθεντο
2829 3163 2964 3245 ἔργῳ
2980 3166 3317 3248 δυνατωτέρῳ
3331 3173 3424 3240 τῆς

1871 3251 2068 3307 ἑαυτῶν
2099 3246 2281 3327 σοφίας
2298 3271 2310 3284 ·
2338 3248 2492 3314 αὖτὸς
2520 3248 2574 3306 δὲ
2600 3248 2797 3330 ἀμάχῳ
2824 3252 2925 3310 τινὶ
2953 3253 3044 3312 καὶ
3069 3253 3180 3335 θεία
3208 3255 3425 3331 δυνάμει

1869 3334 2109 3394 ἀπέδωκε
2151 3338 2226 3415 τῷ
2260 3334 2439 3406 σκήνει
2472 3335 2566 3407 τὴν
2590 3336 2851 3417 κεφαλὴν,
2884 3340 2975 3397 καὶ
3003 3339 3098 3412 τὴν
3128 3340 3272 3413 ξένην
3305 3342 3423 3400 ἀνί·

1870 3445 2082 3494 στησεν.

1948 3516 2031 3568 Ex
2061 3514 2334 3586 Argolicis
2371 3514 2487 3568 haec
2518 3516 2692 3587 petita
2738 3533 2850 3570 esse
2901 3535 2989 3570 res
3033 3529 3256 3574 narrata
3299 3521 3426 3575 satis

1872 3603 2074 3675 arguit.
2755 3602 2762 3610 ’

1876 3778 1938 3812 ex
1962 3765 2197 3814 {umbrico
2225 3765 2474 3815 laborabat
2506 3766 2630 3815 adeo
2651 3768 2705 3814 ut
2727 3764 2789 3815 de
2809 3766 3061 3817 ‘curatione
3086 3767 3189 3829 eius
3202 3768 3426 3833 despera·

1876 3845 1983 3890 rent
2010 3842 2182 3891 medici
2213 3842 2499 3905 peritissimi.
2521 3843 2671 3905 Igitur
2697 3843 2997 3905 Epidaurum
3027 3845 3269 3908 profecta,
3297 3846 3389 3897 diis
3405 3884 3421 3910 ,

1874 3919 1936 3968 ab
1975 3920 2069 3969 lioc
2101 3920 2231 3970 malo
2273 3921 2328 3970 ut
2358 3919 2660 3981 liberaretur,
2697 3920 3012 3983 supplicabat.
3063 3925 3126 3973 At
3166 3923 3284 3973 deus
3330 3925 3430 3988 ipse

1878 3999 1893 4057 (
1917 3997 2239 4060 AEsculapius)
2264 3999 2371 4047 tum
2396 4010 2494 4046 non
2524 3996 2691 4046 aderat
2725 4011 2738 4047 :
2763 3998 3036 4049 sacerdotes
3059 4002 3221 4049 tamen
3245 4014 3351 4050 eam
3371 4016 3431 4052 eo

1875 4077 1924 4125 in
1955 4076 2092 4138 loco,
2125 4076 2206 4125 ubi
2246 4075 2364 4126 deus
2405 4076 2587 4126 mederi
2623 4076 2915 4139 supplicibus
2951 4077 3163 4139 solebat,
3183 4080 3431 4142 quiescere

1876 4156 2085 4219 primum
2107 4156 2383 4220 jusserun13
2407 4158 2458 4207 et
2482 4155 2599 4206 dum
2637 4157 2809 4206 mulier
2826 4157 3120 4220 quiesceret,
3145 4158 3213 4208 illi
3235 4160 3431 4222 quidem

1877 4233 2293 4284 subministrantes
2308 4234 2400 4284 deo
2418 4247 2475 4284 ea
2487 4271 2501 4296 ,
2521 4247 2632 4298 quae
2656 4234 2952 4284 sanationem
2971 4235 3180 4286 allatura
3200 4235 3431 4287 videban-

1879 4313 1976 4373 tur,
2012 4310 2245 4360 fecerunt.
2269 4313 2332 4360 Εἰ
2364 4311 2519 4374 capite
2552 4315 2762 4372 resecto,
2787 4324 2913 4360 unus
2941 4325 3140 4361 manum
3170 4311 3433 4364 immittens

1880 4390 2193 4452 lumbricum,
2230 4390 2379 4440 teram
2410 4403 2523 4441 sane
2557 4392 2826 4455 ingentem.
2866 4392 3066 4441 exemit.
3107 4394 3171 4442 At
3196 4395 3343 4456 caput
3381 4393 3432 4444 in

1878 4468 2042 4518 locum
2059 4481 2200 4518 suum
2218 4472 2269 4517 et
2283 4467 2532 4530 pristinam
2564 4480 2843 4530 compagem
2872 4480 3105 4531 reponere
3135 4483 3232 4518 non
3251 4470 3430 4533 potuit.

1880 4547 2077 4599 Interim
2096 4546 2213 4597 deus
2230 4547 2504 4607 revertitur,
2527 4547 2715 4610 illisque
2733 4547 3004 4610 increpatis,
3024 4548 3153 4611 quod
3173 4563 3274 4599 rem
3288 4563 3435 4613 supra

298 4585 1793 4692 Adhoepumdendumetiamliippysscriptoridoneusmefit.
1883 4628 2038 4676 artem
2072 4637 2207 4674 suam
2231 4624 2430 4686 aggressi
2463 4623 2693 4686 fuissent,
2730 4624 2830 4686 ipse
2861 4624 2912 4673 vi
2939 4625 3101 4675 divina
3125 4630 3176 4676 et
3206 4627 3434 4678 ineffabili

236 4705 424 4756 &enin
448 4708 620 4755 narrat
642 4705 883 4767 ffliessinus
908 4703 1160 4756 historicus
1186 4705 1332 4755 hocce
1357 4726 1370 4755 :
1393 4708 1582 4770 Mulier,
1606 4708 1761 4770 inquit
1776 4744 1790 4769 ,

390 5167 545 5184 ---.,.·
582 5169 597 5180 ⁶
634 5169 863 5187 ——⁴—-§

1884 4709 2028 4769 caput
2045 4720 2131 4757 suo
2151 4705 2338 4770 corpori
2358 4706 2586 4771 restituit,
2608 4711 2655 4757 et
2680 4709 2930 4758 mulierem
2956 4710 3141 4760 sanavit
3156 4750 3168 4762 .
