<?xml version="1.0" encoding="UTF-8"?>
<!DOCTYPE html PUBLIC "-//W3C//DTD XHTML 1.0 Transitional//EN"
    "http://www.w3.org/TR/xhtml1/DTD/xhtml1-transitional.dtd">
<html xmlns="http://www.w3.org/1999/xhtml" xml:lang="en" lang="en">
 <head>
  <title>
</title>
<meta http-equiv="Content-Type" content="text/html;charset=utf-8" />
  <meta name='ocr-system' content='tesseract 3.04.00' />
  <meta name='ocr-capabilities' content='ocr_page ocr_carea ocr_par ocr_line ocrx_word'/>
</head>
<body>
  <div class='ocr_page' id='page_1' title='image "./fragmentahistor00mgoog_0161.png"; bbox 0 0 4016 5916; ppageno 0'>
   <div class='ocr_carea' id='block_1_1' title="bbox 1395 396 2511 459">
    <p class='ocr_par' dir='ltr' id='par_1_1' title="bbox 1395 396 2511 459">
     <span class='ocr_line' id='line_1_1' title="bbox 1395 396 2511 459; baseline 0.003 -3"><span class='ocrx_word' id='word_1_1' title='bbox 1395 396 1980 457; x_wconf 80' lang='lat' dir='ltr'><strong>ATHENlENSlUM</strong></span> <span class='ocrx_word' id='word_1_2' title='bbox 2024 396 2511 459; x_wconf 81' lang='lat' dir='ltr'><strong>RESPUBLICA.</strong></span> 
     </span>
    </p>
   </div>
   <div class='ocr_carea' id='block_1_2' title="bbox 1077 531 1164 571">
    <p class='ocr_par' dir='ltr' id='par_1_2' title="bbox 1077 531 1164 571">
     <span class='ocr_line' id='line_1_2' title="bbox 1077 531 1164 571; baseline 0.034 -3"><span class='ocrx_word' id='word_1_3' title='bbox 1077 531 1164 571; x_wconf 75' lang='lat'><em>11.</em></span> 
     </span>
    </p>
   </div>
   <div class='ocr_carea' id='block_1_3' title="bbox 3418 395 3527 445">
    <p class='ocr_par' dir='ltr' id='par_1_3' title="bbox 3418 395 3527 445">
     <span class='ocr_line' id='line_1_3' title="bbox 3418 395 3527 445; baseline 0 0"><span class='ocrx_word' id='word_1_4' title='bbox 3418 395 3527 445; x_wconf 78' lang='lat'><em>109</em></span> 
     </span>
    </p>
   </div>
   <div class='ocr_carea' id='block_1_4' title="bbox 1988 511 3542 588">
    <p class='ocr_par' dir='ltr' id='par_1_4' title="bbox 1988 511 3542 588">
     <span class='ocr_line' id='line_1_4' title="bbox 1988 511 3542 588; baseline 0.001 -20"><span class='ocrx_word' id='word_1_5' title='bbox 1988 531 2051 587; x_wconf 88' lang='lat' dir='ltr'><em>p.</em></span> <span class='ocrx_word' id='word_1_6' title='bbox 2082 531 2106 568; x_wconf 90' lang='lat'>1</span> <span class='ocrx_word' id='word_1_7' title='bbox 2118 511 2191 569; x_wconf 83' lang='lat'><em>63</em></span> <span class='ocrx_word' id='word_1_8' title='bbox 2210 512 2301 571; x_wconf 87' lang='lat' dir='ltr'><em>ed.</em></span> <span class='ocrx_word' id='word_1_9' title='bbox 2325 512 2516 571; x_wconf 85' lang='lat' dir='ltr'><em>Reisk.</em></span> <span class='ocrx_word' id='word_1_10' title='bbox 2534 532 2551 582; x_wconf 88' lang='lat'>;</span> <span class='ocrx_word' id='word_1_11' title='bbox 2569 531 2697 568; x_wconf 86' lang='lat' dir='ltr'><em>nam</em></span> <span class='ocrx_word' id='word_1_12' title='bbox 2712 512 2910 568; x_wconf 86' lang='lat' dir='ltr'><em>eadem</em></span> <span class='ocrx_word' id='word_1_13' title='bbox 2929 531 2960 568; x_wconf 91' lang='lat' dir='ltr'><em>e</em></span> <span class='ocrx_word' id='word_1_14' title='bbox 2975 513 3358 588; x_wconf 83' lang='lat' dir='ltr'><em>Theophrasto</em></span> <span class='ocrx_word' id='word_1_15' title='bbox 3372 514 3542 571; x_wconf 84' lang='lat' dir='ltr'>refert</span> 
     </span>
    </p>
   </div>
   <div class='ocr_carea' id='block_1_5' title="bbox 417 595 3537 677">
    <p class='ocr_par' dir='ltr' id='par_1_5' title="bbox 417 595 3537 677">
     <span class='ocr_line' id='line_1_5' title="bbox 417 595 3537 677; baseline 0 -20"><span class='ocrx_word' id='word_1_16' title='bbox 417 600 701 657; x_wconf 80' lang='lat' dir='ltr'>Plutarch.</span> <span class='ocrx_word' id='word_1_17' title='bbox 726 600 920 657; x_wconf 90' lang='lat' dir='ltr'><em>Solon.</em></span> <span class='ocrx_word' id='word_1_18' title='bbox 948 619 998 658; x_wconf 89' lang='lat' dir='ltr'><em>c.</em></span> <span class='ocrx_word' id='word_1_19' title='bbox 1030 598 1103 656; x_wconf 77' lang='lat'><em>25</em></span> <span class='ocrx_word' id='word_1_20' title='bbox 1130 619 1144 655; x_wconf 72' lang='grc' dir='ltr'>ι</span> <span class='ocrx_word' id='word_1_21' title='bbox 1177 597 1357 677; x_wconf 69' lang='grc' dir='ltr'>Ἰσχῦν</span> <span class='ocrx_word' id='word_1_22' title='bbox 1377 595 1431 656; x_wconf 85' lang='grc' dir='ltr'><em>δὲ</em></span> <span class='ocrx_word' id='word_1_23' title='bbox 1461 605 1568 665; x_wconf 86' lang='grc' dir='ltr'>τοῖς</span> <span class='ocrx_word' id='word_1_24' title='bbox 1595 596 1771 675; x_wconf 82' lang='grc' dir='ltr'>νόμοις</span> <span class='ocrx_word' id='word_1_25' title='bbox 1797 606 1895 655; x_wconf 75' lang='grc' dir='ltr'><em>πᾶ·</em></span> <span class='ocrx_word' id='word_1_26' title='bbox 1992 601 2268 674; x_wconf 74' lang='lat' dir='ltr'><em>Porphyr.</em></span> <span class='ocrx_word' id='word_1_27' title='bbox 2294 603 2378 657; x_wconf 90' lang='lat' dir='ltr'><em>De</em></span> <span class='ocrx_word' id='word_1_28' title='bbox 2407 599 2610 658; x_wconf 87' lang='lat' dir='ltr'><em>abstin.</em></span> <span class='ocrx_word' id='word_1_29' title='bbox 2639 618 2733 657; x_wconf 88' lang='lat' dir='ltr'><em>an.</em></span> <span class='ocrx_word' id='word_1_30' title='bbox 2766 619 2829 668; x_wconf 72' lang='lat' dir='ltr'><em>a,</em></span> <span class='ocrx_word' id='word_1_31' title='bbox 2859 617 2927 654; x_wconf 84' lang='lat'><em>21</em></span> <span class='ocrx_word' id='word_1_32' title='bbox 2970 609 3026 655; x_wconf 85' lang='lat' dir='ltr'><em>et</em></span> <span class='ocrx_word' id='word_1_33' title='bbox 3051 600 3285 657; x_wconf 87' lang='lat' dir='ltr'><em>Photius</em></span> <span class='ocrx_word' id='word_1_34' title='bbox 3308 603 3445 658; x_wconf 86' lang='lat' dir='ltr'><em>Lex.</em></span> <span class='ocrx_word' id='word_1_35' title='bbox 3481 621 3537 660; x_wconf 76' lang='grc' dir='ltr'><em>ν’.</em></span> 
     </span>
    </p>
   </div>
   <div class='ocr_carea' id='block_1_6' title="bbox 334 681 1900 2338">
    <p class='ocr_par' dir='ltr' id='par_1_6' title="bbox 335 681 1895 1458">
     <span class='ocr_line' id='line_1_6' title="bbox 338 681 1895 765; baseline -0.001 -21"><span class='ocrx_word' id='word_1_36' title='bbox 338 708 421 745; x_wconf 93' lang='grc' dir='ltr'><em>σιν</em></span> <span class='ocrx_word' id='word_1_37' title='bbox 446 688 517 753; x_wconf 80' lang='grc' dir='ltr'><em>εἰς</em></span> <span class='ocrx_word' id='word_1_38' title='bbox 544 681 730 744; x_wconf 76' lang='grc' dir='ltr'>ἑκατὸν</span> <span class='ocrx_word' id='word_1_39' title='bbox 754 682 1016 750; x_wconf 76' lang='grc' dir='ltr'>ἐνιαυτοὺς</span> <span class='ocrx_word' id='word_1_40' title='bbox 1054 681 1242 742; x_wconf 66' lang='grc' dir='ltr'>ἔδωκε·</span> <span class='ocrx_word' id='word_1_41' title='bbox 1267 682 1357 741; x_wconf 77' lang='grc' dir='ltr'><em>καὶ</em></span> <span class='ocrx_word' id='word_1_42' title='bbox 1391 681 1794 765; x_wconf 79' lang='grc' dir='ltr'>κατεγράφησαν</span> <span class='ocrx_word' id='word_1_43' title='bbox 1824 685 1895 751; x_wconf 82' lang='grc' dir='ltr'><em>εἰς</em></span> 
     </span>
     <span class='ocr_line' id='line_1_7' title="bbox 338 769 1891 852; baseline -0.003 -20"><span class='ocrx_word' id='word_1_44' title='bbox 338 773 569 839; x_wconf 78' lang='grc' dir='ltr'>ξυλίνους</span> <span class='ocrx_word' id='word_1_45' title='bbox 591 770 775 841; x_wconf 80' lang='grc' dir='ltr'>ἄξονας</span> <span class='ocrx_word' id='word_1_46' title='bbox 796 773 850 830; x_wconf 75' lang='grc' dir='ltr'><em>ἐν</em></span> <span class='ocrx_word' id='word_1_47' title='bbox 878 769 1137 838; x_wconf 76' lang='grc' dir='ltr'>πλαισίοις</span> <span class='ocrx_word' id='word_1_48' title='bbox 1162 770 1464 852; x_wconf 78' lang='grc' dir='ltr'>περιέχουσι</span> <span class='ocrx_word' id='word_1_49' title='bbox 1488 771 1862 852; x_wconf 76' lang='grc' dir='ltr'>στρεφομένους</span> <span class='ocrx_word' id='word_1_50' title='bbox 1877 794 1891 809; x_wconf 84' lang='grc'>·</span> 
     </span>
     <span class='ocr_line' id='line_1_8' title="bbox 337 852 1892 938; baseline -0.003 -19"><span class='ocrx_word' id='word_1_51' title='bbox 337 852 412 919; x_wconf 68' lang='grc' dir='ltr'><em>ὧν</em></span> <span class='ocrx_word' id='word_1_52' title='bbox 439 858 517 919; x_wconf 79' lang='grc' dir='ltr'><em>ἔτι</em></span> <span class='ocrx_word' id='word_1_53' title='bbox 542 860 666 917; x_wconf 76' lang='grc' dir='ltr'>καθ’</span> <span class='ocrx_word' id='word_1_54' title='bbox 692 861 834 936; x_wconf 74' lang='grc' dir='ltr'>ἡμᾶς</span> <span class='ocrx_word' id='word_1_55' title='bbox 854 858 906 915; x_wconf 69' lang='grc' dir='ltr'><em>ἕν</em></span> <span class='ocrx_word' id='word_1_56' title='bbox 928 855 1237 937; x_wconf 77' lang='grc' dir='ltr'>Πρυτανείῳ</span> <span class='ocrx_word' id='word_1_57' title='bbox 1264 857 1488 938; x_wconf 79' lang='grc' dir='ltr'>λείψανα</span> <span class='ocrx_word' id='word_1_58' title='bbox 1518 855 1682 938; x_wconf 82' lang='grc' dir='ltr'>μικρὰ</span> <span class='ocrx_word' id='word_1_59' title='bbox 1707 856 1892 915; x_wconf 77' lang='grc' dir='ltr'>διεσώ-</span> 
     </span>
     <span class='ocr_line' id='line_1_9' title="bbox 337 942 1891 1027; baseline -0.003 -20"><span class='ocrx_word' id='word_1_60' title='bbox 337 952 484 1016; x_wconf 84' lang='grc' dir='ltr'>ζετο·</span> <span class='ocrx_word' id='word_1_61' title='bbox 529 945 621 1006; x_wconf 77' lang='grc' dir='ltr'><em>καὶ</em></span> <span class='ocrx_word' id='word_1_62' title='bbox 659 943 1173 1027; x_wconf 78' lang='grc' dir='ltr'>προσηγορεύθησαν,</span> <span class='ocrx_word' id='word_1_63' title='bbox 1216 947 1284 1012; x_wconf 80' lang='grc' dir='ltr'><em>ὣς</em></span> <span class='ocrx_word' id='word_1_64' title='bbox 1325 944 1381 1004; x_wconf 86' lang='grc' dir='ltr'>Ἀ</span> <span class='ocrx_word' id='word_1_65' title='bbox 1419 942 1684 1018; x_wconf 73' lang='grc' dir='ltr'>ιστοτέλης</span> <span class='ocrx_word' id='word_1_66' title='bbox 1724 944 1854 1026; x_wconf 75' lang='grc' dir='ltr'>φησὶ</span> <span class='ocrx_word' id='word_1_67' title='bbox 1875 989 1891 1018; x_wconf 91' lang='grc'>,</span> 
     </span>
     <span class='ocr_line' id='line_1_10' title="bbox 336 968 1892 1114; baseline -0.003 -21"><span class='ocrx_word' id='word_1_68' title='bbox 336 1032 601 1114; x_wconf 78' lang='grc' dir='ltr'>κύρὸεις...</span> <span class='ocrx_word' id='word_1_69' title='bbox 625 1029 800 1093; x_wconf 87' lang='grc' dir='ltr'>Ἔνιοι</span> <span class='ocrx_word' id='word_1_70' title='bbox 819 1031 877 1090; x_wconf 78' lang='grc' dir='ltr'><em>δέ</em></span> <span class='ocrx_word' id='word_1_71' title='bbox 897 1053 1055 1112; x_wconf 79' lang='grc' dir='ltr'>φασιν</span> <span class='ocrx_word' id='word_1_72' title='bbox 1081 1029 1256 1108; x_wconf 79' lang='grc' dir='ltr'>ἰδίως,</span> <span class='ocrx_word' id='word_1_73' title='bbox 1281 1032 1338 1090; x_wconf 64' lang='grc' dir='ltr'><em>ἐν</em></span> <span class='ocrx_word' id='word_1_74' title='bbox 1364 968 1444 1099; x_wconf 46' lang='grc' dir='ltr'><em>οἷς</em></span> <span class='ocrx_word' id='word_1_75' title='bbox 1465 1029 1580 1112; x_wconf 70' lang='grc' dir='ltr'>ἱερὰ</span> <span class='ocrx_word' id='word_1_76' title='bbox 1602 1031 1692 1090; x_wconf 76' lang='grc' dir='ltr'><em>καὶ</em></span> <span class='ocrx_word' id='word_1_77' title='bbox 1719 1030 1892 1091; x_wconf 88' lang='grc' dir='ltr'>θυσίαι</span> 
     </span>
     <span class='ocr_line' id='line_1_11' title="bbox 335 1116 1890 1201; baseline -0.001 -21"><span class='ocrx_word' id='word_1_78' title='bbox 335 1120 667 1201; x_wconf 70' lang='grc' dir='ltr'>περιέχονται</span> <span class='ocrx_word' id='word_1_79' title='bbox 694 1118 927 1200; x_wconf 73' lang='grc' dir='ltr'>κύρόεις,</span> <span class='ocrx_word' id='word_1_80' title='bbox 944 1117 1127 1188; x_wconf 80' lang='grc' dir='ltr'>ἄξονας</span> <span class='ocrx_word' id='word_1_81' title='bbox 1146 1117 1201 1177; x_wconf 76' lang='grc' dir='ltr'><em>δὲ</em></span> <span class='ocrx_word' id='word_1_82' title='bbox 1220 1116 1338 1186; x_wconf 76' lang='grc' dir='ltr'>τοὺς</span> <span class='ocrx_word' id='word_1_83' title='bbox 1365 1117 1552 1186; x_wconf 73' lang='grc' dir='ltr'>ἄλλους</span> <span class='ocrx_word' id='word_1_84' title='bbox 1570 1117 1890 1197; x_wconf 76' lang='grc' dir='ltr'>ὠνομάσθαι.</span> 
     </span>
     <span class='ocr_line' id='line_1_12' title="bbox 335 1208 1892 1279; baseline -0.001 -12"><span class='ocrx_word' id='word_1_85' title='bbox 335 1209 550 1267; x_wconf 77' lang='lat' dir='ltr'><em>Eadem</em></span> <span class='ocrx_word' id='word_1_86' title='bbox 565 1210 738 1267; x_wconf 81' lang='lat' dir='ltr'><em>hahes</em></span> <span class='ocrx_word' id='word_1_87' title='bbox 759 1209 1049 1265; x_wconf 88' lang='lat' dir='ltr'><em>inscholio</em></span> <span class='ocrx_word' id='word_1_88' title='bbox 1072 1208 1266 1265; x_wconf 84' lang='lat' dir='ltr'><em>Aldin.</em></span> <span class='ocrx_word' id='word_1_89' title='bbox 1293 1208 1367 1265; x_wconf 86' lang='lat' dir='ltr'><em>ad</em></span> <span class='ocrx_word' id='word_1_90' title='bbox 1397 1210 1566 1265; x_wconf 80' lang='lat' dir='ltr'><em>Arist.</em></span> <span class='ocrx_word' id='word_1_91' title='bbox 1599 1210 1751 1266; x_wconf 85' lang='lat' dir='ltr'><em>Nub.</em></span> <span class='ocrx_word' id='word_1_92' title='bbox 1778 1209 1892 1279; x_wconf 74' lang='lat'><em>478</em></span> 
     </span>
     <span class='ocr_line' id='line_1_13' title="bbox 337 1297 1893 1373; baseline -0.001 -18"><span class='ocrx_word' id='word_1_93' title='bbox 337 1318 370 1355; x_wconf 84' lang='lat' dir='ltr'><em>a</em></span> <span class='ocrx_word' id='word_1_94' title='bbox 412 1300 645 1355; x_wconf 78' lang='lat' dir='ltr'><em>Musuro</em></span> <span class='ocrx_word' id='word_1_95' title='bbox 699 1297 1033 1372; x_wconf 90' lang='lat' dir='ltr'><em>composito.</em></span> <span class='ocrx_word' id='word_1_96' title='bbox 1084 1297 1220 1368; x_wconf 81' lang='lat' dir='ltr'><em>Quae</em></span> <span class='ocrx_word' id='word_1_97' title='bbox 1264 1306 1577 1370; x_wconf 86' lang='lat' dir='ltr'><em>sequuntur</em></span> <span class='ocrx_word' id='word_1_98' title='bbox 1628 1316 1720 1373; x_wconf 86' lang='lat' dir='ltr'><em>ap.</em></span> <span class='ocrx_word' id='word_1_99' title='bbox 1770 1298 1893 1353; x_wconf 91' lang='lat' dir='ltr'><em>Plu·</em></span> 
     </span>
     <span class='ocr_line' id='line_1_14' title="bbox 337 1382 1889 1458; baseline 0.001 -17"><span class='ocrx_word' id='word_1_100' title='bbox 337 1386 596 1442; x_wconf 80' lang='lat' dir='ltr'><em>tarchum</em></span> <span class='ocrx_word' id='word_1_101' title='bbox 611 1426 629 1455; x_wconf 91' lang='lat'>‚</span> <span class='ocrx_word' id='word_1_102' title='bbox 658 1402 728 1440; x_wconf 81' lang='lat' dir='ltr'><em>ex</em></span> <span class='ocrx_word' id='word_1_103' title='bbox 756 1383 960 1440; x_wconf 88' lang='lat' dir='ltr'><em>eodem</em></span> <span class='ocrx_word' id='word_1_104' title='bbox 985 1383 1286 1441; x_wconf 79' lang='lat' dir='ltr'><strong>Aristotele</strong></span> <span class='ocrx_word' id='word_1_105' title='bbox 1312 1384 1514 1458; x_wconf 86' lang='lat' dir='ltr'><em>petita,</em></span> <span class='ocrx_word' id='word_1_106' title='bbox 1538 1383 1670 1440; x_wconf 81' lang='lat' dir='ltr'><em>vide</em></span> <span class='ocrx_word' id='word_1_107' title='bbox 1697 1383 1769 1442; x_wconf 85' lang='lat' dir='ltr'><em>fr.</em></span> <span class='ocrx_word' id='word_1_108' title='bbox 1799 1382 1889 1442; x_wconf 80' lang='lat'><em>13.</em></span> 
     </span>
    </p>

    <p class='ocr_par' dir='ltr' id='par_1_7' title="bbox 334 1466 1895 2248">
     <span class='ocr_line' id='line_1_15' title="bbox 413 1466 1892 1548; baseline -0.001 -19"><span class='ocrx_word' id='word_1_109' title='bbox 413 1472 605 1530; x_wconf 90' lang='lat' dir='ltr'><em>Schol.</em></span> <span class='ocrx_word' id='word_1_110' title='bbox 635 1470 1004 1545; x_wconf 84' lang='lat' dir='ltr'><em>Aristophan.</em></span> <span class='ocrx_word' id='word_1_111' title='bbox 1037 1473 1144 1527; x_wconf 80' lang='lat' dir='ltr'><em>Av.</em></span> <span class='ocrx_word' id='word_1_112' title='bbox 1185 1467 1329 1536; x_wconf 75' lang='lat'><strong>1351.</strong></span> <span class='ocrx_word' id='word_1_113' title='bbox 1363 1488 1377 1525; x_wconf 89' lang='lat'><strong>:</strong></span> <span class='ocrx_word' id='word_1_114' title='bbox 1407 1466 1657 1548; x_wconf 77' lang='grc' dir='ltr'>Κύρὸεις,</span> <span class='ocrx_word' id='word_1_115' title='bbox 1691 1469 1892 1547; x_wconf 79' lang='grc' dir='ltr'>χαλκαῖ</span> 
     </span>
     <span class='ocr_line' id='line_1_16' title="bbox 337 1554 1890 1636; baseline -0.002 -19"><span class='ocrx_word' id='word_1_116' title='bbox 337 1557 542 1625; x_wconf 80' lang='grc' dir='ltr'>σανίδες</span> <span class='ocrx_word' id='word_1_117' title='bbox 568 1555 689 1616; x_wconf 74' lang='grc' dir='ltr'>ἔνθα</span> <span class='ocrx_word' id='word_1_118' title='bbox 721 1555 840 1623; x_wconf 76' lang='grc' dir='ltr'>τοὺς</span> <span class='ocrx_word' id='word_1_119' title='bbox 884 1555 1071 1633; x_wconf 85' lang='grc' dir='ltr'>νόμους</span> <span class='ocrx_word' id='word_1_120' title='bbox 1109 1556 1387 1636; x_wconf 81' lang='grc' dir='ltr'>γράφουσι.</span> <span class='ocrx_word' id='word_1_121' title='bbox 1433 1554 1585 1616; x_wconf 75' lang='grc' dir='ltr'>Κατὰ</span> <span class='ocrx_word' id='word_1_122' title='bbox 1617 1555 1671 1614; x_wconf 77' lang='grc' dir='ltr'><em>δὲ</em></span> <span class='ocrx_word' id='word_1_123' title='bbox 1700 1556 1890 1633; x_wconf 77' lang='grc' dir='ltr'>ἐνίους,</span> 
     </span>
     <span class='ocr_line' id='line_1_17' title="bbox 336 1634 1894 1725; baseline 0 -22"><span class='ocrx_word' id='word_1_124' title='bbox 336 1644 509 1713; x_wconf 71' lang='grc' dir='ltr'>ἄξονες</span> <span class='ocrx_word' id='word_1_125' title='bbox 543 1644 782 1725; x_wconf 86' lang='grc' dir='ltr'>τρίγωνοι</span> <span class='ocrx_word' id='word_1_126' title='bbox 805 1689 822 1721; x_wconf 88' lang='grc'>,</span> <span class='ocrx_word' id='word_1_127' title='bbox 846 1647 899 1702; x_wconf 77' lang='grc' dir='ltr'><em>ἐν</em></span> <span class='ocrx_word' id='word_1_128' title='bbox 938 1634 1012 1711; x_wconf 80' lang='grc' dir='ltr'><em>οἷς</em></span> <span class='ocrx_word' id='word_1_129' title='bbox 1038 1634 1173 1715; x_wconf 71' lang='grc' dir='ltr'>ἦσαν</span> <span class='ocrx_word' id='word_1_130' title='bbox 1197 1646 1243 1702; x_wconf 78' lang='grc' dir='ltr'>οἱ</span> <span class='ocrx_word' id='word_1_131' title='bbox 1276 1646 1379 1701; x_wconf 82' lang='grc' dir='ltr'><em>τῶν</em></span> <span class='ocrx_word' id='word_1_132' title='bbox 1406 1643 1607 1703; x_wconf 86' lang='grc' dir='ltr'>πόλεων</span> <span class='ocrx_word' id='word_1_133' title='bbox 1634 1642 1782 1721; x_wconf 79' lang='grc' dir='ltr'>νόμοι</span> <span class='ocrx_word' id='word_1_134' title='bbox 1809 1668 1894 1724; x_wconf 88' lang='grc' dir='ltr'>γε-</span> 
     </span>
     <span class='ocr_line' id='line_1_18' title="bbox 337 1729 1893 1813; baseline -0.001 -23"><span class='ocrx_word' id='word_1_135' title='bbox 337 1731 633 1811; x_wconf 79' lang='grc' dir='ltr'>γραμμένοι</span> <span class='ocrx_word' id='word_1_136' title='bbox 674 1730 765 1791; x_wconf 75' lang='grc' dir='ltr'><em>καὶ</em></span> <span class='ocrx_word' id='word_1_137' title='bbox 803 1733 857 1789; x_wconf 81' lang='grc' dir='ltr'><em>αἱ</em></span> <span class='ocrx_word' id='word_1_138' title='bbox 886 1730 1134 1808; x_wconf 86' lang='grc' dir='ltr'>δημοσίαι</span> <span class='ocrx_word' id='word_1_139' title='bbox 1154 1729 1462 1811; x_wconf 70' lang='grc' dir='ltr'>ἱεροποιίαι,</span> <span class='ocrx_word' id='word_1_140' title='bbox 1502 1731 1774 1813; x_wconf 76' lang='grc' dir='ltr'>(καθάπερ</span> <span class='ocrx_word' id='word_1_141' title='bbox 1802 1730 1893 1790; x_wconf 76' lang='grc' dir='ltr'><em>καὶ</em></span> 
     </span>
     <span class='ocr_line' id='line_1_19' title="bbox 335 1816 1894 1900; baseline -0.001 -20"><span class='ocrx_word' id='word_1_142' title='bbox 335 1820 697 1900; x_wconf 71' lang='grc' dir='ltr'>Ἀριστοτέλης</span> <span class='ocrx_word' id='word_1_143' title='bbox 735 1819 790 1877; x_wconf 69' lang='grc' dir='ltr'><em>ἐν</em></span> <span class='ocrx_word' id='word_1_144' title='bbox 817 1821 882 1896; x_wconf 80' lang='grc' dir='ltr'><em>τῇ</em></span> <span class='ocrx_word' id='word_1_145' title='bbox 922 1821 1025 1877; x_wconf 83' lang='grc' dir='ltr'><em>τῶν</em></span> <span class='ocrx_word' id='word_1_146' title='bbox 1069 1816 1354 1891; x_wconf 83' lang='grc' dir='ltr'>Ἀθηναίων</span> <span class='ocrx_word' id='word_1_147' title='bbox 1381 1817 1617 1900; x_wconf 76' lang='grc' dir='ltr'>πολιτεία</span> <span class='ocrx_word' id='word_1_148' title='bbox 1644 1820 1771 1900; x_wconf 71' lang='grc' dir='ltr'>φησὶ</span> <span class='ocrx_word' id='word_1_149' title='bbox 1802 1818 1894 1879; x_wconf 82' lang='grc' dir='ltr'><em>καὶ</em></span> 
     </span>
     <span class='ocr_line' id='line_1_20' title="bbox 340 1904 1893 1989; baseline 0.001 -24"><span class='ocrx_word' id='word_1_150' title='bbox 340 1907 764 1988; x_wconf 82' lang='grc' dir='ltr'>Ἀπολλόδωρος·</span> <span class='ocrx_word' id='word_1_151' title='bbox 788 1905 995 1987; x_wconf 79' lang='grc' dir='ltr'>κύρὸεις</span> <span class='ocrx_word' id='word_1_152' title='bbox 1026 1905 1079 1965; x_wconf 82' lang='grc' dir='ltr'><em>δὲ</em></span> <span class='ocrx_word' id='word_1_153' title='bbox 1102 1906 1218 1979; x_wconf 79' lang='grc' dir='ltr'>ἤτοι</span> <span class='ocrx_word' id='word_1_154' title='bbox 1241 1904 1388 1987; x_wconf 77' lang='grc' dir='ltr'>παρὰ</span> <span class='ocrx_word' id='word_1_155' title='bbox 1414 1905 1475 1965; x_wconf 88' lang='grc' dir='ltr'><em>τὸ</em></span> <span class='ocrx_word' id='word_1_156' title='bbox 1506 1910 1893 1989; x_wconf 79' lang='grc' dir='ltr'>κεκορυφῶσθαι</span> 
     </span>
     <span class='ocr_line' id='line_1_21' title="bbox 337 1990 1892 2076; baseline -0.002 -23"><span class='ocrx_word' id='word_1_157' title='bbox 337 1997 409 2061; x_wconf 83' lang='grc' dir='ltr'><em>εἷς</em></span> <span class='ocrx_word' id='word_1_158' title='bbox 436 1990 563 2076; x_wconf 66' lang='grc' dir='ltr'>ὕψος</span> <span class='ocrx_word' id='word_1_159' title='bbox 587 1991 965 2070; x_wconf 76' lang='grc' dir='ltr'>ἀνατεταμένον</span> <span class='ocrx_word' id='word_1_160' title='bbox 985 1990 1020 2064; x_wconf 76' lang='grc' dir='ltr'>ἢ</span> <span class='ocrx_word' id='word_1_161' title='bbox 1041 1991 1145 2051; x_wconf 82' lang='grc' dir='ltr'><em>ἀπὸ</em></span> <span class='ocrx_word' id='word_1_162' title='bbox 1164 1995 1265 2051; x_wconf 81' lang='grc' dir='ltr'><em>τῶν</em></span> <span class='ocrx_word' id='word_1_163' title='bbox 1295 1992 1664 2073; x_wconf 72' lang='grc' dir='ltr'>Κορυὸἄντων·</span> <span class='ocrx_word' id='word_1_164' title='bbox 1687 1994 1892 2053; x_wconf 79' lang='grc' dir='ltr'>ἐκείνων</span> 
     </span>
     <span class='ocr_line' id='line_1_22' title="bbox 334 2078 1895 2165; baseline 0.002 -26"><span class='ocrx_word' id='word_1_165' title='bbox 334 2082 438 2161; x_wconf 78' lang='grc' dir='ltr'>γὰρ</span> <span class='ocrx_word' id='word_1_166' title='bbox 483 2080 723 2163; x_wconf 74' lang='grc' dir='ltr'>εὕρημα,</span> <span class='ocrx_word' id='word_1_167' title='bbox 757 2078 829 2148; x_wconf 79' lang='grc' dir='ltr'><em>ὥς</em></span> <span class='ocrx_word' id='word_1_168' title='bbox 855 2102 986 2161; x_wconf 85' lang='grc' dir='ltr'>φησι</span> <span class='ocrx_word' id='word_1_169' title='bbox 1027 2078 1361 2162; x_wconf 82' lang='grc' dir='ltr'>Θεόφραστος</span> <span class='ocrx_word' id='word_1_170' title='bbox 1404 2083 1455 2139; x_wconf 72' lang='grc' dir='ltr'><em>ἐν</em></span> <span class='ocrx_word' id='word_1_171' title='bbox 1485 2084 1557 2161; x_wconf 77' lang='grc' dir='ltr'><em>τῷ</em></span> <span class='ocrx_word' id='word_1_172' title='bbox 1585 2080 1718 2165; x_wconf 76' lang='grc' dir='ltr'>Περὶ</span> <span class='ocrx_word' id='word_1_173' title='bbox 1747 2083 1895 2142; x_wconf 66' lang='lat'><strong>2502-</strong></span> 
     </span>
     <span class='ocr_line' id='line_1_23' title="bbox 336 2167 541 2248; baseline -0.02 -19"><span class='ocrx_word' id='word_1_174' title='bbox 336 2167 499 2237; x_wconf 71' lang='grc' dir='ltr'>Θείας.</span> <span class='ocrx_word' id='word_1_175' title='bbox 521 2169 541 2248; x_wconf 96' lang='grc'><strong>)</strong></span> 
     </span>
    </p>

    <p class='ocr_par' dir='ltr' id='par_1_8' title="bbox 419 2253 1900 2338">
     <span class='ocr_line' id='line_1_24' title="bbox 419 2253 1900 2338; baseline -0.001 -22"><span class='ocrx_word' id='word_1_176' title='bbox 419 2260 796 2334; x_wconf 84' lang='lat' dir='ltr'><em>Harpocratio</em></span> <span class='ocrx_word' id='word_1_177' title='bbox 841 2277 900 2318; x_wconf 74' lang='lat' dir='ltr'><em>v.</em></span> <span class='ocrx_word' id='word_1_178' title='bbox 934 2254 1161 2336; x_wconf 76' lang='grc' dir='ltr'>Κόρὸεις</span> <span class='ocrx_word' id='word_1_179' title='bbox 1205 2277 1222 2318; x_wconf 74' lang='lat' dir='ltr'><em>z</em></span> <span class='ocrx_word' id='word_1_180' title='bbox 1268 2253 1628 2338; x_wconf 72' lang='grc' dir='ltr'>Ἀριστοτέλης</span> <span class='ocrx_word' id='word_1_181' title='bbox 1658 2259 1703 2316; x_wconf 74' lang='grc' dir='ltr'><em>δ’</em></span> <span class='ocrx_word' id='word_1_182' title='bbox 1748 2260 1801 2317; x_wconf 65' lang='grc' dir='ltr'><em>ἓν</em></span> <span class='ocrx_word' id='word_1_183' title='bbox 1829 2261 1900 2331; x_wconf 71' lang='grc' dir='ltr'><em>τῆ</em></span> 
     </span>
    </p>
   </div>
   <div class='ocr_carea' id='block_1_7' title="bbox 1983 681 3544 1197">
    <p class='ocr_par' dir='ltr' id='par_1_9' title="bbox 1983 681 3544 1197">
     <span class='ocr_line' id='line_1_25' title="bbox 1991 681 3541 766; baseline 0 -23"><span class='ocrx_word' id='word_1_184' title='bbox 1991 684 2213 766; x_wconf 77' lang='grc' dir='ltr'>Κύρὸεις</span> <span class='ocrx_word' id='word_1_185' title='bbox 2238 706 2252 746; x_wconf 87' lang='lat'><strong>:</strong></span> <span class='ocrx_word' id='word_1_186' title='bbox 2273 684 2605 766; x_wconf 85' lang='grc' dir='ltr'>Θεόφραστος</span> <span class='ocrx_word' id='word_1_187' title='bbox 2622 681 2701 761; x_wconf 66' lang='grc' dir='ltr'><em>δὲ,</em></span> <span class='ocrx_word' id='word_1_188' title='bbox 2723 682 2827 742; x_wconf 76' lang='grc' dir='ltr'><em>ἀπὸ</em></span> <span class='ocrx_word' id='word_1_189' title='bbox 2846 687 2948 742; x_wconf 81' lang='grc' dir='ltr'><em>τῶν</em></span> <span class='ocrx_word' id='word_1_190' title='bbox 2972 686 3018 744; x_wconf 87' lang='lat' dir='ltr'><strong>K</strong></span> <span class='ocrx_word' id='word_1_191' title='bbox 3056 687 3249 754; x_wconf 80' lang='grc' dir='ltr'>ητικῶν</span> <span class='ocrx_word' id='word_1_192' title='bbox 3271 684 3541 765; x_wconf 76' lang='grc' dir='ltr'>Κορυὸάν·</span> 
     </span>
     <span class='ocr_line' id='line_1_26' title="bbox 1988 769 3544 852; baseline -0.001 -21"><span class='ocrx_word' id='word_1_193' title='bbox 1988 794 2121 831; x_wconf 83' lang='grc' dir='ltr'>των·</span> <span class='ocrx_word' id='word_1_194' title='bbox 2148 776 2251 832; x_wconf 81' lang='grc' dir='ltr'><em>τῶν</em></span> <span class='ocrx_word' id='word_1_195' title='bbox 2275 771 2376 852; x_wconf 81' lang='grc' dir='ltr'>γὰρ</span> <span class='ocrx_word' id='word_1_196' title='bbox 2399 770 2805 851; x_wconf 79' lang='grc' dir='ltr'>Κορυὸαντικῶν</span> <span class='ocrx_word' id='word_1_197' title='bbox 2827 773 2978 850; x_wconf 75' lang='grc' dir='ltr'>ἱερῶν</span> <span class='ocrx_word' id='word_1_198' title='bbox 3000 794 3029 830; x_wconf 94' lang='grc' dir='ltr'>ο</span> <span class='ocrx_word' id='word_1_199' title='bbox 3049 793 3104 829; x_wconf 94' lang='grc' dir='ltr'>ον</span> <span class='ocrx_word' id='word_1_200' title='bbox 3133 769 3426 852; x_wconf 73' lang='grc' dir='ltr'>ἀντίγραφοι</span> <span class='ocrx_word' id='word_1_201' title='bbox 3454 774 3544 830; x_wconf 82' lang='grc' dir='ltr'><em>αὖ·</em></span> 
     </span>
     <span class='ocr_line' id='line_1_27' title="bbox 1987 851 3536 935; baseline -0.001 -14"><span class='ocrx_word' id='word_1_202' title='bbox 1987 859 2106 928; x_wconf 74' lang='grc' dir='ltr'>τοὺς</span> <span class='ocrx_word' id='word_1_203' title='bbox 2141 851 2295 924; x_wconf 72' lang='grc' dir='ltr'>εἶναι.</span> <span class='ocrx_word' id='word_1_204' title='bbox 2336 865 2479 920; x_wconf 87' lang='lat' dir='ltr'><em>Cum</em></span> <span class='ocrx_word' id='word_1_205' title='bbox 2517 862 2624 917; x_wconf 91' lang='lat' dir='ltr'><em>hac</em></span> <span class='ocrx_word' id='word_1_206' title='bbox 2661 862 2933 935; x_wconf 87' lang='lat' dir='ltr'><em>opinione</em></span> <span class='ocrx_word' id='word_1_207' title='bbox 2974 861 3250 931; x_wconf 77' lang='lat' dir='ltr'><em>cohaeret,</em></span> <span class='ocrx_word' id='word_1_208' title='bbox 3281 872 3350 918; x_wconf 88' lang='lat' dir='ltr'><em>ut</em></span> <span class='ocrx_word' id='word_1_209' title='bbox 3383 874 3536 919; x_wconf 88' lang='lat' dir='ltr'><em>recte</em></span> 
     </span>
     <span class='ocr_line' id='line_1_28' title="bbox 1983 945 3544 1026; baseline -0.001 -19"><span class='ocrx_word' id='word_1_210' title='bbox 1983 962 2179 1007; x_wconf 89' lang='lat' dir='ltr'><em>monet</em></span> <span class='ocrx_word' id='word_1_211' title='bbox 2198 951 2427 1008; x_wconf 86' lang='lat' dir='ltr'><em>Preller.</em></span> <span class='ocrx_word' id='word_1_212' title='bbox 2440 951 2480 1008; x_wconf 92' lang='lat' dir='ltr'><em>l.</em></span> <span class='ocrx_word' id='word_1_213' title='bbox 2507 950 2575 1019; x_wconf 91' lang='lat'><em>1.,</em></span> <span class='ocrx_word' id='word_1_214' title='bbox 2597 948 2755 1023; x_wconf 90' lang='lat' dir='ltr'><em>quod</em></span> <span class='ocrx_word' id='word_1_215' title='bbox 2775 945 2976 1013; x_wconf 77' lang='grc' dir='ltr'>σανίδες</span> <span class='ocrx_word' id='word_1_216' title='bbox 2994 950 3108 1005; x_wconf 79' lang='lat' dir='ltr'><em>istae</em></span> <span class='ocrx_word' id='word_1_217' title='bbox 3122 947 3326 1026; x_wconf 80' lang='grc' dir='ltr'>χαλκαῖ</span> <span class='ocrx_word' id='word_1_218' title='bbox 3340 949 3544 1006; x_wconf 85' lang='lat' dir='ltr'><em>dicun-</em></span> 
     </span>
     <span class='ocr_line' id='line_1_29' title="bbox 1985 1035 3540 1112; baseline 0.001 -19"><span class='ocrx_word' id='word_1_219' title='bbox 1985 1048 2099 1107; x_wconf 87' lang='lat' dir='ltr'><strong>tur,</strong></span> <span class='ocrx_word' id='word_1_220' title='bbox 2126 1055 2303 1110; x_wconf 87' lang='lat' dir='ltr'><em>quum</em></span> <span class='ocrx_word' id='word_1_221' title='bbox 2331 1037 2527 1112; x_wconf 76' lang='lat' dir='ltr'>ligneae</span> <span class='ocrx_word' id='word_1_222' title='bbox 2549 1035 2787 1105; x_wconf 86' lang='lat' dir='ltr'><em>fuerint,</em></span> <span class='ocrx_word' id='word_1_223' title='bbox 2814 1036 2905 1091; x_wconf 80' lang='lat' dir='ltr'><em>vel</em></span> <span class='ocrx_word' id='word_1_224' title='bbox 2929 1036 3238 1092; x_wconf 86' lang='lat' dir='ltr'><em>secundum</em></span> <span class='ocrx_word' id='word_1_225' title='bbox 3259 1037 3417 1106; x_wconf 86' lang='lat' dir='ltr'><em>alios,</em></span> <span class='ocrx_word' id='word_1_226' title='bbox 3440 1038 3540 1094; x_wconf 81' lang='lat' dir='ltr'><em>sed</em></span> 
     </span>
     <span class='ocr_line' id='line_1_30' title="bbox 1983 1121 2678 1197; baseline 0.003 -19"><span class='ocrx_word' id='word_1_227' title='bbox 1983 1121 2169 1179; x_wconf 89' lang='lat' dir='ltr'><em>minus</em></span> <span class='ocrx_word' id='word_1_228' title='bbox 2200 1132 2385 1193; x_wconf 88' lang='lat' dir='ltr'><em>recte,</em></span> <span class='ocrx_word' id='word_1_229' title='bbox 2426 1121 2678 1197; x_wconf 78' lang='lat' dir='ltr'><em>lapideae.</em></span> 
     </span>
    </p>
   </div>
   <div class='ocr_carea' id='block_1_8' title="bbox 2666 1262 2851 1303">
    <p class='ocr_par' dir='ltr' id='par_1_10' title="bbox 2666 1262 2851 1303">
     <span class='ocr_line' id='line_1_31' title="bbox 2666 1262 2851 1303; baseline 0.016 -4"><span class='ocrx_word' id='word_1_230' title='bbox 2666 1263 2756 1303; x_wconf 84' lang='lat'><em>11.</em></span> <span class='ocrx_word' id='word_1_231' title='bbox 2800 1262 2851 1302; x_wconf 76' lang='lat' dir='ltr'><em>a.</em></span> 
     </span>
    </p>
   </div>
   <div class='ocr_carea' id='block_1_9' title="bbox 1980 1372 3548 2327">
    <p class='ocr_par' dir='ltr' id='par_1_11' title="bbox 1980 1372 3548 2327">
     <span class='ocr_line' id='line_1_32' title="bbox 2063 1372 3539 1447; baseline 0.003 -20"><span class='ocrx_word' id='word_1_232' title='bbox 2063 1372 2271 1428; x_wconf 85' lang='lat' dir='ltr'>Gellius</span> <span class='ocrx_word' id='word_1_233' title='bbox 2296 1373 2364 1429; x_wconf 84' lang='lat' dir='ltr'><em>N.</em></span> <span class='ocrx_word' id='word_1_234' title='bbox 2409 1377 2480 1428; x_wconf 85' lang='lat' dir='ltr'><em>A.</em></span> <span class='ocrx_word' id='word_1_235' title='bbox 2513 1373 2601 1443; x_wconf 89' lang='grc' dir='ltr'><em>ΙΙ,</em></span> <span class='ocrx_word' id='word_1_236' title='bbox 2641 1391 2708 1427; x_wconf 74' lang='lat'><em>12</em></span> <span class='ocrx_word' id='word_1_237' title='bbox 2739 1391 2754 1427; x_wconf 77' lang='lat' dir='ltr'><em>t</em></span> <span class='ocrx_word' id='word_1_238' title='bbox 2794 1375 2868 1428; x_wconf 82' lang='lat' dir='ltr'><em>In</em></span> <span class='ocrx_word' id='word_1_239' title='bbox 2915 1373 3126 1447; x_wconf 80' lang='lat' dir='ltr'><em>legibus</em></span> <span class='ocrx_word' id='word_1_240' title='bbox 3162 1373 3385 1431; x_wconf 68' lang='lat' dir='ltr'><em>Sohnis</em></span> <span class='ocrx_word' id='word_1_241' title='bbox 3421 1376 3539 1431; x_wconf 83' lang='lat' dir='ltr'><em>illis·</em></span> 
     </span>
     <span class='ocr_line' id='line_1_33' title="bbox 1982 1459 3548 1535; baseline 0.003 -20"><span class='ocrx_word' id='word_1_242' title='bbox 1982 1464 2408 1535; x_wconf 81' lang='lat' dir='ltr'><em>antiquissimis,</em></span> <span class='ocrx_word' id='word_1_243' title='bbox 2459 1479 2586 1534; x_wconf 81' lang='lat' dir='ltr'><em>quoe</em></span> <span class='ocrx_word' id='word_1_244' title='bbox 2610 1459 2854 1517; x_wconf 75' lang='lat' dir='ltr'><em>Athenis</em></span> <span class='ocrx_word' id='word_1_245' title='bbox 2878 1463 3079 1517; x_wconf 73' lang='lat' dir='ltr'><em>axibus</em></span> <span class='ocrx_word' id='word_1_246' title='bbox 3104 1464 3308 1535; x_wconf 78' lang='lat' dir='ltr'><em>ligneis</em></span> <span class='ocrx_word' id='word_1_247' title='bbox 3349 1468 3548 1519; x_wconf 81' lang='lat' dir='ltr'><em>incisoe</em></span> 
     </span>
     <span class='ocr_line' id='line_1_34' title="bbox 1980 1546 3540 1625; baseline 0.002 -22"><span class='ocrx_word' id='word_1_248' title='bbox 1980 1560 2134 1617; x_wconf 80' lang='lat' dir='ltr'><em>sunt,</em></span> <span class='ocrx_word' id='word_1_249' title='bbox 2170 1567 2416 1623; x_wconf 81' lang='lat' dir='ltr'><em>quasque</em></span> <span class='ocrx_word' id='word_1_250' title='bbox 2445 1550 2595 1605; x_wconf 79' lang='lat' dir='ltr'><em>latas</em></span> <span class='ocrx_word' id='word_1_251' title='bbox 2624 1546 2700 1603; x_wconf 85' lang='lat' dir='ltr'><em>ab</em></span> <span class='ocrx_word' id='word_1_252' title='bbox 2721 1567 2787 1605; x_wconf 89' lang='lat' dir='ltr'><em>eo</em></span> <span class='ocrx_word' id='word_1_253' title='bbox 2825 1548 3191 1605; x_wconf 73' lang='lat' dir='ltr'><em>Athenienses</em></span> <span class='ocrx_word' id='word_1_254' title='bbox 3206 1590 3225 1619; x_wconf 91' lang='lat'><em>,</em></span> <span class='ocrx_word' id='word_1_255' title='bbox 3256 1562 3321 1605; x_wconf 81' lang='lat' dir='ltr'><em>ut</em></span> <span class='ocrx_word' id='word_1_256' title='bbox 3341 1556 3540 1625; x_wconf 85' lang='lat' dir='ltr'><em>sempi-</em></span> 
     </span>
     <span class='ocr_line' id='line_1_35' title="bbox 1987 1638 3528 1713; baseline 0.001 -21"><span class='ocrx_word' id='word_1_257' title='bbox 1987 1648 2162 1692; x_wconf 82' lang='lat' dir='ltr'><em>temoe</em></span> <span class='ocrx_word' id='word_1_258' title='bbox 2187 1649 2492 1706; x_wconf 79' lang='lat' dir='ltr'><em>manerent,</em></span> <span class='ocrx_word' id='word_1_259' title='bbox 2508 1643 2705 1713; x_wconf 83' lang='lat' dir='ltr'><em>poenis</em></span> <span class='ocrx_word' id='word_1_260' title='bbox 2726 1648 2785 1693; x_wconf 83' lang='lat' dir='ltr'><em>et</em></span> <span class='ocrx_word' id='word_1_261' title='bbox 2812 1638 3176 1711; x_wconf 77' lang='lat' dir='ltr'><em>religionibus</em></span> <span class='ocrx_word' id='word_1_262' title='bbox 3188 1650 3528 1707; x_wconf 70' lang='lat' dir='ltr'><em>sanxerant,</em></span> 
     </span>
     <span class='ocr_line' id='line_1_36' title="bbox 1987 1722 3539 1800; baseline 0.001 -20"><span class='ocrx_word' id='word_1_263' title='bbox 1987 1726 2165 1799; x_wconf 82' lang='lat' dir='ltr'><em>legem</em></span> <span class='ocrx_word' id='word_1_264' title='bbox 2183 1743 2301 1781; x_wconf 87' lang='lat' dir='ltr'><em>esse</em></span> <span class='ocrx_word' id='word_1_265' title='bbox 2320 1727 2644 1782; x_wconf 69' lang='lat' dir='ltr'><em>Aristoteles</em></span> <span class='ocrx_word' id='word_1_266' title='bbox 2664 1722 2843 1796; x_wconf 80' lang='lat' dir='ltr'><em>refert</em></span> <span class='ocrx_word' id='word_1_267' title='bbox 2852 1731 3118 1800; x_wconf 79' lang='lat' dir='ltr'><em>scriptam</em></span> <span class='ocrx_word' id='word_1_268' title='bbox 3137 1727 3221 1782; x_wconf 80' lang='lat' dir='ltr'><em>ad</em></span> <span class='ocrx_word' id='word_1_269' title='bbox 3240 1726 3389 1782; x_wconf 74' lang='lat' dir='ltr'><em>lianc</em></span> <span class='ocrx_word' id='word_1_270' title='bbox 3411 1745 3539 1782; x_wconf 82' lang='lat' dir='ltr'><em>sen-</em></span> 
     </span>
     <span class='ocr_line' id='line_1_37' title="bbox 1989 1814 3541 1889; baseline 0.003 -22"><span class='ocrx_word' id='word_1_271' title='bbox 1989 1817 2218 1869; x_wconf 82' lang='lat' dir='ltr'><em>tentiam</em></span> <span class='ocrx_word' id='word_1_272' title='bbox 2249 1831 2270 1868; x_wconf 91' lang='lat'><em>.·</em></span> <span class='ocrx_word' id='word_1_273' title='bbox 2286 1817 2338 1868; x_wconf 85' lang='lat' dir='ltr'><em>si</em></span> <span class='ocrx_word' id='word_1_274' title='bbox 2361 1814 2432 1870; x_wconf 87' lang='lat' dir='ltr'><em>ob</em></span> <span class='ocrx_word' id='word_1_275' title='bbox 2452 1814 2786 1869; x_wconf 62' lang='lat' dir='ltr'><em>discordiam</em></span> <span class='ocrx_word' id='word_1_276' title='bbox 2814 1814 3316 1889; x_wconf 83' lang='lat' dir='ltr'><em>dissensionemque</em></span> <span class='ocrx_word' id='word_1_277' title='bbox 3333 1816 3541 1871; x_wconf 85' lang='lat' dir='ltr'><em>seditio</em></span> 
     </span>
     <span class='ocr_line' id='line_1_38' title="bbox 1984 1899 3528 1976; baseline 0.003 -22"><span class='ocrx_word' id='word_1_278' title='bbox 1984 1910 2152 1973; x_wconf 83' lang='lat' dir='ltr'><em>atque</em></span> <span class='ocrx_word' id='word_1_279' title='bbox 2176 1900 2437 1956; x_wconf 80' lang='lat' dir='ltr'><em>discessio</em></span> <span class='ocrx_word' id='word_1_280' title='bbox 2446 1901 2651 1975; x_wconf 82' lang='lat' dir='ltr'><em>populi</em></span> <span class='ocrx_word' id='word_1_281' title='bbox 2690 1904 2746 1954; x_wconf 84' lang='lat' dir='ltr'><em>in</em></span> <span class='ocrx_word' id='word_1_282' title='bbox 2777 1901 2921 1956; x_wconf 84' lang='lat' dir='ltr'><em>duas</em></span> <span class='ocrx_word' id='word_1_283' title='bbox 2930 1904 3310 1976; x_wconf 79' lang='lat' dir='ltr'><em>partesfieret</em></span> <span class='ocrx_word' id='word_1_284' title='bbox 3322 1945 3337 1972; x_wconf 91' lang='lat'><em>,</em></span> <span class='ocrx_word' id='word_1_285' title='bbox 3382 1915 3442 1958; x_wconf 85' lang='lat' dir='ltr'><em>et</em></span> <span class='ocrx_word' id='word_1_286' title='bbox 3457 1899 3528 1959; x_wconf 82' lang='lat' dir='ltr'><em>ob</em></span> 
     </span>
     <span class='ocr_line' id='line_1_39' title="bbox 1983 1990 3538 2065; baseline 0.003 -24"><span class='ocrx_word' id='word_1_287' title='bbox 1983 2005 2111 2041; x_wconf 84' lang='lat' dir='ltr'><em>eam</em></span> <span class='ocrx_word' id='word_1_288' title='bbox 2146 2004 2372 2041; x_wconf 83' lang='lat' dir='ltr'><em>causam</em></span> <span class='ocrx_word' id='word_1_289' title='bbox 2396 1990 2630 2042; x_wconf 80' lang='lat' dir='ltr'><em>irritatis</em></span> <span class='ocrx_word' id='word_1_290' title='bbox 2658 1991 2865 2055; x_wconf 78' lang='lat' dir='ltr'><em>animis</em></span> <span class='ocrx_word' id='word_1_291' title='bbox 2885 1993 3160 2064; x_wconf 80' lang='lat' dir='ltr'><em>utrimque</em></span> <span class='ocrx_word' id='word_1_292' title='bbox 3180 2008 3344 2045; x_wconf 81' lang='lat' dir='ltr'><em>arma</em></span> <span class='ocrx_word' id='word_1_293' title='bbox 3366 2008 3538 2065; x_wconf 83' lang='lat' dir='ltr'><em>cape-</em></span> 
     </span>
     <span class='ocr_line' id='line_1_40' title="bbox 1982 2080 3546 2153; baseline 0.002 -25"><span class='ocrx_word' id='word_1_294' title='bbox 1982 2085 2175 2129; x_wconf 80' lang='lat' dir='ltr'><em>rentur</em></span> <span class='ocrx_word' id='word_1_295' title='bbox 2184 2085 2645 2151; x_wconf 62' lang='lat' dir='ltr'><em>pugnatam-que</em></span> <span class='ocrx_word' id='word_1_296' title='bbox 2658 2115 2672 2143; x_wconf 86' lang='lat'><em>,</em></span> <span class='ocrx_word' id='word_1_297' title='bbox 2727 2085 2840 2130; x_wconf 79' lang='lat' dir='ltr'><em>tum</em></span> <span class='ocrx_word' id='word_1_298' title='bbox 2883 2080 2981 2149; x_wconf 82' lang='lat' dir='ltr'><em>qui</em></span> <span class='ocrx_word' id='word_1_299' title='bbox 3020 2080 3081 2132; x_wconf 84' lang='lat' dir='ltr'><em>in</em></span> <span class='ocrx_word' id='word_1_300' title='bbox 3106 2095 3172 2132; x_wconf 87' lang='lat' dir='ltr'><em>eo</em></span> <span class='ocrx_word' id='word_1_301' title='bbox 3196 2088 3436 2153; x_wconf 68' lang='lat' dir='ltr'><em>tempore</em></span> <span class='ocrx_word' id='word_1_302' title='bbox 3480 2082 3546 2132; x_wconf 76' lang='lat' dir='ltr'><em>itt</em></span> 
     </span>
     <span class='ocr_line' id='line_1_41' title="bbox 1984 2162 3542 2241; baseline 0.004 -26"><span class='ocrx_word' id='word_1_303' title='bbox 1984 2178 2156 2234; x_wconf 84' lang='lat' dir='ltr'><em>eoque</em></span> <span class='ocrx_word' id='word_1_304' title='bbox 2182 2180 2314 2216; x_wconf 85' lang='lat' dir='ltr'><em>casu</em></span> <span class='ocrx_word' id='word_1_305' title='bbox 2346 2163 2527 2217; x_wconf 78' lang='lat' dir='ltr'><em>civilis</em></span> <span class='ocrx_word' id='word_1_306' title='bbox 2559 2162 2882 2230; x_wconf 72' lang='lat' dir='ltr'><em>discordiae,</em></span> <span class='ocrx_word' id='word_1_307' title='bbox 2934 2181 3045 2219; x_wconf 83' lang='lat' dir='ltr'><em>non</em></span> <span class='ocrx_word' id='word_1_308' title='bbox 3078 2166 3364 2220; x_wconf 72' lang='lat' dir='ltr'><em>alterutrae</em></span> <span class='ocrx_word' id='word_1_309' title='bbox 3383 2170 3542 2241; x_wconf 64' lang='lat' dir='ltr'><em>parti</em></span> 
     </span>
     <span class='ocr_line' id='line_1_42' title="bbox 1981 2249 3542 2327; baseline 0.005 -26"><span class='ocrx_word' id='word_1_310' title='bbox 1981 2264 2101 2302; x_wconf 87' lang='lat' dir='ltr'><em>sese</em></span> <span class='ocrx_word' id='word_1_311' title='bbox 2117 2249 2446 2319; x_wconf 53' lang='lat' dir='ltr'><em>misane-erit</em></span> <span class='ocrx_word' id='word_1_312' title='bbox 2456 2289 2471 2315; x_wconf 86' lang='lat'><em>‚</em></span> <span class='ocrx_word' id='word_1_313' title='bbox 2502 2250 2607 2303; x_wconf 84' lang='lat' dir='ltr'><em>sed</em></span> <span class='ocrx_word' id='word_1_314' title='bbox 2621 2251 2899 2305; x_wconf 72' lang='lat' dir='ltr'><em>solitarius·</em></span> <span class='ocrx_word' id='word_1_315' title='bbox 2917 2263 3314 2327; x_wconf 72' lang='lat' dir='ltr'><em>separatusque</em></span> <span class='ocrx_word' id='word_1_316' title='bbox 3330 2271 3368 2307; x_wconf 87' lang='lat' dir='ltr'><em>a</em></span> <span class='ocrx_word' id='word_1_317' title='bbox 3390 2271 3542 2309; x_wconf 86' lang='lat' dir='ltr'><em>com·-</em></span> 
     </span>
    </p>
   </div>
   <div class='ocr_carea' id='block_1_10' title="bbox 335 2324 3541 2515">
    <p class='ocr_par' dir='ltr' id='par_1_12' title="bbox 335 2324 3541 2515">
     <span class='ocr_line' id='line_1_43' title="bbox 340 2324 3525 2427; baseline -0.003 -22"><span class='ocrx_word' id='word_1_318' title='bbox 340 2340 627 2417; x_wconf 78' lang='grc' dir='ltr'>Ἀθηναίων</span> <span class='ocrx_word' id='word_1_319' title='bbox 661 2343 899 2426; x_wconf 70' lang='grc' dir='ltr'>πολιτεία</span> <span class='ocrx_word' id='word_1_320' title='bbox 944 2343 1127 2425; x_wconf 82' lang='grc' dir='ltr'>φησίν·</span> <span class='ocrx_word' id='word_1_321' title='bbox 1162 2370 1188 2397; x_wconf 75' lang='grc' dir='ltr'>ι</span> <span class='ocrx_word' id='word_1_322' title='bbox 1235 2342 1650 2427; x_wconf 63' lang='grc' dir='ltr'>Ἀναγράψαντςς</span> <span class='ocrx_word' id='word_1_323' title='bbox 1680 2344 1733 2403; x_wconf 69' lang='grc' dir='ltr'><em>δὲ</em></span> <span class='ocrx_word' id='word_1_324' title='bbox 1778 2324 1896 2413; x_wconf 62' lang='lat' dir='ltr'><em>eoi}</em></span> <span class='ocrx_word' id='word_1_325' title='bbox 1985 2340 2142 2389; x_wconf 82' lang='lat' dir='ltr'><em>muni</em></span> <span class='ocrx_word' id='word_1_326' title='bbox 2175 2336 2329 2391; x_wconf 76' lang='lat' dir='ltr'><em>malo</em></span> <span class='ocrx_word' id='word_1_327' title='bbox 2356 2340 2599 2391; x_wconf 73' lang='lat' dir='ltr'><em>civitatis</em></span> <span class='ocrx_word' id='word_1_328' title='bbox 2626 2342 2938 2405; x_wconf 83' lang='lat' dir='ltr'><em>secesserit,</em></span> <span class='ocrx_word' id='word_1_329' title='bbox 2992 2344 3043 2393; x_wconf 86' lang='lat' dir='ltr'><em>is</em></span> <span class='ocrx_word' id='word_1_330' title='bbox 3077 2340 3276 2407; x_wconf 84' lang='lat' dir='ltr'><em>domo,</em></span> <span class='ocrx_word' id='word_1_331' title='bbox 3295 2345 3525 2415; x_wconf 80' lang='lat' dir='ltr'><em>patria,</em></span> 
     </span>
     <span class='ocr_line' id='line_1_44' title="bbox 335 2418 3541 2515; baseline -0.002 -25"><span class='ocrx_word' id='word_1_332' title='bbox 335 2433 521 2510; x_wconf 76' lang='grc' dir='ltr'>νόμους</span> <span class='ocrx_word' id='word_1_333' title='bbox 539 2434 610 2501; x_wconf 76' lang='grc' dir='ltr'><em>εἰς</em></span> <span class='ocrx_word' id='word_1_334' title='bbox 633 2431 754 2499; x_wconf 81' lang='grc' dir='ltr'>τοὺς</span> <span class='ocrx_word' id='word_1_335' title='bbox 769 2429 976 2513; x_wconf 76' lang='grc' dir='ltr'>κύρόεις</span> <span class='ocrx_word' id='word_1_336' title='bbox 1001 2432 1225 2505; x_wconf 81' lang='grc' dir='ltr'>ἔστησαν</span> <span class='ocrx_word' id='word_1_337' title='bbox 1251 2432 1304 2490; x_wconf 65' lang='grc' dir='ltr'><em>ἓν</em></span> <span class='ocrx_word' id='word_1_338' title='bbox 1323 2436 1389 2513; x_wconf 83' lang='grc' dir='ltr'><em>τῇ</em></span> <span class='ocrx_word' id='word_1_339' title='bbox 1410 2440 1540 2515; x_wconf 68' lang='grc' dir='ltr'>στοᾷ</span> <span class='ocrx_word' id='word_1_340' title='bbox 1557 2435 1622 2512; x_wconf 76' lang='grc' dir='ltr'><em>τῇ</em></span> <span class='ocrx_word' id='word_1_341' title='bbox 1654 2431 1892 2515; x_wconf 59' lang='grc' dir='ltr'>βασιλείᾳ</span> <span class='ocrx_word' id='word_1_342' title='bbox 1970 2418 2330 2497; x_wconf 80' lang='lat' dir='ltr'><em>fortunisque</em></span> <span class='ocrx_word' id='word_1_343' title='bbox 2342 2423 2595 2478; x_wconf 83' lang='lat' dir='ltr'><em>omnibus</em></span> <span class='ocrx_word' id='word_1_344' title='bbox 2611 2435 2797 2480; x_wconf 74' lang='lat' dir='ltr'><em>carelo</em></span> <span class='ocrx_word' id='word_1_345' title='bbox 2818 2444 2837 2478; x_wconf 92' lang='grc'><em>.·</em></span> <span class='ocrx_word' id='word_1_346' title='bbox 2861 2426 3028 2479; x_wconf 79' lang='lat' dir='ltr'><em>exsul</em></span> <span class='ocrx_word' id='word_1_347' title='bbox 3047 2431 3385 2502; x_wconf 75' lang='lat' dir='ltr'><em>extorrisque</em></span> <span class='ocrx_word' id='word_1_348' title='bbox 3402 2439 3541 2484; x_wconf 73' lang='lat' dir='ltr'><em>erto.</em></span> 
     </span>
    </p>
   </div>
   <div class='ocr_carea' id='block_1_11' title="bbox 337 2520 1891 2686">
    <p class='ocr_par' dir='ltr' id='par_1_13' title="bbox 337 2520 1891 2686">
     <span class='ocr_line' id='line_1_45' title="bbox 337 2520 1336 2601; baseline -0.007 -21"><span class='ocrx_word' id='word_1_349' title='bbox 337 2520 603 2601; x_wconf 76' lang='grc' dir='ltr'>(βασιλίδι</span> <span class='ocrx_word' id='word_1_350' title='bbox 632 2522 760 2579; x_wconf 89' lang='lat' dir='ltr'><em>cod.</em></span> <span class='ocrx_word' id='word_1_351' title='bbox 790 2524 863 2578; x_wconf 90' lang='lat' dir='ltr'><em>D.</em></span> <span class='ocrx_word' id='word_1_352' title='bbox 896 2533 951 2579; x_wconf 88' lang='lat' dir='ltr'><em>et</em></span> <span class='ocrx_word' id='word_1_353' title='bbox 976 2520 1270 2598; x_wconf 73' lang='lat' dir='ltr'><em>photius).</em></span> <span class='ocrx_word' id='word_1_354' title='bbox 1310 2546 1336 2573; x_wconf 66' lang='grc' dir='ltr'><strong>ι</strong></span> 
     </span>
     <span class='ocr_line' id='line_1_46' title="bbox 417 2604 1891 2686; baseline -0.001 -19"><span class='ocrx_word' id='word_1_355' title='bbox 417 2611 601 2686; x_wconf 84' lang='lat' dir='ltr'><em>Vulgo</em></span> <span class='ocrx_word' id='word_1_356' title='bbox 631 2609 980 2685; x_wconf 83' lang='lat' dir='ltr'><em>distinguunt</em></span> <span class='ocrx_word' id='word_1_357' title='bbox 1000 2610 1346 2686; x_wconf 81' lang='lat' dir='ltr'><em>grammatici</em></span> <span class='ocrx_word' id='word_1_358' title='bbox 1372 2611 1520 2666; x_wconf 89' lang='lat' dir='ltr'><em>inter</em></span> <span class='ocrx_word' id='word_1_359' title='bbox 1543 2604 1725 2676; x_wconf 83' lang='grc' dir='ltr'>ἄξονας</span> <span class='ocrx_word' id='word_1_360' title='bbox 1753 2628 1891 2684; x_wconf 85' lang='lat' dir='ltr'><em>qua·</em></span> 
     </span>
    </p>
   </div>
   <div class='ocr_carea' id='block_1_12' title="bbox 1994 2506 3537 2678">
    <p class='ocr_par' dir='ltr' id='par_1_14' title="bbox 1994 2506 3537 2678">
     <span class='ocr_line' id='line_1_47' title="bbox 2069 2506 3533 2588; baseline 0.003 -21"><span class='ocrx_word' id='word_1_361' title='bbox 2069 2506 2286 2585; x_wconf 80' lang='lat' dir='ltr'><em>[Arist.</em></span> <span class='ocrx_word' id='word_1_362' title='bbox 2319 2511 2439 2566; x_wconf 86' lang='lat' dir='ltr'><em>Pol.</em></span> <span class='ocrx_word' id='word_1_363' title='bbox 2469 2513 2546 2566; x_wconf 92' lang='lat'><em>11.</em></span> <span class='ocrx_word' id='word_1_364' title='bbox 2581 2516 2611 2577; x_wconf 76' lang='grc'>4</span> <span class='ocrx_word' id='word_1_365' title='bbox 2634 2552 2651 2580; x_wconf 92' lang='grc'>,</span> <span class='ocrx_word' id='word_1_366' title='bbox 2686 2521 2715 2568; x_wconf 72' lang='lat'>4</span> <span class='ocrx_word' id='word_1_367' title='bbox 2748 2530 2762 2566; x_wconf 89' lang='lat'>:</span> <span class='ocrx_word' id='word_1_368' title='bbox 2796 2508 2977 2569; x_wconf 79' lang='grc' dir='ltr'>Σόλων</span> <span class='ocrx_word' id='word_1_369' title='bbox 3015 2512 3401 2588; x_wconf 67' lang='grc' dir='ltr'>ἐνομοθέτησεν,</span> <span class='ocrx_word' id='word_1_370' title='bbox 3442 2513 3533 2571; x_wconf 79' lang='grc' dir='ltr'><em>καὶ</em></span> 
     </span>
     <span class='ocr_line' id='line_1_48' title="bbox 1994 2589 3537 2678; baseline 0.005 -27"><span class='ocrx_word' id='word_1_371' title='bbox 1994 2593 2118 2673; x_wconf 87' lang='grc' dir='ltr'>παρ’</span> <span class='ocrx_word' id='word_1_372' title='bbox 2139 2593 2315 2661; x_wconf 81' lang='grc' dir='ltr'>ἄλλοις</span> <span class='ocrx_word' id='word_1_373' title='bbox 2335 2589 2446 2654; x_wconf 66' lang='grc' dir='ltr'>ἐστὶ</span> <span class='ocrx_word' id='word_1_374' title='bbox 2466 2594 2647 2674; x_wconf 84' lang='grc' dir='ltr'>νόμος,</span> <span class='ocrx_word' id='word_1_375' title='bbox 2676 2593 2729 2665; x_wconf 81' lang='grc' dir='ltr'><em>ὃς</em></span> <span class='ocrx_word' id='word_1_376' title='bbox 2751 2596 2942 2656; x_wconf 76' lang='grc' dir='ltr'>κωλύει</span> <span class='ocrx_word' id='word_1_377' title='bbox 2960 2602 3184 2657; x_wconf 76' lang='grc' dir='ltr'>κτᾶσθαι</span> <span class='ocrx_word' id='word_1_378' title='bbox 3210 2603 3308 2678; x_wconf 72' lang='grc' dir='ltr'><em>γῆν</em></span> <span class='ocrx_word' id='word_1_379' title='bbox 3335 2598 3537 2673; x_wconf 73' lang='grc' dir='ltr'>ὁπόσην</span> 
     </span>
    </p>
   </div>
   <div class='ocr_carea' id='block_1_13' title="bbox 337 2679 2487 2773">
    <p class='ocr_par' dir='ltr' id='par_1_15' title="bbox 337 2679 2487 2773">
     <span class='ocr_line' id='line_1_49' title="bbox 337 2679 2487 2773; baseline -0.003 -18"><span class='ocrx_word' id='word_1_380' title='bbox 337 2697 672 2773; x_wconf 75' lang='lat' dir='ltr'><em>‹lx-angulos,</em></span> <span class='ocrx_word' id='word_1_381' title='bbox 713 2696 918 2771; x_wconf 88' lang='lat' dir='ltr'><em>quibus</em></span> <span class='ocrx_word' id='word_1_382' title='bbox 960 2697 1108 2772; x_wconf 84' lang='lat' dir='ltr'><em>leges</em></span> <span class='ocrx_word' id='word_1_383' title='bbox 1139 2697 1384 2771; x_wconf 85' lang='lat' dir='ltr'><em>politicae</em></span> <span class='ocrx_word' id='word_1_384' title='bbox 1414 2698 1529 2754; x_wconf 80' lang='lat' dir='ltr'><em>sive</em></span> <span class='ocrx_word' id='word_1_385' title='bbox 1583 2697 1771 2753; x_wconf 80' lang='lat' dir='ltr'><em>civiles</em></span> <span class='ocrx_word' id='word_1_386' title='bbox 1808 2699 1895 2752; x_wconf 86' lang='lat' dir='ltr'><em>in·</em></span> <span class='ocrx_word' id='word_1_387' title='bbox 1989 2680 2054 2740; x_wconf 66' lang='grc' dir='ltr'><em>ἂν</em></span> <span class='ocrx_word' id='word_1_388' title='bbox 2078 2679 2487 2762; x_wconf 66' lang='grc' dir='ltr'>βούλεταῖτῑς·]</span> 
     </span>
    </p>
   </div>
   <div class='ocr_carea' id='block_1_14' title="bbox 333 2782 1897 4260">
    <p class='ocr_par' dir='ltr' id='par_1_16' title="bbox 333 2782 1897 4085">
     <span class='ocr_line' id='line_1_50' title="bbox 337 2782 1896 2861; baseline -0.001 -18"><span class='ocrx_word' id='word_1_389' title='bbox 337 2788 559 2861; x_wconf 64' lang='lat' dir='ltr'><em>scripta·</em></span> <span class='ocrx_word' id='word_1_390' title='bbox 597 2787 737 2856; x_wconf 86' lang='lat' dir='ltr'><em>sint,</em></span> <span class='ocrx_word' id='word_1_391' title='bbox 777 2796 835 2842; x_wconf 89' lang='lat' dir='ltr'><em>et</em></span> <span class='ocrx_word' id='word_1_392' title='bbox 861 2782 1066 2854; x_wconf 76' lang='grc' dir='ltr'>κύρὸεις</span> <span class='ocrx_word' id='word_1_393' title='bbox 1102 2785 1438 2861; x_wconf 83' lang='lat' dir='ltr'><em>triangulos,</em></span> <span class='ocrx_word' id='word_1_394' title='bbox 1481 2787 1545 2842; x_wconf 90' lang='lat' dir='ltr'><em>in</em></span> <span class='ocrx_word' id='word_1_395' title='bbox 1572 2785 1777 2860; x_wconf 83' lang='lat' dir='ltr'><em>quibus</em></span> <span class='ocrx_word' id='word_1_396' title='bbox 1804 2784 1896 2859; x_wconf 85' lang='lat' dir='ltr'><em>jus</em></span> 
     </span>
     <span class='ocr_line' id='line_1_51' title="bbox 335 2868 1897 2950; baseline -0.002 -20"><span class='ocrx_word' id='word_1_397' title='bbox 335 2892 555 2930; x_wconf 81' lang='lat' dir='ltr'><em>sacrum</em></span> <span class='ocrx_word' id='word_1_398' title='bbox 568 2882 855 2931; x_wconf 76' lang='lat' dir='ltr'><em>exaratum</em></span> <span class='ocrx_word' id='word_1_399' title='bbox 878 2868 1165 2950; x_wconf 80' lang='lat' dir='ltr'><em>(veterum</em></span> <span class='ocrx_word' id='word_1_400' title='bbox 1184 2873 1341 2929; x_wconf 85' lang='lat' dir='ltr'><em>locos</em></span> <span class='ocrx_word' id='word_1_401' title='bbox 1363 2873 1629 2929; x_wconf 86' lang='lat' dir='ltr'><em>collectos</em></span> <span class='ocrx_word' id='word_1_402' title='bbox 1638 2871 1812 2929; x_wconf 83' lang='lat' dir='ltr'><em>habes</em></span> <span class='ocrx_word' id='word_1_403' title='bbox 1836 2874 1897 2927; x_wconf 90' lang='lat' dir='ltr'><em>in</em></span> 
     </span>
     <span class='ocr_line' id='line_1_52' title="bbox 338 2957 1895 3040; baseline -0.001 -22"><span class='ocrx_word' id='word_1_404' title='bbox 338 2960 540 3036; x_wconf 78' lang='lat' dir='ltr'><em>Steph.</em></span> <span class='ocrx_word' id='word_1_405' title='bbox 568 2963 729 3019; x_wconf 87' lang='lat' dir='ltr'><em>Thes·</em></span> <span class='ocrx_word' id='word_1_406' title='bbox 764 2981 820 3020; x_wconf 74' lang='lat' dir='ltr'><em>v.</em></span> <span class='ocrx_word' id='word_1_407' title='bbox 850 2957 1071 3040; x_wconf 77' lang='grc' dir='ltr'>Κύρὸις.</span> <span class='ocrx_word' id='word_1_408' title='bbox 1094 2961 1180 3019; x_wconf 84' lang='lat' dir='ltr'><em>Cf.</em></span> <span class='ocrx_word' id='word_1_409' title='bbox 1209 2960 1642 3036; x_wconf 82' lang='lat' dir='ltr'><em>disputationem</em></span> <span class='ocrx_word' id='word_1_410' title='bbox 1662 2961 1895 3016; x_wconf 90' lang='lat' dir='ltr'><em>Prelleri</em></span> 
     </span>
     <span class='ocr_line' id='line_1_53' title="bbox 337 3047 1895 3124; baseline -0.001 -19"><span class='ocrx_word' id='word_1_411' title='bbox 337 3049 416 3106; x_wconf 80' lang='lat' dir='ltr'><em>ad</em></span> <span class='ocrx_word' id='word_1_412' title='bbox 454 3050 749 3120; x_wconf 72' lang='lat' dir='ltr'><em>Polemon.</em></span> <span class='ocrx_word' id='word_1_413' title='bbox 790 3067 854 3124; x_wconf 77' lang='lat' dir='ltr'><em>p.</em></span> <span class='ocrx_word' id='word_1_414' title='bbox 897 3047 974 3124; x_wconf 84' lang='lat'><em>89</em></span> <span class='ocrx_word' id='word_1_415' title='bbox 1008 3066 1134 3123; x_wconf 85' lang='lat' dir='ltr'><em>sqq.</em></span> <span class='ocrx_word' id='word_1_416' title='bbox 1156 3047 1195 3124; x_wconf 90' lang='lat'><em>).</em></span> <span class='ocrx_word' id='word_1_417' title='bbox 1225 3049 1515 3123; x_wconf 83' lang='lat' dir='ltr'><em>Ignorasse</em></span> <span class='ocrx_word' id='word_1_418' title='bbox 1541 3047 1686 3103; x_wconf 87' lang='lat' dir='ltr'><em>hanc</em></span> <span class='ocrx_word' id='word_1_419' title='bbox 1708 3048 1895 3103; x_wconf 88' lang='lat' dir='ltr'><em>nomi·</em></span> 
     </span>
     <span class='ocr_line' id='line_1_54' title="bbox 334 3136 1891 3211; baseline -0.002 -19"><span class='ocrx_word' id='word_1_420' title='bbox 334 3156 476 3192; x_wconf 87' lang='lat' dir='ltr'><em>num</em></span> <span class='ocrx_word' id='word_1_421' title='bbox 516 3136 928 3193; x_wconf 82' lang='lat' dir='ltr'><em>distinctionem</em></span> <span class='ocrx_word' id='word_1_422' title='bbox 949 3148 1148 3211; x_wconf 84' lang='lat' dir='ltr'><em>utpote</em></span> <span class='ocrx_word' id='word_1_423' title='bbox 1173 3136 1450 3193; x_wconf 83' lang='lat' dir='ltr'><em>seriorum</em></span> <span class='ocrx_word' id='word_1_424' title='bbox 1480 3145 1858 3192; x_wconf 84' lang='lat' dir='ltr'><em>commentum</em></span> <span class='ocrx_word' id='word_1_425' title='bbox 1874 3177 1891 3206; x_wconf 91' lang='lat'>,</span> 
     </span>
     <span class='ocr_line' id='line_1_55' title="bbox 338 3222 1894 3281; baseline -0.001 -2"><span class='ocrx_word' id='word_1_426' title='bbox 338 3235 440 3279; x_wconf 78' lang='lat' dir='ltr'><em>aut</em></span> <span class='ocrx_word' id='word_1_427' title='bbox 479 3242 598 3279; x_wconf 88' lang='lat' dir='ltr'><em>non</em></span> <span class='ocrx_word' id='word_1_428' title='bbox 630 3223 927 3281; x_wconf 83' lang='lat' dir='ltr'><em>attendisse</em></span> <span class='ocrx_word' id='word_1_429' title='bbox 963 3223 1038 3280; x_wconf 86' lang='lat' dir='ltr'><em>ad</em></span> <span class='ocrx_word' id='word_1_430' title='bbox 1079 3224 1196 3279; x_wconf 81' lang='lat' dir='ltr'><em>haec</em></span> <span class='ocrx_word' id='word_1_431' title='bbox 1246 3223 1604 3280; x_wconf 82' lang='lat' dir='ltr'><em>Aristotelem</em></span> <span class='ocrx_word' id='word_1_432' title='bbox 1650 3241 1721 3279; x_wconf 87' lang='lat' dir='ltr'><em>ex</em></span> <span class='ocrx_word' id='word_1_433' title='bbox 1763 3222 1894 3278; x_wconf 77' lang='lat' dir='ltr'><em>luco</em></span> 
     </span>
     <span class='ocr_line' id='line_1_56' title="bbox 333 3309 1896 3386; baseline -0.003 -18"><span class='ocrx_word' id='word_1_434' title='bbox 333 3311 624 3368; x_wconf 81' lang='lat' dir='ltr'><em>Plutarchi</em></span> <span class='ocrx_word' id='word_1_435' title='bbox 673 3310 972 3386; x_wconf 78' lang='lat' dir='ltr'><em>colligitur.</em></span> <span class='ocrx_word' id='word_1_436' title='bbox 1011 3312 1082 3366; x_wconf 89' lang='lat' dir='ltr'><em>In</em></span> <span class='ocrx_word' id='word_1_437' title='bbox 1135 3311 1313 3366; x_wconf 89' lang='lat' dir='ltr'><em>schol.</em></span> <span class='ocrx_word' id='word_1_438' title='bbox 1364 3309 1649 3385; x_wconf 85' lang='lat' dir='ltr'><em>Aristoph.</em></span> <span class='ocrx_word' id='word_1_439' title='bbox 1696 3327 1896 3366; x_wconf 80' lang='lat' dir='ltr'><em>vocem</em></span> 
     </span>
     <span class='ocr_line' id='line_1_57' title="bbox 333 3396 1895 3475; baseline -0.001 -20"><span class='ocrx_word' id='word_1_440' title='bbox 333 3397 576 3475; x_wconf 84' lang='grc' dir='ltr'>τρίγωνοι</span> <span class='ocrx_word' id='word_1_441' title='bbox 599 3397 754 3454; x_wconf 87' lang='lat' dir='ltr'><em>haud</em></span> <span class='ocrx_word' id='word_1_442' title='bbox 788 3396 1115 3454; x_wconf 83' lang='lat' dir='ltr'><em>mutandam</em></span> <span class='ocrx_word' id='word_1_443' title='bbox 1154 3416 1266 3453; x_wconf 90' lang='lat' dir='ltr'><em>esse</em></span> <span class='ocrx_word' id='word_1_444' title='bbox 1293 3415 1519 3454; x_wconf 88' lang='lat' dir='ltr'><em>censeo.</em></span> <span class='ocrx_word' id='word_1_445' title='bbox 1559 3397 1895 3453; x_wconf 88' lang='lat' dir='ltr'><em>Eratosthe-</em></span> 
     </span>
     <span class='ocr_line' id='line_1_58' title="bbox 333 3480 1894 3565; baseline -0.001 -22"><span class='ocrx_word' id='word_1_446' title='bbox 333 3505 440 3543; x_wconf 85' lang='lat' dir='ltr'><em>nes</em></span> <span class='ocrx_word' id='word_1_447' title='bbox 458 3480 687 3560; x_wconf 83' lang='lat' dir='ltr'><em>quoque</em></span> <span class='ocrx_word' id='word_1_448' title='bbox 712 3481 992 3565; x_wconf 80' lang='grc' dir='ltr'>τριγώνους</span> <span class='ocrx_word' id='word_1_449' title='bbox 1027 3502 1156 3540; x_wconf 81' lang='lat' dir='ltr'><em>axes</em></span> <span class='ocrx_word' id='word_1_450' title='bbox 1177 3483 1349 3554; x_wconf 80' lang='lat' dir='ltr'><em>dixit,</em></span> <span class='ocrx_word' id='word_1_451' title='bbox 1376 3503 1561 3558; x_wconf 88' lang='lat' dir='ltr'><em>neque</em></span> <span class='ocrx_word' id='word_1_452' title='bbox 1587 3486 1735 3541; x_wconf 89' lang='lat' dir='ltr'><em>inter</em></span> <span class='ocrx_word' id='word_1_453' title='bbox 1764 3481 1894 3562; x_wconf 80' lang='grc' dir='ltr'>κύρ-</span> 
     </span>
     <span class='ocr_line' id='line_1_59' title="bbox 337 3567 1890 3646; baseline -0.003 -16"><span class='ocrx_word' id='word_1_454' title='bbox 337 3571 450 3637; x_wconf 76' lang='grc' dir='ltr'>ὅεις</span> <span class='ocrx_word' id='word_1_455' title='bbox 489 3584 544 3629; x_wconf 89' lang='lat' dir='ltr'><em>et</em></span> <span class='ocrx_word' id='word_1_456' title='bbox 571 3569 754 3639; x_wconf 80' lang='grc' dir='ltr'>ἄξονας</span> <span class='ocrx_word' id='word_1_457' title='bbox 776 3571 1032 3629; x_wconf 75' lang='lat' dir='ltr'><em>distinxit</em></span> <span class='ocrx_word' id='word_1_458' title='bbox 1077 3568 1201 3646; x_wconf 84' lang='lat' dir='ltr'><em>(ap.</em></span> <span class='ocrx_word' id='word_1_459' title='bbox 1236 3567 1427 3629; x_wconf 86' lang='lat' dir='ltr'><em>Schol.</em></span> <span class='ocrx_word' id='word_1_460' title='bbox 1459 3571 1650 3645; x_wconf 85' lang='lat' dir='ltr'><strong>Apoll.</strong></span> <span class='ocrx_word' id='word_1_461' title='bbox 1697 3571 1890 3627; x_wconf 79' lang='lat' dir='ltr'><em>Rhod.</em></span> 
     </span>
     <span class='ocr_line' id='line_1_60' title="bbox 338 3656 1891 3738; baseline -0.001 -20"><span class='ocrx_word' id='word_1_462' title='bbox 338 3664 443 3732; x_wconf 83' lang='lat' dir='ltr'><em>IV,</em></span> <span class='ocrx_word' id='word_1_463' title='bbox 489 3660 628 3738; x_wconf 76' lang='lat'><em>280)</em></span> <span class='ocrx_word' id='word_1_464' title='bbox 646 3703 663 3732; x_wconf 90' lang='lat'>,</span> <span class='ocrx_word' id='word_1_465' title='bbox 715 3678 899 3735; x_wconf 90' lang='lat' dir='ltr'><em>neque</em></span> <span class='ocrx_word' id='word_1_466' title='bbox 954 3659 1321 3716; x_wconf 86' lang='lat' dir='ltr'><em>Polemonem</em></span> <span class='ocrx_word' id='word_1_467' title='bbox 1381 3656 1502 3734; x_wconf 80' lang='lat' dir='ltr'><em>(ap.</em></span> <span class='ocrx_word' id='word_1_468' title='bbox 1554 3657 1891 3734; x_wconf 84' lang='lat' dir='ltr'><em>Harpocrat.</em></span> 
     </span>
     <span class='ocr_line' id='line_1_61' title="bbox 335 3744 1896 3824; baseline -0.001 -20"><span class='ocrx_word' id='word_1_469' title='bbox 335 3771 399 3808; x_wconf 78' lang='lat' dir='ltr'><em>v.</em></span> <span class='ocrx_word' id='word_1_470' title='bbox 417 3744 475 3808; x_wconf 74' lang='lat' dir='ltr'><em>’A</em></span> <span class='ocrx_word' id='word_1_471' title='bbox 483 3746 621 3824; x_wconf 80' lang='grc' dir='ltr'>ξονα)</span> <span class='ocrx_word' id='word_1_472' title='bbox 648 3749 958 3804; x_wconf 76' lang='lat' dir='ltr'><em>distinxisse</em></span> <span class='ocrx_word' id='word_1_473' title='bbox 969 3746 1341 3803; x_wconf 83' lang='lat' dir='ltr'><em>demonstrari</em></span> <span class='ocrx_word' id='word_1_474' title='bbox 1358 3756 1562 3821; x_wconf 87' lang='lat' dir='ltr'><em>potest,</em></span> <span class='ocrx_word' id='word_1_475' title='bbox 1576 3765 1752 3820; x_wconf 90' lang='lat' dir='ltr'><em>quum</em></span> <span class='ocrx_word' id='word_1_476' title='bbox 1773 3746 1819 3803; x_wconf 88' lang='lat' dir='ltr'><em>is</em></span> <span class='ocrx_word' id='word_1_477' title='bbox 1835 3748 1896 3803; x_wconf 90' lang='lat' dir='ltr'><em>in</em></span> 
     </span>
     <span class='ocr_line' id='line_1_62' title="bbox 335 3832 1894 3910; baseline -0.002 -18"><span class='ocrx_word' id='word_1_478' title='bbox 335 3839 407 3893; x_wconf 89' lang='lat' dir='ltr'><em>iis</em></span> <span class='ocrx_word' id='word_1_479' title='bbox 425 3855 548 3910; x_wconf 83' lang='lat' dir='ltr'><em>quae</em></span> <span class='ocrx_word' id='word_1_480' title='bbox 573 3834 917 3904; x_wconf 79' lang='lat' dir='ltr'><em>referuntur,</em></span> <span class='ocrx_word' id='word_1_481' title='bbox 937 3832 1361 3889; x_wconf 82' lang='lat' dir='ltr'><em>Eratosthenem</em></span> <span class='ocrx_word' id='word_1_482' title='bbox 1372 3850 1440 3888; x_wconf 90' lang='lat' dir='ltr'><em>eo</em></span> <span class='ocrx_word' id='word_1_483' title='bbox 1465 3843 1679 3888; x_wconf 87' lang='lat' dir='ltr'><em>tantum</em></span> <span class='ocrx_word' id='word_1_484' title='bbox 1700 3850 1894 3907; x_wconf 88' lang='lat' dir='ltr'><em>repre·</em></span> 
     </span>
     <span class='ocr_line' id='line_1_63' title="bbox 334 3914 1895 3999; baseline -0.003 -18"><span class='ocrx_word' id='word_1_485' title='bbox 334 3923 568 3992; x_wconf 83' lang='lat' dir='ltr'><em>hendit,</em></span> <span class='ocrx_word' id='word_1_486' title='bbox 601 3923 760 3996; x_wconf 84' lang='lat' dir='ltr'><em>quod</em></span> <span class='ocrx_word' id='word_1_487' title='bbox 791 3918 908 3987; x_wconf 77' lang='grc' dir='ltr'>τοὺς</span> <span class='ocrx_word' id='word_1_488' title='bbox 932 3916 1114 3987; x_wconf 80' lang='grc' dir='ltr'>ἄξονας</span> <span class='ocrx_word' id='word_1_489' title='bbox 1134 3939 1254 3976; x_wconf 86' lang='lat' dir='ltr'><em>non</em></span> <span class='ocrx_word' id='word_1_490' title='bbox 1280 3914 1626 3998; x_wconf 80' lang='grc' dir='ltr'>τετραγώνους</span> <span class='ocrx_word' id='word_1_491' title='bbox 1651 3919 1751 3976; x_wconf 88' lang='lat' dir='ltr'><em>sed</em></span> <span class='ocrx_word' id='word_1_492' title='bbox 1777 3941 1895 3999; x_wconf 88' lang='grc' dir='ltr'>τρι-</span> 
     </span>
     <span class='ocr_line' id='line_1_64' title="bbox 336 4005 780 4085; baseline 0 -19"><span class='ocrx_word' id='word_1_493' title='bbox 336 4006 532 4085; x_wconf 80' lang='grc' dir='ltr'>γώνους</span> <span class='ocrx_word' id='word_1_494' title='bbox 553 4005 780 4066; x_wconf 86' lang='lat' dir='ltr'><em>dixerit.</em></span> 
     </span>
    </p>

    <p class='ocr_par' dir='ltr' id='par_1_17' title="bbox 341 4093 1893 4260">
     <span class='ocr_line' id='line_1_65' title="bbox 419 4093 1888 4171; baseline -0.002 -18"><span class='ocrx_word' id='word_1_495' title='bbox 419 4100 555 4170; x_wconf 74' lang='lat' dir='ltr'><em>Quae</em></span> <span class='ocrx_word' id='word_1_496' title='bbox 578 4115 668 4171; x_wconf 84' lang='lat' dir='ltr'><em>ap.</em></span> <span class='ocrx_word' id='word_1_497' title='bbox 692 4093 885 4153; x_wconf 88' lang='lat' dir='ltr'><em>Schol.</em></span> <span class='ocrx_word' id='word_1_498' title='bbox 902 4096 1072 4155; x_wconf 78' lang='lat' dir='ltr'><em>Arist.</em></span> <span class='ocrx_word' id='word_1_499' title='bbox 1097 4096 1257 4152; x_wconf 85' lang='lat' dir='ltr'><em>uncis</em></span> <span class='ocrx_word' id='word_1_500' title='bbox 1277 4095 1665 4165; x_wconf 84' lang='lat' dir='ltr'><em>includuntur,</em></span> <span class='ocrx_word' id='word_1_501' title='bbox 1688 4094 1888 4151; x_wconf 84' lang='lat' dir='ltr'><em>absunt</em></span> 
     </span>
     <span class='ocr_line' id='line_1_66' title="bbox 341 4179 1893 4260; baseline -0.001 -20"><span class='ocrx_word' id='word_1_502' title='bbox 341 4204 378 4240; x_wconf 84' lang='lat' dir='ltr'><em>a</em></span> <span class='ocrx_word' id='word_1_503' title='bbox 400 4184 597 4240; x_wconf 87' lang='lat' dir='ltr'><em>codice</em></span> <span class='ocrx_word' id='word_1_504' title='bbox 628 4186 975 4242; x_wconf 74' lang='lat' dir='ltr'><em>Ravennate.</em></span> <span class='ocrx_word' id='word_1_505' title='bbox 1005 4185 1120 4240; x_wconf 90' lang='lat' dir='ltr'><em>Pro</em></span> <span class='ocrx_word' id='word_1_506' title='bbox 1148 4179 1484 4260; x_wconf 82' lang='grc' dir='ltr'>Θεόφραστος</span> <span class='ocrx_word' id='word_1_507' title='bbox 1511 4183 1572 4237; x_wconf 91' lang='lat' dir='ltr'><em>in</em></span> <span class='ocrx_word' id='word_1_508' title='bbox 1602 4182 1775 4240; x_wconf 89' lang='lat' dir='ltr'><em>codd.</em></span> <span class='ocrx_word' id='word_1_509' title='bbox 1812 4195 1893 4239; x_wconf 88' lang='lat' dir='ltr'><em>est</em></span> 
     </span>
    </p>
   </div>
   <div class='ocr_carea' id='block_1_15' title="bbox 2655 2841 2804 2878">
    <p class='ocr_par' dir='ltr' id='par_1_18' title="bbox 2655 2841 2804 2878">
     <span class='ocr_line' id='line_1_67' title="bbox 2655 2841 2804 2878; baseline -0.007 0"><span class='ocrx_word' id='word_1_510' title='bbox 2655 2850 2661 2855; x_wconf 78' lang='grc'>’</span> <span class='ocrx_word' id='word_1_511' title='bbox 2715 2841 2804 2878; x_wconf 80' lang='lat'><em>12.</em></span> 
     </span>
    </p>
   </div>
   <div class='ocr_carea' id='block_1_16' title="bbox 1978 2960 3551 4257">
    <p class='ocr_par' dir='ltr' id='par_1_19' title="bbox 1978 2960 3551 4257">
     <span class='ocr_line' id='line_1_68' title="bbox 2064 2960 3544 3043; baseline 0.001 -25"><span class='ocrx_word' id='word_1_512' title='bbox 2064 2963 2437 3036; x_wconf 78' lang='lat' dir='ltr'><em>Harpocratio</em></span> <span class='ocrx_word' id='word_1_513' title='bbox 2480 2981 2495 3017; x_wconf 73' lang='grc' dir='ltr'>ε</span> <span class='ocrx_word' id='word_1_514' title='bbox 2535 2960 3044 3033; x_wconf 74' lang='grc' dir='ltr'>Σῖτοςκαλεῑταιὴ</span> <span class='ocrx_word' id='word_1_515' title='bbox 3066 2960 3306 3039; x_wconf 74' lang='grc' dir='ltr'>διδομένη</span> <span class='ocrx_word' id='word_1_516' title='bbox 3343 2960 3544 3043; x_wconf 86' lang='grc' dir='ltr'>πρόσο-</span> 
     </span>
     <span class='ocr_line' id='line_1_69' title="bbox 1986 3045 3541 3129; baseline 0.002 -24"><span class='ocrx_word' id='word_1_517' title='bbox 1986 3048 2070 3114; x_wconf 91' lang='grc' dir='ltr'><em>δος</em></span> <span class='ocrx_word' id='word_1_518' title='bbox 2102 3049 2174 3114; x_wconf 71' lang='grc' dir='ltr'><em>εἷς</em></span> <span class='ocrx_word' id='word_1_519' title='bbox 2201 3045 2395 3128; x_wconf 77' lang='grc' dir='ltr'>τροφὴν</span> <span class='ocrx_word' id='word_1_520' title='bbox 2435 3055 2551 3115; x_wconf 85' lang='grc' dir='ltr'>ταῖς</span> <span class='ocrx_word' id='word_1_521' title='bbox 2585 3045 2816 3128; x_wconf 78' lang='grc' dir='ltr'>γυναιξὶν</span> <span class='ocrx_word' id='word_1_522' title='bbox 2856 3045 2892 3119; x_wconf 78' lang='grc' dir='ltr'>ἢ</span> <span class='ocrx_word' id='word_1_523' title='bbox 2926 3057 3032 3116; x_wconf 88' lang='grc' dir='ltr'>τοῖς</span> <span class='ocrx_word' id='word_1_524' title='bbox 3078 3052 3348 3129; x_wconf 82' lang='grc' dir='ltr'>ὀρφανοῖς,</span> <span class='ocrx_word' id='word_1_525' title='bbox 3379 3054 3448 3118; x_wconf 78' lang='grc' dir='ltr'><em>ὥς</em></span> <span class='ocrx_word' id='word_1_526' title='bbox 3488 3047 3541 3117; x_wconf 77' lang='grc' dir='ltr'><em>ἐξ</em></span> 
     </span>
     <span class='ocr_line' id='line_1_70' title="bbox 1988 3133 3541 3213; baseline 0.003 -19"><span class='ocrx_word' id='word_1_527' title='bbox 1988 3135 2162 3194; x_wconf 75' lang='grc' dir='ltr'>ἄλλων</span> <span class='ocrx_word' id='word_1_528' title='bbox 2192 3138 2376 3213; x_wconf 84' lang='grc' dir='ltr'>μαθεῖν</span> <span class='ocrx_word' id='word_1_529' title='bbox 2414 3133 2525 3194; x_wconf 79' lang='grc' dir='ltr'>ἔστι</span> <span class='ocrx_word' id='word_1_530' title='bbox 2553 3136 2645 3194; x_wconf 81' lang='grc' dir='ltr'><em>καὶ</em></span> <span class='ocrx_word' id='word_1_531' title='bbox 2673 3139 2733 3195; x_wconf 79' lang='grc' dir='ltr'><em>ἐκ</em></span> <span class='ocrx_word' id='word_1_532' title='bbox 2758 3142 2849 3196; x_wconf 76' lang='grc' dir='ltr'>τοῦ</span> <span class='ocrx_word' id='word_1_533' title='bbox 2892 3136 3130 3205; x_wconf 83' lang='grc' dir='ltr'>Σόλωνος</span> <span class='ocrx_word' id='word_1_534' title='bbox 3171 3138 3224 3198; x_wconf 86' lang='grc' dir='ltr'><em>α’</em></span> <span class='ocrx_word' id='word_1_535' title='bbox 3253 3137 3426 3208; x_wconf 75' lang='grc' dir='ltr'>ἄξονος</span> <span class='ocrx_word' id='word_1_536' title='bbox 3451 3139 3541 3198; x_wconf 81' lang='grc' dir='ltr'><em>καὶ</em></span> 
     </span>
     <span class='ocr_line' id='line_1_71' title="bbox 1987 3220 3545 3303; baseline 0.003 -23"><span class='ocrx_word' id='word_1_537' title='bbox 1987 3224 2047 3281; x_wconf 85' lang='grc' dir='ltr'><em>ἐκ</em></span> <span class='ocrx_word' id='word_1_538' title='bbox 2090 3225 2183 3293; x_wconf 77' lang='grc' dir='ltr'><em>τῆς</em></span> <span class='ocrx_word' id='word_1_539' title='bbox 2224 3220 2609 3303; x_wconf 72' lang='grc' dir='ltr'>Ἀριστοτέλους</span> <span class='ocrx_word' id='word_1_540' title='bbox 2665 3222 2950 3297; x_wconf 82' lang='grc' dir='ltr'>Ἀθηναίων</span> <span class='ocrx_word' id='word_1_541' title='bbox 2995 3225 3278 3293; x_wconf 86' lang='grc' dir='ltr'>πολιτείας.</span> <span class='ocrx_word' id='word_1_542' title='bbox 3326 3228 3545 3285; x_wconf 80' lang='lat' dir='ltr'><em>Eadem</em></span> 
     </span>
     <span class='ocr_line' id='line_1_72' title="bbox 1986 3313 3551 3391; baseline 0.003 -24"><span class='ocrx_word' id='word_1_543' title='bbox 1986 3313 2235 3368; x_wconf 87' lang='lat' dir='ltr'><em>Photius.</em></span> <span class='ocrx_word' id='word_1_544' title='bbox 2257 3313 2384 3387; x_wconf 82' lang='lat' dir='ltr'><em>lpse</em></span> <span class='ocrx_word' id='word_1_545' title='bbox 2406 3313 2732 3370; x_wconf 84' lang='lat' dir='ltr'><em>Aristoteles</em></span> <span class='ocrx_word' id='word_1_546' title='bbox 2753 3313 2909 3370; x_wconf 84' lang='lat' dir='ltr'><em>haud</em></span> <span class='ocrx_word' id='word_1_547' title='bbox 2936 3314 3111 3372; x_wconf 89' lang='lat' dir='ltr'><em>dubie</em></span> <span class='ocrx_word' id='word_1_548' title='bbox 3140 3317 3289 3391; x_wconf 84' lang='lat' dir='ltr'><em>leges</em></span> <span class='ocrx_word' id='word_1_549' title='bbox 3315 3317 3551 3374; x_wconf 87' lang='lat' dir='ltr'><em>Solonis-</em></span> 
     </span>
     <span class='ocr_line' id='line_1_73' title="bbox 1986 3398 3541 3474; baseline 0.003 -20"><span class='ocrx_word' id='word_1_550' title='bbox 1986 3398 2189 3455; x_wconf 86' lang='lat' dir='ltr'><em>eodem</em></span> <span class='ocrx_word' id='word_1_551' title='bbox 2217 3399 2418 3456; x_wconf 88' lang='lat' dir='ltr'><em>ordine</em></span> <span class='ocrx_word' id='word_1_552' title='bbox 2443 3441 2460 3470; x_wconf 89' lang='lat'>‚</span> <span class='ocrx_word' id='word_1_553' title='bbox 2510 3419 2629 3474; x_wconf 89' lang='lat' dir='ltr'><em>quo</em></span> <span class='ocrx_word' id='word_1_554' title='bbox 2664 3402 2814 3457; x_wconf 88' lang='lat' dir='ltr'><em>inter</em></span> <span class='ocrx_word' id='word_1_555' title='bbox 2852 3402 3179 3458; x_wconf 82' lang='lat' dir='ltr'><em>columellas</em></span> <span class='ocrx_word' id='word_1_556' title='bbox 3222 3402 3541 3459; x_wconf 75' lang='lat' dir='ltr'><em>distributae</em></span> 
     </span>
     <span class='ocr_line' id='line_1_74' title="bbox 1986 3488 3535 3565; baseline 0.003 -23"><span class='ocrx_word' id='word_1_557' title='bbox 1986 3496 2146 3543; x_wconf 86' lang='lat' dir='ltr'><em>erant</em></span> <span class='ocrx_word' id='word_1_558' title='bbox 2166 3527 2183 3557; x_wconf 90' lang='lat'>‚</span> <span class='ocrx_word' id='word_1_559' title='bbox 2214 3488 2431 3561; x_wconf 83' lang='lat' dir='ltr'><em>inRep.</em></span> <span class='ocrx_word' id='word_1_560' title='bbox 2455 3489 2664 3545; x_wconf 85' lang='lat' dir='ltr'><em>Athen.</em></span> <span class='ocrx_word' id='word_1_561' title='bbox 2690 3500 3062 3546; x_wconf 87' lang='lat' dir='ltr'><em>recensuerat.</em></span> <span class='ocrx_word' id='word_1_562' title='bbox 3092 3492 3419 3563; x_wconf 76' lang='lat' dir='ltr'><em>Anonymus</em></span> <span class='ocrx_word' id='word_1_563' title='bbox 3445 3509 3535 3565; x_wconf 91' lang='lat' dir='ltr'><em>ap.</em></span> 
     </span>
     <span class='ocr_line' id='line_1_75' title="bbox 1985 3572 3548 3654; baseline 0.003 -27"><span class='ocrx_word' id='word_1_564' title='bbox 1985 3573 2307 3648; x_wconf 81' lang='lat' dir='ltr'><em>Menagium</em></span> <span class='ocrx_word' id='word_1_565' title='bbox 2318 3573 2465 3629; x_wconf 88' lang='lat' dir='ltr'><em>inter</em></span> <span class='ocrx_word' id='word_1_566' title='bbox 2477 3575 2684 3648; x_wconf 79' lang='lat' dir='ltr'><em>scripta</em></span> <span class='ocrx_word' id='word_1_567' title='bbox 2700 3575 3013 3632; x_wconf 82' lang='lat' dir='ltr'><em>Aristotelis</em></span> <span class='ocrx_word' id='word_1_568' title='bbox 3024 3585 3276 3631; x_wconf 89' lang='lat' dir='ltr'><em>recenset</em></span> <span class='ocrx_word' id='word_1_569' title='bbox 3289 3572 3422 3654; x_wconf 78' lang='grc' dir='ltr'>Περὶ</span> <span class='ocrx_word' id='word_1_570' title='bbox 3438 3576 3548 3632; x_wconf 72' lang='grc' dir='ltr'><em>τῶν</em></span> 
     </span>
     <span class='ocr_line' id='line_1_76' title="bbox 1988 3656 3531 3737; baseline 0.002 -20"><span class='ocrx_word' id='word_1_571' title='bbox 1988 3656 2224 3718; x_wconf 84' lang='grc' dir='ltr'>Σόλωνος</span> <span class='ocrx_word' id='word_1_572' title='bbox 2256 3656 2448 3726; x_wconf 81' lang='grc' dir='ltr'>ἀξόνων</span> <span class='ocrx_word' id='word_1_573' title='bbox 2478 3657 2540 3720; x_wconf 84' lang='grc' dir='ltr'><em>ε’.</em></span> <span class='ocrx_word' id='word_1_574' title='bbox 2566 3663 2870 3736; x_wconf 84' lang='lat' dir='ltr'><em>Perperam</em></span> <span class='ocrx_word' id='word_1_575' title='bbox 2883 3704 2900 3732; x_wconf 89' lang='lat'>‚</span> <span class='ocrx_word' id='word_1_576' title='bbox 2922 3673 3089 3737; x_wconf 89' lang='lat' dir='ltr'><em>puto.</em></span> <span class='ocrx_word' id='word_1_577' title='bbox 3120 3663 3375 3719; x_wconf 77' lang='lat' dir='ltr'><em>Fortasse</em></span> <span class='ocrx_word' id='word_1_578' title='bbox 3407 3665 3531 3720; x_wconf 85' lang='lat' dir='ltr'><em>Ari·</em></span> 
     </span>
     <span class='ocr_line' id='line_1_77' title="bbox 1984 3746 3547 3825; baseline 0.001 -21"><span class='ocrx_word' id='word_1_579' title='bbox 1984 3746 2171 3804; x_wconf 83' lang='lat' dir='ltr'><em>stoteli</em></span> <span class='ocrx_word' id='word_1_580' title='bbox 2212 3748 2414 3804; x_wconf 86' lang='lat' dir='ltr'><em>tribuit</em></span> <span class='ocrx_word' id='word_1_581' title='bbox 2463 3767 2607 3824; x_wconf 87' lang='lat' dir='ltr'><em>opus</em></span> <span class='ocrx_word' id='word_1_582' title='bbox 2660 3749 3035 3823; x_wconf 79' lang='lat' dir='ltr'><em>Asclepiadis,</em></span> <span class='ocrx_word' id='word_1_583' title='bbox 3084 3751 3183 3823; x_wconf 91' lang='lat' dir='ltr'><em>qui</em></span> <span class='ocrx_word' id='word_1_584' title='bbox 3249 3752 3547 3825; x_wconf 85' lang='lat' dir='ltr'><em>scripserat</em></span> 
     </span>
     <span class='ocr_line' id='line_1_78' title="bbox 1984 3830 3540 3915; baseline 0.001 -23"><span class='ocrx_word' id='word_1_585' title='bbox 1984 3830 2201 3900; x_wconf 80' lang='grc' dir='ltr'>Ἀξόνων</span> <span class='ocrx_word' id='word_1_586' title='bbox 2232 3833 2512 3910; x_wconf 77' lang='grc' dir='ltr'>ἐξηγητικά</span> <span class='ocrx_word' id='word_1_587' title='bbox 2550 3836 2764 3914; x_wconf 78' lang='lat' dir='ltr'><em>(Etym.</em></span> <span class='ocrx_word' id='word_1_588' title='bbox 2792 3835 2944 3894; x_wconf 84' lang='lat' dir='ltr'><em>Gud.</em></span> <span class='ocrx_word' id='word_1_589' title='bbox 2985 3855 3045 3911; x_wconf 86' lang='lat' dir='ltr'><em>p.</em></span> <span class='ocrx_word' id='word_1_590' title='bbox 3098 3835 3246 3908; x_wconf 85' lang='lat'>355,</span> <span class='ocrx_word' id='word_1_591' title='bbox 3288 3834 3422 3915; x_wconf 74' lang='grc'><strong>40),</strong></span> <span class='ocrx_word' id='word_1_592' title='bbox 3450 3839 3540 3894; x_wconf 80' lang='lat' dir='ltr'><em>vel</em></span> 
     </span>
     <span class='ocr_line' id='line_1_79' title="bbox 1984 3918 3543 4000; baseline 0.003 -22"><span class='ocrx_word' id='word_1_593' title='bbox 1984 3920 2236 3995; x_wconf 75' lang='lat' dir='ltr'><em>Didymi,</em></span> <span class='ocrx_word' id='word_1_594' title='bbox 2259 3922 2416 3995; x_wconf 87' lang='lat' dir='ltr'><em>cujus</em></span> <span class='ocrx_word' id='word_1_595' title='bbox 2430 3923 2693 3980; x_wconf 83' lang='lat' dir='ltr'><em>laudatur</em></span> <span class='ocrx_word' id='word_1_596' title='bbox 2707 3919 2845 4000; x_wconf 71' lang='grc' dir='ltr'>Περὶ</span> <span class='ocrx_word' id='word_1_597' title='bbox 2863 3924 2966 3980; x_wconf 81' lang='grc' dir='ltr'><em>τῶν</em></span> <span class='ocrx_word' id='word_1_598' title='bbox 2982 3918 3172 3991; x_wconf 80' lang='grc' dir='ltr'>ἀξόνων</span> <span class='ocrx_word' id='word_1_599' title='bbox 3188 3927 3282 3980; x_wconf 78' lang='grc' dir='ltr'>τοῦ</span> <span class='ocrx_word' id='word_1_600' title='bbox 3306 3922 3543 3988; x_wconf 84' lang='grc' dir='ltr'>Σόλωνος</span> 
     </span>
     <span class='ocr_line' id='line_1_80' title="bbox 1986 4005 3538 4087; baseline 0.003 -23"><span class='ocrx_word' id='word_1_601' title='bbox 1986 4005 2276 4087; x_wconf 78' lang='grc' dir='ltr'>ἀντιγραφὴ</span> <span class='ocrx_word' id='word_1_602' title='bbox 2325 4006 2455 4087; x_wconf 81' lang='grc' dir='ltr'>πρὸς</span> <span class='ocrx_word' id='word_1_603' title='bbox 2514 4008 2902 4081; x_wconf 78' lang='grc' dir='ltr'>Ἀσκληπιάδην</span> <span class='ocrx_word' id='word_1_604' title='bbox 2953 4010 3277 4086; x_wconf 85' lang='lat' dir='ltr'><em>(Plutarch.</em></span> <span class='ocrx_word' id='word_1_605' title='bbox 3344 4013 3538 4069; x_wconf 87' lang='lat' dir='ltr'><em>Solon.</em></span> 
     </span>
     <span class='ocr_line' id='line_1_81' title="bbox 1984 4092 3540 4173; baseline 0.003 -21"><span class='ocrx_word' id='word_1_606' title='bbox 1984 4115 2034 4153; x_wconf 89' lang='lat' dir='ltr'><em>c.</em></span> <span class='ocrx_word' id='word_1_607' title='bbox 2066 4092 2148 4172; x_wconf 84' lang='lat'><em>1).</em></span> <span class='ocrx_word' id='word_1_608' title='bbox 2187 4099 2273 4153; x_wconf 90' lang='lat' dir='ltr'><em>De</em></span> <span class='ocrx_word' id='word_1_609' title='bbox 2302 4116 2366 4153; x_wconf 90' lang='lat' dir='ltr'><em>re</em></span> <span class='ocrx_word' id='word_1_610' title='bbox 2405 4097 2478 4156; x_wconf 87' lang='lat' dir='ltr'><em>cs.</em></span> <span class='ocrx_word' id='word_1_611' title='bbox 2507 4098 2863 4157; x_wconf 83' lang='lat' dir='ltr'><em>Schoemann.</em></span> <span class='ocrx_word' id='word_1_612' title='bbox 2894 4097 2936 4156; x_wconf 93' lang='lat' dir='ltr'><em>l.</em></span> <span class='ocrx_word' id='word_1_613' title='bbox 2969 4099 3009 4156; x_wconf 94' lang='lat' dir='ltr'><em>l.</em></span> <span class='ocrx_word' id='word_1_614' title='bbox 3036 4117 3094 4173; x_wconf 86' lang='lat' dir='ltr'><em>p.</em></span> <span class='ocrx_word' id='word_1_615' title='bbox 3124 4096 3255 4173; x_wconf 88' lang='lat'><strong>309.</strong></span> <span class='ocrx_word' id='word_1_616' title='bbox 3280 4099 3451 4155; x_wconf 87' lang='lat' dir='ltr'><em>Aliud</em></span> <span class='ocrx_word' id='word_1_617' title='bbox 3470 4118 3540 4156; x_wconf 80' lang='lat' dir='ltr'><em>ex</em></span> 
     </span>
     <span class='ocr_line' id='line_1_82' title="bbox 1978 4182 3538 4257; baseline 0.004 -21"><span class='ocrx_word' id='word_1_618' title='bbox 1978 4188 2171 4257; x_wconf 85' lang='lat' dir='ltr'><em>prima</em></span> <span class='ocrx_word' id='word_1_619' title='bbox 2193 4183 2381 4240; x_wconf 86' lang='lat' dir='ltr'><em>tabula</em></span> <span class='ocrx_word' id='word_1_620' title='bbox 2404 4185 2627 4242; x_wconf 90' lang='lat' dir='ltr'><em>Solonis</em></span> <span class='ocrx_word' id='word_1_621' title='bbox 2660 4184 2824 4241; x_wconf 78' lang='lat' dir='ltr'><em>affert</em></span> <span class='ocrx_word' id='word_1_622' title='bbox 2850 4182 3136 4241; x_wconf 86' lang='lat' dir='ltr'><em>Plutarch.</em></span> <span class='ocrx_word' id='word_1_623' title='bbox 3151 4185 3267 4240; x_wconf 88' lang='lat' dir='ltr'><em>Sol.</em></span> <span class='ocrx_word' id='word_1_624' title='bbox 3291 4202 3343 4242; x_wconf 88' lang='lat' dir='ltr'><em>c.</em></span> <span class='ocrx_word' id='word_1_625' title='bbox 3364 4189 3435 4249; x_wconf 68' lang='lat' dir='ltr'><em>al.</em></span> <span class='ocrx_word' id='word_1_626' title='bbox 3469 4204 3538 4242; x_wconf 84' lang='lat' dir='ltr'><em>ex</em></span> 
     </span>
    </p>
   </div>
   <div class='ocr_carea' id='block_1_17' title="bbox 341 4268 2845 4346">
    <p class='ocr_par' dir='ltr' id='par_1_20' title="bbox 341 4268 2845 4346">
     <span class='ocr_line' id='line_1_83' title="bbox 341 4268 2845 4346; baseline 0 -19"><span class='ocrx_word' id='word_1_627' title='bbox 341 4268 658 4345; x_wconf 81' lang='grc' dir='ltr'>Θεόπομπος</span> <span class='ocrx_word' id='word_1_628' title='bbox 673 4313 688 4340; x_wconf 90' lang='grc'>,</span> <span class='ocrx_word' id='word_1_629' title='bbox 717 4270 874 4344; x_wconf 86' lang='lat' dir='ltr'><em>quod</em></span> <span class='ocrx_word' id='word_1_630' title='bbox 895 4271 1138 4327; x_wconf 87' lang='lat' dir='ltr'><em>correxit</em></span> <span class='ocrx_word' id='word_1_631' title='bbox 1163 4269 1467 4326; x_wconf 84' lang='lat' dir='ltr'><em>Ruhnken.</em></span> <span class='ocrx_word' id='word_1_632' title='bbox 1495 4270 1638 4327; x_wconf 86' lang='lat' dir='ltr'><em>Hist.</em></span> <span class='ocrx_word' id='word_1_633' title='bbox 1659 4270 1784 4328; x_wconf 85' lang='lat' dir='ltr'><em>crit.</em></span> <span class='ocrx_word' id='word_1_634' title='bbox 1806 4288 1890 4324; x_wconf 81' lang='lat' dir='ltr'><em>or.</em></span> <span class='ocrx_word' id='word_1_635' title='bbox 1986 4269 2213 4341; x_wconf 87' lang='lat' dir='ltr'><em>eodem,</em></span> <span class='ocrx_word' id='word_1_636' title='bbox 2233 4273 2506 4346; x_wconf 86' lang='lat' dir='ltr'><em>suspicor,</em></span> <span class='ocrx_word' id='word_1_637' title='bbox 2524 4272 2845 4333; x_wconf 81' lang='lat' dir='ltr'><em>Aristotele.</em></span> 
     </span>
    </p>
   </div>
   <div class='ocr_carea' id='block_1_18' title="bbox 1079 4442 1164 4492">
    <p class='ocr_par' dir='ltr' id='par_1_21' title="bbox 1079 4442 1164 4492">
     <span class='ocr_line' id='line_1_84' title="bbox 1079 4442 1164 4492; baseline -0.012 0"><span class='ocrx_word' id='word_1_638' title='bbox 1079 4442 1164 4492; x_wconf 92' lang='grc'><em>11.</em></span> 
     </span>
    </p>
   </div>
   <div class='ocr_carea' id='block_1_19' title="bbox 1986 4436 3535 4500">
    <p class='ocr_par' dir='ltr' id='par_1_22' title="bbox 1986 4436 3535 4500">
     <span class='ocr_line' id='line_1_85' title="bbox 1986 4436 3535 4500; baseline 0.001 -13"><span class='ocrx_word' id='word_1_639' title='bbox 1986 4437 2262 4487; x_wconf 86' lang='lat' dir='ltr'><em>Secundum</em></span> <span class='ocrx_word' id='word_1_640' title='bbox 2282 4437 2542 4487; x_wconf 82' lang='lat' dir='ltr'><em>nonnullos</em></span> <span class='ocrx_word' id='word_1_641' title='bbox 2564 4441 2702 4488; x_wconf 81' lang='lat' dir='ltr'><em>erant</em></span> <span class='ocrx_word' id='word_1_642' title='bbox 2723 4451 2841 4489; x_wconf 79' lang='lat' dir='ltr'><em>axes</em></span> <span class='ocrx_word' id='word_1_643' title='bbox 2870 4437 3124 4500; x_wconf 81' lang='lat' dir='ltr'><em>trianguli,</em></span> <span class='ocrx_word' id='word_1_644' title='bbox 3149 4436 3201 4486; x_wconf 88' lang='lat' dir='ltr'><em>in</em></span> <span class='ocrx_word' id='word_1_645' title='bbox 3222 4437 3396 4500; x_wconf 83' lang='lat' dir='ltr'><em>quihus</em></span> <span class='ocrx_word' id='word_1_646' title='bbox 3416 4438 3535 4488; x_wconf 80' lang='lat' dir='ltr'><em>scri-</em></span> 
     </span>
    </p>
   </div>
   <div class='ocr_carea' id='block_1_20' title="bbox 342 4514 3538 4745">
    <p class='ocr_par' dir='ltr' id='par_1_23' title="bbox 342 4514 3538 4745">
     <span class='ocr_line' id='line_1_86' title="bbox 406 4514 3538 4588; baseline -0.003 -13"><span class='ocrx_word' id='word_1_647' title='bbox 406 4525 610 4588; x_wconf 78' lang='lat' dir='ltr'><em>Legibus</em></span> <span class='ocrx_word' id='word_1_648' title='bbox 625 4524 724 4575; x_wconf 83' lang='lat' dir='ltr'><em>suis</em></span> <span class='ocrx_word' id='word_1_649' title='bbox 748 4525 971 4574; x_wconf 84' lang='lat' dir='ltr'><em>omnibus</em></span> <span class='ocrx_word' id='word_1_650' title='bbox 988 4525 1131 4574; x_wconf 84' lang='lat' dir='ltr'><em>solon</em></span> <span class='ocrx_word' id='word_1_651' title='bbox 1155 4523 1492 4573; x_wconf 83' lang='lat' dir='ltr'><em>auctoritatem</em></span> <span class='ocrx_word' id='word_1_652' title='bbox 1514 4522 1563 4572; x_wconf 83' lang='lat' dir='ltr'><em>in</em></span> <span class='ocrx_word' id='word_1_653' title='bbox 1580 4523 1776 4573; x_wconf 84' lang='lat' dir='ltr'><em>centum</em></span> <span class='ocrx_word' id='word_1_654' title='bbox 1794 4535 1899 4573; x_wconf 79' lang='lat' dir='ltr'><em>esse</em></span> <span class='ocrx_word' id='word_1_655' title='bbox 1986 4517 2082 4577; x_wconf 62' lang='grc' dir='ltr'><em>βίω</em></span> <span class='ocrx_word' id='word_1_656' title='bbox 2107 4517 2248 4565; x_wconf 71' lang='lat' dir='ltr'><em>erant</em></span> <span class='ocrx_word' id='word_1_657' title='bbox 2265 4514 2393 4578; x_wconf 71' lang='lat' dir='ltr'><em>leges</em></span> <span class='ocrx_word' id='word_1_658' title='bbox 2409 4514 2574 4565; x_wconf 73' lang='lat' dir='ltr'><em>civiles</em></span> <span class='ocrx_word' id='word_1_659' title='bbox 2593 4517 2644 4565; x_wconf 76' lang='lat' dir='ltr'><em>et</em></span> <span class='ocrx_word' id='word_1_660' title='bbox 2673 4528 2784 4578; x_wconf 75' lang='lat' dir='ltr'><em>quoe</em></span> <span class='ocrx_word' id='word_1_661' title='bbox 2800 4515 2863 4565; x_wconf 72' lang='lat' dir='ltr'><em>ad</em></span> <span class='ocrx_word' id='word_1_662' title='bbox 2886 4514 3271 4577; x_wconf 76' lang='lat' dir='ltr'><em>procurationem</em></span> <span class='ocrx_word' id='word_1_663' title='bbox 3288 4526 3538 4565; x_wconf 73' lang='lat' dir='ltr'><em>sacrorum</em></span> 
     </span>
     <span class='ocr_line' id='line_1_87' title="bbox 342 4593 3537 4667; baseline -0.003 -11"><span class='ocrx_word' id='word_1_664' title='bbox 342 4618 498 4656; x_wconf 83' lang='lat' dir='ltr'><em>annos</em></span> <span class='ocrx_word' id='word_1_665' title='bbox 515 4604 698 4666; x_wconf 77' lang='lat' dir='ltr'><em>voluit,</em></span> <span class='ocrx_word' id='word_1_666' title='bbox 725 4605 936 4667; x_wconf 85' lang='lat' dir='ltr'><em>suntque</em></span> <span class='ocrx_word' id='word_1_667' title='bbox 959 4603 1202 4667; x_wconf 58' lang='lat' dir='ltr'><em>inscriptas</em></span> <span class='ocrx_word' id='word_1_668' title='bbox 1218 4601 1385 4666; x_wconf 80' lang='lat' dir='ltr'><em>ligneis</em></span> <span class='ocrx_word' id='word_1_669' title='bbox 1405 4601 1612 4662; x_wconf 80' lang='lat' dir='ltr'><em>tabulis,</em></span> <span class='ocrx_word' id='word_1_670' title='bbox 1636 4601 1722 4664; x_wconf 81' lang='lat' dir='ltr'><em>qui</em></span> <span class='ocrx_word' id='word_1_671' title='bbox 1744 4601 1898 4658; x_wconf 69' lang='grc' dir='ltr'>ἄξονες</span> <span class='ocrx_word' id='word_1_672' title='bbox 1985 4593 2292 4656; x_wconf 82' lang='lat' dir='ltr'><em>publicorum</em></span> <span class='ocrx_word' id='word_1_673' title='bbox 2311 4594 2552 4657; x_wconf 82' lang='lat' dir='ltr'><em>pertinent</em></span> <span class='ocrx_word' id='word_1_674' title='bbox 2571 4593 2733 4656; x_wconf 84' lang='lat' dir='ltr'><em>(sicuti</em></span> <span class='ocrx_word' id='word_1_675' title='bbox 2751 4593 2898 4643; x_wconf 81' lang='lat' dir='ltr'><em>etiam</em></span> <span class='ocrx_word' id='word_1_676' title='bbox 2919 4593 3193 4644; x_wconf 73' lang='lat' dir='ltr'><em>Aristoteles</em></span> <span class='ocrx_word' id='word_1_677' title='bbox 3210 4593 3260 4643; x_wconf 85' lang='lat' dir='ltr'><em>in</em></span> <span class='ocrx_word' id='word_1_678' title='bbox 3277 4593 3537 4645; x_wconf 78' lang='lat' dir='ltr'><em>Athenien-</em></span> 
     </span>
     <span class='ocr_line' id='line_1_88' title="bbox 343 4669 2927 4745; baseline -0.005 -13"><span class='ocrx_word' id='word_1_679' title='bbox 343 4683 489 4743; x_wconf 84' lang='lat' dir='ltr'><em>dicti‚</em></span> <span class='ocrx_word' id='word_1_680' title='bbox 511 4680 851 4745; x_wconf 73' lang='lat' dir='ltr'><em>quadrangulis</em></span> <span class='ocrx_word' id='word_1_681' title='bbox 870 4679 1037 4743; x_wconf 82' lang='lat' dir='ltr'><em>ligneis</em></span> <span class='ocrx_word' id='word_1_682' title='bbox 1055 4678 1222 4730; x_wconf 83' lang='lat' dir='ltr'><em>inserti</em></span> <span class='ocrx_word' id='word_1_683' title='bbox 1239 4680 1609 4740; x_wconf 79' lang='lat' dir='ltr'><em>convertuntur,</em></span> <span class='ocrx_word' id='word_1_684' title='bbox 1629 4689 1895 4741; x_wconf 86' lang='lat' dir='ltr'><em>eorumque</em></span> <span class='ocrx_word' id='word_1_685' title='bbox 1982 4672 2110 4727; x_wconf 80' lang='lat' dir='ltr'><em>sium</em></span> <span class='ocrx_word' id='word_1_686' title='bbox 2132 4684 2233 4734; x_wconf 80' lang='lat' dir='ltr'><em>rep.</em></span> <span class='ocrx_word' id='word_1_687' title='bbox 2265 4674 2316 4721; x_wconf 85' lang='lat' dir='ltr'><em>et</em></span> <span class='ocrx_word' id='word_1_688' title='bbox 2341 4670 2653 4735; x_wconf 76' lang='lat' dir='ltr'><em>Apollodorus</em></span> <span class='ocrx_word' id='word_1_689' title='bbox 2676 4669 2927 4734; x_wconf 79' lang='lat' dir='ltr'><em>tradunt).</em></span> 
     </span>
    </p>
   </div>
   <div class='ocr_carea' id='block_1_21' title="bbox 345 4756 1896 4821">
    <p class='ocr_par' dir='ltr' id='par_1_24' title="bbox 345 4756 1896 4821">
     <span class='ocr_line' id='line_1_89' title="bbox 345 4756 1896 4821; baseline -0.005 -10"><span class='ocrx_word' id='word_1_690' title='bbox 345 4762 609 4812; x_wconf 80' lang='lat' dir='ltr'><em>etiamnum</em></span> <span class='ocrx_word' id='word_1_691' title='bbox 664 4757 880 4820; x_wconf 74' lang='lat' dir='ltr'><em>renquiae</em></span> <span class='ocrx_word' id='word_1_692' title='bbox 919 4756 1142 4821; x_wconf 81' lang='lat' dir='ltr'><em>quoedam</em></span> <span class='ocrx_word' id='word_1_693' title='bbox 1177 4757 1229 4806; x_wconf 85' lang='lat' dir='ltr'><em>iu</em></span> <span class='ocrx_word' id='word_1_694' title='bbox 1283 4759 1524 4819; x_wconf 74' lang='lat' dir='ltr'><em>Prytaneo</em></span> <span class='ocrx_word' id='word_1_695' title='bbox 1571 4757 1896 4806; x_wconf 79' lang='lat' dir='ltr'><em>asservantur.</em></span> 
     </span>
    </p>
   </div>
   <div class='ocr_carea' id='block_1_22' title="bbox 2047 4745 3534 4811">
    <p class='ocr_par' dir='ltr' id='par_1_25' title="bbox 2047 4745 3534 4811">
     <span class='ocr_line' id='line_1_90' title="bbox 2047 4745 3534 4811; baseline -0.002 -13"><span class='ocrx_word' id='word_1_696' title='bbox 2047 4747 2321 4799; x_wconf 76' lang='lat' dir='ltr'><em>Aristoteles</em></span> <span class='ocrx_word' id='word_1_697' title='bbox 2350 4746 2400 4796; x_wconf 89' lang='lat' dir='ltr'><em>in</em></span> <span class='ocrx_word' id='word_1_698' title='bbox 2431 4749 2551 4810; x_wconf 85' lang='lat' dir='ltr'><em>Rep.</em></span> <span class='ocrx_word' id='word_1_699' title='bbox 2578 4746 2937 4797; x_wconf 75' lang='lat' dir='ltr'><em>Atheniensium</em></span> <span class='ocrx_word' id='word_1_700' title='bbox 2973 4745 3077 4796; x_wconf 83' lang='lat' dir='ltr'><em>ait:</em></span> <span class='ocrx_word' id='word_1_701' title='bbox 3103 4748 3254 4808; x_wconf 80' lang='lat' dir='ltr'><em>Leges</em></span> <span class='ocrx_word' id='word_1_702' title='bbox 3278 4745 3534 4811; x_wconf 72' lang='lat' dir='ltr'><em>insci-ipae-</em></span> 
     </span>
    </p>
   </div>
   <div class='ocr_carea' id='block_1_23' title="bbox 347 4819 3301 4902">
    <p class='ocr_par' dir='ltr' id='par_1_26' title="bbox 347 4819 3301 4902">
     <span class='ocr_line' id='line_1_91' title="bbox 347 4819 3301 4902; baseline -0.005 -11"><span class='ocrx_word' id='word_1_703' title='bbox 347 4839 629 4892; x_wconf 75' lang='lat' dir='ltr'><em>Aristoteies</em></span> <span class='ocrx_word' id='word_1_704' title='bbox 662 4838 842 4902; x_wconf 72' lang='grc' dir='ltr'>κύρδεις</span> <span class='ocrx_word' id='word_1_705' title='bbox 874 4836 1234 4899; x_wconf 78' lang='lat' dir='ltr'><em>cognominatos</em></span> <span class='ocrx_word' id='word_1_706' title='bbox 1270 4847 1375 4885; x_wconf 60' lang='lat' dir='ltr'><em>me</em></span> <span class='ocrx_word' id='word_1_707' title='bbox 1409 4838 1578 4886; x_wconf 83' lang='lat' dir='ltr'><em>auctor</em></span> <span class='ocrx_word' id='word_1_708' title='bbox 1599 4837 1728 4886; x_wconf 81' lang='lat' dir='ltr'><em>est...</em></span> <span class='ocrx_word' id='word_1_709' title='bbox 1767 4838 1898 4885; x_wconf 83' lang='lat' dir='ltr'><em>Non·</em></span> <span class='ocrx_word' id='word_1_710' title='bbox 1987 4826 2101 4874; x_wconf 72' lang='lat' dir='ltr'><em>runt</em></span> <span class='ocrx_word' id='word_1_711' title='bbox 2118 4823 2371 4888; x_wconf 74' lang='lat' dir='ltr'><em>cyrbibus,</em></span> <span class='ocrx_word' id='word_1_712' title='bbox 2390 4819 2839 4887; x_wconf 75' lang='lat' dir='ltr'><em>quos&#39;couocsmnt</em></span> <span class='ocrx_word' id='word_1_713' title='bbox 2860 4821 2910 4872; x_wconf 88' lang='lat' dir='ltr'><em>in</em></span> <span class='ocrx_word' id='word_1_714' title='bbox 2936 4822 3126 4886; x_wconf 84' lang='lat' dir='ltr'><em>porticu</em></span> <span class='ocrx_word' id='word_1_715' title='bbox 3154 4822 3301 4886; x_wconf 74' lang='lat' dir='ltr'><em>regia.</em></span> 
     </span>
    </p>
   </div>
   <div class='ocr_carea' id='block_1_24' title="bbox 345 4912 1898 5140">
    <p class='ocr_par' dir='ltr' id='par_1_27' title="bbox 345 4912 1898 5140">
     <span class='ocr_line' id='line_1_92' title="bbox 348 4912 1898 4979; baseline -0.003 -11"><span class='ocrx_word' id='word_1_716' title='bbox 348 4918 471 4969; x_wconf 88' lang='lat' dir='ltr'><em>nulli</em></span> <span class='ocrx_word' id='word_1_717' title='bbox 501 4929 714 4967; x_wconf 74' lang='lat' dir='ltr'><em>seorsum</em></span> <span class='ocrx_word' id='word_1_718' title='bbox 749 4916 919 4979; x_wconf 75' lang='lat' dir='ltr'><em>cythes</em></span> <span class='ocrx_word' id='word_1_719' title='bbox 938 4915 1136 4964; x_wconf 74' lang='lat' dir='ltr'><em>voeatos</em></span> <span class='ocrx_word' id='word_1_720' title='bbox 1155 4912 1352 4974; x_wconf 86' lang='lat' dir='ltr'><em>dicunt,</em></span> <span class='ocrx_word' id='word_1_721' title='bbox 1386 4912 1565 4977; x_wconf 82' lang='lat' dir='ltr'><em>quibus</em></span> <span class='ocrx_word' id='word_1_722' title='bbox 1586 4912 1898 4964; x_wconf 80' lang='lat' dir='ltr'><em>contineban-</em></span> 
     </span>
     <span class='ocr_line' id='line_1_93' title="bbox 345 4990 1890 5060; baseline -0.005 -12"><span class='ocrx_word' id='word_1_723' title='bbox 345 5001 430 5048; x_wconf 85' lang='lat' dir='ltr'><em>tur</em></span> <span class='ocrx_word' id='word_1_724' title='bbox 451 4997 575 5060; x_wconf 73' lang='lat' dir='ltr'><em>leges</em></span> <span class='ocrx_word' id='word_1_725' title='bbox 596 5007 841 5046; x_wconf 77' lang='lat' dir='ltr'><em>sacrorum</em></span> <span class='ocrx_word' id='word_1_726' title='bbox 858 4997 908 5044; x_wconf 86' lang='lat' dir='ltr'><em>et</em></span> <span class='ocrx_word' id='word_1_727' title='bbox 935 4990 1302 5052; x_wconf 79' lang='lat' dir='ltr'><em>sacrificiorum,</em></span> <span class='ocrx_word' id='word_1_728' title='bbox 1324 4994 1507 5043; x_wconf 78' lang='lat' dir='ltr'><em>ceteras</em></span> <span class='ocrx_word' id='word_1_729' title='bbox 1538 5004 1719 5043; x_wconf 82' lang='lat' dir='ltr'><em>axones</em></span> <span class='ocrx_word' id='word_1_730' title='bbox 1741 4992 1890 5042; x_wconf 76' lang='lat' dir='ltr'><em>ruisse</em></span> 
     </span>
     <span class='ocr_line' id='line_1_94' title="bbox 352 5076 629 5140; baseline 0 -15"><span class='ocrx_word' id='word_1_731' title='bbox 352 5076 629 5140; x_wconf 71' lang='lat' dir='ltr'><em>appellatas.</em></span> 
     </span>
    </p>
   </div>
   <div class='ocr_carea' id='block_1_25' title="bbox 2722 4907 2808 4957">
    <p class='ocr_par' dir='ltr' id='par_1_28' title="bbox 2722 4907 2808 4957">
     <span class='ocr_line' id='line_1_95' title="bbox 2722 4907 2808 4957; baseline 0 0"><span class='ocrx_word' id='word_1_732' title='bbox 2722 4907 2808 4957; x_wconf 79' lang='lat'><em>12.</em></span> 
     </span>
    </p>
   </div>
   <div class='ocr_carea' id='block_1_26' title="bbox 1986 4986 3533 5132">
    <p class='ocr_par' dir='ltr' id='par_1_29' title="bbox 1986 4986 3533 5132">
     <span class='ocr_line' id='line_1_96' title="bbox 2050 4986 3533 5051; baseline 0 -11"><span class='ocrx_word' id='word_1_733' title='bbox 2050 4992 2180 5046; x_wconf 81' lang='grc' dir='ltr'>Σῖτος</span> <span class='ocrx_word' id='word_1_734' title='bbox 2213 4990 2415 5039; x_wconf 76' lang='lat' dir='ltr'><em>vocatur</em></span> <span class='ocrx_word' id='word_1_735' title='bbox 2436 4988 2634 5039; x_wconf 69' lang='lat' dir='ltr'><em>⁴reditus</em></span> <span class='ocrx_word' id='word_1_736' title='bbox 2664 4989 2750 5051; x_wconf 86' lang='lat' dir='ltr'><em>qui</em></span> <span class='ocrx_word' id='word_1_737' title='bbox 2781 4986 2845 5038; x_wconf 84' lang='lat' dir='ltr'><em>ad</em></span> <span class='ocrx_word' id='word_1_738' title='bbox 2875 4987 3109 5038; x_wconf 81' lang='lat' dir='ltr'><em>alimenta</em></span> <span class='ocrx_word' id='word_1_739' title='bbox 3145 4987 3429 5040; x_wconf 84' lang='lat' dir='ltr'><em>mulieribus</em></span> <span class='ocrx_word' id='word_1_740' title='bbox 3456 4989 3533 5041; x_wconf 80' lang='lat' dir='ltr'><em>vei</em></span> 
     </span>
     <span class='ocr_line' id='line_1_97' title="bbox 1986 5065 3532 5132; baseline 0.001 -15"><span class='ocrx_word' id='word_1_741' title='bbox 1986 5067 2180 5132; x_wconf 82' lang='lat' dir='ltr'><em>pupillis</em></span> <span class='ocrx_word' id='word_1_742' title='bbox 2205 5065 2467 5130; x_wconf 77' lang='lat' dir='ltr'><em>praebetur,</em></span> <span class='ocrx_word' id='word_1_743' title='bbox 2500 5065 2633 5128; x_wconf 86' lang='lat' dir='ltr'><em>quod</em></span> <span class='ocrx_word' id='word_1_744' title='bbox 2662 5068 2769 5115; x_wconf 87' lang='lat' dir='ltr'><em>tum</em></span> <span class='ocrx_word' id='word_1_745' title='bbox 2793 5079 2855 5115; x_wconf 81' lang='lat' dir='ltr'><em>ex</em></span> <span class='ocrx_word' id='word_1_746' title='bbox 2889 5065 2997 5116; x_wconf 80' lang='lat' dir='ltr'><em>aliis</em></span> <span class='ocrx_word' id='word_1_747' title='bbox 3025 5065 3211 5116; x_wconf 78' lang='lat' dir='ltr'><em>discere</em></span> <span class='ocrx_word' id='word_1_748' title='bbox 3241 5068 3313 5116; x_wconf 80' lang='lat' dir='ltr'><em>est</em></span> <span class='ocrx_word' id='word_1_749' title='bbox 3344 5067 3452 5116; x_wconf 86' lang='lat' dir='ltr'><em>tum</em></span> <span class='ocrx_word' id='word_1_750' title='bbox 3469 5079 3532 5118; x_wconf 75' lang='lat' dir='ltr'><em>ex</em></span> 
     </span>
    </p>
   </div>
   <div class='ocr_carea' id='block_1_27' title="bbox 349 5144 3301 5220">
    <p class='ocr_par' dir='ltr' id='par_1_30' title="bbox 349 5144 3301 5220">
     <span class='ocr_line' id='line_1_98' title="bbox 349 5144 3301 5220; baseline -0.004 -13"><span class='ocrx_word' id='word_1_751' title='bbox 349 5210 366 5220; x_wconf 70' lang='lat'><em>.</em></span> <span class='ocrx_word' id='word_1_752' title='bbox 413 5155 596 5218; x_wconf 72' lang='lat' dir='ltr'><em>cythes</em></span> <span class='ocrx_word' id='word_1_753' title='bbox 612 5156 746 5206; x_wconf 82' lang='lat' dir='ltr'><em>erant</em></span> <span class='ocrx_word' id='word_1_754' title='bbox 768 5154 946 5206; x_wconf 75' lang='lat' dir='ltr'><em>tabulae</em></span> <span class='ocrx_word' id='word_1_755' title='bbox 971 5166 1119 5206; x_wconf 74' lang='lat' dir='ltr'><em>aeneoe</em></span> <span class='ocrx_word' id='word_1_756' title='bbox 1131 5190 1147 5218; x_wconf 89' lang='lat'>,</span> <span class='ocrx_word' id='word_1_757' title='bbox 1171 5151 1351 5217; x_wconf 86' lang='lat' dir='ltr'><em>quibus</em></span> <span class='ocrx_word' id='word_1_758' title='bbox 1379 5151 1506 5215; x_wconf 78' lang='lat' dir='ltr'><em>leges</em></span> <span class='ocrx_word' id='word_1_759' title='bbox 1534 5150 1896 5215; x_wconf 84' lang='lat' dir='ltr'><em>inscripserunt.</em></span> <span class='ocrx_word' id='word_1_760' title='bbox 1985 5147 2144 5211; x_wconf 80' lang='lat' dir='ltr'><em>primo</em></span> <span class='ocrx_word' id='word_1_761' title='bbox 2161 5159 2253 5197; x_wconf 83' lang='lat' dir='ltr'><em>axe</em></span> <span class='ocrx_word' id='word_1_762' title='bbox 2276 5144 2462 5197; x_wconf 85' lang='lat' dir='ltr'><em>Solonis</em></span> <span class='ocrx_word' id='word_1_763' title='bbox 2480 5148 2615 5195; x_wconf 77' lang='lat' dir='ltr'><em>etex</em></span> <span class='ocrx_word' id='word_1_764' title='bbox 2633 5144 2890 5195; x_wconf 78' lang='lat' dir='ltr'><em>Aristotele</em></span> <span class='ocrx_word' id='word_1_765' title='bbox 2915 5144 2967 5194; x_wconf 85' lang='lat' dir='ltr'><em>in</em></span> <span class='ocrx_word' id='word_1_766' title='bbox 2990 5147 3107 5208; x_wconf 82' lang='lat' dir='ltr'><em>Rep.</em></span> <span class='ocrx_word' id='word_1_767' title='bbox 3132 5144 3301 5196; x_wconf 75' lang='lat' dir='ltr'><em>Athen.</em></span> 
     </span>
    </p>
   </div>
  </div>
 </body>
</html>
