4016 5916
1122 371 1844 508 DIYLLUS
1932 376 3090 514 ATHENIENSIS.

564 877 852 935 Diodorus
877 877 1042 943 XVI,
1078 880 1168 942 14,
1188 880 1220 940 4
1247 873 1319 928 ad
1355 873 1443 930 Ol.
1465 870 1600 948 105,
1629 878 1685 938 4.
1725 890 1779 932 a.
1806 873 1869 929 C.
1896 870 2042 943 357:

488 961 843 1032 Καλλισθένης
864 960 961 1032 τὴν
983 963 1085 1018 τῶν
1111 957 1439 1031 Ἑλληνικῶν
1466 957 1791 1037 πραγμάτων
1814 957 2046 1038 ἱστορίαν

484 1050 709 1131 γέγραφε
736 1052 787 1108 ἐν
812 1047 1029 1129 βιὸλίοις
1053 1044 1209 1120 δέκα,
1233 1046 1326 1105 καὶ
1352 1044 1698 1126 κατέστροερεν
1724 1048 1792 1111 εἷς
1824 1045 1917 1116 τὴν
1947 1068 2042 1103 κα-

485 1140 707 1218 τάληψιν
729 1142 820 1195 τοῦ
843 1139 981 1216 ἱεροῦ
999 1135 1090 1194 καὶ
1110 1132 1443 1215 παρανομίαν
1467 1132 1778 1209 Φιλομήλου
1800 1137 1889 1192 τοῦ
1916 1135 2045 1193 Φω·

484 1226 636 1293 κέως·
666 1225 936 1290 Δίυλλος
968 1222 1013 1282 δ’
1041 1226 1069 1282 ὁ
1097 1221 1425 1294 Ἀθηναῖος
1461 1212 1651 1301 ἦρκται
1686 1225 1781 1293 τῆς
1816 1220 2045 1301 ἱστορίας

483 1314 589 1372 ἀπὸ
617 1317 709 1386 τῆς
729 1308 1106 1392 ίεροσυλήσεως
1133 1309 1226 1368 καὶ
1259 1308 1487 1390 γέγραφε
1517 1308 1728 1388 βίὸλους
1763 1307 1927 1368 εἴκοσι
1954 1308 2044 1368 καὶ

482 1400 642 1474 ἑπτὰ,
668 1395 1075 1479 συμπεριλαὸὼν
1096 1395 1267 1464 πάσας
1294 1396 1387 1462 τὰς
1411 1399 1463 1454 ἐν
1492 1396 1598 1463 τοῖς
1622 1396 1823 1476 χρόνοις
1849 1394 2046 1463 τούτοις

482 1487 761 1566 γενομένας
787 1484 993 1566 πράξεις
1015 1485 1136 1565 περί
1174 1507 1231 1543 τε
1266 1483 1360 1555 τὴν
1395 1481 1632 1543 Ἑλλάδα
1675 1481 1766 1542 καὶ
1804 1481 1898 1554 τὴν
1941 1484 2046 1542 Σι-

483 1576 677 1635 κελίαν.

562 1665 908 1734 IdemXV1.,
936 1663 1038 1734 76,
1066 1661 1098 1719 5
1123 1663 1196 1719 ad
1215 1663 1304 1721 Ol.
1340 1680 1471 1735 109,
1495 1668 1546 1727 4.
1584 1679 1631 1716 a.
1655 1662 1718 1717 C.
1746 1659 1851 1725 341
1879 1679 1892 1715 ε
1916 1660 2040 1718 Τῶν

481 1749 535 1810 δὲ
574 1750 912 1831 συγγραφέων
938 1746 1168 1830 Ἔφορος
1210 1745 1306 1824 μὲν
1338 1750 1367 1806 ὃ
1408 1750 1641 1822 Κυμαῖος
1680 1744 1776 1816 τὴν
1812 1744 2044 1825 ἱστορίαν

481 1840 658 1900 ἐνθάδε
705 1840 1051 1919 κατέστροφεν
1103 1839 1174 1902 εἷς
1217 1834 1313 1906 τὴν
1365 1835 1618 1914 Περίνθου
1666 1831 2042 1912 πολιορκίαν...

479 1926 699 1994 Δίυλλος
738 1925 782 1983 δ’
804 1930 832 1983 ὃ
861 1924 1127 1995 Ἀθηναῖος
1152 1927 1246 1994 τῆς
1275 1920 1514 2004 δευτέρας
1555 1918 1837 1988 συντάξεως
1874 1919 2043 2000 ἀρχὴν

479 2013 761 2086 πεποίηται
787 2015 880 2086 τῆς
905 2012 1129 2093 Ἐφόρου
1156 2009 1388 2093 ἱστορίας
1416 2008 1513 2081 τὴν
1540 2008 1804 2081 τελευτὴν,
1833 2008 1923 2067 καὶ
1949 2008 2044 2077 τὰς

480 2101 592 2174 ἑξῆς
635 2099 846 2182 πράξεις
889 2099 1109 2180 συνείρει
1150 2098 1244 2167 τάς
1279 2122 1335 2158 τε
1375 2102 1478 2157 τῶν
1517 2096 1788 2167 Ἑλλήνων
1816 2096 1906 2155 καὶ
1939 2100 2041 2154 τῶν

480 2188 759 2271 βαρὸοίρων
787 2188 945 2272 μέχρι
972 2194 1062 2261 τ’ἧς
1090 2186 1365 2249 Φιλίππου
1392 2187 1653 2256 τελευτῆς.

555 2280 716 2336 Idem
760 2282 941 2350 XXI,
974 2279 1006 2336 5
1044 2279 1201 2356 (Exc.
1249 2275 1548 2351 Hoeschel.)
1602 2293 1617 2333 t
1652 2269 1782 2334 ‘On
1822 2270 2041 2339 Δίυλλος

478 2365 628 2440 (cod.
663 2362 905 2443 Δίαλλος)
938 2364 1199 2436 Ἀθηναῖος
1228 2359 1552 2443 συγγραφεὺς
1580 2357 1671 2425 τὰς
1694 2358 1867 2425 κοινὰς
1902 2357 2041 2439 προί-

476 2450 576 2520 ξεις
603 2452 854 2522 συντάξας
885 2453 1077 2533 ἔγραψε
1114 2449 1293 2531 βιὸλία
1330 2448 1519 2508 εἴκοσιν
1552 2446 1604 2516 ἔξ
1646 2449 1831 2525 (supra
1876 2446 2038 2505 εἴκοσι

474 2539 564 2597 καὶ
592 2540 745 2619 ἑπτά)
761 2563 773 2577 ·
798 2540 978 2601 Ψάων
1002 2540 1057 2597 δὲ
1082 2544 1109 2598 ὁ
1134 2536 1434 2600 Πλαταιεὺς
1461 2536 1551 2603 τὰς
1576 2535 1679 2594 ἀπὸ
1707 2533 1885 2594 τούτου
1924 2535 2037 2592 δια-

476 2626 749 2704 δεξαίμινος
769 2627 978 2709 πράξεις
1001 2626 1195 2707 ἔγραψε
1220 2623 1399 2706 βιόλία
1419 2624 1716 2704 τριάκοντα.

554 2718 725 2790 Quod
751 2717 1029 2775 antecedit
1055 2719 1115 2772 in
1137 2717 1429 2789 Excerptis
1457 2714 1850 2771 Hoeschelianis
1876 2713 2037 2791 frag—

474 2816 726 2860 mentum
755 2814 835 2860 est
874 2805 946 2860 de
987 2803 1296 2879 Agathocle
1341 2804 1648 2860 Crotonem
1691 2814 2035 2877 occupante,

474 2892 623 2946 circa
650 2909 737 2946 an.
767 2908 882 2965 299
907 2909 955 2946 a.
991 2892 1124 2948 Chr.
1135 2911 1152 2961 3
1193 2889 1353 2964 quod
1377 2890 1633 2964 sequitur
1658 2888 2034 2965 fragmentum

473 2978 546 3037 de
587 2981 848 3035 Samnitis
877 2997 908 3034 a
935 2980 1113 3035 Fabio
1152 2977 1311 3035 clade
1344 2976 1555 3033 affectis
1583 2976 1830 3050 pertinet
1848 2977 1921 3033 ad
1936 2998 2036 3034 an-

361 3076 366 3081 ·
472 3084 611 3120 num
636 3063 781 3139 295,
809 3067 1033 3141 Olymp.
1074 3084 1204 3141 121,
1230 3083 1283 3121 a.

550 3154 732 3228 Igitur
771 3152 947 3226 Diylli
986 3153 1234 3210 historiae
1278 3154 1338 3207 in
1375 3152 1568 3226 plures
1610 3147 1874 3217 συντάξεις
1918 3154 2034 3211 sive

469 3252 682 3314 partes,
710 3241 771 3295 in
794 3240 971 3297 libros
988 3258 1128 3297 vero
1154 3241 1353 3317 viginti
1379 3249 1592 3313 septem
1610 3240 1698 3295 vel
1719 3239 1917 3314 viginti
1936 3260 2033 3297 sex

470 3327 781 3384 distributae
829 3337 1013 3400 erant3
1041 3330 1224 3402 prima
1263 3345 1393 3404 pars
1435 3328 1675 3400 spatium
1724 3328 2033 3400 amplecte-

467 3413 640 3471 batur
683 3433 964 3471 annorum
1002 3415 1247 3472 sedecim
1289 3412 1693 3490 (357—341),
1738 3413 1895 3487 cujus
1936 3416 2030 3471 hi-

466 3504 698 3558 storiam
711 3504 1110 3579 Demophilus,
1121 3503 1339 3577 Ephori
1355 3502 1532 3577 patris
1551 3519 1695 3576 opus
1712 3502 2004 3559 absolvens
2015 3547 2030 3574 ‚

466 3590 695 3645 summis
714 3601 929 3647 tantum
947 3591 1166 3648 lineolis
1195 3590 1663 3660 adumbraverat3
1692 3591 1865 3646 altera
1893 3609 2031 3646 con·

468 3678 683 3733 tinebat
700 3696 823 3752 qnae
836 3680 1199 3752 sequentibus
1213 3679 1372 3735 annis
1391 3679 1642 3752 quinque
1667 3674 1761 3758 (34
1778 3697 1799 3733 1
1814 3677 2027 3755 —336)

467 3765 537 3819 ad
564 3765 783 3821 obitum
801 3784 980 3840 usque
1001 3766 1247 3841 Philippi
1271 3774 1402 3822 sunt
1428 3776 1601 3841 gesta.

546 3854 630 3908 Ex
673 3855 849 3910 tertiae
889 3855 1065 3928 partis
1101 3853 1254 3910 libro
1281 3871 1440 3909 nono
1472 3870 1564 3909 res
1590 3863 1872 3923 narratur,
1904 3871 2030 3926 quae

463 3942 711 4013 pertinet
749 3940 822 3996 ad
858 3959 951 3997 an.
995 3937 1107 3997 315
1152 3959 1204 3996 a.
1249 3941 1309 3997 C.
1341 3943 1647 4014 Quousque
1687 3951 1887 3996 auctor
1925 3940 2030 3996 de-

464 4027 770 4099 scenderit,
795 4029 1107 4085 accuratius
1133 4028 1366 4102 quidem
1393 4027 1617 4085 definiri
1639 4030 1860 4102 nequit,
1887 4047 2031 4103 pro-

464 4112 652 4170 babile
692 4133 828 4171 vero
866 4125 947 4171 est
974 4134 1101 4170 enm
1130 4116 1430 4171 substitisse
1461 4132 1530 4170 eo
1576 4115 1638 4170 in
1686 4132 1863 4185 anno,
1910 4134 2028 4189 quo

461 4203 643 4274 patria
662 4203 798 4259 urbs
822 4203 1117 4258 obsidione
1146 4212 1201 4257 et
1241 4202 1388 4258 fame
1419 4219 1606 4275 pressa
1627 4243 1644 4276 ,
1680 4213 1811 4276 post
1836 4202 2027 4277 fugam

461 4289 724 4347 Lacharis
756 4291 1004 4364 tyranni,
1025 4291 1316 4347 Demetrio
1350 4290 1680 4345 Poliorcetes
1705 4308 1822 4346 sese
1863 4289 2028 4347 dedi-

467 4375 570 4434 dit.
600 4372 664 4452 (*)
684 4377 855 4450 Quod
870 4378 1106 4453 contigit
1119 4379 1268 4433 circa
1279 4395 1488 4433 annum
1509 4374 1646 4452 295,
1662 4378 1748 4433 uti
1759 4378 1984 4441 videtur
2005 4396 2021 4435 ε

468 4482 598 4519 nam
617 4483 688 4520 ne
700 4465 813 4521 hoc
842 4464 1074 4538 quidem
1087 4465 1492 4521 accuratissime
1506 4475 1775 4539 exputare
1795 4465 1927 4521 licet
1947 4467 2022 4540 (ν.

527 4602 739 4664 niyllum
787 4604 1072 4654 statuarium
1122 4606 1359 4655 memorat
1416 4603 1675 4655 Pausanias
1708 4606 1786 4666 X,
1829 4610 1914 4667 13,
1963 4609 2025 4667 75

462 4672 612 4722 alium
646 4673 984 4723 Atheniensem
1016 4673 1164 4724 habes
1199 4687 1277 4738 ap.
1301 4674 1493 4725 Boeckh.
1522 4677 1578 4724 c.
1604 4677 1641 4724 1.
1664 4678 1718 4736 l,
1742 4687 1788 4737 p.
1820 4681 1940 4736 220,
1974 4679 2023 4725 7.

527 4743 592 4803 (“’>
628 4742 957 4795 Dahlmannns
991 4744 1369 4808 (Forschunqen
1398 4748 1520 4795 tom.
1542 4748 1590 4806 1,
1611 4758 1659 4808 ρ.
1693 4746 1785 4807 33)
1805 4745 2027 4795 historias

462 4824 617 4874 usque
638 4812 697 4862 ad
718 4815 923 4863 mortem
947 4815 1217 4878 Agathoclis
1236 4815 1468 4866 deductas
1483 4828 1586 4866 esse
1605 4815 1809 4879 putavit.

1024 4966 1434 5028 flls‘romAE.

1222 5104 1274 5152 1.

458 5237 468 5247 .
526 5194 774 5248 Herodoto
804 5196 1139 5263 exprobratur,
1163 5199 1291 5263 quod
1326 5214 1547 5265 magnam
1571 5201 1634 5251 ab
1659 5201 2025 5252 Atheniensibus

2137 874 2383 930 Clinton.
2436 872 2504 931 F.
2557 875 2634 931 H.
2678 892 2728 930 a.
2776 892 2910 948 299.
2952 876 3228 949 Droysen.
3273 878 3600 941 Hellent'sm.
3649 885 3710 953 1,

2135 980 2198 1034 p.
2217 981 2244 1030 7
2254 961 2324 1026 34
2338 960 2374 1034 ).
2387 958 2622 1016 -AEtas
2632 963 2921 1035 scriptoris
2936 979 3006 1018 ex
3021 962 3225 1019 tradita
3237 965 3308 1020 ab
3324 967 3446 1040 ipso
3461 968 3704 1028 historia

2137 1059 2284 1103 etex
2313 1050 2439 1103 loco
2465 1049 2750 1104 Plutarchi
2774 1050 3163 1106 constituenda
3188 1062 3286 1107 est.
3319 1055 3541 1110 Etenim
3564 1058 3704 1113 Plu-

2136 1137 2359 1191 tarchus
2393 1139 2478 1191 De
2508 1136 2653 1211 glor.
2678 1136 2881 1192 Athen.
2915 1155 2965 1191 c.
2998 1156 3020 1191 1
3053 1135 3129 1211 (p.
3155 1138 3268 1196 ⁴23
3308 1141 3523 1214 Didot.)
3552 1145 3700 1203 :Ec-

2132 1223 2326 1300 νοφῶν,
2348 1224 2450 1293 ait,
2474 1219 2627 1286 αὐτὸς
2655 1223 2837 1279 ἑαυτοῦ
2866 1218 3071 1300 γε’γονεν
3093 1225 3358 1304 ἱστορία...
3389 1229 3437 1285 oi
3464 1228 3518 1285 δὲ
3547 1229 3703 1289 ἄλλοι

2136 1307 2325 1373 πάντες
2337 1306 2606 1386 ἱστορικοὶ,
2625 1307 2989 1384 Κλειτόδημοι,
3005 1309 3235 1384 Δίυλλοι,
3249 1312 3566 1394 Φιλόχορος,
3583 1318 3702 1378 Φό-

2133 1393 2348 1473 λαρχος,
2367 1393 2651 1474 ἀλλοτρίων
2678 1393 2949 1473 γεγόνασιν
2978 1395 3161 1476 ἔργων,
3182 1397 3365 1478 ὥσπερ
3393 1402 3698 1480 δραμάτων,

2134 1481 2425 1563 ὑποκριταί.
2456 1484 2803 1541 Clitodemus
2832 1482 3026 1541 floruit
3054 1489 3200 1543 inter
3233 1489 3318 1545 Ol.
3350 1508 3426 1564 90
3455 1503 3511 1547 et
3548 1512 3659 1549 xoo
3680 1538 3696 1564 ,

2134 1571 2504 1628 Philochorus
2545 1572 2616 1628 ab
2666 1574 2755 1629 01.
2802 1591 3128 1649 119—129.
3162 1577 3353 1632 Medio
3400 1579 3550 1635 inter
3590 1582 3700 1639 hos

2134 1658 2322 1731 Diyllo
2363 1660 2697 1734 assignamus
2723 1671 2937 1734 tempus
2958 1662 3240 1735 medinm,
3265 1662 3521 1723 floruisse
3567 1688 3698 1724 eum

2136 1743 2382 1802 dicentes
2420 1748 2490 1803 ab
2533 1749 2622 1806 Ol.
2671 1766 2777 1803 112
2825 1748 2900 1804 ad
2946 1750 3037 1809 01.
3079 1769 3187 1807 122
3229 1751 3700 1833 (Ro-290).—

2135 1832 2304 1905 Quod
2345 1836 2732 1890 auctoritatem
2782 1847 2838 1891 et
2878 1835 3082 1893 famam
3127 1838 3417 1913 scriptoris
3462 1844 3696 1912 attinet,

2134 1920 2265 1977 vide
2297 1921 2496 1996 fragm.
2537 1941 2588 1993 1,
2616 1923 2715 1977 ubi
2747 1924 3048 1981 Plutarcho
3079 1925 3287 1982 dicitur
3313 1924 3446 2004 ἀνὴρ
3489 1929 3550 1985 οὗ
3591 1931 3698 1986 τῶν

2134 2007 2587 2085 παρημελημένων
2616 2011 2668 2066 ἓν
2695 2008 3007 2090 ἱστορίαμ-
3022 2014 3191 2087 Apud
3211 2016 3454 2072 Plinium
3477 2019 3704 2090 Diyllus

2133 2097 2419 2154 historicus
2437 2110 2759 2155 recensetur
2776 2101 2924 2155 inter
2945 2113 3227 2174 auctores,
3244 2122 3312 2159 ex
3328 2107 3534 2179 quibus
3551 2107 3708 2163 liber

2131 2187 2235 2242 vll
2268 2188 2409 2242 Hist.
2433 2188 2558 2242 Nat.
2587 2189 3003 2245 consarcinatus
3029 2200 3132 2247 est.

2727 2332 3082 2394 ΙΣΤΟΡΙΑῙ.

2887 2490 2938 2529 1.

2208 2610 2490 2668 Plutarch.
2545 2613 2630 2666 De
2679 2610 2959 2666 Herodoti
3004 2613 3139 2668 mal.
3194 2631 3243 2668 c.
3291 2612 3365 2668 26
3412 2611 3493 2689 (p.
3543 2616 3702 2673 1050

2125 2697 2341 2771 Didot.)
2376 2716 2392 2752 ε
2426 2693 2740 2776 (Ἡρόδοτος)
2774 2693 2868 2767 τὴν
2906 2694 3215 2769 διαὸολὴν...
3236 2696 3346 2777 ἔχει
3366 2701 3704 2768 κολακεύσας

2126 2781 2243 2851 τοὺς
2280 2782 2574 2855 Ἀθηναίους
2619 2781 2858 2864 ἀργύριον
2900 2782 3034 2842 πολὺ
3066 2783 3248 2844 λαὸεῖν
3287 2787 3416 2865 παρ’
3447 2789 3695 2851 αὐτῶν...

2125 2868 2256 2931 Ὅτι
2293 2870 2471 2948 μέντοι
2494 2870 2620 2931 δέκα
2649 2872 2881 2929 τάλαντα
2911 2870 3107 2953 δωρεὰν
3136 2871 3323 2931 ἔλαὸεν
3362 2873 3414 2942 ἐξ
3445 2875 3698 2949 Ἀθηνῶν,

2126 2951 2334 3018 Ἀνύτου
2361 2958 2420 3017 τὸ
2442 2957 2692 3041 ψήφισμα
2714 2956 3032 3043 γράψαντος,
3057 2958 3188 3042 ἀνὴρ
3212 2961 3481 3035 Ἀθηναῖος
3503 2966 3564 3023 οὗ
3588 2970 3697 3025 τῶν

2124 3045 2579 3126 παρημελημένων
2608 3049 2661 3104 ἔν
2684 3046 2885 3126 ἱστορία
2900 3091 2916 3119 ,
2936 3046 3180 3121 Δίυλλος,
3202 3046 3422 3129 εἴρηκεν.

2204 3136 2284 3193 Cf.
2315 3136 2514 3192 Euseb.
2540 3136 2745 3193 Chron.
2763 3135 2836 3191 ad
2859 3138 2951 3194 Ol.
2981 3135 3076 3207 83,
3098 3143 3152 3203 4.
3177 3157 3229 3195 a.
3252 3138 3315 3195 C.
3341 3138 3493 3206 445:
3527 3135 3695 3217 Ἡρό-

2125 3221 2265 3281 δοτος
2294 3220 2515 3298 ἐτιμήθη
2543 3219 2691 3301 παρὰ
2718 3224 2822 3280 τῶν
2843 3221 3122 3295 Ἀθηναίων
3152 3224 3340 3303 βουλῆς
3363 3225 3696 3304 ὶπαναγνοὺς

2125 3309 2296 3375 αὐτοῖς
2328 3308 2445 3375 τοὺς
2480 3307 2707 3389 βίὸλους.
2748 3334 2773 3362 α
2808 3313 3115 3369 Herodotus
3154 3331 3320 3387 quum
3361 3315 3529 3371 libros
3564 3335 3698 3373 suos

2121 3397 2359 3453 Athenis
2394 3400 2637 3471 legisset,
2668 3399 2874 3455 honore
2893 3395 3139 3471 affectus
3162 3412 3263 3455 est.
3285 3425 3309 3450 ι
3336 3401 3478 3458 Vide
3503 3405 3696 3459 Dabl-

2121 3505 2311 3542 mann.
2344 3486 2737 3560 Forscleungen
2766 3496 2874 3543 etc.
2903 3489 2948 3558 1,
2964 3506 3023 3562 p.
3049 3487 3148 3557 32,
3176 3490 3275 3562 qui
3290 3491 3696 3547 recitationem⁴

2122 3575 2265 3630 hanc
2283 3576 2444 3631 sicuti
2472 3581 2720 3644 alteram,
2747 3575 3116 3651 Olympicam,
3143 3578 3369 3632 serioris
3393 3579 3494 3633 aevi
3527 3598 3698 3635 com—

2121 3673 2371 3717 mentum
2415 3662 2601 3719 habet.
2643 3664 2781 3734 Qua!
2822 3664 3094 3719 sententia
3139 3664 3488 3720 adversarios
3523 3679 3698 3722 nacta

2119 3752 2409 3831 plurimos.
2435 3754 2502 3810 V.
2533 3751 2713 3809 Baehr.
2756 3750 2973 3809 Herod.
3019 3762 3156 3806 tom.
3198 3753 3296 3822 IV,
3333 3771 3395 3826 p.
3438 3751 3550 3820 384
3597 3774 3687 3830 sq.

2123 3840 2302 3912 Heyse
2326 3840 2414 3895 De
2439 3839 2544 3897 vit.
2573 3838 2855 3895 Herodot.
2883 3857 2944 3912 p.
2977 3835 3050 3893 56
3078 3858 3091 3892 ε
3125 3863 3150 3887 «ι
3172 3836 3414 3895 Maxime
3447 3858 3689 3896 consen-

2121 3935 2346 3980 taneum
2375 3943 2489 3982 esse
2515 3925 2743 3981 videtur
2781 3943 2906 3981 eam
2940 3928 3288 4000 potissimam
3320 3937 3540 4001 partem
3581 3926 3696 3985 bac

2121 4014 2412 4069 occasione
2455 4013 2516 4068 in
2551 4010 2737 4069 lucem
2781 4021 3155 4087 protractam,
3183 4031 3308 4086 quae
3353 4014 3582 4071 Graeciae
3631 4026 3692 4071 et

2118 4110 2246 4155 ante
2269 4118 2463 4156 omnes
2488 4100 2913 4157 Atheniensium
2939 4099 3165 4156 fortiter
3189 4112 3246 4156 et
3266 4101 3514 4176 gloriose
3543 4101 3696 4159 facta

2118 4188 2433 4249 enarrabat.
2466 4189 2726 4261 Quorum
2749 4188 3160 4244 enarrationem
3190 4189 3234 4244 si
3267 4188 3542 4244 audivisse
3569 4201 3692 4246 sta-

2119 4276 2291 4331 tueris
2324 4276 2719 4349 Athenienses,
2750 4275 2913 4332 facile
2949 4276 3225 4350 intelliges
3252 4294 3355 4332 cur
3393 4295 3516 4331 non
3560 4280 3698 4334 satis

2114 4363 2221 4419 sibi
2241 4363 2544 4420 habuerint
2566 4361 2830 4418 laudibus
2868 4373 2926 4419 et
2962 4362 3162 4438 plausu
3194 4373 3519 4437 persecutos
3572 4381 3696 4419 asse

2116 4460 2430 4522 auctorem,
2470 4449 2568 4506 sed
2610 4451 2842 4524 insuper
2883 4451 3120 4525 praemio
3165 4468 3296 4505 eum
3327 4438 3685 4506 donaverint.

2114 4538 2411 4594 Praemium
2438 4539 2587 4593 enim
2609 4538 2859 4593 retulisse
2879 4555 3068 4611 neque
3087 4555 3194 4611 per
3214 4555 3272 4592 se
3300 4536 3690 4610 improbabile

2116 4637 2223 4697 ost,
2246 4644 2432 4700 neque
2454 4644 2717 4701 magnum
2745 4626 2933 4681 virum
2956 4624 3226 4694 dedecet,
3250 4624 3427 4679 modo
3455 4642 3530 4679 ne
3554 4642 3690 4679 cor-

2115 4724 2346 4787 ruptum
2383 4713 2482 4769 sed
2510 4723 2774 4769 ornatum
2797 4712 2910 4768 hoc
2934 4712 3122 4787 pretio
3151 4730 3281 4767 eum
3318 4723 3502 4785 putes,
3546 4736 3686 4785 »⁴—

2111 4802 2298 4857 Locus
2317 4798 2492 4874 Diylli
2516 4819 2586 4856 ex
2611 4802 2896 4873 prooemio
2924 4801 3131 4875 petitus
3157 4817 3269 4854 esse
3297 4798 3547 4855 videtur.

2112 4967 2306 5030 propter
2323 4965 2648 5015 adulationem
2667 4966 2905 5028 acceperit
2924 4965 3234 5029 pecuniam...
3254 4967 3377 5014 Sane
3406 4962 3575 5013 decem
3603 4966 3680 5012 ta-

2112 5045 2243 5095 lenta
2259 5045 2459 5097 Athenis
2479 5044 2608 5095 dono
2624 5046 2811 5096 venisse
2846 5044 2962 5108 ἱρά,
2982 5047 3141 5107 Anyto
3166 5042 3424 5106 rogationis
3448 5044 3649 5091 auctore
3662 5078 3682 5101 ,

2114 5123 2302 5187 Diyllus
2331 5124 2519 5186 scripsit
2547 5123 2873 5186 Atheniensis,
2900 5123 3047 5173 homo
3079 5123 3127 5172 in
3157 5121 3353 5172 historia
3387 5118 3520 5169 haud
3554 5132 3678 5170 con·

2113 5199 2414 5251 temnendus.

2027 5304 2137 5359 360
