4016 5916
500 373 617 426 ⁴18

495 491 702 551 τέεσθαι
748 488 801 549 δὲ
834 492 935 548 τῶν
966 487 1211 569 δενδρέων
1234 487 1322 546 τὸν
1359 486 1562 567 φλοιόν·
1604 485 1878 547 καλέεσθαι
1910 486 1961 546 δὲ
1990 487 2054 545 τὰ

497 578 708 658 δένδρεα
744 583 908 635 ταῦτα
962 582 1028 657 τῇ
1058 576 1236 635 Ἰνδῶν
1258 581 1401 658 φωνῇ
1441 580 1490 636 Τ
1502 575 1651 633 ἀλα·
1703 575 1793 634 καὶ
1835 575 2053 656 φύεσθαι

498 665 582 724 ἐπ’
623 669 792 724 αὐτῶν
833 664 1070 743 κατάπερ
1098 668 1198 723 τῶν
1236 661 1475 745 φοινίκων
1501 662 1586 722 ἐπὶ
1612 668 1732 741 τῇσι
1769 667 2052 743 κορυφῇσιν

500 744 583 813 οἶά
612 776 709 833 περ
757 752 1019 818 τολύπας.·
1050 751 1323 812 Σιτέεσθαι
1374 749 1429 810 δὲ
1474 749 1563 810 καὶ
1595 754 1696 809 τῶν
1726 750 1916 830 θηρίων
1957 751 2054 809 ὅσα

495 838 656 899 ἕλοιεν
686 838 1114 920 ὠμοφαγέοντας,
1144 838 1264 918 πρὶν
1304 835 1366 909 δὴ
1397 837 1641 898 Διόνυσον
1683 838 1844 896 ἐλθεῖν
1887 840 1935 905 ἐς
1960 838 2053 908 τὴν

495 927 673 1007 χώρην
700 931 800 986 τῶν
832 927 1025 988 Ἰνδῶν.
1056 927 1300 987 Διόνυσον
1324 924 1377 983 δὲ
1420 924 1658 997 ἐλθόντα,
1699 928 1769 992 ὣς
1812 926 2056 1005 καρτερὸς

496 1013 696 1093 ἐγένετο
729 1015 927 1086 Ἰνδῶν,
972 1013 1157 1080 πόλιάς
1183 1036 1239 1072 τε
1276 1016 1484 1083 οἰκῆσαι
1529 1013 1620 1071 καὶ
1657 1012 1843 1091 νόμους
1879 1014 2055 1072 θέσθαι

494 1108 617 1182 τῇσι
641 1103 864 1175 πόλισιν,
883 1101 1017 1160 οἴνου
1037 1116 1097 1159 τε
1121 1103 1313 1179 δοτῆρα
1343 1100 1519 1167 Ἰνδοῖς
1548 1097 1788 1177 γενέσθαι
1817 1100 2054 1180 κατάπερ

496 1189 755 1264 Ἕλλησι,
778 1190 869 1250 καὶ
899 1189 1128 1270 σπείρειν
1174 1187 1377 1257 διδάξαι
1415 1188 1510 1259 τὴν
1534 1192 1631 1265 γ’ἧν
1666 1187 1871 1247 διδόντα
1901 1188 2052 1247 αὐτὸν

500 1279 778 1359 σπέρματα
796 1302 808 1315 ·
840 1279 874 1349 ἢ
903 1281 995 1338 οὐκ
1024 1276 1304 1343 ἐλάσαντος
1344 1275 1511 1354 ταύτῃ
1538 1273 1902 1355 Τριπτολέμου
1925 1319 1941 1348 ,
1970 1274 2055 1334 ὅτε

496 1390 596 1446 περ
656 1372 716 1426 ἐκ
750 1365 1027 1445 Δήμητρος
1064 1364 1258 1436 ἐστάλη
1308 1363 1534 1443 σπείρειν
1575 1362 1668 1435 τὴν
1702 1368 1800 1442 γῆν
1846 1373 2052 1440 πᾶσαν,

496 1452 532 1524 ἢ
570 1451 671 1532 πρὸ
707 1450 1074 1533 Τριπτολέμου
1122 1475 1199 1518 τις
1238 1443 1380 1518 οὗτος
1414 1450 1655 1518 Διόνυσος
1693 1449 1917 1509 ἐπελθὼν
1960 1452 2054 1523 τὴν

500 1539 675 1600 Ἰνδῶν
705 1545 801 1618 γῆν
848 1538 1128 1618 σπέρματά
1170 1561 1342 1619 σφισιν
1369 1538 1530 1598 ἔδωκε
1554 1544 1755 1617 καρποῦ
1788 1544 1876 1596 τοῦ
1921 1539 2053 1615 ἡμέ-

501 1651 616 1707 ρου·
650 1627 771 1706 βόας
800 1649 854 1684 τε
879 1629 966 1683 ὑπ’
1006 1624 1207 1705 ἀρότρῳ
1236 1625 1405 1694 ζεῦξαι
1438 1625 1685 1685 Διόνυσον
1715 1629 1938 1704 πρῶτον,
1966 1625 2057 1684 καὶ

500 1717 755 1794 ἀροτῆρας
800 1711 912 1772 ἀντὶ
941 1711 1179 1788 νομάδων
1215 1717 1430 1783 ποιῆσαι
1477 1714 1645 1772 Ἰνδῶν
1687 1712 1802 1778 τοὺς
1835 1711 2056 1779 πολλοὺς

498 1801 588 1859 καὶ
619 1800 828 1859 ὁπλίσαι
862 1798 1068 1858 ὅπλοισι
1096 1804 1255 1858 τοῖσιν
1294 1796 1543 1880 ἀρηίοισι.
1584 1798 1687 1858 Καὶ
1717 1798 1856 1865 θεοὺς
1885 1799 2054 1858 σέὸειν

498 1887 577 1945 ὅτι
599 1887 793 1955 ἐδίδαξε
822 1886 1064 1952 Διόνυσος
1087 1886 1270 1953 ἄλλους
1302 1911 1357 1945 τε
1386 1887 1477 1945 καὶ
1510 1886 1740 1963 μάλιστα
1772 1887 1834 1957 δὴ
1865 1886 2055 1945 ἑωυτὸν

498 1974 908 2051 κυμβαλίζοντας
927 1974 1016 2033 καὶ
1051 1974 1485 2051 τυμπανίζοντας·
1504 1974 1594 2033 καὶ
1617 1973 1833 2052 ὄρχησιν
1863 1973 1915 2032 δὲ
1966 1973 2054 2032 ἐκ·

498 2060 698 2128 διδάξαι
717 2061 810 2133 τὴν
835 2059 1139 2141 σατυρικὴν,
1161 2061 1246 2119 τὸν
1275 2060 1505 2140 κόρδακα
1539 2065 1664 2140 παρ’
1693 2058 1926 2132 Ἕλλησι
1958 2084 2053 2119 κα-

497 2149 766 2225 λεόμενον·
794 2148 884 2207 καὶ
911 2157 1081 2224 κομᾶν
1126 2147 1317 2216 Ἰνδοὺς
1344 2152 1418 2228 τῷ
1454 2153 1583 2228 θεῷ,
1613 2148 1971 2229 μιτρηφορέειν
1998 2172 2055 2207 τε

498 2235 758 2305 ἀναδεῖξαι
792 2237 880 2294 καὶ
910 2236 1089 2316 μύρων
1120 2235 1332 2315 ἀλοιφὰς
1361 2235 1651 2314 ἐκδιδάξαι,
1697 2235 1829 2295 ὥστε
1868 2235 1956 2295 καὶ
1987 2239 2056 2303 εἷς

498 2324 823 2404 Ἀλέξανδρον
853 2324 930 2383 ἔτι
958 2324 1057 2382 ὑπὸ
1082 2324 1365 2400 κυμὸοίλων
1386 2347 1442 2382 τε
1469 2325 1558 2382 καὶ
1588 2323 1870 2401 τυμπάνων
1894 2326 1943 2391 ἐς
1964 2323 2056 2391 τὰς

499 2413 674 2491 μάχας
695 2412 846 2472 Ἰνδοὶ
868 2411 1200 2472 καθίσταντο.
1918 2471 1923 2476 ,

571 2502 634 2561 C.
656 2521 703 2560 Β.
733 2497 972 2559 Ἀπιόντα
998 2498 1051 2557 δὲ
1071 2501 1128 2556 ἐκ
1155 2503 1247 2570 τῆς
1276 2498 1449 2558 Ἰνδῶν
1468 2504 1588 2575 γῆς,
1615 2496 1682 2565 ὥς
1705 2502 1751 2557 οἱ
1771 2505 1933 2557 ταῦτα
1959 2522 2053 2556 κε-

493 2586 774 2663 κοσμέατο,
803 2591 1135 2658 καταστῆσαι
1155 2585 1374 2665 βασιλέα
1386 2591 1476 2657 τῆς
1498 2586 1673 2666 χώρης
1703 2586 2051 2662 Σπατέμὸαν,
2077 2637 2084 2642 .

492 2676 593 2731 τῶν
619 2672 837 2750 ἑταίρων
861 2672 949 2730 ἕνα
975 2671 1062 2730 τὸν
1093 2672 1523 2750 βακχωδέστατον
1540 2696 1553 2708 ’
1574 2672 1973 2744 τελευτήσαντος
1993 2672 2047 2730 δὲ

494 2759 791 2835 Σπατέμὸα
840 2757 933 2830 τὴν
990 2760 1267 2837 βασιληίην
1317 2757 1614 2826 ἐκδέξασθαι
1666 2759 1899 2818 Βουδύαν
1959 2759 2048 2818 τὸν

494 2849 677 2908 τούτου
721 2847 912 2905 παῖδα·
954 2845 1042 2902 καὶ
1084 2844 1167 2903 τὸν
1212 2844 1305 2920 μὲν
1335 2846 1655 2915 πεντήκοντα
1687 2847 1775 2903 καὶ
1820 2847 1907 2904 δύο
1931 2846 2049 2905 ἔτεα

497 2936 804 3012 βασιλεῦσαι
825 2931 1019 3004 Ἰνδῶν,
1052 2931 1138 2990 τὸν
1180 2934 1381 3011 πατέρα
1402 2955 1413 2968 ·
1450 2932 1535 2990 τὸν
1570 2931 1623 2989 δὲ
1652 2935 1815 2991 παῖδα
1858 2935 2049 2993 εἴκοσιν

493 3098 897 3162 quemadmodum
924 3101 973 3148 et
1008 3099 1233 3162 Scythas,
1266 3099 1349 3161 qui
1374 3100 1635 3148 arationem
1664 3114 1757 3148 non
1797 3106 2050 3167 exercent,
2094 3106 2104 3155 i

491 3177 576 3227 sed
602 3177 648 3224 in
675 3176 899 3238 plaustris
933 3175 1155 3238 degentes
1186 3175 1380 3225 incertis
1406 3176 1594 3225 sedibus
1619 3181 1869 3241 vagantur,
1897 3193 2054 3242 neque

490 3255 636 3317 nrbes
661 3254 904 3315 incolunt,
925 3266 1080 3315 neque
1102 3254 1281 3316 templa
1300 3253 1497 3304 deorum
1529 3255 1711 3303 colunt.
1779 3258 1852 3306 Ita
1892 3271 2049 3320 neque

494 3333 624 3385 Indis
656 3333 796 3383 urbes
827 3331 970 3382 fuisse
1000 3346 1157 3396 neque
1188 3334 1368 3396 templa
1403 3333 1493 3384 diis
1516 3337 1790 3398 exstructa,
1816 3335 1898 3385 sed
1926 3335 2048 3385 iera·

491 3426 602 3463 rum
626 3427 745 3475 quas
776 3413 1035 3462 occiderint
1084 3414 1270 3463 exuviis
1293 3428 1343 3463 se
1367 3415 1612 3464 vestivisse
1653 3429 1666 3464 :
1690 3414 1920 3465 arborum
1944 3430 2050 3465 cor-

490 3492 666 3542 ticibus
687 3493 813 3541 vesci
837 3493 999 3542 solitos
1031 3492 1204 3553 suisse;
1226 3492 1387 3541 vocari
1423 3495 1585 3542 autem
1610 3507 1777 3544 eorum
1792 3495 1953 3557 lingua
1969 3509 2050 3545 eas

492 3572 685 3621 arbores
719 3573 836 3621 Tala
861 3574 912 3624 et
947 3569 1126 3621 innasci
1154 3571 1236 3634 iis,
1269 3572 1678 3634 quemadmodum
1711 3574 1761 3623 in
1789 3574 2050 3624 verticibus

492 3651 789 3712 palmarum,
806 3650 955 3700 veluti
974 3649 1156 3713 glomos
1178 3651 1397 3701 lanarum
1427 3653 1718 3713 carptarum.
1740 3652 1880 3702 Vesci
1903 3653 2045 3701 etiam

491 3731 655 3779 solitos
687 3729 831 3779 fuisse
862 3731 973 3780 i'eris
994 3745 1114 3794 quas
1134 3734 1312 3781 venatu
1336 3731 1547 3794 ceperint
1563 3729 1725 3780 crudis
1738 3767 1753 3792 ,
1769 3730 2047 3793 priusquam

489 3808 632 3857 Liber
654 3807 717 3858 ad
740 3806 882 3857 indos
916 3808 1137 3858 venisset.
1160 3810 1334 3869 Quem,
1362 3811 1614 3870 postquam
1642 3809 1837 3857 venerat
1872 3820 2050 3870 eosque

488 3881 745 3945 devicerat,
772 3885 913 3934 urbes
936 3884 1165 3935 Indorum
1184 3885 1466 3947 condidisse,
1486 3884 1636 3947 iisque
1657 3884 1783 3947 leges
1803 3884 2013 3934 sanxisse
2034 3904 2046 3932 ι

486 3960 588 4011 vini
621 3961 765 4012 etiam
800 3975 941 4011 usum
964 3962 1093 4012 Indis
1119 3961 1329 4024 dedisse,
1352 3965 1409 4012 ut
1443 3964 1491 4012 et
1528 3962 1732 4024 Graecis,
1767 3960 1880 4011 dato
1903 3961 2048 4010 etiam

486 4035 667 4089 semiue
686 4039 915 4088 rationem
941 4039 1125 4088 serendi
1144 4053 1225 4089 eos
1254 4039 1469 4089 docuisse
1499 4040 1632 4089 :sive
1657 4037 1789 4101 quod
1810 4038 2045 4100 Triptole-

488 4130 625 4179 mus,
662 4130 815 4179 quum
842 4131 871 4167 a
894 4120 1068 4167 Cerere
1102 4118 1163 4167 ad
1195 4119 1534 4167 conserendam
1572 4118 1842 4167 universam
1867 4120 2045 4166 terram

490 4197 659 4245 missus
677 4196 856 4258 suisset,
878 4195 936 4243 asl
960 4210 1065 4244 eam
1083 4194 1320 4258 regionem
1341 4210 1436 4244 non
1460 4194 1763 4258 pervenerit3
1784 4194 1884 4243 sive
1911 4194 2044 4256 quod

487 4274 600 4322 ante
626 4272 969 4336 Triptolemum
1001 4274 1079 4321 iiic
1111 4273 1268 4333 Liber,
1301 4274 1515 4335 quisquis
1549 4272 1637 4333 sit,
1667 4271 1726 4320 ad
1759 4270 1900 4320 indos
1930 4285 2045 4333 pro-

490 4351 641 4401 fectus
675 4351 863 4414 frugum
895 4350 1086 4400 mitium
1123 4351 1304 4400 semina
1346 4352 1404 4400 iis
1430 4350 1630 4400 dederit.
1662 4351 1876 4399 Primum
1902 4348 2048 4399 etiam

488 4427 712 4477 Liberum
739 4429 889 4479 boves
919 4429 1075 4478 aratro
1104 4428 1345 4491 iunxisse,
1368 4429 1416 4478 et
1450 4428 1699 4490 plerosque
1735 4424 1960 4476 indorum
1986 4441 2048 4477 ex

491 4508 742 4557 erronibus
776 4510 988 4557 aratores
1018 4508 1183 4559 secisse
1202 4544 1217 4569 ,
1249 4508 1529 4569 martiisque
1568 4505 1715 4555 armis
1741 4505 2002 4556 armavisse
2029 4525 2043 4555 ε

491 4586 540 4632 et
562 4585 746 4634 cultum
776 4598 928 4647 quum
957 4585 1161 4634 aliorum
1180 4585 1380 4635 deorum
1401 4572 1507 4633 tum
1526 4583 1597 4632 sui
1619 4582 1765 4645 ipsius
1793 4581 2011 4632 docuisse
2027 4620 2042 4645 ,

492 4674 636 4723 quem
678 4665 1008 4726 cymbalorum
1051 4666 1098 4713 et
1133 4668 1470 4727 tympanorum
1505 4663 1643 4723 pulsu
1682 4660 1787 4711 fieri
1832 4662 2042 4723 jusserit.

492 4741 802 4791 Saltationem
816 4745 960 4791 etiam
981 4743 1236 4804 satyricam
1257 4740 1531 4800 induxisse,
1556 4752 1703 4803 quam
1736 4741 1890 4790 Graeci
1923 4742 2046 4790 Cor-

493 4817 609 4867 daca
631 4822 822 4870 vocant.
852 4819 920 4868 Ad
944 4820 1050 4869 haec
1072 4833 1260 4869 comam
1280 4819 1369 4868 deo
1405 4817 1614 4877 nutrire,
1646 4816 1840 4866 mitram
1878 4830 2042 4880 gerere

494 4899 838 4961 unguentisque
858 4898 925 4947 uti
950 4897 1209 4949 ostendisse
1230 4897 1470 4949 Bacchum
1500 4915 1514 4946 ε
1536 4895 1656 4945 adeo
1680 4897 1736 4946 ut
1756 4894 1817 4944 ad
1837 4896 2038 4946 Alexan·

493 4974 565 5023 dri
593 4989 743 5038 usque
761 4979 977 5040 tempora
1000 4991 1113 5027 cum
1144 4976 1373 5040 cymbalis
1394 4978 1443 5027 et
1464 4973 1702 5038 tympanis
1742 4975 1905 5037 praelia
1939 4975 2043 5026 indi

494 5051 702 5104 inierint.

557 5128 884 5180 Discedentem
909 5144 1022 5180 vero
1040 5145 1100 5181 ex
1125 5132 1259 5182 India
1281 5130 1527 5192 Liberum,
1552 5130 1695 5181 rebus
1713 5130 1780 5179 iia
1811 5130 2044 5179 constitu·

494 5203 575 5268 tis,
597 5218 751 5269 regern
784 5207 918 5259 Indis
939 5210 1203 5271 praefecisse
1227 5207 1529 5273 Spatembam
1542 5244 1557 5270 ,
1584 5221 1734 5259 uuum
1772 5220 1832 5259 ex
1852 5206 2043 5271 amicis,

1828 358 2188 420 MEGASTH
2198 360 2289 419 EN
2297 359 2359 419 {S

2150 486 2285 545 ἔτεα·
2313 486 2403 547 καὶ
2431 485 2611 546 τούτου
2627 487 2791 545 παῖδα
2814 485 3111 556 ἐκδέξασθαι
3131 487 3225 559 τὴν
3254 489 3533 568 βασιληίην
3561 493 3606 549 i<
3621 514 3738 569 ρα-

2149 573 2327 632 δεύαν·
2356 574 2445 632 καὶ
2471 572 2529 631 τὸ
2551 573 2654 631 ἀπὸ
2681 576 2827 631 τοῦδε
2861 573 2920 631 τὸ
2948 573 3073 632 πολὺ
3093 575 3187 652 μὲν
3216 575 3353 633 κατὰ
3381 576 3528 652 γένος
3557 578 3736 652 ἀμεί-

2148 660 2254 718 ὅειν
2281 661 2372 732 τὴν
2414 660 2708 740 βασιληίην,
2745 663 2908 719 παῖδα
2950 662 3095 741 παρὰ
3125 664 3317 742 πατρὸς
3346 665 3702 739 ἐκδεκόμενον
3721 690 3740 701 ·

2149 750 2192 806 εἰ
2229 747 2281 807 δὲ
2311 749 2537 807 ἐκλείποι
2570 749 2630 807 τὸ
2657 748 2829 828 γένος,
2867 749 3000 808 οὕτω
3021 748 3082 822 δὴ
3132 751 3427 831 ἀριστίνδην
3456 754 3740 811 καθίστα-

2149 842 2267 895 σθαι
2296 837 2503 897 Ἰνδοῖσι
2525 837 2785 917 βασιλέας.
3107 889 3121 903 .

2228 923 2495 1005 Ἡρακλέα
2523 924 2609 996 δὲ,
2631 925 2803 985 ὅντινα
2833 928 2882 993 ἐς
2905 925 3096 994 Ἰνδοὺς
3117 928 3389 1007 ἀφικέσθαι
3433 927 3589 1006 λόγος
3617 953 3734 987 κα-

2146 1011 2316 1091 τέχει,
2347 1017 2473 1091 παρ’
2508 1015 2735 1072 αὐτοῖσιν
2762 1015 2974 1075 Ἰνδοῖσι
3006 1016 3227 1093 γηγενέα
3265 1014 3526 1092 λέγεσθαι.
3574 1020 3631 1075 Τ
3632 1021 3733 1075 0²:-

2145 1122 2230 1158 τον
2259 1100 2344 1158 τὸν
2377 1100 2644 1181 Ἡρακλέα
2674 1102 2901 1174 μάλιστα
2939 1103 3066 1181 πρὸς
3093 1106 3438 1183 Σουρασηνῶν
3467 1103 3730 1182 γεραίρε-

2148 1193 2266 1247 σθαι
2295 1188 2512 1249 Ἰνδικοῧ
2557 1189 2745 1262 ἔθνεος,
2786 1189 2872 1248 ἵνα
2903 1191 2993 1249 δύο
3032 1192 3206 1258 πόλιες
3235 1193 3461 1268 μεγάλαι
3493 1192 3728 1271 Μέθορά

2145 1299 2202 1333 τε
2224 1274 2315 1333 καὶ
2346 1275 2691 1356 Κλεισόίορα,
2716 1278 2805 1335 καὶ
2825 1279 3326 1357 ποταμὸςἸωδάρης
3342 1279 3544 1344 πλωτὸς
3566 1282 3738 1358 διαρ·

2149 1362 2248 1441 ρέει
2269 1363 2362 1434 τὴν
2392 1363 2569 1443 χώρην
2601 1368 2788 1427 αὐτῶν.
2822 1369 2935 1437 Τὴν
2966 1365 3153 1437 σκευὴν
3204 1368 3257 1424 δὲ
3296 1357 3439 1433 οὗτος
3479 1370 3506 1423 ὃ
3535 1366 3725 1447 Ἦρα-

2147 1447 2298 1520 κλέης
2324 1449 2503 1520 ἥντινα
2538 1452 2740 1531 ἐφόρεε,
2781 1456 2838 1511 Μ
2856 1476 2924 1528 εγ
2941 1453 3095 1510 ασθέ
3113 1477 3188 1523 νη
3204 1478 3226 1518 ς
3249 1452 3389 1531 λέγει
3417 1452 3494 1510 ὅτι
3518 1455 3722 1530 ὁμοίην

2145 1539 2219 1615 τῷ
2244 1537 2469 1617 Θηὸαίῳ
2498 1537 2782 1617 (Ηρακλέῖ,
2812 1543 2879 1607 ὥς
2899 1540 3045 1599 αὐτοὶ
3067 1540 3219 1600 Ἰνδοὶ
3249 1539 3592 1618 ἀπηγέονται·
3616 1543 3719 1600 καὶ

2146 1623 2311 1704 τούτῳ
2338 1624 2554 1700 ἄρσενας
2582 1626 2673 1701 μὲν
2715 1628 2904 1694 παῖδας
2935 1626 3157 1693 πολλοὺς
3184 1628 3351 1705 κάρτα
3381 1626 3620 1704 γενέσθαι
3657 1631 3717 1688 ἐν

2145 1712 2210 1787 τῇ
2236 1709 2410 1768 Ἰνδῶν
2435 1716 2532 1791 γῇ,
2570 1714 2826 1791 (πολλῇσι
2854 1713 2953 1793 γὰρ
2982 1714 3043 1785 δὴ
3073 1715 3296 1793 γυναιξὶν
3336 1717 3384 1780 ἐς
3407 1714 3573 1792 γάμον
3615 1717 3718 1774 έλ-

2148 1797 2250 1855 θεῒν
2283 1797 2370 1854 καὶ
2400 1805 2579 1857 τοῦτον
2612 1799 2700 1857 τὸν
2739 1799 2809 1860 ‘H
2817 1801 3010 1879 ρακλέα
3032 1848 3048 1877 ,
3075 1804 3090 1870 )
3124 1801 3381 1879 θυγατέρα
3411 1801 3464 1859 δὲ
3517 1827 3722 1880 μουνο-

2145 1889 2355 1961 γενέην·
2378 1887 2570 1966 οὕνομα
2597 1889 2649 1946 δὲ
2688 1880 2818 1946 εἶναι
2863 1894 2928 1966 τῇ
2956 1890 3102 1947 παιδὶ
3149 1890 3442 1962 Πανδαίην,
3472 1891 3561 1948 καῖ
3610 1891 3714 1962 τὴν

2146 1971 2323 2051 χώρην
2350 1972 2434 2031 ἵνα
2455 1998 2509 2031 τε
2543 1975 2741 2052 ἐγένετο
2771 1975 2860 2034 καὶ
2883 1968 3088 2047 ἧστινος
3113 1975 3390 2057 ἐπέτρεψεν
3415 1978 3577 2048 αὐτὴν
3604 1977 3709 2058 ἅρ-

2146 2083 2256 2137 χειν
2286 2059 2610 2140 Ἡρακλέης,
2657 2062 2945 2134 Πανδαίην,
2974 2067 3063 2134 τῆς
3087 2062 3266 2129 παιδὸς
3295 2064 3589 2141 ἐπώνυμον·
3613 2066 3712 2124 καὶ

2146 2147 2310 2226 ταύτῃ
2341 2147 2621 2229 ἐλέφαντας
2670 2150 2763 2224 μὲν
2797 2150 3033 2226 γενέσθαι
3061 2153 3118 2209 ἐκ
3143 2157 3231 2209 τοῦ
3256 2152 3452 2231 πατρὸς
3493 2155 3540 2218 ἐς
3566 2177 3699 2210 πεν-

2146 2235 2444 2313 τακοσίους,
2464 2234 2622 2295 ἵππον
2647 2237 2700 2295 δὲ
2726 2240 2774 2302 ἐς
2792 2238 3230 2319 τετρακισχιλίην,
3258 2242 3425 2307 πεζῶν
3456 2239 3507 2297 δὲ
3540 2243 3593 2305 ἐς
3613 2240 3711 2307 τὰς

2145 2332 2278 2402 τρεῖς
2300 2324 2387 2381 καὶ
2412 2323 2536 2382 δέκα
2559 2325 2830 2405 μυριάδας.
2867 2327 2973 2384 Καὶ
3018 2326 3138 2384 τάδε
3170 2325 3485 2405 μετεξέτεροι
3521 2326 3710 2387 Ἰνδῶν

2149 2411 2267 2488 περὶ
2310 2411 2595 2491 Ἡρακλέος
2626 2411 2888 2490 λέγουσιν·
2920 2414 3195 2472 ἐπελθόντα
3226 2413 3380 2472 αὐτὸν
3407 2423 3581 2471 πᾶσαν
3608 2419 3712 2491 γῆν

2143 2499 2232 2556 καὶ
2267 2499 2533 2558 θάλασσαν
2563 2499 2651 2558 καὶ
2680 2500 2982 2581 καθήραντα
3012 2500 3043 2558 ὅ
3067 2525 3117 2559 τι
3141 2499 3238 2582 πέρ
3269 2501 3430 2561 κακὸν
3460 2501 3668 2568 κίναδος
3689 2549 3710 2578 ,

2144 2586 2359 2665 ἐξευρεῖν
2389 2589 2440 2644 ἐν
2467 2591 2532 2666 τῇ
2563 2587 2800 2668 θαλοίσσῃ
2825 2588 3017 2664 κόσμον
3037 2589 3354 2666 γυναικήῖον·
3373 2589 3578 2667 [ὅντινα
3614 2591 3708 2648 καὶ

2144 2676 2213 2740 εἷς
2259 2679 2408 2733 τοῦτο
2455 2675 2529 2732 ἔτι
2570 2673 2700 2734 οἵτε
2726 2676 2775 2744 ἐξ
2805 2675 2982 2735 Ἰνδῶν
3023 2681 3115 2747 τῆς
3152 2677 3327 2757 χώρης
3363 2675 3428 2734 τὰ
3458 2677 3706 2754 ἀγώγιμα

2140 2765 2265 2839 παρ’
2296 2762 2461 2838 ἡμέας
2489 2763 2769 2840 ἀγινέοντες
2811 2766 3010 2844 σπουδῇ
3040 2764 3315 2840 ὠνεόμενοι
3341 2766 3712 2841 ἐκκομίζουσι·

2141 2849 2231 2905 καὶ
2261 2847 2527 2919 Ἑλλήνων
2564 2849 2618 2908 δὲ
2647 2850 2813 2908 πάλαι
2843 2852 2931 2910 καὶ
2965 2851 3244 2928 Ῥωμαίων
3278 2857 3366 2910 νῦν
3396 2852 3506 2910 ὅσοι
3537 2856 3700 2911 πολυ-

2141 2936 2343 2995 κτέανοι
2372 2938 2460 2995 καὶ
2485 2939 2802 3017 εὖδαίμονες,
2843 2939 3016 3016 μέζονι
3055 2940 3129 2998 ἔτι
3160 2941 3357 3020 σπουδῇ
3393 2941 3640 2998 ὠνέονται
3660 2942 3702 3020 ·]

2141 3119 2301 3154 rerum
2322 3107 2662 3156 Bacchiearum
2685 3108 3037 3170 peritissimum.
3060 3112 3168 3165 Quo
3189 3113 3377 3158 mortuo
3401 3109 3460 3157 ad
3483 3110 3705 3171 Buelyam

2140 3186 2242 3245 ejns
2265 3186 2417 3235 filium
2441 3200 2639 3249 regnum
2665 3188 2920 3238 transiisse.
2963 3192 3021 3237 Et
3042 3188 3352 3250 Spatembam
3386 3187 3583 3249 quidem
3610 3201 3702 3236 an-

2140 3277 2228 3311 nos
2245 3277 2308 3313 ιιι
2324 3264 2450 3314 Indis
2466 3265 2724 3328 imperasse
2744 3284 2758 3314 ι
2777 3264 2995 3329 Budyam
3015 3279 3112 3314 non
3132 3266 3241 3327 plus
3259 3280 3342 3313 xx.
3371 3264 3527 3326 Hujus
3547 3265 3702 3314 tilium

2141 3342 2408 3393 Cradeuam
2455 3344 2504 3394 in
2544 3358 2743 3409 regnum
2775 3344 3082 3405 successisse3
3113 3344 3178 3405 (3)
3216 3345 3360 3406 atque
3392 3344 3567 3394 exinde
3597 3343 3701 3406 ple·

2139 3434 2344 3483 rumque
2378 3423 2675 3475 successione
2707 3437 2906 3487 regnum
2943 3436 2972 3472 a
2996 3424 3210 3485 patribus
3248 3424 3294 3472 in
3316 3423 3438 3471 filios
3473 3435 3561 3483 per
3593 3437 3702 3471 ma-

2139 3512 2228 3549 nus
2247 3501 2607 3552 essetraditum.
2634 3503 2683 3555 Si
2714 3516 2827 3553 vero
2873 3516 3029 3564 regem
3058 3502 3240 3564 absque
3276 3501 3434 3549 liberis
3459 3500 3697 3551 decedere

2138 3578 2457 3642 contingeret,
2484 3580 2692 3641 optimos
2713 3592 2932 3642 quosque
2948 3579 3009 3627 ab
3029 3578 3157 3629 Indis
3177 3592 3306 3641 reges
3329 3578 3511 3628 creatos
3540 3590 3667 3628 esse.

2200 3656 2454 3705 Herculem
2489 3668 2634 3718 porro
2652 3693 2666 3719 ,
2694 3670 2839 3719 quem
2873 3656 2934 3705 ad
2971 3656 3113 3705 Indos
3131 3656 3395 3718 perveniffie
3427 3654 3555 3703 rama
3592 3658 3698 3717 aet,

2139 3732 2421 3795 terrigenam
2437 3732 2562 3795 ipsos
2579 3732 2721 3786 Indos
2739 3746 2933 3782 vocasse
2948 3771 2962 3795 ,
2985 3735 3131 3796 atque
3149 3733 3278 3781 hunc
3294 3746 3322 3781 a
3336 3730 3578 3781 Sur-asenis
3601 3733 3693 3779 In·

2137 3811 2240 3859 dica
2255 3812 2395 3873 gente
2432 3813 2675 3874 praecipue
2692 3810 2814 3873 coli,
2851 3810 2936 3872 qui
2963 3810 3158 3872 quidem
3181 3811 3296 3858 duas
3321 3819 3506 3867 magnas
3541 3806 3693 3857 urbes

2138 3888 2339 3950 liabent,
2359 3889 2627 3937 Methoram
2654 3890 2704 3937 et
2724 3888 3038 3937 Clisoboram.
3075 3888 3270 3936 Jobares
3299 3884 3468 3933 fluvius
3485 3883 3690 3948 naviga-

2137 3964 2243 4015 bilis
2261 3978 2345 4027 per
2360 3978 2525 4015 eorum
2553 3966 2793 4028 regionem
2813 3964 2934 4014 iluit.
2958 3965 3047 4014 Hic
3078 3964 3302 4014 Hercules
3318 3996 3332 4022 ,
3349 3964 3402 4009 ut
3424 3962 3593 4009 auctor
3611 3964 3695 4011 est

2137 4042 2489 4104 Megasthenes,
2515 4043 2683 4092 eodem
2712 4042 2847 4090 cultu
2872 4041 3084 4104 corporis
3106 4055 3202 4103 quo
3234 4039 3484 4090 Thebanus
3507 4040 3695 4087 ilercu·

2135 4117 2204 4167 ies
2222 4119 2463 4179 utebatur,
2486 4119 2618 4180 quod
2637 4114 2741 4167 indi
2767 4118 2852 4179 ipsi
2884 4119 3113 4177 narrant;
3134 4119 3400 4179 multosque
3427 4116 3695 4168 admodum

2114 4194 2178 4242 *ei
2201 4196 2374 4244 liberos
2391 4208 2547 4245 mares
2565 4196 2614 4245 in
2632 4194 2762 4243 india
2799 4195 2942 4243 fuisse
2969 4194 3119 4243 dicit:
3151 4190 3330 4243 multas
3365 4194 3490 4241 euim
3517 4188 3698 4244 uxores

2134 4271 2355 4322 habuisse
2372 4272 2515 4321 eiiam
2531 4273 2659 4322 hunc
2674 4272 2954 4322 Herculem:
2977 4272 3120 4321 tiliam
3135 4283 3250 4321 vero
3271 4270 3478 4331 unicam,
3499 4273 3696 4323 nomine

2136 4351 2387 4401 Pandaeam
2410 4368 2427 4403 ε
2443 4352 2680 4414 regionem
2702 4364 2896 4415 quoque
2914 4351 2960 4401 in
2979 4364 3075 4413 qua
3105 4352 3218 4399 nata
3244 4353 3315 4399 est
3331 4387 3344 4410 ‚
3369 4355 3418 4399 et
3444 4349 3581 4411 cujus
3600 4351 3692 4399 im·

2133 4429 2265 4492 perio
2279 4442 2385 4479 eam
2403 4430 2617 4491 praefecit
2645 4430 2871 4479 Hercules
2886 4465 2902 4491 ,
2927 4428 3180 4478 Pandaeam
3201 4442 3230 4476 a
3255 4427 3365 4477 filiae
3391 4427 3588 4476 nomine
3605 4441 3692 4490 ap-

2133 4506 2354 4568 pellatam
2378 4525 2390 4556 :
2412 4520 2618 4568 eamque
2632 4506 2894 4569 possedisse
2911 4506 2973 4555 ab
2987 4508 3120 4569 patre
3139 4505 3419 4567 elephantos
3442 4518 3489 4565 n,
3508 4504 3695 4565 equites

2134 4584 2194 4633 ad
2213 4599 2280 4635 un
2304 4600 2379 4647 m,
2420 4585 2600 4647 pedites
2622 4583 2809 4634 circiter
2829 4597 2860 4634 c
2894 4597 2994 4633 xxx
3024 4597 3076 4634 ιι.
3098 4586 3219 4633 Sunt
3254 4586 3304 4631 et
3336 4582 3467 4643 indi,
3490 4582 3573 4644 qui
3601 4582 3694 4632 boc

2133 4675 2327 4725 quoque
2349 4662 2412 4713 de
2443 4661 2646 4714 Hercule
2687 4663 2895 4711 narrent.
2943 4666 3102 4721 Quum
3139 4660 3409 4709 universam
3431 4662 3612 4709 terram
3635 4673 3694 4708 ac

2135 4753 2267 4790 mare
2282 4741 2591 4803 peragrasset,
2610 4740 2660 4790 et
2680 4737 2915 4801 quidquid
2923 4740 3026 4789 erat
3046 4737 3282 4798 malarum
3299 4736 3562 4785 bestiarum
3582 4750 3688 4785 sus-

2133 4817 2350 4879 tulisset,
2378 4818 2602 4867 ornatum
2617 4814 2858 4878 quendam
2887 4814 3169 4865 muliebrem
3193 4813 3241 4861 in
3281 4812 3402 4862 mari
3440 4814 3690 4875 reperisse.

2133 4898 2288 4954 Quem
2306 4895 2448 4945 etiam
2471 4895 2522 4945 in
2539 4894 2669 4944 hunc
2685 4895 2814 4944 diem
2836 4895 2919 4957 qui
2953 4906 3134 4943 merces
3157 4906 3218 4941 ex
3253 4890 3386 4941 india
3414 4891 3476 4939 ad
3502 4904 3592 4939 nos
3614 4894 3690 4941 ai·-

2136 4972 2295 5021 serunt
2311 5009 2325 5034 ‚
2362 4985 2534 5034 magno
2557 4970 2717 5022 studio
2734 4974 2949 5021 ementes
2965 4971 3254 5032 exportant:
3283 4967 3367 5017 sed
3385 4970 3431 5016 et
3451 4970 3689 5031 quotquot

2133 5048 2262 5111 apud
2289 5051 2483 5100 Graecos
2521 5050 2636 5099 olim
2669 5051 2718 5099 et
2755 5061 2887 5099 nunc
2905 5048 3034 5110 apud
3059 5051 3298 5097 Romanos
3329 5044 3523 5093 ditiores
3542 5048 3658 5093 sunt
3677 5083 3692 5107 ,

2133 5127 2315 5190 majore
2335 5127 2494 5178 adbuc
2516 5128 2675 5180 studio
2694 5130 2861 5178 emunt
2888 5125 3118 5177 marinam
3161 5125 3466 5186 margaritam
3504 5125 3521 5185 (
3535 5137 3691 5173 man-
3779 5178 3788 5187 ,

2132 5217 2263 5272 para
2283 5206 2478 5269 indice)
2501 5206 2566 5259 ita
2605 5205 2828 5259 indorum
2855 5205 3016 5269 lingua
3037 5203 3212 5254 dictam
3261 5201 3514 5252 Herculem
3535 5202 3698 5263 enin»,
