4016 5916
494 406 607 459 ³68
702 449 715 460 .

2917 325 2948 344 Q,

1605 394 2046 455 DEMETRIUS
2068 393 2567 455 *PHALEREUs

490 528 770 596 πέπονθας.
804 555 829 580 υ
859 525 1245 595 Ἐπιτείναντος
1264 525 1318 586 δὲ
1352 526 1445 600 τὴν
1466 526 1638 610 φωνὴν
1669 531 1757 585 τοῦ
1778 522 2046 604 ἀνθρώπου
2135 523 2314 581 κνύναι
2342 531 2449 592 τοῖς
2477 524 2761 604 ἀνθρώποις
2784 523 2845 582 τὸ
2865 522 3055 596 ταύτης
3075 523 3420 601 εὖμετάὸολον
3438 570 3455 598 ,
3482 524 3712 593 ἐπιστὰς

412 651 415 656 -
490 617 580 676 καὶ
613 620 864 696 βοῶντος,
902 642 926 668 «ι
955 614 1134 692 Ἐγὼ,
1160 615 1518 691 Δημόσθενες,
1552 614 1697 673 οὐδὲν
1724 612 1992 689 πέπονθα;
2023 636 2048 663 a

2135 610 2221 669 ἐπὶ
2255 609 2371 678 τοὺς
2407 614 2525 669 κατ’
2566 609 2895 691 Ἀλέξανδρον
2924 608 3161 690 καιροὺς,
3194 610 3277 669 ὅτε
3317 613 3573 671 κατέλυσε
3602 613 3710 684 τὴν

493 734 516 758 «ι
542 703 628 776 Νὴ
687 702 820 781 Δία,
886 701 1072 784 φάναι,
1129 707 1217 760 νῦν
1267 699 1442 761 ἀκούω
1483 700 1655 784 φωνὴν
1708 698 2048 776 ἀδικουμένου
2140 701 2364 778 Περσῶν
2390 696 2593 779 ἀρχὴν,
2617 697 2756 777 λε’γει
2779 703 2977 757 ταῦτα·

493 793 578 855 καὶ
609 790 937 858 πεπονθότος.
969 818 993 843 n
1020 789 1203 856 Οὕτως
1232 788 1364 869 ᾤετο
1394 788 1531 868 μέγα
1559 789 1688 868 πρὸς
1717 786 1891 846 πίστιν
1917 776 2041 844 εἶναι

2219 813 2243 841 α
2275 787 2340 846 Εἰ
2381 785 2482 866 γὰρ
2505 785 2685 853 λάὸοις
2713 785 2856 865 (πρὸ
2883 791 2975 858 τῆς
3008 783 3202 851 ἐννοίας
3229 788 3359 844 add.
3402 790 3694 865 Diodor.)

492 880 579 940 τὸν
597 878 763 952 τόνον,
787 876 878 938 καὶ
909 874 1003 949 τὴν
1041 876 1311 958 δπόκρισιν
1345 881 1448 936 τῶν
1475 877 1751 953 λεγόντων.
1789 878 1915 941 Τοῖς
1954 873 2045 950 μὲν
2139 873 2213 950 μὴ
2242 873 2425 953 χρόνον
2445 873 2656 953 ἄπειρον
2677 919 2694 952 ,
2721 871 2854 951 μηδὲ
2878 872 3055 951 γενεὰς
3077 872 3301 946 πολλὰς,
3330 874 3466 932 ἀλλὰ
3494 876 3699 947 πεντή-

491 960 581 1029 οῧν
615 968 825 1035 πολλοῖς
867 965 1266 1046 ὑποκρινόμενος
1307 963 1497 1045 ἤρεσκε
1540 966 1849 1040 θαυμαστῶς
1867 986 1879 1000 ·
1917 964 1965 1020 οἱ
1995 961 2050 1019 δὲ

489 1054 757 1137 χαρίεντες
818 1053 1059 1113 ταπεινὸν
1111 1056 1329 1130 ἡγοῦντο
1385 1051 1474 1110 καὶ
1530 1050 1735 1128 ἀγεννὲς
1787 1050 1942 1108 αὐτοῦ
1991 1046 2052 1105 τὸ

491 1143 718 1220 πλάσμα
742 1142 833 1202 καὶ
867 1140 1134 1220 μαλακὸν,
1166 1131 1238 1198 ὧν
1267 1138 1356 1198 καὶ
1381 1139 1681 1217 Δημήτριος
1706 1140 1734 1195 6
1770 1134 2052 1214 Φαληρεύς

494 1235 656 1293 ἔστιν.

1228 1334 1319 1390 18.

576 1458 736 1513 Idem
762 1457 840 1514 ib.
878 1476 929 1512 c.
959 1455 1033 1511 28
1067 1475 1085 1510 .·
1118 1456 1453 1512 Oratoribus
1474 1455 1816 1530 populiscito
1856 1453 2055 1526 capitis

495 1546 802 1619 damnatiS‚
834 1543 1238 1598 Demosthenes
1266 1541 1397 1617 fuga
1431 1543 1624 1598 evasit.
1655 1532 1857 1598 Ἄλλων
1898 1538 1942 1597 δ’
1968 1541 2053 1596 ἀλ-

496 1632 663 1709 λαχοῦ
696 1625 1113 1708 διασπαρέντων,
1157 1630 1184 1684 6
1213 1626 1543 1708 Ἀντίπατρος
1579 1624 1903 1705 περιέπεμπε
1938 1622 2055 1690 τοὺς

499 1715 999 1795 συλλαμὸάνοντας,
1041 1705 1111 1774 ὧν
1159 1712 1372 1794 ἡγεμὼν
1407 1705 1471 1785 ἦν
1509 1713 1745 1794 Ἀρχίας,
1782 1717 1810 1770 6
1850 1711 2056 1786 κληθεὶς

498 1804 895 1885 Φυγαδοθήρας.
963 1806 1162 1864 Τοῦτον
1227 1802 1281 1862 δὲ
1343 1801 1564 1882 Θούριον
1620 1800 1742 1860 ὄντα
1790 1804 1865 1881 τῷ
1922 1799 2056 1877 γένει

495 1894 646 1973 λόγος
665 1892 774 1973 ἔχει
798 1891 1091 1973 τραγῳδίας
1113 1889 1477 1972 ὑποκρίνεσθαί
1500 1912 1622 1948 ποτε
1642 1935 1657 1962 ,
1687 1888 1775 1947 καὶ
1797 1889 1884 1948 τὸν
1913 1891 2058 1969 Αἰγι-

496 1983 656 2056 νήτην
698 1984 911 2057 Πῶλον,
955 1980 1043 2040 τὸν
1089 1978 1451 2060 ὓπερὸαλόντα
1501 1983 1567 2059 τῇ
1623 1977 1781 2057 τέχνῃ
1824 1977 2053 2050 πάντας,

496 2069 693 2129 ἐκείνου
727 2068 996 2147 γεγονέναι
1032 2065 1275 2145 μαθητὴν
1313 2069 1622 2146 ἱστοροῦσιν.
1651 2060 1961 2144 Ἕρμιππος
2003 2062 2057 2123 δὲ
2094 2073 2102 2146 J

497 2158 584 2216 τὸν
633 2156 843 2238 Ἀρχίαν
884 2157 938 2214 ἐν
977 2159 1085 2222 τοῖς
1124 2153 1387 2236 Λακρίτου
1425 2158 1516 2213 τοῦ
1557 2152 1771 2235 ῥήτορος
1818 2151 2057 2228 μαθητὴν

500 2244 817 2328 ἀναγράφει·
851 2243 1154 2324 Δημήτριος
1185 2241 1240 2300 δὲ
1275 2244 1367 2314 τ’ῆς
1394 2238 1752 2318 Ἀναξιμένους
1792 2237 2057 2318 διατριὸἢς

496 2331 877 2414 μετεσχηκέναι
897 2330 1053 2412 φησὶν
1083 2328 1256 2390 αὐτόν.

532 2466 539 2470 -
578 2426 975 2498 Fragmentum
1015 2419 1085 2475 de
1116 2420 1377 2475 AEschine
1411 2418 1640 2474 rhetore
1665 2416 1795 2472 vide
1833 2418 1892 2471 in
1928 2416 2060 2472 Ido-

498 2512 679 2565 menei
709 2509 777 2568 fr.
822 2506 912 2563 15.

1236 2629 1328 2685 ¹9·

747 2754 793 2808 E
835 2752 1055 2808 LIBRO
1103 2749 1287 2808 ΠΕΡΙ
1331 2749 1484 2807 ΤΗΣ
1527 2749 1785 2808 ΤΥΧΗΣ

578 2891 847 2964 Polybius
873 2888 1038 2966 (Exc.
1060 2889 1343 2965 Vatican.)
1363 2891 1583 2957 XXIX,
1606 2888 1666 2961 6,
1683 2909 1736 2961 ε,
1763 2900 2059 2967 postquam

496 2979 573 3035 de
597 2979 828 3034 interitu
853 2979 1017 3052 regni
1049 2977 1403 3033 Macedonici
1431 2979 1678 3054 dixerat,
1709 2978 1931 3049 subjicit
1962 2996 1976 3032 ε

578 3060 752 3123 θΩστε
790 3061 1043 3129 πολλάκις
1084 3061 1174 3120 καὶ
1212 3062 1331 3120 λίαν
1360 3062 1701 3140 μνημονεύειν
1742 3067 1837 3134 τῆς
1873 3068 2056 3140 Δημη-

500 3150 644 3231 τρίου
667 3154 759 3209 rbi}
787 3149 1081 3229 Φαληρέως
1105 3153 1302 3231 φωνῆς·
1345 3153 1533 3217 ἐκεῖνος
1571 3150 1671 3230 γὰρ
1705 3152 1756 3208 ἐν
1788 3153 1861 3231 τῷ
1893 3152 2059 3230 Περὶ

499 3243 613 3309 τ’ἧς
641 3236 838 3317 τύχης
868 3237 1205 3315 ὑπομνήματι
1240 3237 1545 3318 βουλόμενος
1586 3241 1809 3317 ἐναργῶς
1847 3240 2052 3297 ὓποδει·

502 3407 627 3457 disse
657 3420 670 3455 ε
711 3410 773 3456 At
791 3409 847 3456 tu
884 3405 1080 3468 quidem
1108 3406 1227 3457 nihil
1254 3419 1421 3457 eorum
1444 3420 1556 3469 quae
1589 3419 1755 3456 narras
1786 3419 1952 3469 passus
1986 3419 2055 3455 οε.

506 3484 784 3534 intendente
802 3496 859 3534 eo
874 3482 1049 3533 deinde
1070 3496 1241 3533 vocem
1264 3485 1313 3534 et
1330 3485 1569 3534 clamante
1593 3499 1605 3533 ε
1627 3486 1724 3546 Ego
1741 3496 1855 3533 vero
1869 3519 1883 3544 ,
1908 3496 1938 3532 o
1965 3485 2058 3533 De·-

498 3560 775 3610 mosthenes
790 3597 805 3623 ,
822 3560 939 3610 nihil
958 3572 1124 3623 passus
1140 3562 1283 3610 sum?
1302 3560 1477 3611 dixisse
1499 3581 1510 3610 :
1532 3564 1560 3611 J
1565 3574 1643 3610 am
1664 3562 1877 3624 prolecto
1901 3561 2059 3610 homi-

498 3639 577 3687 nis
600 3638 773 3699 injuria
791 3637 948 3687 affecti
968 3650 1136 3687 vocem
1155 3637 1315 3687 audio.
1330 3638 1460 3689 Adeo
1485 3639 1696 3688 multum
1715 3637 1981 3688 conducere
2000 3637 2062 3687 ad

506 3715 648 3765 sidem
685 3715 949 3766 faciendam
985 3716 1119 3766 vocis
1158 3717 1514 3767 contentionem
1552 3721 1807 3781 gestusque
1841 3717 2059 3780 putabat.

506 3793 795 3844 multitudini
831 3807 975 3857 porro
1011 3795 1137 3845 actio
1166 3793 1314 3859 ipsius
1340 3796 1517 3845 mirum
1546 3798 1594 3845 in
1628 3796 1825 3845 modum
1854 3795 2059 3858 placuit3

500 3873 748 3935 politiores
759 3873 991 3923 humilem
1008 3887 1113 3923 eam
1132 3877 1181 3924 et
1198 3874 1440 3938 indignam
1461 3875 1751 3937 mollemque
1760 3873 2059 3937 judicabant,

502 3951 629 4000 inter
648 3964 769 4013 quos
791 3951 1064 4001 Demetrius
1081 3951 1227 4001 etiam
1248 3952 1507 4002 Phalereus
1523 3954 1616 4003 est.

1241 4074 1326 4121 18.

568 4177 683 4227 Aliis
700 4177 1036 4226 damnatorum
1051 4177 1144 4226 alio
1159 4175 1370 4239 dilapsis,
1390 4179 1639 4241 Antipater
1652 4174 1962 4231 circummisit
1980 4181 2062 4244 qui

502 4266 588 4303 eos
600 4257 841 4315 caperent,
858 4253 1071 4316 principe
1086 4253 1315 4315 inquisito
1322 4267 1427 4303 rum
1441 4256 1631 4316 Archia,
1654 4269 1711 4305 eo
1725 4257 1807 4319 qui
1820 4258 2062 4321 Phygado·

506 4332 668 4382 theras
704 4331 767 4393 (i.
794 4345 838 4381 e.
852 4332 1204 4396 suqicivorum
1223 4332 1532 4397 indaqator)
1563 4336 1925 4397 cognominatus
1951 4338 2061 4388 fuit.

508 4414 649 4460 Hunc
662 4411 896 4460 Thorium
909 4413 1105 4461 natione
1117 4411 1374 4475 aliquando
1385 4412 1662 4463 histrionem
1680 4414 1821 4465 fuisse
1830 4414 2062 4478 tragicum

507 4487 760 4549 perhibent
777 4524 790 4547 ‚
811 4490 860 4537 et
877 4489 1045 4538 Polum
1082 4487 1375 4550 AEginetam,
1407 4489 1489 4551 qui
1509 4503 1567 4540 eo
1590 4489 1792 4541 artificio
1822 4493 2061 4543 neminem

507 4565 675 4613 habuit
691 4577 875 4628 parem,
899 4565 1044 4627 liujus
1061 4564 1326 4628 dicipulum
1349 4565 1508 4616 tuisse.
1535 4567 1819 4630 Hermippus
1838 4570 2062 4621 Archiam

508 4642 635 4692 inter
656 4643 831 4692 Lacriti
845 4642 1047 4694 oratoris
1064 4643 1319 4708 discipulos
1338 4646 1577 4708 numerat,
1600 4646 1872 4699 Demetrius
1890 4651 2065 4699 Anaxi-

508 4719 661 4769 menis
677 4719 944 4770 auditorem
967 4720 1110 4771 fuisse
1125 4720 1290 4771 tradit.

1249 4843 1329 4895 19.

574 4946 696 5002 Quae
725 4959 880 5008 quum
909 4947 977 4997 ita
1012 4947 1243 5013 habeant,
1269 4964 1399 5015 soepe
1433 4953 1655 5017 equidem
1691 4967 1748 5005 ac
1781 4968 2066 5019 magnopere

512 5022 676 5070 mente
693 5022 871 5072 recolui
891 5023 1105 5076 Phalerei
1129 5029 1356 5078 Demetrii
1382 5030 1596 5082 effatum.
1624 5035 1670 5081 ls
1687 5033 1813 5082 enim
1841 5034 1892 5083 in
1920 5037 2065 5085 Com·

513 5096 746 5146 mentario
762 5099 848 5161 qui
870 5100 1143 5152 inscribitur
1159 5105 1231 5154 De
1262 5106 1452 5156 fortuna
1465 5143 1480 5167 ,
1497 5107 1617 5157 dum
1636 5108 1778 5171 hujus
1802 5111 1906 5161 vuit
1932 5124 2064 5161 nior·

2138 984 2295 1020 κοντα
2326 961 2480 1038 μόνον
2510 960 2601 1033 ἔτη
2626 961 2776 1020 ταυτὶ
2802 959 2870 1020 τὰ
2896 960 2997 1040 πρὸ
3023 964 3179 1037 ἡμῶν
3194 1005 3211 1033 ,
3239 960 3412 1038 γνοίης
3450 961 3514 1021 ἂν
3540 968 3613 1030 ὣς
3639 964 3710 1021 τὸ

2138 1054 2230 1121 τῆς
2273 1049 2437 1129 τύχης
2484 1049 2720 1129 χαλεπὸν
2769 1051 3018 1108 ἐνταῦθα·
3064 1052 3404 1131 πεντηκοστῷ
3443 1051 3546 1128 γὰρ
3591 1051 3702 1110 ἔτει

2139 1135 2384 1217 πρότερον
2427 1136 2582 1196 οἴεσθ’
2612 1135 2673 1196 ἂν
2716 1135 2752 1208 ἢ
2779 1136 2990 1217 Πέρσας
3015 1134 3050 1208 ἢ
3088 1136 3308 1216 βασιλέα
3337 1142 3439 1196 τῶν
3471 1140 3734 1219 Περσῶν’

2139 1223 2174 1296 ἢ
2209 1223 2521 1292 Μακεδόνας
2560 1222 2596 1295 ἢ
2631 1223 2854 1305 βασιλέα
2879 1229 2983 1283 τῶν
3014 1224 3366 1303 Μακεδόνων,
3394 1225 3441 1284 εἷ
3465 1250 3542 1293 τις
3571 1231 3708 1286 θεῶν

2143 1316 2314 1380 αὐτοῖς
2343 1310 2594 1393 προύλεγε
2628 1311 2686 1371 τὸ
2709 1312 2898 1389 μέλλον
2915 1358 2931 1386 ,
2957 1312 3235 1371 πιστεῦσαί
3261 1316 3378 1370 ποτ’
3410 1313 3501 1388 ἂν,
3529 1317 3602 1382 ὣς
3629 1318 3711 1382 εἷς

2140 1406 2319 1460 τοῦτον
2345 1400 2432 1459 τὸν
2457 1400 2635 1480 καιρὸν
2665 1403 2887 1481 Περσῶν
2914 1399 3007 1477 μὲν
3038 1402 3143 1459 οὐδ’
3173 1400 3339 1477 ὄνομα
3366 1401 3705 1482 λειφθήσεται

2141 1489 2199 1546 τὸ
2227 1487 2480 1568 παράπαν
2500 1534 2516 1566 ,
2547 1486 2598 1546 οἳ
2625 1488 2799 1560 πάσης
2827 1486 3013 1566 σχεδὸν
3042 1492 3134 1558 τῆς
3160 1486 3466 1564 οἰκουμένης
3495 1489 3712 1548 ἐδέσπο-

2143 1582 2250 1646 ζον·
2311 1575 2606 1643 Μακεδόνες
2668 1575 2721 1634 δὲ
2781 1576 2956 1646 πάσης
3018 1574 3395 1655 κρατήσουσιν,
3452 1568 3526 1635 ὧν
3593 1580 3706 1637 οὐδ’

2142 1665 2305 1742 ὄνομα
2340 1664 2589 1745 πρότερον
2622 1655 2684 1737 ἦν
2733 1662 2934 1740 (ὄνομα
2978 1654 3042 1734 ἧν
3086 1662 3346 1743 γνώριμον
3379 1666 3703 1744 Diodor.);

2144 1751 2279 1811 Ἀλλ’
2299 1750 2439 1827 ὅμως
2453 1755 2486 1823 ἡ
2503 1752 2633 1832 πρὸς
2655 1750 2744 1809 τὸν
2768 1749 2877 1828 βίον
2895 1753 3048 1826 ἡμῶν
3069 1750 3343 1818 ἀσύνθετος
3363 1751 3497 1832 τύχη
3524 1754 3707 1833 (ἡμῶν

2145 1837 2394 1915 ἀναλογία
2439 1843 2530 1909 τῆς
2563 1837 2726 1917 τύχης
2765 1838 2869 1916 1).)
2889 1882 2905 1910 ,
2947 1835 3038 1895 καὶ
3073 1837 3246 1896 πάντα
3274 1837 3419 1915 παρὰ
3444 1839 3531 1896 τὸν
3557 1841 3710 1917 λογι-

2144 1926 2277 2003 σμὸν
2300 1925 2387 1984 τὸν
2416 1925 2664 2004 ἡμέτερον
2689 1930 3058 1983 καινοποιοῢσα
3075 1970 3091 2002 ,
3123 1924 3215 1983 καὶ
3236 1925 3331 1995 τὴν
3360 1929 3523 1996 αὑτῆς
3547 1926 3706 1984 δύνα-

2146 2038 2232 2090 μιν
2265 2017 2315 2073 ἐν
2358 2023 2461 2080 τοῖς
2507 2012 2864 2090 παραδόξοις(
2891 2011 3107 2081 ἐνδόξοις
3140 2015 3258 2092 D.)
3303 2012 3704 2090 ἐνδεικνυμένη,

2145 2102 2233 2160 καὶ
2262 2107 2348 2160 νῦν
2368 2146 2383 2174 ,
2412 2106 2478 2167 ὥς
2499 2101 2617 2178 ἐμοὶ
2647 2101 2812 2173 δοκεῖ,
2839 2098 3068 2158 δείκνυσι
3086 2108 3245 2158 πᾶσιν
3268 2101 3554 2180 ἀνθρώποις
3585 2102 3704 2178 (καὶ

2145 2195 2231 2246 νῦν
2258 2189 2445 2265 ὁμοίως
2469 2188 2820 2259 ἐνδείκνυται,
2852 2189 2931 2248 Μ.
2959 2189 3204 2245 Diodor.
3226 2190 3244 2262 )
3264 2232 3280 2260 ,
3301 2188 3612 2254 Μακεδόνας
3637 2192 3708 2256 εἰς

2145 2276 2239 2348 τὴν
2269 2279 2488 2354 Περσῶν
2514 2272 2845 2351 εὖδαιμονίαν
2880 2272 3190 2352 (ἠγεμονίαν
3211 2276 3315 2351 D.)
3349 2274 3706 2346 εἰσοικίσασα,

2147 2365 2275 2424 διότι
2304 2365 2393 2424 καὶ
2426 2363 2623 2430 τούτοις
2660 2369 2823 2421 ταῦτα
2858 2361 3091 2440 (τούτοις
3111 2366 3145 2434 ἡ
3181 2361 3317 2441 τύχη
3361 2363 3472 2438 D.)
3499 2364 3707 2441 τάγαθὰ

2147 2450 2430 2531 κέχρηκεν,
2457 2449 2552 2516 ἕως
2581 2448 2643 2508 ἂν
2674 2449 2804 2508 ἄλλο
2836 2471 2888 2507 τι
2928 2448 3271 2529 βουλεύσηται
3296 2449 3418 2530 περὶ
3447 2452 3646 2513 αὐτῶν.
3675 2479 3702 2503 ι

2227 2542 2278 2598 T
2281 2542 2412 2596 αῦτα
2453 2537 2546 2615 μὲν
2580 2540 2608 2594 6
2635 2535 2937 2616 Δημήτριος
2978 2537 3168 2597 ὡσανεὶ
3208 2537 3327 2617 θείῳ
3354 2538 3455 2597 τινὶ
3484 2539 3711 2617 στόματι

2150 2625 2268 2705 περὶ
2291 2631 2383 2682 τοῦ
2417 2623 2693 2701 μέλλοντος
2720 2623 3103 2705 πεφοίὸακεν...
3137 2627 3294 2686 Δοκεῖ
3318 2625 3420 2706 γάρ
3448 2650 3538 2702 μοι
3568 2632 3714 2686 θειο-

2149 2711 2302 2791 τέραν
2348 2710 2381 2782 ἢ
2423 2713 2544 2769 κατ’
2590 2711 2858 2790 ἄνθρωπον
2899 2710 2993 2783 τὴν
3042 2712 3304 2792 ἀπόφασιν
3347 2711 3708 2784 ποιήσασθαι·

2150 2794 2334 2876 σχεδὸν
2353 2796 2454 2877 γὰρ
2487 2797 2670 2856 ἑκατὸν
2702 2799 2793 2856 καὶ
2822 2799 3143 2867 πεντήκοντα
3169 2799 3418 2879 πρότερον
3449 2798 3588 2859 ἔτεσι
3609 2803 3709 2858 τά·

2148 2885 2297 2957 ληθὲς
2321 2885 2621 2965 ἀπεφήνατο
2647 2884 2768 2967 περὶ
2810 2890 2913 2944 τῶν
2954 2885 3136 2945 ἔπειτα
3165 2886 3602 2965 συμὸησομένων.

2240 2975 2763 3048 1674150=317.
2801 2996 2851 3033 a.
2885 2978 2978 3048 C.;
3023 2980 3213 3051 itaque
3253 2979 3404 3034 hunc
3450 2979 3710 3035 libellum

2149 3065 2463 3120 Demetrius
2488 3066 2771 3138 scripserit
2798 3084 2913 3138 quo
2940 3074 3196 3140 tempore
3219 3066 3568 3122 Athenarum
3589 3078 3714 3123 erat

2151 3153 2590 3208 administrator.
2652 3184 2731 3195 —
2779 3153 3037 3209 Eundem
3094 3155 3286 3209 locum
3336 3173 3406 3210 ex
3463 3154 3712 3227 Polybio

2153 3241 2496 3313 transcripsit
2518 3240 2810 3296 Diodorus
2840 3239 3005 3314 (Exc.
3030 3238 3194 3316 Vat.)
3223 3243 3456 3311 XXXI,
3497 3260 3585 3299 ιο.

2149 3410 2337 3455 vertens
2350 3404 2410 3454 ad
2431 3405 2685 3455 Alexandri
2705 3408 2948 3469 tempora,
2961 3419 3109 3469 quum
3125 3407 3167 3456 is
3182 3409 3430 3465 Persarum
3451 3407 3709 3469 impu-ium

2148 3482 2349 3543 delevit,
2372 3483 2475 3531 hoec
2499 3482 2646 3532 verba
2665 3484 2811 3532 facit:

2211 3580 2235 3603 α
2258 3564 2377 3612 Nam
2401 3561 2439 3611 si
2465 3563 2572 3623 quis
2597 3561 2727 3612 haud
2758 3561 2953 3625 quidem
2984 3563 3271 3613 immensum
3299 3566 3514 3627 tempus,
3553 3579 3712 3629 neque

2149 3641 2323 3690 multas
2356 3640 2607 3690 bominum
2646 3643 2839 3703 aetates,
2875 3641 2957 3691 sed
2992 3642 3338 3706 quinquaginta
3373 3645 3710 3696 tantummodo

2148 3719 2556 3770 antehaecnostra
2578 3722 2794 3785 tempora
2807 3735 2957 3773 annos
2974 3722 3268 3784 consideret,
3284 3723 3383 3787 iam
3403 3723 3541 3788 bine,
3558 3739 3709 3788 quam

2146 3797 2267 3845 dura
2283 3797 2345 3846 sit
2361 3797 2554 3847 fortuna
2569 3835 2585 3860 ‚
2605 3802 2843 3861 agnoscet.
2874 3802 2998 3850 Ante
3015 3813 3165 3851 annos
3183 3801 3310 3851 enim
3324 3800 3674 3865 quinquaginta
3691 3841 3706 3865 ,

2147 3874 2386 3937 putatisne
2427 3876 2506 3926 vel
2556 3879 2720 3927 Persas
2757 3890 2976 3939 regemve
3005 3882 3285 3942 Persarum,
3313 3879 3388 3929 vel
3425 3881 3712 3932 Macedones

2149 3965 2375 4002 eorumve
2399 3966 2556 4015 regem
2573 3988 2588 4014 ,
2612 3955 2652 4003 si
2679 3954 2785 4017 quis
2802 3953 2920 4003 deus
2935 3954 3048 4017 ipsis
3065 3956 3227 4006 sutura
3259 3958 3354 4007 iata
3374 3957 3678 4009 revelavisset
3693 3995 3708 4019 ,

2149 4029 2414 4092 putatisne,
2436 4029 2661 4093 inquam,
2687 4030 2776 4081 sibi
2799 4032 2900 4080 fore
2927 4044 3266 4096 pei-suasuros,
3300 4034 3390 4083 hac
3424 4033 3526 4101 ipsa
3560 4039 3709 4085 aetate

2148 4119 2209 4155 ne
2226 4119 2402 4155 nomen
2425 4106 2620 4169 quidem
2652 4110 2906 4158 Persarum
2926 4110 3317 4173 superfuturum,
3342 4111 3426 4172 qui
3451 4110 3555 4161 tum
3593 4113 3710 4161 uni·

2148 4197 2288 4233 veiso
2315 4185 2413 4235 sere
2438 4179 2542 4234 'orbi
2569 4185 2963 4249 dominabantur;
2993 4187 3274 4239 Macedones
3302 4192 3458 4239 autem
3486 4190 3708 4241 omnium

2150 4276 2309 4311 rerum
2346 4264 2609 4326 potituroS,
2633 4276 2840 4326 quorum
2867 4278 2925 4314 eo
2958 4271 3175 4329 tempore
3208 4280 3271 4317 ne
3299 4280 3473 4317 nomen
3510 4269 3708 4331 quidem

2148 4343 2317 4390 notum
2331 4343 2467 4392 erat?
2485 4342 2703 4391 Profecto
2717 4341 2862 4392 infida
2873 4343 2966 4394 isla
2981 4344 3097 4396 vitae
3120 4346 3297 4396 nostrae
3320 4345 3510 4395 fortuna
3527 4382 3541 4407 ,
3561 4350 3711 4410 atque

2148 4420 2310 4468 omnia
2336 4423 2510 4482 praeter
2534 4419 2804 4482 opinionem
2828 4424 3043 4472 nostram
3067 4423 3322 4486 innovans,
3347 4425 3710 4488 potentiamque

2148 4508 2286 4545 suam
2311 4496 2564 4559 inopinatis
2591 4496 2778 4547 casibus
2800 4500 3111 4563 patefaciens,
3137 4501 3282 4551 etiam
3318 4514 3470 4561 nune,
3493 4503 3551 4551 nt
3576 4503 3710 4551 arbi·

2148 4576 2268 4636 tror,
2294 4576 2479 4625 eunetis
2500 4576 2775 4625 hominibus
2796 4577 3168 4641 demonstravit,
3196 4580 3311 4630 dum
3335 4583 3584 4631 Persarum
3609 4582 3713 4631 feli-

2148 4653 2343 4702 citatem
2374 4651 2437 4702 ad
2468 4654 2748 4705 Macedones
2779 4658 3051 4717 transtulit,
3080 4658 3165 4708 hos
3187 4671 3381 4721 quoque
3416 4658 3600 4708 tamdiu
3635 4659 3711 4710 bis

2149 4728 2288 4778 bonis
2304 4742 2365 4779 ex
2382 4741 2607 4781 concessu
2627 4731 2717 4781 frui
2735 4733 3031 4796 permittens,
3041 4733 3194 4784 donee
3203 4734 3342 4785 aliter
3357 4733 3483 4785 deiis
3495 4737 3712 4786 statuere

2149 4805 2191 4853 ei
2217 4804 2469 4855 videbitur.
2493 4824 2519 4850 s

2211 4886 2328 4933 llaee
2344 4884 2619 4936 Demetrius
2635 4886 2796 4938 divino
2813 4888 3023 4952 quodam
3048 4902 3134 4940 ore
3148 4902 3206 4939 ac
3223 4889 3370 4940 veluti
3389 4887 3451 4940 de
3476 4890 3712 4953 Apollinis

2148 4959 2335 5022 tripode
2370 4962 2655 5013 vaticinatus
2685 4966 2791 5027 θείς
2822 4964 2906 5028 qui
2948 4978 3064 5016 sane
3107 4965 3225 5016 mihi
3269 4965 3462 5016 videtur
3496 4966 3709 5019 divinius

2150 5050 2296 5099 quam
2318 5037 2530 5088 humana
2548 5039 2757 5091 conditio
2785 5042 2875 5093 tert
2885 5078 2902 5105 ,
2918 5043 3118 5093 erratum
3134 5042 3361 5105 edidisse;
3376 5057 3490 5093 nam
3508 5047 3708 5096 centum

2149 5126 2298 5177 prope
2315 5116 2366 5164 et
2381 5116 2725 5178 quinquaginta
2746 5119 2858 5169 ante
2883 5131 3060 5181 annos,
3091 5117 3139 5170 id
3165 5118 3295 5182 quod
3322 5121 3540 5171 futurum
3572 5124 3706 5184 erat,

514 5172 688 5222 talibus
709 5173 952 5227 evidenter
982 5176 1307 5257 demonstrare
1328 5183 1703 5247 volubilitatem,
1735 5185 1946 5238 animum
1982 5188 2064 5238 ad·
2147 5190 2393 5243 verissime
2411 5194 2690 5247 enuntiavit.
