4016 5916
1185 375 1493 437 131]ssOEAE
1535 379 1629 438 ET
1670 379 2205 442 THEBANORUM
2254 382 2749 443 RESPUBLICAE.

957 508 1320 566 ΘΗΒΑΙΩΝ.

1075 658 1207 696 110.

448 759 664 816 Zenob.
700 761 807 827 vl,
843 777 909 830 17
940 776 953 815 ε
984 754 1065 816 Τί
1091 758 1208 814 οὐκ
1241 755 1536 833 ἀπήγξω,
1563 752 1665 814 ἵνα
1693 755 1918 829 966⁷]-

363 865 466 901 σιν
504 841 677 923 ἥρως
703 842 883 921 γε’νῃ;
911 843 1124 916 Ταύτης
1157 842 1385 903 Πλάτων
1429 845 1484 902 ἐν
1532 843 1778 925 Μενέλεῳ
1824 843 1920 923 μέ-

365 953 586 1005 μνηται.
618 929 765 989 Φασὶ
802 929 856 987 δὲ
880 928 958 987 ὅτι
984 932 1036 988 ἐν
1064 928 1273 1000 Θήὸαις
1290 932 1336 988 οῖ
1366 928 1576 996 ἑαυτοὺς
1599 932 1922 1010 ἀναιροῦντες

366 1018 611 1095 οὐδεμιᾶς
636 1020 792 1094 τιμῆς
813 1021 1073 1123 μετεῖχον.
1160 1016 1270 1077 Καὶ
1310 1016 1665 1096 Ἀριστοτέλης
1695 1017 1751 1075 δέ
1792 1041 1920 1098 φησι

365 1104 485 1184 περὶ
504 1103 757 1176 Θηὸαίων
779 1128 839 1163 το
855 1099 983 1163 αὐτὸ
1008 1128 1190 1179 τουτο,
1217 1105 1295 1163 ὅτι
1322 1104 1438 1172 τους
1463 1106 1766 1186 αὐτόχειρας
1793 1110 1920 1166 ἑαυ-

363 1193 467 1249 τῶν
503 1191 800 1271 γινομένους
819 1193 913 1251 οὐκ
950 1190 1160 1270 ἐτίμων.
1198 1192 1276 1253 Τὸ
1300 1183 1387 1252 ουν
1409 1191 1547 1254 Ἵνα
1591 1194 1626 1265 ἥ
1641 1193 1917 1274 ρωςγένῃ

364 1282 483 1338 κατ’
504 1277 830 1360 εὐφημισμον
860 1279 1076 1362 εἴρηται.
1099 1285 1306 1339 Eadem
1327 1285 1607 1341 ΡΙιιῑειιοΙι.
1624 1286 1793 1344 Prov.
1820 1293 1916 1355 47,

365 1369 587 1442 Suidas,
614 1370 863 1428 Photius.

1085 1512 1218 1548 111.

439 1617 721 1672 Plutarch.
744 1617 1002 1691 Pelopid.
1034 1637 1082 1675 c.
1117 1618 1181 1673 18
1199 1662 1216 1692 ‚
1239 1618 1338 1672 ubi
1368 1617 1439 1672 de
1463 1617 1585 1695 ἱερῷ
1606 1614 1749 1695 λόχῳ
1772 1622 1915 1677 The·

359 1703 640 1756 banorum
662 1720 846 1758 sermo
876 1713 954 1759 est
991 1720 1005 1761 τ
1028 1698 1203 1762 Ἔνιοι
1224 1702 1278 1760 δέ
1309 1725 1462 1782 φασιν
1490 1701 1541 1770 ἐξ
1569 1705 1801 1783 ἐραστῶν
1825 1706 1915 1765 καὶ

362 1784 634 1865 ἐρωμένων
664 1785 900 1862 γενέσθαι
940 1785 1001 1845 τὸ
1042 1788 1285 1864 σύστημα
1321 1793 1562 1849 τοῦτα...
1598 1787 1821 1867 Λέγεται
1860 1792 1912 1850 δὲ

353 1872 557 1931 καὶτὸν
581 1871 793 1933 Ἰόλεων
829 1878 920 1933 τοῦ
950 1873 1269 1955 Ἡρακλέους
1298 1873 1554 1956 ἐρώμενον
1581 1874 1705 1935 ὄντα
1733 1900 1913 1937 κοινω-

358 1961 462 2018 νεῖν
491 1963 594 2018 τῶν
624 1958 792 2019 ἄθλων
822 1962 911 2020 καὶ
933 1962 1296 2043 παρασπίζειν.
1328 1961 1687 2042 Ἀριστοτέλης
1713 1964 1766 2023 δὲ
1793 1970 1911 2024 καθ’

361 2046 515 2107 αὑτὸν
543 2046 619 2106 ἔτι
653 2048 809 2128 φησὶν
844 2048 931 2109 ἐπὶ
952 2055 1042 2110 τοῦ
1070 2073 1232 2130 ταφου
1261 2055 1350 2110 τοῦ
1375 2049 1551 2111 Ἰόλεω
1568 2050 1661 2118 τὰς
1680 2075 1907 2111 καταπι-

360 2136 574 2203 στώσεις
618 2141 877 2196 ποιεῖσθαι
917 2137 1034 2206 τους
1067 2137 1358 2217 ἐρωμένους
1394 2139 1485 2198 καὶ
1514 2136 1632 2207 τους
1670 2141 1908 2219 ἐραστάς.

358 2224 516 2291 Εἰκὸς
544 2216 632 2282 ουν
651 2224 740 2282 καὶ
769 2225 855 2283 τὸν
883 2223 1038 2305 λοΑον
1054 2225 1191 2307 ἱερὸν
1211 2227 1705 2308 προσαγορεύεσθαι,
1733 2229 1911 2287 καθότι

355 2312 447 2370 καὶ
486 2313 711 2370 Πλάτων
742 2313 909 2371 ἔνθεον
951 2314 1096 2395 φίλον
1127 2313 1216 2373 τὸν
1245 2314 1468 2393 ἐραστην
1511 2323 1780 2389 προσεῖπε.
1825 2322 1910 2375 De

355 2403 495 2458 Iolai
529 2402 782 2473 tumult),
807 2406 1121 2479 gymnasio,
1151 2405 1297 2460 ludis
1317 2425 1368 2462 v,
1398 2408 1634 2461 Pausan.
1661 2406 1745 2461 IX
1769 2447 1783 2475 ,
1813 2408 1906 2465 23.

349 2489 581 2547 Boeckh.
609 2490 680 2546 ad
710 2491 939 2549 Pindar.
972 2493 1193 2566 Olymp.
1219 2494 1322 2547 VII
1344 2535 1360 2563 ,
1380 2490 1610 2562 23.1x,
1644 2510 1750 2567 99,
1777 2493 1906 2551 coll.

355 2578 518 2651 Pyth.
544 2580 662 2653 lx,
693 2597 796 2654 993
826 2581 982 2636 Nem.
1011 2581 1112 2649 lv,
1146 2599 1252 2649 20,
1286 2580 1477 2655 ibique
1516 2582 1692 2636 schol.
1720 2611 1795 2622 —
1824 2585 1909 2638 De

357 2666 481 2743 ῖερῷ
518 2663 662 2744 λόχῳ
691 2685 745 2723 ν.
788 2685 930 2739 quos
966 2667 1158 2722 laudat
1187 2667 1489 2726 Hermann.
1543 2670 1775 2741 Antiqq.
1818 2686 1902 2741 gr.

351 2752 385 2827 S
423 2750 554 2830 181,
589 2772 655 2825 2,
679 2754 811 2812 coll.
843 2749 1066 2812 Miiller.
1093 2756 1230 2814 Dor.
1258 2756 1344 2829 11,
1379 2773 1512 2828 297.

1031 2882 1223 2962 [ιω]

434 3016 629 3093 [Arist.
655 3020 774 3076 Pol.
818 3020 904 3087 11,
939 3016 1076 3092 9,6
1116 3014 1414 3094 ’Ἐγένετο
1442 3014 1496 3074 δὲ
1524 3014 1612 3074 καὶ
1644 3014 1908 3082 Φιὶόλαος

353 3107 381 3162 ὅ
414 3105 681 3183 Κορίνθιος
704 3101 978 3180 νομοθέτης
1004 3101 1276 3174 Θηὸαίοις.
1307 3093 1467 3162 *liv
1439 3103 1485 3161 0'
1509 3106 1537 3160 δ
1560 3102 1823 3170 Φιλόλαος
1844 3103 1903 3160 τὸ

3448 396 3556 448 143

2015 510 2166 569 πόλιν
2211 509 2384 587 ἔλιπε,
2422 511 2741 588 διαμισήσας
2783 513 2869 572 τὸν
2913 515 3084 595 ἔρωτα
3124 515 3207 575 τὸν
3246 515 3341 586 τῖς
3370 522 3564 599 μητρὸς

2006 595 2315 671 Ἀλκυόνης,
2342 600 2569 671 ἀπῆλθεν
2600 602 2668 666 εἰς
2690 598 2905 670 Θηὸας,
2936 604 3084 659 κάκεῖ
3107 602 3192 661 τὸν
3220 603 3329 681 βίον
3357 606 3559 665 ἐτελεύ·

2004 706 2170 754 τησαν
2204 685 2511 766 ἀμφότεροι·
2546 684 2636 743 καὶ
2667 709 2753 744 νυν
2781 684 2861 744 ἔτι
2898 687 3184 747 δεικνύουσι
3208 689 3326 755 τους
3369 692 3561 772 τάφους

2007 771 2178 829 αὐτῶν
2212 772 2459 843 ἀλλήλοις
2489 773 2584 881 μὲν
2618 773 2961 840 εὐσυνόπτους
2992 774 3144 841 ὄντας
3164 820 3179 847 ,
3213 777 3338 854 πρὸς
3375 779 3431 835 δὲ
3465 778 3559 851 τὴν

2006 862 2108 917 τῶν
2136 860 2417 940 Κορινθιων
2433 860 2612 941 χώραν
2633 884 2721 920 του
2748 859 2844 938 μὲν
2875 860 3162 939 συνόπτου,
3185 886 3272 921 του
3292 868 3338 921 δ
3356 866 3412 924 οὐ
3440 888 3561 924 συν-

2005 944 2188 1005 όπτου.
2274 950 2634 1027 Μυθολογουσι
2671 972 2773 1029 γαρ
2797 948 2980 1015 αὐτους
3004 949 3138 1008 οὕτω
3176 949 3433 1018 τάξασθαι
3461 952 3557 1023 τὴν

2005 1033 2210 1114 ταφὴν,
2241 1034 2327 1093 τὸν
2372 1034 2465 1112 μὲν
2506 1037 2757 1108 Διοκλέα,
2796 1035 2882 1094 διὰ
2905 1035 3000 1109 τὴν
3025 1038 3309 1118 ἀπέχθειαν
3328 1062 3419 1097 του
3440 1040 3559 1097 ποί-

2006 1123 2145 1195 θους,
2186 1121 2324 1189 ὅπως
2371 1122 2444 1201 μὴ
2488 1122 2720 1189 ἄποπτος
2760 1122 2906 1182 ἔσται
2954 1129 2988 1196 ἦ
3034 1125 3282 1205 Κορινθία
3324 1126 3430 1184 ἀπὸ
3472 1151 3561 1186 του

2005 1204 2280 1318 χώματος,
2308 1207 2395 1266 τὸν
2428 1208 2484 1268 δὲ
2535 1210 2833 1283 Φιλόλαον,
2874 1210 3011 1280 ὅπως
3040 1213 3288 1280 ἄποπτος.
3315 1207 3560 1298 ’ᾨκησαν

2007 1285 2186 1371 μὲν
2125 1317 2213 1352 ουν
2241 1293 2327 1353 διὰ
2363 1294 2456 1367 τὴν
2493 1296 2742 1370 τοιαύτην
2772 1297 2942 1357 αἰτίαν
2972 1299 3118 1380 παρὰ
3141 1303 3246 1368 τοῖς
3273 1300 3558 1381 Θηὸαίοις,

2005 1380 2283 1458 νομοθέτης
2311 1384 2356 1441 δ’
2403 1385 2576 1450 αὐτοῖς
2608 1383 2808 1462 ἐγένετο
2843 1386 3111 1454 Φιλόλαος
3138 1388 3259 1468 περί
3290 1390 3338 1446 τ’
3381 1387 3556 1447 ἄλλων

2003 1471 2156 1527 τινῶν
2186 1469 2275 1527 καὶ
2298 1494 2417 1552 περι
2439 1475 2531 1543 τῆς
2556 1472 2917 1546 παιδοποιίας,
2956 1473 3041 1541 οὓς
3076 1477 3321 1535 καλοῦσιν
3363 1478 3546 1535 ἕκεινοι

2005 1555 2195 1632 νόμους
2230 1557 2486 1625 θετικούς·
2534 1582 2626 1617 και
2679 1560 2817 1619 τουτ’
2868 1562 3006 1619 ἐστιν
3049 1562 3189 1629 ἰδίως
3233 1564 3320 1621 ὑπ’
3363 1562 3554 1623 ἐκείνου

2003 1645 2489 1722 νενομοθετημένον,
2521 1646 2660 1714 ὅπως
2701 1651 2729 1706 ὁ
2767 1648 2981 1727 ἀριθμὸς
3021 1648 3254 1721 σώζηται
3290 1653 3394 1709 τῶν
3429 1650 3556 1722 κλή-

2005 1731 2157 1810 ρων.]
2183 1738 2246 1791 V.
2267 1737 2489 1791 Miiller.
2522 1738 2669 1794 Min.
2691 1755 2750 1811 p.
2785 1745 2893 1807 407
2924 1757 3033 1812 sq.,
3062 1741 3199 1797 Dor.
3232 1741 3310 1810 11,
3337 1759 3396 1814 p.
3423 1758 3554 1797 200.

2687 1848 2870 1926 [111]

2083 1975 2195 2053 [Id.
2230 1978 2352 2035 Pol.
2392 1982 2458 2047 V,
2493 1977 2549 2047 5,
2594 1996 2665 2033 10
2698 1995 2713 2036 :
2748 1975 2847 2035 Ἐκ
2882 1975 2934 2034 δὲ
2965 1977 3298 2057 δικαστηρίου
3339 1979 3556 2059 κρίσεως

2000 2068 2033 2134 ἡ
2054 2066 2107 2122 ἐν
2134 2061 2422 2143 Ἡρακλεία
2448 2062 2629 2130 στάσις
2652 2061 2852 2142 ἐγένετο
2876 2064 2965 2122 καὶ
2993 2068 3044 2124 ἐν
3070 2065 3281 2137 eicon:
3307 2066 3391 2125 ἐπ’
3413 2069 3554 2148 αἰτίᾳ

2001 2152 2270 2231 μοιχείας,
2301 2152 2512 2217 δικαίως
2540 2150 2632 2228 μὲν
2686 2156 3039 2229 στασιωτικῶς
3077 2153 3133 2212 δὲ
3179 2155 3550 2233 ποιησαμένων

1997 2237 2090 2310 τὴν
2122 2239 2359 2311 κόλασιν,
2387 2241 2489 2296 τῶν
2520 2237 2615 2313 μὲν
2650 2240 2702 2297 ἑν
2732 2237 3022 2321 Ἡρακλεία
3047 2240 3162 2299 κατ’
3200 2243 3542 2322 Εὐρυτίωνος,

1997 2331 2101 2387 τῶν
2125 2329 2170 2386 δ’
2197 2330 2250 2385 ἐν
2277 2326 2485 2397 efflat<
2504 2326 2622 2385 κατ’
2650 2326 2853 2406 Ἀρχίου
2870 2350 2883 2364 ·
2903 2327 3293 2408 ἐφιλονείκησαν
3327 2328 3430 2408 γὰρ
3457 2332 3552 2388 αὐ-

1998 2412 2113 2481 τοὺς
2132 2416 2178 2472 οῖ
2200 2415 2397 2494 ἐχθροὶ,
2432 2412 2565 2471 ὥστε
2605 2412 2813 2484 δεθῆναι
2835 2415 2888 2472 ἐν
2917 2416 3080 2494 ἀγορᾷ
3104 2416 3154 2472 ἐν
3180 2418 3253 2495 τῷ
3284 2416 3500 2495 κύφωνι.
3526 2417 3547 2494 ]

2078 2527 2102 2553 α
2149 2505 2473 2560 Perizonius
2512 2503 2624 2559 huc
2667 2503 2859 2559 retulh
2908 2506 3292 2559 narrationem
3342 2506 3548 2561 AEliani

1995 2593 2065 2650 V.
2092 2593 2167 2652 Η.
2186 2592 2301 2661 xl,
2322 2610 2390 2662 7:
2415 2586 2620 2660 Συνέὸη
2644 2585 2758 2645 τινὰ
2783 2586 2965 2666 μοιχὸν
2986 2589 3181 2647 ἁλῶναι
3196 2591 3247 2647 ἐν
3271 2592 3547 2662 Θεσπιαῖς,

1994 2666 2109 2735 εἶτα
2154 2675 2310 2752 ἤγετο
2358 2674 2445 2734 διὰ
2480 2678 2572 2745 τῆς
2622 2676 2812 2785 ἀγορᾶς
2841 2674 3132 2752 δεδεμένος·
3163 2676 3433 2756 ἀφείλοντο
3460 2668 3547 2736 ουν

1996 2761 2150 2820 αὐτὸν
2174 2764 2222 2820 οἱ
2245 2762 2468 2841 ἑταῖροι·
2498 2759 2689 2842 ἐξήφθη
2719 2752 2806 2820 ουν
2831 2785 3011 2830 στασις
3044 2761 3135 2822 καὶ
3162 2761 3408 2822 συνέπεσε
3453 2788 3547 2843 γε·

1994 2846 2170 2906 νέσθαι
2192 2847 2371 2929 φόνους
2410 2848 2650 2913 πολλούς.
2682 2852 2736 2906 Is
2758 2863 3029 2925 praeterea
3061 2871 3270 2908 nomen
3298 2853 3541 2908 urbisin

1993 2938 2264 2995 alterutro
2287 2939 2560 3013 scriptore
2586 2939 2850 2994 vitiosum
2879 2958 2990 2996 esse
3006 2942 3335 3014 suspicatur.
3361 2942 3549 2996 Potest

1995 3038 2180 3082 tamen
2208 3026 2330 3083 fieri
2377 3038 2443 3082 ut
2484 3027 2718 3082 Archias
2747 3027 2917 3088 suerit
2942 3029 3237 3084 Thebanus
3258 3072 3273 3098 ,
3298 3029 3550 3102 Thespiis

1991 3126 2176 3169 autem
2197 3116 2252 3168 in
2274 3114 2553 3170 adulterio
2574 3114 2952 3188 deprehensus
2974 3125 3028 3170 et
3055 3118 3284 3189 punitus
3303 3116 3491 3172 fuerit.
3522 3139 3546 3166 ν

353 3190 445 3268 μὲν
489 3191 630 3269 γένος
669 3194 773 3249 τῶν
857 3191 1206 3270 Βακχιαδῶν,
1255 3189 1476 3273 ἐραστὴς
1522 3189 1577 3249 δὲ
1634 3190 1905 3267 γενόμενος
1990 3197 2334 3260 sennam-m,

339 3278 618 3345 Διοκλέους
643 3301 731 3337 του
760 3277 1065 3349 νικησαντος
1094 3277 1527 3357 Ὀλυμπίασιν,“
1500 3303 1568 3346 ως
1596 3281 1786 3345 ἐκεῖνος
1803 3276 1899 3349 τὴν

366 3369 3536 3413 ———-————-—-——-————-9-————————-—.

839 3429 1397 3509 THEBANORUM.

1060 3594 1182 3643 110.

407 3720 596 3781 Quidni
622 3725 669 3772 te
689 3722 1031 3786 suspendisti,
1077 3719 1251 3772 Thebis
1277 3722 1338 3770 ul
1377 3718 1524 3769 heros
1554 3719 1700 3784 fias?
1738 3720 1895 3781 Huius

343 3800 536 3850 Platoin
549 3801 765 3850 Menelao
780 3801 1012 3851 meminit.
1027 3799 1254 3850 Referunt
1267 3798 1395 3848 enim
1407 3798 1581 3848 Thebis
1595 3801 1798 3850 mortem
1811 3798 1894 3861 qui

342 3877 426 3926 sibi
440 3877 752 3927 conscisceret
765 3913 781 3940 ,
797 3877 1023 3928 infamem
1037 3876 1275 3926 habitum.
1293 3875 1426 3926 idem
1455 3875 1517 3925 de
1545 3876 1781 3926 Thebanis
1796 3876 1894 3925 Ari-

343 3956 536 4007 stoteles
555 3969 751 4019 quoque
772 3957 1144 4018 commemorat,
1171 3968 1344 4018 nempe
1365 3955 1449 4017 qui
1467 3954 1555 4004 sibi
1573 3967 1744 4004 manus
1761 3956 1891 4004 attu-

341 4032 500 4083 lissent
513 4069 528 4094 ‚
555 4033 692 4083 nullo
729 4036 784 4083 in
822 4034 1004 4084 bonore
1042 4033 1203 4084 fuisse.
1249 4032 1375 4084 illud
1417 4033 1580 4096 itaque
1593 4069 1608 4094 ‚
1648 4035 1710 4082 ut
1744 4032 1891 4082 heros

331 4109 434 4168 fias
445 4147 461 4173 ,
481 4123 569 4174 per
588 4111 966 4174 euphemianum
984 4111 1173 4161 dictum
1187 4114 1277 4161 est.

1057 4204 1177 4253 111.

399 4301 623 4350 Nonnulli
656 4301 852 4351 tradunt
876 4301 1122 4351 cohortem
1147 4314 1250 4352 eam
1275 4315 1335 4351 ex
1368 4302 1424 4350 iis
1459 4301 1714 4352 conflatam
1731 4304 1813 4365 qui
1838 4316 1889 4353 se

343 4381 510 4429 mutuo
528 4383 795 4432 amarent...
817 4383 998 4431 Ferunt
1019 4380 1164 4430 etiam
1193 4382 1375 4430 lolaum
1407 4381 1625 4430 Herculis
1654 4383 1888 4432 amasium

339 4468 432 4505 una
445 4469 558 4506 cum
578 4470 635 4506 eo
651 4457 910 4507 certamina
924 4457 1095 4508 obiisse
1108 4494 1123 4520 ,
1141 4457 1473 4521 auxiliumque
1486 4458 1653 4508 tulisse
1667 4459 1884 4508 amatori.

335 4534 394 4582 Et
411 4533 682 4584 Aristoteles
698 4547 783 4584 sua
801 4536 945 4584 etiam
959 4537 1102 4586 oetate
1119 4535 1185 4584 ait
1199 4535 1327 4597 apud
1344 4535 1617 4598 sepulcrum
1634 4536 1749 4585 lolai
1763 4550 1886 4586 ama·

337 4611 460 4659 εοεαε
506 4616 554 4660 et
588 4610 792 4661 amasios
822 4613 991 4661 mutua
1022 4624 1073 4662 se
1114 4610 1208 4661 lide
1237 4611 1463 4675 obligare.
1503 4614 1883 4665 Consentaneum

337 4687 495 4749 itaque
518 4690 614 4749 est,
643 4701 701 4737 ea
735 4689 920 4738 ratione
955 4687 1201 4738 cohortem
1233 4703 1417 4739 sacram
1456 4689 1753 4741 nominatam
1788 4705 1885 4755 qna

333 4764 467 4813 Plato
481 4768 741 4815 amatorem
768 4765 913 4816 divini
931 4766 1073 4816 amici
1092 4767 1282 4818 nomiae
1307 4767 1514 4829 insignit.

1018 4871 1192 4943 [liz]

391 4968 530 5033 [Fuit
553 4974 604 5021 et
641 4972 881 5026 Philolaus
904 4976 1182 5027 Corinthius
1216 4977 1456 5027 Thebanis
1496 4978 1658 5041 legum
1692 4984 1877 5030 auctor.

1985 3444 2204 3494 insanum
2225 3446 2390 3495 matris
2412 3447 2670 3507 Halcyonae
2700 3460 2912 3495 amorem
2941 3451 3222 3508 aspernatus
3253 3459 3310 3495 ac
3341 3446 3542 3496 detesta-

1982 3525 2063 3572 tus
2086 3524 2254 3572 urbem
2280 3524 2571 3586 reliquisset,
2607 3525 2794 3575 Thebas
2821 3539 2916 3573 una
2952 3538 3064 3573 cnm
3088 3538 3146 3574 eo
3166 3527 3409 3586 profectus
3431 3529 3529 3585 est,

1984 3600 2144 3662 ibique
2172 3599 2314 3649 ambo
2340 3602 2517 3650 mortui
2536 3603 2677 3664 sunt,
2705 3605 2852 3664 atque
2872 3602 3018 3651 eliam
3048 3614 3178 3650 nunc
3199 3614 3367 3650 eornm
3385 3602 3540 3664 sepul·

1984 3692 2067 3727 cra
2091 3680 2378 3741 ostendunt,
2411 3681 2478 3729 ita
2512 3681 2692 3743 posita,
2726 3685 2781 3731 ut
2813 3682 3019 3731 alterum
3057 3682 3254 3745 quidem
3286 3697 3348 3733 ex
3386 3684 3538 3733 allero

1983 3756 2121 3806 facile
2147 3757 2355 3818 conspici
2394 3758 2566 3819 possin
2590 3758 2673 3808 sed
2699 3759 3058 3808 Corinthiorum
3093 3773 3208 3821 agro
3239 3760 3442 3810 alterum
3478 3761 3539 3810 sit

1981 3836 2030 3883 in
2058 3839 2317 3898 conspectu
2350 3837 2583 3900 positum,
2603 3838 2812 3888 alterum
2847 3851 2943 3888 non
2974 3838 3053 3888 sit.
3082 3838 3383 3889 fabulantur
3409 3839 3536 3889 enim

1979 3927 2062 3962 eos
2082 3913 2147 3963 ita
2165 3926 2254 3963 sua
2285 3915 2503 3977 sepulcra
2536 3915 2638 3965 fieri
2666 3929 2724 3966 ac
2743 3917 2887 3965 locari
2914 3917 3111 3979 jussisse
3138 3936 3150 3967 z
3184 3917 3399 3967 Dioclem
3427 3918 3534 3980 qui-

1979 3992 2090 4041 dem
2114 3996 2307 4055 propter
2322 3993 2487 4042 odium
2506 4007 2645 4044 casus
2664 3994 2871 4054 infandi,
2892 3998 2945 4044 ut
2970 4009 3029 4044 ne
3055 4009 3115 4046 ex
3137 3996 3345 4058 sepulcri
3368 4009 3536 4058 aggere

1977 4082 2088 4130 ager
2111 4070 2385 4121 Corinthius
2416 4072 2621 4134 prospici
2652 4076 2839 4134 posset;
2869 4072 3135 4122 Philolanm
3173 4076 3335 4121 antem
3362 4073 3455 4132 ita,
3480 4078 3557 4122 nl·

1978 4148 2152 4208 posset.
2171 4147 2462 4198 Habitabant
2481 4148 2622 4210 igitur
2635 4152 2828 4218 propter
2840 4150 2986 4198 talem
3002 4162 3194 4197 causam
3210 4149 3336 4211 apud
3352 4149 3535 4197 Theba-

1976 4236 2080 4273 nos.
2099 4226 2244 4288 Leges
2259 4227 2420 4276 antem
2440 4227 2497 4277 iis
2512 4226 2701 4290 scripsit
2715 4226 2984 4288 Philolaus,
3001 4239 3155 4288 quum
3173 4224 3233 4275 de
3245 4224 3532 4287 quibusdam

1975 4300 2081 4352 aliis
2105 4303 2273 4366 rebus,
2302 4306 2409 4354 tum
2427 4304 2487 4354 de
2509 4304 2765 4368 adoptione
2795 4304 3056 4355 liberorum
3070 4341 3085 4366 ,
3106 4317 3228 4366 quas
3248 4305 3427 4352 vocant
3453 4304 3522 4353 illi

1975 4378 2100 4442 leges
2115 4380 2375 4444 adoptivas.
2399 4384 2556 4445 Atque
2578 4382 2669 4432 hoc
2690 4381 2880 4445 proprie
2894 4379 3077 4442 legibus
3094 4380 3189 4428 illis
3211 4381 3528 4429 constitutum

1974 4461 2073 4517 est,
2107 4462 2157 4508 ut
2187 4459 2448 4523 bonorum,
2483 4476 2594 4526 quoe
2617 4462 2792 4525 cuique
2816 4465 2944 4510 sorte
2975 4459 3278 4522 obtigissent‚
3304 4473 3531 4509 numerus

1972 4536 2296 4603 servaretur]

2668 4644 2835 4710 [113]

2036 4740 2243 4805 [seditio
2283 4757 2394 4807 qnoe
2439 4745 2681 4795 Heracleae
2711 4745 2914 4805 exarsit,
2951 4757 3011 4791 ex
3048 4742 3261 4804 judiciali
3296 4743 3529 4792 sententia

1971 4822 2079 4868 orta
2095 4826 2194 4884 est3
2220 4826 2268 4872 et
2286 4835 2342 4872 ea
2366 4836 2478 4886 quae
2500 4823 2702 4884 Thebis,
2732 4836 2790 4872 ex
2817 4835 2901 4882 ec,
2926 4821 3056 4883 quod
3090 4821 3154 4870 ob
3179 4821 3358 4869 crimen
3393 4820 3527 4869 adul·

1971 4896 2078 4946 terii
2095 4909 2258 4960 poenas
2271 4899 2424 4961 justas
2442 4901 2637 4962 quidem
2651 4939 2665 4962 ,
2686 4900 2767 4950 sed
2798 4900 2991 4949 factiose
3010 4898 3345 4960 sumpsissent,
3372 4901 3524 4947 Hera-

1972 4972 2187 5024 cleenses
2212 4976 2407 5039 quidem
2426 4977 2487 5026 de
2506 4978 2763 5040 Eumione
2777 5015 2791 5038 ,
2816 4975 3027 5026 Thebani
3048 4979 3211 5023 autem
3238 4974 3300 5023 de
3321 4974 3489 5023 Archia
3511 4993 3525 5023 2

331 5049 444 5097 Erat
468 5050 630 5098 autem
665 5050 904 5102 Philolaus
926 5067 987 5102 ex
1009 5054 1382 5104 Bacciiiadarum
1406 5068 1575 5118 genere
1591 5073 1606 5120 ;
1625 5058 1706 5107 sed
1726 5072 1878 5120 quum
1968 5052 2085 5102 odio
2103 5053 2230 5102 enim
2255 5067 2343 5102 suo
2368 5054 2674 5116 pervicerunt
2695 5056 2801 5117 ejus
2828 5053 3005 5103 inimici
3021 5090 3035 5115 ‚
3062 5054 3118 5101 ut
3145 5052 3192 5101 in
3213 5053 3317 5101 foro
3336 5051 3531 5101 vinctus

331 5127 504 5179 Dioclis
525 5130 655 5192 eius,
684 5132 767 5194 qui
793 5133 906 5183 vicit
942 5134 1195 5198 Olympia,
1218 5139 1407 5186 amator
1429 5139 1580 5200 esset,
1609 5137 1688 5188 ille
1715 5143 1875 5189 antem
1969 5132 2195 5182 numellae
2213 5131 2620 5198 adstringeretur]
