4016 5916
1563 415 2061 477 MANETHOMS
2102 416 2390 477 SEBENN
2403 419 2574 477 YTAE

2142 570 2299 627 reges
2349 552 2491 608 duos
2536 554 2735 627 aliquis
2785 553 2991 609 intulit.
3032 554 3103 607 Et
3156 563 3308 608 recte
3339 553 3638 626 quidem,
3671 567 3746 610 ut

2140 639 2388 714 videtur,
2411 659 2584 713 quum
2605 641 2715 696 hoc
2740 638 2967 694 demum
2996 638 3169 693 modo
3201 641 3335 693 anni
3376 638 3498 707 348
3516 683 3535 711 ,
3575 660 3748 715 quos

2143 727 2314 781 inesse
2342 727 2469 782 huic
2500 727 2761 801 dynastiae
2797 736 2995 781 auctor
3036 727 3249 796 voluit,
3305 729 3433 782 erui
3469 730 3742 802 possint.

2142 813 2427 887 Syncellus
2446 834 2547 870 nec
2559 834 2677 870 non
2689 815 2986 872 Armenius
3007 815 3306 870 translator
3323 816 3536 871 vitiato
3553 817 3744 872 Euse-

2142 900 2238 955 bio
2251 903 2333 957 usi
2352 913 2498 957 sunt.
2516 901 2698 975 Quam
2711 900 2872 958 facile
2895 919 3029 955 vero
3044 900 3225 956 scriba
3240 919 3272 956 a
3286 902 3530 957 nomine
3552 899 3609 959 'A
3619 923 3746 958 κεν-

577 985 640 1043 ιδ’
670 986 728 1045 Ἀ
748 1009 787 1062 μ
804 984 1077 1063 μένωφις
1108 983 1199 1055 ἔτη
1232 982 1309 1059 μ’.
2141 983 2299 1065 χέρης
2310 989 2626 1044 adalterum
2639 989 2978 1044 simillimum
2989 987 3272 1056 aberrare,
3295 987 3558 1061 ideoque
3577 988 3746 1046 duos

575 1072 744 1149 Ὁμοῦ
773 1071 862 1142 ἔτη
889 1071 1032 1146 τμη’.
2144 1093 2298 1150 reges
2321 1078 2576 1132 omittere
2593 1076 2875 1151 potuerit,
2906 1074 3385 1130 demonstratione
3419 1095 3551 1132 non
3573 1089 3741 1153 eget.

578 1160 906 1240 Προσέθηκεν
929 1158 1056 1238 ὑπὲρ
1083 1159 1170 1216 τὸν
1205 1156 1507 1237 Ἀφρικανὸν
1543 1156 1631 1226 ἔτη
1679 1153 1761 1212 ‘tte'
1802 1154 2052 1220 Εὗσέὸιος
2145 1192 2216 1204 -
2241 1164 2365 1218 Jam
2391 1164 2559 1237 igitur
2578 1165 2622 1220 si
2637 1166 2797 1220 Horo
2816 1163 2936 1238 regi
2954 1171 3153 1217 octavo
3184 1162 3405 1218 tribuas
3425 1182 3620 1219 annos
3653 1164 3736 1220 38

495 1248 631 1306 κατὰ
687 1245 781 1320 τὴν
836 1248 904 1318 ιη’
954 1244 1275 1306 δυναστείαν.
1317 1246 1527 1303 Eadem
1574 1245 1860 1318 Syncellus
1907 1245 2053 1300 dixit
2147 1246 2282 1322 (λς’,
2311 1250 2361 1305 ἐν
2382 1247 2525 1328 ἄλλῳ
2551 1248 2704 1325 λη’),
2737 1251 2936 1306 Athori
2958 1260 3142 1305 autem
3173 1269 3296 1305 non
3322 1247 3426 1321 λθ’,
3466 1264 3542 1307 ut
3579 1252 3734 1312 cod.

493 1356 555 1412 p.
589 1338 685 1412 62,
718 1339 761 1394 C
793 1355 807 1394 ε
843 1333 1091 1399 Εὗσέὸιος
1116 1331 1205 1391 δύο
1233 1333 1462 1410 βασιλεῖς
1488 1328 1846 1410 περιέκρυψεν,
1878 1329 1966 1400 ἔτη
1997 1329 2049 1386 δὲ
2145 1341 2215 1395 Α.
2260 1338 2538 1410 Syncclli‚
2579 1337 2675 1393 sed
2718 1334 2781 1408 θ’,
2811 1338 2894 1392 uti
2939 1336 3134 1392 Canon
3173 1338 3403 1393 Eusebii
3423 1380 3442 1408 ,
3496 1358 3742 1396 summa

495 1422 783 1501 προσέθηκε
798 1419 902 1495 πε’,
929 1421 1313 1499 τμη’παραθεὶς
1337 1419 1449 1477 ἀντὶ
1479 1418 1589 1497 σξγ’
1614 1422 1715 1476 τῶν
1735 1416 2048 1499 παρ”Αφρι-
2144 1425 2361 1478 eruitur
2388 1442 2665 1480 annorum
2697 1423 2830 1490 348.
2875 1454 2953 1466 ·—-
2989 1424 3249 1479 Ceterum
3295 1425 3556 1481 tabulam
3582 1427 3728 1483 snb·

496 1512 638 1588 κανῷ
690 1512 825 1584 Quae
864 1521 1174 1584 sequuntur
1196 1510 1374 1583 legati,
1406 1509 1449 1563 si
1479 1508 1653 1576 lubet,
1681 1506 1831 1599 apud
1868 1508 2050 1579 ipsum
2134 1508 2421 1585 jungimus
2481 1530 2592 1585 qua
2654 1512 2876 1567 numeri
2930 1511 3228 1566 Eusebiani
3281 1511 3524 1569 diversis
3576 1516 3734 1571 locis

495 1599 833 1672 Syncellum.
2141 1599 2397 1653 recensiti
2437 1610 2875 1674 componuntur.
2905 1597 3186 1673 Corrupta
3211 1601 3548 1656 notavimus
3579 1613 3736 1658 aste·

576 1685 779 1743 Euseb.
820 1685 1033 1744 Chron.
1058 1703 1119 1758 p.
1157 1702 1232 1757 99
1261 1702 1275 1736 ε
1315 1685 1542 1736 Decima
1572 1692 1764 1735 octava
1786 1680 2049 1753 dynastia
2140 1693 2307 1751 risco·

494 1775 928 1846 Diospolitarum
954 1772 1112 1827 XIV
1131 1788 1321 1842 regum
1337 1811 1350 1836 ‚
1384 1787 1609 1843 quorum
1625 1772 1841 1841 primus

574 1865 802 1915 Amoses
847 1864 1009 1914 amu‘s
1032 1858 1217 1913 XXV
1259 1854 1385 1931 (33.
1422 1855 1629 1910 Abrah.
1676 1850 2044 1927 294—318).

579 1947 834 2004 Chebron
879 1952 1045 2001 annis
1070 1946 1245 2001 XIII
1274 1942 1351 2019 (a.
1378 1942 1516 1998 Ahr.
1552 1939 1913 2015 319—331).

574 2035 849 2110 Amophe‘s
875 2038 1042 2088 annis
1062 2033 1228 2088 XXI
1289 2029 1369 2106 (a.
1404 2030 1541 2087 Abr.
1575 2027 1944 2103 332—353).

576 2124 897 2197 Memphres
931 2126 1097 2176 annis
1123 2121 1264 2176 XII
1304 2121 1385 2193 (3.
1415 2118 1553 2175 Abr.
1590 2115 1961 2188 354—365).

572 2208 1101 2286 Misplzarmuthosz‘s
1136 2211 1302 2262 annis
1327 2206 1547 2263 XXVI
1581 2203 1655 2280 (a.
1680 2204 1822 2262 Abr.
1855 2201 2043 2258 366-

498 2298 665 2374 391).

576 2387 885 2443 Tuchmosis
913 2391 1079 2441 annis
1100 2386 1205 2440 IX
1229 2383 1313 2460 (a.
1346 2383 1482 2441 Abr.
1529 2379 1886 2457 392-2400)·

573 2473 909 2548 AmenophIs
930 2476 1092 2528 ‹mnt’s
1113 2472 1346 2527 XXXI
1366 2467 1446 2548 (a.
1481 2470 1619 2527 Abr.
1668 2476 1740 2533 40
1754 2467 1970 2534 1—431
1996 2468 2038 2543 ).

497 2561 603 2616 Hic
624 2573 710 2616 est
724 2566 818 2636 qui
837 2562 1102 2616 Memnon
1118 2561 1442 2634 putabatur,
1461 2570 1626 2635 petra
1648 2560 1885 2632 loquem.

577 2649 718 2704 Orus
744 2653 905 2702 anm‘s
937 2648 1243 2702 XXVIII.
1288 2644 1411 2720 (gr.
1438 2641 1546 2712 λη’.
1592 2646 1660 2699 In
1716 2662 1838 2698 can.
1880 2646 2041 2697 Arm.

498 429 610 476 573

496 550 766 627 Αἰγύπτου
796 549 1026 608 ἐκπεσὼν
1056 550 1146 608 καὶ
1174 547 1373 631 φεύγων
1397 548 1483 607 τὸν
1529 547 1745 629 ἀδελφὸν
1777 546 2044 625 Αἴγυπτον

497 641 567 702 εἷς
591 637 684 709 τὴν
715 635 948 698 Ἑλλάδα
979 641 1300 717 ἀφικνεῖται,
1333 635 1599 713 κρατήσας
1627 658 1681 692 τε
1719 639 1807 693 τοῦ
1834 633 2052 715 Ἄργους

460 792 465 796 Q
499 721 760 800 βασιλεύει
783 727 883 781 τῶν
908 722 1171 803 Ἀργείων.

577 812 643 888 ιγ’
676 810 1062 887 (Ραμεσσῆς
1108 811 1217 888 (sic
1233 830 1302 868 ex
1320 812 1522 867 Euseb.
1556 814 1712 865 Arm.
1741 810 2047 880 Dindorf.;

421 893 436 908 ⁸
495 903 626 958 libri
654 900 941 976 Ἀμμεσῆς)
970 902 998 956 ὁ
1023 897 1113 956 καὶ
1143 895 1434 976 Αἴγυπτος,
1460 896 1549 966 ἔτη
1580 894 1675 966 ξη’.

2315 1852 2437 1877 κ’

2209 1988 2304 2025 κει,
2389 1969 2399 1978 “
2433 1974 2495 2003 nc.
2527 1976 2576 2006 CO

496 2735 594 2807 37,
620 2736 690 2790 ab
723 2755 774 2789 a.
808 2736 948 2792 Abr.
980 2732 1338 2806 432—463).

521 2858 533 2866 -
572 2821 957 2879 Achencheres
984 2825 1149 2875 annis
1175 2821 1335 2874 XVI
1373 2819 1457 2892 (in
1483 2817 1618 2878 Can.
1651 2820 1790 2893 XII,
1822 2836 1875 2875 3.
1903 2817 2042 2872 Abr.

499 2908 865 2985 469-480).
897 2911 1078 2979 Hujus
1096 2919 1264 2964 oetace
1292 2908 1481 2962 Moses
1508 2906 1699 2960 ducem
1726 2923 1786 2960 se
1792 2904 2051 2981 praebuit

494 2998 751 3053 Hebroet's
793 2997 867 3050 ab
889 3000 1131 3071 Egypto
1156 2994 1563 3051 excedentibus.
1600 2990 1959 3068 [Sequuntur
1988 2993 2048 3046 in

505 3085 768 3141 Canone:
800 3083 1023 3142 Athoris
1041 3101 1132 3138 an.
1166 3101 1203 3156 9
1228 3078 1595 3156 (481—489)
1629 3091 1684 3134 et
1707 3078 2049 3135 Chencheres

495 3189 587 3229 an.
628 3170 696 3228 16
729 3167 1169 3246 (490-505)].

576 3257 862 3315 Ancheoes
889 3262 1057 3313 annis
1087 3256 1248 3313 VIII
1298 3253 1379 3331 (a.
1412 3255 1550 3311 Abr.
1588 3253 1952 3328 506—513).

575 3348 781 3406 Cheres
805 3350 966 3400 annis
993 3346 1113 3401 XV
1139 3343 1224 3419 (3.
1255 3343 1395 3401 Ahr.
1429 3340 1793 3417 514—528).
1984 3332 1989 3337 ’

576 3441 802 3493 Armais
826 3439 923 3510 qui
946 3446 1003 3490 et
1026 3436 1261 3489 Danaus
1285 3435 1451 3486 annis
1476 3432 1533 3483 V
1560 3428 1645 3505 (a.
1677 3431 1818 3488 Abr.
1854 3427 2048 3504 529—

497 3523 609 3581 533
626 3522 674 3602 );
700 3524 898 3598 quibus
904 3525 1170 3598 peractis,
1208 3521 1588 3593 AEgyptiomm
1616 3522 1838 3590 regione
1858 3518 2051 3590 puLms

495 3607 1152 3687 AE'gyptumqueftatrem
1176 3625 1334 3663 suum
1337 3603 1591 3678 fugiens,
1610 3609 1784 3659 evasit
1810 3608 1867 3658 in
1890 3604 2048 3659 Groe-

493 3706 639 3757 eiam
658 3741 674 3771 ,
711 3704 983 3775 Argisque
1012 3701 1215 3772 captis,
1255 3698 1545 3769 imperavit
1568 3694 1809 3766 Argivis.

571 3792 889 3853 Ramesses,
940 3791 1038 3860 qui
1094 3795 1152 3840 et
1188 3785 1482 3858 AE'ffl'Pmsv
1559 3783 1723 3836 anm‘s
1772 3780 2053 3835 LXVIII

493 3873 580 3953 (3.
607 3875 750 3933 Abr.
781 3870 1140 3947 534-601).

569 3958 915 4035 Antenopht‘s
942 3955 1298 4033 (Memphis,
1328 3952 1659 4028 Menophes‚
1690 3951 1859 4008 series
1884 3968 2040 4026 regg.

494 4048 899 4124 Arm.),anm's
926 4047 1038 4102 XL
1063 4042 1136 4119 (3.
1166 4044 1309 4103 Abr.
1337 4039 1703 4115 Soa—641).
2444 4019 2816 4075 ΒῩΝΑΒΤῙΑ
2865 4017 3162 4074 DECIMA·
3185 4018 3415 4078 NONA·

571 4137 801 4192 Summa
822 4136 1213 4191 dominationis
1241 4129 1457 4189 CCCX
1452 4129 1555 4185 LV
1550 4130 1659 4184 III
1662 4168 1678 4182 .
2429 4128 2436 4135 “
2863 4156 2935 4213 52

578 4224 661 4280 Cf.
687 4226 855 4278 Vetus
878 4222 1089 4278 Chron.
1116 4239 1130 4275 :
1155 4214 1222 4287 ιη’
1245 4214 1514 4274 δυναστεία
1536 4213 1843 4291 Μεμφιτῶν,
1858 4211 2047 4288 γενεῶν
2946 4198 2961 4213 “

498 4310 585 4386 ιδ’,
613 4310 739 4366 ἐτῶν
771 4307 895 4385 ’πμ-η’
927 4306 1127 4383 (348).

572 4400 640 4452 13
667 4407 912 4471 utroque
960 4393 1089 4452 cod.
1137 4392 1381 4468 Syncelli
1416 4392 1667 4466 dynastia
1720 4388 1837 4443 haec
1884 4386 2048 4443 fuisse

2217 4300 2493 4373 Josephus
2516 4298 2578 4355 C.
2609 4300 2816 4371 Apion.
2850 4295 2897 4367 1,
2928 4298 3002 4354 26
3035 4315 3049 4350 τ
3083 4294 3206 4374 Ἐφ’
3235 4296 3345 4359 ἐνὸς
3393 4294 3461 4366 δὴ
3493 4298 3716 4378 πρώτου

2139 4385 2318 4457 στήσω
2346 4384 2432 4442 *ὃν
2453 4372 2672 4462 λόγονῷ
2713 4381 2802 4439 ’‘²'‘
2828 4380 3047 4461 μάρτυρι
3070 4380 3248 4460 μικρὸν
3280 4380 3586 4460 ἔμπροσθεν
3617 4391 3714 4457 τῆς

497 4484 704 4540 dicitnr
730 4479 983 4560 βασιλέων
1016 4478 1100 4537 ιδ’.
1144 4480 1430 4541 Consentit
1472 4480 1653 4535 versio
1697 4475 2045 4532 Armeniaca.

495 4571 730 4627 Accedit
773 4571 1051 4643 denique,
1078 4568 1235 4643 quod
1266 4568 1498 4624 ‘disertis
1531 4566 1717 4621 verbis
1761 4562 2048 4637 Synccllus

494 4676 557 4731 p.
595 4659 691 4729 62,
721 4659 763 4715 C
813 4657 950 4714 dicit
980 4674 993 4714 :
1024 4652 1269 4718 Εὐσέὸιος
1294 4651 1385 4711 δύο
1431 4650 1657 4732 βασιλεῖς
1687 4648 2044 4729 περιέκρυψεν.

494 4748 702 4802 Verum
721 4747 780 4800 in
802 4748 1027 4805 Canone
1051 4743 1318 4800 Eusebius
1335 4752 1585 4798 recenset
1603 4758 1758 4815 reges
1779 4738 2039 4794 sedecim.

496 4833 682 4905 Atque
711 4832 843 4887 hinc
873 4833 932 4886 in
956 4830 1271 4904 syncellum
1295 4829 1425 4885 cod.
1454 4832 1502 4883 A
1532 4827 1628 4902 qui
1658 4825 2049 4881 desiderantur

1227 4999 1319 5048 52.

2138 4470 2479 4553 ἀρχαιότητος
2497 4469 2823 4547 ἐχρησάμην.
2843 4467 2913 4528 Ὁ
2940 4466 3041 4548 γὰρ
3072 4466 3324 4529 Μανεθὼν
3354 4460 3527 4543 οὗτος,
3555 4478 3586 4532 ὁ
3613 4473 3710 4546 τὴν

2138 4555 2498 4637 Αἰγυπτιακὴν
2517 4554 2746 4637 ἱστορίαν
2766 4559 2820 4615 ἐκ
2856 4558 2958 4614 τῶν
2980 4557 3129 4635 ἱερῶν
3154 4555 3486 4636 γραμμάτων
3525 4566 3712 4639 μεθερ-

2138 4644 2375 4722 μηνεύειν
2395 4641 2771 4725 ὑπεσχημένος,
2787 4640 3046 4725 προειπὼν
3063 4642 3178 4709 τοὺς
3190 4643 3484 4725 ἡμετέρους
3507 4648 3714 4727 προγό-

2137 4756 2248 4800 νους
2289 4730 2511 4799 ’πολλαῖς
2560 4729 2801 4811 μυριάσιν
2844 4728 2930 4787 ἐπὶ
2983 4727 3078 4802 τὴν
3126 4727 3394 4809 Αἴγυπτον
3453 4734 3710 4802 ἐλθόντας

2136 4822 2396 4900 κρατῆσαι
2425 4822 2524 4876 τῶν
2554 4816 2899 4891 ἐνοικούντων,
2928 4807 3022 4875 εἶτ’
3048 4815 3200 4886 αὐτὸς
3228 4819 3502 4895 ὁμολογῶν
3527 4822 3708 4903 χρόνῳ

2139 4986 2362 5035 manetho
2377 5024 2391 5049 ,
2413 4985 2494 5048 qui
2523 4984 2768 5034 historiam
2792 4984 3116 5046 AEgyptiacam
3147 4997 3176 5034 e
3197 4986 3345 5034 sacris
3367 4985 3524 5036 literis
3544 4988 3704 5039 inter·

2138 5062 2311 5125 pretari
2342 5061 2582 5124 pollicitus
2615 5063 2717 5123 est,
2752 5062 2978 5123 praefatus
3002 5063 3192 5111 nostros
3221 5062 3552 5125 progenitores
3581 5076 3702 5117 cum

561 5137 633 5187 Ad
664 5150 812 5187 unum
833 5138 994 5200 itaque
1028 5137 1322 5201 praecipuum
1345 5137 1613 5187 orationem
1642 5136 1840 5186 reseram
1860 5171 1873 5195 ‚
1904 5148 2050 5198 quem
2142 5138 2302 5188 muitis
2324 5137 2618 5200 myriadibus
2634 5137 2682 5187 in
2711 5139 2966 5200 A-:gyptum
2992 5137 3262 5200 advenisse,
3289 5139 3494 5201 eiusque
3517 5139 3710 5193 incolas

499 5216 661 5280 paullo
689 5222 800 5265 ante
836 5216 1131 5279 antiquitatis
1166 5218 1343 5265 nostrae
1375 5219 1545 5265 testem
1564 5214 1775 5265 adhibui.
1812 5214 1899 5265 Hic
1924 5216 2053 5265 enini
2140 5214 2436 5278 subjugasse,
2456 5214 2626 5266 deinde
2646 5215 2743 5278 ipse
2762 5227 3020 5279 agnomns
3042 5213 3168 5277 quod
3202 5218 3415 5279 tempore
3435 5222 3608 5281 postea
3627 5234 3704 5271 se·
