4016 5916
484 389 612 473 126·

1563 334 2052 441 Amsromssls
2093 379 2583 442 FRAGMENTA.
2679 459 2684 463 ,

479 514 747 595 κληρωταί
777 536 831 572 τε
858 505 993 585 ἦσαν
1034 515 1094 572 ἐκ
1120 514 1349 571 παλαιοῦ
1394 512 1484 571 καὶ
1522 513 1584 573 δι’
1616 516 1788 574 αὐτῶν
1823 517 1870 574 οἱ
1898 516 2037 574 δοκι·
2122 537 2188 594 p.
2215 516 2366 589 2503
2410 520 2722 575 Hermann.
2749 515 2783 591 S
2809 517 2941 587 134,
2974 533 3062 590 193
3083 518 3438 577 Scboemann.
3465 543 3524 601 p.
3557 521 3697 582 310.
3738 580 3741 585 ,

481 602 760 679 μασθέντες
791 601 1061 659 ἄνέὸαινον
1085 602 1156 669 εἰς
1169 598 1368 682 Ἀρειον
1398 599 1583 681 πάγον.
1612 601 1706 662 Διὸ
1730 601 2039 681 καὶμᾶλλον

480 688 700 770 ἰσχύσας
734 694 763 748 ὃ
803 690 1071 768 ΙΠειρικλῆς
1116 690 1169 748 ἐν
1211 692 1287 769 τῷ
1333 688 1484 770 δήμῳ
1524 689 1904 750 κατεστασίασε
1944 688 2041 762 τὴν

483 777 674 857 βάυλὴν
690 821 707 851 ,
722 774 859 836 ὥστε
885 773 979 847 τὴν
997 774 1093 854 μὲν
1118 777 1461 857 ἀφαιρεθῆναι
1476 773 1567 844 τὰς
1580 776 1829 846 πλείστας
1847 777 2042 858 κρίσεις

481 863 546 924 δι’
573 862 858 945 Ἐφιάλτου
878 907 896 941 ,
921 861 1145 942 Κίμωνα
1178 862 1221 921 δ’
1245 868 1314 929 ὥς
1340 863 1672 944 φιλολάκωνα
1706 864 1797 925 καὶ
1816 867 2042 943 μισόδη-

482 975 579 1028 μον
606 952 1096 1030 ἐξοστρακισθῆναι,
1136 949 1349 1032 πλούτῳ
1379 949 1471 1027 μὲν
1514 951 1605 1011 καὶ
1644 952 1779 1032 γένει
1826 954 2044 1033 μηδενὸς

480 1038 916 1117 ἀπολειπόμενον,
956 1037 1103 1107 νίκας
1146 1040 1202 1097 δὲ
1249 1039 1534 1105 καλλίστας
1572 1039 1877 1112 νενικηκότα
1922 1039 2042 1107 τοὺς

379 1176 382 1181 .
484 1125 779 1209 βαρὸάρους
804 1126 895 1213 καὶ
921 1127 1210 1207 χρημάτων
1239 1128 1447 1186 πολλῶν
1484 1125 1575 1185 καὶ
1598 1127 1842 1208 λαφύρων
1880 1129 2043 1205 ἐμπε-

478 1214 719 1287 πληκότα
739 1213 834 1286 τὴν
858 1215 1033 1277 πόλιν.

555 1304 899 1361 Demonides
921 1305 1014 1362 hic
1050 1304 1202 1361 idem
1229 1325 1362 1362 cum
1391 1305 1712 1363 Damonide
1728 1346 1744 1376 ,
1769 1308 2044 1364 Damonis

479 1390 739 1469 (musici)
778 1405 975 1467 patre,
1017 1411 1188 1467 quem
1229 1390 1423 1451 Ὄαθεν
1459 1412 1573 1450 esse
1605 1393 1741 1449 dicit
1768 1395 2038 1468 Stephan.

476 1481 609 1553 Byz.
634 1499 679 1539 s.
696 1501 755 1539 v.
777 1474 909 1539 Ὄα.
939 1480 1205 1537 Confusio
1239 1480 1540 1537 demorum
1563 1475 1699 1550 Οἴης
1721 1491 1777 1536 01
1802 1476 1939 1551 ’οης
1959 1483 2042 1539 fa·

478 1569 713 1638 cillima;
739 1588 796 1626 v.
821 1569 1062 1624 Sintenis
1083 1568 1158 1624 ad
1188 1568 1231 1625 1.
1250 1570 1400 1627 Plut.
1435 1569 1696 1626 Ceterum
1713 1569 1782 1627 cf.
1805 1571 2040 1629 Aristot.

481 1656 605 1713 Pol.
632 1658 718 1726 ΙΙ,
750 1675 815 1730 9,
850 1653 905 1710 3.

1207 1770 1308 1841 67.

560 1889 846 1949 Plutarch.
879 1889 1080 1947 Pericl.
1115 1907 1185 1945 10
1216 1906 1231 1948 ε
1265 1887 1557 1967 Ἐφιάλτην
1580 1885 1673 1963 μὲν
1700 1878 1787 1946 οὗν
1817 1886 2038 1968 φοὸερὸν

478 1972 602 2033 ὄντα
637 1982 742 2041 τοῖς
762 1975 1115 2054 ὀλιγαρχικοῖς
1148 1973 1237 2034 καὶ
1263 1972 1383 2054 περὶ
1410 1973 1504 2043 τὰς
1542 1973 1756 2041 εὐθύνας
1784 1973 1875 2032 καὶ
1917 1974 2038 2033 διώ·

479 2060 577 2129 ξεις
619 2064 722 2121 τῶν
752 2060 840 2120 τὸν
882 2062 1045 2137 δῆμον
1071 2061 1383 2120 ἀδικούντων
1428 2061 1786 2143 ἀπαραίτητον
1823 2061 2040 2120 ἐπιδου-

479 2148 759 2218 λεύσαντες
791 2152 839 2210 οἱ
863 2148 1038 2231 ἐχθροὶ
1071 2149 1139 2208 δι’
1170 2149 1516 2229 Ἀριστοδίκου
1546 2156 1637 2209 τοῦ
1673 2152 2041 2231 Ταναγρικοῦ,

479 2238 745 2320 κρυφαίως
765 2241 993 2311 ἀνεῖλον,
1027 2242 1096 2306 ὡς
1133 2236 1491 2319 Ἀριστοτέλης
1527 2237 1751 2320 εἴρηκεν.
1781 2242 2042 2316 Ignorari

479 2328 644 2384 caedis
670 2338 926 2385 auctores
960 2327 1158 2384 dicunt
1181 2329 1475 2403 Antiphon
1500 2331 1586 2384 De
1612 2327 1762 2385 caede
1801 2329 2044 2385 Herodis

482 2415 515 2490 S
547 2436 640 2489 77,
669 2427 724 2473 et
748 2416 1040 2474 Diodorus
1060 2417 1150 2473 XI
1169 2458 1185 2487 ,
1222 2436 1318 2489 77.

558 2504 720 2561 Idem
767 2504 908 2561 ibid.
951 2523 1001 2563 c.
1051 2502 1126 2559 28
1174 2503 1247 2559 de
1295 2505 1525 2560 Periclis
1558 2504 1619 2558 in
1664 2504 1880 2559 Samios
1920 2524 2044 2559 cru-

479 2589 705 2648 delitate
731 2592 871 2647 nihil
897 2590 1122 2647 tradere
1146 2591 1496 2646 Aristotelem
1522 2590 1695 2662 dicit,
1722 2591 1882 2664 quod
1904 2592 2041 2646 Plu-

478 2679 704 2734 tarchus
748 2687 943 2733 monet
988 2688 1185 2733 contra
1233 2676 1508 2732 Duridem
1539 2673 1648 2751 (fr.
1698 2672 1841 2753 6o);
1889 2676 2042 2732 idem

479 2782 530 2818 c.
564 2763 639 2820 26
684 2765 959 2821 Periclem
986 2782 1015 2819 a
1043 2764 1264 2820 Melisso
1294 2763 1499 2837 proelio
1524 2763 1705 2818 navali
1733 2764 1941 2819 victum
1971 2783 2040 2820 ex

480 2853 781 2908 Aristotele
809 2861 1022 2909 narrat.
1048 2853 1117 2908 V.
1145 2852 1310 2924 Resp.
1337 2851 1674 2907 Samiorum.

1208 2969 1305 3029 68.

562 3099 752 3155 Schol.
803 3099 1092 3173 Aristoph.
1132 3101 1300 3173 Vesp.
1333 3097 1442 3167 684
1481 3115 1497 3157 :
1549 3100 1720 3158 Τοῦτο
1758 3097 1811 3157 δὲ
1843 3105 1946 3176 (sc.
1978 3100 2039 3160 τὸ

482 3181 797 3260 δικαστικόν)
822 3181 1007 3241 ἄλλοτε
1035 3182 1205 3251 ἄλλως
1233 3182 1450 3262 ἐδίδοτο,
1472 3187 1575 3243 τῶν
1602 3186 1933 3264 δημαγωγῶν
1961 3186 2033 3246 τὰ

478 3270 652 3343 πλήθη
681 3269 1067 3331 κολακευόντων
1085 3316 1102 3349 ,
1122 3270 1191 3339 ὥς
1210 3295 1365 3346 φησιν
1392 3272 1504 3354 Ἀρ.
1536 3274 1589 3332 ἐν
1611 3273 1926 3343 Πολιτείαις.
1957 3311 2038 3321 -

478 3359 566 3421 Cf.
594 3361 775 3421 schol.
804 3361 880 3419 ad
900 3362 1047 3420 Plut.
1080 3361 1194 3437 329
1222 3381 1235 3418 :
1260 3363 1382 3441 Οὐχ
1407 3357 1589 3421 ἵστατο
1616 3368 1704 3422 τοῦ
1735 3363 2036 3444 δικαστικοῧ

479 3451 508 3507 δ
536 3446 751 3526 μισθὸς,
782 3447 918 3508 ἀλλὰ
951 3447 1085 3507 κατὰ
1116 3448 1294 3529 καιρὸν
1339 3448 1677 3524 μετέὸαλλον.
1726 3453 1811 3511 Cf.
1851 3455 2032 3510 schol.

476 3539 623 3599 Rau.
657 3545 786 3608 140,
813 3543 920 3595 Av.
953 3538 1125 3610 1541,
1146 3541 1313 3613 vesp.
1341 3539 1438 3598 88.
1470 3540 1601 3599 300.
1628 3541 1743 3615 609
1776 3554 1881 3600 etc.
1907 3546 2034 3600 Ari·

476 3635 613 3683 etot.
639 3625 809 3684 Polit.
833 3628 938 3699 IV,
977 3632 1006 3692 4
1025 3667 1040 3695 ,
1075 3626 1142 3697 53
1168 3630 1244 3703 V,
1273 3647 1337 3702 9,
1374 3627 1429 3684 3.
1449 3629 1679 3687 Boeckh.
1707 3630 1961 3686 Staatsle.
1985 3635 2034 3703 Ι,

2855 631 2952 707 69.

2207 755 2419 811 Zenob.
2458 756 2564 823 VI,
2612 772 2686 827 29
2743 771 2758 807 :
2802 748 2999 831 Ὑπὲρ
3044 748 3120 809 τὰ
3171 752 3699 833 Καλλικράτους·

2128 836 2403 919 Κλέαρχός
2430 860 2584 919 φησιν
2622 835 2701 895 ὅτι
2732 836 3104 917 Καλλικράτης
3160 859 3234 903 τις
3261 836 3462 917 ἐγένετο
3484 842 3539 898 ἐν
3571 845 3695 902 Κα-

2134 925 2307 1008 ρύστῳ
2329 922 2732 992 πλουσιώτατος.
2774 922 2842 983 Εἴ
2868 946 2996 984 ποτε
3027 922 3317 1001 ἐθαύμαζόν
3340 948 3456 983 τινα
3483 930 3530 986 οῖ
3572 930 3688 989 Κα-

2131 1012 2327 1093 ρύστιοι
2363 1012 2452 1071 ἐπὶ
2491 1009 2703 1090 πλούτῳ
2740 1009 3071 1092 ὓπερὸολικῷ
3091 1055 3108 1085 ,
3139 1011 3351 1091 ἔλεγον,
3396 1012 3590 1096 Ὑπὲρ
3616 1017 3693 1076 τὰ

2132 1099 2657 1178 Καλλικράτους.
2687 1096 3058 1179 Ἀριστοτέλης
3085 1097 3144 1158 δέ
3176 1122 3333 1182 φησιν
3376 1102 3430 1159 ἐν
3455 1101 3701 1182 τῇἈθη,

2128 1185 2286 1246 ναίων
2326 1186 2597 1268 πολιτείᾳ,
2649 1185 3023 1267 Καλλικράτην
3065 1185 3181 1246 τινὰ
3221 1190 3427 1267 πρῶτον
3466 1193 3570 1249 τῶν
3614 1193 3691 1251 δι-

2128 1278 2336 1334 καστῶν
2357 1274 2472 1343 τοὺς
2508 1274 2718 1351 μισθοὺς
2745 1277 2817 1342 εἷς
2845 1273 3147 1355 ὓπερὸολὴν
3174 1274 3398 1349 αὐξῆσαι
3416 1299 3430 1314 ·
3458 1276 3572 1338 ὅθεν
3598 1280 3695 1339 καὶ

2130 1362 2222 1434 τὴν
2247 1363 2533 1443 παροιμίαν
2555 1365 2811 1444 εἰρῆσθαι.

2209 1450 2419 1509 Eadem
2443 1455 2777 1528 Diogenian.
2799 1454 2935 1511 VIII
2952 1495 2968 1526 ‚
2989 1453 3086 1523 62,
3114 1456 3372 1527 Apostol.
3389 1457 3567 1528 XIX,
3591 1457 3697 1534 86,

2129 1540 2410 1598 Plutarch.
2443 1542 2612 1599 Prov.
2651 1560 2752 1595 111
2774 1582 2791 1615 ,
2827 1544 3022 1597 Arsen.
3066 1539 3210 1612 458,
3256 1542 3484 1614 Suidas,
3529 1546 3693 1601 Pho—

2133 1628 2262 1684 tius.

2859 1726 2956 1777 70.

2208 1847 2489 1905 Plutarch.
2521 1847 2710 1904 Nicias
2737 1867 2788 1907 e.
2840 1867 2872 1902 α
2905 1864 2918 1905 :
2949 1842 3195 1905 Ἕνεστιν
3228 1841 3315 1906 οῧν
3357 1849 3475 1929 περὶ
3504 1849 3698 1910 Νικίου

2129 1934 2345 2010 πρῶτον
2389 1934 2551 1990 εἰπεῖν
2610 1933 2639 1992 ὃ
2692 1932 2947 2014 γέγραφεν
2998 1932 3382 2015 Ἀριστοτέλης,
3436 1936 3514 1994 ὅτι
3553 1946 3697 2017 τρεῖς

2128 2016 2363 2096 ἐγίνοντο
2386 2016 2645 2098 βέλτῖστοι
2681 2024 2783 2079 τῶν
2821 2022 3048 2079 πολιτῶν
3076 2020 3167 2078 καὶ
3191 2020 3449 2101 πατρικὴν
3477 2023 3689 2104 ἔχοντες

2132 2102 2333 2164 εύνοιαν
2361 2107 2454 2167 καὶ
2481 2106 2655 2189 φιλίαν
2679 2106 2808 2188 πρὸς
2836 2105 2924 2165 τὸν
2955 2106 3121 2185 δῆμον
3137 2151 3154 2182 ,
3179 2108 3363 2175 Νικίας
3390 2112 3416 2167 ὅ
3446 2111 3685 2189 Νικηρά-

2028 2243 2040 2255 .
2126 2213 2216 2251 του
2278 2191 2368 2251 καὶ
2410 2193 2732 2267 Θουκυδίδης
2792 2197 2820 2252 δ
2889 2193 3164 2267 Μελησίου
3210 2193 3301 2254 καὶ
3371 2198 3693 2278 Θηραμένης

2127 2281 2155 2336 ὅ
2183 2276 2451 2357 Ἅγνωνος.

2835 2407 2906 2461 70
2931 2409 2990 2448 α.

2209 2501 2397 2560 Schol.
2420 2501 2515 2559 ad.
2546 2503 2780 2561 Lucian.
2810 2505 2957 2561 Tim.
2989 2522 3043 2561 c.
3076 2503 3150 2559 30
3184 2522 3199 2562 ε
3232 2501 3469 2575 ’Exiet-r,
3502 2502 3691 2563 Κλέων

2126 2584 2215 2643 καὶ
2238 2590 2304 2665 τῇ
2329 2585 2457 2667 πρὸς
2480 2586 2921 2664 Λακεδαιμονίους
2948 2587 3124 2668 εἰρήνῃ
3143 2633 3159 2661 ,
3187 2590 3258 2654 ὡς
3278 2588 3573 2671 Φιλόχορος
3595 2592 3695 2647 καὶ

2127 2671 2526 2755 Ἀριστοφάνης,
2567 2675 2806 2754 προσθεὶς
2857 2674 3085 2755 ἄρχοντα
3128 2673 3356 2736 Εὔθυνον
3396 2678 3515 2752 (01.
3564 2677 3638 2734 88
3662 2721 3678 2747 ,

2130 2759 2225 2836 3).
2256 2759 2612 2838 Ἀριστοτέλης
2655 2759 2710 2820 δὲ
2754 2761 2845 2820 καὶ
2874 2761 3294 2843 περιζωσάμενον
3341 2763 3497 2822 αὐτὸν
3541 2762 3688 2840 λέγει

2127 2849 2528 2927 δημηγορῆσαι,
2559 2852 2629 2916 εἰς
2651 2848 2750 2921 τὴν
2780 2850 3081 2929 θρασύτητα
3112 2853 3268 2910 αὐτοῦ
3298 2850 3685 2915 ἀποσκώπτων.

2203 2940 2339 3012 Quae
2372 2940 2794 2998 Hemsterhusio
2824 2953 2882 2998 et
2909 2943 3195 3000 Siebelisio
3229 2940 3317 3018 (v.
3353 2943 3681 3003 Philochor.

2123 3026 2194 3085 fr.
2245 3028 2381 3102 106)
2426 3029 2503 3084 110
2549 3030 2970 3105 transponenda
3008 3030 3345 3087 videbantur
3390 3049 3403 3086 :
3441 3031 3512 3096 ὡς
3548 3031 3682 3091 Φιλ.

2122 3111 2357 3192 προσθεὶς
2381 3111 2504 3193 άρχ.
2528 3116 2595 3175 Ε.
2618 3112 2709 3172 καὶ
2725 3114 3097 3195 Ἀριστοτέλης.
3112 3115 3478 3197 Ἀριστοφάνης
3490 3140 3543 3177 κ.
3560 3140 3608 3178 τ.
3625 3119 3689 3179 λ.

2119 3200 2277 3256 Istud
2305 3200 2543 3277 προσθεὶς
2579 3203 2656 3259 ad
2689 3205 3094 3262 Philochorum
3132 3209 3417 3281 pertinere
3446 3208 3680 3283 largior.

2119 3287 2426 3344 Nominum
2477 3293 2967 3365 transpositionem
2999 3312 3072 3350 ne
3103 3305 3313 3352 certam
3344 3294 3559 3365 dicam,
3598 3314 3687 3352 se-

2122 3391 2300 3447 quens
2346 3376 2525 3432 obstat
2554 3383 2923 3454 fragmentum
2950 3381 3151 3455 parile.
3182 3382 3374 3439 Schol.
3417 3385 3556 3441 Luc.
3607 3384 3684 3438 ob

2123 3462 2319 3517 oculos
2334 3462 2595 3520 habuerit
2614 3477 3116 3524 commentatorem
3137 3471 3543 3544 Aristophanis.
3571 3472 3690 3525 Pro

2119 3547 2384 3623 Enthyno
2427 3549 2512 3626 (v.
2545 3552 2791 3612 Clinton.
2820 3553 2894 3610 ad
2923 3554 3015 3612 Ol.
3047 3555 3152 3624 88,
3200 3556 3268 3632 3)
3321 3557 3687 3632 exspectabas

2120 3635 2452 3692 Stratoclem
2478 3637 2602 3713 (ol.
2634 3637 2739 3711 88,
2773 3634 2865 3717 4).

475 3799 749 3850 sacrorum,
789 3801 946 3852 neque
971 3789 1311 3852 110100101011110
1346 3793 1475 3841 00110
1506 3793 1608 3841 0101
1635 3791 1817 3856 10010ος
1850 3807 1963 3842 0010
1987 3793 2038 3842 hi
2077 3803 2085 3858 j
2126 3797 2290 3859 populi
2310 3797 2692 3851 benevolentiam
2713 3801 2998 3852 blandiendo
3022 3802 3352 3864 captantibus,
3370 3805 3673 3854 0101101010·

475 3865 783 3930 magistratus
806 3868 938 3918 sorte
972 3867 1237 3931 antiquitus
1257 3868 1608 3933 obveniebant,
1638 3882 1697 3921 00
1718 3872 1802 3935 qui
1833 3884 1885 3922 se
1910 3869 1956 3922 in
1982 3872 2040 3921 iis

478 3943 713 3994 obeundis
754 3944 1062 4008 probassent,
1103 3945 1136 3995 11
1162 3945 1211 3995 10
1243 3947 1463 3997 00001010
1498 3948 1879 4012 Areopagiticum
1921 3963 2038 4000 coo-

475 4022 754 4084 ptabantur.
788 4022 1018 4072 ceterum
1039 4019 1201 4085 populi
1221 4024 1403 4074 auxilio
1422 4015 1627 4075 Pericles
1648 4028 1868 4077 senatum
1891 4027 2037 4077 istum

477 4100 685 4150 factione
704 4112 791 4150 000
818 4100 936 4150 vicit
959 4100 1221 4164 effecitque
1244 4114 1391 4163 opera
1419 4102 1655 4165 Ephialtis
1671 4141 1686 4163 ,
1719 4106 1777 4154 ut
1808 4105 1851 4154 ei
1884 4105 2039 4167 major

474 4190 585 4240 pars
603 4177 901 4240 judiciorum
924 4176 1235 4241 adimeretur,
1264 4178 1534 4243 cimonque
1549 4181 1780 4243 tanquam
1817 4183 2036 4232 Lacedae-

477 4254 749 4304 moniorum
789 4254 965 4317 fautor,
990 4255 1042 4305 et
1080 4254 1295 4306 infensus
1337 4256 1519 4319 populo
1540 4293 1555 4319 ,
1597 4258 1881 4308 00110010ωο
1916 4260 2038 4310 urbe

476 4333 747 4397 exigeretur
772 4352 785 4383 1
812 4332 897 4396 (101
919 4335 970 4384 01
1001 4333 1186 4384 divitiis
1202 4336 1253 4385 et
1269 4347 1442 4398 genere
1464 4334 1644 4385 nemini
1669 4337 1910 4387 oecundus
1925 4374 1939 4399 ,
1959 4338 2035 4389 vi·

473 4410 648 4461 ctoriae
682 4410 744 4461 de
765 4409 983 4461 barbaris
1017 4412 1369 4474 pulcherrimas
1390 4413 1746 4475 reportaverat,
1769 4413 2038 4477 urbemque

474 4501 645 4552 magna
660 4490 877 4552 1100011101
894 4491 945 4540 01
962 4488 1227 4552 spoliorum
1250 4489 1388 4553 001110
1411 4490 1695 4555 repleverat.

535 4649 814 4702 Aristotelea
831 4652 1004 4700 auctor
1038 4653 1111 4702 est
1137 4652 1372 4715 Ephialti,
1402 4654 1535 4717 quod
1560 4656 1685 4705 esset
1716 4654 1779 4703 iis
1807 4656 1890 4718 qui
1921 4670 2034 4719 pau·

476 4741 646 4779 corum
671 4728 721 4776 in
742 4728 987 4790 republica
1025 4729 1314 4794 principatui
1357 4732 1653 4796 studebant,
1693 4734 2034 4798 formidabiliS,

475 4805 623 4870 inque
656 4818 826 4855 eorum
853 4805 935 4866 qui
960 4807 1148 4868 plebem
1182 4809 1414 4860 laesissent
1454 4812 1739 4862 criminibus
1769 4811 2037 4863 deserendis

475 4884 620 4933 nimis
647 4881 828 4945 rigidus
844 4920 857 4944 ‚
883 4881 1102 4935 inimicos
1130 4886 1328 4938 insidias
1358 4890 1590 4941 struxisse
1609 4902 1753 4954 opera
1779 4890 2035 4941 Aristodici

475 4960 724 5024 Tanagroei
750 4960 875 5009 01010
893 4960 1138 5013 occidisse.

1184 5047 1272 5099 68.

535 5136 966 5200 MercesJudicialis
977 5138 1084 5188 aliis
1095 5139 1389 5203 temporibus
1401 5139 1494 5191 alia
1513 5139 1734 5204 dabatur,
1755 5140 2034 5206 demagogis

2125 3873 2194 3924 100
2211 3872 2259 3924 10
2277 3887 2420 3939 011010
2443 3876 2502 3927 (10
2517 3878 2678 3928 Rebus
2692 3878 2909 3941 publicis.

2831 3977 2920 4028 69.

2187 4070 2467 4123 Aristoteles
2492 4073 2545 4122 10
2582 4074 2753 4124 Athen.
2790 4074 2907 4135 Rep.
2944 4072 3062 4122 dicit
3097 4071 3402 4121 Callicratem
3435 4072 3681 4134 quendam

2076 4157 2079 4168 ’
2124 4148 2334 4211 1111100111
2371 4150 2596 4213 ,iudicum
2634 4150 2902 4202 mercedem
2934 4149 3191 4200 immodice
3220 4151 3440 4213 auxisse,
3475 4152 3683 4216 indeque

2122 4230 2285 4279 ortum
2303 4230 2613 4292 proverbium
2642 4232 2793 4282 Ultra
2813 4242 2969 4294 quam
3001 4230 3328 4282 Callicrates.

2840 4333 2925 4383 70.

2182 4430 2265 4482 De.
2288 4427 2421 4479 Nicia
2460 4430 2669 4492 primum
2710 4428 3267 4492 0010100100101011001,
3311 4429 3443 4493 quod
3489 4430 3681 4493 scripsit

2121 4504 2433 4567 Aristotelem
2458 4505 2689 4555 nimirum
2722 4509 2821 4557 11οε
2854 4505 2920 4556 011
2951 4508 3160 4569 optimos
3193 4506 3335 4556 ruisse
3354 4506 3485 4556 cives
3514 4508 3680 4569 11011110

2119 4594 2283 4632 amore
2304 4582 2424 4632 etin
2453 4582 2686 4645 populum
2713 4583 3050 4634 benevolentia
3078 4569 3312 4647 insignes,
3333 4583 3514 4634 Niciam
3538 4584 3678 4633 Nice-

2123 4660 2241 4722 rati,
2267 4657 2600 4722 Thucydidem
2629 4660 2811 4710 Melesii
2845 4663 2895 4711 et
2918 4661 3264 4711 Theramenem
3281 4660 3487 4724 Agnonis
3505 4659 3675 4711 lilium.

2835 4760 2901 4811 70
2929 4771 2987 4809 α.

2186 4853 2385 4904 Obstitit
2404 4854 2573 4917 Cleon,
2591 4868 2652 4905 ne
2670 4869 2769 4919 pax
2784 4870 2896 4906 00111
2923 4855 3296 4906 Lacedaemoniis
3315 4855 3475 4917 tieret,
3496 4859 3553 4904 ut
3574 4857 3681 4906 Phi·

2120 4932 2346 4983 1001101110
2374 4934 2461 4984 011.
2487 4933 2826 4997 Aristophanes
2856 4938 2907 4986 et
2939 4935 3257 4986 Philochorus
3283 4938 3463 4985 factum
3500 4935 3547 4984 id
3578 4949 3683 4984 esse

2120 5012 2390 5060 memorant
2422 5011 2513 5061 sub
2536 5012 2767 5062 archonte
2790 5012 3032 5074 Euthyno.
3072 5013 3356 5062 Aristoteles
3377 5013 3523 5062 etiam
3557 5025 3685 5074 pra:-

2120 5087 2331 5137 cinctum
2352 5087 2399 5137 10
2419 5087 2652 5138 concione
2673 5088 2851 5139 dixisse
2872 5089 2968 5152 ait,
2994 5089 3318 5139 temeritatem
3335 5089 3439 5152 ejus
3456 5092 3645 5139 11010110.
