4016 5916
526 414 603 464 -to

526 559 628 594 των
656 534 746 593 6'6
774 531 1037 599 Σινωπεὺς
1068 534 1119 590 ἐν
1148 536 1250 599 τοῖς
1273 529 1406 611 Περὶ
1433 528 1614 597 Ἴωνος
1639 536 1728 588 τοῦ
1750 536 1968 601 ποιητοῦ
1999 553 2081 609 φι-

531 621 755 693 λοπότην
784 621 907 700 φησὶ
949 620 1187 698 γενέσθαι
1223 618 1314 677 καὶ
1356 616 1741 699 ἐρωτικώτατον
1778 618 1864 676 τὸν
1893 613 2079 677 Ἴωνα.

532 714 579 771 Κ
589 709 641 767 αὶ
667 709 817 777 αὐτὸς
839 709 892 767 δὲ
923 710 975 767 ἐν
1007 709 1108 774 τοῖς
1135 707 1370 786 ἐλεγείοις
1398 709 1519 787 ἐρᾶν
1546 705 1640 782 μὲν
1666 708 1906 785 ὁμολογεῖ
1931 708 2083 785 Χρυ-

528 798 712 870 σίλλης
739 801 830 869 τῆς
861 795 1157 877 Κορινθίας,
1177 793 1372 855 Τελέου
1400 794 1452 853 δὲ
1470 792 1748 874 θυγατρὸς,
1775 785 1836 865 ἧς
1864 792 1952 851 καὶ
1986 795 2085 852 Πε-

530 885 712 964 ρικλέα
739 884 825 943 τὸν
848 882 1137 960 Ὀλύμπιον
1161 886 1280 962 ἐρᾶν
1304 882 1430 964 φησὶ
1448 882 1799 954 Τηλεκλείδης
1820 882 1869 940 ἓν
1898 878 2083 942 Ἡσιό-

530 976 654 1039 δοις.
687 975 799 1032 Sed
822 974 1093 1047 ejusmodi
1122 975 1389 1029 machinis
1414 972 1567 1028 haud
1599 992 1740 1048 opus
1778 984 1874 1029 est.
1902 974 2082 1046 Legas

532 1064 729 1138 fragm.
761 1080 852 1136 19,
885 1062 982 1117 ubi
1009 1063 1278 1135 Spartana
1309 1063 1484 1116 virtus
1532 1072 1589 1117 et
1631 1058 2084 1133 breviloquentia

526 1152 755 1207 summis
768 1150 1027 1206 laudibus
1040 1150 1403 1220 extolluntur,
1417 1161 1585 1223 atque
1600 1147 1742 1203 illud
1760 1146 1859 1223 (7),
1876 1165 1990 1222 quo
2013 1147 2084 1203 de

526 1241 762 1296 Cimone
811 1240 925 1315 egit
974 1240 1070 1312 qui
1127 1237 1562 1295 Lacedaemoniis
1615 1246 1812 1292 contra
1859 1236 2086 1291 Helotes

533 1328 920 1402 opitulandum
946 1345 1058 1383 esse
1074 1327 1259 1396 suasit,
1282 1345 1353 1382 ne
1381 1324 1578 1382 clauda
1598 1323 1697 1380 fiat
1721 1324 1958 1399 Graecia3
1983 1342 2085 1378 ne-

528 1434 642 1490 que
670 1434 1006 1490 quemquam
1035 1414 1209 1489 fugiet
1234 1417 1429 1470 Ionem
1456 1413 1709 1488 partibus
1732 1413 2084 1486 optimatium

533 1504 724 1558 favisse
741 1545 757 1573 ‚
789 1504 886 1575 qui
929 1520 1148 1574 semper
1176 1503 1235 1556 in
1260 1501 1715 1558 Lacedaemonios
1741 1501 2085 1575 propensio-

532 1611 646 1662 reS,
678 1592 907 1647 Periclis
932 1600 1091 1645 erant
1115 1573 1436 1649 adversarii.
1460 1592 1582 1660 Qua
1612 1607 1679 1645 ex
1704 1598 1863 1662 parte
1891 1589 2085 1644 similis

532 1680 635 1734 fuit
664 1679 828 1733 amici
853 1680 938 1734 sui
970 1677 1264 1751 Sophoclis
1292 1676 1375 1750 (V.
1411 1678 1718 1734 Hermann.
1756 1675 1829 1731 ad
1872 1675 2080 1750 OEdip.

531 1787 590 1842 p.
632 1767 756 1841 39).
801 1769 870 1821 In
915 1767 1054 1822 Chio
1095 1767 1277 1839 patria
1316 1783 1507 1821 rerum
1543 1765 2085 1820 administrationem

532 1867 655 1910 tum
683 1873 855 1929 penes
899 1855 1193 1927 optimates
1220 1852 1384 1909 fuisse
1411 1852 1710 1908 commode
1737 1863 1932 1907 monet
1958 1854 2084 1907 Ro-

533 1941 714 1997 scher.
751 1941 885 2009 Clio,
915 1943 973 2011 1,
1000 1959 1060 2013 p.
1096 1958 1229 2014 292.
1280 1965 1297 1983 ·

610 2030 733 2084 Jam
763 2027 918 2102 quod
942 2029 1138 2083 attinet
1157 2027 1427 2083 orationis
1455 2029 1707 2083 colorem
1727 2037 1893 2101 atque
1928 2027 2081 2083 dele·

529 2126 685 2171 ctum
706 2134 895 2171 rerum
921 2115 1329 2172 narrandarum
1348 2157 1364 2185 ‚
1398 2116 1489 2171 vel
1516 2118 1573 2170 in
1606 2117 1799 2190 paucis
1828 2134 1949 2189 quae
1978 2115 2084 2169 ha-

533 2201 729 2258 bemus
755 2203 1004 2276 reliquiis
1028 2214 1209 2277 poetae
1237 2203 1567 2276 symposiaci
1595 2204 1881 2278 ingenium
1907 2221 2088 2277 agno·

526 2290 732 2346 scimus
743 2308 907 2347 suave
928 2289 1325 2363 etjucundum.
1344 2291 1743 2346 conviviorum
1763 2289 2095 2363 descriptio·

531 2395 629 2435 nes
656 2389 713 2434 et
749 2396 1034 2435 sermones
1075 2376 1147 2435 ad
1181 2378 1387 2451 pocula
1424 2378 1605 2433 habiti
1641 2378 1854 2433 bonam
1900 2379 2089 2452 operis

531 2476 749 2540 partem
796 2466 1226 2541 absumpserint.
1277 2466 1541 2522 Similiter
1587 2467 1644 2520 in
1673 2466 1820 2521 libro
1849 2469 1936 2523 De
1963 2465 2086 2522 Chii

533 2554 845 2630 originibus
897 2571 1013 2630 prae
1073 2554 1271 2610 ceteris
1328 2553 1681 2628 OEnopionis
1729 2553 1975 2609 fabulam
2033 2564 2090 2608 et

533 2660 655 2714 quae
693 2643 799 2697 alia
822 2641 896 2698 ad
932 2641 1049 2697 vini
1088 2640 1366 2697 culturam
1393 2650 1449 2695 et
1474 2659 1638 2696 usum
1675 2642 1922 2714 pertinet
1947 2636 2080 2719 ἀνὴρ

531 2725 809 2805 φιλοπότης
856 2728 1173 2803 exposuisse
1213 2727 1459 2786 videtur.
1498 2759 1572 2770 —
1605 2728 1843 2782 Dialecti
1890 2728 2086 2784 ionicae

532 2815 793 2887 reliquias
825 2816 953 2870 satis
979 2813 1284 2870 luculentas
1310 2813 1526 2887 praebet
1554 2812 1927 2889 fragmentum
1958 2817 2084 2889 pri-

529 2919 707 2957 mum.

903 3170 1288 3250 ΥΠΟΜΝ
1301 3171 1723 3266 ΗΜΑΤΑ,

1084 3376 1537 3451 sumnum.

1282 3534 1334 3571 1.

609 3656 902 3711 Athenaeus
914 3656 1081 3725 xm,
1104 3673 1163 3730 p.
1185 3654 1319 3726 603,
1342 3656 1388 3710 E
1418 3653 1777 3734 εΦιλομεῖραξ
1794 3653 1845 3713 δὲ
1861 3645 1924 3727 ἦν
1942 3660 1968 3715 6
1988 3658 2084 3715 Σο-

528 3743 747 3822 φοκλῆς,
771 3743 839 3807 ὡς
863 3742 1147 3821 Εὐριπίδης
1175 3739 1468 3822 φιλογύνης.
1501 3737 1627 3801 Ἴων
1656 3747 1780 3821 γοῦν
1807 3746 1835 3801 6
1863 3743 2082 3815 ποιητὴς

1016 3887 1579 3971 coM'MENTAmt.

1089 4033 1470 4087 EPIDEMIAE.

590 4206 643 4252 in
661 4202 1127 4254 adolescentulorum
1154 4217 1366 4254 amorem
1393 4216 1574 4265 pronus
1603 4201 1746 4251 etiam
1774 4203 1861 4252 t'uit
1891 4204 2078 4267 Sopho-

525 4280 789 4342 cles‚11tin
809 4281 1065 4331 mulierum
1084 4280 1350 4344 Euripides.
1372 4283 1456 4330 lon
1480 4279 1675 4343 quidem
1700 4282 1862 4343 poeta,
1889 4280 1934 4329 in
1958 4280 2082 4330 libro

523 4357 611 4420 qui
645 4358 919 4408 inscribitur
947 4358 1202 4421 Epidemioe
1216 4394 1231 4420 ,
1258 4359 1364 4408 haec
1394 4357 1560 4407 scribit
1591 4376 1605 4406 z
1643 4375 1667 4399 a
1693 4359 1817 4407 Cum
1849 4358 2082 4419 Sophocle

526 4435 667 4497 poeta
698 4434 747 4483 in
779 4435 899 4484 chio
931 4447 1207 4498 congressus
1228 4448 1334 4485 sum
1351 4471 1367 4496 ‚
1386 4447 1538 4497 quum
1560 4434 1799 4485 exercitus
1823 4434 2084 4498 imperator

528 4509 732 4560 Lesbum
753 4510 1026 4575 navigaret,
1047 4512 1150 4560 viro
1167 4511 1332 4574 jocoso
1352 4512 1475 4565 inter
1502 4511 1673 4576 pocula
1692 4514 1741 4563 et
1759 4511 1940 4561 urbane
1957 4512 2078 4563 sace·

526 4589 595 4636 to.
617 4585 792 4637 convii
804 4587 851 4635 io
870 4586 1002 4636 illum
1021 4587 1286 4651 excipiebat
1311 4590 1658 4652 Hermesilaus,
1688 4591 1737 4639 et
1756 4588 1977 4652 privatim
1995 4588 2079 4638 ho·

524 4675 659 4726 spes,
688 4664 738 4713 et
772 4663 1128 4713 Atheniensium
1155 4664 1393 4727 publicus.
1416 4666 1489 4717 Ad
1506 4666 1662 4729 ignem
1683 4665 1843 4717 stabat
1868 4679 1986 4729 puer
2004 4666 2078 4716 vi·

526 4755 646 4791 num
664 4741 963 4806 ministrans,
982 4740 1297 4809 [rubicunda]
1318 4745 1435 4795 facie
1453 4745 1647 4808 insignis
1667 4764 1680 4796 z
1696 4759 1842 4808 quem
1857 4745 1937 4796 ille
1950 4758 2080 4795 com·

526 4819 736 4884 pellatis,
775 4837 799 4862 «ι
827 4820 943 4883 Vis,
975 4821 1157 4885 inquit,
1193 4825 1405 4875 suaviter
1437 4838 1517 4876 me
1545 4825 1737 4875 hibere?
1775 4845 1798 4870 υ
1832 4824 2082 4876 Adnuente

526 4909 677 4960 puero
698 4915 711 4947 ι
730 4897 878 4960 igitur
894 4898 1023 4947 lente
1045 4897 1190 4961 mihi,
1214 4899 1306 4963 ait,
1326 4904 1376 4951 et
1393 4901 1598 4953 admove
1616 4902 1844 4966 poculum
1860 4905 1911 4952 et
1926 4903 2078 4952 auser.

524 4978 652 5027 Tum
678 4977 835 5027 multo
868 4976 1011 5028 etiam
1042 4978 1191 5040 magis
1216 4980 1526 5032 erubescente
1558 4995 1734 5045 puero,
1768 4981 1811 5033 ei
1838 4982 1921 5044 qui
1939 4980 2078 5043 juxta

526 5052 683 5118 ipsum
696 5054 1027 5116 accumbebat,
1047 5055 1115 5105 ait
1133 5056 1419 5119 Sophoclesz
1446 5061 1600 5116 Quam
1618 5060 1784 5122 pulcre
1808 5057 1935 5109 istud
1958 5057 2080 5108 dixit

527 5143 851 5206 Phrynichus!

633 5225 849 5283 Splendet
870 5226 916 5271 in
940 5226 1179 5283 purpureis
1197 5226 1322 5282 genis
1344 5227 1495 5271 iumen
1522 5228 1711 5273 amoris.

1914 394 2116 457 loxls
2159 395 2322 456 cml

2171 531 2221 587 ἓν
2270 532 2383 596 ταῖς
2431 529 2863 609 ἐπιγραφομέναις
2907 530 3251 608 Ἐπιδημίαις
3287 531 3476 614 γράφει
3531 532 3693 600 οὕτως
3712 556 3728 571 ·

2171 644 2195 668 ⁸
2229 618 2489 697 Σοφοκλεῖ
2510 621 2583 698 τῷ
2609 624 2803 699 ποιητῇ
2831 621 2882 676 ἐν
2903 619 3021 699 Χίῳ
3051 618 3349 693 συνήντησα
3378 618 3623 680 ὅτέέπλει
3652 623 3723 689 εἰς

2170 701 2371 763 Λέσὸον
2388 704 2693 782 στρατηγὸς,
2711 703 2857 787 ἀνδρὶ
2873 705 3143 765 παιδιώδει
3157 708 3282 787 παρ’
3298 697 3432 766 οἶνον
3452 708 3542 767 καὶ
3557 708 3728 790 δεξιῷ.

2171 790 2512 873 Ἑρμησίλεω
2542 790 2625 865 δὲ,
2660 790 2800 860 ξένου
2840 796 2886 853 οἱ
2931 793 3099 861 ἐόντος
3148 794 3239 853 καὶ
3280 794 3525 875 προξένου
3575 796 3730 869 Ἀθη-

2169 879 2353 951 ναίων,
2397 882 2665 948 ἑστιῶντος
2695 878 2849 939 αὐτὸν
2868 925 2883 953 ,
2919 881 3032 940 ἐπεὶ
3061 881 3207 961 παρὰ
3235 879 3294 941 τὸ
3340 889 3445 962 πῦρ
3485 884 3674 952 ἑστεὼς
3699 890 3728 944 6

2168 964 2253 1050 τὸν
2274 956 2407 1025 οἶνον
2448 971 2471 1026 ἔ
2506 966 2643 1047 Λέων
2669 977 2792 1036 παῖς
2828 969 3066 1050 [ἐρυθρὸς
3094 973 3406 1048 interponit
3428 975 3726 1051 Schwgh.]

2171 1052 2266 1111 ἐὼν
2288 1055 2439 1126 δῆλος
2497 1079 2556 1129 ν,
2579 1045 2693 1113 εἶπέ
2719 1079 2806 1129 τε,
2839 1056 3024 1118 Βούλει
3067 1080 3133 1133 με
3162 1056 3326 1129 ἡδέως
3365 1057 3557 1134 πίνειν;
3591 1060 3728 1142 φάν-

2168 1164 2252 1207 τος
2287 1142 2332 1200 δ’
2362 1143 2550 1221 αὐτοῦ,
2579 1142 2819 1222 Βραδέως
2859 1142 3028 1203 τοίνυν
3070 1143 3161 1203 καὶ
3201 1143 3462 1226 πρόσφερὲ
3500 1169 3592 1223 μοι
3630 1146 3726 1206 καὶ

2171 1228 2396 1309 ἀπόφερε
2423 1227 2518 1301 τὴν
2551 1229 2758 1292 κύλικα.
2782 1228 2908 1292 Ἔτι
2930 1230 3063 1291 πολὺ
3109 1232 3308 1310 μᾶλλον
3331 1232 3728 1313 ἐρυθριάσαντος

2169 1321 2257 1374 τοῦ
2282 1316 2490 1389 παιδὸς,
2513 1308 2628 1376 εἶπε
2648 1316 2775 1399 πρὸς
2806 1317 2892 1377 τὸν
2916 1317 3417 1397 συγκατακείμενον,
3439 1319 3533 1388 Ὡς
3556 1322 3730 1390 καλῶς

2172 1402 2436 1485 Φρύνιχος
2460 1404 2726 1479 ἐποίησεν,
2757 1404 2932 1474 εἴπας·

2294 1536 2482 1598 Λάμπει
2502 1537 2542 1585 δ’
2567 1537 2643 1586 ἐπὶ
2661 1540 2932 1601 πορφυρέαις
2949 1545 3130 1603 παρῇσι
3151 1544 3245 1603 φῶς
3272 1541 3458 1602 ἔρωτος.

2176 1650 2281 1710 Καὶ
2294 1648 2418 1730 πρὸς
2433 1650 2546 1709 τόδε
2566 1651 2794 1732 ἠμείφθη
2815 1655 2843 1710 6
2857 1651 3154 1733 Ἐρετριεὺς
3171 1652 3206 1724 ἢ
3225 1654 3534 1735 Ἐρυθραῖος
3552 1679 3651 1735 γρα
3658 1680 3729 1734 μ-

2172 1737 2351 1815 μάτων
2381 1737 2477 1796 ἐὼν
2520 1739 2845 1807 διδάσκαλος·
2878 1766 2903 1793 α
2942 1740 3108 1821 Σοφὸς
3137 1743 3233 1819 μὲν
3279 1743 3341 1813 δὴ
3371 1742 3435 1801 σύ
3469 1766 3527 1821 γε
3577 1735 3653 1817 εἷ,
3684 1733 3729 1802 ὦ

2174 1825 2482 1906 Σοφόκλεις,
2511 1827 2561 1884 ἐν
2598 1826 2835 1897 ποιήσει·
2874 1825 3015 1904 ὅμως
3044 1827 3218 1905 μέντοι
3257 1852 3317 1907 γε
3345 1832 3439 1889 οὐκ
3464 1822 3524 1889 εὗ
3553 1832 3730 1912 εἴρηκε

2173 1913 2460 1995 Φρύνιχος,
2501 1914 2793 1996 πορφυρέας
2833 1916 2993 1973 εἰπὼν
3033 1914 3122 1983 τὰς
3155 1915 3370 1993 γνάθους
3409 1924 3499 1977 τοῦ
3543 1923 3728 1982 καλοῦ.

2172 2001 2353 2083 Εἷγὰρ
2376 2006 2404 2060 6
2427 2002 2694 2084 ζωγράφος
2711 1999 2959 2082 χρώματι
2982 2004 3256 2085 πορφυρέῳ
3280 2006 3564 2088 ἐναλείψειε
3587 2008 3731 2066 τουδὶ

2170 2096 2262 2149 τοῦ
2290 2089 2472 2156 παιδὸς
2493 2088 2587 2156 τὰς
2609 2089 2853 2168 γνάθους,
2877 2091 2974 2149 οὐκ
2998 2088 3061 2149 ἂν
3084 2090 3159 2150 ἔτι
3176 2092 3334 2159 καλὸς
3361 2093 3618 2175 φαίνοιτο.
3645 2097 3729 2156 Οὔ

2172 2179 2338 2259 κάρτα
2361 2178 2439 2235 δεῖ
2462 2176 2521 2236 τὸ
2543 2177 2703 2236 καλὸν
2720 2180 2794 2258 τῷ
2826 2176 2901 2256 μὴ
2934 2180 3082 2259 καλῷ
3109 2180 3404 2261 φαινομένῳ
3433 2182 3674 2250 εἰκάζειν.
3705 2210 3728 2233 n

2173 2265 2520 2344 Ἀναγελάσας
2545 2263 2631 2323 ἐπὶ
2654 2268 2728 2322 τῶ
2760 2264 3025 2347 Ἐρετριεῖ
3059 2268 3355 2348 Σοφοκλῆς·
3398 2296 3422 2320 σι
3444 2268 3586 2329 Οὐδὲ
3611 2267 3730 2328 τόδε

2172 2374 2252 2410 σοι
2281 2350 2488 2432 ἀρέσκει
2521 2350 2650 2432 ἄρα,
2675 2327 2720 2410 (ἲ)
2757 2350 2865 2419 ξένε
2883 2395 2899 2424 ,
2929 2351 2988 2410 τὸ
3032 2352 3370 2429 Σιμωνίδειον
3388 2399 3404 2428 ,
3434 2354 3605 2435 κάρτα
3644 2358 3733 2414 δο-

2174 2437 2291 2498 κέον
2321 2447 2426 2505 τοῖς
2447 2435 2708 2510 Ἕλλησιν
2734 2429 2792 2497 εὖ
2817 2440 3078 2520 εἰρῆσθαι·

2294 2579 2560 2644 Πορφυρὲου
2577 2579 2671 2629 ἀπὸ
2694 2577 2926 2644 στόματος
2943 2582 3072 2630 ἱεῖσα
3088 2579 3245 2642 φωνὰν
3270 2582 3516 2642 παρθένος;

2172 2692 2278 2752 οὐδ’
2320 2697 2348 2752 6
2374 2692 2625 2768 ποιητὴς,
2657 2691 2782 2775 ἔφη,
2823 2692 2990 2771 λέγων
3021 2692 3356 2773 χρυσοκόμαν
3395 2693 3730 2767 Ἀπόλλωνας

2174 2782 2411 2861 Χρυσέας
2438 2779 2538 2861 γὰρ
2567 2783 2612 2839 εἰ
2642 2780 2883 2851 ἐποίησεν
2906 2785 2935 2839 6
2969 2781 3235 2862 ζωγράφος
3260 2780 3354 2848 τὰς
3382 2787 3472 2840 τοῦ
3501 2786 3619 2841 θεοῦ
3641 2782 3734 2841 κό-

2173 2892 2302 2944 μας,
2346 2868 2436 2926 καὶ
2468 2867 2541 2945 μὴ
2580 2868 2855 2945 μελαίνας,
2896 2875 3070 2948 χεῖρον
3099 2867 3161 2927 ἂν
3188 2860 3251 2941 ἦν
3279 2868 3336 2926 τὸ
3377 2869 3727 2951 ζωγράφημα.

2172 2955 2311 3016 Οὐδὲ
2332 2961 2358 3014 6
2379 2954 2476 3036 φὰς
2503 2954 2902 3037 ῥοδοδάκτυλονς
2929 2958 2992 3017 Εἰ
3011 2954 3112 3036 γάρ
3137 2980 3215 3024 τις
3241 2958 3312 3023 εἰς
3337 2955 3507 3039 ῥόδεον
3533 2962 3732 3037 χρῶμα

2177 3043 2361 3125 βάψειε
2401 3042 2519 3110 τοὺς
2550 3044 2863 3118 δακτύλους,
2903 3043 3306 3126 πορφυροὸάφου
3335 3053 3517 3125 χεῖρας
3545 3047 3638 3104 καὶ
3671 3049 3730 3104 οὗ

2171 3131 2411 3211 γυναικὸς
2436 3133 2600 3203 καλῆς
2624 3132 2877 3204 ποιήσειε.
2912 3159 2937 3185 n
2972 3132 3312 3193 Γελασάντων
3341 3132 3426 3205 δὲ,
3456 3138 3484 3190 6
3511 3131 3608 3209 μὲν
3630 3133 3725 3195 Ἐ-

2175 3218 2395 3300 ρετριεὺς
2424 3218 2662 3293 ἐνωπήθη
2690 3224 2754 3299 τῇ
2784 3218 3106 3301 ἕπιραπίξει,
3135 3223 3163 3278 6
3204 3219 3257 3279 δὲ
3287 3219 3444 3278 πάλιν
3473 3226 3563 3279 τοῦ
3592 3244 3723 3279 παι-

2172 3306 2256 3374 δὸς
2279 3310 2352 3389 τῷ
2377 3306 2517 3388 λόγῳ
2545 3305 2735 3386 εἴχετο.
2761 3304 2954 3386 Είρετο
2980 3306 3083 3386 γάρ
3113 3329 3201 3384 μιν
3220 3350 3236 3379 ,
3269 3304 3373 3364 ἀπὸ
3402 3310 3494 3377 τῆς
3519 3306 3732 3374 κύλικος

2172 3394 2366 3475 κάρφος
2388 3398 2462 3475 τῷ
2487 3398 2658 3474 μικρῷ
2685 3394 2927 3474 δακτύλῳ
2951 3392 3349 3474 ἀφαιρετέοντα,
3378 3395 3423 3452 εἶ
3447 3399 3652 3476 καθορᾷ
3672 3397 3731 3455 τὸ

2171 3482 2381 3564 κάρφος.
2409 3482 2620 3549 Φάντος
2637 3481 2691 3540 δὲ
2710 3486 2936 3561 καθορᾶν
2949 3525 2967 3554 ,
2986 3479 3121 3542 ’Ano
3140 3481 3307 3540 τοίνυν
3326 3480 3559 3561 φύσησον
3577 3482 3728 3555 αὐτὸ,

2169 3565 2256 3628 ἵνα
2287 3567 2362 3647 μὴ
2384 3569 2625 3629 πλύνοιτο
2653 3573 2681 3628 6
2705 3569 2952 3636 δάκτυλος
2980 3561 3057 3630 εὗ.
3094 3568 3527 3649 Προσαγαγόντος
3554 3573 3602 3627 δ’
3635 3572 3731 3628 αὖ·

2171 3661 2261 3715 τοῦ
2281 3654 2338 3714 τὸ
2357 3653 2632 3735 πρόσωπον
2655 3656 2785 3737 πρὸς
2807 3656 2902 3728 τὴν
2921 3655 3131 3728 κύλικα,
3154 3655 3414 3736 ἐγγυτέρω
3427 3655 3523 3727 τὴν
3540 3658 3728 3717 κύλικα

2172 3749 2263 3802 τοῦ
2285 3746 2470 3802 ἑαυτοῦ
2500 3744 2756 3821 στόματος
2779 3735 2905 3822 ἦγεν
2920 3788 2935 3816 ,
2956 3742 3042 3802 ἵνα
3065 3742 3127 3814 δ’),
3152 3748 3186 3815 ἡ
3208 3742 3408 3825 κεφαλὴ
3438 3748 3505 3824 τῇ
3527 3747 3723 3825 κεφαλῆῐ

2176 3911 2246 3960 Ad
2267 3911 2358 3960 hoc
2383 3911 2567 3961 dictum
2601 3912 2842 3975 respondit
2866 3912 3102 3962 Eretricus
3122 3914 3207 3961 aut
3229 3912 3506 3975 Erythraeus
3524 3912 3729 3961 ludima-

2175 3989 2351 4053 gister:
2380 3991 2576 4053 sapiens
2600 3994 2655 4040 tu
2674 4004 2790 4041 sane
2813 4004 2892 4052 es,
2920 3990 3204 4053 sophocles,
3225 3990 3275 4039 in
3300 3989 3466 4053 poesi:
3493 3994 3734 4040 verumta-

2177 4081 2287 4117 men
2313 4081 2407 4117 non
2433 4068 2555 4118 hene
2572 4067 2697 4120 dixit
2714 4069 3040 4131 PhrynichuS,
3058 4081 3323 4131 purpureas
3341 4080 3442 4117 esse
3461 4067 3626 4118 dicens
3652 4071 3738 4117 sor-

2176 4158 2309 4195 moso
2339 4158 2487 4207 puero
2508 4158 2651 4208 genas
2683 4165 2697 4196 z
2735 4146 2867 4209 quod
2899 4145 2940 4195 si
2965 4146 3093 4194 enim
3126 4145 3281 4208 pictor
3305 4144 3466 4194 colore
3491 4157 3727 4208 purpureo

2173 4220 2421 4284 inungeret
2439 4222 2573 4285 sueri
2591 4221 2735 4285 liujus
2750 4236 2894 4285 genas
2905 4259 2919 4284 ‚
2940 4235 3036 4271 non
3054 4221 3260 4284 amplius
3278 4221 3514 4270 formosus
3529 4221 3720 4283 adpare-

2170 4300 2258 4348 ret.
2281 4302 2384 4348 Non
2406 4298 2574 4361 utique
2585 4301 2774 4361 oportet
2793 4298 3017 4361 pulcrum
3032 4311 3142 4348 cum
3160 4311 3220 4347 eo
3237 4296 3368 4361 quod
3387 4297 3611 4360 pulcrum
3629 4309 3722 4346 nou

2168 4380 2239 4426 est
2265 4389 2555 4439 comparare.
2577 4376 2646 4425 lbi
2666 4375 2816 4426 risum
2833 4387 2932 4425 non
2954 4377 3124 4425 tenens
3146 4374 3433 4438 Sophocles,
3462 4371 3718 4437 interroga-

2169 4454 2238 4502 vit
2267 4453 2533 4503 Eretricum
2557 4471 2570 4502 ι
2597 4455 2665 4502 Ne
2684 4452 2811 4503 istud
2828 4451 3026 4515 quidem
3042 4489 3058 4514 ‚
3077 4451 3276 4515 hospeS,
3293 4450 3380 4500 tihi
3400 4450 3556 4512 placet
3576 4453 3727 4502 Simo·

2166 4529 2363 4580 nidenm
2372 4566 2388 4593 ,
2414 4528 2546 4593 quod
2562 4541 2677 4580 sane
2690 4529 2814 4581 bene
2831 4529 3017 4579 dictum
3035 4528 3225 4579 videtur
3240 4529 3452 4579 Graecisr

2273 4643 2511 4699 Purpureo
2529 4640 2589 4686 ab
2605 4651 2686 4687 ore
2703 4640 2913 4687 emittens
2936 4650 3097 4685 vocem
3113 4639 3244 4696 virgo
3264 4652 3279 4684 ι

2167 4761 2257 4798 nec
2277 4750 2418 4812 poeta
2434 4746 2519 4812 qui
2536 4747 2838 4798 auricomum
2861 4745 2984 4797 dixit
3001 4745 3305 4808 Apollinem?
3337 4748 3458 4796 Nam
3489 4745 3530 4797 si
3559 4759 3731 4796 ειη-ωε

2166 4828 2321 4890 pictor
2347 4839 2510 4878 comas
2536 4827 2713 4877 taceret
2741 4825 2833 4876 deo
2846 4859 2862 4886 ,
2884 4837 2984 4874 non
3007 4823 3191 4887 πίει-οε,
3224 4822 3359 4886 pejor
3384 4823 3530 4874 etiam
3567 4824 3731 4874 sutura

2166 4909 2272 4957 erat
2296 4906 2498 4969 pictura.
2527 4909 2628 4957 Nec
2658 4905 2698 4957 is
2722 4906 2807 4969 qui
2833 4903 3163 4965 roseis-digitis
3181 4905 3338 4968 (an)
3359 4904 3512 4954 dixit?
3541 4908 3662 4955 Nem
3688 4906 3731 4955 si

2168 4984 2436 5046 quis,roseo
2454 4982 2614 5034 colore
2629 4982 2844 5033 mulieris
2862 4982 3065 5045 tingeret
3085 4979 3285 5043 digitos,
3305 4982 3605 5045 purpurariae
3623 4995 3728 5031 mn·

2170 5074 2261 5111 nus
2276 5062 2468 5124 faceret,
2489 5074 2584 5110 non
2604 5062 2825 5112 formosoe
2842 5059 3073 5109 mulieris.
3092 5059 3218 5108 Tum
3240 5061 3349 5109 orto
3368 5058 3466 5109 risu
3483 5059 3703 5110 omnium
3716 5099 3730 5120 ‚

2171 5140 2410 5189 Eretricus
2432 5138 2625 5202 quidem
2653 5137 2958 5201 castigatione
2975 5136 3065 5186 ista
3082 5148 3325 5198 repressus
3351 5139 3450 5197 est,
3471 5137 3734 5200 sophocles

2169 5231 2284 5268 vero
2300 5217 2361 5267 ad
2378 5231 2644 5268 sermonem
2663 5230 2772 5267 cum
2797 5228 2947 5279 puero
2973 5213 3249 5264 institutum
3268 5227 3435 5265 rursus
3451 5228 3502 5265 se
3523 5228 3730 5266 conver-
