4016 5916
524 492 637 544 294

754 642 947 709 ΠΕΡΙ
991 646 1463 709 ΠΡΥΤΑΝΕΩΝ
1508 643 1864 705 ΕΡΕΣΙΩΝ.

957 800 1003 855 E
1040 799 1275 855 LIBRO
1312 793 1672 852 SECUNDO.

1290 959 1341 997 1.

617 1101 918 1162 Athenaeum
938 1098 1092 1164 vul,
1109 1115 1171 1169 p.
1194 1093 1306 1150 333
1322 1138 1339 1167 ,
1358 1095 1405 1146 A
1434 1110 1448 1144 z
1469 1085 1673 1152 Φανίας
1697 1084 1942 1164 (Φαινίας
1960 1085 2088 1161 vgo)

538 1193 662 1270 γοῦν
688 1188 742 1246 ἔν
784 1182 1005 1262 δευτέρῳ
1042 1178 1354 1259 Πρυτάνεων
1397 1174 1644 1257 Ἐρεσίων
1685 1176 1737 1232 ἐν
1778 1170 2094 1250 Χερρονήσῳ

540 1275 698 1360 φησὶν
725 1273 811 1333 ἐπὶ
840 1279 973 1353 τρεῖς
1006 1268 1205 1347 ἡμέρας
1226 1258 1352 1324 ἶσαι
1392 1266 1478 1325 τὸν
1508 1261 1619 1323 θεὸν
1652 1259 1852 1340 ἰχθύας.
1882 1262 2094 1317 Eadem

538 1367 676 1425 libri
706 1364 907 1421 notitia
936 1361 1133 1415 omissa
1160 1358 1410 1413 Eustath.
1446 1354 1517 1410 ad
1546 1354 1616 1410 11.
1647 1349 1706 1426 p.
1740 1349 1810 1406 35
1838 1352 1961 1406 Bas.
2005 1349 2090 1406 cf.

539 1452 833 1528 Phylarch.
865 1468 955 1523 ap.
985 1447 1184 1504 Athen.
1212 1446 1251 1502 l.
1279 1446 1316 1502 l.
1349 1442 1447 1517 (tr.
1484 1438 1567 1518 4).

1264 1595 1379 1632 Ia.

623 1716 783 1773 Idem
807 1717 865 1782 Ι,
886 1732 947 1787 Ρ.
982 1710 1073 1780 16,
1107 1712 1149 1766 E
1178 1701 1194 1766 ἑ
1219 1705 1325 1766 Καὶ
1340 1708 1387 1763 οῖ
1409 1706 1700 1782 μνηστῆρες
1727 1699 1780 1759 δὲ
1808 1700 1930 1780 παρ’
1956 1700 2096 1778 αὐτῷ

543 1808 783 1862 πεσσοῖσι
810 1796 1128 1877 προπάροιθε
1165 1790 1365 1873 θυράων
1406 1789 1709 1869 ἐτέρποντο,
1734 1789 1791 1846 οὖ
1825 1786 1971 1864 παρὰ
2005 1790 2097 1843 τοῦ

544 1885 975 1969 Μεγαλοπολίτου
1011 1880 1270 1962 Διοδώρου
1315 1877 1351 1951 ἢ
1397 1874 1672 1955 Θεοδώρου
1718 1872 1964 1951 μαθόντες
2003 1872 2096 1942 τὴν

543 1974 802 2048 πεττείαν,
831 1970 947 2032 οὐδὲ
974 1977 1063 2029 τοῦ
1101 1965 1459 2039 Μυτιληναίου
1487 1963 1706 2030 Λέοντος
1731 1968 1822 2021 τοῦ
1853 1962 2097 2019 ἀνέκαθεν

543 2063 844 2137 Ἀθηναίου,
870 2060 923 2127 ὃς
964 2059 1217 2130 ἀήττητος
1244 2047 1306 2127 ἧν
1340 2052 1479 2112 κατὰ·
1515 2051 1610 2123 τὴν
1650 2048 2002 2122 πεττευτικὴν,
2031 2047 2099 2114 ὥς

545 2173 675 2233 φησι
701 2147 925 2214 Φανίας.

1293 2325 1347 2363 2.

624 2453 879 2509 Clemens
906 2449 1066 2505 Alex.
1089 2448 1147 2515 Ι,
1168 2464 1231 2519 p.
1270 2440 1400 2512 145,
1425 2440 1495 2498 35
1527 2442 1682 2516 Sylb.
1720 2461 1733 2496 ε
1766 2437 1892 2497 Ἀπὸ
1920 2436 2099 2496 τούτου

547 2539 644 2616 (sc.
677 2538 748 2595 ab
774 2535 959 2593 reditu
980 2529 1425 2604 Heraclidamm)
1446 2527 1530 2585 ἐπὶ
1559 2526 1831 2586 Εὗαίνετον
1855 2525 2099 2604 ἄρχοντα,

547 2625 625 2706 ἔφ’
649 2615 707 2683 οὗ
739 2644 894 2705 φασιν
930 2616 1262 2696 Ἀλέξανδρον
1290 2617 1361 2683 εἷς
1387 2613 1480 2686 τὴν
1509 2613 1684 2673 Ἀσίαν
1726 2612 1993 2686 διαξῆναι,
2035 2617 2102 2678 ὡς

548 2712 643 2790 μὲν
662 2708 869 2774 Φανίας
897 2708 1056 2784 (libri
1076 2701 1343 2782 Φανείας)
1367 2701 1457 2773 ἔτη
1479 2701 1764 2759 ἑπτακόσια
1785 2698 1907 2758 δέκα
1932 2699 2099 2759 πέντε.

548 2803 632 2860 De
655 2800 767 2857 hoc
792 2805 1061 2871 computo
1088 2793 1219 2848 vide
1245 2793 1470 2866 Fragm.
1502 2791 1761 2846 chronol.
1792 2808 1853 2863 p.
1896 2789 2024 2846 128.

1292 2918 1352 2977 3.

625 3060 909 3119 Plutarch.
953 3059 1149 3115 Solon.
1196 3076 1248 3112 c.
1295 3061 1361 3120 τί.
1396 3070 1410 3111 t
1445 3052 1704 3112 Ἐνταῦθα
1730 3049 1792 3121 δὴ
1823 3052 1923 3107 τῶν
1954 3048 2102 3121 Ἀθη-

548 3145 707 3206 ναίων
735 3147 782 3204 οἱ
813 3141 1193 3225 φρονιμώτατοι
1227 3143 1537 3219 συνορῶντες
1572 3137 1657 3195 τὸν
1694 3137 1909 3197 Σόλωνα
1948 3137 2102 3214 μόνον

552 3234 780 3314 μάλιστα
812 3236 912 3291 τῶν
942 3228 1339 3309 ἁμαρτημάτων
1372 3225 1515 3292 ἐκτὸς
1542 3226 1666 3284 ὄντα
1700 3225 1790 3284 καὶ
1828 3224 1960 3302 μήτε
1998 3234 2106 3293 τοῖς

551 3320 815 3388 πλουσίοις
843 3325 1182 3379 κοινωνοῦντα
1218 3321 1310 3387 τῆς
1339 3314 1540 3383 ἀδικίας
1563 3313 1696 3393 μήτε
1729 3314 1842 3380 ταῖς
1873 3317 1974 3371 τῶν
2010 3337 2104 3371 πε-

549 3410 717 3483 νήτων
752 3407 1001 3485 ἀνάγκαις
1025 3404 1343 3484 ἐνεχόμενον,
1369 3402 1565 3461 ἐδέοντο
1593 3405 1698 3468 τοῖς
1727 3408 1910 3468 κοινοῖς
1941 3423 2105 3481 προσ-

550 3501 711 3557 ελθεῖν
753 3495 843 3554 καὶ
889 3498 1228 3553 καταπαῦσαι
1253 3490 1344 3557 τὰς
1381 3489 1642 3571 διαφοράς.
1678 3489 1864 3549 Καίτοι
1900 3488 2107 3574 Φανίας

758 3666 858 3725 DE
902 3662 1379 3723 PRYTANIBUS
1420 3658 1884 3720 ERESIORUM.

1299 3769 1350 3818 l.

613 3863 815 3914 Phanias
833 3860 1041 3913 secundo
1059 3861 1183 3910 libro
1204 3862 1466 3922 Prytanum
1487 3856 1763 3908 Etesiarum
1776 3893 1791 3919 ‚
1809 3857 1876 3906 ait
1896 3855 1943 3905 in
1961 3856 2106 3907 Cher·

549 3955 717 3993 soneso
736 3954 821 4006 per
843 3943 940 3990 tres
958 3938 1209 3989 continuos
1232 3937 1334 3987 dies
1354 3938 1566 4000 piscibus
1584 3937 1759 3985 coelum
1780 3934 1976 3998 pluisse.

1280 4031 1385 4081 la.

614 4123 753 4187 Apud
772 4122 976 4174 eundem
1008 4122 1270 4172 Homerum
1294 4119 1425 4183 proci
1461 4117 1748 4180 anteferes
1780 4117 2104 4168 calculorum

552 4201 676 4251 lusu
707 4203 946 4250 animum
981 4200 1200 4248 recreant
1236 4215 1250 4248 ε
1279 4209 1375 4246 non
1408 4209 1437 4246 a
1471 4195 1866 4258 Megalopolitano
1892 4193 2106 4244 Diodoro

551 4278 653 4329 sive
683 4276 935 4328 Theodoro
961 4276 1065 4327 ludi
1100 4275 1231 4327 illius
1262 4276 1415 4325 artem
1452 4273 1642 4335 edocti,
1680 4285 1769 4323 nec
1788 4286 1817 4323 a
1835 4270 2107 4334 Mytilenaeo

554 4356 763 4416 Leonte,
788 4353 926 4415 cuius
956 4352 1164 4415 maiores
1183 4351 1491 4403 Athenienses
1526 4351 1713 4401 fuerant
1730 4384 1745 4411 ,
1773 4361 1919 4413 quem
1942 4349 2108 4399 scribit

555 4432 757 4482 Phanias
773 4431 1007 4480 invictum
1034 4429 1175 4480 fuisse
1188 4429 1236 4478 in
1260 4431 1365 4478 arte
1386 4427 1580 4479 calculis
1601 4426 1817 4477 ludendi.

614 4595 689 4646 Ab
709 4592 865 4645 reditu
889 4592 1249 4645 Heracliden-um
1263 4605 1414 4655 usque
1426 4590 1487 4641 ad
1504 4592 1785 4642 Euoenetum
1801 4590 2078 4642 archontem
2093 4628 2108 4653 ,

552 4670 642 4721 sub
663 4684 762 4734 quo
781 4669 1102 4722 Alexandrum
1122 4669 1171 4719 in
1195 4668 1352 4719 Asiam
1371 4669 1611 4718 transiisse
1628 4667 1797 4717 dicunt
1809 4703 1824 4729 ,
1844 4667 2109 4717 secundum

554 4750 783 4800 Phaniam
799 4752 1115 4800 numerantur
1135 4748 1249 4798 anni
1267 4747 1549 4812 septingenti
1569 4745 1858 4811 quindecim.

617 4941 689 4987 Eo
726 4948 887 4988 rerum
924 4941 1053 4989 statu
1080 4938 1434 5003 prudentissimi
1473 4937 1831 4989 Atheniensium
1862 4940 2112 4989 cernentes

553 5016 780 5068 Solonem
807 5029 958 5066 unum
985 5016 1048 5066 ab
1066 5018 1271 5079 utroque
1302 5016 1422 5066 vitio
1439 5029 1542 5067 esse
1573 5016 1839 5076 intactum,
1876 5028 1933 5065 ac
1954 5029 2111 5079 neque

555 5093 836 5156 injuriarum
856 5091 1086 5143 divitibus
1102 5106 1259 5156 neque
1278 5094 1577 5147 miseriarum
1595 5092 1887 5156 pauperibus
1904 5093 2108 5155 socium,

556 5186 752 5224 oravere
769 5172 1015 5223 hominem
1028 5210 1042 5235 ,
1066 5174 1121 5222 ut
1141 5173 1409 5223 communis
1433 5172 1650 5222 utilitatis
1668 5184 1831 5221 curam
1850 5172 2110 5234 susciperet

557 5248 1029 5312 controversiamque
1079 5248 1373 5299 dissolveret.
1427 5246 1629 5299 Phanias
1676 5246 1867 5311 quidem
1909 5248 2108 5298 Lesbius

806 5395 844 5425 ἢ·

1821 476 2134 537 PHANIAE
2174 473 2430 533 ERESII

2179 607 2207 662 6
2234 601 2454 668 Λέσὸιος
2472 599 2624 659 αὐτὸν
2646 598 2840 679 ἱστορεῖ
2855 597 2940 657 τὸν
2963 596 3181 658 Σόλωνα
3203 597 3534 677 χρησάμενον
3556 597 3754 677 ἀπάτῃ

2178 689 2305 770 πρὸς
2333 686 2648 770 ἀμφοτέρους
2686 686 2772 746 ἐπὶ
2800 684 3030 765 σωτηρία
3065 688 3159 757 τ’ἧς
3192 687 3388 751 πόλεως
3414 685 3753 764 ὑποσχέσθαι

2181 777 2352 858 κρύφα
2381 781 2485 842 τοῖς
2515 775 2608 853 μὲν
2634 773 2846 856 ἀπόροις
2866 774 2962 844 τὴν
2984 773 3218 852 νέμησιν,
3241 777 3345 840 τοῖς
3379 771 3434 831 δὲ
3462 796 3750 852 χρηματι-

2182 866 2289 931 κοῖς
2320 863 2600 943 βεὸαίωσιν
2624 866 2724 921 τῶν
2749 861 3105 939 συμὸολαίων.
3135 860 3270 919 Ἀλλ’
3301 859 3453 926 αὐτὸς
3490 864 3518 918 6
3551 861 3757 921 Σόλων

2181 954 2343 1011 ὀκνῶν
2372 951 2500 1031 φησὶ
2526 951 2585 1009 τὸ
2614 954 2816 1031 πρῶτον
2847 947 3080 1029 ἅψασθαι
3113 951 3206 1019 τῆς
3231 949 3494 1013 πολιτείας
3524 946 3620 1006 καὶ
3657 948 3753 1005 δε·-

2186 1038 2365 1106 δοικὼς
2391 1042 2494 1097 τῶν
2521 1038 2614 1111 μὲν
2642 1037 2736 1108 τὴν
2765 1035 3209 1116 φιλοχρηματίαν,
3231 1038 3332 1093 τῶν
3357 1033 3412 1092 δὲ
3433 1034 3526 1103 τὴν
3549 1038 3764 1116 ὑπερη-

2186 1125 2392 1207 φανίαν.
2424 1124 2617 1209 ᾞρέθη
2647 1123 2700 1182 δὲ
2732 1124 2908 1204 ἄρχων
2941 1121 3075 1201 μετὰ
3104 1122 3465 1201 Φιλόμὸροτον
3494 1125 3627 1197 ὁμοῦ
3651 1122 3752 1180 καὶ

2186 1212 2500 1284 διαλλακτὴς
2528 1212 2616 1272 καὶ
2643 1212 2944 1289 νομοθέτης,
2968 1208 3259 1286 δεξαμένων
3282 1207 3558 1288 προθύμως
3583 1209 3758 1267 αὐτὸν

2184 1305 2253 1368 ὡς
2279 1299 2376 1394 μὲν
2405 1299 2618 1377 εὔπορον
2641 1302 2742 1356 τῶν
2763 1296 3044 1373 πλουσίων,
3068 1298 3138 1362 ὥς
3161 1293 3216 1353 δὲ
3244 1295 3470 1375 χρηστὸν
3501 1298 3606 1354 τῶν
3641 1319 3754 1354 πε·-

2184 1389 2368 1460 νήτων.
2396 1393 2482 1447 De
2511 1407 2658 1444 auno
2688 1387 3062 1443 Philombroti
3105 1384 3238 1441 vide
3275 1387 3520 1444 Clinton.
3561 1388 3629 1445 P.
3671 1389 3751 1443 H.

2187 1490 2325 1534 tom.
2358 1480 2445 1546 11,
2475 1477 2631 1552 praef.
2670 1495 2730 1550 Ρ.
2763 1476 2869 1532 xl.

2933 1624 2988 1682 4.

2264 1776 2396 1833 Lex.
2421 1774 2663 1832 Gudian.
2680 1794 2742 1848 p.
2766 1772 2874 1829 335
2897 1793 2952 1832 v,
2977 1768 3110 1850 Κῦρ
3129 1769 3160 1829 6
3177 1794 3228 1828 ει
3244 1794 3335 1837 ς...
3357 1770 3754 1842 Ἀσκληπιάδης

2189 1863 2240 1920 ἐν
2261 1861 2365 1926 τοῖς
2384 1864 2485 1918 τῶν
2508 1858 2699 1928 ἀξόνων
2721 1857 3080 1937 Ἐξηγητικοῗς
3114 1856 3216 1916 ἀπὸ
3253 1855 3500 1939 Κῦρὸεως
3527 1864 3620 1916 τοῦ
3652 1858 3754 1925 τὰς

2187 1949 2365 2014 θυσίας
2397 1948 2500 2025 (sic
2538 1949 2800 2020 Salmas.;
2829 1967 2940 2024 vgo
2969 1943 3172 2023 οὐσίας)
3201 1945 3489 2025 ὁρίσαντος·
3522 1943 3591 2012 ὥς
3620 1969 3754 2026 φησι

2188 2035 2394 2103 Φανίας
2415 2038 2442 2093 ὃ
2470 2033 2696 2115 Ἐρέσιος
2718 2037 2857 2112 (vgo
2879 2033 3116 2113 Ἐφέσιος
3131 2031 3147 2111 )
3162 2082 3177 2110 ,
3207 2033 3311 2092 ἀπὸ
3333 2038 3420 2091 τοῦ
3442 2038 3606 2092 ταῦτα
3639 2059 3755 2092 κυ-

2190 2128 2475 2204 ρωθῆναι
2503 2129 2609 2189 τοῖς
2640 2121 2963 2201 γράμμασιν.
3000 2125 3221 2180 Scilicet
3253 2125 3412 2179 litera
3441 2124 3472 2200 β
3501 2126 3560 2178 in
3598 2120 3754 2202 Κύρ-

2190 2211 2294 2277 6εις
2337 2214 2473 2268 olim
2514 2212 2620 2267 suit
2666 2212 2963 2286 digamma.
3006 2215 3073 2268 V.
3104 2212 3394 2267 W'elcker.
3437 2213 3645 2285 Trilog.
3678 2233 3748 2286 p.

2198 2321 2326 2376 ¹91·
2357 2302 2545 2374 Etym.
2566 2299 2644 2357 M.
2673 2309 2726 2354 ct
2750 2299 2944 2355 Suidas
2964 2318 3005 2354 s,
3033 2317 3090 2353 v.
3109 2299 3356 2356 Gramm.
3385 2317 3473 2373 ap.
3501 2300 3754 2355 Cramer.

2190 2388 2402 2446 Anecd.
2433 2389 2481 2456 1,
2503 2405 2563 2460 Ρ.
2592 2405 2698 2441 221
2724 2407 2739 2456 ;
2770 2389 2847 2460 11,
2868 2406 2925 2461 p.
2948 2383 3078 2451 [455.
3104 2386 3189 2442 Cf.
3212 2386 3520 2442 Aristotelis
3546 2386 3617 2441 sr.
3653 2405 3674 2441 ι
3697 2407 3718 2442 1
3736 2431 3753 2460 ,

2191 2475 2530 2550 Apollodori
2553 2474 2624 2528 sr.
2660 2479 2731 2538 αἱ,
2770 2491 2919 2545 sqq.;
2954 2474 3183 2532 Preller.
3215 2473 3286 2529 ad
3316 2473 3527 2528 Polein.
3548 2493 3607 2548 p.
3647 2473 3758 2548 89.

2191 2563 2386 2636 Steph.
2416 2562 2575 2617 Thes.
2604 2561 2698 2618 Gr.
2729 2580 2772 2615 s.
2807 2579 2862 2619 v.
2889 2578 2953 2634 p.
2996 2559 3148 2617 2138
3185 2562 3246 2618 B.

2941 2720 2994 2779 5.

2271 2878 2549 2935 Plutarch.
2578 2877 2775 2935 Solon.
2795 2895 2847 2933 c.
2878 2876 2948 2932 32
2976 2895 2990 2931 ι
3023 2874 3317 2933 Ἐπεὸίωσε
3342 2876 3387 2934 δ’
3413 2867 3499 2934 οἶν
3518 2880 3546 2935 6
3567 2877 3763 2936 Σόλων

2194 2962 2484 3044 ἀρξαμένου
2513 2968 2605 3023 τοῦ
2637 2961 3014 3043 Πεισιστράτου
3047 2970 3329 3043 τυραννεῖν,
3353 2966 3423 3029 ὡς
3459 2963 3552 3041 μὲν
3584 2963 3762 3045 Ἦρα-

2196 3052 2403 3123 κλείδης
2446 3054 2474 3109 6
2528 3051 2779 3118 Ποντικὸς
2825 3051 3045 3130 ἱστορεῖ,
3098 3049 3287 3129 συχνὸν
3326 3049 3534 3129 χρόνον,
3576 3053 3650 3119 ὥς
3699 3051 3762 3112 δὲ

2195 3139 2401 3205 Φανίας
2428 3142 2456 3197 6
2480 3138 2717 3218 Ἐρέσιος
2740 3137 2989 3197 ἐλάττονα
3024 3139 3160 3197 δυοῖν
3194 3141 3339 3197 ἐτῶν.
3378 3137 3501 3197 Ἐπὶ
3533 3139 3763 3215 Κωμίου

2197 3224 2291 3307 μὲν
2333 3225 2433 3307 γὰρ
2475 3226 2667 3306 ἤρξατο
2710 3227 2975 3307 τυραννεῖν
3020 3226 3422 3307 Πεισίστρατος·
3473 3230 3554 3307 ἐφ’
3594 3226 3758 3305 Ἡγε-

2197 3312 2421 3394 στράτου
2464 3313 2518 3371 δὲ
2537 3313 2773 3374 Σόλωνά
2815 3335 2968 3393 φησιν
3010 3316 3038 3370 6
3074 3314 3280 3399 Φανίας
3313 3316 3609 3391 ἀποθανεῖν,
3660 3320 3760 3374 τοῦ

2196 3402 2330 3478 μετὰ
2373 3401 2595 3478 Κωμίαν
2637 3400 2899 3482 ἄρξαντος.
2944 3404 3026 3462 Cf.
3071 3404 3320 3459 Clinton.
3361 3404 3436 3459 ad
3475 3423 3563 3462 an.
3614 3403 3756 3464 560.

2194 3492 2396 3546 Marm.
2429 3492 2554 3545 Par.
2586 3508 2678 3564 ep.
2717 3497 2811 3556 40.

2192 3660 2380 3717 narrat,
2426 3655 2641 3718 utrisque
2679 3668 2791 3705 eum
2845 3655 3149 3719 imposuisse,
3185 3656 3314 3719 quod
3359 3658 3499 3705 saluti
3538 3657 3758 3719 publica.»

2195 3733 2493 3792 consuleret,
2537 3732 2811 3782 clanculum
2845 3732 3131 3796 pauperibus
3170 3746 3390 3796 agrorum
3435 3733 3755 3794 divisionem,

2194 3808 2425 3859 divitibus
2465 3807 2879 3859 confirmationem
2916 3809 3190 3871 pactionum
3227 3808 3504 3872 pollicendo.
3561 3812 3620 3859 At
3647 3811 3762 3872 ipse

2194 3888 2261 3938 ait
2291 3901 2342 3938 se
2365 3900 2491 3950 aegre
2511 3887 2647 3937 initio
2683 3887 3026 3949 rempublicam
3057 3887 3291 3951 attigisse,
3322 3885 3449 3950 quod
3484 3888 3532 3935 et
3564 3887 3753 3938 horum

2195 3964 2506 4027 cupiditatem
2536 3965 2587 4014 et
2621 3964 2814 4014 illorum
2841 3964 3112 4026 superbiam
3143 3966 3391 4015 metueret.
3446 3963 3636 4013 Electus
3673 3968 3756 4016 est

2196 4041 2379 4091 archon
2415 4042 2522 4103 post
2552 4040 2933 4091 Philombrotum
2951 4076 2968 4103 ,
2987 4040 3224 4104 simulque
3240 4042 3290 4091 et
3319 4040 3493 4091 arbiter
3511 4041 3563 4089 et
3583 4039 3758 4101 legum

2193 4120 2434 4181 conditor,
2455 4118 2800 4182 accipientibus
2821 4132 2933 4169 eum
2954 4119 3169 4182 utrisque
3190 4119 3392 4169 libenter
3419 4118 3559 4182 plane
3572 4156 3586 4179 ‚
3619 4118 3756 4169 divi·

2195 4198 2325 4248 tibus
2345 4199 2576 4260 tanquam
2600 4197 2892 4260 locupletem
2909 4235 2924 4259 ‚
2947 4199 3106 4261 egenis
3130 4200 3186 4247 ut
3207 4198 3391 4248 mitem.

2257 4379 2440 4442 Cyl-bes
2471 4377 2694 4442 (qulbus
2717 4378 2808 4441 jus
2830 4390 3037 4429 sucrum
3063 4378 3369 4441 inscriptum
3398 4378 3543 4439 erat)
3585 4378 3754 4428 Ascle-

2194 4455 2357 4518 piades
2379 4454 2749 4505 Commentariis
2769 4456 2819 4505 in
2837 4468 2952 4506 axes
2969 4454 3194 4506 Soloneas
3208 4490 3223 4516 ‚
3244 4467 3422 4503 nomen
3441 4454 3616 4504 habere
3632 4453 3756 4505 dicit

2195 4547 2225 4583 a
2255 4534 2441 4596 cyrbe,
2473 4532 2557 4596 qni
2584 4546 2697 4597 quae
2726 4532 2787 4583 ad
2815 4532 3046 4583 sacrificia
3072 4533 3338 4595 pertinent,
3365 4532 3546 4594 legibus
3575 4531 3756 4582 defini·

2197 4613 2345 4673 verit,
2381 4609 2647 4660 secundum
2681 4610 2910 4660 Phaniam
2940 4622 3058 4660 vero
3089 4607 3201 4658 inde
3227 4621 3404 4658 nomen
3432 4609 3522 4658 hoc
3551 4621 3756 4671 accepe-

2196 4689 2336 4750 runt,
2366 4686 2498 4750 quod
2522 4700 2634 4751 quae
2656 4687 2712 4738 iis
2724 4687 3030 4737 continentur
3057 4685 3207 4736 literis
3223 4685 3361 4749 κύρια
3384 4684 3486 4735 sive
3508 4687 3612 4734 rata
3632 4686 3752 4737 sint.

2945 4781 2997 4831 5.

2167 4900 2182 4917 .
2259 4862 2405 4913 Solon
2442 4863 2548 4925 post
2586 4863 2870 4925 occupatam
2922 4874 2951 4911 a
2993 4860 3242 4912 Pisistrato
3281 4861 3584 4921 tsrannidem
3627 4859 3754 4911 vixit

2195 4939 2354 4989 adbuc
2370 4942 2444 4989 sat
2465 4940 2674 4989 multum
2693 4939 2948 5002 temporis,
2967 4941 3026 4988 ut
3057 4936 3252 5000 quidem
3282 4935 3558 4986 Heraclides
3584 4938 3764 4987 Pons·

2195 5032 2282 5069 cus
2303 5021 2375 5069 est
2387 5020 2581 5078 auctor3
2602 5020 2656 5068 ut
2677 5017 2882 5068 Phanias
2910 5015 3128 5078 Eresius,
3158 5028 3254 5065 non
3279 5016 3436 5064 totum
3461 5013 3712 5064 biennium
3743 5038 3756 5066 :

2195 5096 2432 5160 siquidem
2458 5097 2754 5148 Pisistratum
2769 5096 2994 5146 invasisse
3009 5092 3307 5157 tyrannidem
3325 5092 3492 5145 Comia
3502 5093 3758 5154 archonte,

2197 5175 2422 5225 Solonem
2440 5177 2600 5224 autem
2620 5174 2713 5224 sub
2736 5174 3015 5237 Hegestrato
3029 5206 3046 5234 ,
3067 5172 3148 5234 qni
3167 5172 3350 5223 comite
3368 5170 3594 5222 successit
3608 5206 3624 5233 ,
3651 5173 3760 5223 vita

2202 5250 2485 5302 defunctum
2505 5264 2606 5302 esse
2634 5250 2766 5301 dicit.
