4016 5916
1733 386 2223 447 FRAGMENTA.

3456 408 3568 459 237

383 509 521 564 dum
542 507 695 564 haud
720 508 922 564 elicies.
949 510 1123 563 Recte
1152 510 1323 584 igitur
1350 522 1677 584 corruptum
1702 531 1813 567 esse
1842 514 1934 568 lo-
2022 514 2257 585 sthenis3
2291 516 2333 570 is
2358 534 2494 572 vero
2527 519 2956 592 componendus
2991 539 3118 576 cum
3155 523 3355 581 Tlmori
3381 528 3572 582 Mane·

381 613 511 649 eum
540 605 765 650 censent
796 596 1144 651 Wellauerus
1164 596 1238 651 ad
1264 597 1438 653 schol.
1468 599 1656 671 Apoll.
1697 610 1753 654 et
1777 601 1933 654 Bun-

381 684 567 739 senius
590 683 627 738 l.
656 684 697 742 l.
724 684 1076 739 Wellauerus
1089 684 1449 740 scribendum
1472 688 1745 760 proponit
1770 704 1783 744 ε
1806 684 1933 763 φησὶ

384 767 437 825 δὲ
483 766 797 848 Δικαίαρχος
824 769 878 825 ἐν
896 766 1116 850 δευτέρῳ
1143 770 1456 841 Ἑλληνικοῦ
1491 771 1604 853 βίου
1638 771 1725 828 καὶ
1763 778 1932 834 τοῦτο.

382 860 457 913 At
478 858 622 914 male
644 859 721 914 sie
752 858 932 913 oratio
954 858 1235 931 procedit.
1264 861 1570 916 Bunsenius
1603 861 1795 916 scribit
1823 880 1836 916 ε
1869 864 1930 919 Δ.

385 944 436 1001 ἕν
459 942 677 1024 δευτέρῳ
717 942 970 1010 Ἑλλάδος
998 943 1088 1002 καὶ
1110 945 1379 1003 πολιτικοῦ
1412 946 1523 1024 βίου
1550 948 1778 1026 Σεσογχ.
1811 950 1927 1005 κτλ.

381 1033 521 1106 Quae
551 1034 776 1109 egregia
796 1043 875 1088 est
901 1032 1239 1089 emendatio.
1271 1036 1393 1090 Jam
1422 1037 1571 1091 enim
1596 1054 1782 1091 sensus
1799 1036 1931 1091 fun-

386 1120 542 1176 ditur
588 1122 853 1195 optimus.
885 1121 1035 1176 Dicit
1065 1122 1353 1178 scholiasta
1384 1141 1398 1177 2
1460 1146 1484 1171 α
1514 1120 1775 1179 Sesostris
1814 1143 1932 1178 non

384 1207 561 1264 modo
588 1208 740 1263 bello
797 1209 1086 1279 inclaruit,
1128 1208 1226 1265 sed
1255 1211 1430 1265 civilis
1452 1213 1619 1265 etiam
1641 1212 1765 1266 vitae
1783 1252 1798 1281 ,
1829 1214 1929 1267 Di-

382 1295 634 1350 caearcho
655 1305 809 1365 teste,
831 1313 1021 1349 curam
1043 1296 1292 1370 gerebat.
1324 1321 1347 1346 ι
1372 1297 1518 1352 Dein
1547 1299 1661 1371 ipsa
1683 1298 1931 1351 instituta

382 1382 527 1456 regis
545 1382 723 1437 civilia
744 1393 1270 1437 commemorantur.
1292 1414 1362 1424 —
1396 1382 1651 1438 Ceterum
1671 1381 1930 1438 offende-

384 1468 458 1522 rit
485 1468 633 1523 istud
670 1464 924 1533 Ἑλλάδος
944 1488 1052 1542 pro
1089 1466 1202 1547 βίου
1226 1466 1513 1540 Ἑλλάδος,
1553 1471 1651 1525 etsi
1679 1471 1825 1525 tituli
1857 1470 1928 1524 li-

383 1552 620 1610 brorum
663 1556 864 1629 passim
910 1564 1268 1624 truncantur;
1314 1574 1508 1610 verum
1550 1574 1725 1630 quum
1768 1554 1928 1611 simul

385 1643 553 1698 etiam
589 1642 731 1697 illud
773 1644 824 1698 ἐν
854 1639 1072 1719 δευτέρῳ
1106 1644 1176 1696 sit
1216 1642 1544 1710 offensioni,
1577 1644 1803 1714 utrique
1844 1642 1928 1695 in-

381 1729 689 1784 commodo
713 1729 941 1785 medear
970 1729 1268 1783 scribendo
1298 1728 1348 1783 ἐν
1380 1726 1476 1805 βίῳ
1504 1726 1776 1792 Ἑλλάδος.
1804 1726 1931 1793 Μιι-

382 1818 520 1871 tatio
549 1819 776 1872 minime
803 1818 1051 1871 violenta
1074 1827 1182 1884 est,
1211 1834 1382 1889 quum
1405 1814 1503 1893 βίῳ
1539 1818 1598 1870 in
1625 1816 1781 1871 libris
1807 1835 1927 1871 ma-

382 1905 677 1978 nuscriptis
694 1905 950 1960 facillime
979 1923 1105 1958 cum
1134 1905 1354 1957 numeri
1372 1904 1511 1978 siglo
1532 1902 1800 1958 confundi
1816 1921 1929 1977 po-

385 1995 573 2049 tuerit.
626 1995 696 2048 In
743 1992 938 2048 codice
983 1992 1233 2047 Parisino
1273 1991 1391 2047 haec
1434 1992 1604 2048 verba
1636 2009 1930 2065 perperam

382 2081 712 2155 transposita
736 2090 883 2135 sunt.
920 2081 984 2134 ln
1010 2079 1231 2134 scholiis
1243 2080 1476 2154 vulgatis
1504 2078 1762 2134 ordinem
1805 2097 1933 2134 sen-

384 2170 685 2224 tentiarum
724 2167 1031 2222 Bunsenius
1080 2166 1319 2220 restituit
1341 2166 1515 2222 verba
1562 2162 1694 2242 Περὶ
1727 2162 1780 2221 δὲ
1828 2167 1931 2221 τῶν

380 2252 580 2333 χρόνων
609 2253 795 2311 Ἄπι...
825 2250 1125 2322 ἐπενήνοθεν
1160 2249 1287 2309 αἰὼν
1326 2264 1691 2327 transponens
1722 2264 1780 2308 et
1803 2265 1933 2327 post

381 2332 553 2398 verba
571 2339 657 2397 τὸν
684 2338 867 2419 χρόνον
903 2335 1066 2395 αἴτιον
1089 2340 1393 2415 γεγενῆσθαι
1426 2339 1724 2395 collocans.
1752 2340 1931 2411 Quam

380 2428 809 2485 adornationem
836 2447 938 2483 nos
964 2429 1024 2482 in
1053 2427 1309 2482 versione
1334 2427 1721 2500 expressimus.
1762 2424 1935 2497 Quod

386 2535 506 2571 rem
532 2518 748 2585 attinet,
777 2515 998 2570 dubites
1009 2532 1139 2569 sane
1163 2533 1297 2569 num
1318 2515 1434 2588 ipse
1456 2512 1810 2569 Dicaearchus
1831 2513 1935 2568 Se-

382 2603 681 2659 sonchosin
696 2644 711 2671 ,
736 2604 982 2676 primum
1007 2619 1197 2676 regem
1234 2602 1529 2657 mortalem
1554 2618 1617 2656 ac
1654 2601 1934 2674 legislato-

382 2708 503 2747 rem
521 2731 538 2759 ,
559 2689 801 2745 eundem
822 2689 1083 2744 habuerit
1108 2708 1237 2743 cum
1265 2687 1634 2743 celeberrimo
1663 2688 1767 2742 isto
1814 2687 1931 2742 bel-

384 2778 591 2847 latore,
646 2796 815 2850 quem
849 2778 1019 2852 vulgo
1048 2794 1166 2830 non
1197 2777 1274 2831 ita
1297 2777 1537 2830 multum
1578 2785 1706 2829 ante
1732 2776 1932 2831 Troica

381 2864 577 2920 vixisse
604 2866 781 2922 Graeci
811 2864 1152 2933 statuebant,
1204 2860 1469 2918 Manetho
1498 2881 1632 2918 vero
1664 2860 1925 2935 dynastiae

382 2952 732 3009 ditodecimae
750 2950 1072 3008 vindicavit.
1098 2950 1235 3007 Mihi
1261 2950 1489 3024 quidem
1516 2948 1713 3006 scholii
1735 2960 1932 3005 auctor

384 3042 674 3096 nominum
714 3040 1076 3094 similitudine
1118 3037 1378 3094 seductus
1425 3038 1703 3092 miscuisse
1753 3037 1933 3093 aliena

385 3129 631 3184 videtur.
683 3128 993 3183 Bunsenius
1034 3144 1263 3199 quoque
1286 3122 1354 3198 (1.
1392 3126 1432 3179 l.
1458 3126 1549 3193 11,
1580 3142 1640 3197 p.
1684 3120 1800 3199 87)
1826 3142 1928 3179 no-

382 3228 563 3271 strum
590 3232 777 3290 regem
802 3233 832 3268 a
855 3214 1128 3268 bellatore
1156 3213 1421 3286 dynastiae
1436 3213 1551 3267 XII
1578 3212 1666 3266 vel
1689 3212 1837 3266 XIX·
1856 3211 1935 3266 di·

380 3293 643 3379 stinguit,
683 3303 1070 3377 aptissimeque
1108 3300 1401 3373 componit
1454 3317 1582 3354 cum
1626 3300 1928 3369 Sesortosi‚

383 3389 537 3465 apud
564 3389 958 3448 Manethonem
1003 3388 1266 3461 dynastiae
1290 3387 1464 3441 tertiae
1495 3403 1624 3460 rege
1653 3384 1929 3455 secundo,

385 3480 570 3553 deque
589 3477 985 3553 AEgyptiorum
1007 3476 1264 3531 institutis
1281 3474 1648 3529 meritissimo,
1675 3473 1934 3528 Ceterum

385 3586 563 3641 quum
590 3561 1022 3622 Manethoniana
1056 3562 1305 3635 dynastia
1337 3561 1499 3616 tertia
1526 3561 1596 3615 sit
1626 3565 1819 3635 prima
1843 3581 1932 3616 re-

382 3674 516 3730 gum
561 3652 1025 3727 ΜεηιΡΙιίιὶιηιηι,
1085 3649 1440 3705 Sesonchosis
1460 3647 1769 3704 Dicaearchi
1796 3667 1933 3704 vero

382 3744 569 3797 statim
607 3751 735 3815 post
759 3742 981 3796 Horum
1022 3736 1190 3794 deum
1231 3753 1485 3811 regnasse
1510 3732 1733 3789 dicatur
1764 3735 1935 3791 :hinc

384 3828 655 3904 equidem
670 3829 876 3902 colligo
900 3825 1287 3881 Dicaearchum
1310 3821 1633 3895 expressisse
1674 3819 1937 3876 traditio-

387 3935 517 3972 nem
540 3916 975 3990 Memphitarum
993 3953 1010 3984 ,
1040 3930 1284 3985 quorum
1301 3911 1361 3964 in
1377 3908 1707 3983 anagraphis
1731 3908 1936 3963 Seson-

385 4005 569 4060 chosis
605 4023 799 4079 regum
841 4000 1364 4074 Memphiticorum,
1403 4006 1568 4068 atque
1591 3995 1734 4051 adeo
1764 3994 1941 4071 AEgy-

384 4094 658 4166 ptiorum,
688 4093 785 4164 qui
809 4095 939 4164 post
960 4088 1095 4143 deos
1120 4087 1437 4162 regnarint,
1462 4084 1629 4138 suerit
1655 4093 1841 4157 caput.
1868 4118 1937 4127 -

393 4180 597 4253 Populi
622 4178 868 4254 AEgyptii
890 4193 996 4251 per
1018 4192 1222 4250 genera
1244 4174 1358 4228 sive
1383 4172 1575 4226 classes
1609 4169 1937 4244 descriptio·

390 4284 522 4321 nem
551 4264 880 4323 Sesonchosi
899 4273 1091 4318 nostro
1116 4263 1229 4318 sive
1257 4259 1489 4317 Sesostri
1518 4256 1634 4330 jam
1668 4257 1940 4313 tribuerat

389 4354 713 4410 Aristoteles
738 4352 907 4410 Polit.
937 4352 1063 4420 vn,
1087 4369 1145 4426 9,
1179 4368 1202 4404 1
1234 4359 1290 4405 et
1308 4354 1339 4414 4
1368 4345 1455 4422 (v.
1481 4346 1647 4402 Arist.
1670 4344 1741 4401 fr.
1775 4342 1934 4421 252),

391 4442 487 4496 ubi
516 4441 587 4498 de
615 4439 958 4515 temporibus
974 4439 1119 4513 regis
1136 4435 1295 4493 addit
1314 4435 1432 4491 haec
1456 4452 1471 4489 ε
1494 4428 1641 4491 Πολὺ
1656 4427 1757 4511 γὰρ
1781 4433 1936 4510 ὑπερ-

391 4526 545 4584 τείνει
570 4524 665 4597 τὴν
696 4524 847 4585 Μίνω
872 4521 1138 4602 βασιλείαν
1167 4524 1202 4591 ἡ
1242 4518 1584 4597 Σεσώστριος.
1626 4520 1798 4594 Apud
1835 4521 1941 4576 Di-

385 4615 701 4672 caearchum
724 4614 883 4670 Nilus
906 4629 1007 4668 rex
1039 4622 1120 4666 est
1144 4609 1368 4667 Pleuoro
1396 4613 1505 4664 sive
1542 4608 1710 4663 Nilus
1734 4608 1935 4662 Erato-

455 4879 670 4932 eham
691 4891 869 4928 nomen
886 4875 1063 4926 hahent
1084 4888 1114 4924 a
1131 4795 1359 4924 gisaldoeo
1379 4873 1620 4936 quodam,
1647 4874 1703 4922 ut
1726 4871 1937 4921 Dieaear-

386 4957 514 5008 ehus
526 4957 651 5007 libro
663 4958 817 5020 primo
836 4958 906 5004 De
922 4953 1021 5002 vita
1035 4951 1238 5002 (ἂι-ποίεε
1252 4952 1397 5001 resen
1414 4949 1544 5000 hisee
1559 4948 1743 4999 verbis:
1766 4965 1792 4992 ι
1810 4950 1940 4998 luter
1961 4987 1969 4998 .

390 5048 477 5086 eos
494 5032 750 5098 prudentia
773 5032 1041 5095 opibusque
1065 5028 1319 5078 eminuisse
1341 5027 1517 5077 Νίσαια
1543 5025 1711 5076 dieunt
1734 5036 1941 5087 eumque

390 5111 725 5176 cognominem
760 5109 848 5160 sibi
868 5107 1037 5157 urbem
1068 5104 1238 5155 incolis
1272 5104 1612 5167 frequentasse.
1642 5101 1710 5153 Ab
1734 5101 1937 5153 eodeci·

2022 600 2315 670 thonian0,
2363 602 2627 676 dynastiae
2667 607 2814 662 xlx
2849 625 2981 681 rege
3024 610 3259 679 ultim0,
3305 612 3408 667 sub
3453 630 3569 685 quo

2029 688 2191 759 ija
2212 703 2537 763 expugnata
2564 709 2677 746 esse
2701 693 2900 749 fertur.
2938 695 3093 749 Patet
3132 697 3301 771 igitur
3333 717 3433 753 cur
3460 701 3570 755 Nili

2021 778 2364 831 mentionem
2392 779 2746 835 Dicaearchus
2785 781 2999 853 fecerit.
3037 784 3230 838 AEram
3273 784 3573 857 Trojanam

2019 864 2391 936 probabiliter
2409 864 2777 940 adoptaverat
2793 870 3173 942 antiquiorem
3193 871 3368 940 illam,
3382 890 3451 928 ex
3461 888 3572 946 qua

2020 943 2218 997 Troica
2245 945 2590 1018 assignantur
2617 948 2773 1002 annis
2812 965 2834 1001 1
2847 964 2879 1002 2
2892 966 2913 1001 ι
2926 966 3062 1017 7—1
3075 948 3186 1003 208
3218 967 3269 1007 a.
3296 949 3357 1008 C.
3376 952 3572 1024 Itaque

2020 1047 2194 1100 quum
2221 1031 2333 1085 Nili
2356 1032 2942 1107 initiumponaturan.
2979 1052 3125 1089 1212
3158 1036 3489 1110 (4364-776
3513 1039 3528 1110 )
3553 1079 3568 1106 ,

2019 1112 2070 1169 T
2072 1116 2203 1188 rojae
2223 1117 2504 1172 excidium
2533 1119 2757 1175 caderet
2776 1121 2834 1175 in
2862 1138 3068 1176 annum
3089 1124 3348 1195 quintum
3380 1125 3572 1180 Thuo—

2018 1203 2094 1257 ris
2118 1206 2233 1259 sive
2258 1205 2392 1274 Nili,
2426 1223 2592 1278 quem
2615 1207 2927 1262 Manethon
2972 1212 3129 1265 annis
3154 1229 3209 1280 7,
3247 1211 3571 1267 Eratosthe-

2019 1308 2118 1345 nes
2159 1292 2316 1345 annis
2380 1311 2445 1365 19
2486 1310 2740 1368 regnasse
2788 1294 3037 1351 tradunt.
3089 1298 3176 1353 Ab
3236 1298 3571 1373 Olympiade

2017 1381 2200 1452 prima
2250 1378 2322 1435 ad
2369 1380 2741 1436 Sesonchosin
2783 1383 3038 1439 scholion
3094 1397 3350 1442 numerat
3393 1404 3571 1442 annos

2022 1465 2173 1540 2936
2199 1465 2216 1540 (
2238 1464 2587 1533 2500—436
2610 1463 2647 1543 ).
2676 1469 2783 1541 Qui
2814 1488 2990 1543 quum
3009 1471 3164 1527 haud
3187 1473 3354 1548 longe
3389 1473 3572 1529 absint

2018 1552 2088 1606 ab
2112 1554 2268 1609 annis
2299 1570 2449 1627 2922
2469 1594 2486 1623 ,
2518 1555 2722 1626 quibus
2749 1555 2874 1612 duae
2912 1559 3138 1632 periodi
3176 1560 3449 1615 Sothiacae
3474 1578 3569 1615 ex-

2016 1640 2268 1713 plentur,
2315 1641 2534 1713 opinari
2564 1643 2762 1716 aliquis
2804 1646 3012 1717 possit,
3052 1665 3227 1702 annos
3276 1644 3427 1702 2500
3467 1665 3571 1703 ro-

2019 1726 2196 1781 tundo
2212 1731 2448 1783 numero
2471 1730 2608 1801 poni
2633 1748 2741 1803 pro
2768 1731 2940 1795 2486.

2765 1864 2818 1923 8.

2097 1990 2364 2061 Stephan.
2395 1990 2522 2062 Byz.
2555 2009 2608 2043 v,
2645 1988 2900 2047 Χαλδαῖοι
2944 2010 2958 2046 :
3001 1988 3336 2063 Ἐκλήθησαν
3375 1993 3431 2052 δὲ
3464 1994 3568 2052 ἀπὸ

2018 2073 2288 2132 Χαλδαίου
2330 2072 2497 2146 τινὸς,
2547 2078 2618 2140 ὡς
2660 2073 2979 2156 Δικαίαρχος
3023 2078 3075 2133 ἐν
3112 2078 3307 2156 πρώτῳ
3343 2085 3433 2138 τοῦ
3479 2084 3572 2152 τῆς

2021 2158 2274 2228 Ἑλλάδος
2304 2161 2443 2241 βίου·
2473 2190 2498 2215 α
2526 2161 2743 2222 Τούτων
2783 2160 2837 2221 δὲ
2862 2163 3063 2222 συνέσει
3088 2166 3177 2224 καὶ
3202 2167 3418 2244 δυνάμει
3447 2169 3565 2226 διά-

2019 2270 2171 2327 φορον
2198 2250 2470 2327 γενόμενον
2494 2248 2580 2308 τὸν
2607 2249 2924 2327 καλούμενον
2966 2251 3123 2313 Νίνον
3147 2251 3240 2325 τὴν
3284 2255 3562 2333 ὁμώνυμον

2024 2339 2165 2417 αὑτῷ
2203 2335 2488 2396 συνοικίσαι
2533 2337 2716 2396 πόλιν·
2746 2339 2849 2397 ἀπὸ
2889 2338 2942 2399 δὲ
2983 2339 3166 2400 τούτου
3202 2340 3447 2424 τέταρτον
3477 2347 3565 2404 ἐπὶ

2021 2420 2145 2479 δέκα
2176 2422 2396 2502 βασιλέα
2433 2421 2742 2501 γενόμενον,
2786 2415 2831 2505 ᾧ
2869 2425 3095 2505 τοῦνομα
3133 2431 3397 2491 Χαλδαῖον
3437 2423 3568 2491 εἶναι

2018 2509 2283 2587 λέγωσιν,
2308 2509 2411 2589 [ὅν]
2437 2534 2563 2592 φασι
2593 2510 2683 2569 καὶ
2712 2510 3002 2573 Βαὸυλῶνα
3028 2513 3121 2587 τὴν
3146 2519 3569 2596 ὀνομαστοτάτην

2019 2597 2167 2655 πόλιν
2214 2596 2332 2676 περὶ
2377 2598 2461 2655 τὸν
2519 2596 2800 2679 Εὐφράτην
2864 2602 3098 2678 ποταμὸν
3144 2605 3568 2679 κατασκευάσαι,

2021 2683 2253 2751 ἅπαντας
2273 2686 2341 2750 εἷς
2357 2684 2517 2742 ταύτὸ
2541 2685 2898 2764 συναγαγόντα
2920 2684 3035 2755 τοὺς
3057 2689 3406 2768 καλουμένους
3425 2695 3570 2753 Χαλ·

2021 2768 2209 2837 δαίους.
2242 2798 2266 2823 υ
2308 2769 2532 2848 Λέγεται
2575 2771 2665 2831 καὶ
2698 2773 2941 2834 Χαλδαία
2984 2772 3157 2855 χώρα.
3206 2777 3329 2838 Εἰσὶ
3375 2777 3431 2839 δὲ
3475 2782 3565 2838 καὶ

2019 2858 2275 2918 Χαλδαῖοι
2305 2858 2442 2924 ἔθνος
2464 2857 2683 2930 πλησίον
2713 2864 2803 2932 τῆς
2827 2859 3095 2940 Κολχίδος.

2096 2944 2292 3004 τούτων
2332 2943 2424 3025 δὲ]
2453 2950 2531 3005 sic
2557 2950 2754 3024 scripsi
2780 2968 2889 3025 pro
2916 2970 3009 3026 vg.
3054 2948 3221 3030 τούτῳ
3244 2948 3299 3010 δὲ
3327 2973 3395 3011 ex
3425 2974 3571 3012 eon-

2015 3036 2232 3108 jectura
2267 3036 2431 3092 Neuii
2474 3055 2566 3110 ap.
2612 3038 3031 3094 Buttmannum.
3076 3041 3343 3115 Stephani
3383 3043 3572 3099 locum

2023 3124 2308 3197 exscripsit
2348 3124 2664 3179 Eustathius
2706 3124 2778 3180 ad
2821 3127 3056 3200 Dionys.
3108 3127 3253 3198 767,
3284 3131 3361 3185 ita
3387 3140 3575 3187 tamen

2021 3220 2084 3263 ut
2126 3210 2436 3265 Dicaearchi
2478 3212 2823 3268 mentionem
2851 3214 2962 3269 alio
2994 3215 3197 3271 trahat.
3230 3218 3316 3271 Ita
3342 3217 3515 3273 habet
3552 3237 3570 3273 ε

2025 3297 2075 3354 Τ
2078 3291 2163 3360 οὺς
2190 3295 2243 3352 δὲ
2272 3296 2438 3353 ἐκεῖσε
2471 3295 2564 3372 (in
2581 3298 2873 3374 Armenia)
2905 3298 3144 3365 Χάλδους
3171 3300 3412 3378 λέγεσθαι
3450 3305 3571 3361 ἐπι-

2022 3388 2201 3459 κρατεῖ
2232 3384 2266 3451 ἡ
2305 3380 2544 3451 συνήθεια
2575 3381 2927 3456 δισυλλάὸως,
2965 3386 3022 3442 οὔ
3069 3385 3382 3452 Χαλδαίους.
3413 3390 3571 3445 Χαλ-

2023 3469 2158 3525 δαῖοι
2183 3463 2284 3548 γὰρ
2324 3466 2679 3546 τρισυλλάόως
2705 3472 2753 3527 οἱ
2791 3468 2917 3527 ποτὲ
2955 3468 3048 3545 μὲν
3075 3472 3348 3549 Κηφῆνες,
3384 3471 3487 3529 ἀπὸ
3514 3471 3570 3531 δὲ

2026 3553 2265 3634 Περσέως
2288 3553 2521 3633 Πέρσαι·
2544 3555 2802 3615 Χαλδαῖοι
2831 3554 3101 3627 κληθέντες
3130 3555 3235 3614 ἀπό
3262 3578 3394 3622 τινος
3416 3559 3571 3617 Χαλ-

2024 3641 2196 3714 δαίου,
2217 3639 2273 3699 ὅν
2303 3663 2429 3721 φασι
2452 3639 2696 3722 τέταρτον
2717 3641 2802 3701 ἐπὶ
2830 3640 2952 3701 δέκα
2977 3641 3172 3719 [ἤγουν
3194 3665 3572 3725 τεσσαρεσκαι-

2023 3729 2274 3808 δέκατον]
2323 3727 2542 3809 βασιλέα
2584 3727 2715 3806 μετὰ
2749 3726 2909 3788 Νίνον
2937 3727 3211 3806 γενόμενον
3253 3728 3348 3801 τὴν
3397 3730 3572 3790 Βα6υ-

2024 3819 2162 3876 λῶνα
2183 3815 2374 3876 οἰκίσαι
2390 3859 2408 3889 ,
2434 3814 2659 3883 καὶτοὺς
2672 3813 3017 3896 συναχθέντας
3035 3814 3256 3875 καλέσαι
3277 3819 3367 3897 ἀφ’
3385 3821 3572 3879 ἑαυτοῦ

2026 3903 2336 3970 Χαλδαίους.
2377 3904 2628 3980 Λέγονται
2666 3903 2843 3981 μέντοι
2884 3902 3029 3985 παρά
3055 3926 3206 3963 τινων
3248 3903 3339 3963 καὶ
3379 3908 3573 3986 οἱπερὶ

2023 3990 2117 4064 τὴν
2162 3991 2396 4072 Κολχίδα
2432 3991 2665 4064 Χάλδοι,
2698 3993 2955 4053 Χαλδαῖοι
3000 3991 3387 4072 τρισυλλάὸως,
3436 3993 3572 4051 κατὰ

2026 4080 2365 4159 Δικαίαρχον.
2398 4083 2467 4136 In
2506 4081 2711 4155 quibus
2738 4082 3020 4138 diversum
3048 4102 3080 4139 a
3112 4095 3305 4138 nostro
3334 4083 3574 4156 Stepha-

2025 4190 2161 4227 num
2199 4182 2455 4227 tractasse
2505 4171 2825 4227 Eustathius
2867 4170 3049 4226 videri
3091 4172 3291 4244 possit,
3342 4180 3574 4226 notante

2027 4256 2408 4331 BernhardyO.
2440 4257 2559 4332 Ego
2579 4267 2766 4312 tamen
2794 4257 3131 4332 negaverim.
3157 4258 3387 4312 Rectius
3414 4257 3574 4312 Pub--

2026 4348 2143 4403 rius
2179 4364 2240 4420 p.
2297 4363 2406 4401 100
2457 4346 2582 4404 ita:
2621 4370 2646 4396 ι
2688 4345 2874 4401 Verba
2916 4340 3052 4399 κατὰ
3082 4340 3400 4420 Δικαίαρχον
3445 4355 3574 4400 ante

2024 4428 2259 4508 λέγονται
2306 4432 2614 4502 collocare,
2648 4430 2738 4487 vel
2767 4431 2933 4486 etiam
2984 4448 3079 4484 sua
3108 4429 3240 4485 sede
3274 4432 3576 4487 retinentes

2025 4531 2153 4577 ante
2178 4538 2240 4575 ea
2281 4521 2678 4593 interpungere
2705 4535 2994 4592 possumus
3021 4518 3096 4572 ita
3126 4527 3193 4572 ut
3229 4518 3573 4590 Eustathius,

2027 4606 2186 4679 quod
2217 4625 2386 4680 supra
2421 4606 2720 4672 omisisset,
2748 4604 3010 4676 adjecisse
3038 4604 3334 4679 cogitetur,
3357 4623 3423 4662 ea
3445 4605 3575 4662 dico

2027 4788 2409 4848 mumquartum
2439 4796 2624 4847 regem,
2643 4784 2721 4833 cui
2742 4783 2950 4834 chaldaei
2985 4797 3162 4834 nomen
3195 4786 3338 4835 fuisse
3376 4784 3576 4846 dicunt,

2031 4863 2321 4926 Babylonem
2335 4898 2350 4924 ,
2377 4860 2548 4911 urbem
2574 4860 2884 4910 clarissimam
2898 4900 2913 4924 ‚
2945 4860 3008 4910 ad
3043 4863 3339 4925 Euphratem
3373 4862 3577 4912 fluvium

2029 4941 2375 5003 oonstruxtsse,
2409 4940 2704 5004 congreg-us
2719 4939 2888 4990 eodeiu
2906 4940 3132 4991 omuibus
3148 4941 3231 5004 qui
3255 4941 3320 4992 ab
3351 4953 3468 5005 νινε
3485 4941 3580 4991 illo

2029 5019 2239 5072 chaldaei
2252 5021 2499 5070 vocantur.
2521 5037 2546 5063 ι
2559 5019 2716 5068 Etiam
2735 5018 2864 5081 tegio
2875 5030 3041 5068 eorum
3052 5017 3277 5069 ehatdm
3292 5018 3574 5082 appellatur.

2031 5101 2153 5150 Sunt
2169 5111 2286 5149 vero
2313 5096 2458 5148 etiam
2478 5094 2696 5148 chalda-i
2719 5096 2922 5159 populus
2936 5094 3155 5147 colchidi
3167 5095 3369 5146 vicinus.
