4016 5916
1690 409 2187 473 FRAGMENTA.

348 563 475 609 tum
519 551 851 617 sententiaS,
895 567 1031 622 quas
1064 547 1253 602 denuo
1296 545 1541 602 refutare
1579 546 1637 600 h.
1673 544 1715 600 l.
1759 542 1899 599 nihil

3423 414 3491 467 24
3505 414 3537 464 3

1990 537 2169 604 κιῶδές
2195 560 2246 596 τι
2272 535 2331 595 τὸ
2356 533 2667 616 πρόὸλημα·
2703 528 3020 615 Δικαίαρχος
3048 532 3103 593 δὲ
3123 533 3214 594 καὶ
3228 532 3318 592 τὸν
3342 532 3537 617 τρόπον

352 642 579 710 attinet,
602 637 733 694 vide
752 655 839 710 ap.
865 637 1148 693 Osannum
1175 653 1237 709 p.
1276 633 1487 699 8—11..
1519 632 1606 690 Cf.
1639 631 1897 705 Prolegg.
1990 630 2083 699 τῆς
2104 628 2305 707 γραφῆς
2337 623 2452 682 ὅλον
2485 621 2833 703 ἐπιμέμφεται
2856 625 2925 689 ὡς
2947 620 3207 702 φορτικόν.

352 728 432 784 ad
449 720 804 800 Theopompi
825 725 893 809 fg.
918 742 979 797 p.
1015 723 1277 791 Lxxlv,
1304 732 1423 779 not.

437 814 698 873 Ceterum
739 812 1029 885 complura
1068 811 1377 884 argumenti
1414 807 1631 882 politici
1668 822 1903 877 compo-

357 904 524 958 suisse
551 903 784 975 scripta,
808 916 1055 972 quorum
1083 897 1266 952 forma
1296 896 1572 971 dialogica
1596 903 1740 962 erat,
1766 893 1903 946 titu-

358 993 445 1047 lus
470 1008 606 1046 vero
635 988 845 1044 inditus
872 1006 902 1041 a
934 987 1064 1041 loco
1082 1026 1098 1058 ‚
1126 985 1227 1039 ubi
1255 982 1514 1057 dialogus
1538 981 1762 1036 habitus
1793 997 1904 1034 esse

359 1078 679 1154 fingebatur
709 1076 882 1151 (sicut
916 1067 1205 1135 Λεσὸιακὸς
1234 1082 1290 1126 et
1320 1065 1652 1149 Κορινθιακὸς
1676 1065 1825 1141 λόγος
1848 1068 1906 1121 in

360 1163 762 1239 philosophicis
788 1162 974 1217 Nostri
1002 1156 1247 1233 scriptis)
1265 1199 1281 1226 ‚
1319 1158 1604 1231 colligitur
1631 1172 1701 1209 ex
1722 1154 1907 1208 verbis

360 1251 645 1309 Ciceronis
671 1251 729 1304 in
752 1250 858 1322 Ep.
886 1247 957 1304 ad
979 1247 1225 1323 Atticum
1245 1245 1419 1311 XIII,
1453 1243 1525 1299 30
1565 1262 1578 1296 :
1619 1242 1758 1298 Volo
1793 1243 1907 1295 ale·-

356 1357 521 1412 quem
552 1340 829 1411 Olympioe
844 1378 857 1401 ,
889 1345 988 1389 aut
1004 1335 1096 1388 ubi
1113 1338 1310 1397 visum,
1341 1327 1602 1386 πολιτικὸν
1631 1324 1908 1402 σύλλογον,

366 1445 513 1481 more
531 1423 873 1491 Dicoearclzi,
892 1419 1218 1493 familiaris
1240 1423 1335 1477 tui.
1357 1417 1576 1473 Politici
1598 1417 1910 1491 argumenti

362 1514 525 1569 fuisse
552 1514 718 1567 etiam
747 1527 947 1565 censeo
979 1510 1276 1583 Epistolam
1314 1524 1481 1581 quam
1509 1506 1592 1560 acl
1620 1507 1912 1559 Aristoxe-

354 1619 492 1655 num
513 1598 869 1655 Dicaearchus
888 1596 1160 1669 scripsisse
1179 1614 1211 1651 a
1230 1594 1500 1651 Cicerone
1524 1591 1750 1649 dicitur.
1772 1590 1912 1647 Vide

352 1698 483 1768 not.
518 1686 590 1743 ad
618 1686 817 1763 fragm.
858 1692 947 1754 [27.

658 1969 878 2048 BIOI
945 1961 1603 2045 ΦΙΛΟΣΟΦΩΝ.

1097 2152 1191 2212 24.

840 2290 889 2344 Ε
927 2286 1148 2344 LIBRO
1187 2282 1440 2342 PRIMO.

894 2426 994 2481 DE
1033 2421 1391 2479 PLATONE.

451 2567 691 2640 Diogen.
716 2565 783 2619 L.
816 2563 931 2629 111,
961 2566 991 2625 4
1024 2578 1039 2613 t
1070 2555 1193 2616 Εἰσὶ
1222 2556 1266 2613 δ’
1296 2553 1345 2613 οἳ
1368 2551 1457 2612 καὶ
1479 2550 1736 2609 παλαῖσαί
1763 2573 1917 2631 φασιν

372 2648 528 2708 αὐτὸν
571 2646 898 2726 (Πλάτωνα)
947 2642 1172 2718 Ἰσθμοῖ,
1212 2640 1347 2699 καθὰ
1385 2639 1474 2699 καὶ
1505 2635 1822 2716 Δικαίαρχος
1864 2640 1917 2694 ἐν

375 2736 564 2817 πρώτῳ
590 2733 724 2814 Περὶ
756 2732 901 2813 βίων.
924 2729 1145 2808 Λέγεται
1177 2728 1220 2787 δ’
1241 2727 1319 2787 ὅτι
1342 2726 1432 2785 καὶ
1456 2728 1710 2805 γραφικῆς
1738 2728 1916 2801 ἐπεμε-

370 2826 504 2896 λήθη
527 2822 616 2882 καὶ
643 2820 912 2896 ποιήματα
942 2816 1162 2898 ἔγραψε,
1190 2815 1281 2875 καὶ
1322 2816 1505 2895 πρῶτα
1542 2811 1637 2889 μὲν
1678 2811 1919 2890 διθυράμ·

372 2912 520 2984 6ους,
552 2910 731 2970 ἔπειτα
767 2908 820 2966 δὲ
858 2906 946 2966 καὶ
974 2904 1109 2983 μέλη
1139 2902 1230 2964 καὶ
1255 2901 1563 2984 τραγῳδίας.

453 3004 504 3059 ἐν
548 2998 597 3056 α’
642 2997 776 3077 Περὶ
823 2995 997 3075 βίων]
1024 2996 1302 3068 frequenti
1339 2990 1681 3066 negligentia
1716 3007 1822 3061 pro
1868 2987 1921 3042 ἐν

370 3088 564 3168 πρώτῳ
594 3085 748 3146 Βίων.
774 3119 850 3129 -
873 3086 1088 3141 Titulus
1103 3082 1265 3154 hujus
1291 3081 1477 3155 operis
1495 3077 1627 3134 alibi
1650 3093 1921 3148 nusquam

376 3177 593 3233 disertis
616 3175 799 3230 verbis
827 3180 1319 3227 commemoratur.
1346 3172 1421 3223 At
1445 3175 1643 3240 sponte
1666 3162 1923 3235 intelligi·

380 3275 470 3318 tur
509 3263 724 3333 reliqua
762 3276 992 3332 quoque
1029 3276 1151 3330 quae
1183 3256 1254 3310 de
1288 3252 1757 3328 philosophorum
1796 3247 1925 3302 vitis

376 3353 656 3425 Diogenes
681 3349 884 3421 aliique
925 3365 956 3402 e
995 3343 1318 3401 Dicaearcho
1358 3341 1629 3407 afferunt,
1672 3337 1744 3393 ad
1786 3332 1921 3393 Βίων

380 3457 521 3513 opus
548 3454 659 3509 esse
698 3434 1010 3491 referenda.
1056 3464 1132 3474 —
1168 3433 1304 3502 Quae
1346 3428 1417 3483 de
1456 3428 1687 3481 Platone
1720 3435 1925 3498 praetcr

379 3526 600 3583 laudata
628 3544 657 3581 e
680 3523 1005 3580 Dicaearcho
1034 3529 1334 3574 narrantur
1366 3516 1485 3569 haec
1512 3522 1638 3568 sunt
1669 3528 1684 3570 ε

1106 3624 1197 3679 25.

2719 730 2813 785 26.

2072 839 2233 894 Idem
2264 840 2379 904 111,
2412 837 2484 903 46
2516 856 2531 891 ε
2559 832 2809 904 Μαθηταὶ
2838 831 2881 890 δ’
2924 833 3078 891 αὐτοῦ
3119 830 3537 909 (Πλάτωνος)...

1993 921 2084 981 καὶ
2111 930 2347 997 γυναῖκες
2383 920 2505 993 δύο,
2544 918 2832 980 Λασθένεια
2864 919 3155 990 Μαντινικὴ
3192 918 3281 978 καὶ
3318 918 3542 987 Ἀξιοθέα

1995 1009 2268 1081 Φλιασία,
2315 1008 2351 1080 ἢ
2395 1007 2485 1067 καὶ
2536 1007 2743 1092 ἀνδρεῖα
2785 1005 3112 1084 ἠμπίσχετο,
3158 1005 3227 1072 ὥς
3270 1029 3398 1086 φησι
3447 1010 3542 1065 Δι-

1994 1104 2263 1185 καίαρχος.

2725 1209 2796 1260 27

2078 1298 2404 1355 Plutarchus
2421 1298 2529 1369 Qu.
2558 1298 2792 1353 Conviv.
2821 1297 2984 1363 VIII,
3019 1311 3083 1363 α,
3113 1311 3145 1349 2
3168 1336 3184 1364 ,
3213 1313 3272 1367 p.
3307 1313 3441 1369 719,
3471 1300 3548 1366 A,

1998 1386 2095 1439 ubi
2125 1402 2308 1440 sermo
2339 1395 2421 1439 est
2442 1384 2515 1439 de
2545 1384 2833 1438 Platonico
2858 1376 3121 1457 dogmate
3148 1401 3163 1436 ε
3194 1379 3298 1440 Τὸν
3324 1380 3438 1438 θεὸν
3466 1381 3548 1439 ἀεὶ

1999 1472 2331 1549 γεωμετρεῖν.
2371 1465 2517 1547 ’Ὅρα
2543 1466 2617 1544 μή
2655 1467 2707 1525 τί
2735 1490 2814 1525 σοι
2844 1470 3107 1546 προσῆκον
3136 1469 3165 1525 δ
3197 1466 3424 1526 Πλάτων
3455 1467 3546 1526 καὶ

2000 1559 2186 1615 οἰκεῖον
2219 1552 2565 1631 αἰνιττόμενος
2591 1552 2824 1627 λέληθεν,
2852 1552 2944 1611 ἅτε
2967 1552 3030 1624 δὴ
3060 1556 3134 1633 τῷ
3159 1555 3430 1632 Σωκράτει
3460 1554 3549 1613 τὸν
3632 1537 3641 1547 ’

2006 1648 2301 1724 Λυκοῦργον
2331 1640 2611 1719 ἀναμιγνὺς
2629 1643 2724 1720 οὐχ
2743 1631 2898 1712 ἦττον
2920 1639 2954 1710 ἢ
2973 1639 3061 1699 τὸν
3086 1639 3396 1720 Πυθαγόραν
3420 1637 3552 1722 ᾤετο

2001 1729 2344 1811 Δικαίαρχος·
2390 1733 2419 1786 δ
2456 1728 2556 1807 γὰρ
2603 1731 2929 1805 Λυκοῦργος,
2962 1717 3109 1784 οἶσθα
3157 1725 3441 1800 δήπουθεν,
3470 1726 3550 1786 ὅτι

2003 1817 2096 1889 τὴν
2157 1813 2498 1926 ἀριθμητικὴν
2561 1814 2841 1892 ἀναλογίαν
2897 1818 2968 1881 ὡς
3026 1811 3415 1894 δημοκρατικὴν
3460 1816 3551 1873 καὶ

2003 1903 2217 1983 ὀχλικὴν
2248 1926 2406 1963 ουσαν
2436 1902 2675 1968 ἐξέὸαλεν
2703 1905 2760 1961 ἐκ
2795 1906 2887 1973 τῆς
2911 1901 3321 1979 Λακεδαίμονος·
3341 1901 3551 1972 ἐπεισή·

2003 2012 2132 2069 γαγε
2158 1991 2212 2051 δὲ
2235 1990 2329 2061 τὴν
2346 1987 2721 2070 γεωμετρικὴν,
2741 1988 3017 2070 ὀλιγαρχία
3041 1987 3265 2070 σώφρονι
3291 1988 3381 2047 καὶ
3406 1994 3555 2068 βασι·

2003 2080 2118 2160 λεία
2156 2078 2350 2157 νομίμῃ
2379 2075 2704 2157 πρέπουσαν·
2734 2081 2767 2147 ἡ
2808 2076 2899 2153 μὲν
2926 2075 3027 2157 γὰρ
3065 2078 3270 2157 ἀριθμῷ
3311 2077 3370 2135 τὸ
3414 2075 3551 2149 ἴσον,

2005 2173 2038 2238 ἡ
2067 2167 2122 2225 δὲ
2149 2166 2287 2242 λόγῳ
2319 2164 2379 2223 τὸ
2409 2167 2527 2222 κατ’
2551 2163 2696 2232 ἀξίαν
2728 2164 2996 2240 ἀπονέμει,
3019 2165 3134 2223 κτλ.
3165 2168 3418 2222 Osannus
3439 2167 3480 2221 l.
3507 2168 3550 2223 l.

2002 2276 2063 2332 p.
2107 2275 2175 2331 19
2205 2268 2332 2312 ante
2358 2251 2488 2333 ᾤετο
2513 2255 2632 2311 Δικ.
2661 2254 3012 2309 inserendam
3038 2272 3151 2308 esse
3185 2264 3347 2327 putat
3367 2254 3550 2326 parti-

2006 2346 2187 2401 culam
2225 2345 2321 2413 ὡς,
2356 2345 2432 2397 ita
2457 2354 2521 2397 ut
2555 2341 2626 2398 ad
2662 2341 3048 2397 Dicaearchum
3082 2341 3399 2413 pertineant
3423 2358 3555 2395 -non

2006 2433 2181 2487 modo
2218 2450 2282 2486 ea
2326 2450 2448 2504 quae
2491 2430 2757 2485 dicuntur
2787 2429 2858 2484 de
2894 2429 3138 2483 Platonis
3171 2430 3284 2483 sive
3315 2429 3557 2483 Socratis

2005 2520 2275 2574 sententia
2323 2535 2391 2571 ex
2435 2516 2767 2589 Pythagorae
2808 2516 3025 2588 placitis
3059 2514 3417 2587 explicanda,
3457 2515 3556 2569 sed

2008 2608 2175 2661 etiam
2203 2622 2295 2671 ea,
2339 2603 2542 2676 quibus
2575 2603 2821 2656 Platonis
2865 2600 3071 2674 dogma
3110 2619 3238 2655 cum
3264 2602 3558 2674 Lycurgea

2008 2693 2267 2749 doctrina
2294 2690 2674 2763 componitur.
2695 2690 2821 2743 Hoc
2844 2689 2890 2741 si
2914 2697 3077 2756 esset,
3103 2697 3254 2742 recte
3273 2686 3427 2741 haud
3450 2686 3556 2741 du·

2006 2782 2100 2836 bie
2137 2782 2386 2837 Osannus
2421 2778 2611 2833 locum
2650 2775 2721 2831 ad
2763 2777 2808 2831 T
2811 2777 3155 2849 ripoliticum
3197 2775 3558 2830 referendum

2011 2887 2122 2925 esse
2158 2876 2427 2923 censeret.
2474 2867 2550 2919 At
2588 2882 2688 2918 cur
2725 2864 3006 2937 vulgatam
3041 2863 3340 2917 lectionem
3376 2874 3556 2918 mute·

2007 2976 2152 3026 muS,
2175 2973 2391 3012 causam
2412 2954 2538 3009 satis
2561 2950 2819 3006 idoneam
2843 2971 2960 3005 non
2980 2949 3170 3008 video,
3200 2983 3274 2993 -
3300 2950 3560 3006 Ceterum

2012 3042 2302 3118 quomodo
2318 3040 2668 3098 Dicaearchus
2690 3040 2934 3093 Platonis
2956 3039 3282 3093 sententiam
3301 3031 3333 3092 'e
3357 3039 3560 3110 Pytha-

2012 3131 2316 3207 goreorum
2342 3128 2700 3203 philosophia
2719 3127 2974 3182 derivare
2994 3127 3270 3195 voluerit,
3295 3127 3411 3198 ipse
3431 3126 3560 3180 Plu·

2014 3219 2235 3274 tarchus
2276 3216 2470 3291 paullo
2514 3225 2642 3288 post
2691 3215 2892 3286 (vm,
2938 3232 3009 3281 2,
3059 3218 3126 3287 4,
3172 3232 3231 3285 p.
3281 3231 3393 3286 7¹9
3435 3211 3557 3287 sq.)

2012 3323 2294 3380 exponere
2322 3304 2561 3371 videtur,
2591 3313 2855 3356 monente
2883 3301 3127 3357 Osanno.

2736 3411 2829 3470 28.

2300 3523 2399 3577 DE
2441 3519 2721 3576 SEPTEM
2763 3516 3233 3572 SAPIENTIBUS
3246 3556 3258 3568 .

2092 3639 2262 3710 Diog.
2294 3638 2359 3693 L.
2383 3636 2458 3701 ιΙ,
2500 3637 2603 3700 40,
2637 3631 2707 3686 de
2730 3642 2938 3705 septem
2967 3628 3309 3702 sapientibus
3351 3644 3366 3685 ε
3408 3623 3476 3686 ‘O
3505 3625 3561 3685 δὲ

457 3731 696 3819 Diogen.
734 3745 802 3798 L.
848 3742 962 3809 111,
1014 3738 1085 3794 38
1129 3757 1142 3792 t
1184 3731 1348 3812 Λόγος
1385 3729 1439 3789 δὲ
1473 3732 1677 3809 πρῶτον
1718 3725 1921 3807 γράψαι
2014 3719 2330 3795 Δικαίαρχος
2355 3717 2471 3775 οὔτε
2501 3713 2689 3791 σοφοὺς
2715 3713 2831 3771 οὔτε
2856 3711 3159 3792 φιλοσόφους
3187 3710 3343 3791 φησὶν
3373 3709 3558 3778 αὐτοὺς

382 3827 535 3887 αὐτὸν
581 3825 908 3907 (Πλάτωνα)
943 3823 1028 3882 τὸν
1063 3822 1323 3901 Φαῖδρον·
1353 3817 1443 3878 καὶ
1469 3816 1568 3895 γὰρ
1597 3816 1706 3893 ἔχει
1735 3836 1923 3891 μειρα-
2014 3804 2306 3886 γεγονέναι,
2333 3801 2566 3868 συνετοὺς
2596 3800 2651 3859 δέ
2677 3824 2818 3866 τινας
2842 3800 2931 3857 καὶ
2953 3797 3323 3875 νομοθετικούς.

387 3915 3557 3961 ——-—————.—-—.——————————————

697 4043 901 4102 vtTAE
941 4033 1606 4100 PHILOSOPHORUM.

1117 4187 1203 4237 2⁴.

440 4318 669 4372 ‘Nonnulli
710 4318 959 4368 Platonem
1007 4314 1154 4364 etiam
1189 4311 1427 4361 luctatum
1464 4319 1566 4356 esse
1595 4304 1764 4352 dicunt
1802 4300 1928 4351 ludis

2015 3975 2202 4026 stlienia
2218 3970 2550 4022 Mantineensis
2567 3971 2617 4019 et
2645 3966 2877 4018 Axiothea
2893 3966 3093 4015 Phliasia
3107 4002 3120 4026 ,
3142 3978 3251 4027 qum
3268 3965 3413 4013 etiam
3437 3964 3555 4013 viri·

2015 4058 2108 4106 lem
2124 4057 2305 4104 vestem
2323 4063 2485 4115 gerere
2515 4048 2723 4107 solebat,
2740 4049 2859 4097 teste
2877 4044 3171 4095 Dicaearcho.

2740 4129 2806 4179 27

2075 4218 2198 4268 Vide
2222 4230 2282 4265 an
2307 4217 2356 4265 te
2373 4226 2470 4263 non
2503 4209 2720 4261 fefellerit
2745 4165 2988 4259 Platonem
3011 4206 3188 4269 aliquid
3207 4205 3293 4254 tibi
3325 4206 3343 4263 (
3356 4219 3419 4255 sc.
3438 4209 3561 4269 'ryn-

2015 4296 2117 4345 dari
2139 4289 2530 4350 Lacedaemonio)
2569 4286 2855 4338 conveniens
2876 4289 2925 4335 et
2947 4284 3263 4334 domesticum
3301 4283 3395 4331 hoc
3421 4283 3561 4332 invo-

382 4397 618 4458 wamiis,
638 4395 779 4446 sicuti
807 4395 932 4443 inter
952 4391 1072 4441 alios
1089 4389 1206 4440 dicit
1236 4383 1538 4438 Dicaearchus
1560 4380 1781 4431 vitarum
1808 4377 1929 4426 libro
2017 4375 2151 4423 lucro
2181 4369 2446 4435 significare
2480 4366 2714 4427 voluisse,
2743 4364 2918 4426 quippe
2940 4362 3023 4426 qui
3062 4363 3305 4411 socratem
3346 4362 3569 4423 Lycurgo

383 4477 555 4541 primo.
592 4475 796 4525 Picturae
818 4483 1015 4535 quoque
1040 4469 1183 4519 tuisse
1217 4464 1457 4518 studiosus
1481 4475 1539 4513 ac
1568 4459 1790 4524 poemata
1818 4453 1931 4505 scri-
2011 4449 2229 4512 junxerit
2270 4445 2439 4497 eodem
2473 4444 2613 4506 plane
2658 4439 2803 4491 modo
2847 4444 2994 4502 atque
3029 4439 3308 4501 Pythagorae
3358 4436 3562 4486 eundem

384 4555 554 4619 psisse,
577 4554 731 4617 primo
749 4549 1103 4613 dithyrambos,
1122 4545 1295 4596 deinde
1311 4543 1405 4593 alia
1420 4541 1567 4604 lyrica
1585 4539 1634 4588 et
1652 4534 1928 4599 tragedias,
2012 4529 2228 4590 iunxisse
2263 4523 2541 4577 Dicaearcho
2579 4521 2710 4570 visus
2739 4522 2827 4570 est.
2867 4522 2989 4568 Nam
3025 4520 3273 4581 Lycurgus
3295 4516 3560 4565 arithmeti-

366 4631 581 4681 dicitur.

1114 4705 1203 4756 25.

448 4805 658 4855 Primum
699 4802 833 4853 Plato
878 4798 1133 4849 Phaedrum
1173 4795 1409 4857 scripsisse
1462 4793 1631 4842 fertur.
1684 4786 1933 4847 flabetque

370 4881 590 4947 quaestio
608 4881 692 4931 illa
708 4877 925 4929 nonnihil
939 4875 1181 4940 juvenile3
1209 4872 1512 4924 Dicoearchus
1523 4881 1638 4918 vero
1655 4866 1801 4917 etiam
1822 4862 1930 4914 uni·

376 4974 574 5012 versam
592 4959 730 5011 istius
746 4955 1015 5021 scriptionis
1030 4954 1261 5005 rationem
1277 4953 1335 5001 ut
1353 4949 1567 5014 putidam
1588 4945 1840 5009 vituperat.

1112 5066 1198 5117 26.

445 5164 582 5215 {nter
600 5160 856 5226 discipulos
876 5157 1087 5211 Platonis
1115 5158 1226 5208 sunt
1252 5155 1394 5207 etiam
1424 5152 1645 5203 mulieres
1659 5148 1797 5212 (lule,
1839 5150 1933 5199 La-

2017 4618 2122 4655 cam
2157 4601 2538 4667 proportionem,
2560 4600 2614 4648 ut
2645 4598 2922 4661 popularem
2954 4597 3003 4644 et
3029 4593 3185 4643 turbae
3212 4595 3402 4656 aptam,
3427 4595 3564 4642 Lace-

2005 4683 2236 4741 ‚daemone
2255 4678 2419 4741 eJecit3
2457 4674 2791 4739 geometricam
2806 4708 2820 4732 ,
2846 4675 2901 4722 ut
2930 4684 3042 4735 quoe
3061 4682 3325 4733 paucorum
3349 4669 3564 4719 modesto

2017 4760 2216 4823 imperio
2237 4761 2286 4807 et
2303 4754 2513 4819 legitimo
2541 4765 2688 4815 regno
2723 4749 3021 4810 conveniret,
3058 4746 3344 4797 introduxit.
3357 4752 3366 4764 ’
3381 4749 3566 4809 Quippe

2019 4837 2100 4887 illa
2123 4845 2324 4908 numero
2336 4831 2521 4894 mquale
2534 4828 2754 4880 omnibus
2771 4826 2967 4886 tribuit,
3000 4826 3106 4874 haec
3123 4823 3307 4873 ratione
3325 4823 3499 4885 cuique
3519 4823 3566 4872 id

2019 4912 2148 4979 quod
2168 4911 2397 4961 meretur.
2740 4973 2808 5024 28

2083 5062 2271 5123 Septem
2291 5056 2524 5120 sapientes
2546 5053 2850 5106 Dicaearchus
2873 5064 3027 5115 neque
3039 5050 3274 5113 sapientes
3289 5060 3446 5110 neque
3464 5046 3566 5110 phi·

2021 5141 2241 5205 losophos
2261 5138 2402 5188 fuisse
2427 5136 2568 5200 dicit,
2587 5134 2670 5187 sed
2686 5134 2815 5184 viros
2831 5131 3089 5197 prudentes
3114 5132 3163 5182 et
3183 5126 3506 5193 legislator-ios.

3233 5248 3338 5318 ιθ.
