<?xml version="1.0" encoding="UTF-8"?>
<!DOCTYPE html PUBLIC "-//W3C//DTD XHTML 1.0 Transitional//EN"
    "http://www.w3.org/TR/xhtml1/DTD/xhtml1-transitional.dtd">
<html xmlns="http://www.w3.org/1999/xhtml" xml:lang="en" lang="en">
 <head>
  <title>
</title>
<meta http-equiv="Content-Type" content="text/html;charset=utf-8" />
  <meta name='ocr-system' content='tesseract 3.04.00' />
  <meta name='ocr-capabilities' content='ocr_page ocr_carea ocr_par ocr_line ocrx_word'/>
</head>
<body>
  <div class='ocr_page' id='page_1' title='image "./fragmentahistor00mgoog_0457.png"; bbox 0 0 4016 5916; ppageno 0'>
   <div class='ocr_carea' id='block_1_1' title="bbox 1597 389 3574 474">
    <p class='ocr_par' dir='ltr' id='par_1_1' title="bbox 1597 389 3574 474">
     <span class='ocr_line' id='line_1_1' title="bbox 1597 389 3574 474; baseline -0.004 -22"><span class='ocrx_word' id='word_1_1' title='bbox 1597 389 2373 453; x_wconf 71' lang='lat' dir='ltr'><strong>PSEUDo-HECATAEUS.</strong></span> <span class='ocrx_word' id='word_1_2' title='bbox 2588 397 2598 404; x_wconf 90' lang='lat'><strong>·</strong></span> <span class='ocrx_word' id='word_1_3' title='bbox 3093 459 3109 474; x_wconf 84' lang='lat'><strong>.</strong></span> <span class='ocrx_word' id='word_1_4' title='bbox 3471 422 3574 471; x_wconf 60' lang='lat'><strong>,03</strong></span> 
     </span>
    </p>
   </div>
   <div class='ocr_carea' id='block_1_2' title="bbox 398 519 3584 782">
    <p class='ocr_par' dir='ltr' id='par_1_2' title="bbox 398 519 3584 782">
     <span class='ocr_line' id='line_1_2' title="bbox 399 519 3577 608; baseline 0.002 -27"><span class='ocrx_word' id='word_1_5' title='bbox 399 520 663 584; x_wconf 76' lang='grc' dir='ltr'>Ἰουδαίων</span> <span class='ocrx_word' id='word_1_6' title='bbox 716 524 920 600; x_wconf 72' lang='grc' dir='ltr'>ὑπῆρχε</span> <span class='ocrx_word' id='word_1_7' title='bbox 960 520 1377 602; x_wconf 78' lang='grc' dir='ltr'>πολυάνθρωπον.</span> <span class='ocrx_word' id='word_1_8' title='bbox 1412 521 1519 581; x_wconf 80' lang='grc' dir='ltr'><strong>Καὶ</strong></span> <span class='ocrx_word' id='word_1_9' title='bbox 1566 520 1632 580; x_wconf 76' lang='grc' dir='ltr'><strong>τὰ</strong></span> <span class='ocrx_word' id='word_1_10' title='bbox 1669 519 1787 601; x_wconf 78' lang='grc' dir='ltr'>περὶ</span> <span class='ocrx_word' id='word_1_11' title='bbox 1834 520 1949 587; x_wconf 76' lang='grc' dir='ltr'>τοὺς</span> <span class='ocrx_word' id='word_1_12' title='bbox 2027 531 2184 601; x_wconf 87' lang='grc' dir='ltr'>λομαι</span> <span class='ocrx_word' id='word_1_13' title='bbox 2224 526 2592 608; x_wconf 67' lang='grc' dir='ltr'>κεφαλαιωδῶς</span> <span class='ocrx_word' id='word_1_14' title='bbox 2636 526 2936 604; x_wconf 74' lang='grc' dir='ltr'>ἐπιδραμεῖν</span> <span class='ocrx_word' id='word_1_15' title='bbox 2977 525 3085 583; x_wconf 83' lang='grc' dir='ltr'>ἔνια</span> <span class='ocrx_word' id='word_1_16' title='bbox 3128 530 3229 585; x_wconf 81' lang='grc' dir='ltr'><strong>τῶν</strong></span> <span class='ocrx_word' id='word_1_17' title='bbox 3273 530 3577 607; x_wconf 75' lang='grc' dir='ltr'>εἰρημένων.</span> 
     </span>
     <span class='ocr_line' id='line_1_3' title="bbox 398 606 3583 697; baseline 0.002 -29"><span class='ocrx_word' id='word_1_18' title='bbox 398 609 594 687; x_wconf 86' lang='grc' dir='ltr'>γάμους</span> <span class='ocrx_word' id='word_1_19' title='bbox 620 607 672 667; x_wconf 76' lang='grc' dir='ltr'>δὲ</span> <span class='ocrx_word' id='word_1_20' title='bbox 701 609 788 666; x_wconf 79' lang='grc' dir='ltr'><strong>καὶ</strong></span> <span class='ocrx_word' id='word_1_21' title='bbox 810 607 902 675; x_wconf 77' lang='grc' dir='ltr'><strong>τὰς</strong></span> <span class='ocrx_word' id='word_1_22' title='bbox 920 611 1020 665; x_wconf 82' lang='grc' dir='ltr'><strong>τῶν</strong></span> <span class='ocrx_word' id='word_1_23' title='bbox 1043 606 1398 667; x_wconf 79' lang='grc' dir='ltr'>τελευτώντων</span> <span class='ocrx_word' id='word_1_24' title='bbox 1421 607 1588 689; x_wconf 70' lang='grc' dir='ltr'>ταφὰς</span> <span class='ocrx_word' id='word_1_25' title='bbox 1613 607 1745 667; x_wconf 73' lang='grc' dir='ltr'>πολὺ</span> <span class='ocrx_word' id='word_1_26' title='bbox 1774 610 1832 667; x_wconf 82' lang='grc' dir='ltr'><strong>τὸ</strong></span> <span class='ocrx_word' id='word_1_27' title='bbox 1852 630 1948 666; x_wconf 85' lang='grc' dir='ltr'><strong>πα·</strong></span> <span class='ocrx_word' id='word_1_28' title='bbox 2033 614 2136 672; x_wconf 81' lang='grc' dir='ltr'><strong>Καὶ</strong></span> <span class='ocrx_word' id='word_1_29' title='bbox 2165 619 2369 695; x_wconf 82' lang='grc' dir='ltr'>πρῶτον</span> <span class='ocrx_word' id='word_1_30' title='bbox 2399 611 2633 679; x_wconf 72' lang='grc' dir='ltr'>ἐπιδείξω</span> <span class='ocrx_word' id='word_1_31' title='bbox 2667 612 2754 669; x_wconf 80' lang='grc' dir='ltr'><strong>τὸν</strong></span> <span class='ocrx_word' id='word_1_32' title='bbox 2783 613 2983 692; x_wconf 79' lang='grc' dir='ltr'>χρόνον·</span> <span class='ocrx_word' id='word_1_33' title='bbox 3009 614 3320 690; x_wconf 78' lang='grc' dir='ltr'>μνημονεύει</span> <span class='ocrx_word' id='word_1_34' title='bbox 3361 616 3464 697; x_wconf 72' lang='grc' dir='ltr'><strong>γὰρ</strong></span> <span class='ocrx_word' id='word_1_35' title='bbox 3491 624 3583 692; x_wconf 75' lang='grc' dir='ltr'><strong>τῆς</strong></span> 
     </span>
     <span class='ocr_line' id='line_1_4' title="bbox 402 694 3584 782; baseline 0.002 -29"><span class='ocrx_word' id='word_1_36' title='bbox 402 695 757 776; x_wconf 79' lang='grc' dir='ltr'>ρηλλαγμένον</span> <span class='ocrx_word' id='word_1_37' title='bbox 774 694 909 773; x_wconf 76' lang='grc' dir='ltr'>ἔχειν</span> <span class='ocrx_word' id='word_1_38' title='bbox 934 694 1140 767; x_wconf 78' lang='grc' dir='ltr'>ἐποίησε</span> <span class='ocrx_word' id='word_1_39' title='bbox 1160 694 1354 771; x_wconf 86' lang='grc' dir='ltr'>νόμιμα</span> <span class='ocrx_word' id='word_1_40' title='bbox 1384 695 1509 776; x_wconf 76' lang='grc' dir='ltr'>πρὸς</span> <span class='ocrx_word' id='word_1_41' title='bbox 1531 694 1597 754; x_wconf 72' lang='grc' dir='ltr'><strong>τὰ</strong></span> <span class='ocrx_word' id='word_1_42' title='bbox 1629 699 1731 754; x_wconf 82' lang='grc' dir='ltr'><strong>τῶν</strong></span> <span class='ocrx_word' id='word_1_43' title='bbox 1773 695 1944 753; x_wconf 77' lang='grc' dir='ltr'>ἄλλων</span> <span class='ocrx_word' id='word_1_44' title='bbox 2029 702 2361 780; x_wconf 73' lang='grc' dir='ltr'>Πτολεμαίου</span> <span class='ocrx_word' id='word_1_45' title='bbox 2393 699 2514 780; x_wconf 77' lang='grc' dir='ltr'>περὶ</span> <span class='ocrx_word' id='word_1_46' title='bbox 2539 702 2716 767; x_wconf 85' lang='grc' dir='ltr'>Γάζαν</span> <span class='ocrx_word' id='word_1_47' title='bbox 2737 701 2866 779; x_wconf 84' lang='grc' dir='ltr'>πρὸς</span> <span class='ocrx_word' id='word_1_48' title='bbox 2889 700 3189 778; x_wconf 78' lang='grc' dir='ltr'>Δημήτριον</span> <span class='ocrx_word' id='word_1_49' title='bbox 3227 701 3417 781; x_wconf 80' lang='grc' dir='ltr'>μάχης·</span> <span class='ocrx_word' id='word_1_50' title='bbox 3448 705 3584 782; x_wconf 74' lang='grc' dir='ltr'>αὕτη</span> 
     </span>
    </p>
   </div>
   <div class='ocr_carea' id='block_1_3' title="bbox 384 778 1944 2250">
    <p class='ocr_par' dir='ltr' id='par_1_3' title="bbox 395 778 1944 1294">
     <span class='ocr_line' id='line_1_5' title="bbox 398 778 1944 863; baseline -0.002 -22"><span class='ocrx_word' id='word_1_51' title='bbox 398 782 704 863; x_wconf 79' lang='grc' dir='ltr'>ἀνθρώπων.</span> <span class='ocrx_word' id='word_1_52' title='bbox 752 778 906 841; x_wconf 74' lang='grc' dir='ltr'>Κατὰ</span> <span class='ocrx_word' id='word_1_53' title='bbox 962 779 1016 839; x_wconf 63' lang='grc' dir='ltr'>δὲ</span> <span class='ocrx_word' id='word_1_54' title='bbox 1045 780 1135 848; x_wconf 76' lang='grc' dir='ltr'><strong>τὰς</strong></span> <span class='ocrx_word' id='word_1_55' title='bbox 1176 781 1390 861; x_wconf 75' lang='grc' dir='ltr'>ὕστερον</span> <span class='ocrx_word' id='word_1_56' title='bbox 1438 780 1712 861; x_wconf 74' lang='grc' dir='ltr'>γενομένας</span> <span class='ocrx_word' id='word_1_57' title='bbox 1739 783 1944 860; x_wconf 75' lang='grc' dir='ltr'>ἑπικρα·</span> 
     </span>
     <span class='ocr_line' id='line_1_6' title="bbox 396 866 1940 950; baseline -0.002 -22"><span class='ocrx_word' id='word_1_58' title='bbox 396 871 537 935; x_wconf 87' lang='grc' dir='ltr'>τείας</span> <span class='ocrx_word' id='word_1_59' title='bbox 569 873 625 929; x_wconf 81' lang='grc' dir='ltr'><strong>ἐκ</strong></span> <span class='ocrx_word' id='word_1_60' title='bbox 648 872 739 939; x_wconf 67' lang='grc' dir='ltr'><strong>τῆς</strong></span> <span class='ocrx_word' id='word_1_61' title='bbox 767 871 866 925; x_wconf 82' lang='grc' dir='ltr'><strong>τῶν</strong></span> <span class='ocrx_word' id='word_1_62' title='bbox 891 867 1190 950; x_wconf 64' lang='grc' dir='ltr'>ἀλλοφύλων</span> <span class='ocrx_word' id='word_1_63' title='bbox 1232 866 1487 944; x_wconf 72' lang='grc' dir='ltr'>ἐπιμιξίας</span> <span class='ocrx_word' id='word_1_64' title='bbox 1508 866 1593 926; x_wconf 77' lang='grc' dir='ltr'><strong>ἐπί</strong></span> <span class='ocrx_word' id='word_1_65' title='bbox 1615 890 1671 926; x_wconf 84' lang='grc' dir='ltr'><strong>τε</strong></span> <span class='ocrx_word' id='word_1_66' title='bbox 1711 872 1801 938; x_wconf 81' lang='grc' dir='ltr'>τ’ἧς</span> <span class='ocrx_word' id='word_1_67' title='bbox 1837 871 1940 925; x_wconf 80' lang='grc' dir='ltr'><strong>τῶν</strong></span> 
     </span>
     <span class='ocr_line' id='line_1_7' title="bbox 398 952 1942 1035; baseline -0.003 -19"><span class='ocrx_word' id='word_1_68' title='bbox 398 959 619 1035; x_wconf 83' lang='grc' dir='ltr'>Περσῶν</span> <span class='ocrx_word' id='word_1_69' title='bbox 639 952 912 1033; x_wconf 75' lang='grc' dir='ltr'>ἡγεμονίας</span> <span class='ocrx_word' id='word_1_70' title='bbox 931 953 1019 1012; x_wconf 70' lang='grc' dir='ltr'><strong>καὶ</strong></span> <span class='ocrx_word' id='word_1_71' title='bbox 1043 958 1141 1012; x_wconf 80' lang='grc' dir='ltr'><strong>τῶν</strong></span> <span class='ocrx_word' id='word_1_72' title='bbox 1171 953 1364 1025; x_wconf 87' lang='grc' dir='ltr'>ταύτην</span> <span class='ocrx_word' id='word_1_73' title='bbox 1393 956 1795 1013; x_wconf 77' lang='grc' dir='ltr'>καταλυσάντων</span> <span class='ocrx_word' id='word_1_74' title='bbox 1819 957 1942 1014; x_wconf 84' lang='grc' dir='ltr'><strong>Μα-</strong></span> 
     </span>
     <span class='ocr_line' id='line_1_8' title="bbox 395 1041 1941 1122; baseline -0.004 -20"><span class='ocrx_word' id='word_1_75' title='bbox 395 1043 616 1101; x_wconf 87' lang='grc' dir='ltr'>κεδόνων</span> <span class='ocrx_word' id='word_1_76' title='bbox 658 1042 828 1099; x_wconf 75' lang='grc' dir='ltr'>πολλὰ</span> <span class='ocrx_word' id='word_1_77' title='bbox 862 1045 966 1101; x_wconf 79' lang='grc' dir='ltr'><strong>τῶν</strong></span> <span class='ocrx_word' id='word_1_78' title='bbox 1005 1041 1237 1122; x_wconf 90' lang='grc' dir='ltr'>πατρίων</span> <span class='ocrx_word' id='word_1_79' title='bbox 1273 1049 1379 1108; x_wconf 85' lang='grc' dir='ltr'>τοῖς</span> <span class='ocrx_word' id='word_1_80' title='bbox 1408 1041 1669 1108; x_wconf 82' lang='grc' dir='ltr'>Ἰουδαίοις</span> <span class='ocrx_word' id='word_1_81' title='bbox 1707 1041 1941 1117; x_wconf 85' lang='grc' dir='ltr'>νομίμων</span> 
     </span>
     <span class='ocr_line' id='line_1_9' title="bbox 396 1126 1943 1207; baseline -0.002 -18"><span class='ocrx_word' id='word_1_82' title='bbox 396 1131 621 1201; x_wconf 72' lang='grc' dir='ltr'>ἐκινήθη.</span> <span class='ocrx_word' id='word_1_83' title='bbox 642 1126 775 1207; x_wconf 70' lang='grc' dir='ltr'>Περὶ</span> <span class='ocrx_word' id='word_1_84' title='bbox 805 1127 897 1203; x_wconf 82' lang='grc' dir='ltr'><strong>μὲν</strong></span> <span class='ocrx_word' id='word_1_85' title='bbox 920 1130 1022 1185; x_wconf 80' lang='grc' dir='ltr'><strong>τῶν</strong></span> <span class='ocrx_word' id='word_1_86' title='bbox 1045 1126 1310 1188; x_wconf 82' lang='grc' dir='ltr'>Ἰουδαίων</span> <span class='ocrx_word' id='word_1_87' title='bbox 1330 1127 1609 1196; x_wconf 82' lang='grc' dir='ltr'>Ἑκαταῖος</span> <span class='ocrx_word' id='word_1_88' title='bbox 1638 1132 1666 1186; x_wconf 85' lang='lat'><em>6</em></span> <span class='ocrx_word' id='word_1_89' title='bbox 1686 1128 1943 1199; x_wconf 81' lang='grc' dir='ltr'>Μιλήσιος</span> 
     </span>
     <span class='ocr_line' id='line_1_10' title="bbox 400 1213 1442 1294; baseline 0 -21"><span class='ocrx_word' id='word_1_90' title='bbox 400 1218 565 1294; x_wconf 83' lang='lat' dir='ltr'><strong>(deb.</strong></span> <span class='ocrx_word' id='word_1_91' title='bbox 598 1213 929 1294; x_wconf 76' lang='grc' dir='ltr'>Ἇὸδηρίτης)</span> <span class='ocrx_word' id='word_1_92' title='bbox 954 1219 1122 1274; x_wconf 74' lang='grc' dir='ltr'>ταῦτα</span> <span class='ocrx_word' id='word_1_93' title='bbox 1149 1214 1442 1294; x_wconf 80' lang='grc' dir='ltr'>ἱστόρηκεν.</span> 
     </span>
    </p>

    <p class='ocr_par' dir='ltr' id='par_1_4' title="bbox 384 1303 1940 2250">
     <span class='ocr_line' id='line_1_11' title="bbox 474 1303 1939 1361; baseline -0.002 0"><span class='ocrx_word' id='word_1_94' title='bbox 474 1306 782 1361; x_wconf 70' lang='lat' dir='ltr'><strong>Hecataeum</strong></span> <span class='ocrx_word' id='word_1_95' title='bbox 798 1305 1074 1360; x_wconf 84' lang='lat' dir='ltr'><strong>Milesium</strong></span> <span class='ocrx_word' id='word_1_96' title='bbox 1102 1303 1372 1359; x_wconf 89' lang='lat' dir='ltr'><strong>confundi</strong></span> <span class='ocrx_word' id='word_1_97' title='bbox 1399 1324 1526 1360; x_wconf 88' lang='lat' dir='ltr'><strong>cum</strong></span> <span class='ocrx_word' id='word_1_98' title='bbox 1556 1303 1825 1360; x_wconf 81' lang='lat' dir='ltr'>Abderita</span> <span class='ocrx_word' id='word_1_99' title='bbox 1853 1305 1939 1358; x_wconf 75' lang='lat' dir='ltr'><strong>vel</strong></span> 
     </span>
     <span class='ocr_line' id='line_1_12' title="bbox 394 1390 1940 1466; baseline -0.002 -18"><span class='ocrx_word' id='word_1_100' title='bbox 394 1412 464 1448; x_wconf 78' lang='lat' dir='ltr'><strong>ex</strong></span> <span class='ocrx_word' id='word_1_101' title='bbox 501 1393 563 1446; x_wconf 88' lang='lat' dir='ltr'><strong>iis</strong></span> <span class='ocrx_word' id='word_1_102' title='bbox 591 1411 712 1465; x_wconf 80' lang='lat' dir='ltr'><strong>quae</strong></span> <span class='ocrx_word' id='word_1_103' title='bbox 759 1391 830 1446; x_wconf 88' lang='lat' dir='ltr'><strong>de</strong></span> <span class='ocrx_word' id='word_1_104' title='bbox 860 1390 1233 1466; x_wconf 83' lang='lat' dir='ltr'><strong>Macedonum</strong></span> <span class='ocrx_word' id='word_1_105' title='bbox 1276 1392 1617 1464; x_wconf 87' lang='lat' dir='ltr'><strong>temporibus</strong></span> <span class='ocrx_word' id='word_1_106' title='bbox 1657 1391 1940 1460; x_wconf 85' lang='lat' dir='ltr'><strong>dicuntur,</strong></span> 
     </span>
     <span class='ocr_line' id='line_1_13' title="bbox 391 1478 1939 1552; baseline -0.001 -18"><span class='ocrx_word' id='word_1_107' title='bbox 391 1480 514 1534; x_wconf 89' lang='lat' dir='ltr'><strong>luce</strong></span> <span class='ocrx_word' id='word_1_108' title='bbox 539 1479 740 1533; x_wconf 84' lang='lat' dir='ltr'><strong>clarius</strong></span> <span class='ocrx_word' id='word_1_109' title='bbox 759 1489 855 1534; x_wconf 87' lang='lat' dir='ltr'><strong>est.</strong></span> <span class='ocrx_word' id='word_1_110' title='bbox 868 1480 934 1535; x_wconf 88' lang='lat' dir='ltr'><strong>V.</strong></span> <span class='ocrx_word' id='word_1_111' title='bbox 964 1479 1289 1552; x_wconf 44' lang='lat' dir='ltr'><strong>&amp;vesseling</strong></span> <span class='ocrx_word' id='word_1_112' title='bbox 1311 1478 1384 1533; x_wconf 90' lang='lat' dir='ltr'><strong>ad</strong></span> <span class='ocrx_word' id='word_1_113' title='bbox 1407 1478 1467 1536; x_wconf 89' lang='lat' dir='ltr'><strong>h.</strong></span> <span class='ocrx_word' id='word_1_114' title='bbox 1491 1479 1530 1533; x_wconf 90' lang='lat' dir='ltr'><strong>l.</strong></span> <span class='ocrx_word' id='word_1_115' title='bbox 1558 1479 1744 1534; x_wconf 79' lang='lat' dir='ltr'><strong>Alium</strong></span> <span class='ocrx_word' id='word_1_116' title='bbox 1764 1496 1939 1552; x_wconf 86' lang='lat' dir='ltr'><strong>quen·</strong></span> 
     </span>
     <span class='ocr_line' id='line_1_14' title="bbox 392 1565 1937 1641; baseline -0.001 -18"><span class='ocrx_word' id='word_1_117' title='bbox 392 1568 517 1623; x_wconf 87' lang='lat' dir='ltr'><strong>dam</strong></span> <span class='ocrx_word' id='word_1_118' title='bbox 538 1569 858 1622; x_wconf 80' lang='lat' dir='ltr'><strong>Hecataeum</strong></span> <span class='ocrx_word' id='word_1_119' title='bbox 887 1566 1159 1621; x_wconf 86' lang='lat' dir='ltr'><strong>Milesium</strong></span> <span class='ocrx_word' id='word_1_120' title='bbox 1176 1608 1191 1635; x_wconf 92' lang='lat'><strong>,</strong></span> <span class='ocrx_word' id='word_1_121' title='bbox 1225 1565 1503 1621; x_wconf 63' lang='lat' dir='ltr'><strong>Abderitae</strong></span> <span class='ocrx_word' id='word_1_122' title='bbox 1528 1584 1822 1641; x_wconf 82' lang='lat' dir='ltr'><strong>supparem</strong></span> <span class='ocrx_word' id='word_1_123' title='bbox 1852 1567 1937 1621; x_wconf 88' lang='lat' dir='ltr'><strong>in·</strong></span> 
     </span>
     <span class='ocr_line' id='line_1_15' title="bbox 390 1652 1938 1728; baseline -0.001 -19"><span class='ocrx_word' id='word_1_124' title='bbox 390 1655 562 1728; x_wconf 81' lang='lat' dir='ltr'><strong>telligi</strong></span> <span class='ocrx_word' id='word_1_125' title='bbox 628 1654 809 1708; x_wconf 72' lang='lat' dir='ltr'><strong>voluit</strong></span> <span class='ocrx_word' id='word_1_126' title='bbox 881 1653 1145 1722; x_wconf 84' lang='lat' dir='ltr'><strong>Zornius;</strong></span> <span class='ocrx_word' id='word_1_127' title='bbox 1214 1652 1367 1725; x_wconf 87' lang='lat' dir='ltr'><strong>quod</strong></span> <span class='ocrx_word' id='word_1_128' title='bbox 1426 1652 1554 1725; x_wconf 87' lang='lat' dir='ltr'><strong>jure</strong></span> <span class='ocrx_word' id='word_1_129' title='bbox 1606 1664 1938 1726; x_wconf 84' lang='lat' dir='ltr'><strong>respuerunt</strong></span> 
     </span>
     <span class='ocr_line' id='line_1_16' title="bbox 387 1739 1934 1815; baseline -0.001 -20"><span class='ocrx_word' id='word_1_130' title='bbox 387 1741 780 1815; x_wconf 70' lang='lat' dir='ltr'><strong>wesselingius</strong></span> <span class='ocrx_word' id='word_1_131' title='bbox 823 1740 863 1797; x_wconf 88' lang='lat'><strong>1.</strong></span> <span class='ocrx_word' id='word_1_132' title='bbox 892 1740 926 1794; x_wconf 88' lang='lat' dir='ltr'><strong>l.</strong></span> <span class='ocrx_word' id='word_1_133' title='bbox 951 1749 1005 1793; x_wconf 88' lang='lat' dir='ltr'><strong>et</strong></span> <span class='ocrx_word' id='word_1_134' title='bbox 1038 1739 1340 1794; x_wconf 87' lang='lat' dir='ltr'><strong>Creuzerus</strong></span> <span class='ocrx_word' id='word_1_135' title='bbox 1370 1741 1454 1794; x_wconf 89' lang='lat' dir='ltr'><strong>De</strong></span> <span class='ocrx_word' id='word_1_136' title='bbox 1480 1742 1675 1797; x_wconf 81' lang='lat' dir='ltr'><strong>Hecat.</strong></span> <span class='ocrx_word' id='word_1_137' title='bbox 1720 1741 1934 1794; x_wconf 84' lang='lat' dir='ltr'><strong>Milesio</strong></span> 
     </span>
     <span class='ocr_line' id='line_1_17' title="bbox 385 1824 1933 1900; baseline -0.001 -18"><span class='ocrx_word' id='word_1_138' title='bbox 385 1847 441 1900; x_wconf 86' lang='lat' dir='ltr'><strong>p.</strong></span> <span class='ocrx_word' id='word_1_139' title='bbox 472 1827 562 1882; x_wconf 82' lang='lat'><strong>35.</strong></span> <span class='ocrx_word' id='word_1_140' title='bbox 593 1828 678 1884; x_wconf 86' lang='lat' dir='ltr'><strong>cf.</strong></span> <span class='ocrx_word' id='word_1_141' title='bbox 703 1829 898 1898; x_wconf 80' lang='lat' dir='ltr'><strong>Heyne</strong></span> <span class='ocrx_word' id='word_1_142' title='bbox 919 1827 1004 1881; x_wconf 88' lang='lat' dir='ltr'><strong>De</strong></span> <span class='ocrx_word' id='word_1_143' title='bbox 1031 1826 1196 1880; x_wconf 82' lang='lat' dir='ltr'><strong>fontt.</strong></span> <span class='ocrx_word' id='word_1_144' title='bbox 1224 1824 1463 1880; x_wconf 85' lang='lat' dir='ltr'><strong>Diodori</strong></span> <span class='ocrx_word' id='word_1_145' title='bbox 1506 1844 1565 1899; x_wconf 87' lang='lat' dir='ltr'><strong>p.</strong></span> <span class='ocrx_word' id='word_1_146' title='bbox 1596 1826 1933 1895; x_wconf 83' lang='lat' dir='ltr'>LXXXIX,</span> 
     </span>
     <span class='ocr_line' id='line_1_18' title="bbox 386 1912 1932 1990; baseline -0.001 -20"><span class='ocrx_word' id='word_1_147' title='bbox 386 1914 473 1970; x_wconf 89' lang='lat' dir='ltr'><strong>ed.</strong></span> <span class='ocrx_word' id='word_1_148' title='bbox 510 1916 628 1990; x_wconf 86' lang='lat' dir='ltr'><strong>Bip.</strong></span> <span class='ocrx_word' id='word_1_149' title='bbox 674 1944 747 1958; x_wconf 91' lang='lat'><strong>--</strong></span> <span class='ocrx_word' id='word_1_150' title='bbox 788 1914 1043 1969; x_wconf 83' lang='lat' dir='ltr'><strong>Ceterum</strong></span> <span class='ocrx_word' id='word_1_151' title='bbox 1091 1912 1461 1986; x_wconf 83' lang='lat' dir='ltr'>fragmentum</span> <span class='ocrx_word' id='word_1_152' title='bbox 1510 1914 1581 1969; x_wconf 89' lang='lat' dir='ltr'><strong>de</strong></span> <span class='ocrx_word' id='word_1_153' title='bbox 1621 1913 1825 1968; x_wconf 80' lang='lat' dir='ltr'><strong>Judaeis</strong></span> <span class='ocrx_word' id='word_1_154' title='bbox 1872 1915 1932 1968; x_wconf 90' lang='lat' dir='ltr'><strong>in</strong></span> 
     </span>
     <span class='ocr_line' id='line_1_19' title="bbox 386 2000 1932 2076; baseline -0.001 -19"><span class='ocrx_word' id='word_1_155' title='bbox 386 2003 727 2076; x_wconf 73' lang='lat' dir='ltr'><strong>AEgyptiacis</strong></span> <span class='ocrx_word' id='word_1_156' title='bbox 741 2002 929 2056; x_wconf 85' lang='lat' dir='ltr'><strong>locum</strong></span> <span class='ocrx_word' id='word_1_157' title='bbox 946 2001 1200 2057; x_wconf 88' lang='lat' dir='ltr'><strong>habuisse</strong></span> <span class='ocrx_word' id='word_1_158' title='bbox 1215 2003 1405 2056; x_wconf 88' lang='lat' dir='ltr'><strong>monui</strong></span> <span class='ocrx_word' id='word_1_159' title='bbox 1424 2003 1482 2056; x_wconf 89' lang='lat' dir='ltr'><strong>in</strong></span> <span class='ocrx_word' id='word_1_160' title='bbox 1499 2000 1932 2058; x_wconf 80' lang='lat' dir='ltr'><strong>introductione.</strong></span> 
     </span>
     <span class='ocr_line' id='line_1_20' title="bbox 386 2088 1925 2163; baseline 0.001 -19"><span class='ocrx_word' id='word_1_161' title='bbox 386 2088 721 2160; x_wconf 80' lang='lat' dir='ltr'>subjicimus</span> <span class='ocrx_word' id='word_1_162' title='bbox 748 2089 1054 2162; x_wconf 73' lang='lat' dir='ltr'><strong>fragmenta</strong></span> <span class='ocrx_word' id='word_1_163' title='bbox 1076 2088 1146 2146; x_wconf 89' lang='lat' dir='ltr'><strong>de</strong></span> <span class='ocrx_word' id='word_1_164' title='bbox 1168 2089 1373 2145; x_wconf 80' lang='lat' dir='ltr'><strong>Judaeis</strong></span> <span class='ocrx_word' id='word_1_165' title='bbox 1390 2131 1406 2158; x_wconf 90' lang='lat'><strong>,</strong></span> <span class='ocrx_word' id='word_1_166' title='bbox 1439 2109 1562 2163; x_wconf 82' lang='lat' dir='ltr'><strong>quae</strong></span> <span class='ocrx_word' id='word_1_167' title='bbox 1585 2108 1616 2145; x_wconf 89' lang='lat' dir='ltr'><strong>e</strong></span> <span class='ocrx_word' id='word_1_168' title='bbox 1662 2089 1925 2145; x_wconf 87' lang='lat' dir='ltr'><strong>Pseudo-</strong></span> 
     </span>
     <span class='ocr_line' id='line_1_21' title="bbox 384 2176 1146 2250; baseline 0.001 -19"><span class='ocrx_word' id='word_1_169' title='bbox 384 2176 643 2232; x_wconf 79' lang='lat' dir='ltr'><strong>Hecataeo</strong></span> <span class='ocrx_word' id='word_1_170' title='bbox 670 2176 829 2232; x_wconf 82' lang='lat' dir='ltr'><strong>affert</strong></span> <span class='ocrx_word' id='word_1_171' title='bbox 856 2176 1146 2250; x_wconf 85' lang='lat' dir='ltr'><strong>Josephus.</strong></span> 
     </span>
    </p>
   </div>
   <div class='ocr_carea' id='block_1_4' title="bbox 819 2330 1494 2390">
    <p class='ocr_par' dir='ltr' id='par_1_5' title="bbox 819 2330 1494 2390">
     <span class='ocr_line' id='line_1_22' title="bbox 819 2330 1494 2390; baseline 0 -1"><span class='ocrx_word' id='word_1_172' title='bbox 819 2330 1494 2390; x_wconf 80' lang='grc' dir='ltr'>ΨΕΥΔΟΕΚΑΤΑΙΟΣ.</span> 
     </span>
    </p>
   </div>
   <div class='ocr_carea' id='block_1_5' title="bbox 856 2491 1451 2551">
    <p class='ocr_par' dir='ltr' id='par_1_6' title="bbox 856 2491 1451 2551">
     <span class='ocr_line' id='line_1_23' title="bbox 856 2491 1451 2551; baseline -0.002 -1"><span class='ocrx_word' id='word_1_173' title='bbox 856 2493 1037 2551; x_wconf 78' lang='grc' dir='ltr'>ΠΕΡΙ</span> <span class='ocrx_word' id='word_1_174' title='bbox 1066 2491 1451 2551; x_wconf 81' lang='grc' dir='ltr'>ΙΟΥΔΑΙΩΝ.</span> 
     </span>
    </p>
   </div>
   <div class='ocr_carea' id='block_1_6' title="bbox 1114 2645 1201 2704">
    <p class='ocr_par' dir='ltr' id='par_1_7' title="bbox 1114 2645 1201 2704">
     <span class='ocr_line' id='line_1_24' title="bbox 1114 2645 1201 2704; baseline 0 -11"><span class='ocrx_word' id='word_1_175' title='bbox 1114 2645 1201 2704; x_wconf 74' lang='lat'><strong>14.</strong></span> 
     </span>
    </p>
   </div>
   <div class='ocr_carea' id='block_1_7' title="bbox 379 2781 1925 3037">
    <p class='ocr_par' dir='ltr' id='par_1_8' title="bbox 379 2781 1925 3037">
     <span class='ocr_line' id='line_1_25' title="bbox 458 2781 1925 2858; baseline 0.001 -18"><span class='ocrx_word' id='word_1_176' title='bbox 458 2785 732 2858; x_wconf 70' lang='lat' dir='ltr'><strong>,Iosephus</strong></span> <span class='ocrx_word' id='word_1_177' title='bbox 758 2785 817 2840; x_wconf 90' lang='lat' dir='ltr'><strong>C.</strong></span> <span class='ocrx_word' id='word_1_178' title='bbox 844 2785 1050 2857; x_wconf 83' lang='lat' dir='ltr'><strong>Apion.</strong></span> <span class='ocrx_word' id='word_1_179' title='bbox 1079 2785 1128 2854; x_wconf 91' lang='grc' dir='ltr'><strong>Ι,</strong></span> <span class='ocrx_word' id='word_1_180' title='bbox 1161 2801 1233 2840; x_wconf 77' lang='lat'><strong>22</strong></span> <span class='ocrx_word' id='word_1_181' title='bbox 1260 2803 1273 2839; x_wconf 71' lang='grc' dir='ltr'><strong>ε</strong></span> <span class='ocrx_word' id='word_1_182' title='bbox 1296 2781 1579 2847; x_wconf 82' lang='grc' dir='ltr'>Ἑκαταῖος</span> <span class='ocrx_word' id='word_1_183' title='bbox 1604 2781 1656 2841; x_wconf 73' lang='grc' dir='ltr'>δὲ</span> <span class='ocrx_word' id='word_1_184' title='bbox 1687 2786 1714 2841; x_wconf 99' lang='lat'><em>6</em></span> <span class='ocrx_word' id='word_1_185' title='bbox 1743 2783 1925 2856; x_wconf 75' lang='grc' dir='ltr'>Ἀὅδη-</span> 
     </span>
     <span class='ocr_line' id='line_1_26' title="bbox 383 2867 1922 2950; baseline 0 -22"><span class='ocrx_word' id='word_1_186' title='bbox 383 2870 549 2949; x_wconf 87' lang='grc' dir='ltr'>ρίτης,</span> <span class='ocrx_word' id='word_1_187' title='bbox 574 2870 704 2950; x_wconf 76' lang='grc' dir='ltr'>ἀνὴρ</span> <span class='ocrx_word' id='word_1_188' title='bbox 731 2867 1007 2949; x_wconf 64' lang='grc' dir='ltr'>φιλόσοφος</span> <span class='ocrx_word' id='word_1_189' title='bbox 1048 2867 1159 2945; x_wconf 78' lang='grc' dir='ltr'><strong>ἅμα</strong></span> <span class='ocrx_word' id='word_1_190' title='bbox 1189 2868 1280 2928; x_wconf 83' lang='grc' dir='ltr'><strong>καὶ</strong></span> <span class='ocrx_word' id='word_1_191' title='bbox 1309 2871 1426 2950; x_wconf 75' lang='grc' dir='ltr'>περὶ</span> <span class='ocrx_word' id='word_1_192' title='bbox 1455 2867 1546 2937; x_wconf 76' lang='grc' dir='ltr'><strong>τὰς</strong></span> <span class='ocrx_word' id='word_1_193' title='bbox 1570 2869 1780 2950; x_wconf 85' lang='grc' dir='ltr'>πράξεις</span> <span class='ocrx_word' id='word_1_194' title='bbox 1807 2874 1922 2928; x_wconf 79' lang='grc' dir='ltr'>ίκα-</span> 
     </span>
     <span class='ocr_line' id='line_1_27' title="bbox 379 2955 1922 3037; baseline 0.001 -22"><span class='ocrx_word' id='word_1_195' title='bbox 379 2957 622 3029; x_wconf 80' lang='grc' dir='ltr'>νώτατος,</span> <span class='ocrx_word' id='word_1_196' title='bbox 653 2955 965 3037; x_wconf 80' lang='grc' dir='ltr'>Ἀλεξάνδρῳ</span> <span class='ocrx_word' id='word_1_197' title='bbox 987 2961 1062 3037; x_wconf 80' lang='grc' dir='ltr'><strong>τῷ</strong></span> <span class='ocrx_word' id='word_1_198' title='bbox 1088 2958 1293 3035; x_wconf 84' lang='grc' dir='ltr'>βασιλεῖ</span> <span class='ocrx_word' id='word_1_199' title='bbox 1310 2956 1650 3034; x_wconf 76' lang='grc' dir='ltr'>συνακμάσας</span> <span class='ocrx_word' id='word_1_200' title='bbox 1671 2957 1761 3016; x_wconf 75' lang='grc' dir='ltr'><strong>καὶ</strong></span> <span class='ocrx_word' id='word_1_201' title='bbox 1784 2961 1922 3018; x_wconf 88' lang='grc' dir='ltr'>Πτο-</span> 
     </span>
    </p>
   </div>
   <div class='ocr_carea' id='block_1_8' title="bbox 2020 784 3586 1910">
    <p class='ocr_par' dir='ltr' id='par_1_9' title="bbox 2020 784 3586 1910">
     <span class='ocr_line' id='line_1_28' title="bbox 2024 784 3583 868; baseline 0.003 -22"><span class='ocrx_word' id='word_1_202' title='bbox 2024 788 2078 846; x_wconf 82' lang='grc' dir='ltr'>δὲ</span> <span class='ocrx_word' id='word_1_203' title='bbox 2103 789 2307 867; x_wconf 82' lang='grc' dir='ltr'>γέγονεν</span> <span class='ocrx_word' id='word_1_204' title='bbox 2327 787 2587 868; x_wconf 78' lang='grc' dir='ltr'>ἑνδεκάτῳ</span> <span class='ocrx_word' id='word_1_205' title='bbox 2612 784 2705 863; x_wconf 78' lang='grc' dir='ltr'><strong>μὲν</strong></span> <span class='ocrx_word' id='word_1_206' title='bbox 2734 785 2838 845; x_wconf 77' lang='grc' dir='ltr'>ἔτει</span> <span class='ocrx_word' id='word_1_207' title='bbox 2855 791 2944 857; x_wconf 68' lang='grc' dir='ltr'><strong>τῆς</strong></span> <span class='ocrx_word' id='word_1_208' title='bbox 2964 787 3293 866; x_wconf 78' lang='grc' dir='ltr'>Ἀλεξάνδρου</span> <span class='ocrx_word' id='word_1_209' title='bbox 3318 793 3583 866; x_wconf 71' lang='grc' dir='ltr'>τελευτῆς,</span> 
     </span>
     <span class='ocr_line' id='line_1_29' title="bbox 2023 873 3582 954; baseline 0.001 -20"><span class='ocrx_word' id='word_1_210' title='bbox 2023 876 2110 935; x_wconf 78' lang='grc' dir='ltr'>ἐπὶ</span> <span class='ocrx_word' id='word_1_211' title='bbox 2130 877 2184 935; x_wconf 85' lang='grc' dir='ltr'>δὲ</span> <span class='ocrx_word' id='word_1_212' title='bbox 2207 876 2564 953; x_wconf 77' lang='grc' dir='ltr'>Ὀλυμπιάδος</span> <span class='ocrx_word' id='word_1_213' title='bbox 2579 873 2804 952; x_wconf 75' lang='grc' dir='ltr'>ἑὸδόμης</span> <span class='ocrx_word' id='word_1_214' title='bbox 2820 874 2909 933; x_wconf 72' lang='grc' dir='ltr'><strong>καὶ</strong></span> <span class='ocrx_word' id='word_1_215' title='bbox 2932 875 3153 946; x_wconf 81' lang='grc' dir='ltr'>δεκάτης</span> <span class='ocrx_word' id='word_1_216' title='bbox 3169 875 3260 934; x_wconf 69' lang='grc' dir='ltr'><strong>καὶ</strong></span> <span class='ocrx_word' id='word_1_217' title='bbox 3275 880 3555 951; x_wconf 69' lang='grc' dir='ltr'>ἑκατοστῆς</span> <span class='ocrx_word' id='word_1_218' title='bbox 3567 925 3582 954; x_wconf 88' lang='grc'>,</span> 
     </span>
     <span class='ocr_line' id='line_1_30' title="bbox 2022 962 3581 1046; baseline 0.001 -24"><span class='ocrx_word' id='word_1_219' title='bbox 2022 967 2092 1031; x_wconf 82' lang='grc' dir='ltr'><strong>ὡς</strong></span> <span class='ocrx_word' id='word_1_220' title='bbox 2115 965 2314 1046; x_wconf 77' lang='grc' dir='ltr'>ἱστορεῖ</span> <span class='ocrx_word' id='word_1_221' title='bbox 2344 963 2593 1041; x_wconf 89' lang='grc' dir='ltr'>Κάστωρ.</span> <span class='ocrx_word' id='word_1_222' title='bbox 2636 962 2889 1042; x_wconf 73' lang='grc' dir='ltr'>Προσθεὶς</span> <span class='ocrx_word' id='word_1_223' title='bbox 2909 962 3011 1042; x_wconf 77' lang='grc' dir='ltr'><strong>γὰρ</strong></span> <span class='ocrx_word' id='word_1_224' title='bbox 3037 962 3233 1036; x_wconf 84' lang='grc' dir='ltr'>ταύτην</span> <span class='ocrx_word' id='word_1_225' title='bbox 3253 962 3347 1035; x_wconf 85' lang='grc' dir='ltr'><strong>τὴν</strong></span> <span class='ocrx_word' id='word_1_226' title='bbox 3377 965 3581 1044; x_wconf 88' lang='grc' dir='ltr'>Ὀλυμ-</span> 
     </span>
     <span class='ocr_line' id='line_1_31' title="bbox 2020 1050 3580 1134; baseline 0 -24"><span class='ocrx_word' id='word_1_227' title='bbox 2020 1051 2183 1111; x_wconf 86' lang='grc' dir='ltr'>πιάδα</span> <span class='ocrx_word' id='word_1_228' title='bbox 2213 1051 2368 1134; x_wconf 79' lang='grc' dir='ltr'>φησὶν</span> <span class='ocrx_word' id='word_1_229' title='bbox 2387 1096 2404 1124; x_wconf 93' lang='grc'>,</span> <span class='ocrx_word' id='word_1_230' title='bbox 2436 1051 2563 1111; x_wconf 75' lang='grc' dir='ltr'>Ἐπὶ</span> <span class='ocrx_word' id='word_1_231' title='bbox 2596 1051 2786 1122; x_wconf 82' lang='grc' dir='ltr'>ταύτης</span> <span class='ocrx_word' id='word_1_232' title='bbox 2820 1051 3147 1127; x_wconf 76' lang='grc' dir='ltr'>Πτολεμαῖος</span> <span class='ocrx_word' id='word_1_233' title='bbox 3168 1054 3196 1108; x_wconf 90' lang='lat'><em>6</em></span> <span class='ocrx_word' id='word_1_234' title='bbox 3233 1050 3408 1128; x_wconf 85' lang='grc' dir='ltr'>Λάγου</span> <span class='ocrx_word' id='word_1_235' title='bbox 3441 1054 3580 1110; x_wconf 75' lang='grc' dir='ltr'>ἐνίκα</span> 
     </span>
     <span class='ocr_line' id='line_1_32' title="bbox 2021 1137 3579 1218; baseline 0.001 -22"><span class='ocrx_word' id='word_1_236' title='bbox 2021 1137 2157 1196; x_wconf 79' lang='grc' dir='ltr'>κατὰ</span> <span class='ocrx_word' id='word_1_237' title='bbox 2186 1139 2359 1208; x_wconf 85' lang='grc' dir='ltr'>Γάζαν</span> <span class='ocrx_word' id='word_1_238' title='bbox 2381 1138 2530 1218; x_wconf 81' lang='grc' dir='ltr'>μάχῃ</span> <span class='ocrx_word' id='word_1_239' title='bbox 2555 1138 2857 1216; x_wconf 82' lang='grc' dir='ltr'>Δημήτριον</span> <span class='ocrx_word' id='word_1_240' title='bbox 2883 1138 2968 1196; x_wconf 83' lang='grc' dir='ltr'><strong>τὸν</strong></span> <span class='ocrx_word' id='word_1_241' title='bbox 2992 1137 3279 1215; x_wconf 80' lang='grc' dir='ltr'>Ἀντιγόνου</span> <span class='ocrx_word' id='word_1_242' title='bbox 3300 1187 3316 1215; x_wconf 85' lang='lat'><strong>,</strong></span> <span class='ocrx_word' id='word_1_243' title='bbox 3345 1138 3432 1198; x_wconf 77' lang='grc' dir='ltr'><strong>τὸν</strong></span> <span class='ocrx_word' id='word_1_244' title='bbox 3460 1144 3579 1200; x_wconf 69' lang='grc' dir='ltr'>ἐπι-</span> 
     </span>
     <span class='ocr_line' id='line_1_33' title="bbox 2021 1224 3582 1304; baseline 0.001 -20"><span class='ocrx_word' id='word_1_245' title='bbox 2021 1225 2275 1297; x_wconf 79' lang='grc' dir='ltr'>κληθέντα</span> <span class='ocrx_word' id='word_1_246' title='bbox 2308 1226 2692 1304; x_wconf 76' lang='grc' dir='ltr'>Πολιορκητήν.</span> <span class='ocrx_word' id='word_1_247' title='bbox 2721 1252 2743 1275; x_wconf 68' lang='lat' dir='ltr'>n</span> <span class='ocrx_word' id='word_1_248' title='bbox 2771 1225 3097 1304; x_wconf 80' lang='grc' dir='ltr'>Ἀλέξανδρον</span> <span class='ocrx_word' id='word_1_249' title='bbox 3121 1224 3174 1283; x_wconf 72' lang='grc' dir='ltr'>δὲ</span> <span class='ocrx_word' id='word_1_250' title='bbox 3190 1227 3428 1284; x_wconf 81' lang='grc' dir='ltr'>τεθνάναι</span> <span class='ocrx_word' id='word_1_251' title='bbox 3447 1228 3582 1286; x_wconf 88' lang='grc' dir='ltr'>πάν-</span> 
     </span>
     <span class='ocr_line' id='line_1_34' title="bbox 2022 1313 3583 1392; baseline 0.001 -20"><span class='ocrx_word' id='word_1_252' title='bbox 2022 1337 2104 1378; x_wconf 84' lang='grc' dir='ltr'><strong>τες</strong></span> <span class='ocrx_word' id='word_1_253' title='bbox 2118 1315 2454 1391; x_wconf 72' lang='grc' dir='ltr'>ὁμολογοῦσιν</span> <span class='ocrx_word' id='word_1_254' title='bbox 2479 1313 2564 1370; x_wconf 72' lang='grc' dir='ltr'>ἐπὶ</span> <span class='ocrx_word' id='word_1_255' title='bbox 2592 1317 2681 1383; x_wconf 71' lang='grc' dir='ltr'><strong>τῆς</strong></span> <span class='ocrx_word' id='word_1_256' title='bbox 2708 1316 2989 1383; x_wconf 71' lang='grc' dir='ltr'>ἑκατοστῆς</span> <span class='ocrx_word' id='word_1_257' title='bbox 3014 1315 3583 1392; x_wconf 79' lang='grc' dir='ltr'>τεσσαρεσκαιδεκάτης</span> 
     </span>
     <span class='ocr_line' id='line_1_35' title="bbox 2022 1392 3586 1471; baseline 0.002 -14"><span class='ocrx_word' id='word_1_258' title='bbox 2022 1401 2398 1470; x_wconf 78' lang='grc' dir='ltr'>Ὀλυμπιάδος.</span> <span class='ocrx_word' id='word_1_259' title='bbox 2431 1402 2600 1471; x_wconf 74' lang='grc' dir='ltr'>Δῆλον</span> <span class='ocrx_word' id='word_1_260' title='bbox 2628 1392 2715 1458; x_wconf 67' lang='grc' dir='ltr'><strong>οὗν</strong></span> <span class='ocrx_word' id='word_1_261' title='bbox 2735 1399 2812 1458; x_wconf 75' lang='grc' dir='ltr'><strong>ὅτι</strong></span> <span class='ocrx_word' id='word_1_262' title='bbox 2840 1401 2929 1458; x_wconf 80' lang='grc' dir='ltr'><strong>καὶ</strong></span> <span class='ocrx_word' id='word_1_263' title='bbox 2961 1402 3077 1458; x_wconf 85' lang='grc' dir='ltr'>κατ’</span> <span class='ocrx_word' id='word_1_264' title='bbox 3110 1402 3300 1460; x_wconf 66' lang='grc' dir='ltr'>ἐκεῖνον</span> <span class='ocrx_word' id='word_1_265' title='bbox 3329 1403 3417 1460; x_wconf 79' lang='grc' dir='ltr'><strong>καὶ</strong></span> <span class='ocrx_word' id='word_1_266' title='bbox 3448 1403 3586 1461; x_wconf 79' lang='grc' dir='ltr'>κατὰ</span> 
     </span>
     <span class='ocr_line' id='line_1_36' title="bbox 2027 1475 3576 1558; baseline 0.006 -22"><span class='ocrx_word' id='word_1_267' title='bbox 2027 1475 2352 1558; x_wconf 79' lang='grc' dir='ltr'>Ἀλέξανδρον</span> <span class='ocrx_word' id='word_1_268' title='bbox 2392 1479 2623 1554; x_wconf 81' lang='grc' dir='ltr'>ἤκμαζεν</span> <span class='ocrx_word' id='word_1_269' title='bbox 2663 1484 2812 1557; x_wconf 81' lang='grc' dir='ltr'>ἡμῶν</span> <span class='ocrx_word' id='word_1_270' title='bbox 2856 1481 2916 1538; x_wconf 79' lang='grc' dir='ltr'><strong>τὸ</strong></span> <span class='ocrx_word' id='word_1_271' title='bbox 2957 1481 3114 1549; x_wconf 79' lang='grc' dir='ltr'>ἔθνος.</span> <span class='ocrx_word' id='word_1_272' title='bbox 3201 1485 3356 1557; x_wconf 81' lang='grc' dir='ltr'>Λέγει</span> <span class='ocrx_word' id='word_1_273' title='bbox 3406 1490 3576 1545; x_wconf 84' lang='grc' dir='ltr'>τοίνυν</span> 
     </span>
     <span class='ocr_line' id='line_1_37' title="bbox 2026 1562 3573 1652; baseline 0.006 -32"><span class='ocrx_word' id='word_1_274' title='bbox 2026 1566 2053 1620; x_wconf 93' lang='lat'><em>6</em></span> <span class='ocrx_word' id='word_1_275' title='bbox 2080 1562 2358 1633; x_wconf 81' lang='grc' dir='ltr'>Ἑκαταῖος</span> <span class='ocrx_word' id='word_1_276' title='bbox 2375 1566 2533 1624; x_wconf 86' lang='grc' dir='ltr'>πάλιν</span> <span class='ocrx_word' id='word_1_277' title='bbox 2552 1566 2704 1639; x_wconf 86' lang='grc' dir='ltr'>τάδε,</span> <span class='ocrx_word' id='word_1_278' title='bbox 2727 1566 2806 1626; x_wconf 79' lang='grc' dir='ltr'><strong>ὅτι</strong></span> <span class='ocrx_word' id='word_1_279' title='bbox 2830 1595 2854 1620; x_wconf 77' lang='grc' dir='ltr'>κ</span> <span class='ocrx_word' id='word_1_280' title='bbox 2878 1567 3010 1644; x_wconf 76' lang='grc' dir='ltr'>μετὰ</span> <span class='ocrx_word' id='word_1_281' title='bbox 3028 1567 3119 1641; x_wconf 79' lang='grc' dir='ltr'><strong>τὴν</strong></span> <span class='ocrx_word' id='word_1_282' title='bbox 3144 1576 3196 1632; x_wconf 76' lang='grc' dir='ltr'>ἐν</span> <span class='ocrx_word' id='word_1_283' title='bbox 3224 1574 3367 1651; x_wconf 83' lang='grc' dir='ltr'>Γάζῃ</span> <span class='ocrx_word' id='word_1_284' title='bbox 3394 1574 3573 1652; x_wconf 79' lang='grc' dir='ltr'>μάχην</span> 
     </span>
     <span class='ocr_line' id='line_1_38' title="bbox 2024 1653 3574 1742; baseline 0.007 -33"><span class='ocrx_word' id='word_1_285' title='bbox 2024 1655 2052 1709; x_wconf 92' lang='lat'><em>6</em></span> <span class='ocrx_word' id='word_1_286' title='bbox 2084 1654 2405 1729; x_wconf 84' lang='grc' dir='ltr'>Πτολεμαῖος</span> <span class='ocrx_word' id='word_1_287' title='bbox 2434 1653 2633 1730; x_wconf 80' lang='grc' dir='ltr'>ἐγένετο</span> <span class='ocrx_word' id='word_1_288' title='bbox 2672 1658 2774 1713; x_wconf 78' lang='grc' dir='ltr'><strong>τῶν</strong></span> <span class='ocrx_word' id='word_1_289' title='bbox 2806 1655 2925 1736; x_wconf 71' lang='grc' dir='ltr'>περὶ</span> <span class='ocrx_word' id='word_1_290' title='bbox 2955 1657 3150 1737; x_wconf 88' lang='grc' dir='ltr'>Συρίαν</span> <span class='ocrx_word' id='word_1_291' title='bbox 3186 1659 3359 1718; x_wconf 86' lang='grc' dir='ltr'>τόπων</span> <span class='ocrx_word' id='word_1_292' title='bbox 3384 1662 3574 1742; x_wconf 74' lang='grc' dir='ltr'>ἐγκρα-</span> 
     </span>
     <span class='ocr_line' id='line_1_39' title="bbox 2023 1738 3577 1823; baseline 0.006 -26"><span class='ocrx_word' id='word_1_293' title='bbox 2023 1738 2140 1810; x_wconf 74' lang='grc' dir='ltr'>τής·</span> <span class='ocrx_word' id='word_1_294' title='bbox 2186 1739 2275 1799; x_wconf 77' lang='grc' dir='ltr'><strong>καὶ</strong></span> <span class='ocrx_word' id='word_1_295' title='bbox 2326 1740 2508 1800; x_wconf 70' lang='grc' dir='ltr'>πολλοὶ</span> <span class='ocrx_word' id='word_1_296' title='bbox 2563 1745 2665 1799; x_wconf 80' lang='grc' dir='ltr'><strong>τῶν</strong></span> <span class='ocrx_word' id='word_1_297' title='bbox 2718 1742 3007 1822; x_wconf 77' lang='grc' dir='ltr'>ἀνθρώπων</span> <span class='ocrx_word' id='word_1_298' title='bbox 3062 1746 3432 1823; x_wconf 84' lang='grc' dir='ltr'>πυνθανόμενοι</span> <span class='ocrx_word' id='word_1_299' title='bbox 3480 1748 3577 1819; x_wconf 74' lang='grc' dir='ltr'><strong>τὴν</strong></span> 
     </span>
     <span class='ocr_line' id='line_1_40' title="bbox 2023 1824 3580 1910; baseline 0.006 -28"><span class='ocrx_word' id='word_1_300' title='bbox 2023 1824 2283 1898; x_wconf 77' lang='grc' dir='ltr'>ἠπιότητα</span> <span class='ocrx_word' id='word_1_301' title='bbox 2323 1826 2413 1884; x_wconf 73' lang='grc' dir='ltr'><strong>καὶ</strong></span> <span class='ocrx_word' id='word_1_302' title='bbox 2455 1827 2841 1907; x_wconf 80' lang='grc' dir='ltr'>φιλανθρωπίαν</span> <span class='ocrx_word' id='word_1_303' title='bbox 2885 1835 2978 1888; x_wconf 75' lang='grc' dir='ltr'><strong>τοῦ</strong></span> <span class='ocrx_word' id='word_1_304' title='bbox 3019 1832 3383 1910; x_wconf 83' lang='grc' dir='ltr'>Πτολεμαίου,</span> <span class='ocrx_word' id='word_1_305' title='bbox 3424 1855 3580 1892; x_wconf 86' lang='grc' dir='ltr'>συνα-</span> 
     </span>
    </p>
   </div>
   <div class='ocr_carea' id='block_1_9' title="bbox 2023 1911 3579 2000">
    <p class='ocr_par' dir='ltr' id='par_1_10' title="bbox 2023 1911 3579 2000">
     <span class='ocr_line' id='line_1_41' title="bbox 2023 1911 3579 2000; baseline 0.007 -32"><span class='ocrx_word' id='word_1_306' title='bbox 2023 1911 2226 1991; x_wconf 84' lang='grc' dir='ltr'>παίρειν</span> <span class='ocrx_word' id='word_1_307' title='bbox 2256 1917 2325 1980; x_wconf 75' lang='grc' dir='ltr'><strong>εἷς</strong></span> <span class='ocrx_word' id='word_1_308' title='bbox 2350 1911 2612 1991; x_wconf 83' lang='grc' dir='ltr'>Αἴγυπτον</span> <span class='ocrx_word' id='word_1_309' title='bbox 2635 1915 2777 1994; x_wconf 77' lang='grc' dir='ltr'>αὐτῷ</span> <span class='ocrx_word' id='word_1_310' title='bbox 2805 1913 2894 1972; x_wconf 71' lang='grc' dir='ltr'><strong>καὶ</strong></span> <span class='ocrx_word' id='word_1_311' title='bbox 2921 1925 3180 1975; x_wconf 84' lang='grc' dir='ltr'>κοινωνεῖν</span> <span class='ocrx_word' id='word_1_312' title='bbox 3205 1922 3308 1977; x_wconf 82' lang='grc' dir='ltr'><strong>τῶν</strong></span> <span class='ocrx_word' id='word_1_313' title='bbox 3327 1922 3579 2000; x_wconf 86' lang='grc' dir='ltr'>πραγμά-</span> 
     </span>
    </p>
   </div>
   <div class='ocr_carea' id='block_1_10' title="bbox 2018 1990 3579 3042">
    <p class='ocr_par' dir='ltr' id='par_1_11' title="bbox 2018 1990 3579 3042">
     <span class='ocr_line' id='line_1_42' title="bbox 2024 1990 3577 2087; baseline 0.006 -31"><span class='ocrx_word' id='word_1_314' title='bbox 2024 2021 2124 2056; x_wconf 89' lang='grc' dir='ltr'><strong>των</strong></span> <span class='ocrx_word' id='word_1_315' title='bbox 2151 1999 2535 2072; x_wconf 81' lang='grc' dir='ltr'>ἠὸουλήθησαν.</span> <span class='ocrx_word' id='word_1_316' title='bbox 2556 1990 2664 2060; x_wconf 72' lang='grc' dir='ltr'>Ὧν</span> <span class='ocrx_word' id='word_1_317' title='bbox 2686 1991 2757 2068; x_wconf 73' lang='grc' dir='ltr'><strong>εἷς</strong></span> <span class='ocrx_word' id='word_1_318' title='bbox 2775 1991 2860 2080; x_wconf 74' lang='grc' dir='ltr'>ἧν,</span> <span class='ocrx_word' id='word_1_319' title='bbox 2881 2002 3054 2082; x_wconf 75' lang='grc' dir='ltr'>φησὶν,</span> <span class='ocrx_word' id='word_1_320' title='bbox 3080 2002 3320 2073; x_wconf 80' lang='grc' dir='ltr'>Ἐζεκίας</span> <span class='ocrx_word' id='word_1_321' title='bbox 3346 2010 3374 2064; x_wconf 92' lang='lat'><em>6</em></span> <span class='ocrx_word' id='word_1_322' title='bbox 3395 2009 3577 2087; x_wconf 71' lang='grc' dir='ltr'>ἀρχιε-</span> 
     </span>
     <span class='ocr_line' id='line_1_43' title="bbox 2026 2085 3579 2167; baseline 0.006 -24"><span class='ocrx_word' id='word_1_323' title='bbox 2026 2086 2139 2164; x_wconf 70' lang='grc' dir='ltr'>ρεὺς</span> <span class='ocrx_word' id='word_1_324' title='bbox 2177 2090 2278 2144; x_wconf 79' lang='grc' dir='ltr'><strong>τῶν</strong></span> <span class='ocrx_word' id='word_1_325' title='bbox 2328 2085 2613 2160; x_wconf 85' lang='grc' dir='ltr'>Ἰουδαίων,</span> <span class='ocrx_word' id='word_1_326' title='bbox 2662 2086 2926 2167; x_wconf 76' lang='grc' dir='ltr'>ἄνθρωπος</span> <span class='ocrx_word' id='word_1_327' title='bbox 2972 2088 3066 2161; x_wconf 72' lang='grc' dir='ltr'><strong>τὴν</strong></span> <span class='ocrx_word' id='word_1_328' title='bbox 3108 2090 3201 2167; x_wconf 77' lang='grc' dir='ltr'><strong>μὲν</strong></span> <span class='ocrx_word' id='word_1_329' title='bbox 3251 2093 3457 2162; x_wconf 82' lang='grc' dir='ltr'>ἠλικίαν</span> <span class='ocrx_word' id='word_1_330' title='bbox 3507 2099 3579 2163; x_wconf 82' lang='grc' dir='ltr'><strong>ὡς</strong></span> 
     </span>
     <span class='ocr_line' id='line_1_44' title="bbox 2023 2172 3577 2258; baseline 0.006 -28"><span class='ocrx_word' id='word_1_331' title='bbox 2023 2172 2270 2244; x_wconf 77' lang='grc' dir='ltr'>ἐξήκοντα</span> <span class='ocrx_word' id='word_1_332' title='bbox 2296 2173 2348 2242; x_wconf 78' lang='grc' dir='ltr'><strong>ἓξ</strong></span> <span class='ocrx_word' id='word_1_333' title='bbox 2378 2176 2522 2248; x_wconf 82' lang='grc' dir='ltr'>ἐτῶν,</span> <span class='ocrx_word' id='word_1_334' title='bbox 2547 2178 2623 2255; x_wconf 78' lang='grc' dir='ltr'><strong>τῷ</strong></span> <span class='ocrx_word' id='word_1_335' title='bbox 2647 2175 2691 2232; x_wconf 85' lang='grc' dir='ltr'>δ’</span> <span class='ocrx_word' id='word_1_336' title='bbox 2720 2174 2976 2252; x_wconf 78' lang='grc' dir='ltr'>ἀξιώματι</span> <span class='ocrx_word' id='word_1_337' title='bbox 2998 2180 3073 2256; x_wconf 79' lang='grc' dir='ltr'><strong>τῷ</strong></span> <span class='ocrx_word' id='word_1_338' title='bbox 3097 2177 3240 2258; x_wconf 82' lang='grc' dir='ltr'>παρὰ</span> <span class='ocrx_word' id='word_1_339' title='bbox 3269 2183 3372 2247; x_wconf 82' lang='grc' dir='ltr'>τοῖς</span> <span class='ocrx_word' id='word_1_340' title='bbox 3397 2183 3577 2257; x_wconf 78' lang='grc' dir='ltr'>ὀμοέθ-</span> 
     </span>
     <span class='ocr_line' id='line_1_45' title="bbox 2022 2259 3573 2342; baseline 0.006 -26"><span class='ocrx_word' id='word_1_341' title='bbox 2022 2281 2124 2327; x_wconf 91' lang='grc' dir='ltr'>νοις</span> <span class='ocrx_word' id='word_1_342' title='bbox 2148 2259 2309 2337; x_wconf 82' lang='grc' dir='ltr'>μέγας</span> <span class='ocrx_word' id='word_1_343' title='bbox 2337 2261 2425 2319; x_wconf 75' lang='grc' dir='ltr'><strong>καὶ</strong></span> <span class='ocrx_word' id='word_1_344' title='bbox 2452 2260 2544 2332; x_wconf 74' lang='grc' dir='ltr'><strong>τὴν</strong></span> <span class='ocrx_word' id='word_1_345' title='bbox 2574 2260 2749 2342; x_wconf 80' lang='grc' dir='ltr'>ψυχὴν</span> <span class='ocrx_word' id='word_1_346' title='bbox 2778 2264 2871 2320; x_wconf 81' lang='grc' dir='ltr'><strong>οὐκ</strong></span> <span class='ocrx_word' id='word_1_347' title='bbox 2914 2262 3125 2334; x_wconf 76' lang='grc' dir='ltr'>ἀνόητος</span> <span class='ocrx_word' id='word_1_348' title='bbox 3142 2310 3159 2342; x_wconf 82' lang='lat'><strong>,</strong></span> <span class='ocrx_word' id='word_1_349' title='bbox 3187 2263 3263 2323; x_wconf 77' lang='grc' dir='ltr'><strong>ἔτι</strong></span> <span class='ocrx_word' id='word_1_350' title='bbox 3295 2265 3348 2324; x_wconf 79' lang='grc' dir='ltr'>δὲ</span> <span class='ocrx_word' id='word_1_351' title='bbox 3372 2270 3460 2326; x_wconf 77' lang='grc' dir='ltr'><strong>καὶ</strong></span> <span class='ocrx_word' id='word_1_352' title='bbox 3487 2268 3573 2326; x_wconf 77' lang='grc' dir='ltr'>λέ·</span> 
     </span>
     <span class='ocr_line' id='line_1_46' title="bbox 2022 2349 3575 2434; baseline 0.005 -28"><span class='ocrx_word' id='word_1_353' title='bbox 2022 2371 2128 2424; x_wconf 87' lang='grc' dir='ltr'>γειν</span> <span class='ocrx_word' id='word_1_354' title='bbox 2174 2350 2384 2415; x_wconf 87' lang='grc' dir='ltr'>δυνατὸς</span> <span class='ocrx_word' id='word_1_355' title='bbox 2422 2349 2511 2408; x_wconf 76' lang='grc' dir='ltr'><strong>καὶ</strong></span> <span class='ocrx_word' id='word_1_356' title='bbox 2539 2350 2669 2429; x_wconf 79' lang='grc' dir='ltr'>[τοῖς</span> <span class='ocrx_word' id='word_1_357' title='bbox 2710 2349 2859 2428; x_wconf 81' lang='grc' dir='ltr'>περὶ]</span> <span class='ocrx_word' id='word_1_358' title='bbox 2903 2353 3007 2410; x_wconf 83' lang='grc' dir='ltr'><strong>τῶν</strong></span> <span class='ocrx_word' id='word_1_359' title='bbox 3040 2353 3386 2432; x_wconf 88' lang='grc' dir='ltr'>πραγμάτων,</span> <span class='ocrx_word' id='word_1_360' title='bbox 3428 2354 3575 2434; x_wconf 84' lang='grc' dir='ltr'>εἴπερ</span> 
     </span>
     <span class='ocr_line' id='line_1_47' title="bbox 2021 2434 3575 2520; baseline 0.003 -26"><span class='ocrx_word' id='word_1_361' title='bbox 2021 2458 2098 2502; x_wconf 90' lang='grc' dir='ltr'><strong>τις</strong></span> <span class='ocrx_word' id='word_1_362' title='bbox 2122 2435 2310 2508; x_wconf 80' lang='grc' dir='ltr'>ἄλλος,</span> <span class='ocrx_word' id='word_1_363' title='bbox 2347 2434 2618 2517; x_wconf 81' lang='grc' dir='ltr'>ἔμπειρος·</span> <span class='ocrx_word' id='word_1_364' title='bbox 2661 2437 2861 2509; x_wconf 89' lang='grc' dir='ltr'>καίτοι,</span> <span class='ocrx_word' id='word_1_365' title='bbox 2897 2436 3074 2515; x_wconf 70' lang='grc' dir='ltr'>φησὶν,</span> <span class='ocrx_word' id='word_1_366' title='bbox 3112 2442 3158 2497; x_wconf 79' lang='grc' dir='ltr'>οἱ</span> <span class='ocrx_word' id='word_1_367' title='bbox 3193 2438 3383 2506; x_wconf 88' lang='grc' dir='ltr'>πάντες</span> <span class='ocrx_word' id='word_1_368' title='bbox 3424 2443 3575 2520; x_wconf 80' lang='grc' dir='ltr'>ἱερεῖς</span> 
     </span>
     <span class='ocr_line' id='line_1_48' title="bbox 2020 2522 3570 2605; baseline 0.005 -25"><span class='ocrx_word' id='word_1_369' title='bbox 2020 2526 2122 2588; x_wconf 78' lang='grc' dir='ltr'><strong>τῶν</strong></span> <span class='ocrx_word' id='word_1_370' title='bbox 2147 2523 2428 2597; x_wconf 84' lang='grc' dir='ltr'>Ἰουδαίων,</span> <span class='ocrx_word' id='word_1_371' title='bbox 2451 2526 2498 2582; x_wconf 76' lang='grc' dir='ltr'>οἱ</span> <span class='ocrx_word' id='word_1_372' title='bbox 2526 2522 2618 2595; x_wconf 77' lang='grc' dir='ltr'><strong>τὴν</strong></span> <span class='ocrx_word' id='word_1_373' title='bbox 2648 2524 2869 2596; x_wconf 86' lang='grc' dir='ltr'>δεκάτην</span> <span class='ocrx_word' id='word_1_374' title='bbox 2899 2529 3001 2584; x_wconf 79' lang='grc' dir='ltr'><strong>τῶν</strong></span> <span class='ocrx_word' id='word_1_375' title='bbox 3035 2527 3316 2605; x_wconf 79' lang='grc' dir='ltr'>γινομένων</span> <span class='ocrx_word' id='word_1_376' title='bbox 3354 2529 3570 2604; x_wconf 73' lang='grc' dir='ltr'>λαμὸά·</span> 
     </span>
     <span class='ocr_line' id='line_1_49' title="bbox 2019 2609 3570 2691; baseline 0.005 -25"><span class='ocrx_word' id='word_1_377' title='bbox 2019 2633 2188 2676; x_wconf 85' lang='grc' dir='ltr'>νοντες</span> <span class='ocrx_word' id='word_1_378' title='bbox 2203 2656 2219 2685; x_wconf 87' lang='lat'><strong>,</strong></span> <span class='ocrx_word' id='word_1_379' title='bbox 2249 2610 2340 2667; x_wconf 71' lang='grc' dir='ltr'><strong>καὶ</strong></span> <span class='ocrx_word' id='word_1_380' title='bbox 2368 2610 2434 2668; x_wconf 68' lang='grc' dir='ltr'><strong>τὰ</strong></span> <span class='ocrx_word' id='word_1_381' title='bbox 2458 2609 2603 2669; x_wconf 76' lang='grc' dir='ltr'>κοινὰ</span> <span class='ocrx_word' id='word_1_382' title='bbox 2624 2612 2958 2686; x_wconf 77' lang='grc' dir='ltr'>διοικοῦντες,</span> <span class='ocrx_word' id='word_1_383' title='bbox 2978 2611 3098 2691; x_wconf 69' lang='grc' dir='ltr'>περὶ</span> <span class='ocrx_word' id='word_1_384' title='bbox 3118 2612 3316 2691; x_wconf 89' lang='grc' dir='ltr'>χιλίους</span> <span class='ocrx_word' id='word_1_385' title='bbox 3342 2614 3570 2691; x_wconf 79' lang='grc' dir='ltr'>μάλιστα</span> 
     </span>
     <span class='ocr_line' id='line_1_50' title="bbox 2020 2696 3574 2780; baseline 0.005 -26"><span class='ocrx_word' id='word_1_386' title='bbox 2020 2696 2108 2754; x_wconf 83' lang='grc' dir='ltr'><strong>καὶ</strong></span> <span class='ocrx_word' id='word_1_387' title='bbox 2135 2697 2500 2764; x_wconf 87' lang='grc' dir='ltr'>πεντακοσίους</span> <span class='ocrx_word' id='word_1_388' title='bbox 2526 2698 2677 2757; x_wconf 74' lang='grc' dir='ltr'>εἰσίν.</span> <span class='ocrx_word' id='word_1_389' title='bbox 2715 2724 2740 2749; x_wconf 80' lang='lat'><strong>¹·</strong></span> <span class='ocrx_word' id='word_1_390' title='bbox 2782 2697 2953 2759; x_wconf 89' lang='grc' dir='ltr'>Πάλιν</span> <span class='ocrx_word' id='word_1_391' title='bbox 2994 2699 3048 2757; x_wconf 84' lang='grc' dir='ltr'>δὲ</span> <span class='ocrx_word' id='word_1_392' title='bbox 3077 2704 3164 2758; x_wconf 75' lang='grc' dir='ltr'><strong>τοῦ</strong></span> <span class='ocrx_word' id='word_1_393' title='bbox 3194 2702 3574 2780; x_wconf 74' lang='grc' dir='ltr'>προειρημένου</span> 
     </span>
     <span class='ocr_line' id='line_1_51' title="bbox 2023 2777 3572 2868; baseline 0.005 -27"><span class='ocrx_word' id='word_1_394' title='bbox 2023 2783 2360 2859; x_wconf 85' lang='grc' dir='ltr'>μνημονεύων</span> <span class='ocrx_word' id='word_1_395' title='bbox 2401 2785 2613 2866; x_wconf 78' lang='grc' dir='ltr'>ἀνδρὸς,</span> <span class='ocrx_word' id='word_1_396' title='bbox 2645 2812 2669 2837; x_wconf 73' lang='grc' dir='ltr'><strong>α</strong></span> <span class='ocrx_word' id='word_1_397' title='bbox 2702 2777 2900 2859; x_wconf 65' lang='grc' dir='ltr'>Οὗτος,</span> <span class='ocrx_word' id='word_1_398' title='bbox 2929 2786 3104 2867; x_wconf 76' lang='grc' dir='ltr'>φησὶν,</span> <span class='ocrx_word' id='word_1_399' title='bbox 3134 2790 3162 2844; x_wconf 92' lang='lat'><em>6</em></span> <span class='ocrx_word' id='word_1_400' title='bbox 3192 2786 3456 2868; x_wconf 85' lang='grc' dir='ltr'>ἄνθρωπος</span> <span class='ocrx_word' id='word_1_401' title='bbox 3481 2814 3572 2848; x_wconf 75' lang='grc' dir='ltr'><strong>τε-</strong></span> 
     </span>
     <span class='ocr_line' id='line_1_52' title="bbox 2018 2868 3569 2952; baseline 0.004 -23"><span class='ocrx_word' id='word_1_402' title='bbox 2018 2868 2211 2950; x_wconf 84' lang='grc' dir='ltr'>τευχὼς</span> <span class='ocrx_word' id='word_1_403' title='bbox 2237 2876 2328 2943; x_wconf 83' lang='grc' dir='ltr'>τ’ἧς</span> <span class='ocrx_word' id='word_1_404' title='bbox 2354 2876 2509 2943; x_wconf 77' lang='grc' dir='ltr'>τιμῆς</span> <span class='ocrx_word' id='word_1_405' title='bbox 2534 2872 2724 2945; x_wconf 87' lang='grc' dir='ltr'>ταύτης</span> <span class='ocrx_word' id='word_1_406' title='bbox 2751 2872 2841 2932; x_wconf 74' lang='grc' dir='ltr'><strong>καὶ</strong></span> <span class='ocrx_word' id='word_1_407' title='bbox 2866 2874 3090 2945; x_wconf 79' lang='grc' dir='ltr'>συνήθης</span> <span class='ocrx_word' id='word_1_408' title='bbox 3115 2878 3243 2949; x_wconf 82' lang='grc' dir='ltr'>ἡμῖν</span> <span class='ocrx_word' id='word_1_409' title='bbox 3270 2874 3537 2952; x_wconf 84' lang='grc' dir='ltr'>γενόμενος</span> <span class='ocrx_word' id='word_1_410' title='bbox 3553 2923 3569 2950; x_wconf 93' lang='grc'>,</span> 
     </span>
     <span class='ocr_line' id='line_1_53' title="bbox 2018 2957 3570 3042; baseline 0.004 -25"><span class='ocrx_word' id='word_1_411' title='bbox 2018 2957 2341 3038; x_wconf 74' lang='grc' dir='ltr'>παραλαὸών</span> <span class='ocrx_word' id='word_1_412' title='bbox 2361 2983 2499 3027; x_wconf 90' lang='grc' dir='ltr'>τινας</span> <span class='ocrx_word' id='word_1_413' title='bbox 2514 2964 2616 3019; x_wconf 82' lang='grc' dir='ltr'><strong>τῶν</strong></span> <span class='ocrx_word' id='word_1_414' title='bbox 2637 2961 2749 3037; x_wconf 85' lang='grc' dir='ltr'>μεθ’</span> <span class='ocrx_word' id='word_1_415' title='bbox 2774 2964 2979 3034; x_wconf 66' lang='grc' dir='ltr'>ἑαυτοῦ,</span> <span class='ocrx_word' id='word_1_416' title='bbox 2997 2961 3094 3033; x_wconf 84' lang='grc' dir='ltr'><strong>τὴν</strong></span> <span class='ocrx_word' id='word_1_417' title='bbox 3108 2962 3353 3042; x_wconf 79' lang='grc' dir='ltr'>διαφορὰν</span> <span class='ocrx_word' id='word_1_418' title='bbox 3373 2963 3570 3042; x_wconf 74' lang='grc' dir='ltr'>ἀνέγνω</span> 
     </span>
    </p>
   </div>
   <div class='ocr_carea' id='block_1_11' title="bbox 375 3041 3570 3128">
    <p class='ocr_par' dir='ltr' id='par_1_12' title="bbox 375 3041 3570 3128">
     <span class='ocr_line' id='line_1_54' title="bbox 375 3041 3570 3128; baseline 0.002 -23"><span class='ocrx_word' id='word_1_419' title='bbox 375 3045 581 3125; x_wconf 85' lang='grc' dir='ltr'>λεμαίῳ</span> <span class='ocrx_word' id='word_1_420' title='bbox 620 3047 697 3125; x_wconf 77' lang='grc' dir='ltr'><strong>τῷ</strong></span> <span class='ocrx_word' id='word_1_421' title='bbox 738 3043 916 3122; x_wconf 81' lang='grc' dir='ltr'>Λάγου</span> <span class='ocrx_word' id='word_1_422' title='bbox 953 3045 1317 3122; x_wconf 88' lang='grc' dir='ltr'>συγγενόμενος</span> <span class='ocrx_word' id='word_1_423' title='bbox 1359 3048 1415 3104; x_wconf 83' lang='grc' dir='ltr'>οὔ</span> <span class='ocrx_word' id='word_1_424' title='bbox 1456 3046 1757 3126; x_wconf 80' lang='grc' dir='ltr'>παρέργως,</span> <span class='ocrx_word' id='word_1_425' title='bbox 1795 3046 1928 3104; x_wconf 80' lang='grc' dir='ltr'>ἀλλὰ</span> <span class='ocrx_word' id='word_1_426' title='bbox 2018 3056 2194 3104; x_wconf 74' lang='grc' dir='ltr'>πᾶσαν</span> <span class='ocrx_word' id='word_1_427' title='bbox 2225 3050 2424 3124; x_wconf 77' lang='grc' dir='ltr'>αὐτοῖς,</span> <span class='ocrx_word' id='word_1_428' title='bbox 2455 3041 2564 3128; x_wconf 66' lang='grc' dir='ltr'>εἶχε</span> <span class='ocrx_word' id='word_1_429' title='bbox 2592 3046 2694 3128; x_wconf 73' lang='grc' dir='ltr'><strong>γὰρ</strong></span> <span class='ocrx_word' id='word_1_430' title='bbox 2720 3048 2815 3119; x_wconf 76' lang='grc' dir='ltr'><strong>τὴν</strong></span> <span class='ocrx_word' id='word_1_431' title='bbox 2843 3048 3142 3120; x_wconf 87' lang='grc' dir='ltr'>κατοίκησιν</span> <span class='ocrx_word' id='word_1_432' title='bbox 3173 3052 3340 3108; x_wconf 77' lang='grc' dir='ltr'>αὐτῶν</span> <span class='ocrx_word' id='word_1_433' title='bbox 3364 3050 3453 3110; x_wconf 81' lang='grc' dir='ltr'><strong>καὶ</strong></span> <span class='ocrx_word' id='word_1_434' title='bbox 3474 3049 3570 3122; x_wconf 84' lang='grc' dir='ltr'><strong>τὴν</strong></span> 
     </span>
    </p>
   </div>
   <div class='ocr_carea' id='block_1_12' title="bbox 375 3124 1929 3214">
    <p class='ocr_par' dir='ltr' id='par_1_13' title="bbox 375 3124 1929 3214">
     <span class='ocr_line' id='line_1_55' title="bbox 375 3124 1929 3214; baseline 0 -23"><span class='ocrx_word' id='word_1_435' title='bbox 375 3133 495 3211; x_wconf 78' lang='grc' dir='ltr'>περὶ</span> <span class='ocrx_word' id='word_1_436' title='bbox 533 3133 703 3190; x_wconf 74' lang='grc' dir='ltr'>αὐτῶν</span> <span class='ocrx_word' id='word_1_437' title='bbox 731 3130 996 3191; x_wconf 82' lang='grc' dir='ltr'>Ἰουδαίων</span> <span class='ocrx_word' id='word_1_438' title='bbox 1026 3131 1347 3214; x_wconf 77' lang='grc' dir='ltr'>συγγέγραφε</span> <span class='ocrx_word' id='word_1_439' title='bbox 1378 3131 1602 3211; x_wconf 76' lang='grc' dir='ltr'>βιὸλίον,</span> <span class='ocrx_word' id='word_1_440' title='bbox 1629 3133 1679 3201; x_wconf 82' lang='grc' dir='ltr'><strong>ἐξ</strong></span> <span class='ocrx_word' id='word_1_441' title='bbox 1704 3124 1761 3191; x_wconf 68' lang='grc' dir='ltr'>οἷ</span> <span class='ocrx_word' id='word_1_442' title='bbox 1806 3133 1929 3211; x_wconf 86' lang='grc' dir='ltr'>βού-</span> 
     </span>
    </p>
   </div>
   <div class='ocr_carea' id='block_1_13' title="bbox 368 3297 1920 4136">
    <p class='ocr_par' dir='ltr' id='par_1_14' title="bbox 368 3297 1920 4136">
     <span class='ocr_line' id='line_1_56' title="bbox 376 3297 1915 3363; baseline 0.001 -14"><span class='ocrx_word' id='word_1_443' title='bbox 376 3298 605 3349; x_wconf 88' lang='lat' dir='ltr'><strong>eliderent</strong></span> <span class='ocrx_word' id='word_1_444' title='bbox 621 3297 938 3360; x_wconf 65' lang='lat' dir='ltr'><strong>pauperiores,</strong></span> <span class='ocrx_word' id='word_1_445' title='bbox 956 3301 1238 3362; x_wconf 79' lang='lat' dir='ltr'><strong>gentemque</strong></span> <span class='ocrx_word' id='word_1_446' title='bbox 1256 3300 1519 3362; x_wconf 76' lang='lat' dir='ltr'><strong>redigerent</strong></span> <span class='ocrx_word' id='word_1_447' title='bbox 1533 3300 1591 3348; x_wconf 88' lang='lat' dir='ltr'><strong>ad</strong></span> <span class='ocrx_word' id='word_1_448' title='bbox 1611 3301 1915 3363; x_wconf 76' lang='lat' dir='ltr'><strong>paucitatem.</strong></span> 
     </span>
     <span class='ocr_line' id='line_1_57' title="bbox 377 3377 1920 3443; baseline 0.002 -16"><span class='ocrx_word' id='word_1_449' title='bbox 377 3379 443 3441; x_wconf 85' lang='lat'><strong>(8)</strong></span> <span class='ocrx_word' id='word_1_450' title='bbox 468 3377 646 3426; x_wconf 78' lang='lat' dir='ltr'><strong>Liberis</strong></span> <span class='ocrx_word' id='word_1_451' title='bbox 675 3377 865 3439; x_wconf 87' lang='lat' dir='ltr'><strong>insuper</strong></span> <span class='ocrx_word' id='word_1_452' title='bbox 894 3377 1150 3427; x_wconf 81' lang='lat' dir='ltr'><strong>educandis</strong></span> <span class='ocrx_word' id='word_1_453' title='bbox 1181 3381 1236 3427; x_wconf 88' lang='lat' dir='ltr'><strong>ut</strong></span> <span class='ocrx_word' id='word_1_454' title='bbox 1258 3392 1451 3441; x_wconf 80' lang='lat' dir='ltr'><strong>operam</strong></span> <span class='ocrx_word' id='word_1_455' title='bbox 1486 3378 1686 3443; x_wconf 84' lang='lat' dir='ltr'><strong>darent,</strong></span> <span class='ocrx_word' id='word_1_456' title='bbox 1718 3380 1920 3442; x_wconf 75' lang='lat' dir='ltr'><strong>regionis</strong></span> 
     </span>
     <span class='ocr_line' id='line_1_58' title="bbox 376 3455 1920 3522; baseline 0.002 -16"><span class='ocrx_word' id='word_1_457' title='bbox 376 3456 717 3506; x_wconf 78' lang='lat' dir='ltr'><strong>inhabitatores</strong></span> <span class='ocrx_word' id='word_1_458' title='bbox 750 3455 903 3518; x_wconf 79' lang='lat' dir='ltr'><strong>coegit</strong></span> <span class='ocrx_word' id='word_1_459' title='bbox 943 3476 956 3505; x_wconf 70' lang='grc' dir='ltr'><strong>ι</strong></span> <span class='ocrx_word' id='word_1_460' title='bbox 996 3469 1241 3520; x_wconf 89' lang='lat' dir='ltr'><strong>quumque</strong></span> <span class='ocrx_word' id='word_1_461' title='bbox 1279 3460 1450 3522; x_wconf 82' lang='lat' dir='ltr'><strong>exiguo</strong></span> <span class='ocrx_word' id='word_1_462' title='bbox 1484 3461 1678 3522; x_wconf 85' lang='lat' dir='ltr'><strong>sumptu</strong></span> <span class='ocrx_word' id='word_1_463' title='bbox 1716 3459 1920 3509; x_wconf 76' lang='lat' dir='ltr'><strong>infantes</strong></span> 
     </span>
     <span class='ocr_line' id='line_1_59' title="bbox 375 3534 1916 3597; baseline 0.001 -11"><span class='ocrx_word' id='word_1_464' title='bbox 375 3537 585 3595; x_wconf 83' lang='lat' dir='ltr'><strong>alantur,</strong></span> <span class='ocrx_word' id='word_1_465' title='bbox 618 3548 804 3597; x_wconf 83' lang='lat' dir='ltr'><strong>semper</strong></span> <span class='ocrx_word' id='word_1_466' title='bbox 837 3534 1120 3585; x_wconf 75' lang='lat' dir='ltr'><strong>Judaeorum</strong></span> <span class='ocrx_word' id='word_1_467' title='bbox 1154 3537 1284 3587; x_wconf 89' lang='lat' dir='ltr'><strong>natio</strong></span> <span class='ocrx_word' id='word_1_468' title='bbox 1321 3538 1629 3588; x_wconf 80' lang='lat' dir='ltr'><strong>multitudine</strong></span> <span class='ocrx_word' id='word_1_469' title='bbox 1668 3538 1916 3588; x_wconf 87' lang='lat' dir='ltr'><strong>hominum</strong></span> 
     </span>
     <span class='ocr_line' id='line_1_60' title="bbox 372 3614 1919 3677; baseline 0.002 -13"><span class='ocrx_word' id='word_1_470' title='bbox 372 3616 540 3677; x_wconf 66' lang='lat' dir='ltr'><strong>vigint.</strong></span> <span class='ocrx_word' id='word_1_471' title='bbox 604 3614 743 3673; x_wconf 87' lang='lat' dir='ltr'><strong>Quod</strong></span> <span class='ocrx_word' id='word_1_472' title='bbox 770 3614 831 3664; x_wconf 87' lang='lat' dir='ltr'><strong>ad</strong></span> <span class='ocrx_word' id='word_1_473' title='bbox 860 3615 1159 3665; x_wconf 85' lang='lat' dir='ltr'><strong>matrimonia</strong></span> <span class='ocrx_word' id='word_1_474' title='bbox 1190 3618 1239 3667; x_wconf 89' lang='lat' dir='ltr'><strong>et</strong></span> <span class='ocrx_word' id='word_1_475' title='bbox 1268 3620 1570 3668; x_wconf 86' lang='lat' dir='ltr'><strong>mortuorum</strong></span> <span class='ocrx_word' id='word_1_476' title='bbox 1600 3616 1919 3667; x_wconf 68' lang='lat' dir='ltr'><strong>funerationes</strong></span> 
     </span>
     <span class='ocr_line' id='line_1_61' title="bbox 371 3694 1919 3758; baseline 0 -15"><span class='ocrx_word' id='word_1_477' title='bbox 371 3694 574 3755; x_wconf 78' lang='lat' dir='ltr'><strong>attinet,</strong></span> <span class='ocrx_word' id='word_1_478' title='bbox 612 3694 668 3740; x_wconf 90' lang='lat' dir='ltr'><strong>ut</strong></span> <span class='ocrx_word' id='word_1_479' title='bbox 698 3705 799 3741; x_wconf 85' lang='lat' dir='ltr'><strong>suae</strong></span> <span class='ocrx_word' id='word_1_480' title='bbox 833 3707 862 3741; x_wconf 87' lang='lat' dir='ltr'><strong>a</strong></span> <span class='ocrx_word' id='word_1_481' title='bbox 895 3694 1164 3743; x_wconf 84' lang='lat' dir='ltr'><strong>ceterorum</strong></span> <span class='ocrx_word' id='word_1_482' title='bbox 1181 3694 1429 3745; x_wconf 78' lang='lat' dir='ltr'><strong>bominum</strong></span> <span class='ocrx_word' id='word_1_483' title='bbox 1462 3695 1645 3758; x_wconf 86' lang='lat' dir='ltr'><strong>legibus</strong></span> <span class='ocrx_word' id='word_1_484' title='bbox 1673 3694 1919 3744; x_wconf 69' lang='lat' dir='ltr'><strong>differrent</strong></span> 
     </span>
     <span class='ocr_line' id='line_1_62' title="bbox 371 3770 1919 3837; baseline 0.001 -16"><span class='ocrx_word' id='word_1_485' title='bbox 371 3772 658 3835; x_wconf 81' lang='lat' dir='ltr'><strong>plurimum,</strong></span> <span class='ocrx_word' id='word_1_486' title='bbox 692 3770 818 3820; x_wconf 78' lang='lat' dir='ltr'><strong>fecit.</strong></span> <span class='ocrx_word' id='word_1_487' title='bbox 883 3774 1109 3823; x_wconf 86' lang='lat' dir='ltr'><strong>Ceterum</strong></span> <span class='ocrx_word' id='word_1_488' title='bbox 1139 3772 1230 3823; x_wconf 84' lang='lat' dir='ltr'><strong>sub</strong></span> <span class='ocrx_word' id='word_1_489' title='bbox 1259 3773 1467 3837; x_wconf 88' lang='lat' dir='ltr'><strong>imperiis</strong></span> <span class='ocrx_word' id='word_1_490' title='bbox 1497 3774 1745 3837; x_wconf 79' lang='lat' dir='ltr'><strong>posteriori</strong></span> <span class='ocrx_word' id='word_1_491' title='bbox 1777 3776 1919 3823; x_wconf 84' lang='lat' dir='ltr'><strong>aetate</strong></span> 
     </span>
     <span class='ocr_line' id='line_1_63' title="bbox 371 3849 1915 3916; baseline 0.001 -16"><span class='ocrx_word' id='word_1_492' title='bbox 371 3850 577 3911; x_wconf 82' lang='lat' dir='ltr'><strong>exortis,</strong></span> <span class='ocrx_word' id='word_1_493' title='bbox 600 3849 650 3898; x_wconf 89' lang='lat' dir='ltr'><strong>in</strong></span> <span class='ocrx_word' id='word_1_494' title='bbox 682 3852 932 3899; x_wconf 65' lang='lat' dir='ltr'><strong>Persarum</strong></span> <span class='ocrx_word' id='word_1_495' title='bbox 965 3850 1236 3915; x_wconf 86' lang='lat' dir='ltr'><strong>dominatu,</strong></span> <span class='ocrx_word' id='word_1_496' title='bbox 1266 3855 1314 3903; x_wconf 90' lang='lat' dir='ltr'><strong>et</strong></span> <span class='ocrx_word' id='word_1_497' title='bbox 1340 3853 1422 3916; x_wconf 84' lang='lat' dir='ltr'><strong>qui</strong></span> <span class='ocrx_word' id='word_1_498' title='bbox 1455 3854 1586 3902; x_wconf 83' lang='lat' dir='ltr'><strong>hunc</strong></span> <span class='ocrx_word' id='word_1_499' title='bbox 1611 3854 1915 3913; x_wconf 81' lang='lat' dir='ltr'><strong>everterunt,</strong></span> 
     </span>
     <span class='ocr_line' id='line_1_64' title="bbox 368 3926 1918 3993; baseline 0 -16"><span class='ocrx_word' id='word_1_500' title='bbox 368 3926 684 3977; x_wconf 71' lang='lat' dir='ltr'><strong>Macedonum</strong></span> <span class='ocrx_word' id='word_1_501' title='bbox 702 3963 717 3989; x_wconf 93' lang='lat'>‚</span> <span class='ocrx_word' id='word_1_502' title='bbox 740 3939 803 3977; x_wconf 85' lang='lat' dir='ltr'><strong>ex</strong></span> <span class='ocrx_word' id='word_1_503' title='bbox 828 3928 1165 3978; x_wconf 73' lang='lat' dir='ltr'><strong>commixtione</strong></span> <span class='ocrx_word' id='word_1_504' title='bbox 1181 3943 1294 3979; x_wconf 89' lang='lat' dir='ltr'><strong>cum</strong></span> <span class='ocrx_word' id='word_1_505' title='bbox 1313 3930 1521 3979; x_wconf 80' lang='lat' dir='ltr'><strong>externis</strong></span> <span class='ocrx_word' id='word_1_506' title='bbox 1532 3930 1750 3993; x_wconf 82' lang='lat' dir='ltr'><strong>gentibus</strong></span> <span class='ocrx_word' id='word_1_507' title='bbox 1766 3929 1918 3979; x_wconf 89' lang='lat' dir='ltr'><strong>multa</strong></span> 
     </span>
     <span class='ocr_line' id='line_1_65' title="bbox 368 4003 1914 4069; baseline 0.003 -16"><span class='ocrx_word' id='word_1_508' title='bbox 368 4003 431 4054; x_wconf 86' lang='lat' dir='ltr'><strong>de</strong></span> <span class='ocrx_word' id='word_1_509' title='bbox 450 4004 608 4067; x_wconf 80' lang='lat' dir='ltr'><strong>legum</strong></span> <span class='ocrx_word' id='word_1_510' title='bbox 630 4004 865 4053; x_wconf 73' lang='lat' dir='ltr'><strong>avitarum</strong></span> <span class='ocrx_word' id='word_1_511' title='bbox 888 4003 1116 4055; x_wconf 86' lang='lat' dir='ltr'><strong>institutis</strong></span> <span class='ocrx_word' id='word_1_512' title='bbox 1137 4006 1264 4069; x_wconf 90' lang='lat' dir='ltr'><strong>apud</strong></span> <span class='ocrx_word' id='word_1_513' title='bbox 1280 4007 1476 4057; x_wconf 80' lang='lat' dir='ltr'><strong>Judoeos</strong></span> <span class='ocrx_word' id='word_1_514' title='bbox 1498 4008 1683 4057; x_wconf 86' lang='lat' dir='ltr'><strong>mutata</strong></span> <span class='ocrx_word' id='word_1_515' title='bbox 1702 4007 1914 4057; x_wconf 80' lang='lat' dir='ltr'><strong>exoleve-</strong></span> 
     </span>
     <span class='ocr_line' id='line_1_66' title="bbox 372 4080 1701 4136; baseline 0.002 -5"><span class='ocrx_word' id='word_1_516' title='bbox 372 4083 507 4131; x_wconf 85' lang='lat' dir='ltr'><strong>runt.</strong></span> <span class='ocrx_word' id='word_1_517' title='bbox 532 4085 603 4131; x_wconf 89' lang='lat' dir='ltr'><strong>De</strong></span> <span class='ocrx_word' id='word_1_518' title='bbox 622 4080 801 4131; x_wconf 84' lang='lat' dir='ltr'><strong>Judaeis</strong></span> <span class='ocrx_word' id='word_1_519' title='bbox 822 4082 927 4131; x_wconf 64' lang='lat' dir='ltr'><strong>hac</strong></span> <span class='ocrx_word' id='word_1_520' title='bbox 946 4083 1157 4133; x_wconf 75' lang='lat' dir='ltr'><strong>narravit</strong></span> <span class='ocrx_word' id='word_1_521' title='bbox 1179 4086 1428 4134; x_wconf 81' lang='lat' dir='ltr'><strong>necataeus</strong></span> <span class='ocrx_word' id='word_1_522' title='bbox 1448 4085 1701 4136; x_wconf 73' lang='lat' dir='ltr'><strong>Abderita.</strong></span> 
     </span>
    </p>
   </div>
   <div class='ocr_carea' id='block_1_14' title="bbox 762 4234 1524 4298">
    <p class='ocr_par' dir='ltr' id='par_1_15' title="bbox 762 4234 1524 4298">
     <span class='ocr_line' id='line_1_67' title="bbox 762 4234 1524 4298; baseline 0.005 -6"><span class='ocrx_word' id='word_1_523' title='bbox 762 4234 1524 4298; x_wconf 83' lang='lat' dir='ltr'><strong>PSEUDO·BECATAEUS.</strong></span> 
     </span>
    </p>
   </div>
   <div class='ocr_carea' id='block_1_15' title="bbox 683 4401 1362 4567">
    <p class='ocr_par' dir='ltr' id='par_1_16' title="bbox 683 4401 1362 4567">
     <span class='ocr_line' id='line_1_68' title="bbox 683 4401 1362 4468; baseline -0.007 2"><span class='ocrx_word' id='word_1_524' title='bbox 683 4401 711 4431; x_wconf 74' lang='lat'><strong><em>‘</em></strong></span> <span class='ocrx_word' id='word_1_525' title='bbox 921 4408 1021 4468; x_wconf 90' lang='lat' dir='ltr'><strong>DE</strong></span> <span class='ocrx_word' id='word_1_526' title='bbox 1055 4407 1362 4468; x_wconf 82' lang='lat' dir='ltr'><strong>JUDAElS.</strong></span> 
     </span>
     <span class='ocr_line' id='line_1_69' title="bbox 1098 4515 1183 4567; baseline -0.012 0"><span class='ocrx_word' id='word_1_527' title='bbox 1098 4515 1183 4567; x_wconf 77' lang='lat'><strong>1⁴.</strong></span> 
     </span>
    </p>
   </div>
   <div class='ocr_carea' id='block_1_16' title="bbox 362 4612 1918 5148">
    <p class='ocr_par' dir='ltr' id='par_1_17' title="bbox 362 4612 1918 5148">
     <span class='ocr_line' id='line_1_70' title="bbox 432 4612 1917 4679; baseline -0.003 -13"><span class='ocrx_word' id='word_1_528' title='bbox 432 4618 560 4667; x_wconf 72' lang='lat' dir='ltr'><strong>nem</strong></span> <span class='ocrx_word' id='word_1_529' title='bbox 568 4616 692 4668; x_wconf 78' lang='lat' dir='ltr'><strong>taeus</strong></span> <span class='ocrx_word' id='word_1_530' title='bbox 702 4617 941 4679; x_wconf 78' lang='lat' dir='ltr'><strong>Abderita,</strong></span> <span class='ocrx_word' id='word_1_531' title='bbox 958 4617 1033 4666; x_wconf 77' lang='lat' dir='ltr'><strong>vir</strong></span> <span class='ocrx_word' id='word_1_532' title='bbox 1050 4628 1147 4665; x_wconf 88' lang='lat' dir='ltr'><strong>non</strong></span> <span class='ocrx_word' id='word_1_533' title='bbox 1162 4614 1305 4664; x_wconf 87' lang='lat' dir='ltr'><strong>modo</strong></span> <span class='ocrx_word' id='word_1_534' title='bbox 1323 4613 1646 4677; x_wconf 81' lang='lat' dir='ltr'><strong>philosophus,</strong></span> <span class='ocrx_word' id='word_1_535' title='bbox 1672 4612 1753 4662; x_wconf 85' lang='lat' dir='ltr'><strong>sed</strong></span> <span class='ocrx_word' id='word_1_536' title='bbox 1774 4614 1917 4662; x_wconf 88' lang='lat' dir='ltr'><strong>etiam</strong></span> 
     </span>
     <span class='ocr_line' id='line_1_71' title="bbox 367 4690 1917 4757; baseline -0.003 -12"><span class='ocrx_word' id='word_1_537' title='bbox 367 4695 513 4745; x_wconf 85' lang='lat' dir='ltr'><strong>rebus</strong></span> <span class='ocrx_word' id='word_1_538' title='bbox 535 4694 747 4757; x_wconf 75' lang='lat' dir='ltr'><strong>gerendis</strong></span> <span class='ocrx_word' id='word_1_539' title='bbox 774 4696 1060 4757; x_wconf 83' lang='lat' dir='ltr'><strong>aptissimus,</strong></span> <span class='ocrx_word' id='word_1_540' title='bbox 1078 4690 1332 4742; x_wconf 74' lang='lat' dir='ltr'><strong>Alexandri</strong></span> <span class='ocrx_word' id='word_1_541' title='bbox 1363 4691 1483 4753; x_wconf 83' lang='lat' dir='ltr'><strong>regis</strong></span> <span class='ocrx_word' id='word_1_542' title='bbox 1511 4691 1707 4753; x_wconf 55' lang='lat' dir='ltr'><strong>aequalis</strong></span> <span class='ocrx_word' id='word_1_543' title='bbox 1739 4693 1917 4740; x_wconf 86' lang='lat' dir='ltr'><strong>etcum</strong></span> 
     </span>
     <span class='ocr_line' id='line_1_72' title="bbox 368 4768 1915 4836; baseline -0.003 -12"><span class='ocrx_word' id='word_1_544' title='bbox 368 4773 629 4824; x_wconf 64' lang='lat' dir='ltr'><strong>Ptolemaeo</strong></span> <span class='ocrx_word' id='word_1_545' title='bbox 648 4773 762 4836; x_wconf 80' lang='lat' dir='ltr'><strong>Lagi</strong></span> <span class='ocrx_word' id='word_1_546' title='bbox 798 4774 1131 4831; x_wconf 79' lang='lat' dir='ltr'><strong>conversatus,</strong></span> <span class='ocrx_word' id='word_1_547' title='bbox 1171 4783 1267 4819; x_wconf 87' lang='lat' dir='ltr'><strong>non</strong></span> <span class='ocrx_word' id='word_1_548' title='bbox 1299 4769 1454 4818; x_wconf 90' lang='lat' dir='ltr'><strong>obiter</strong></span> <span class='ocrx_word' id='word_1_549' title='bbox 1498 4772 1591 4829; x_wconf 84' lang='lat' dir='ltr'><strong>(sc.</strong></span> <span class='ocrx_word' id='word_1_550' title='bbox 1635 4768 1915 4819; x_wconf 82' lang='lat' dir='ltr'><strong>Judaeorum</strong></span> 
     </span>
     <span class='ocr_line' id='line_1_73' title="bbox 362 4842 1917 4916; baseline -0.002 -14"><span class='ocrx_word' id='word_1_551' title='bbox 362 4842 625 4916; x_wconf 78' lang='lat' dir='ltr'><strong>‘meminit)</strong></span> <span class='ocrx_word' id='word_1_552' title='bbox 641 4889 656 4915; x_wconf 93' lang='lat'>‚</span> <span class='ocrx_word' id='word_1_553' title='bbox 684 4852 766 4903; x_wconf 88' lang='lat' dir='ltr'><strong>sed</strong></span> <span class='ocrx_word' id='word_1_554' title='bbox 806 4852 868 4902; x_wconf 89' lang='lat' dir='ltr'><strong>de</strong></span> <span class='ocrx_word' id='word_1_555' title='bbox 905 4852 1085 4902; x_wconf 73' lang='lat' dir='ltr'><strong>Judaels</strong></span> <span class='ocrx_word' id='word_1_556' title='bbox 1129 4850 1242 4912; x_wconf 85' lang='lat' dir='ltr'><strong>ipsis</strong></span> <span class='ocrx_word' id='word_1_557' title='bbox 1288 4849 1463 4898; x_wconf 85' lang='lat' dir='ltr'><strong>librum</strong></span> <span class='ocrx_word' id='word_1_558' title='bbox 1503 4849 1781 4912; x_wconf 80' lang='lat' dir='ltr'><strong>conscripsit</strong></span> <span class='ocrx_word' id='word_1_559' title='bbox 1797 4886 1812 4911; x_wconf 91' lang='lat'><strong>,</strong></span> <span class='ocrx_word' id='word_1_560' title='bbox 1857 4863 1917 4899; x_wconf 75' lang='lat' dir='ltr'><strong>ex</strong></span> 
     </span>
     <span class='ocr_line' id='line_1_74' title="bbox 368 4924 1918 4993; baseline -0.004 -13"><span class='ocrx_word' id='word_1_561' title='bbox 368 4943 468 4993; x_wconf 85' lang='lat' dir='ltr'><strong>quo</strong></span> <span class='ocrx_word' id='word_1_562' title='bbox 486 4929 597 4979; x_wconf 80' lang='lat' dir='ltr'><strong>volo</strong></span> <span class='ocrx_word' id='word_1_563' title='bbox 621 4929 897 4979; x_wconf 86' lang='lat' dir='ltr'><strong>summatim</strong></span> <span class='ocrx_word' id='word_1_564' title='bbox 916 4927 1139 4991; x_wconf 79' lang='lat' dir='ltr'><strong>quaedam</strong></span> <span class='ocrx_word' id='word_1_565' title='bbox 1170 4939 1338 4976; x_wconf 83' lang='lat' dir='ltr'><strong>eorum</strong></span> <span class='ocrx_word' id='word_1_566' title='bbox 1361 4937 1469 4988; x_wconf 82' lang='lat' dir='ltr'><strong>quae</strong></span> <span class='ocrx_word' id='word_1_567' title='bbox 1490 4925 1552 4975; x_wconf 88' lang='lat' dir='ltr'><strong>ab</strong></span> <span class='ocrx_word' id='word_1_568' title='bbox 1582 4939 1640 4975; x_wconf 81' lang='lat' dir='ltr'><strong>eo</strong></span> <span class='ocrx_word' id='word_1_569' title='bbox 1661 4928 1774 4975; x_wconf 83' lang='lat' dir='ltr'><strong>sunt</strong></span> <span class='ocrx_word' id='word_1_570' title='bbox 1792 4924 1918 4975; x_wconf 83' lang='lat' dir='ltr'><strong>dicta</strong></span> 
     </span>
     <span class='ocr_line' id='line_1_75' title="bbox 370 5004 1918 5071; baseline -0.002 -14"><span class='ocrx_word' id='word_1_571' title='bbox 370 5020 680 5071; x_wconf 81' lang='lat' dir='ltr'><strong>percurrere:</strong></span> <span class='ocrx_word' id='word_1_572' title='bbox 699 5008 1005 5071; x_wconf 88' lang='lat' dir='ltr'><strong>primumque</strong></span> <span class='ocrx_word' id='word_1_573' title='bbox 1021 5008 1212 5067; x_wconf 82' lang='lat' dir='ltr'><strong>tempus</strong></span> <span class='ocrx_word' id='word_1_574' title='bbox 1224 5004 1491 5055; x_wconf 83' lang='lat' dir='ltr'><strong>ostendam.</strong></span> <span class='ocrx_word' id='word_1_575' title='bbox 1554 5005 1771 5054; x_wconf 74' lang='lat' dir='ltr'><strong>Meminit</strong></span> <span class='ocrx_word' id='word_1_576' title='bbox 1792 5005 1918 5054; x_wconf 87' lang='lat' dir='ltr'><strong>enim</strong></span> 
     </span>
     <span class='ocr_line' id='line_1_76' title="bbox 370 5083 1915 5148; baseline -0.001 -14"><span class='ocrx_word' id='word_1_577' title='bbox 370 5086 519 5148; x_wconf 73' lang='lat' dir='ltr'><strong>praelii</strong></span> <span class='ocrx_word' id='word_1_578' title='bbox 550 5098 648 5148; x_wconf 88' lang='lat' dir='ltr'><strong>quo</strong></span> <span class='ocrx_word' id='word_1_579' title='bbox 674 5087 800 5135; x_wconf 85' lang='lat' dir='ltr'><strong>circa</strong></span> <span class='ocrx_word' id='word_1_580' title='bbox 832 5088 1010 5134; x_wconf 84' lang='lat' dir='ltr'><strong>Gazam</strong></span> <span class='ocrx_word' id='word_1_581' title='bbox 1035 5083 1251 5133; x_wconf 81' lang='lat' dir='ltr'><strong>conflixit</strong></span> <span class='ocrx_word' id='word_1_582' title='bbox 1286 5083 1570 5134; x_wconf 69' lang='lat' dir='ltr'><strong>Ptolemaeus</strong></span> <span class='ocrx_word' id='word_1_583' title='bbox 1603 5095 1714 5133; x_wconf 88' lang='lat' dir='ltr'><strong>cum</strong></span> <span class='ocrx_word' id='word_1_584' title='bbox 1737 5086 1915 5133; x_wconf 78' lang='lat' dir='ltr'><strong>Deme·</strong></span> 
     </span>
    </p>
   </div>
   <div class='ocr_carea' id='block_1_17' title="bbox 2021 3126 3571 3214">
    <p class='ocr_par' dir='ltr' id='par_1_18' title="bbox 2021 3126 3571 3214">
     <span class='ocr_line' id='line_1_77' title="bbox 2021 3126 3571 3214; baseline 0.005 -24"><span class='ocrx_word' id='word_1_585' title='bbox 2021 3135 2283 3192; x_wconf 86' lang='grc' dir='ltr'>πολιτείαν</span> <span class='ocrx_word' id='word_1_586' title='bbox 2302 3134 2694 3214; x_wconf 76' lang='grc' dir='ltr'>γεγραμμένην.</span> <span class='ocrx_word' id='word_1_587' title='bbox 2725 3161 2749 3188; x_wconf 78' lang='lat'><strong>1·</strong></span> <span class='ocrx_word' id='word_1_588' title='bbox 2776 3126 2913 3195; x_wconf 72' lang='grc' dir='ltr'>Εἶτα</span> <span class='ocrx_word' id='word_1_589' title='bbox 2933 3134 3212 3205; x_wconf 79' lang='grc' dir='ltr'>Ἑκαταῖος</span> <span class='ocrx_word' id='word_1_590' title='bbox 3239 3138 3385 3209; x_wconf 84' lang='grc' dir='ltr'>δηλοῖ</span> <span class='ocrx_word' id='word_1_591' title='bbox 3411 3138 3571 3197; x_wconf 91' lang='grc' dir='ltr'>πάλιν</span> 
     </span>
    </p>
   </div>
   <div class='ocr_carea' id='block_1_18' title="bbox 2004 3301 3564 5147">
    <p class='ocr_par' dir='ltr' id='par_1_19' title="bbox 2004 3301 3564 5147">
     <span class='ocr_line' id='line_1_78' title="bbox 2010 3301 3561 3365; baseline 0.002 -13"><span class='ocrx_word' id='word_1_592' title='bbox 2010 3301 2295 3365; x_wconf 77' lang='lat' dir='ltr'><strong>Alexandri,</strong></span> <span class='ocrx_word' id='word_1_593' title='bbox 2328 3302 2610 3365; x_wconf 78' lang='lat' dir='ltr'><strong>olympiade</strong></span> <span class='ocrx_word' id='word_1_594' title='bbox 2651 3316 2766 3353; x_wconf 82' lang='lat' dir='ltr'><strong>vero</strong></span> <span class='ocrx_word' id='word_1_595' title='bbox 2799 3316 2930 3353; x_wconf 78' lang='lat' dir='ltr'><strong>cxru</strong></span> <span class='ocrx_word' id='word_1_596' title='bbox 2951 3339 2965 3363; x_wconf 91' lang='lat'>‚</span> <span class='ocrx_word' id='word_1_597' title='bbox 2998 3304 3138 3353; x_wconf 86' lang='lat' dir='ltr'><strong>sicuti</strong></span> <span class='ocrx_word' id='word_1_598' title='bbox 3184 3306 3348 3353; x_wconf 87' lang='lat' dir='ltr'><strong>narrat</strong></span> <span class='ocrx_word' id='word_1_599' title='bbox 3379 3307 3561 3355; x_wconf 85' lang='lat' dir='ltr'><strong>castor.</strong></span> 
     </span>
     <span class='ocr_line' id='line_1_79' title="bbox 2006 3378 3549 3442; baseline 0.001 -13"><span class='ocrx_word' id='word_1_600' title='bbox 2006 3378 2230 3441; x_wconf 81' lang='lat' dir='ltr'><strong>Apposita</strong></span> <span class='ocrx_word' id='word_1_601' title='bbox 2262 3380 2387 3428; x_wconf 89' lang='lat' dir='ltr'><strong>enim</strong></span> <span class='ocrx_word' id='word_1_602' title='bbox 2415 3379 2505 3428; x_wconf 86' lang='lat' dir='ltr'><strong>bac</strong></span> <span class='ocrx_word' id='word_1_603' title='bbox 2536 3379 2846 3442; x_wconf 79' lang='lat' dir='ltr'><strong>olympiade,</strong></span> <span class='ocrx_word' id='word_1_604' title='bbox 2878 3378 2996 3428; x_wconf 88' lang='lat' dir='ltr'><strong>dicit</strong></span> <span class='ocrx_word' id='word_1_605' title='bbox 3034 3399 3048 3429; x_wconf 75' lang='lat' dir='ltr'><strong><em>z</em></strong></span> <span class='ocrx_word' id='word_1_606' title='bbox 3084 3399 3107 3422; x_wconf 75' lang='grc' dir='ltr'>κ</span> <span class='ocrx_word' id='word_1_607' title='bbox 3143 3379 3245 3429; x_wconf 90' lang='lat' dir='ltr'><strong>Sub</strong></span> <span class='ocrx_word' id='word_1_608' title='bbox 3271 3381 3363 3429; x_wconf 74' lang='lat' dir='ltr'><strong>liae</strong></span> <span class='ocrx_word' id='word_1_609' title='bbox 3389 3383 3549 3433; x_wconf 82' lang='lat' dir='ltr'><strong>Ptole-</strong></span> 
     </span>
     <span class='ocr_line' id='line_1_80' title="bbox 2006 3456 3561 3519; baseline 0.001 -13"><span class='ocrx_word' id='word_1_610' title='bbox 2006 3470 2158 3507; x_wconf 79' lang='lat' dir='ltr'><strong>maeus</strong></span> <span class='ocrx_word' id='word_1_611' title='bbox 2185 3458 2290 3519; x_wconf 80' lang='lat' dir='ltr'><strong>Lagi</strong></span> <span class='ocrx_word' id='word_1_612' title='bbox 2313 3457 2440 3507; x_wconf 75' lang='lat' dir='ltr'><strong>circa</strong></span> <span class='ocrx_word' id='word_1_613' title='bbox 2466 3460 2642 3506; x_wconf 80' lang='lat' dir='ltr'><strong>Gazam</strong></span> <span class='ocrx_word' id='word_1_614' title='bbox 2675 3456 2841 3519; x_wconf 79' lang='lat' dir='ltr'><strong>praelio</strong></span> <span class='ocrx_word' id='word_1_615' title='bbox 2872 3456 3115 3518; x_wconf 82' lang='lat' dir='ltr'><strong>superavit</strong></span> <span class='ocrx_word' id='word_1_616' title='bbox 3141 3458 3437 3507; x_wconf 84' lang='lat' dir='ltr'><strong>Demetrium</strong></span> <span class='ocrx_word' id='word_1_617' title='bbox 3463 3467 3561 3510; x_wconf 80' lang='lat' dir='ltr'><strong>An·</strong></span> 
     </span>
     <span class='ocr_line' id='line_1_81' title="bbox 2005 3534 3563 3601; baseline 0.001 -16"><span class='ocrx_word' id='word_1_618' title='bbox 2005 3535 2182 3597; x_wconf 87' lang='lat' dir='ltr'><strong>tigoni,</strong></span> <span class='ocrx_word' id='word_1_619' title='bbox 2223 3535 2306 3598; x_wconf 86' lang='lat' dir='ltr'><strong>qui</strong></span> <span class='ocrx_word' id='word_1_620' title='bbox 2347 3534 2610 3585; x_wconf 80' lang='lat' dir='ltr'><strong>vocabatur</strong></span> <span class='ocrx_word' id='word_1_621' title='bbox 2642 3534 2942 3584; x_wconf 76' lang='lat' dir='ltr'><strong>Poliorcetes.</strong></span> <span class='ocrx_word' id='word_1_622' title='bbox 2979 3553 3003 3577; x_wconf 71' lang='grc' dir='ltr'><strong>υ</strong></span> <span class='ocrx_word' id='word_1_623' title='bbox 3081 3534 3406 3601; x_wconf 52' lang='lat' dir='ltr'><strong>alexandrum</strong></span> <span class='ocrx_word' id='word_1_624' title='bbox 3447 3550 3563 3586; x_wconf 75' lang='lat' dir='ltr'><strong>vero</strong></span> 
     </span>
     <span class='ocr_line' id='line_1_82' title="bbox 2005 3610 3560 3675; baseline 0.001 -13"><span class='ocrx_word' id='word_1_625' title='bbox 2005 3615 2268 3675; x_wconf 82' lang='lat' dir='ltr'><strong>agnoscunt</strong></span> <span class='ocrx_word' id='word_1_626' title='bbox 2291 3612 2494 3662; x_wconf 79' lang='lat' dir='ltr'><strong>universi</strong></span> <span class='ocrx_word' id='word_1_627' title='bbox 2518 3610 2798 3674; x_wconf 77' lang='lat' dir='ltr'><strong>olympiade</strong></span> <span class='ocrx_word' id='word_1_628' title='bbox 2817 3621 2929 3661; x_wconf 77' lang='lat' dir='ltr'><strong>cxlv</strong></span> <span class='ocrx_word' id='word_1_629' title='bbox 2950 3624 2978 3660; x_wconf 87' lang='lat' dir='ltr'><strong>e</strong></span> <span class='ocrx_word' id='word_1_630' title='bbox 2999 3610 3098 3659; x_wconf 76' lang='lat' dir='ltr'><strong>vila</strong></span> <span class='ocrx_word' id='word_1_631' title='bbox 3128 3611 3407 3664; x_wconf 60' lang='lat' dir='ltr'><strong>exe-mim.</strong></span> <span class='ocrx_word' id='word_1_632' title='bbox 3470 3617 3560 3663; x_wconf 80' lang='lat' dir='ltr'><strong>Pa-</strong></span> 
     </span>
     <span class='ocr_line' id='line_1_83' title="bbox 2007 3688 3563 3753; baseline -0.001 -12"><span class='ocrx_word' id='word_1_633' title='bbox 2007 3693 2102 3741; x_wconf 87' lang='lat' dir='ltr'><strong>lam</strong></span> <span class='ocrx_word' id='word_1_634' title='bbox 2123 3703 2233 3752; x_wconf 84' lang='lat' dir='ltr'><strong>ergo</strong></span> <span class='ocrx_word' id='word_1_635' title='bbox 2261 3692 2332 3740; x_wconf 88' lang='lat' dir='ltr'><strong>est</strong></span> <span class='ocrx_word' id='word_1_636' title='bbox 2349 3690 2479 3752; x_wconf 89' lang='lat' dir='ltr'><strong>quod</strong></span> <span class='ocrx_word' id='word_1_637' title='bbox 2505 3693 2554 3740; x_wconf 88' lang='lat' dir='ltr'><strong>et</strong></span> <span class='ocrx_word' id='word_1_638' title='bbox 2572 3689 2699 3739; x_wconf 84' lang='lat' dir='ltr'><strong>illius</strong></span> <span class='ocrx_word' id='word_1_639' title='bbox 2726 3691 2942 3751; x_wconf 86' lang='lat' dir='ltr'><strong>tempore</strong></span> <span class='ocrx_word' id='word_1_640' title='bbox 2969 3690 3019 3739; x_wconf 88' lang='lat' dir='ltr'><strong>et</strong></span> <span class='ocrx_word' id='word_1_641' title='bbox 3041 3688 3131 3738; x_wconf 80' lang='lat' dir='ltr'><strong>sul)</strong></span> <span class='ocrx_word' id='word_1_642' title='bbox 3162 3689 3430 3740; x_wconf 76' lang='lat' dir='ltr'><strong>Alexandro</strong></span> <span class='ocrx_word' id='word_1_643' title='bbox 3447 3704 3563 3753; x_wconf 82' lang='lat' dir='ltr'><strong>gens</strong></span> 
     </span>
     <span class='ocr_line' id='line_1_84' title="bbox 2006 3766 3557 3830; baseline 0.001 -12"><span class='ocrx_word' id='word_1_644' title='bbox 2006 3771 2168 3818; x_wconf 86' lang='lat' dir='ltr'><strong>nostra</strong></span> <span class='ocrx_word' id='word_1_645' title='bbox 2186 3768 2416 3818; x_wconf 86' lang='lat' dir='ltr'><strong>floruerit.</strong></span> <span class='ocrx_word' id='word_1_646' title='bbox 2478 3768 2626 3830; x_wconf 77' lang='lat' dir='ltr'><strong>igitur</strong></span> <span class='ocrx_word' id='word_1_647' title='bbox 2643 3768 2898 3817; x_wconf 75' lang='lat' dir='ltr'><strong>Hecataeus</strong></span> <span class='ocrx_word' id='word_1_648' title='bbox 2917 3780 3057 3829; x_wconf 85' lang='lat' dir='ltr'><strong>porro</strong></span> <span class='ocrx_word' id='word_1_649' title='bbox 3079 3767 3184 3817; x_wconf 80' lang='lat' dir='ltr'><strong>baec</strong></span> <span class='ocrx_word' id='word_1_650' title='bbox 3204 3766 3319 3817; x_wconf 76' lang='lat' dir='ltr'><strong>dicit</strong></span> <span class='ocrx_word' id='word_1_651' title='bbox 3342 3783 3354 3816; x_wconf 92' lang='lat'>:</span> <span class='ocrx_word' id='word_1_652' title='bbox 3384 3786 3408 3811; x_wconf 81' lang='grc' dir='ltr'><strong>ιι</strong></span> <span class='ocrx_word' id='word_1_653' title='bbox 3441 3772 3557 3818; x_wconf 79' lang='lat' dir='ltr'><strong>Pto-</strong></span> 
     </span>
     <span class='ocr_line' id='line_1_85' title="bbox 2007 3843 3558 3914; baseline 0 -19"><span class='ocrx_word' id='word_1_654' title='bbox 2007 3847 2228 3914; x_wconf 74' lang='lat' dir='ltr'><strong>lemaeum</strong></span> <span class='ocrx_word' id='word_1_655' title='bbox 2248 3848 2353 3907; x_wconf 87' lang='lat' dir='ltr'><strong>post</strong></span> <span class='ocrx_word' id='word_1_656' title='bbox 2370 3844 2585 3908; x_wconf 83' lang='lat' dir='ltr'><strong>praelium</strong></span> <span class='ocrx_word' id='word_1_657' title='bbox 2607 3845 2655 3893; x_wconf 87' lang='lat' dir='ltr'><strong>in</strong></span> <span class='ocrx_word' id='word_1_658' title='bbox 2675 3846 2855 3893; x_wconf 85' lang='lat' dir='ltr'><strong>Gazam</strong></span> <span class='ocrx_word' id='word_1_659' title='bbox 2886 3845 3102 3893; x_wconf 81' lang='lat' dir='ltr'><strong>locorum</strong></span> <span class='ocrx_word' id='word_1_660' title='bbox 3131 3843 3180 3893; x_wconf 90' lang='lat' dir='ltr'><strong>in</strong></span> <span class='ocrx_word' id='word_1_661' title='bbox 3213 3844 3348 3907; x_wconf 82' lang='lat' dir='ltr'><strong>Syria</strong></span> <span class='ocrx_word' id='word_1_662' title='bbox 3377 3846 3558 3895; x_wconf 80' lang='lat' dir='ltr'><strong>sactum</strong></span> 
     </span>
     <span class='ocr_line' id='line_1_86' title="bbox 2006 3919 3564 3986; baseline -0.001 -13"><span class='ocrx_word' id='word_1_663' title='bbox 2006 3935 2108 3973; x_wconf 79' lang='lat' dir='ltr'><strong>esse</strong></span> <span class='ocrx_word' id='word_1_664' title='bbox 2151 3924 2450 3985; x_wconf 82' lang='lat' dir='ltr'><strong>compotem3</strong></span> <span class='ocrx_word' id='word_1_665' title='bbox 2500 3934 2822 3984; x_wconf 81' lang='lat' dir='ltr'><strong>magnumque</strong></span> <span class='ocrx_word' id='word_1_666' title='bbox 2860 3919 3109 3970; x_wconf 84' lang='lat' dir='ltr'><strong>hominum</strong></span> <span class='ocrx_word' id='word_1_667' title='bbox 3156 3933 3439 3986; x_wconf 84' lang='lat' dir='ltr'><strong>numerum,</strong></span> <span class='ocrx_word' id='word_1_668' title='bbox 3476 3936 3564 3971; x_wconf 87' lang='lat' dir='ltr'><strong>co·</strong></span> 
     </span>
     <span class='ocr_line' id='line_1_87' title="bbox 2006 4000 3562 4064; baseline 0.001 -12"><span class='ocrx_word' id='word_1_669' title='bbox 2006 4003 2136 4064; x_wconf 86' lang='lat' dir='ltr'><strong>gnita</strong></span> <span class='ocrx_word' id='word_1_670' title='bbox 2164 4001 2404 4063; x_wconf 70' lang='lat' dir='ltr'><strong>Ptolemaei</strong></span> <span class='ocrx_word' id='word_1_671' title='bbox 2438 4000 2798 4050; x_wconf 87' lang='lat' dir='ltr'><strong>mansuetudine</strong></span> <span class='ocrx_word' id='word_1_672' title='bbox 2833 4003 2883 4049; x_wconf 89' lang='lat' dir='ltr'><strong>et</strong></span> <span class='ocrx_word' id='word_1_673' title='bbox 2916 4000 3195 4063; x_wconf 86' lang='lat' dir='ltr'><strong>clementia,</strong></span> <span class='ocrx_word' id='word_1_674' title='bbox 3225 4013 3338 4050; x_wconf 87' lang='lat' dir='ltr'><strong>cum</strong></span> <span class='ocrx_word' id='word_1_675' title='bbox 3371 4013 3429 4051; x_wconf 90' lang='lat' dir='ltr'><strong>eo</strong></span> <span class='ocrx_word' id='word_1_676' title='bbox 3457 4014 3562 4064; x_wconf 88' lang='lat' dir='ltr'><strong>pro·</strong></span> 
     </span>
     <span class='ocr_line' id='line_1_88' title="bbox 2012 4078 3559 4141; baseline 0 -13"><span class='ocrx_word' id='word_1_677' title='bbox 2012 4079 2190 4129; x_wconf 78' lang='lat' dir='ltr'><strong>sectum</strong></span> <span class='ocrx_word' id='word_1_678' title='bbox 2224 4092 2325 4130; x_wconf 79' lang='lat' dir='ltr'><strong>esse</strong></span> <span class='ocrx_word' id='word_1_679' title='bbox 2371 4078 2420 4127; x_wconf 87' lang='lat' dir='ltr'><strong>in</strong></span> <span class='ocrx_word' id='word_1_680' title='bbox 2456 4079 2743 4141; x_wconf 76' lang='lat' dir='ltr'><strong>AEgypturu,</strong></span> <span class='ocrx_word' id='word_1_681' title='bbox 2780 4091 2839 4128; x_wconf 88' lang='lat' dir='ltr'><strong>eo</strong></span> <span class='ocrx_word' id='word_1_682' title='bbox 2878 4080 3068 4141; x_wconf 83' lang='lat' dir='ltr'><strong>animo,</strong></span> <span class='ocrx_word' id='word_1_683' title='bbox 3099 4081 3157 4128; x_wconf 92' lang='lat' dir='ltr'><strong>ut</strong></span> <span class='ocrx_word' id='word_1_684' title='bbox 3198 4090 3356 4128; x_wconf 88' lang='lat' dir='ltr'><strong>rerum</strong></span> <span class='ocrx_word' id='word_1_685' title='bbox 3392 4091 3559 4141; x_wconf 85' lang='lat' dir='ltr'><strong>geren-</strong></span> 
     </span>
     <span class='ocr_line' id='line_1_89' title="bbox 2007 4154 3559 4220; baseline 0 -15"><span class='ocrx_word' id='word_1_686' title='bbox 2007 4156 2179 4206; x_wconf 90' lang='lat' dir='ltr'><strong>darum</strong></span> <span class='ocrx_word' id='word_1_687' title='bbox 2219 4156 2476 4220; x_wconf 78' lang='lat' dir='ltr'><strong>participes</strong></span> <span class='ocrx_word' id='word_1_688' title='bbox 2517 4154 2704 4205; x_wconf 80' lang='lat' dir='ltr'><strong>flerent.</strong></span> <span class='ocrx_word' id='word_1_689' title='bbox 2786 4160 3003 4214; x_wconf 91' lang='lat' dir='ltr'><strong>Quorum</strong></span> <span class='ocrx_word' id='word_1_690' title='bbox 3049 4168 3202 4217; x_wconf 86' lang='lat' dir='ltr'><strong>unus,</strong></span> <span class='ocrx_word' id='word_1_691' title='bbox 3235 4155 3418 4218; x_wconf 84' lang='lat' dir='ltr'><strong>iuquit,</strong></span> <span class='ocrx_word' id='word_1_692' title='bbox 3456 4157 3559 4205; x_wconf 87' lang='lat' dir='ltr'><strong>erat</strong></span> 
     </span>
     <span class='ocr_line' id='line_1_90' title="bbox 2006 4234 3560 4298; baseline 0.001 -13"><span class='ocrx_word' id='word_1_693' title='bbox 2006 4236 2198 4285; x_wconf 84' lang='lat' dir='ltr'><strong>Ezecias</strong></span> <span class='ocrx_word' id='word_1_694' title='bbox 2229 4235 2445 4298; x_wconf 77' lang='lat' dir='ltr'><strong>pontifex</strong></span> <span class='ocrx_word' id='word_1_695' title='bbox 2483 4235 2763 4287; x_wconf 77' lang='lat' dir='ltr'><strong>sndaeorum</strong></span> <span class='ocrx_word' id='word_1_696' title='bbox 2792 4254 2804 4284; x_wconf 75' lang='grc' dir='ltr'><strong>ε</strong></span> <span class='ocrx_word' id='word_1_697' title='bbox 2842 4235 2988 4285; x_wconf 86' lang='lat' dir='ltr'><strong>homo</strong></span> <span class='ocrx_word' id='word_1_698' title='bbox 3019 4237 3163 4284; x_wconf 86' lang='lat' dir='ltr'><strong>aetate</strong></span> <span class='ocrx_word' id='word_1_699' title='bbox 3200 4234 3396 4297; x_wconf 88' lang='lat' dir='ltr'><strong>quidem</strong></span> <span class='ocrx_word' id='word_1_700' title='bbox 3425 4237 3560 4297; x_wconf 80' lang='lat' dir='ltr'><strong>quasi</strong></span> 
     </span>
     <span class='ocr_line' id='line_1_91' title="bbox 2006 4311 3562 4375; baseline 0.003 -14"><span class='ocrx_word' id='word_1_701' title='bbox 2006 4326 2241 4362; x_wconf 90' lang='lat' dir='ltr'><strong>annorum</strong></span> <span class='ocrx_word' id='word_1_702' title='bbox 2281 4326 2432 4375; x_wconf 65' lang='grc' dir='ltr'>ειη,</span> <span class='ocrx_word' id='word_1_703' title='bbox 2454 4313 2683 4375; x_wconf 83' lang='lat' dir='ltr'><strong>dignitate</strong></span> <span class='ocrx_word' id='word_1_704' title='bbox 2716 4325 2833 4362; x_wconf 77' lang='lat' dir='ltr'><strong>vero</strong></span> <span class='ocrx_word' id='word_1_705' title='bbox 2863 4311 2990 4373; x_wconf 88' lang='lat' dir='ltr'><strong>apud</strong></span> <span class='ocrx_word' id='word_1_706' title='bbox 3022 4313 3279 4375; x_wconf 71' lang='lat' dir='ltr'><strong>populares</strong></span> <span class='ocrx_word' id='word_1_707' title='bbox 3307 4325 3420 4361; x_wconf 80' lang='lat' dir='ltr'><strong>suos</strong></span> <span class='ocrx_word' id='word_1_708' title='bbox 3457 4324 3562 4365; x_wconf 78' lang='lat' dir='ltr'><strong>ma·</strong></span> 
     </span>
     <span class='ocr_line' id='line_1_92' title="bbox 2005 4387 3557 4453; baseline 0 -14"><span class='ocrx_word' id='word_1_709' title='bbox 2005 4402 2153 4451; x_wconf 58' lang='lat' dir='ltr'><strong>gius,</strong></span> <span class='ocrx_word' id='word_1_710' title='bbox 2178 4393 2226 4440; x_wconf 91' lang='lat' dir='ltr'><strong>et</strong></span> <span class='ocrx_word' id='word_1_711' title='bbox 2255 4390 2400 4439; x_wconf 88' lang='lat' dir='ltr'><strong>animi</strong></span> <span class='ocrx_word' id='word_1_712' title='bbox 2436 4390 2668 4453; x_wconf 80' lang='lat' dir='ltr'><strong>sapientia</strong></span> <span class='ocrx_word' id='word_1_713' title='bbox 2702 4403 2797 4438; x_wconf 91' lang='lat' dir='ltr'><strong>non</strong></span> <span class='ocrx_word' id='word_1_714' title='bbox 2821 4389 3081 4451; x_wconf 85' lang='lat' dir='ltr'><strong>mediocri,</strong></span> <span class='ocrx_word' id='word_1_715' title='bbox 3115 4392 3164 4438; x_wconf 88' lang='lat' dir='ltr'><strong>et</strong></span> <span class='ocrx_word' id='word_1_716' title='bbox 3187 4387 3376 4438; x_wconf 87' lang='lat' dir='ltr'><strong>dicendi</strong></span> <span class='ocrx_word' id='word_1_717' title='bbox 3403 4390 3557 4439; x_wconf 79' lang='lat' dir='ltr'><strong>sacul-</strong></span> 
     </span>
     <span class='ocr_line' id='line_1_93' title="bbox 2007 4466 3560 4531; baseline -0.001 -15"><span class='ocrx_word' id='word_1_718' title='bbox 2007 4468 2106 4517; x_wconf 87' lang='lat' dir='ltr'><strong>tate</strong></span> <span class='ocrx_word' id='word_1_719' title='bbox 2121 4467 2329 4531; x_wconf 75' lang='lat' dir='ltr'><strong>pollens,</strong></span> <span class='ocrx_word' id='word_1_720' title='bbox 2349 4469 2427 4530; x_wconf 89' lang='lat' dir='ltr'><strong>et,</strong></span> <span class='ocrx_word' id='word_1_721' title='bbox 2446 4466 2486 4516; x_wconf 84' lang='lat' dir='ltr'><strong>si</strong></span> <span class='ocrx_word' id='word_1_722' title='bbox 2515 4466 2624 4530; x_wconf 87' lang='lat' dir='ltr'><strong>quis</strong></span> <span class='ocrx_word' id='word_1_723' title='bbox 2640 4466 2761 4515; x_wconf 88' lang='lat' dir='ltr'><strong>alius</strong></span> <span class='ocrx_word' id='word_1_724' title='bbox 2776 4502 2791 4527; x_wconf 91' lang='lat'><strong>,</strong></span> <span class='ocrx_word' id='word_1_725' title='bbox 2827 4478 2988 4515; x_wconf 88' lang='lat' dir='ltr'><strong>rerum</strong></span> <span class='ocrx_word' id='word_1_726' title='bbox 3026 4466 3236 4529; x_wconf 83' lang='lat' dir='ltr'><strong>peritus:</strong></span> <span class='ocrx_word' id='word_1_727' title='bbox 3256 4478 3528 4529; x_wconf 84' lang='lat' dir='ltr'><strong>quanquam</strong></span> <span class='ocrx_word' id='word_1_728' title='bbox 3546 4503 3560 4526; x_wconf 90' lang='lat'><strong>,</strong></span> 
     </span>
     <span class='ocr_line' id='line_1_94' title="bbox 2007 4536 3561 4609; baseline -0.001 -15"><span class='ocrx_word' id='word_1_729' title='bbox 2007 4548 2063 4595; x_wconf 91' lang='lat' dir='ltr'><strong>ut</strong></span> <span class='ocrx_word' id='word_1_730' title='bbox 2088 4546 2185 4609; x_wconf 87' lang='lat' dir='ltr'><strong>ait,</strong></span> <span class='ocrx_word' id='word_1_731' title='bbox 2212 4560 2380 4596; x_wconf 81' lang='lat' dir='ltr'><strong>omnes</strong></span> <span class='ocrx_word' id='word_1_732' title='bbox 2415 4546 2695 4598; x_wconf 80' lang='lat' dir='ltr'><strong>Judaeorum</strong></span> <span class='ocrx_word' id='word_1_733' title='bbox 2721 4536 2990 4594; x_wconf 67' lang='lat' dir='ltr'><strong>sacerdotes</strong></span> <span class='ocrx_word' id='word_1_734' title='bbox 3007 4581 3021 4605; x_wconf 88' lang='lat'><strong>,</strong></span> <span class='ocrx_word' id='word_1_735' title='bbox 3046 4543 3128 4607; x_wconf 90' lang='lat' dir='ltr'><strong>qui</strong></span> <span class='ocrx_word' id='word_1_736' title='bbox 3159 4543 3370 4593; x_wconf 81' lang='lat' dir='ltr'><strong>decimas</strong></span> <span class='ocrx_word' id='word_1_737' title='bbox 3397 4544 3446 4593; x_wconf 89' lang='lat' dir='ltr'><strong>in</strong></span> <span class='ocrx_word' id='word_1_738' title='bbox 3483 4544 3561 4593; x_wconf 87' lang='lat' dir='ltr'><strong>lu·</strong></span> 
     </span>
     <span class='ocr_line' id='line_1_95' title="bbox 2005 4622 3560 4687; baseline -0.001 -13"><span class='ocrx_word' id='word_1_739' title='bbox 2005 4636 2110 4674; x_wconf 86' lang='lat' dir='ltr'><strong>cem</strong></span> <span class='ocrx_word' id='word_1_740' title='bbox 2131 4624 2367 4675; x_wconf 88' lang='lat' dir='ltr'><strong>editorum</strong></span> <span class='ocrx_word' id='word_1_741' title='bbox 2402 4623 2669 4687; x_wconf 82' lang='lat' dir='ltr'><strong>accipiunt,</strong></span> <span class='ocrx_word' id='word_1_742' title='bbox 2697 4625 2745 4674; x_wconf 88' lang='lat' dir='ltr'><strong>et</strong></span> <span class='ocrx_word' id='word_1_743' title='bbox 2772 4637 2846 4672; x_wconf 72' lang='lat' dir='ltr'><strong>res</strong></span> <span class='ocrx_word' id='word_1_744' title='bbox 2878 4623 2927 4672; x_wconf 86' lang='lat' dir='ltr'><strong>in</strong></span> <span class='ocrx_word' id='word_1_745' title='bbox 2946 4622 3187 4671; x_wconf 87' lang='lat' dir='ltr'><strong>communi</strong></span> <span class='ocrx_word' id='word_1_746' title='bbox 3218 4622 3394 4686; x_wconf 82' lang='lat' dir='ltr'><strong>positas</strong></span> <span class='ocrx_word' id='word_1_747' title='bbox 3413 4623 3560 4673; x_wconf 86' lang='lat' dir='ltr'><strong>admi·</strong></span> 
     </span>
     <span class='ocr_line' id='line_1_96' title="bbox 2007 4699 3561 4765; baseline -0.001 -15"><span class='ocrx_word' id='word_1_748' title='bbox 2007 4702 2236 4765; x_wconf 87' lang='lat' dir='ltr'><strong>nistrant,</strong></span> <span class='ocrx_word' id='word_1_749' title='bbox 2256 4702 2387 4752; x_wconf 88' lang='lat' dir='ltr'><strong>mille</strong></span> <span class='ocrx_word' id='word_1_750' title='bbox 2412 4714 2580 4751; x_wconf 84' lang='lat' dir='ltr'><strong>omnes</strong></span> <span class='ocrx_word' id='word_1_751' title='bbox 2610 4703 2661 4751; x_wconf 88' lang='lat' dir='ltr'><strong>et</strong></span> <span class='ocrx_word' id='word_1_752' title='bbox 2687 4699 2931 4764; x_wconf 83' lang='lat' dir='ltr'><strong>quingenti</strong></span> <span class='ocrx_word' id='word_1_753' title='bbox 2958 4699 3071 4749; x_wconf 86' lang='lat' dir='ltr'><strong>sint.</strong></span> <span class='ocrx_word' id='word_1_754' title='bbox 3097 4718 3125 4743; x_wconf 69' lang='grc' dir='ltr'><strong><em>ι</em></strong></span> <span class='ocrx_word' id='word_1_755' title='bbox 3197 4700 3381 4750; x_wconf 71' lang='lat' dir='ltr'><strong>Rursus</strong></span> <span class='ocrx_word' id='word_1_756' title='bbox 3399 4703 3561 4749; x_wconf 88' lang='lat' dir='ltr'><strong>autem</strong></span> 
     </span>
     <span class='ocr_line' id='line_1_97' title="bbox 2006 4777 3562 4840; baseline 0 -14"><span class='ocrx_word' id='word_1_757' title='bbox 2006 4779 2094 4827; x_wconf 68' lang='lat' dir='ltr'><strong>viri</strong></span> <span class='ocrx_word' id='word_1_758' title='bbox 2113 4780 2212 4840; x_wconf 81' lang='lat' dir='ltr'><strong>jam</strong></span> <span class='ocrx_word' id='word_1_759' title='bbox 2237 4778 2414 4828; x_wconf 85' lang='lat' dir='ltr'><strong>laudati</strong></span> <span class='ocrx_word' id='word_1_760' title='bbox 2443 4777 2732 4828; x_wconf 87' lang='lat' dir='ltr'><strong>mentionem</strong></span> <span class='ocrx_word' id='word_1_761' title='bbox 2764 4777 2969 4838; x_wconf 79' lang='lat' dir='ltr'><strong>faciens,</strong></span> <span class='ocrx_word' id='word_1_762' title='bbox 3000 4796 3026 4820; x_wconf 70' lang='lat' dir='ltr'><strong>a</strong></span> <span class='ocrx_word' id='word_1_763' title='bbox 3057 4777 3167 4829; x_wconf 79' lang='lat' dir='ltr'><strong>Hic,</strong></span> <span class='ocrx_word' id='word_1_764' title='bbox 3193 4777 3376 4839; x_wconf 80' lang='lat' dir='ltr'><strong>inquit,</strong></span> <span class='ocrx_word' id='word_1_765' title='bbox 3416 4777 3562 4833; x_wconf 85' lang='lat' dir='ltr'><strong>homo</strong></span> 
     </span>
     <span class='ocr_line' id='line_1_98' title="bbox 2008 4853 3557 4918; baseline 0.001 -15"><span class='ocrx_word' id='word_1_766' title='bbox 2008 4857 2134 4903; x_wconf 79' lang='lat' dir='ltr'><strong>hunc</strong></span> <span class='ocrx_word' id='word_1_767' title='bbox 2166 4856 2398 4905; x_wconf 82' lang='lat' dir='ltr'><strong>honorem</strong></span> <span class='ocrx_word' id='word_1_768' title='bbox 2449 4857 2761 4918; x_wconf 76' lang='lat' dir='ltr'><strong>assequutus„</strong></span> <span class='ocrx_word' id='word_1_769' title='bbox 2806 4855 3055 4917; x_wconf 78' lang='lat' dir='ltr'><strong>factusque</strong></span> <span class='ocrx_word' id='word_1_770' title='bbox 3099 4853 3238 4904; x_wconf 84' lang='lat' dir='ltr'><strong>nobis</strong></span> <span class='ocrx_word' id='word_1_771' title='bbox 3288 4853 3557 4912; x_wconf 77' lang='lat' dir='ltr'><strong>familiaris.</strong></span> 
     </span>
     <span class='ocr_line' id='line_1_99' title="bbox 2007 4928 3560 4993; baseline -0.001 -14"><span class='ocrx_word' id='word_1_772' title='bbox 2007 4931 2088 4979; x_wconf 87' lang='lat' dir='ltr'><strong>ubi</strong></span> <span class='ocrx_word' id='word_1_773' title='bbox 2117 4930 2350 4993; x_wconf 89' lang='lat' dir='ltr'><strong>quosdam</strong></span> <span class='ocrx_word' id='word_1_774' title='bbox 2369 4943 2396 4979; x_wconf 90' lang='lat' dir='ltr'><strong>e</strong></span> <span class='ocrx_word' id='word_1_775' title='bbox 2413 4930 2513 4979; x_wconf 83' lang='lat' dir='ltr'><strong>suis</strong></span> <span class='ocrx_word' id='word_1_776' title='bbox 2542 4931 2887 4993; x_wconf 77' lang='lat' dir='ltr'><strong>assumpserat,</strong></span> <span class='ocrx_word' id='word_1_777' title='bbox 2910 4929 3228 4979; x_wconf 74' lang='lat' dir='ltr'><strong>differentiam</strong></span> <span class='ocrx_word' id='word_1_778' title='bbox 3254 4941 3448 4978; x_wconf 82' lang='lat' dir='ltr'><strong>omnem</strong></span> <span class='ocrx_word' id='word_1_779' title='bbox 3467 4928 3560 4978; x_wconf 89' lang='lat' dir='ltr'><strong>illis</strong></span> 
     </span>
     <span class='ocr_line' id='line_1_100' title="bbox 2005 5006 3551 5070; baseline -0.001 -13"><span class='ocrx_word' id='word_1_780' title='bbox 2005 5009 2256 5070; x_wconf 77' lang='lat' dir='ltr'><strong>exposuit,</strong></span> <span class='ocrx_word' id='word_1_781' title='bbox 2299 5011 2348 5057; x_wconf 87' lang='lat' dir='ltr'><strong>et</strong></span> <span class='ocrx_word' id='word_1_782' title='bbox 2381 5006 2724 5057; x_wconf 85' lang='lat' dir='ltr'><strong>habitationem</strong></span> <span class='ocrx_word' id='word_1_783' title='bbox 2771 5019 2939 5057; x_wconf 85' lang='lat' dir='ltr'><strong>eorum</strong></span> <span class='ocrx_word' id='word_1_784' title='bbox 2975 5009 3023 5056; x_wconf 88' lang='lat' dir='ltr'><strong>et</strong></span> <span class='ocrx_word' id='word_1_785' title='bbox 3055 5007 3246 5056; x_wconf 81' lang='lat' dir='ltr'><strong>civilem</strong></span> <span class='ocrx_word' id='word_1_786' title='bbox 3288 5006 3551 5068; x_wconf 87' lang='lat' dir='ltr'><strong>rationem,</strong></span> 
     </span>
     <span class='ocr_line' id='line_1_101' title="bbox 2004 5081 3556 5147; baseline -0.003 -13"><span class='ocrx_word' id='word_1_787' title='bbox 2004 5098 2150 5147; x_wconf 88' lang='lat' dir='ltr'><strong>quam</strong></span> <span class='ocrx_word' id='word_1_788' title='bbox 2181 5085 2404 5147; x_wconf 86' lang='lat' dir='ltr'><strong>scriptam</strong></span> <span class='ocrx_word' id='word_1_789' title='bbox 2437 5083 2674 5147; x_wconf 84' lang='lat' dir='ltr'><strong>habebat,</strong></span> <span class='ocrx_word' id='word_1_790' title='bbox 2697 5084 2874 5147; x_wconf 86' lang='lat' dir='ltr'><strong>pariter</strong></span> <span class='ocrx_word' id='word_1_791' title='bbox 2915 5083 3158 5132; x_wconf 80' lang='lat' dir='ltr'><strong>indicarit.</strong></span> <span class='ocrx_word' id='word_1_792' title='bbox 3183 5102 3207 5127; x_wconf 72' lang='lat' dir='ltr'><strong>n</strong></span> <span class='ocrx_word' id='word_1_793' title='bbox 3271 5081 3451 5132; x_wconf 84' lang='lat' dir='ltr'><strong>Deinde</strong></span> <span class='ocrx_word' id='word_1_794' title='bbox 3472 5096 3556 5144; x_wconf 87' lang='lat' dir='ltr'><strong>pa-</strong></span> 
     </span>
    </p>
   </div>
   <div class='ocr_carea' id='block_1_19' title="bbox 248 5160 3551 5226">
    <p class='ocr_par' dir='ltr' id='par_1_20' title="bbox 248 5160 3551 5226">
     <span class='ocr_line' id='line_1_102' title="bbox 248 5160 3551 5226; baseline -0.001 -14"><span class='ocrx_word' id='word_1_795' title='bbox 248 5202 258 5212; x_wconf 91' lang='lat'><strong>.</strong></span> <span class='ocrx_word' id='word_1_796' title='bbox 369 5164 463 5214; x_wconf 84' lang='lat' dir='ltr'><strong>trio</strong></span> <span class='ocrx_word' id='word_1_797' title='bbox 490 5181 503 5212; x_wconf 86' lang='lat'>:</span> <span class='ocrx_word' id='word_1_798' title='bbox 530 5162 648 5213; x_wconf 87' lang='lat' dir='ltr'><strong>illud</strong></span> <span class='ocrx_word' id='word_1_799' title='bbox 674 5176 788 5213; x_wconf 80' lang='lat' dir='ltr'><strong>vero</strong></span> <span class='ocrx_word' id='word_1_800' title='bbox 812 5162 1008 5226; x_wconf 80' lang='lat' dir='ltr'><strong>contigit</strong></span> <span class='ocrx_word' id='word_1_801' title='bbox 1035 5160 1288 5212; x_wconf 84' lang='lat' dir='ltr'><strong>undecimo</strong></span> <span class='ocrx_word' id='word_1_802' title='bbox 1323 5160 1519 5225; x_wconf 87' lang='lat' dir='ltr'><strong>quidem</strong></span> <span class='ocrx_word' id='word_1_803' title='bbox 1550 5173 1676 5210; x_wconf 88' lang='lat' dir='ltr'><strong>auno</strong></span> <span class='ocrx_word' id='word_1_804' title='bbox 1697 5173 1724 5210; x_wconf 93' lang='lat' dir='ltr'><strong>a</strong></span> <span class='ocrx_word' id='word_1_805' title='bbox 1756 5164 1911 5212; x_wconf 86' lang='lat' dir='ltr'><strong>morte</strong></span> <span class='ocrx_word' id='word_1_806' title='bbox 2006 5163 2102 5211; x_wconf 88' lang='lat' dir='ltr'><strong>lam</strong></span> <span class='ocrx_word' id='word_1_807' title='bbox 2128 5161 2237 5212; x_wconf 79' lang='lat' dir='ltr'><strong>lacit</strong></span> <span class='ocrx_word' id='word_1_808' title='bbox 2260 5163 2541 5224; x_wconf 69' lang='lat' dir='ltr'><strong>Hecataeus,</strong></span> <span class='ocrx_word' id='word_1_809' title='bbox 2564 5174 2676 5225; x_wconf 85' lang='lat' dir='ltr'><strong>erga</strong></span> <span class='ocrx_word' id='word_1_810' title='bbox 2703 5161 2826 5224; x_wconf 81' lang='lat' dir='ltr'><strong>leges</strong></span> <span class='ocrx_word' id='word_1_811' title='bbox 2847 5160 3053 5224; x_wconf 84' lang='lat' dir='ltr'><strong>qualiter</strong></span> <span class='ocrx_word' id='word_1_812' title='bbox 3078 5161 3264 5210; x_wconf 84' lang='lat' dir='ltr'><strong>nosmet</strong></span> <span class='ocrx_word' id='word_1_813' title='bbox 3289 5160 3551 5220; x_wconf 73' lang='lat' dir='ltr'><strong>habemus»,</strong></span> 
     </span>
    </p>
   </div>
  </div>
 </body>
</html>
