4016 5916
1602 427 2092 486 FRAGMENTA.

964 560 994 614 3
1005 580 1032 630 7
1045 602 1055 614 .

720 692 1093 746 ERATOSTH
1102 691 1186 744 EN
1198 691 1295 746 Es,
1324 747 1333 754 ,

318 823 603 895 syncellus
628 821 942 895 chronogr.
974 837 1034 893 p.
1075 818 1204 874 123.

313 909 558 965 XXXII.
629 904 881 974 Θηὸαίων
933 903 1017 962 λ6’
1066 903 1394 962 ἑὸασίλευσεν
1442 902 1785 984 [Σταμμένης

235 995 431 1071 (BunS.
483 992 918 1070 Ἀμμινεμῆς)
962 989 1052 1062 ἔτη
1094 991 1193 1057 κς’.
1236 992 1346 1050 Τοῦ
1388 989 1442 1048 δὲ
1482 991 1679 1067 κόσμου
1720 983 1783 1063 ἦν

232 1080 344 1146 ἔτος
372 1078 573 1159 γψμ6’.

312 1170 587 1224 XXXIII.
618 1162 873 1235 Θηὸαίων
906 1163 989 1241 λγ’
1031 1161 1364 1243 ἐδασίλευσε]
1403 1166 1785 1241 Σταμμενε-

233 1278 352 1328 μης
391 1252 438 1332 β
479 1253 727 1329 (Buns..
775 1250 1198 1330 Σεσόρτωσις
1244 1250 1356 1309 καὶ
1387 1250 1785 1330 Ἀμμενεμης

236 1340 327 1420 β’)
354 1340 442 1409 ἔτη
465 1339 571 1417 κγ’.
597 1343 706 1401 Του
733 1338 787 1398 δὲ
816 1338 1013 1414 κόσμου
1040 1329 1107 1410 ἦν
1126 1337 1236 1406 ἔτος
1255 1337 1428 1418 γψξτί.

311 1431 575 1486 xxxlv.
624 1426 877 1500 Θηὸαίων
906 1426 985 1485 λό’
1016 1426 1320 1486 ἐδασίλιυσε
1360 1427 1712 1508 Σιστοσιχέ
1730 1453 1782 1507 ρ-

231 1538 394 1620 μης,
436 1513 704 1594 Ἡρακλῆς
744 1512 989 1594 κραταιός
1032 1516 1291 1594 (Bunsst
1341 1512 1783 1595 Σεσόρτωσις,

231 1601 434 1681 Ἑρμῆς
461 1600 496 1671 ἢ
526 1601 793 1680 Ἡρακλῆς
820 1602 1088 1680 κραταιός)
1118 1600 1208 1672 ἔτη
1222 1599 1321 1677 νγ’.
1351 1603 1462 1661 Τοῦ
1490 1599 1545 1659 δὲ
1585 1601 1784 1678 κόσμου

232 1679 294 1759 ἦν
319 1687 430 1754 ἔτος
454 1687 652 1768 γψ4α’.

309 1779 551 1836 XXXV.
572 1773 833 1847 Θηὸαίων
860 1776 933 1836 λε’
957 1775 1261 1834 ἐδασίλευσο
1284 1773 1536 1855 Μάρης,
1563 1776 1653 1849 ἔτη
1675 1777 1780 1856 μγ’.

228 1866 341 1923 Tou
364 1860 419 1920 δὲ
448 1862 645 1939 κόσμου
672 1855 737 1934 ἦν
766 1862 875 1929 ἔτος
900 1863 1111 1941 γωμςῖ

310 1946 556 2008 XXXII.
584 1953 759 2008 chis
782 1954 993 2008 inclusa
1019 1951 1369 2011 exciderunt.
1398 1955 1619 2009 Nomen
1639 1954 1785 2028 regis

232 2057 345 2094 esse
371 2039 806 2094 Stammenemes
829 2041 858 2095 1
880 2039 1056 2094 docet
1093 2040 1191 2110 qui
1230 2041 1483 2112 sequitur
1506 2041 1781 2096 Stamme-

232 2143 421 2181 nemoe
443 2127 520 2183 11.
547 2127 852 2182 Bunsenius
877 2145 986 2200 pro
1010 2127 1413 2182 Stammeueme
1435 2128 1625 2201 posuit
1648 2131 1781 2182 Am·

232 2230 574 2282 menemem‚
607 2213 874 2286 quoniam
910 2214 969 2267 in
1006 2214 1092 2268 sui
1135 2216 1389 2286 computi
1424 2215 1657 2288 gratiam
1687 2226 1789 2269 sta·

234 2300 339 2354 tuit
378 2301 564 2355 literas
596 2298 675 2356 Στ
702 2302 763 2354 in
791 2297 1175 2375 Σταμμενέμης
1209 2297 1259 2376 β’
1289 2300 1542 2356 indicare
1578 2320 1788 2357 nomen

234 2387 372 2441 alius
412 2388 590 2460 regis,
620 2388 718 2459 qui
753 2388 916 2442 simul
958 2407 1087 2443 cum
1114 2388 1475 2445 Ammeueme
1510 2389 1788 2462 regnarit,

238 2473 570 2529 Sesortosiu.
615 2472 785 2544 Quod
815 2473 1045 2547 quidem
1080 2475 1307 2531 minime
1344 2475 1641 2529 verisimile
1677 2486 1788 2545 est;

3309 439 3411 489 561

1874 582 1976 616 nos
2002 562 2073 616 26
2097 574 2266 634 patet.
2297 565 2436 618 Nam
2466 563 2610 636 regis
2635 561 3010 616 antecedentis
3037 565 3165 617 anni
3202 563 3265 616 ιδ
3298 577 3424 618 sunt

1873 637 2001 703 anni
2029 650 2226 703 mundi
2254 649 2404 718 3726
2421 649 2597 717 —374
2613 667 2632 701 ι
2650 690 2661 701 .
2697 649 2873 722 Igitur
2897 650 3225 704 Stammenis
3251 669 3426 705 annus

1873 737 2088 807 primus
2112 756 2185 786 z:
2215 735 2398 806 37423
2439 735 2666 789 ultimus
2700 734 2873 806 3769.
2904 765 2979 776 -—
3015 736 3252 792 XXXV.
3284 738 3420 791 Ma-

1872 840 1961 875 res
2001 833 2190 876 ortum
2230 832 2309 876 est
2352 840 2418 876 ex
2461 822 2689 875 nomine
2736 818 3022 892 dynastico
3066 824 3424 877 Amenenthae

1877 907 1991 984 (111
2014 910 2030 982 )
2074 928 2086 962 z
2134 910 2456 964 Rei-emma
2473 949 2489 974 ,
2535 906 2692 981 quod
2735 908 2810 962 ita
2848 907 2958 981 legi
2991 909 3176 979 potuit
3193 949 3209 976 ‚
3264 921 3326 964 ut
3361 932 3425 966 m

1879 991 2046 1071 (rex)
2068 996 2127 1050 in
2149 994 2260 1050 fine
2279 997 2520 1051 nominis
2537 1005 2843 1069 poneretur
2867 1013 2879 1047 τ
2914 1011 3164 1053 man-ra.
3183 998 3249 1053 V.
3285 998 3425 1053 Bun-

1873 1100 1985 1147 sen.
2015 1101 2074 1156 p.
2105 1081 2243 1157 295.

1952 1170 2202 1244 Regibus
2227 1180 2438 1245 septem
2466 1169 2601 1243 dyn.
2632 1171 2747 1226 XII
2778 1167 3071 1224 addendus
3098 1181 3325 1227 octavus
3349 1183 3428 1230 est

1872 1258 2287 1324 Ammenemes‚
2317 1267 2479 1329 pater
2510 1256 2896 1324 sesonchosiS,
2941 1255 3097 1328 cujus
3134 1276 3308 1313 annos
3343 1279 3426 1314 se-

1874 1341 2056 1397 decim
2101 1354 2493 1400 annumeratos
2533 1342 2774 1398 vidimus
2826 1343 3091 1416 dynastiae
3138 1345 3237 1400 xl.
3285 1348 3427 1402 Octo

1872 1446 2031 1503 reges
2065 1432 2341 1486 recensuit
2364 1432 2526 1485 etiam
2551 1448 2794 1503 papyrus
2816 1431 3163 1497 Tur-inermis,
3191 1431 3429 1488 docente

1874 1518 2110 1589 Lepsi03
2141 1535 2480 1590 quamquam
2507 1515 2623 1571 duo
2651 1528 2865 1571 tantum
2894 1528 3176 1589 postrema
3201 1521 3427 1575 nomina

1872 1614 2084 1660 servata
2099 1615 2242 1660 sunt.
2263 1603 2536 1659 Praeterea
2553 1602 2626 1658 ad
2643 1603 2787 1658 hanc
2808 1602 3116 1675 dynastiam
3136 1605 3428 1661 reserenda

1872 1690 1929 1744 in
1949 1692 2089 1745 serie
2107 1691 2446 1750 Camaciana
2463 1690 2690 1744 nomina
2717 1689 2810 1748 23.
2838 1689 2929 1746 31.
2953 1708 3048 1745 22.
3078 1710 3172 1747 αι.
3199 1710 3294 1748 20.
3335 1711 3424 1764 ¹9·

1882 1775 1949 1831 18
1993 1776 2148 1855 (quae
2187 1789 2316 1833 sunt
2352 1775 2597 1832 dimidiae
2633 1777 2834 1831 tabulae
2861 1777 3128 1854 ultima),
3167 1788 3334 1852 atquc
3370 1782 3428 1834 in

1874 1863 2063 1919 tabula
2112 1864 2383 1938 Abydena
2431 1864 2657 1918 nomina
2702 1862 2909 1938 33-39.
2952 1866 3167 1920 Etenim
3205 1884 3429 1938 praeno-

1871 1953 2021 2008 mina
2047 1969 2241 2024 regum
2261 1953 2318 2005 in
2337 1951 2423 2006 his
2446 1950 2692 2006 exhibita
2712 1948 3055 2022 respondere
3074 1954 3396 2007 nominibus
3409 1995 3424 2021 ,

1873 2055 1996 2109 quae
2008 2038 2274 2092 Manetho
2293 2038 2524 2111 praebet,
2542 2036 2749 2091 docent
2764 2049 3142 2109 monumenta,
3158 2041 3217 2093 in
3229 2040 3432 2112 quibus

1871 2134 2176 2197 utrumque
2186 2142 2394 2179 nomen
2408 2123 2568 2178 simul
2580 2141 2900 2196 expressum
2914 2134 3014 2181 est.
3030 2124 3286 2181 Ceterum
3304 2139 3430 2181 ante

1874 2212 2140 2285 Lepsium
2169 2222 2226 2266 et
2263 2212 2600 2266 Bunsenium
2631 2210 2802 2284 vulgo
2831 2210 3176 2266 statuebatur
3202 2213 3430 2266 nomina

1876 2299 1979 2354 ista
2017 2298 2217 2354 tabulae
2253 2298 2539 2371 Abydenae
2572 2315 2691 2352 uon
2717 2315 2830 2352 esse
2859 2297 3121 2371 dynastiae
3155 2298 3427 2354 duodeci-

1875 2405 1978 2441 mae
1993 2427 2008 2454 ,
2033 2385 2132 2441 sed
2155 2386 2382 2442 decimae
2405 2396 2568 2441 sextae
2587 2396 2642 2441 et
2658 2387 2930 2458 septimae,
2952 2387 3216 2458 qnoniam
3236 2389 3430 2461 proxi-

1875 2491 1967 2528 me
2010 2491 2244 2546 sequens
2281 2490 2491 2527 nomen
2529 2472 2810 2527 Aachmes
2845 2483 3034 2546 aperte
3075 2473 3427 2530 referendum

234 2579 363 2615 nam
375 2561 652 2616 rationem
669 2579 790 2615 non
810 2560 976 2616 video
995 2580 1097 2617 cur
1112 2563 1221 2619 hoc
1240 2582 1356 2619 uno
1374 2562 1500 2616 loco
1522 2562 1630 2616 tale
1651 2561 1791 2634 quid
1875 2562 1947 2615 sit
1969 2560 2041 2616 ad
2066 2559 2371 2633 dynastiam
2397 2560 2605 2614 XVIII.
2639 2564 2710 2614 At
2738 2571 3066 2634 comparato
3089 2561 3429 2618 Manethone

236 2646 626 2702 Eratosthenes
641 2649 954 2717 monuerit,
984 2666 1159 2721 quum
1179 2668 1247 2705 ex
1272 2649 1533 2704 Bunsenii
1558 2649 1792 2702 rationi·
1878 2657 1935 2701 et
1949 2646 2260 2720 fragmento
2283 2647 2486 2721 papyri
2500 2647 2840 2714 Turinensis,
2863 2647 3020 2720 quod
3042 2649 3273 2720 Lepsius
3296 2648 3426 2702 red-

236 2734 342 2788 bus
381 2735 673 2807 saepissime
719 2734 777 2789 id
823 2733 1064 2790 faciendi
1106 2739 1453 2792 occasionem
1494 2736 1788 2792 habuisset.
1882 2737 2480 2811 integravit,serieque
2514 2735 2881 2803 carmeiam,
2923 2737 3061 2808 quin
3090 2737 3294 2792 rectius
3313 2734 3428 2805 jam

236 2851 315 2863 -
346 2821 606 2876 Ceterum
649 2823 1039 2877 Stammenemi
1071 2824 1098 2878 1
1138 2822 1494 2896 assignandos
1534 2839 1645 2876 esse
1687 2840 1792 2876 an-
1881 2832 2173 2891 statuatur,
2198 2822 2433 2878 dubium
2457 2822 2678 2880 essevix
2702 2832 2905 2896 potest.
2931 2824 3073 2877 Ecce
3097 2822 3428 2879 laterculos:

440 5258 726 5295 fluentant
758 5259 873 5295 ΙΙΙ-(Π.
890 5261 967 5295 GR.
996 5274 1045 5282 —·
1070 5263 1169 5299 vot..
1194 5264 1245 5303 u.
