4016 5916
1621 333 2121 395 FRAGMENTA.

288 466 362 527 ad
386 488 556 544 quem
584 480 874 526 auctorem
910 468 1087 524 tribus
1112 465 1404 534 reseratur,
1437 466 1513 528 sic
1542 466 1837 540 appellata.

291 559 349 616 Si
377 575 512 612 vero
551 576 678 612 cum
711 557 837 611 viro
868 554 1040 611 docto
1068 552 1336 626 (meleu,
1357 553 1721 629 Fundgruben
1748 555 1847 608 des

3361 351 3471 402 481

1929 467 2256 524 Herodotus
2294 469 2410 537 111,
2466 468 2604 540 145,
2634 470 2735 525 nbi
2779 471 3034 543 loquitur
3079 470 3149 526 tie
3178 474 3484 528 Maeandrio

1931 552 2251 611 Samiorum
2310 565 2583 630 tyranno,
2630 558 2729 630 qui
2771 557 3089 614 Charilaum
3148 559 3376 614 fratrem
3426 562 3484 615 in

297 645 516 700 Orients
535 645 632 713 lv,
649 663 708 720 p.
736 649 765 709 4
780 641 884 718 18)
912 658 1140 715 quaeras,
1166 658 1279 712 quo
1297 650 1465 714 pacto
1486 642 1653 696 Samii
1674 641 1759 696 isti
1788 643 1845 694 in
1932 641 2188 722 γοργύραν
2206 645 2365 699 istam
2386 642 2716 716 conjecerat.
2728 645 2810 699 Ex
2826 643 3023 699 eadem
3043 645 3274 701 historia
3296 658 3487 704 noster

291 734 434 788 hanc
455 731 622 790 Oasin
653 730 1008 799 devenerint,
1031 745 1168 782 num
1195 744 1228 783 a
1250 730 1428 784 Persis
1453 729 1586 784 illuc
1605 727 1843 784 traducti

290 820 389 873 illo
418 837 487 874 ex
509 835 700 887 more,
725 834 839 890 quo
866 825 1057 890 gentes
1072 814 1230 870 victae
1254 815 1385 871 alias
1405 833 1637 888 prorsus
1665 816 1724 869 in
1755 833 1845 870 re-

1933 731 2091 786 locus
2115 733 2233 806 peti
2271 732 2478 808 potuit.
2521 732 2707 804 Quare
2740 730 2853 786 buc
2887 719 3259 806 fragmentum
3292 734 3482 794 retuli.

1931 819 2120 891 Prope
2147 835 2429 875 carcerem
2478 829 2657 874 statua
2683 817 2917 891 Dionysi
2955 818 3044 873 vel
3079 818 3268 874 sanum
3296 821 3484 881 suerit.

290 905 642 978 gioneshaud
658 922 787 959 raro
801 902 1292 972 transferebantur,
1309 921 1380 958 an
1397 904 1585 976 potius
1602 904 1702 976 ipsi
1717 903 1847 957 illuc
1934 904 2208 960 Subtilior
2244 906 2637 973 Hullemanus,
2662 905 2761 977 qui
2788 903 2858 960 de
2885 905 3136 977 Dionyso
3163 903 3355 984 χθονίῳ
3385 926 3488 962 co-

290 993 532 1066 prosecti
574 989 860 1046 mercandi
903 1007 1064 1045 causa
1102 989 1371 1063 sedesque
1418 990 1498 1045 ibi
1545 988 1780 1064 figentes
1830 1005 1844 1046 ε

293 1081 481 1135 malim
505 1079 613 1134 hoc
630 1080 810 1152 ipsum
827 1087 1087 1146 statuere,
1109 1079 1415 1149 praesertim
1437 1096 1613 1151 quum
1635 1076 1847 1133 Samio·

295 1185 420 1220 rum
454 1184 544 1221 res
571 1165 778 1221 navalis
815 1175 869 1220 et
905 1173 1218 1219 mercatura
1235 1164 1352 1237 jam
1382 1165 1468 1222 Ol.
1508 1163 1578 1236 37
1607 1164 1848 1220 maxime

294 1251 555 1321 floreret,
587 1262 650 1306 ut
675 1252 765 1306 vel
801 1252 1112 1306 Tartessum
1153 1251 1428 1306 venirent.
1472 1252 1599 1322 Quo
1646 1249 1845 1306 eodem

295 1339 468 1395 ferme
496 1349 748 1412 tempore
777 1338 900 1392 illos
928 1338 986 1392 in
1005 1336 1190 1394 Oasim
1213 1336 1484 1409 majorem
1506 1338 1698 1392 venire
1733 1356 1849 1412 po-

295 1428 483 1496 tuisse,
512 1424 668 1482 haud
696 1423 924 1499 quidem
951 1425 1021 1480 ab
1053 1425 1206 1480 omni
1235 1424 1519 1499 probabili
1557 1425 1846 1482 abhorret.

293 1516 377 1570 Tu
397 1513 469 1572 cf.
494 1514 712 1570 Miiller.
738 1513 979 1587 AEginet.
1010 1532 1068 1587 p.
1092 1512 1189 1583 67.
1226 1536 1251 1560 »
1279 1513 1394 1568 Nisi
1417 1513 1583 1568 fallor
1605 1514 1770 1569 etiam
1794 1514 1852 1567 in

1935 993 2098 1064 gitari
2124 993 2261 1047 vult.
2282 992 2550 1048 Conferre
2565 993 2834 1064 potuisset
2851 991 3182 1064 Gorgyram,
3197 993 3488 1049 Acheron-

1936 1071 2001 1125 tis
2016 1089 2250 1126 uxorem
2269 1113 2286 1140 ,
2317 1081 2548 1126 matrem
2567 1069 2855 1142 Ascalaphi
2876 1088 2967 1143 ap.
2994 1070 3261 1144 Apollod.
3291 1074 3337 1140 1,
3358 1071 3487 1144 5„3.

2470 1189 2566 1246 50.
2596 1188 2686 1264 (c.
2717 1189 2806 1245 01.
2834 1186 2961 1265 60.)

2373 1317 2418 1370 E
2445 1278 2670 1372 LIBRO
2699 1315 3054 1373 SECUNDO.

2018 1429 2208 1487 Schol.
2256 1429 2451 1502 Eurip.
2484 1430 2624 1485 Hec.
2671 1426 2785 1501 915
2833 1446 2848 1482 z
2893 1430 3076 1505 Δοῦρις
3104 1427 3155 1484 ἐν
3198 1428 3273 1507 τῷ
3311 1424 3360 1506 β’
3389 1429 3492 1486 τῶν

1937 1514 2123 1594 ”Ωρων
2150 1512 2339 1594 γράφει
2366 1513 2554 1590 οὕτως,
2574 1517 2644 1581 ὥς
2671 1513 2772 1571 ὑπὸ
2796 1515 3088 1590 Αἰγινητῶν
3117 1514 3494 1592 πειρατευόμε-

293 1601 498 1657 Arabia
516 1602 683 1657 Samii
695 1600 951 1655 nonnulli
973 1599 1441 1658 consederant.V.
1459 1599 1854 1676 fragm.Casto-
1891 1645 1898 1694 Ι
1937 1625 2014 1661 νοι
2043 1601 2298 1673 Ἀθηναῖοι
2322 1599 2594 1680 στρατείαν
2634 1599 2750 1659 κατ’
2776 1601 2946 1658 αὐτῶν
2982 1597 3413 1676 ἀποστέλλουσιν,
3444 1602 3492 1658 οἱ

291 1691 367 1744 ris
392 1707 449 1763 p.
486 1706 595 1762 179
633 1699 755 1746 not.
785 1689 872 1744 De
912 1688 1233 1743 nominibus
1261 1683 1450 1751 Ὄασις
1486 1699 1541 1743 et
1580 1685 1852 1766 Μακάρων
1890 1701 1898 1722 ⁴
1940 1691 1992 1747 δὲ
2028 1687 2139 1765 ἅμα
2182 1687 2539 1767 Σπαρτιάταις
2585 1686 2860 1766 (Ἀργείοις
2902 1686 3215 1764 Herodot.)
3261 1684 3496 1752 ἅπαντας

293 1779 446 1844 νῆσος
471 1795 526 1833 ν.
564 1794 687 1849 quae
716 1776 887 1830 multa
914 1776 1186 1850 congessit
1206 1775 1383 1831 Baehr.
1409 1775 1452 1830 l.
1480 1775 1521 1828 l.

1021 1894 1116 1963 49.

297 2079 515 2157 νέμει.

296 2253 387 2322 τὰς
416 2251 646 2332 μητέρας
673 2249 978 2330 συναγαγὼν
1006 2251 1197 2310 δέδωκε
1221 2260 1327 2318 τοῖς
1349 2249 1608 2317 πλουσίοις
1632 2253 1733 2309 τῶν
1753 2271 1847 2308 πο·

295 2343 449 2401 λιτῶν
474 2341 697 2422 τρέφειν,
716 2338 842 2420 πρὸς
869 2338 1085 2398 ἕκαστον
1107 2339 1277 2417 λέγων
1306 2337 1410 2397 ὅτι·
1443 2339 1500 2399 Μ
1514 2363 1548 2410 η
1565 2337 1724 2419 τέρα
1753 2360 1850 2396 σοι

297 2428 540 2502 ταύτην
576 2429 605 2486 δ
621 2427 638 2485 ί
648 2428 781 2503 δωμ
798 2450 814 2483 ι
832 2473 847 2489 .
875 2425 1037 2486 ’Όθεν
1059 2429 1093 2497 ἡ
1123 2424 1378 2504 παροιμία
1413 2424 1720 2504 ἐκράτησεν.

379 2543 407 2572 ι
429 2519 644 2575 Omisso
658 2517 891 2574 Duridis
913 2518 1164 2588 nomine,
1187 2515 1321 2571 inde
1341 2535 1370 2570 a
1397 2533 1539 2571 voce
1569 2508 1850 2589 Πολυκρά-

297 2627 388 2675 της
412 2607 531 2664 haec
553 2607 758 2680 scripta
783 2615 999 2661 exstant
1014 2606 1076 2659 in
1101 2601 1427 2659 Proverbiis
1449 2621 1572 2677 quae
1587 2601 1853 2658 dicuntur

299 2693 580 2750 Plutarchi
597 2695 646 2764 1,
669 2691 763 2763 58,
781 2711 844 2767 p.
870 2691 984 2767 329
997 2710 1081 2765 sq.
1104 2702 1159 2748 et
1173 2691 1313 2748 Cod.
1331 2689 1497 2750 Bodl.
1523 2709 1655 2764 779,
1675 2709 1734 2764 p.
1753 2686 1847 2763 95.

298 2774 456 2829 Cives
476 2773 578 2842 illi,
601 2790 846 2845 quorum
864 2782 1067 2826 matres
1085 2771 1253 2826 Samii
1276 2769 1671 2842 locupletiores
1688 2786 1851 2824 acce-

295 2871 505 2934 perunt
528 2857 879 2931 nutriendas,
901 2859 1055 2914 bello
1081 2858 1442 2931 ceciderunt,
1467 2857 1625 2930 quod
1649 2866 1845 2911 contra

300 2948 506 3022 Cyrum
550 2965 741 3023 regem
785 2947 946 3023 gessit
996 2946 1339 3021 Polycrates,
1387 2945 1536 3003 circa
1581 2944 1668 3002 ol.
1714 2943 1840 3001 LX.

300 3035 464 3091 Conf.
493 3034 744 3090 Panoska
773 3035 812 3090 1.
846 3035 884 3092 l.
917 3053 980 3109 p.
1011 3033 1079 3099 34
1106 3052 1189 3107 sq.
1222 3057 1247 3082 υ
1273 3035 1608 3089 Humanum

988 3167 1063 3234 49
1105 3178 1158 3215 a.

381 3280 572 3355 steph.
600 3282 726 3353 Byz.
765 3298 778 3336 ε
804 3275 1029 3355 Γόργυια
1046 3321 1061 3350 ,
1084 3275 1237 3343 τόπος
1259 3276 1311 3333 ἐν
1334 3272 1504 3354 Σάμῳ
1521 3317 1538 3345 ,
1569 3275 1639 3339 ὣς
1665 3273 1858 3350 ἱστορεῖ

302 3366 516 3437 Δοῦρις,
566 3364 618 3421 ἐν
663 3353 706 3443 ᾧ
747 3364 1009 3429 Διονύσιος
1048 3359 1323 3444 Γοργυιεὶις
1376 3357 1691 3441 (Γοργορεὺς
1720 3360 1849 3416 cod.

299 3451 560 3528 Vratisl.)
590 3458 827 3526 τιμᾶται.

381 3538 463 3596 Cf.
493 3540 675 3613 Etym.
708 3538 786 3596 M.
810 3534 1092 3616 Γόργυρος,
1114 3538 1141 3593 ὁ
1169 3533 1426 3607 Διόνυσος,
1453 3532 1555 3591 ἀπὸ
1577 3530 1854 3611 Γοργύρας,

302 3622 463 3682 τόπου
492 3627 584 3694 τῆς
626 3623 832 3683 Σάμου.
863 3627 1010 3682 Hinc
1045 3625 1192 3700 apud
1227 3626 1491 3699 Stephan.
1524 3623 1846 3679 Hulleman.

300 3713 519 3786 scripsit
543 3708 846 3789 Γοργύρα...
873 3710 1176 3789 Γοργυρεύς.
1209 3712 1414 3781 Recte,
1444 3720 1587 3784 puto
1604 3751 1620 3779 ,
1647 3726 1851 3782 quam-

302 3818 471 3873 quam
495 3798 718 3855 dubitat
732 3797 997 3858 Dindorf.
1025 3801 1084 3854 in
1105 3800 1184 3855 St.
1211 3799 1472 3855 Thesaur.
1495 3815 1539 3854 s.
1567 3815 1620 3851 v,
1635 3795 1856 3852 Etenim

301 3882 527 3965 γοργύρα
551 3887 700 3943 Sami
725 3884 878 3941 urbis
914 3896 996 3942 est
1027 3882 1378 3962 δεσμωτήριον
1404 3881 1654 3960 ὑπόγαιον
1691 3882 1855 3957 (vide

305 3994 359 4032 v.
391 3971 630 4052 Γοργύρα
658 3976 717 4029 in
738 3974 930 4048 Steph.
962 3972 1180 4049 Thes.)‚
1212 3972 1367 4045 cujus
1392 3972 1586 4045 saepius
1606 3970 1859 4025 meminit

367 4224 662 4285 Polycrates
695 4226 917 4271 matrem
945 4143 1233 4272 ἀὶεέἓὸιιίι.
1270 4220 1424 4282 Hujus
1447 4217 1685 4282 proverbii
1721 4217 1860 4266 Duris

307 4300 550 4361 meminit,
577 4301 872 4363 Polycratem
908 4301 1179 4350 Samiorum
1203 4300 1462 4362 tyrannum
1487 4309 1683 4346 narrans
1707 4308 1856 4344 caeso·

307 4390 416 4426 rum
433 4376 559 4425 bello
576 4376 781 4426 militum
811 4378 986 4426 matres
1015 4375 1239 4425 collectas
1262 4374 1439 4424 civium
1462 4373 1713 4424 ditioribus
1731 4372 1861 4421 alen-

1890 1751 1899 1868 l
1941 1776 2266 1834 ἀπέκτειναν.
2354 1765 2447 1840 Εἷς
2474 1775 2529 1832 δὲ
2556 1773 2870 1854 ὑπέστρεψεν
2903 1771 3138 1852 ἅγγελος,
3160 1771 3215 1831 ὃν
3243 1783 3494 1853 περιστᾶ·

1892 1871 1899 1924 ἕ
1940 1887 2029 1924 σαι
2068 1868 2170 1922 τῶν
2197 1863 2486 1922 τεθνεώτων
2528 1865 2582 1921 αῖ
2624 1870 2863 1939 γυναῖκες
2890 1863 2980 1920 καὶ
3012 1861 3104 1928 τὰς
3143 1862 3363 1941 περόνας
3390 1866 3494 1921 τῶν

373 1994 589 2052 zenob,
634 1996 799 2050 prov,
835 1995 904 2063 V,
935 1992 1010 2058 64
1058 2011 1072 2047 :
1121 1987 1520 2070 Πολυκράτη
1542 2014 1567 2058 ς
1596 1986 1852 2067 μγτέρα
1893 1979 1898 2020 3
1940 1950 2101 2027 ὤμων
2146 1951 2460 2031 ἆφελόμεναι
2485 1948 2864 2031 ἐξετύφλωσαν,
2906 1939 3018 2007 εἶτα
3061 1948 3389 2008 ἀπέκτειναν.
3419 1953 3492 2011 Οἱ

601 2077 883 2153 Μέμνηται
915 2077 1109 2148 ταύτης
1137 2083 1338 2157 onptc.
1372 2075 1529 2155 Λέγει
1562 2076 1615 2136 33
1642 2037 1720 2135 ἐτι
1753 2080 1851 2137 sso·
1893 2031 1899 2096 l
1942 2037 2286 2145 δὲἈθηναῖοὲ
2306 2036 2467 2096 δεινὸν
2491 2037 2812 2145 ἡγησάμενοι
2840 2035 2898 2094 τὸ
2937 2034 3188 2116 πραχθὲν,
3230 2040 3493 2147 περιεῖλον

297 2166 558 2247 λυκρᾶτης
586 2170 613 2224 ὁ
657 2164 857 2243 Σάμιος
894 2168 995 2224 τῶν
1027 2168 1079 2223 ἐν
1121 2168 1196 2246 τῷ
1238 2161 1452 2244 nouato
1496 2163 1852 2224 ἀποθανόντων
1893 2153 1898 2226 ἶ
1938 2151 2045 2185 των
2063 2149 2320 2203 γυνααων
2341 2122 2434 2192 τὰς
2456 2146 2693 2206 περονας’
2718 2121 2932 2202 ἐπείπερ
2946 2125 3018 2190 εἷς
3036 2123 3290 2200 ὁπλισμῶν
3314 2147 3496 2193 αυταις

1941 2213 2259 2292 ἐχρήσαντο,
2286 2213 2376 2271 καὶ
2399 2214 2456 2271 οὗ
2483 2212 2610 2291 πρὸς
2633 2209 2869 2292 φυλακὴν
2910 2214 3001 2280 τῆς
3042 2210 3358 2289 ἀμπεχόνης.
3394 2214 3497 2271 Αὐε

1939 2301 2021 2359 τοί
2041 2323 2100 2360 τε
2128 2300 2350 2377 ἐκόμων,
2383 2302 2436 2357 αἱ
2479 2298 2533 2358 δὲ
2557 2299 2792 2378 γυναῖκες
2818 2295 3102 2376 ἒκείροντο,
3130 2296 3222 2355 καὶ
3252 2302 3359 2364 τοῖς
3398 2298 3494 2375 μὲν

1942 2387 2159 2468 ἀνδράσι
2176 2387 2414 2469 ποδήρεις
2431 2378 2564 2458 ἦσαν
2585 2388 2631 2445 οῖ
2648 2388 2883 2465 χιτῶνες,
2908 2388 2961 2442 αἱ
2983 2384 3034 2442 δὲ
3054 2387 3292 2462 γυναῖκες
3313 2383 3496 2466 ἕὸρύα·

1942 2480 2024 2544 ζον
2044 2483 2156 2543 ταῖς
2178 2475 2402 2555 Δωρίαις
2414 2473 2644 2557 ςτόλαις.
2727 2471 2821 2531 Διὸ
2843 2472 3042 2551 γυμνὰς
3061 2471 3151 2529 καὶ
3175 2471 3266 2538 τὰς
3295 2473 3490 2551 ἄχίτω·

1942 2587 2030 2630 νας
2057 2561 2354 2644 Δωριάζε
2375 2584 2427 2619 ιν
2458 2559 2676 2641 ἔφασαν.

2021 2653 2323 2710 Historiam
2347 2650 2517 2706 fusius
2544 2659 2601 2706 et
2620 2650 2812 2723 paullo
2833 2650 2994 2706 aliter
3016 2659 3209 2704 narrat
3229 2648 3493 2704 Herodo-

1942 2754 2032 2798 tus
2064 2744 2128 2808 V,
2165 2737 2372 2809 82-88,
2395 2739 2494 2794 ubi
2530 2756 2583 2793 v.
2607 2737 2787 2794 Baelnr.
2823 2745 2877 2791 et
2910 2754 3052 2809 quos
3089 2735 3299 2794 laudat.
3332 2767 3412 2779 -—
3439 2737 3492 2793 ἐν

1943 2829 2017 2904 τῷ
2048 2823 2140 2902 β’]
2168 2837 2318 2882 recte
2354 2824 2555 2898 procul
2583 2823 2762 2879 dubio
2800 2824 3165 2879 Hullemanus
3201 2841 3309 2897 pro
3336 2824 3492 2897 vulg.

1945 2913 1996 2968 ἐν
2020 2914 2095 2992 τῷ
2116 2910 2205 2970 ι6’.
2230 2915 2515 2969 Postrema
2543 2909 2561 2985 (
2583 2906 2727 2967 αὐτοί
2744 2930 2800 2967 τε
2822 2910 2935 2966 κτλ.
2960 2906 2980 2986 )
3006 2928 3132 2965 cum
3163 2910 3499 2967 anteceden-

1946 3001 2094 3057 tibus
2121 3002 2406 3057 cobaesisse
2432 3000 2623 3072 aliquo
2644 2997 2819 3053 modo
2838 3040 2855 3071 ,
2897 2999 3074 3070 liquet
3096 3016 3164 3055 ex
3200 2998 3497 3054 Herodoto

1946 3108 1992 3143 c.
2020 3087 2114 3158 88,
2140 3089 2239 3144 ubi
2266 3087 2645 3155 Athenienses,
2664 3103 2737 3142 ne
2764 3084 2951 3141 fibulis
2969 3087 3230 3141 mulieres
3255 3085 3493 3159 amplius

1950 3186 2260 3245 uterentur,
2290 3174 2563 3231 Doricum
2604 3190 2798 3228 earum
2839 3174 3101 3228 vestitum
3140 3174 3200 3227 in
3240 3173 3497 3234 Ionicum

1945 3274 2181 3318 mutasse
2208 3261 2490 3317 dicuntur.
2518 3259 2655 3331 Quae
2690 3258 2841 3333 apud
2873 3260 3203 3317 scholiasten
3240 3278 3391 3316 nunc
3418 3260 3501 3316 le-

1944 3360 2181 3424 guntur,
2205 3358 2395 3422 aperte
2419 3356 2549 3403 sunt
2565 3346 2710 3401 male
2733 3356 2996 3419 excerpta
3022 3357 3077 3402 et
3105 3356 3377 3404 truncata.

2668 3439 2701 3496 5
2716 3459 2765 3498 1.

2022 3539 2302 3611 Diogenes
2314 3539 2378 3592 L.
2402 3532 2451 3602 I,
2489 3554 2510 3590 1
2526 3554 2595 3608 19
2617 3551 2631 3591 ε
2650 3530 2798 3603 Φησὶ
2824 3530 2877 3588 δὲ
2900 3534 3086 3609 Δοῦρις
3103 3532 3155 3588 ἐν
3178 3533 3253 3610 τῷ
3276 3529 3498 3611 δευτέρῳ

1945 3625 2047 3680 τῶν
2072 3621 2251 3700 Ὤρων
2288 3619 2661 3701 ἐπιγεγράφθαι
2708 3620 2847 3698 αὐτῷ
2886 3615 3229 3699 (Φερεκύδει)
3270 3618 3330 3675 τὸ
3377 3619 3499 3676 ἐπί-

1945 3732 2166 3789 γραμμα
2193 3707 2333 3765 τόδε·

2069 3826 2164 3883 Τῆς
2184 3822 2345 3886 σοφίης
2362 3821 2514 3879 πάσης
2538 3821 2584 3870 ἐν
2604 3820 2705 3883 ἐμοὶ
2732 3821 2887 3877 τέλος·
2915 3821 2947 3879 ἣ
2970 3820 3021 3869 δι’
3039 3837 3082 3869 τι
3102 3819 3275 3884 πάσχω
3288 3856 3302 3879 ,

2071 3902 2319 3965 Πυθαγόρῃ
2342 3906 2410 3964 τῷ
2437 3902 2529 3963 ’μῷ
2551 3900 2656 3961 λέγε
2677 3900 2826 3959 ταῦθ’,
2849 3898 2918 3947 ὅτι
2943 3902 3124 3959 πρῶτος
3146 3898 3362 3948 ἁπάντων

2069 3981 2192 4029 ἐστὶν
2215 3977 2283 4027 ἀν’
2305 3978 2507 4027 Ἑλλάδα
2529 3982 2630 4038 γῆν.
2652 3977 2722 4026 Οὐ
2740 3977 2970 4039 ψεύδομαι
2991 3976 3074 4024 ὧδ’
3099 3975 3347 4039 ἀγορεύων.
3377 3980 3384 3999 ’

1945 4131 2277 4179 cnmsistentae
2306 4127 2531 4177 mulieres
2552 4138 2811 4185 caesorum,
2856 4088 3062 4186 arreptis
3081 4138 3144 4173 ex
3175 4124 3387 4174 humeris
3416 4135 3497 4173 ve-

1945 4208 2092 4256 stium
2134 4206 2291 4257 fibulis
2336 4205 2644 4257 excaecarunt
2673 4214 2733 4251 ac
2762 4200 2933 4251 deinde
2967 4200 3307 4251 interfecerunt
3360 4199 3501 4257 Quod

1944 4299 2097 4348 quum
2114 4284 2341 4347 flagitiose
2358 4284 2537 4334 factum
2561 4292 2663 4331 esse
2682 4279 2989 4331 Athenienses
3009 4280 3255 4332 censen-ent
3269 4313 3284 4337 ,
3306 4277 3499 4327 ademe-

1900 4330 1907 4443 l
1947 4365 2062 4413 runt
2079 4361 2359 4412 mulieribus
2395 4358 2592 4421 fibulas,
2614 4355 3006 4420 quandoquidem
3030 4368 3126 4406 non
3149 4354 3211 4404 ad
3233 4353 3499 4404 custodiam

306 4454 393 4502 das
418 4452 690 4513 tradidisse,
731 4453 1022 4515 singulisque
1046 4451 1223 4501 dixisse
1258 4468 1273 4500 ς
1312 4468 1338 4494 α
1367 4453 1502 4501 nanc
1532 4449 1620 4500 tibi
1657 4451 1858 4498 matrem
1901 4448 1906 4483 1
1945 4439 2211 4489 indumenti
2226 4438 2313 4501 iis,
2333 4436 2416 4488 sed
2433 4433 2799 4485 armommloco
2816 4434 3083 4483 uterentur.
3107 4437 3177 4482 Ac
3192 4430 3285 4481 viri
3309 4443 3497 4480 comam

308 4531 486 4580 tribuo.
514 4549 539 4574 π
555 4530 693 4580 Unde
709 4533 870 4580 ortum
890 4529 1217 4594 proverbium.

1004 4614 1073 4665 49
1112 4624 1162 4664 a.

1946 4515 2154 4577 alebant,
2174 4515 2397 4565 mulieres
2409 4526 2523 4563 vero
2541 4510 2876 4569 tondebantun
2890 4522 3033 4571 porro
3050 4507 3164 4557 viris
3176 4506 3349 4556 talares
3365 4508 3498 4560 erant

1947 4593 2154 4656 tunicae,
2180 4592 2404 4643 mulieres
2425 4591 2606 4640 veroin
2630 4588 2788 4639 Doriis
2822 4587 2956 4637 stolis
2986 4585 3305 4636 exsultabant.
3339 4588 3498 4643 Quare

368 4700 580 4761 Gorgyra
597 4734 611 4757 ‚
633 4697 766 4746 loeus
791 4695 919 4747 sami
939 4696 1100 4760 urhis,
1121 4700 1176 4746 ut
1192 4695 1336 4747 nul-13
1359 4697 1540 4755 nan-82,
1561 4692 1610 4742 fin
1628 4705 1727 4756 quo
1746 4695 1857 4742 Bac·
1948 4666 2104 4720 nudas
2126 4672 2177 4720 et
2192 4669 2354 4719 tunica
2378 4681 2474 4718 non
2496 4666 2685 4716 indutas
2703 4665 2939 4727 δωριάζειν
2961 4662 3200 4712 dicebant„

307 4775 428 4823 chus
448 4778 717 4836 Gorgyreus
733 4773 1011 4822 honoratur.

1035 4854 1124 4905 50.

369 4937 513 4989 Duris
532 4935 782 4986 Annalium
797 4935 922 4984 libro
945 4933 1158 4984 secundo
1180 4932 1462 4984 narratbaee
1487 4953 1501 4983 ι
1529 4933 1861 4995 Athenienses,

308 5008 406 5069 ait,
444 5006 507 5056 ab
530 5007 854 5069 AEginetarum
875 5002 1040 5066 piratis
1057 5004 1216 5053 vexati
1240 5004 1415 5054 milites
1440 5005 1606 5053 contra
1623 5016 1704 5053 eos
1721 5002 1862 5052 emit-

309 5086 419 5133 tunt
432 5121 447 5145 ,
467 5096 590 5145 qnos
608 5082 837 5144 AEginetae
856 5094 1122 5143 eorumque
1138 5080 1252 5130 socii
1289 5079 1637 5131 Lacedmmonii
1665 5082 1867 5130 cunctos

309 5161 606 5209 occiderunt.
627 5163 764 5209 unns
793 5162 955 5209 tamen
990 5158 1167 5219 evasit,
1186 5172 1330 5222 quem
1359 5157 1579 5208 nuntium
1604 5157 1750 5209 eladis
1766 5158 1864 5207 cir-

485 5255 771 5292 mmmmm
801 5254 967 5292 alnou
1022 5255 1156 5293 (SR-⁸·-
1173 5259 1278 5296 vot-
1307 5262 1363 5297 n.

2012 4842 2172 4895 Refert
2207 4842 2351 4893 Duris
2389 4842 2436 4891 in
2458 4758 2951 4891 secunndo5A¹1inallum
2992 4836 3271 4899 inscriptum
3309 4836 3497 4884 tumulo

1952 4919 2234 4982 Pherecydis
2260 4919 2351 4968 hoc
2374 4918 2660 4981 epigramma
2686 4936 2698 4965 ε

2055 5032 2165 5074 Tota
2180 5040 2304 5073 snam
2322 5031 2453 5072 nacta
2469 5030 2538 5071 est
2564 5027 2611 5071 in
2632 5037 2703 5070 me
2720 5024 2933 5082 sapientia
2949 5034 3183 5069 munmam.

2058 5097 2241 5141 Eveniat
2256 5096 2409 5152 siquid
2431 5094 2536 5139 milii
2550 5127 2562 5143 .
2588 5094 2848 5148 Ρςῑὴειςοιτε
2871 5095 3117 5135 memorate
3140 5107 3153 5133 ε

2061 5164 2269 5210 Hellados
2278 5162 2488 5210 estterrae
2502 5164 2633 5217 longe
2655 5161 2876 5217 prinecps.
2897 5161 3007 5203 Rata
3024 5159 3141 5203 dieo.

3287 5244 3334 5282 :31
