4016 5916
490 430 599 482 138

1559 415 1662 476 AR
1675 412 2051 474 lSTOTELIS
2090 408 2582 472 FRAGMENTA.

474 566 567 608 τας
583 538 763 605 αὐτοὺς
777 536 1009 618 Δρύοπος
1023 544 1111 597 τοῦ
1130 537 1372 617 Ἀρκάδος
1385 537 1770 604 κατοικίσαντος
1784 541 2023 609 ἐνταῦθα,
2113 559 2293 603 σαντες
2319 535 2437 615 περὶ
2471 533 2566 606 τὴν
2595 536 2647 593 ἐν
2678 533 2969 612 Μαντινείᾳ
2999 532 3178 613 μάχην
3215 534 3309 606 τὴν
3339 534 3466 614 πρὸς
3490 539 3687 596 Aug..

475 635 544 695 ὡς
568 626 922 705 Ἀριστοτέλης
958 627 1139 705 φησιν,
1181 623 1215 696 ἢ
1258 624 1574 705 Ἡρακλέους
1597 627 1657 684 ἐκ
1681 630 1773 697 τῆς
1793 626 1913 705 περὶ
1936 624 2022 683 τὸν
2117 624 2408 702 δαιμονίους
2432 621 2774 702 ἐπεχείρησαν
2798 620 3076 679 καταλύειν
3098 621 3184 679 τὸν
3214 623 3428 701 δῆμον]

477 714 789 795 Παρνασσὸν
812 714 1039 793 Δωρίδος
1062 713 1398 781 ἐξελάσαντος
1422 713 1624 779 αὐτούς.

555 806 836 878 Loquitur
854 805 1054 859 Strabo
1081 804 1153 859 de
1181 806 1343 859 Asine
1371 803 1651 878 Argolidis
1675 823 1857 878 prope
1885 806 2028 860 Her·

478 893 704 948 mionen
739 891 871 959 sita,
902 890 1054 946 unde
1081 892 1225 964 pulsi
1253 891 1325 946 ab
1353 893 1575 966 Argivis
1613 895 1871 966 Dryopes
1891 892 2029 946 alte·

480 998 599 1035 ram
644 976 1026 1033 condiderunt
1069 979 1281 1033 Asinen
1323 996 1506 1051 prope
1563 978 1933 1051 Cardamylen
1971 978 2033 1031 in

477 1068 762 1126 Messenia.
783 1068 1017 1122 Pausan.
1049 1067 1153 1135 IV,
1188 1065 1256 1121 34
1275 1107 1292 1136 ,
1320 1065 1375 1123 6.
1400 1064 1680 1142 (Δρυόπων
1702 1063 1755 1121 δὲ
1779 1061 2033 1142 Ἑρμιόνη

477 1175 533 1211 τε
550 1151 640 1210 καὶ
654 1150 829 1223 Ἀσίνη
849 1155 882 1222 ἡ
908 1151 1035 1231 πρὸς
1057 1149 1388 1230 Καρδαμύλῃ
1417 1155 1482 1230 τῇ
1510 1154 1814 1229 Λακωνικῇ.
1843 1155 2034 1209 Hero-

481 1242 604 1299 dot.
645 1245 811 1312 VIII,
846 1242 954 1313 73,
1002 1243 1101 1298 ubi
1132 1253 1347 1297 ceteros
1389 1254 1522 1298 vett.
1567 1244 1722 1297 locos
1763 1244 2039 1316 congessit

478 1329 688 1409 Baehr.)
714 1332 799 1390 Cf.
831 1330 1053 1387 Miiller.
1074 1334 1210 1386 Dor.
1237 1333 1296 1400 I,
1329 1330 1433 1400 84,
1468 1330 1606 1404 1553
1635 1332 1710 1398 11,
1748 1328 1877 1395 436.
1905 1328 2035 1385 455.

478 1421 830 1495 Tbeopomp.
847 1420 916 1477 sr.
951 1439 1051 1494 191
1068 1460 1081 1474 .
1106 1451 1184 1462 —
1202 1422 1288 1475 De
1311 1418 1583 1475 Arcadica
1599 1420 1901 1493 Dryopum
1920 1419 2039 1473 ori-

481 1510 610 1583 gine
652 1526 780 1563 cum
812 1508 1111 1563 Aristotele
1151 1507 1282 1562 facit
1324 1506 1497 1562 schol.
1529 1507 1716 1579 Apoll.
1739 1505 1929 1562 Rhod.
1976 1507 2035 1573 1,

489 1615 512 1650 1
524 1594 657 1665 283,
669 1595 766 1650 ubi
786 1594 1110 1669 genealogia
1119 1595 1236 1648 haec
1247 1604 1332 1647 est
1348 1609 1361 1649 ε
1381 1594 1629 1666 Lycaon,
1643 1594 1770 1661 Dia,
1791 1595 2034 1665 DryopS.

483 1684 630 1738 Hinc
648 1700 746 1737 sua
770 1684 989 1737 Tzetzes
1011 1680 1299 1754 Lycophr.
1326 1680 1462 1746 480.
1493 1682 1679 1753 Etym.
1709 1681 1789 1737 Μ.
1814 1698 1874 1753 Ρ.
1894 1679 2034 1746 288,

486 1767 580 1823 32.
614 1770 1006 1842 Antiquiorem
1043 1767 1412 1822 traditionem.
1435 1767 1609 1821 habes
1635 1766 1787 1839 apud
1829 1766 2039 1822 Phere—

485 1855 682 1928 cydem
712 1855 780 1913 sr.
812 1855 902 1911 33.
929 1854 1009 1911 Cf.
1040 1856 1258 1909 Miiller.
1285 1856 1419 1909 Dor.
1449 1856 1510 1923 1,
1539 1872 1601 1927 p.
1636 1860 1729 1919 [μ.

1089 2001 1436 2060 ΑΡΓΕΙΩΝ.

1213 2155 1309 2209 99·

565 2258 768 2313 Pollux
796 2258 903 2313 On.
928 2258 1015 2325 X,
1057 2276 1074 2310 ι
1093 2276 1164 2330 79
1195 2276 1208 2311 ε
1245 2252 1346 2325 liin
1377 2255 1420 2311 δ’
1446 2254 1509 2314 ἂν
1540 2255 1626 2314 καὶ
1653 2256 1838 2337 φείδων
1865 2280 1914 2314 τι
1940 2260 2040 2336 ἄγ-

484 2343 620 2422 γεῖον
649 2341 885 2454 ἐλαιηῖρὸν
915 2342 1018 2400 ἀπὸ
1046 2345 1148 2401 τῶν
1173 2340 1474 2403 Φειδωνίων
1506 2341 1709 2424 μέτρων
1730 2344 2039 2422 ὠνομασμέ-

486 2453 570 2488 νον
588 2474 604 2502 ,
632 2428 758 2509 ὑπὲρ
779 2453 849 2487 ων
885 2431 936 2487 ἐν
967 2429 1209 2509 Ἀργείων
1235 2428 1470 2509 πολιτείᾳ
1496 2429 1859 2508 Ἀριστοτέλης
1875 2432 2037 2511 λέγει.

485 2523 571 2575 De
593 2521 819 2576 vasculo
850 2521 948 2575 illo
987 2519 1214 2575 aliunde
1243 2539 1360 2575 non
1395 2531 1628 2579 constat.
1669 2523 1755 2577 De
1783 2522 2042 2578 Phidone

487 2626 539 2662 v.
571 2626 712 2681 quos
738 2607 1085 2663 laudavimus
1112 2606 1184 2662 ad
1206 2609 1405 2664 Marm.
1428 2610 1556 2663 Par.
1589 2626 1677 2682 ep.
1705 2607 1800 2664 30.

1163 2709 1265 2788 [99
1293 2710 1370 2788 a·]

573 2818 772 2886 [Arist.
800 2816 921 2873 Pol.
943 2818 1022 2886 V,
1048 2815 1114 2886 8,
1140 2822 1170 2881 ί.
1202 2834 1218 2871 :
1251 2812 1460 2874 Φείδων
1493 2814 1587 2890 μὲν
1616 2814 1736 2894 περὶ
1754 2812 1937 2896 Ἄργος
1953 2818 2044 2878 καὶ

452 2948 461 2957 ,
492 2892 655 2972 ἵτεροι
679 2891 914 2971 τύραννοι
934 2892 1283 2966 κατέστησαν,
1317 2892 1582 2971 βασιλείας
1608 2895 1961 2975 ὑπαρχούσης.

571 2984 692 3038 Pol.
724 2986 800 3051 V,
837 3001 895 3052 2,
928 2981 963 3036 8
998 2998 1015 3037 .’
1043 2978 1138 3040 Ἐν
1160 2975 1352 3058 Ἀργει
1384 2984 1486 3039 τῶν
1515 2983 1567 3040 ἐν
1590 2986 1655 3061 τῇ
1686 2982 1885 3065 ἑὸδόμῃ
1909 2987 2043 3046 ἄπο-

493 3066 724 3143 λομένων
753 3067 854 3126 ὕπὸ
891 3067 1215 3144 Κλεομένους
1238 3073 1327 3126 τοῦ
1365 3067 1615 3136 Λάκωνος
1640 3073 2045 3148 ἠναγκάσθησαν

2671 769 3104 829 ΑΙΓΙΝΗἸὩΝ.

2837 937 2966 977 100.

2212 1042 2501 1101 &thenaeus
2526 1041 2632 1110 Vl,
2654 1057 2712 1112 p.
2731 1058 2867 1110 272,
2894 1042 2945 1095 D
2977 1055 2992 1096 :
3023 1034 3383 1116 Ἀριστοτέλης
3418 1036 3463 1093 δ’
3482 1039 3535 1095 ἐν
3565 1039 3673 1096 Αἰ-

2124 1128 2344 1205 γινητῶν
2364 1122 2602 1203 πολιτεία
2633 1119 2724 1182 καὶ
2746 1123 2892 1203 παρὰ
2914 1122 3108 1190 τούτοις
3126 1122 3254 1205 φησὶ
3283 1122 3519 1200 γενέσθαι
3546 1122 3681 1181 ἑπτὰ

2126 1213 2215 1273 καὶ
2239 1212 2628 1291 τεσσαράκοντα
2653 1210 2909 1290 μυριάδας
2940 1210 3156 1270 δούλων.

2205 1303 2396 1358 Schol.
2421 1301 2585 1357 Pind.
2615 1302 2702 1358 Ol.
2730 1303 2893 1368 VIII,
2924 1300 2994 1355 30
3027 1319 3041 1358 ε
3074 1297 3234 1358 Οὕτω
3257 1297 3358 1377 γὰρ
3388 1298 3679 1370 ἐπλήθυναν

2127 1392 2175 1447 οἱ
2214 1391 2511 1461 Αἰγινῆται,
2541 1390 2609 1451 ὡς
2636 1384 3022 1464 τεσσαράκοντα
3044 1384 3175 1443 ἑπτὰ
3193 1386 3445 1465 μυριάδας
3468 1389 3685 1444 οἰκετῶν

2128 1473 2436 1545 κτήσασθαι.

2208 1566 2498 1622 Clintonus
2520 1564 2578 1617 in
2597 1564 2661 1621 F.
2685 1564 2835 1619 Hell.
2854 1573 2993 1618 tom.
3012 1565 3091 1631 II,
3111 1582 3173 1636 p.
3209 1563 3343 1634 423,
3375 1563 3679 1619 delendum

2130 1661 2315 1706 censet
2356 1668 2555 1705 vocem
2592 1645 2980 1727 τεσσαράκοντα
3011 1659 3065 1704 et
3091 1649 3203 1704 hoc
3239 1650 3368 1705 loco
3397 1662 3452 1706 et
3492 1653 3680 1722 iniis,

2130 1756 2254 1810 quae
2282 1735 2620 1792 antecedunt
2645 1736 2802 1809 apud
2819 1736 3151 1795 Athenaeum
3177 1736 3248 1791 de
3273 1740 3444 1792 servis
3469 1739 3687 1794 Corin-

2130 1825 2379 1879 thiorum
2401 1821 2418 1898 (
2439 1842 2511 1879 ex
2535 1825 2741 1879 Timaeo
2766 1823 2835 1879 fr.
2863 1822 2993 1890 4³3)-

2781 1952 2921 2030 [100
2952 1958 3028 2023 a.]

2208 2084 2414 2161 [Arist.
2436 2086 2557 2142 Pol.
2584 2087 2660 2154 V,
2695 2083 2726 2139 5
2744 2127 2761 2158 ,
2789 2084 2823 2139 6
2856 2101 2870 2141 ε
2894 2078 3225 2159 Oligarchiae
3253 2104 3394 2159 saepe
3417 2098 3687 2142 evertun-

2131 2183 2224 2230 tur
2251 2174 2322 2228 ab
2360 2171 2679 2247 oligarchiS,
2716 2174 2812 2246 qui
2840 2191 3014 2245 quum
3039 2173 3155 2227 vita
3191 2172 3472 2228 luxuriosa
3498 2176 3685 2246 patri-

2129 2263 2385 2317 monium
2406 2259 2792 2334 perdiderint,
2827 2261 2988 2315 novis
3014 2259 3184 2315 rebus
3203 2260 3444 2316 student.
3487 2258 3591 2319 Καὶ
3628 2262 3681 2318 ἐν

2133 2346 2317 2424 Αἰγίνῃ
2345 2350 2373 2404 ὁ
2399 2343 2492 2416 τὴν
2519 2343 2704 2423 πρᾶξιν
2731 2343 2827 2416 τὴν
2853 2343 2981 2425 πρὸς
3004 2343 3229 2423 Χάρητα
3264 2344 3466 2423 πράξας
3488 2344 3685 2427 ἐνεχεί·

2133 2456 2258 2514 ρησε
2306 2432 2620 2509 μεταὸαλεῖν
2649 2432 2744 2503 τὴν
2790 2431 3052 2490 πολιτείαν
3094 2430 3182 2489 διὰ
3222 2431 3466 2504 τοιαύτην
3496 2433 3681 2493 αἰτίαν.

2132 2524 2216 2579 Cf.
2244 2524 2447 2579 Miiller
2473 2524 2715 2598 AEginet.
2736 2540 2798 2595 p.
2828 2542 2850 2576 1
2871 2520 2968 2590 153
2999 2523 3125 2578 Dor.
3155 2523 3236 2591 11,
3256 2540 3316 2595 p.
3352 2524 3483 2589 146.

2213 2611 2337 2667 Pol.
2377 2612 2483 2680 IV,
2512 2617 2542 2676 l.
2564 2650 2581 2679 ,
2620 2628 2645 2664 1
2683 2628 2698 2664 t
2724 2606 2804 2666 Τὸ
2828 2604 3106 2686 ἐμπορικὸν
3147 2607 3198 2664 ἐν
3238 2605 3427 2685 Αἰγίνῃ
3454 2607 3542 2666 καὶ
3566 2607 3685 2687 Χίῳ

2137 2693 2463 2775 (πολύοχλόν
2482 2696 2619 2753 ἐστιν
2636 2695 2718 2773 ).]

2690 2825 2814 2885 ΣΙΚ
2825 2826 3130 2885 ΥΩΝΙΩΝ.

2850 2977 2979 3014 101.

2214 3089 2415 3144 Pollux
2441 3088 2559 3160 IX,
2589 3106 2659 3159 77
2704 3105 2718 3140 ε
2745 3083 2824 3144 Τὸ
2865 3081 3042 3161 μέντοι
3070 3085 3169 3141 τῶν
3200 3081 3393 3141 ὀὸολῶν
3434 3080 3600 3160 ὄνομα
3636 3086 3686 3141 οἳ

494 3151 883 3232 παραδέξασθαι
923 3157 1026 3212 τῶν
1066 3152 1343 3232 περιοίκων
1370 3153 1533 3222 τινάς.
1562 3159 1646 3215 Cf.
1674 3161 1879 3216 Miiller
1905 3164 2041 3217 Dor.
2138 3169 2233 3248 μὲν
2272 3170 2351 3229 ὅτι
2396 3171 2562 3229 πάλαι
2610 3169 2881 3249 βουπόροις
2921 3168 3119 3236 ὀῦελοῖς
3155 3171 3377 3248 ἐχρῶντο
3430 3169 3555 3250 πρὸς
3593 3170 3689 3236 τὰς

493 3245 572 3313 II,
595 3244 683 3299 56.
709 3244 981 3299 Niebuhr.
1004 3246 1070 3299 R.
1103 3245 1171 3299 G.
1195 3246 1252 3314 Ι,
1277 3263 1340 3318 p.
1374 3264 1501 3317 127,
1524 3257 1644 3305 not.
1673 3248 1806 3314 243.

573 3333 697 3387 Pol.
739 3334 819 3401 V,
853 3351 909 3389 2.
951 3337 984 3397 [ι
1018 3329 1150 3389 ζΔιὸ
1191 3333 1396 3409 ἐνιαχοῦ
1430 3330 1666 3390 εἰώθασιν
1694 3333 2043 3413 ὀστρακίζειν,

495 3409 598 3475 οἷον
630 3418 683 3474 ἐν
707 3415 761 3476 Ἀ
773 3440 884 3497 ργει
909 3417 997 3476 καὶ
1026 3416 1317 3488 Ἀθήνησιν.

575 3508 699 3564 Pol.
738 3511 817 3576 V,
852 3505 983 3576 3,-5
1024 3525 1039 3564 t
1071 3504 1164 3563 Ἐν
1188 3499 1365 3584 Ἄργει
1400 3508 1446 3564 οἳ
1474 3505 1724 3587 γνώριμοι
1757 3510 2039 3587 εὐδοκιμή-

2139 3257 2391 3334 ἆμοιὸὰς,
2421 3249 2493 3316 ὧν
2517 3258 2577 3317 τὸ
2605 3257 2705 3316 ὑπὸ
2731 3262 2797 3337 τῇ
2823 3257 2975 3338 δρακὶ
3005 3259 3197 3329 πλῆθος
3221 3256 3387 3316 ἐδόκει
3414 3258 3683 3316 καλεῖσθαι

2142 3336 2385 3416 δραχμή·
2416 3337 2482 3396 τὰ
2520 3340 2574 3397 δὲ
2614 3341 2847 3418 ὀνόματα
2875 3340 2964 3400 καὶ
2991 3347 3079 3400 τοῦ
3117 3342 3434 3421 νομίσματος
3464 3369 3688 3423 μεταπε-

2142 3423 2316 3493 σόντος
2343 3428 2393 3492 ἐς
2419 3424 2513 3496 τὴν
2541 3432 2630 3485 νῦν
2661 3427 2841 3507 χρείαν
2881 3427 3134 3507 ἐνέμεινεν
3164 3433 3225 3488 ἐκ
3253 3435 3344 3502 τῆς
3371 3433 3578 3511 μνήμης
3602 3437 3695 3506 τῆς

2140 3516 2387 3578 παλαιᾶς.
2418 3512 2776 3592 Ἀριστοτέλης
2797 3516 2982 3575 ταύτὸν
3011 3516 3177 3595 λέγων
3206 3519 3259 3575 ἐν
3281 3519 3578 3579 Σικυωνίων
3604 3544 3697 3579 πο·

497 3669 776 3731 deduxerit,
807 3672 863 3720 ut
889 3671 1166 3721 Aristoteles
1190 3670 1365 3733 tradit,
1388 3674 1475 3721 aut
1506 3687 1627 3736 quos
1655 3687 1684 3724 e
1719 3675 1897 3725 Doride
1928 3675 2056 3725 circa

498 3748 785 3796 Parnassum
809 3749 936 3797 terra
961 3748 1192 3798 Hercules
1210 3748 1420 3810 ejecerit.

1031 3855 1519 3916 ARGIVORUM.

1225 3981 1313 4031 99.

561 4075 723 4125 Fuerit
742 4074 885 4124 etiam
905 4073 1083 4137 phidon
1104 4089 1189 4125 vas
1205 4076 1449 4139 quoddam
1472 4078 1565 4129 olei
1583 4081 1763 4130 certam
1782 4093 2057 4131 mensuram

500 4153 773 4215 continens,
793 4165 821 4201 a
853 4153 1099 4204 Phidoniis
1124 4157 1359 4206 mensuris
1380 4156 1768 4221 denominatum,
1800 4159 1862 4210 de
1882 4161 2060 4224 quibus

504 4232 552 4280 in
573 4233 857 4295 Argivorum
885 4232 1147 4297 Republica
1173 4235 1371 4297 exponit
1394 4237 1686 4287 Aristoteles.

1174 4311 1273 4381 {99
1297 4315 1371 4380 a.]

562 4396 775 4460 [Phidon
802 4397 962 4459 Argis,
990 4399 1040 4447 et
1062 4397 1142 4447 alii
1170 4399 1313 4462 alibi,
1339 4413 1541 4465 regnum
1566 4401 1694 4466 quod
1710 4402 1841 4465 prius
1871 4405 1975 4453 erat
2003 4404 2053 4453 in

503 4476 801 4537 tyrannidem
819 4477 1210 4542 converterunt]
1673 4539 1674 4542 Ἴ

566 4549 754 4613 [Argls,
773 4564 926 4614 quum
946 4552 978 4601 ii
998 4554 1084 4615 qui
1103 4556 1240 4604 erant
1257 4555 1305 4604 in
1321 4555 1566 4606 Hebdoma
1595 4594 1611 4619 ,
1639 4571 1668 4607 a
1691 4559 1947 4610 Cleomene
1965 4562 2057 4610 La-

504 4627 796 4677 cedaemonio
820 4630 976 4678 essent
992 4629 1257 4694 interfecti,
1282 4634 1435 4683 coacti
1472 4637 1585 4684 sunt
1615 4636 1771 4699 Argivi
1807 4638 2062 4687 nonnullos

503 4719 564 4754 ex
582 4703 750 4753 vicinis
773 4704 973 4767 imperio
994 4718 1083 4757 suo
1101 4708 1328 4772 subditis,
1357 4724 1479 4774 quos
1511 4713 1746 4763 Perioecos
1779 4714 2061 4775 nominant,

507 4782 554 4830 in
575 4781 820 4831 civitatem
847 4784 1142 4849 assumere]

567 4860 830 4924 [Quocirca
852 4863 898 4913 in
918 4866 1158 4916 nonnullis
1188 4866 1306 4918 locis
1322 4867 1476 4918 solent
1500 4867 1877 4932 (praestantiores
1902 4871 2059 4932 viros)

503 4940 781 4989 ostracismo
799 4941 860 4990 ad
873 4945 1058 4992 certum
1075 4947 1263 5008 tempus
1281 4947 1505 5010 relegare,
1523 4949 1578 4997 ut
1593 4948 1726 5010 Argis
1749 4950 1798 4998 et
1822 4949 2062 5013 Athenis]

567 5017 729 5079 [Argis
744 5019 1014 5081 optimates,
1035 5034 1205 5084 magna
1226 5023 1276 5072 in
1310 5023 1478 5087 proelio
1513 5024 1743 5074 adversus
1762 5025 2062 5075 Lacedaemo·

509 5097 614 5143 nios
631 5096 690 5144 ad
715 5097 1004 5148 Mantineam
1028 5102 1283 5152 commisso
1306 5105 1443 5166 parta
1468 5102 1644 5167 gloria,
1667 5104 1824 5154 conati
1849 5105 2061 5155 suntde-

503 5174 781 5223 mocratiam
800 5173 861 5224 de
877 5175 1033 5226 medio
1057 5176 1269 5241 tollere]

2641 3683 3188 3743 AEGINETARUM.

2204 3875 2479 3926 Aristoteles
2512 3875 2562 3925 in
2600 3800 3225 3940 Εςίιιεὶαωιηίίοὶὶοῃυωίοα
3262 3877 3406 3927 etiam
3443 3880 3568 3942 apud
3606 3882 3697 3934 hos

2142 3951 2484 4015 quadringenta
2501 3955 2682 4015 septem
2701 3953 2848 4008 millia
2864 3965 3113 4003 servorum
3132 3953 3276 4003 misse
3296 3952 3429 4003 dicit.

2207 4115 2392 4180 [Etiam
2423 4117 2472 4166 in
2488 4119 2652 4182 AEgina
2665 4117 2705 4167 is
2724 4030 3066 4180 quilrliggitaiulm
3081 4116 3339 4179 prodendae
3354 4119 3485 4171 urbis
3500 4122 3696 4173 Chai-eti

2143 4197 2329 4319 egerat,
2355 4196 2557 4335 Jpropter
2577 4195 2723 4244 talem
2743 4206 2937 4244 causam
2958 4194 3304 4257 rempublicam
3325 4200 3515 4248 mutare
3546 4213 3699 4251 cona-

2167 4283 2223 4319 us
2247 4273 2337 4320 est.

2206 4348 2402 4413 [Magna
2428 4351 2570 4400 turba
2587 4353 2657 4401 est
2678 4353 2997 4401 mercatorum
3017 4351 3066 4401 in
3094 4352 3261 4415 AEgina
3283 4356 3331 4405 et
3357 4355 3476 4405 Chio
3504 4355 3525 4420 ]

2638 4445 3196 4509 SlCYONlORUM.

2207 4643 2347 4701 Quod
2381 4657 2558 4693 nomen
2595 4644 2851 4696 obolorum
2883 4649 3083 4712 attinet,
3124 4649 3341 4699 nonnulli
3381 4650 3546 4699 dicunt
3582 4651 3701 4700 olim

2147 4722 2298 4784 longis
2314 4722 2467 4772 obolis
2487 4723 2649 4785 (quasi
2667 4725 2879 4775 verubus
2901 4726 3078 4789 quibus
3091 4727 3303 4790 figuntur
3327 4728 3477 4779 frusta
3494 4728 3701 4790 bubula)

2147 4813 2258 4850 usos
2279 4813 2381 4851 esse
2404 4801 2455 4850 in
2487 4803 2946 4867 permutationibus3
2970 4819 3136 4855 eorum
3154 4806 3403 4857 obolorum
3434 4807 3698 4857 multitudi-

2146 4893 2257 4929 nem
2293 4882 2475 4942 quanta
2500 4882 2676 4944 pugillo
2699 4883 2891 4946 (δραιὶ)
2923 4885 3261 4947 comprehendi
3283 4883 3464 4948 posset,
3489 4888 3703 4950 δραχμὴν

2147 4956 2431 5018 appellatam
2451 4970 2578 5018 esse;
2608 4958 2697 5008 ista
2731 4971 2848 5008 vero
2870 4961 3067 5010 nomina
3090 4963 3234 5011 etiam
3266 4965 3371 5012 tum
3386 5000 3400 5023 ‚
3424 4976 3576 5026 quum
3602 4977 3698 5013 nu·

2148 5035 2318 5082 misma
2334 5033 2381 5083 ld
2405 5035 2453 5082 in
2472 5037 2756 5096 praesentem
2778 5049 2922 5086 usum
2941 5039 3315 5088 transmutatum
3339 5042 3488 5102 esset,
3512 5053 3571 5089 ex
3597 5041 3701 5104 pri-

2148 5110 2271 5158 stina
2297 5111 2527 5160 memoria
2558 5112 2857 5162 remansisse.
2890 5115 3168 5165 Aristoteles
3198 5128 3313 5165 vero
3334 5116 3501 5166 eadem
3539 5116 3705 5168 dicens

2151 5186 2200 5234 in
2225 5186 2479 5249 Republica
2514 5187 2875 5252 Sicyoniorum,
2903 5190 3117 5241 nonnihil
3142 5193 3303 5242 tamen
3324 5191 3548 5257 innovat,
3580 5192 3701 5244 dum
