4016 5916
1669 422 2165 484 FRAGMENTA.

279 549 556 622 Bruttios,
582 548 934 604 Crotoniatas
957 556 1060 601 etc.
1080 547 1221 600 Nam
1246 555 1463 599 constat
1484 546 1664 618 Ulyssi
1692 545 1832 618 ejus·

276 654 388 709 que
427 636 591 690 sociis
617 632 770 708 apud
810 630 1025 689 κτίσεων
1061 632 1361 705 scriptores
1393 630 1547 686 haud
1577 633 1835 688 minimas

277 740 392 779 esse
411 732 596 797 partes
613 722 672 776 in
696 720 894 776 fabulis
917 719 988 775 de
1011 718 1236 774 urbium
1260 717 1580 773 Italicarum
1599 719 1834 795 origini-

276 810 405 866 bus.
433 810 522 864 Sic
543 808 744 864 Strabo
774 808 850 863 VI
871 848 887 880 ,
912 825 972 880 p.
1005 803 1149 875 255,
1183 817 1246 861 ut
1269 803 1699 874 unumfffferam
1718 847 1735 875 ,
1764 805 1835 861 de

278 898 461 953 Polite
487 904 676 950 narrat
702 894 910 966 Ulyssis
927 894 1082 948 socio
1099 934 1114 961 ,
1139 893 1236 966 qui
1256 885 1464 948 Brutiis
1490 889 1690 967 δαίμων
1726 894 1829 970 βα-

285 981 498 1062 ρύμηνις
526 983 709 1039 fuerit.
736 980 926 1036 Simile
955 978 1095 1052 quid
1113 981 1282 1034 Duris
1304 978 1591 1036 tradidisse
1610 980 1835 1036 videtur

281 1072 353 1128 de
379 1072 663 1145 Eurybato
681 1111 696 1138 ,
721 1069 818 1142 qui
847 1086 936 1142 ap.
964 1069 1201 1123 Homer.
1232 1068 1344 1127 od.
1376 1088 1433 1138 τ,
1461 1073 1573 1138 247
1595 1086 1721 1142 sqq.
1746 1070 1830 1123 uti

284 1159 551 1215 deformis
567 1159 741 1212 homo
769 1165 824 1211 et
843 1166 1059 1211 tantum
1087 1174 1205 1210 non
1227 1151 1608 1233 πιθηκόμοριρος
1632 1165 1687 1211 et
1710 1150 1828 1232 κέρ·

279 1248 397 1322 κωψ
419 1245 757 1319 depingitur.
779 1243 1057 1317 Cercopes
1077 1244 1138 1297 in
1162 1243 1465 1298 Pithecusis
1493 1243 1684 1298 insulis
1708 1241 1802 1297 col
1820 1275 1837 1282 -

279 1334 488 1389 locavit
509 1333 836 1407 Xenagoras
878 1329 987 1408 (ll.
1023 1326 1228 1405 νήσων)
1268 1348 1361 1404 ap.
1399 1331 1740 1404 Harpocrat.
1769 1349 1829 1389 v.

280 1418 530 1499 Κέρκωψ.
557 1425 638 1476 Ac
665 1420 793 1475 satis
833 1420 1065 1491 antiquo
1094 1428 1349 1492 tempore
1373 1415 1558 1497 ἄνδρας
1581 1420 1712 1474 istos
1741 1419 1840 1496 βα-

283 1505 590 1587 ρυδαίμονας
616 1508 850 1564 Italiotis
872 1516 927 1562 et
951 1504 1152 1562 Siculis
1177 1518 1344 1576 notos
1367 1505 1528 1562 fuisse
1547 1507 1679 1563 artis
1706 1525 1835 1562 mo·-

279 1596 576 1651 mumentis
595 1594 998 1669 comprobatur
1017 1594 1096 1668 (v.
1122 1594 1404 1652 Welcker.
1432 1593 1586 1660 Crcl.
1609 1611 1673 1667 p.
1703 1600 1837 1669 409,

278 1704 340 1742 n.
372 1682 518 1758 6593
550 1681 773 1741 Miiller'.
799 1684 934 1740 Dor.
963 1684 1041 1752 Π,
1061 1700 1125 1756 p.
1157 1679 1268 1752 457
1295 1691 1414 1737 not.
1438 1681 1479 1756 ).
1507 1682 1654 1737 Fieri
1676 1683 1841 1736 etiam

279 1774 468 1843 potuit
494 1783 557 1826 ut
585 1772 934 1826 occasionem
962 1769 1034 1824 de
1062 1769 1151 1823 his
1177 1767 1497 1842 exponendi
1518 1768 1838 1841 praeberent

279 1861 584 1917 Pithecusas
622 1858 814 1931 Libyae
856 1857 1054 1930 urbes,
1100 1857 1383 1912 simiarum
1444 1856 1599 1909 cultu
1638 1855 1837 1923 clarae,

283 1957 420 2012 quas
463 1937 808 2008 Eumachus,
855 1935 972 1991 dux
1012 1935 1357 2010 Agathoclis,
1399 1936 1458 1988 in
1502 1943 1837 2006 potestatem

281 2033 523 2108 redegit.
550 2034 614 2087 V.
641 2031 884 2087 Diodor.
907 2030 1050 2099 XX,
1079 2028 1184 2099 58,
1219 2027 1275 2087 3.
1301 2016 1468 2097 -ἦν
1499 2023 1552 2084 δὲ
1580 2023 1839 2106 Ἐφέσιος]

283 2119 606 2177 Notandum
623 2131 701 2175 est
720 2120 919 2194 Ephesi
940 2119 1107 2174 etiam
1122 2117 1438 2191 Cercopum
1456 2115 1645 2172 sedem
1662 2114 1839 2172 fuisse.

287 2206 648 2276 ZenobiusI,
683 2205 740 2275 5,
767 2223 798 2261 e
826 2206 958 2262 cod.
986 2206 1032 2260 B
1057 2224 1114 2307 pn.
1140 2223 1174 2260 α
1205 2203 1298 2260 ed.
1328 2201 1615 2261 Leutsch·
1650 2193 1832 2280 Ἀγορὰ

285 2290 622 2370 Κερκώπων·
648 2289 734 2347 ἐπὶ
761 2293 862 2348 τῶν
904 2291 1141 2370 πονηρῶν
1179 2287 1269 2347 καὶ
1300 2288 1571 2360 κακοήθων
1607 2283 1837 2365 λέγεται.

285 2376 567 2457 Κέρκωπες
608 2374 710 2457 γὰρ
752 2374 1047 2444 ἄπατεῶνίς
1086 2398 1218 2442 τινες
1246 2373 1476 2453 ἐγίνοντο
1513 2374 1565 2431 ἐν
1614 2369 1843 2453 Ἐφέσῳ,

287 2465 466 2533 οἵτινες
488 2465 812 2537 ἐξαπατησαι
839 2464 925 2522 τὸν
953 2464 1052 2524 Δία
1076 2462 1437 2543 πεπείρανται.
1469 2462 1553 2520 Cf.
1583 2462 1838 2520 Lobeck.

287 2557 656 2633 Aglaopham.
687 2575 748 2632 p.
787 2552 932 2611 1305
961 2573 1086 2629 sqq.

1020 2680 1114 2756 39.

371 2803 557 2860 Schol.
585 2802 770 2876 Apoll.
801 2802 910 2858 Rh.
941 2803 1003 2870 1,
1045 2797 1208 2857 501:
1241 2793 1424 2874 Δοῦρίς
1448 2815 1574 2875 φησι
1601 2790 1717 2861 τους
1745 2791 1843 2851 υπὸ

291 2891 394 2948 τῶν
434 2887 687 2968 γιγάντων
708 2885 1111 2997 κατενεχθέντας
1139 2883 1334 2956 λίθους,
1360 2881 1478 2949 τοὺς
1517 2881 1612 2960 μὲν
1644 2882 1713 2949 εἷς
1747 2880 1842 2951 τὴν

293 2976 558 3038 θάλασσαν
592 2975 844 3043 πεσόντας
857 2972 1118 3055 γενέσθαι
1156 2970 1371 3044 νήσους,
1399 2969 1513 3038 τους
1546 2968 1601 3029 δὲ
1639 2973 1710 3037 εἷς
1743 2969 1838 3041 τὴν

293 3062 624 3212 &afflasse
672 3153 969 3228 Phlegraeis
1024 3138 1231 3226 campis
1264 3151 1437 3206 ltaliae
1481 3149 1839 3224 Gigantoma-

295 3245 475 3301 chiam
499 3239 668 3298 Duris
687 3241 995 3316 assignavit.
1021 3239 1199 3296 Allata
1218 3237 1413 3311 juncta
1434 3255 1547 3293 esse
1574 3246 1839 3311 poterant

293 3332 386 3400 iis,
417 3348 540 3403 quae
570 3328 641 3384 de
675 3328 979 3384 Pithecusis
1022 3336 1078 3382 et
1114 3328 1331 3382 AEtnaeo
1367 3324 1628 3400 Typhoni
1654 3342 1842 3397 super·

296 3416 510 3488 injectis
534 3415 805 3473 feruntur.

632 3549 723 3609 4ο.
752 3540 874 3622 (01.
920 3560 1021 3596 121
1046 3582 1061 3609 ,
1090 3559 1152 3612 ²3
1182 3558 1232 3601 a.
1271 3542 1334 3598 C.
1367 3538 1524 3617 295.)

376 3678 617 3737 Diodor.
641 3678 805 3743 XXI,
830 3677 865 3733 6
899 3696 914 3732 :
946 3673 1073 3735 Ἐπὶ
1099 3680 1186 3733 τοῦ
1199 3674 1428 3750 πολέμου
1443 3678 1545 3733 τῶν
1567 3674 1848 3753 Τυρρηνῶν

299 3766 389 3824 καὶ
413 3765 664 3825 Γαλατῶν
686 3763 772 3821 καὶ
794 3764 1072 3838 Σαμνιτῶν
1094 3760 1303 3821 καὶτῶν
1322 3762 1508 3844 ἐτέρων
1531 3767 1849 3845 συμμάχων,

299 3851 622 3932 ἀνῃρέθησαν
642 3850 741 3909 ὑπὸ
764 3848 1062 3926 Ῥωμαίων,
1089 3849 1297 3910 <hazeino
1330 3847 1693 3916 ὑπατεύοντος,
1724 3845 1849 3905 δέκα

301 3940 569 4021 μυριάδες,
589 3937 658 4006 ὥς
687 3961 813 4020 φησι
837 3942 1038 4017 Δοῦρις.

1028 4112 1117 4164 80.

365 4220 506 4271 Duris
524 4220 659 4283 dicit,
681 4220 863 4284 lapides
901 4234 930 4270 a
969 4219 1255 4283 Gigantibus
1271 4219 1511 4280 deiectos,
1542 4215 1662 4279 quot
1687 4226 1855 4264 eorum

301 4299 352 4388 in
384 4311 518 4349 mare
538 4297 821 4364 deciderint,
845 4299 1052 4363 insulas,
1076 4300 1198 4362 quot
1221 4297 1465 4348 interram
1481 4332 1497 4357 ,
1537 4294 1725 4343 montes
1750 4304 1858 4342 eva·

301 4389 428 4426 sisse.

1038 4469 1129 4520 40.

365 4565 420 4612 ln
437 4560 566 4611 bello
584 4563 897 4611 Etruscorum
911 4599 926 4622 ,
949 4561 1198 4612 Gallorum
1212 4597 1227 4621 ,
1249 4557 1518 4615 Samnitum
1533 4593 1548 4618 ,
1565 4556 1855 4605 oeterorum-

303 4652 399 4703 que
418 4637 657 4690 sociorum
670 4677 686 4701 ,
708 4653 736 4688 a
755 4639 1009 4703 Romanis,
1041 4639 1187 4689 Fabio
1207 4637 1404 4688 consule
1417 4673 1434 4699 ,
1453 4634 1608 4686 deleta
1626 4636 1741 4685 sunt
1753 4645 1858 4683 cen·

304 4718 409 4766 tum
435 4716 611 4778 millia,
632 4718 687 4765 ut
703 4716 844 4766 Duris
863 4718 1087 4766 lettatur.

364 4792 527 4844 Simile
538 4792 655 4856 quid
680 4792 911 4857 (facinori
929 4792 1103 4856 codri)
1124 4790 1292 4853 Duris,
1313 4789 1553 4841 Diodorus
1574 4791 1622 4839 et
1645 4788 1737 4839 Dio
1753 4800 1853 4838 uar-

306 4870 431 4919 rant.
452 4869 701 4931 samnitis,
725 4866 938 4919 Etruscis
957 4868 1160 4930 aliisque
1174 4866 1361 4930 populis
1381 4866 1563 4916 bellum
1586 4864 1860 4928 gerentibus

308 4951 475 4999 eoum
505 4950 746 4998 Romanos
761 4985 774 5007 ,
811 4947 1008 4998 Decium
1041 4946 1287 4996 consulem
1303 4982 1318 5009 ,
1363 4945 1593 5008 collegam
1626 4946 1857 5009 Torquati

308 5025 329 5090 (
350 5029 405 5084 Q.
445 5024 588 5075 Fabii
616 5025 886 5087 Maximi),
915 5023 1083 5074 eodem
1124 5022 1268 5072 modo
1307 5022 1326 5086 (
1338 5036 1438 5088 quo
1467 5022 1662 5075 Codrus
1700 5024 1854 5087 olim)

304 5104 456 5153 unet
471 5100 616 5151 morti
633 5101 893 5165 dedicasse,
907 5100 1173 5165 eodemque
1186 5099 1263 5151 die
1281 5102 1472 5151 centum
1492 5101 1636 5151 millia
1650 5102 1858 5153 hostium

307 5177 556 5230 interfecta
582 5191 700 5229 esse.

3362 436 3479 487 ⁴79

2000 550 2222 604 Tzetzes
2269 546 2343 603 ad
2388 549 2527 620 Lyc.
2582 545 2732 618 1378
2781 567 2795 602 ε
2842 545 3042 627 Γράφει
3080 545 3133 605 δὲ
3170 546 3396 609 τοιοῦτόν
3439 571 3493 605 τι

1925 633 2125 709 (quale
2162 634 2380 693 Codrus
2414 634 2626 691 facinus
2663 633 2953 712 ediderat)
2980 637 3189 712 Δοῦρις,
3231 635 3489 716 Διόδωρος

1923 721 2014 778 καὶ
2052 719 2209 793 Δίων,
2236 720 2315 779 ὅτι
2348 721 2636 794 Σαυνιτῶν,
2665 721 2948 801 Τυρρηνῶν
2987 721 3077 779 καὶ
3114 720 3298 800 ίτίρων
3324 725 3481 781 ἐθνῶν

1922 804 2287 884 πολεμούντων
2341 805 2677 884 Ῥωμαίοιςδ
2721 806 2904 874 Δέκιος
2946 805 3144 874 ὕπατος
3187 806 3486 886 Ῥωμαίων,

1925 893 2279 974 συστρατηγὸς
2308 890 2380 952 ὧν
2406 894 2768 973 Τορκουάτου,
2802 891 2961 960 οὕτως
2987 891 3176 952 ἔδωκεν
3203 894 3384 954 ἑαυτὸν
3419 899 3489 963 εἰς

1926 981 2153 1063 σφαγὴν,
2184 981 2274 1040 καὶ
2304 981 2627 1062 ἀνῃρέθησαν
2649 986 2751 1040 τῶν
2772 981 3013 1040 ἐναντίων
3044 981 3226 1040 ἑκατὸν
3254 985 3490 1062 χιλιάδες

1927 1072 2129 1147 αὐθημε
2193 1094 2242 1130 ν.

2005 1069 2382 1238 Τοριςέυάτου]
2413 1150 2660 1215 debeb’at
2692 1160 2763 1230 Q.
2799 1159 2972 1214 Fabii
2997 1158 3271 1217 Maximi.
3316 1160 3494 1218 Error

1927 1256 2010 1302 est
2035 1248 2274 1316 Tzetzae,
2302 1248 2401 1321 qui
2424 1246 2663 1304 Decium
2680 1243 2860 1301 filium
2881 1263 3008 1301 cum
3027 1257 3218 1320 patre,
3244 1248 3308 1305 T.
3334 1248 3492 1303 Man·

1927 1334 1990 1388 lii
2018 1335 2290 1408 Torquati
2332 1334 2577 1408 collega,
2613 1331 2949 1405 contundit,
2980 1344 3246 1388 monente
3288 1334 3489 1390 Hulle-

1927 1438 2118 1479 mano.
2138 1451 2215 1463 —
2239 1416 2422 1476 ίκατὸν
2439 1416 2694 1497 χιλιάδες]
2718 1422 2843 1476 Liv.
2868 1420 2946 1490 X,
2980 1439 3054 1495 29
3080 1440 3111 1474 ε»
3127 1419 3291 1476 Ctesa
3313 1439 3379 1476 eo
3405 1422 3497 1475 die

1932 1507 2170 1564 hostium
2198 1511 2405 1580 viginti
2432 1513 2673 1583 quinque
2700 1509 2906 1578 millia,
2933 1519 3054 1563 octo
3080 1520 3266 1583 capta.

2250 1644 2347 1702 41.
2393 1634 2518 1714 (01.
2559 1658 2660 1694 121
2685 1681 2703 1714 ,
2737 1644 2803 1710 4;
2835 1656 2885 1696 a.
2916 1638 2978 1693 C.
3015 1631 3174 1715 293.)

2006 1769 2303 1825 Athenaeus
2322 1770 2469 1841 XII,
2499 1789 2555 1844 p.
2580 1767 2721 1840 542,
2750 1772 2835 1825 A.
2821 1789 2834 1802 ·
2869 1770 3052 1848 Δοῦρις
3081 1769 3124 1825 δ’
3158 1768 3211 1825 ἐν
3234 1769 3299 1847 τῇ
3329 1765 3371 1829 δ’
3397 1769 3499 1825 τῶν

1936 1852 2071 1931 Περι
2096 1852 2430 1931 Ἀ,γαθοκλία
2452 1878 2541 1913 και
2566 1856 2785 1926 πλησίον
2813 1853 3096 1918 Ἱππωνίου
3125 1853 3322 1919 πόλεως
3343 1853 3498 1920 ἄλσος

1930 1964 1983 1999 τι
2014 1940 2338 2018 δεικνυσθαι,
2362 1939 2540 1999 κάλλει
2564 1940 2805 2021 διάφορον
2830 1939 2919 1998 καὶ
2938 1940 3259 2021 κατάρρυτον
3285 1939 3490 2019 ὕδασιν,

1930 2032 1983 2088 ἐν
2004 2019 2049 2110 ᾧ
2069 2027 2157 2087 καὶ
2172 2026 2331 2088 τόπον
2357 2026 2473 2087 τινὰ
2494 2019 2624 2087 εἶναι
2643 2026 2958 2104 καλούμενον
2983 2026 3291 2106 Ἀμαλθείας
3315 2027 3492 2108 κέρας,

1932 2116 1960 2175 ὃ
1981 2138 2069 2175 τον
2101 2117 2144 2176 Γ
2146 2114 2314 2174 ίλωνα
2336 2114 2751 2174 κατασκευάσαι.

2008 2204 2063 2261 ἒν
2091 2207 2155 2285 τῇ
2187 2201 2257 2281 δ’]
2285 2206 2363 2261 sic
2390 2203 2537 2261 bene
2573 2204 2893 2263 Bulleman.
2930 2222 3040 2280 pro
3078 2204 3306 2279 vulgata
3344 2205 3396 2261 ἰν
3432 2207 3499 2282 τῇ

1932 2289 2147 2370 δεκάτῃ.
2174 2293 2349 2367 Capta
2374 2292 2510 2348 urbs
2527 2292 2617 2349 01.
2650 2299 2777 2362 ια4,
2802 2297 2871 2365 4,
2892 2300 3029 2348 teste
3048 2290 3310 2347 Diodoro
3336 2293 3498 2364 xxl,

1934 2379 1987 2440 8.
1999 2380 2202 2438 strabo
2221 2382 2391 2455 v1,p.
2418 2378 2567 2437 256:
2589 2372 2811 2483 Ἐχεικὲ
2834 2375 3076 2450 ἐπίνειον,
3100 2374 3499 2436 ὃκατεσκευασέ

1932 2488 2057 2525 ποτε
2082 2462 2399 2545 Ἀγαθοκλῆς
2424 2465 2690 2546 κρατήσας
2716 2468 2806 2536 τῆς
2832 2462 3110 2530 πόλεως.ι
3132 2466 3234 2520 Illa
3269 2484 3486 2541 oppor-

1935 2556 2201 2629 tunitate,
2232 2562 2555 2629 opportune
2586 2564 2780 2609 monet
2818 2553 3207 2622 Hullemanus,
3249 2552 3495 2625 conjicio

1931 2643 2209 2700 Duridem
2234 2642 2307 2700 de
2333 2643 2466 2698 luco
2493 2658 2762 2701 narrasse.
2802 2664 2826 2691 υ

2671 2770 2762 2829 42.

2014 2899 2234 2953 Tzetzes
2261 2894 2333 2952 ad
2357 2897 2495 2969 Lyc.
2527 2912 2639 2965 77²
2667 2911 2681 2950 ε
2710 2894 2893 2971 Δοῦρις
2915 2895 2942 2948 ὁ
2969 2890 3169 2968 Σάμιος
3189 2892 3241 2947 ἐν
3265 2893 3338 2972 τῷ
3366 2891 3498 2972 Περὶ

1935 2978 2301 3061 Ἀγαθοκλέους
2337 2975 2465 3062 φησὶ
2498 2977 2595 3049 τὴν
2624 2977 2950 3054 ,Πηνελόπην
2993 2975 3328 3056 συγγενέσθαι
3366 2986 3498 3036 πᾶσι

1934 3078 2040 3135 τοῖς
2062 3072 2357 3149 μνηστῆρσι
2379 3066 2468 3125 καὶ
2490 3069 2735 3144 γεννῆσαι
2757 3067 3083 3146 τραγοσκελῆ
3107 3068 3279 3125 Πᾶνα.
3305 3067 3494 3127 Φλυα-

1936 3157 2015 3237 ρεῗ
2036 3154 2091 3216 &i
2115 3153 2231 3237 περὶ
2255 3158 2346 3213 τοῦ
2378 3152 2577 3221 Πανός·
2602 3156 2632 3212 δ
2654 3155 2771 3213 Πᾶν
2791 3151 2892 3231 γὰρ
2923 3151 3122 3233 Ἑρμοῦ
3147 3152 3237 3211 καὶ
3268 3149 3499 3224 Πηνελό-

1934 3267 2040 3316 πης
2066 3243 2227 3315 ἄλλης
2254 3242 2459 3321 γέγονε,
2487 3241 2577 3301 καὶ
2600 3238 2770 3320 ἕτερος
2796 3244 2913 3302 Πᾶν
2945 3239 3067 3305 Διὸς
3099 3239 3190 3298 καὶ
3228 3238 3488 3320 ’Υὸρεωᾳ

1937 3335 2023 3395 cf:
2053 3333 2307 3390 Eudocia
2325 3350 2387 3406 p.
2421 3331 2531 3387 323
2551 3372 2569 3402 ,
2597 3349 2720 3405 quae
2750 3330 2946 3388 eadem
2967 3348 3032 3386 ac
3053 3331 3224 3386 Duris
3254 3329 3439 3387 affert.

2666 3456 2762 3524 43.

2016 3586 2252 3656 Argum.
2285 3579 2454 3653 Idyll.
2492 3579 2729 3636 Theocr.
2760 3580 2856 3647 vl,
2882 3596 2942 3651 p.
2982 3595 3049 3633 10
3072 3575 3167 3636 ed.
3190 3576 3444 3632 Diibner.
3479 3594 3494 3630 t

1944 3672 2070 3728 Δοῧ
2088 3665 2145 3747 ρί
2155 3692 2179 3734 ς
2203 3663 2402 3746 (Οὔρις
2428 3667 2587 3741 libri)
2610 3685 2789 3744 φησιν,
2816 3662 2903 3721 διὰ
2936 3660 3029 3731 τὴν
3058 3664 3162 3719 τῶν
3183 3660 3496 3741 θρεμμάτων

1939 3752 2324 3824 πολυπλήθειαν
2353 3774 2443 3810 και
2461 3774 2553 3811 του
2518 3749 3150 3830 “γάλακτοςῖδρύσασθαι
3181 3751 3286 3826 (sc.
3322 3747 3497 3808 Πολυ-

1946 3843 2146 3925 φημον)
2173 3839 2310 3921 ἱερὸν
2335 3842 2388 3898 ἐν
2418 3836 2584 3919 Αἴτνῃ
2615 3842 2679 3918 τῇ
2720 3836 3002 3919 Γαλατεία.
3028 3836 3306 3905 Φιλόξενον
3335 3835 3388 3895 δὲ
3411 3835 3499 3895 τὸν

1952 3929 2208 4010 Κυθήριον
2239 3925 2667 4004 ἐπιδημήσαντα,
2700 3924 2791 3984 καὶ
2814 3924 2888 4002 μὴ
2917 3923 3199 4002 δυνάμενον
3229 3926 3501 3995 ἐπινοησαι

2676 4099 2766 4150 41.

2008 4210 2156 4261 Duris
2183 4208 2308 4259 libro
2328 4208 2503 4271 quarto
2525 4210 2599 4257 De
2633 4205 2782 4257 rebus
2816 4204 3088 4268 Agathoclis
3113 4204 3180 4254 ait
3210 4214 3359 4266 prope
3382 4201 3498 4264 liip-

1944 4289 2143 4353 ponium
2177 4284 2407 4350 oppidum
2441 4297 2612 4335 nemus
2643 4282 2898 4334 monstrari
2917 4282 3092 4332 eximia
3123 4278 3490 4344 pulchritudine

1944 4365 2084 4430 aquis
2103 4364 2335 4427 irriguum
2359 4380 2375 4412 ε
2408 4360 2460 4411 in
2480 4373 2635 4424 eoque
2651 4374 2753 4411 esse
2770 4361 2932 4410 iocum
2959 4357 3197 4422 quendam
3222 4356 3488 4407 Amalthea:

1946 4457 2097 4495 cornu
2121 4441 2440 4506 appellatum,
2464 4452 2496 4489 ιι
2518 4439 2699 4491 Gelone
2721 4439 3038 4488 exstructum.

2670 4539 2765 4592 42.

2007 4641 2151 4693 Duris
2176 4641 2367 4693 samius
2382 4641 2434 4692 in
2464 4640 2738 4704 Agathoclis
2763 4639 2967 4690 Historia
2996 4638 3257 4700 Penelopen
3292 4635 3361 4685 ait
3387 4648 3499 4686 cum

1944 4722 2169 4772 omnibus
2206 4721 2388 4783 (πᾶσι)
2410 4721 2568 4784 procis
2598 4732 2702 4770 rem
2732 4719 2982 4781 habuisse,
3014 4719 3160 4780 atque
3181 4714 3418 4779 peperisse
3433 4714 3502 4765 eis

1949 4804 2151 4851 Panem
2177 4797 2494 4863 ‹api-iponem
2532 4799 2593 4849 At
2612 4797 2875 4848 hariolator
2912 4795 3079 4858 Duria
3104 4807 3216 4845 nam
3254 4797 3351 4844 Pan
3378 4791 3502 4843 tilius

1945 4877 2051 4929 erat
2065 4874 2286 4928 Mercurii
2305 4876 2356 4925 et
2373 4874 2499 4926 alius
2532 4875 2802 4939 Penelopae.
2828 4874 3056 4936 Alterque
3078 4874 3150 4923 est
3178 4875 3275 4922 Pan
3297 4870 3432 4922 Jovis
3451 4875 3501 4920 et

1949 4953 2175 5006 Lasciviae
2198 4952 2340 5004 tilius.

2679 5034 2769 5086 43.

2007 5134 2155 5187 Duris
2170 5133 2288 5185 dicit
2306 5135 2505 5197 propter
2532 5145 2760 5197 pecorum
2785 5131 3145 5182 multitudinem
3175 5131 3225 5180 et
3252 5128 3389 5179 lactis
3420 5141 3496 5179 co·

1948 5206 2079 5272 piam
2098 5206 2308 5260 Galateae
2342 5205 2391 5256 in
2412 5208 2555 5257 AEtna
2577 5205 2742 5258 sanum
2757 5219 2785 5257 ι
2803 5204 3096 5270 Polyphemo
3113 5202 3354 5253 sacratum
3376 5212 3495 5251 esse.
