4016 5916
432 444 544 493 220

1800 422 2280 482 HERACLIDES

429 560 751 642 [Ἐγένοντο]
793 550 972 618 ’Ἦσαν
1018 554 1072 614 δὲ
1116 553 1205 613 καὶ
1246 552 1396 612 ἄλλοι
1433 553 1813 611 δυναστευτικοὶ
1844 549 1987 632 παρὰ
2075 562 2288 610 Fuerunt
2307 561 2470 609 autem
2493 560 2638 610 etiam
2656 559 2734 610 alii
2754 558 2882 622 apud
2911 557 3176 624 Rheginos,
3203 557 3288 621 qui
3311 558 3642 622 principatum

431 652 535 716 τοῖς
558 648 836 726 Ῥηγίνοις.

817 774 1022 838 XXVI.
1066 774 1588 834 TAPANTlNssN.

510 918 645 979 ’Ὅτε
670 917 724 975 δὲ
746 913 1146 991 Λακεδαιμόνιοι
1166 911 1478 982 Μεσσηνίοις
1498 911 1803 989 ἐπολέμουν,
1828 914 1884 970 αἱ
1899 935 1988 989 γυ-

2077 648 2125 697 ἰιι
2149 646 2392 710 republica
2409 648 2497 697 sibi
2516 646 2836 697 vindicarunt.

2408 773 2621 832 XXVI.
2667 772 2977 832 ΤΑΒΕΝΤ
2983 773 3003 830 Ι
3011 771 3303 832 NORUM.

2140 923 2517 974 Lacedaemoniis
2539 923 2665 973 bello
2683 922 2915 973 adversus
2935 922 3196 974 Messenios
3212 923 3459 988 occupatis
3471 961 3486 984 ‚
3509 912 3644 973 uxo·

431 1015 633 1079 ναῖκες,
662 1004 900 1063 ἀπόντων
935 1001 1148 1073 τούτων,
1179 1000 1369 1067 παῖδάς
1404 1023 1546 1066 τινας
1581 1000 1882 1078 ἐγέννησαν,
1907 997 1993 1065 οὓς
2079 1024 2156 1061 res
2175 1024 2344 1061 eorum
2375 1011 2554 1062 liberos
2581 1014 2875 1073 genuerunt,
2908 1023 3031 1073 quos
3061 1013 3221 1073 patres
3253 1011 3313 1060 ut
3347 1009 3648 1061 adulterinos

435 1096 487 1152 ἐν
516 1092 759 1173 ὑποψίαις
780 1082 919 1170 εἶχον
944 1093 991 1149 οἱ
1019 1087 1241 1169 πατέρες
1256 1091 1337 1157 ,ὡς
1360 1089 1454 1146 οὐκ
1487 1088 1635 1156 ὄντας
1672 1089 1864 1166 αὐτῶν,
1902 1087 1991 1146 καὶ
2078 1101 2325 1162 suspectos
2347 1097 2586 1148 habebant
2608 1099 2659 1148 et
2684 1098 2962 1148 Parthenias
2991 1097 3247 1149 vocabant.
3291 1098 3433 1157 Quod
3462 1098 3530 1148 illi
3563 1099 3641 1148 in-

435 1181 714 1262 παρθενίας
741 1178 978 1238 ἐκάλουν·
1003 1181 1050 1236 οἱ
1073 1176 1121 1236 δ’
1141 1175 1469 1255 ἠγανάκτουν
1482 1176 1540 1208 *⁴
1551 1176 1579 1207 ¹*

806 1317 1622 1380 XXV11.KOP1<1·PA10N.

521 1464 835 1542 Κορκυραῖοι
878 1457 1145 1535 Διομήδην
1186 1456 1598 1516 ἐπεκαλέσαντο·
1626 1455 1717 1515 καὶ
1750 1479 1837 1515 τον
1869 1454 1994 1535 παρ’

2079 1186 2220 1249 digne
2242 1189 2458 1239 tulerunt
2479 1188 2558 1216 *⁴*

2407 1323 2642 1384 XXVII.
2688 1323 3309 1410 CORCYRAEORUM.

2145 1471 2384 1532 Corcyraei
2421 1470 2700 1521 Diomedem
2738 1471 3060 1532 advocarunt,
3097 1470 3182 1533 qui
3217 1470 3474 1520 draconem
3512 1470 3646 1534 apud

438 1552 610 1618 αὐτοῖς
639 1549 894 1631 δράκοντα
923 1546 1235 1605 ἀπέκτεινεν·
1261 1537 1335 1613 οἷς
1356 1545 1444 1603 καὶ
1468 1544 1801 1625 συνεμάχησε
1826 1544 1995 1619 στόλῳ
2083 1563 2166 1600 eos
2200 1551 2475 1602 saevientem
2501 1551 2708 1601 necavit.
2745 1553 2934 1610 Quibus
2960 1553 3106 1601 etiam
3144 1552 3404 1603 auxiliatus
3437 1555 3510 1603 ost
3545 1565 3646 1601 non

439 1640 616 1718 πολλῷ
654 1640 725 1705 εἰς
752 1634 1027 1713 Ἰαπυγίαν
1055 1633 1214 1692 ἐλθὼν
1254 1635 1567 1709 πολεμοῦσιν
1606 1633 1734 1713 πρὸς
1774 1634 1996 1712 Βρεντε-

440 1725 604 1793 σίους·
629 1724 719 1784 καὶ
746 1726 911 1800 τιμῶν
938 1721 1140 1800 ἔτυχεν.

888 1858 1156 1921 xxvui.
1198 1856 1540 1943 ΘΡᾼΚΩΝ.

519 2005 690 2078 Γαμεῖ
736 1997 950 2067 ἕκαστος
992 2000 1126 2080 τρεῖς
1168 1998 1256 2057 καὶ
1298 1996 1584 2075 τέσσαρας,
1616 1995 1716 2055 εἰσι
1746 1994 1799 2054 δὲ
1836 1995 1886 2055 οἳ
1912 2020 2000 2055 και

438 2089 743 2170 τριάκοντα·
773 2112 862 2147 και
907 2090 977 2155 ως
1021 2085 1357 2167 Θεραπαίναις
1397 2088 1651 2164 χρῶνται.
1688 2083 1795 2144 Και
1822 2086 1880 2141 ἐκ
1907 2107 1999 2141 πε-

441 2176 669 2260 ριουσίας
710 2179 757 2235 οἱ
799 2175 992 2255 γάμοι,
1021 2174 1112 2234 καὶ
1153 2177 1214 2233 ἐκ
1253 2172 1492 2254 περιόδου
1533 2194 1757 2231 συνεισιν
1791 2174 1999 2238 αὐταῖς

439 2263 531 2324 καὶ
553 2262 695 2323 λούει
716 2262 805 2322 καὶ
839 2264 1082 2323 διακονεῖ.
1119 2262 1225 2324 Και
1254 2263 1498 2319 πλεῖσται
1527 2258 1661 2336 μετὰ
1688 2258 1782 2329 τὴν
1810 2264 1997 2338 χρῆσιν

436 2351 613 2434 χαμαὶ
644 2356 947 2428 κοιμῶνται.
982 2349 1098 2412 Κᾶν
1137 2346 1451 2430 δυσχεραίνῃ
1472 2372 1577 2419 τις,
1602 2350 1649 2406 οἱ
1677 2348 1839 2426 γονεῖς
1866 2350 2003 2405 ἀπο-

441 2440 609 2507 δόντες
649 2439 679 2499 8
716 2439 925 2512 ἔλαὸον,
963 2439 1350 2515 ἀπεκομίσαντο
1391 2437 1487 2508 τὴν
1526 2435 1814 2515 θυγατέρα·
1844 2433 2001 2511 τιμὴν

439 2527 542 2607 γὰρ
565 2526 921 2604 λαμὸοίνοντες
940 2526 1287 2585 συνάπτουσιν
1313 2523 1493 2589 αὐτάς.
1529 2523 1638 2583 Καὶ
1662 2522 2003 2589 ἀποθανόντος

440 2621 533 2673 τοῦ
562 2614 831 2696 ἀνδρος,”
793 2637 970 2695 ωσπερ
991 2615 1190 2692 τᾶλλα,
1211 2613 1346 2670 οὕτω
1372 2610 1463 2668 καὶ
1491 2610 1582 2677 τὰς
1605 2613 1853 2688 γυναῖκας
1879 2612 2001 2680 κλη-

444 2707 764 2782 ρονομοῧσιν.

940 2828 1151 2888 ΧΧΙΧ.
1196 2828 1507 2887 ΜΙΝΩΩΝ.

522 2966 740 3028 Μινώαν
769 2968 863 3036 τὴν
904 2968 955 3024 ἐν
995 2965 1213 3046 Σικελίᾳ
1261 2965 1523 3045 Μακάραν
1556 2965 1772 3024 ἐκάλουν
1817 2962 2005 3045 πρότε-

446 3078 553 3137 ρον.
582 3051 808 3113 Ἔπειτα
840 3053 1039 3123 Μίνως,
1068 3053 1271 3111 ἀκούων
1300 3052 1557 3112 Δαίδαλον
1584 3055 1837 3129 ἐνταῦθα,
1867 3051 2002 3130 μετὰ

442 3222 548 3282 Iao,
572 3219 654 3270 sed
690 3218 751 3268 de
774 3218 872 3268 tilio
898 3220 1004 3281 eJus
1032 3220 1309 3283 Leopbrone
1331 3233 1432 3270 rem
1466 3222 1630 3270 narrat
1661 3220 1921 3270 Athenaeus
1948 3222 2003 3280 l,

441 3305 494 3356 p.
510 3297 558 3352 3,
577 3297 611 3340 Α
630 3309 643 3341 =
659 3291 756 3349 Τὴν
771 3291 1025 3353 πανήγυριν
1037 3295 1195 3339 πᾶσαν
1206 3291 1414 3340 εἱστίασε
1429 3291 1661 3355 Λεώφρων
1674 3290 2001 3354 Ὀλυμπίασιν,

443 3363 666 3412 ἐπινίκιον
687 3360 944 3425 γράψαντος
964 3365 1048 3410 τοῦ
1070 3361 1210 3409 Κείου
1231 3361 1507 3423 Σιμωνίδου.
1532 3364 1591 3410 V.
1613 3360 2006 3411 Schneidewinus

442 3431 699 3483 simonidis
722 3430 908 3492 Reliqq.
941 3444 990 3492 p.
1027 3433 1085 3479 24
1121 3443 1229 3493 sqq.
1253 3458 1315 3471 —
1338 3430 1576 3495 θύγατρες]
1600 3433 1838 3495 θυγατέρες
1868 3431 2004 3492 libri,

440 3502 533 3552 nisi
556 3500 686 3564 quod
715 3501 975 3563 θυγατέρων
998 3513 1039 3550 e.
1062 3529 1125 3544 -
1146 3500 1373 3565 ἐγένοντο]
1399 3504 1481 3552 ΑΟ
1495 3514 1516 3557 ,-
1537 3516 1637 3551 om.
1662 3502 1862 3564 reliqui;
1893 3515 2005 3564 quae

442 3571 615 3621 deinde
631 3572 899 3632 sequuntur
915 3570 1038 3630 ἦσαν
1055 3571 1106 3619 δὶ
1122 3587 1172 3619 κ.
1191 3570 1240 3620 ἄ.
1269 3572 1615 3620 δυναστευτικοὶ
1633 3571 1917 3634 (δυναστικοὶ
1936 3571 2003 3634 Α)

442 3658 495 3692 π.
517 3656 563 3690 τ.
592 3644 641 3689 Ρ.
661 3639 850 3688 nonnisi
868 3640 916 3688 in
938 3643 1068 3690 ΑΟΡ
1090 3642 1141 3689 et
1160 3653 1289 3689 man.
1309 3653 1406 3690 sec.
1427 3640 1537 3703 inp.
1565 3641 1808 3703 leguntur,
1832 3640 2004 3703 reliqui

442 3710 560 3760 item
581 3708 827 3758 omittunt.
855 3711 1081 3758 Ceterum
1104 3709 1166 3758 de
1184 3710 1384 3759 victoria
1407 3711 1622 3761 Anaxilae
1640 3711 1703 3759 cs.
1731 3711 2006 3760 Aristoteles

443 3781 588 3831 libet.
612 3782 703 3839 m,
724 3785 772 3840 2,
787 3790 836 3840 p.
860 3785 967 3840 117,
984 3786 1035 3828 21
1064 3779 1205 3829 ssekk.
1232 3799 1246 3830 z
1270 3781 1327 3829 Ὀ
1350 3781 1627 3844 Σιμωνίδης,
1651 3781 1729 3830 ὅτε
1749 3782 1831 3844 μὲν
1854 3782 2005 3831 ἐδίδου

444 3851 609 3914 μισθὸν
641 3849 797 3910 ὀλίγον
822 3849 951 3912 αὐτῷ
974 3852 1001 3898 ὁ
1025 3850 1220 3907 νικήσας
1235 3857 1331 3906 τοῖς
1357 3850 1556 3913 ὀρεῦσιν,
1577 3851 1665 3900 οὐκ
1685 3852 1819 3910 ἤθελε
1835 3857 2003 3911 ποιεῖν,

443 3924 508 3977 ὥς
534 3921 846 3983 δυσχεραίνων
871 3922 936 3977 εἰς
972 3919 1191 3982 ἡμιόνους
1224 3924 1389 3968 ποιεῖν·
1425 3921 1524 3969 ἐπεὶ
1558 3919 1598 3968 δ’
1619 3921 1778 3969 ἱκανὸν
1810 3920 2002 3983 ἔδωκεν,

443 3991 652 4047 ἐποίησε·
680 3989 929 4053 Χαίρετ’,
953 3989 1331 4039 ἀελλοπόδων
1353 3989 1638 4053 θύγατρες
1659 3991 1879 4040 ἵππων·
1904 3993 2003 4040 καί·

441 4077 515 4109 τοι
536 4062 616 4109 καὶ
638 4064 734 4108 τῶν
766 4059 885 4107 ὄνων
909 4060 1151 4123 θυγατέρες
1184 4059 1322 4119 ἦσαν.
1352 4059 1425 4109 Ad
1448 4060 1552 4109 baec
1573 4059 1964 4110 sclineidewinus
1990 4081 2003 4111 ι

447 4149 472 4173 α
504 4129 730 4193 Lepidam
754 4130 1164 4179 narratiunculam
1198 4128 1263 4178 ab
1289 4129 1569 4191 Aristotele,
1587 4133 1641 4179 ut
1668 4131 1749 4190 fit,
1778 4131 1924 4180 etiam
1958 4131 2006 4181 in

442 4203 558 4262 Rep.
576 4200 899 4263 Rheginorum
927 4200 1173 4249 memoriae
1203 4199 1441 4261 proditam
1465 4200 1636 4262 tuisse,
1658 4201 1879 4251 meliores
1895 4202 2006 4252 libri

442 4270 583 4319 nobis
615 4269 927 4332 persuadent,
956 4269 1039 4332 qui
1071 4282 1133 4319 ex
1159 4270 1343 4320 laciniis
1358 4268 1538 4320 codicis
1552 4271 1798 4333 archetypi
1821 4285 1915 4321 nou
1938 4273 2004 4321 si·

442 4343 618 4390 verunt
634 4341 708 4391 vel
728 4340 929 4390 verbum
961 4342 1132 4402 perire.
1164 4342 1287 4390 Nam
1307 4339 1568 4390 deteriores
1597 4341 1751 4403 quu‘m
1777 4342 1826 4390 in
1847 4343 2004 4394 ἵππων

442 4423 564 4460 voce
588 4409 837 4471 desinunt,
873 4411 1183 4473 religiosiores
1215 4409 1293 4459 vel
1335 4408 1547 4472 ἐγίνοντο
1582 4412 1872 4473 pinxerunt,
1904 4427 2002 4475 quo

444 4482 703 4543 conspecto
720 4481 883 4530 statim
901 4481 1119 4530 divinare
1137 4480 1284 4530 subiit
1295 4516 1311 4542 ,
1337 4479 1455 4543 quid
1468 4479 1517 4529 id
1532 4482 1598 4530 rei
1615 4484 1752 4531 esset.
1770 4485 2005 4547 Namque,

443 4550 563 4598 milii
593 4548 761 4610 crede,
786 4549 945 4599 fraudi
986 4550 1077 4600 suit
1105 4549 1309 4599 librariis
1338 4549 1743 4599 homoeoteleuton
1771 4570 1784 4599 ε
1808 4551 2005 4614 scripse·

444 4622 521 4668 rat
546 4619 818 4669 Aristoteles
850 4638 864 4670 ι
901 4621 1055 4670 καίτοι
1091 4621 1171 4669 καὶ
1207 4621 1446 4683 θυγατέρες
1469 4620 1589 4669 ὄνων
1624 4621 1859 4685 ἐγένοντο,
1893 4635 2004 4684 quoe

445 4689 596 4739 verba
620 4691 814 4751 propter
843 4691 1082 4755 θυγατέρες
1108 4693 1267 4741 ἵππων
1302 4690 1475 4741 omissa
1503 4693 1631 4740 sunt.
1672 4693 1743 4740 lta
1776 4692 2004 4754 singulari

446 4759 653 4808 fortunae
674 4757 835 4808 favore
855 4760 1091 4809 sententia
1108 4762 1272 4810 nostra
1285 4759 1348 4810 de
1371 4760 1643 4810 Aristotelia
1667 4760 1811 4810 libelli
1826 4761 2005 4824 origine

446 4828 802 4878 firmamentum
831 4829 1122 4879 nanciscitur
1145 4830 1271 4880 unde
1292 4843 1388 4880 non
1410 4832 1879 4912 exspectaveram.»
1852 4831 2004 4881 »Mi-

445 4911 541 4948 nus
553 4897 792 4960 ingeniose
809 4897 892 4946 sed
910 4898 1110 4949 fortasse
1127 4901 1303 4950 rectius
1318 4890 1568 4963 suspiceris
1584 4900 1796 4961 ἐγένοντο
1813 4913 1913 4951 esse
1930 4900 2003 4950 al·

446 4969 601 5016 teram
629 4965 882 5016 lectionem
902 4968 1033 5018 vocis
1052 4971 1292 5031 sequentis
1315 4970 1454 5031 ἦσαν.

510 5039 681 5087 xxvi.
717 5039 879 5086 «Hoc
903 5041 1012 5087 loco
1042 5039 1230 5090 codices
1247 5043 1433 5102 ponunt
1453 5053 1564 5103 quae
1584 5041 1634 5089 in
1656 5040 1765 5090 edd.
1790 5041 2005 5104 legeban-

445 5108 530 5156 tur
552 5120 695 5170 supra
711 5106 762 5156 in
781 5106 876 5156 tine
899 5108 1365 5159 Lacedaemoniorum
1383 5111 1609 5161 civitatis.
1639 5114 1695 5161 in
1731 5124 1769 5175 p
1796 5111 1857 5160 ad
1876 5124 2005 5160 mar-

446 5176 604 5241 ginem
639 5177 829 5242 signum
865 5180 1047 5242 exstat,
1070 5193 1170 5243 quo
1199 5180 1513 5231 admoneatur
1544 5180 1606 5231 de
1641 5181 2006 5245 transpositione

2084 1635 2254 1698 exigua
2276 1635 2426 1685 classe
2443 1635 2715 1700 appellens
2699 1649 2750 1685 ιιι
2770 1637 3010 1699 Iapygiam
3036 1637 3206 1685 contra
3227 1636 3521 1687 Brundusios
3545 1636 3646 1687 bel·

2088 1723 2187 1772 lum
2207 1722 2503 1786 gerentibuS,
2527 1735 2626 1784 quo
2645 1721 2837 1771 nomine
2854 1722 3058 1771 honores
3078 1722 3121 1771 ei
3140 1721 3318 1772 decreti
3345 1724 3473 1773 sunt.

2527 1853 2799 1914 XXVIII.
2842 1852 3237 1913 THRACUM.

2149 1999 2361 2059 Quilibet
2394 1999 2636 2049 Thracum
2669 2002 2768 2049 tres
2804 2000 3095 2062 quattuorve
3124 2011 3302 2048 uxores
3332 1997 3551 2060 ducunt,
3585 2014 3646 2051 ac

2087 2079 2304 2129 nonnulli
2330 2078 2474 2129 etiam
2501 2078 2722 2141 triginta,
2742 2077 2916 2140 quibus
2939 2078 3170 2140 tanquam
3192 2077 3377 2127 ancillis
3416 2081 3639 2128 utuntur.

2088 2155 2277 2219 Nuptiae
2295 2156 2495 2217 (witus)
2511 2168 2574 2206 ex
2591 2154 2885 2205 abundantia
2899 2153 3039 2214 fiunt,
3049 2156 3099 2203 et
3112 2154 3279 2204 ordine
3286 2153 3494 2217 quodam
3509 2157 3650 2218 quasi

2088 2249 2173 2298 per
2186 2235 2419 2285 circulum
2439 2247 2550 2284 cum
2570 2234 2627 2284 iis
2643 2233 3033 2297 congrediuntur.
3051 2235 3110 2283 Et
3128 2246 3237 2296 quae
3252 2234 3427 2283 marito
3445 2234 3647 2296 potitur,

2090 2312 2217 2361 lavat
2246 2324 2360 2361 eum
2383 2311 2524 2374 eique
2549 2311 2801 2360 ministrat.
2829 2310 3056 2360 Plurimae
3080 2322 3247 2359 earum
3263 2345 3280 2369 ‚
3304 2312 3562 2374 postquam
3589 2312 3652 2362 iis

2088 2390 2247 2440 mariti
2270 2390 2344 2439 usi
2357 2427 2372 2452 ,
2391 2388 2528 2438 humi
2547 2388 2758 2439 dormire
2775 2391 3028 2451 coguntur.
3056 2388 3239 2448 Quodsi
3260 2402 3360 2452 qna
3379 2389 3571 2453 indigne
3596 2390 3648 2440 id

2089 2466 2235 2527 ferat,
2256 2466 2482 2528 poterunt
2502 2455 2725 2527 parentes
2751 2464 3007 2514 retundere
3028 2465 3234 2527 pretium
3264 2468 3567 2516 numeratum
3589 2478 3652 2515 ac

2088 2540 2289 2589 domum
2311 2538 2538 2588 reducere
2561 2536 2728 2587 tiliam.
2766 2537 2923 2588 Pretio
2954 2538 3082 2587 enim
3104 2542 3302 2602 accepto
3330 2538 3537 2601 jungunt
3561 2552 3645 2589 eas

2088 2613 2412 2674 matrimonio,
2429 2613 2719 2674 mortuoque
2734 2610 2840 2660 viro
2853 2648 2868 2672 ‚
2882 2614 3008 2662 sicut
3026 2625 3102 2663 res
3119 2614 3290 2663 cetera:
3303 2650 3318 2674 ,
3332 2625 3508 2663 uxores
3521 2626 3650 2675 quo-

2089 2699 2185 2749 que
2206 2685 2417 2736 defuncti
2436 2682 2715 2733 meditate
2730 2684 3063 2747 acquiruntur.

2523 2818 2740 2877 xxix.
2778 2817 3222 2879 MINOORUM.

2154 2973 2366 3022 Minoam
2404 2971 2578 3021 Siciliae
2613 2971 2782 3021 urbem
2821 2973 2957 3034 prius
2995 2973 3232 3022 Macaram
3283 2976 3647 3037 nuncuparunt.

2091 3058 2248 3109 Minos
2271 3061 2433 3108 autem
2470 3071 2624 3120 quum
2660 3057 2971 3109 intellexisset
3003 3059 3254 3109 Daedalum
3289 3060 3355 3110 ibi
3387 3074 3514 3124 esse,
3538 3074 3652 3111 cum

2095 3218 2373 3269 verborum.
2404 3221 2458 3267 ln
2485 3221 2557 3280 Cp
2579 3218 2806 3281 praecedIt
2837 3223 3198 3281 Corcyraeorum
3227 3233 3380 3281 resp,
3403 3233 3512 3282 quae
3533 3220 3584 3270 in
3613 3234 3653 3282 p

2092 3288 2275 3338 exstat
2262 3302 2311 3337 in
2330 3288 2541 3350 margine
2553 3288 2836 3338 inferiore.»
2859 3289 3286 3339 Schneidewin„-
3287 3292 3401 3339 Οτε
3418 3292 3466 3339 δὲ
3484 3294 3522 3340 Δ
3533 3291 3654 3354 .‚·]G

2092 3360 2241 3408 ὀτιΛ.
2263 3359 2354 3415 dc,·
2372 3359 2578 3408 ὄτιοὶΛ.
2567 3375 2653 3422 .9,·
2669 3359 2908 3409 ὅτιὸτεΛ
2921 3359 3108 3422 reliqui
3120 3362 3365 3421 -αῑγυν,
3376 3359 3650 3423 Jcorayusg

2091 3445 2193 3491 γυν.
2218 3427 2381 3478 codd:
2348 3462 2383 3489 ·,
2399 3442 2511 3478 mox
2529 3432 2593 3485 ὡς
2611 3443 2710 3479 οιιι.
2736 3427 3116 3492 0.-παρθενὶοις]
3140 3432 3314 3492 Coray.
3335 3431 3563 3493 παρθὲνας
3579 3435 3618 3480 Δ
3632 3467 3654 3492 ,

2091 3500 2339 3562 παρθένους
2366 3502 2429 3560 G,
2448 3500 2715 3562 παρθενίους
2730 3498 2923 3562 reliqui,
2939 3502 2993 3549 ut
3012 3499 3218 3548 videtur.
3236 3525 3297 3540 ν·-
3311 3503 3530 3550 Mancam
3544 3513 3650 3549 nar·

2093 3572 2326 3619 rationem
2342 3573 2399 3618 ex
2431 3570 2621 3630 Ephoro
2638 3582 2717 3632 ap.
2734 3569 2955 3618 strabon.
2978 3572 3042 3618 vl
3059 3606 3073 3628 ‚
3094 3582 3143 3632 p.
3162 3574 3252 3619 280
3275 3569 3474 3632 aliisque
3488 3571 3652 3621 multis

2095 3638 2232 3688 facile
2247 3640 2465 3701 supplere
2481 3639 2611 3689 licet.
2644 3639 2719 3689 cr.
2746 3639 3027 3689 Loreutzius
3047 3641 3116 3689 De
3139 3640 3258 3703 orig.
3288 3642 3406 3689 vett.
3436 3641 3652 3691 Tarenti·

2094 3721 2285 3771 norum.
2307 3707 2515 3759 Berolin.
2541 3714 2675 3760 ¹8³7.

2157 3781 2350 3828 xxvll.
2386 3782 2726 3839 Fragmentum
2749 3779 2843 3828 hoc
2861 3778 3033 3841 legitur
3057 3779 3107 3828 in
3131 3781 3172 3829 A
3195 3780 3233 3830 G
3258 3782 3298 3829 Ρ
3318 3782 3368 3829 et
3391 3792 3540 3842 marg.
3565 3793 3605 3842 p
3624 3799 3648 3841 3

2095 3847 2264 3911 reliqui
2283 3849 2531 3897 omittunt.
2551 3874 2613 3884 —
2632 3847 2922 3912 πολεμοῦσι]
2945 3852 3045 3910 ΑΟ,
3066 3851 3355 3912 πολεμοῦσαν
3376 3851 3469 3910 Pp
3492 3862 3527 3897 a
3547 3849 3579 3898 ὁ
3595 3854 3652 3899 et

2095 3917 2292 3980 reliq‘ui,
2332 3921 2386 3967 ut
2420 3917 2627 3968 videtur.
2647 3948 2707 3959 —-
2731 3918 3056 3982 Βρεντεσίους]
3086 3921 3132 3969 Ρ
3157 3932 3219 3982 ρ,
3244 3917 3535 3980 βρεντησίους
3569 3924 3609 3970 Α
3628 3956 3648 3982 ,

2095 3989 2401 4053 βερτεισίους,
2427 4001 2551 4038 corr.
2589 3987 2893 4053 βρεντεισίους
2933 3991 2990 4038 0.
3022 4013 3087 4025 —-
3112 3992 3302 4040 Taetzes
3318 3987 3380 4036 ad
3402 3991 3517 4051 1050.
3547 3994 3648 4040 sis

2094 4073 2157 4108 ex
2179 4058 2362 4108 Timaeo
2379 4061 2429 4108 et
2452 4062 2582 4122 Lyco
2596 4061 2758 4108 narrat
2779 4078 2793 4108 ε
2813 4059 3100 4122 Παρεγὲνετο
3120 4058 3414 4122 (Διομήδης)
3441 4060 3504 4116 εἰς
3521 4058 3646 4109 Ἰτα-

2095 4128 2195 4176 λίαν
2212 4140 2226 4154 ·
2247 4130 2393 4188 εὑρὼν
2415 4130 2463 4177 δὲ
2488 4133 2742 4188 τηνικαῦτα
2765 4130 2847 4179 τὸν
2871 4130 3104 4192 Κολχικὸν
3125 4130 3351 4192 δράκοντα
3375 4130 3655 4194 λυμαινόμε-

2093 4215 2172 4247 νον
2193 4199 2279 4257 τὴν
2305 4199 2544 4248 Φαιακίδα
2564 4200 2751 4248 ἔκτεινε.
2789 4201 3045 4261 Propterea
3065 4212 3190 4262 quos
3218 4198 3345 4263 apud
3368 4201 3582 4250 Daunius
3598 4202 3652 4250 in

2097 4269 2231 4318 ltalia
2250 4269 2453 4319 honores
2469 4269 2756 4332 obtinuerit,
2774 4268 2885 4319 vide
2900 4268 3093 4319 ibidem.
3112 4272 3167 4319 ln
3187 4268 3260 4319 llis
3278 4269 3422 4331 igitur
3440 4271 3651 4320 Daunio-

2095 4353 2203 4388 rum
2240 4339 2367 4401 regio
2395 4340 2606 4389 thacis
2643 4339 2927 4404 appellatur,
2949 4339 3079 4402 quod
3100 4351 3190 4389 cur
3218 4344 3407 4389 Taetzae
3436 4353 3655 4391 errorem

2092 4422 2194 4459 esse
2215 4409 2333 4459 nibil
2355 4412 2429 4460 est
2449 4423 2537 4459 cur
2553 4413 2795 4473 putemus.
2821 4413 2893 4460 De
2910 4409 3244 4472 Argonauticis
3262 4410 3438 4459 fabulis
3458 4409 3507 4458 in
3531 4413 3654 4460 Cor·

2092 4493 2254 4542 cyram
2273 4481 2365 4530 ins.
2389 4480 2634 4531 translatis
2647 4494 2697 4530 v.
2737 4484 2799 4532 G.
2825 4481 3014 4531 Mulier.
3037 4482 3110 4529 De
3129 4483 3324 4542 Corcyr.
3355 4494 3455 4542 rep.
3485 4493 3532 4542 p.
3567 4485 3645 4531 57.

2092 4553 2163 4599 De
2198 4552 2565 4613 corcyraeorum
2595 4551 2764 4601 eontra
2795 4548 3128 4601 Brundusinos
3157 4547 3285 4598 bello
3315 4548 3508 4599 aliunde
3549 4563 3654 4600 non

2092 4622 2296 4670 constat.
2326 4622 2485 4684 Vulgo
2509 4622 2708 4671 Dauniis
2741 4620 3004 4684 opitulatus
3029 4631 3134 4669 esse
3160 4619 3417 4669 Diomedes
3439 4619 3614 4670 dicitur
3631 4639 3652 4682 ;

2091 4690 2266 4740 borum
2293 4691 2409 4741 socii
2447 4692 2628 4742 fuerint
2658 4690 2925 4754 Corcyraei,
2953 4689 2994 4741 si
3028 4701 3173 4740 sanus
3196 4692 3359 4740 noster
3389 4689 3528 4739 locus
3558 4694 3649 4741 est.

2093 4763 2148 4809 ln
2168 4760 2443 4810 universum
2461 4761 2522 4811 de
2540 4760 2781 4811 Diomedis
2799 4760 2969 4811 sabulis
2980 4758 3126 4808 variis
3142 4772 3190 4809 v.
3212 4760 3436 4810 Clausen.
3455 4762 3650 4811 AEneas

2092 4843 2146 4879 α.
2180 4830 2264 4879 die
2287 4834 2518 4881 Penaten
2547 4834 2624 4893 11,
2645 4845 2694 4894 p.
2724 4835 2838 4881 1188
2860 4844 2967 4894 sqq.

2153 4902 2371 4950 xxvnl.
2404 4900 2526 4950 Cod.
2556 4903 2610 4951 G.
2642 4900 2802 4963 iungit
2847 4901 2951 4950 lioec
2989 4898 3383 4949 antecedentibus
3418 4917 3432 4949 ε
3465 4899 3650 4964 ἔτυχεν.

2094 4973 2292 5035 Θρᾳκῶν
2309 4978 2449 5033 γαμεῖ
2466 4972 2660 5029 ἕκαστος
2687 4974 2787 5021 κτλ.
2813 4974 2883 5021 De
2910 4971 3177 5033 polygamia
3201 4970 3448 5020 Thracum
3472 4983 3520 5019 v.
3551 4974 3648 5021 Me·

2094 5042 2274 5090 nander
2286 5054 2362 5104 ap.
2386 5041 2672 5103 Strabon.p.
2693 5045 2783 5092 297
2818 5040 3052 5102 (Meinek.
3077 5043 3131 5090 P.
3162 5043 3304 5089 com.
3337 5043 3431 5104 lv,
3450 5053 3501 5103 p.
3530 5044 3654 5104 282)

2094 5113 2142 5161 et
2163 5109 2432 5160 Herodotus
2454 5114 2525 5172 V,
2552 5115 2581 5160 5
2604 5111 2767 5173 ibique
2784 5111 3079 5172 interpretes.

2156 5183 2331 5232 xxix.
2363 5181 2577 5230 Titulum
2595 5185 2769 5244 praeter
2785 5182 2822 5231 Δ
2840 5193 2942 5231 οιιι.
2962 5180 3105 5243 abeo.
3117 5179 3439 5245 -Μακάραν]
3454 5180 3656 5231 tortasse
