4016 5916
1652 364 2146 426 FRAGMENTA.
3384 377 3493 428 483

309 509 530 564 minatis
558 506 912 572 auctoribus»,
945 502 1141 558 Suidas
1166 519 1211 558 s.
1245 521 1302 557 v.
1339 510 1395 553 et
1435 496 1645 554 Anecd.
1680 496 1862 552 Bach-

1957 493 2113 553 ναίων
2136 493 2223 553 καὶ
2258 501 2344 553 τοῦ
2380 493 2688 574 Περικλέους
2716 499 3039 574 κατηγορῶν,
3066 495 3128 566 ἢν
3153 495 3267 554 οὔτε
3299 497 3514 556 Θουκυ-

311 616 503 653 mann.
537 598 583 663 1,
613 614 667 668 p.
711 592 816 648 153
839 635 853 660 ,
884 610 936 661 7.
972 593 1055 646 De
1085 589 1309 662 Aspasia
1336 586 1505 642 Samii
1535 586 1669 640 belli
1697 601 1862 640 causa
1960 580 2100 654 δίδης
2136 582 2428 663 ἱστόρηκεν,
2469 580 2575 641 οὔτ’
2604 581 2865 664 Ἔφορος,
2896 582 3000 641 οὔτ’
3030 582 3383 662 Ἀριστοτέλης
3409 584 3510 665 (fr.

311 704 369 742 v.
399 682 674 738 Plutarch.
706 680 902 736 Pericl.
941 697 991 735 c.
1027 675 1116 731 25.
1148 679 1232 731 De
1278 684 1598 730 commento
1627 672 1735 726 hoc
1769 689 1866 726 co-

312 772 590 825 micorum
620 767 759 822 nihil
783 765 934 839 apud
962 762 1348 836 Thucydidem
1365 803 1381 830 ‚
1409 760 1546 814 nihil
1567 758 1718 833 apud
1739 758 1870 813 Dio·

313 859 543 914 dorum.
845 871 852 878 ·

1050 943 1144 1018 59.

399 1073 627 1130 Photius
653 1072 787 1127 Lex.
821 1087 880 1125 V.
921 1063 1138 1141 Σαμίων
1166 1067 1194 1122 ὃ
1224 1062 1385 1139 δῆμός
1420 1064 1555 1120 ἐστιν
1593 1063 1662 1127 ὡς
1707 1060 1874 1119 πολυ-

316 1159 623 1239 γράμματος
653 1155 873 1235 (versus
899 1173 966 1210 ex
996 1153 1282 1227 Aristoph.
1324 1151 1644 1225 Babyloniis
1684 1150 1752 1205 fr.
1803 1149 1873 1214 43

321 1250 409 1305 ed.
439 1247 628 1303 Didot.
651 1245 668 1319 )
692 1286 707 1312 ,
729 1254 1026 1326 postquaqn
1052 1242 1124 1296 de
1146 1243 1363 1296 ratione
1382 1281 1397 1307 ‚
1431 1258 1539 1312 qua
1567 1256 1680 1292 vox
1707 1236 1875 1292 πολυ-

322 1427 394 1481 sr.
433 1421 578 1494 181)
616 1430 671 1474 et
709 1417 1099 1497 Andronis(in
1127 1416 1409 1489 Tripodc,
1449 1414 1518 1470 fr.
1550 1414 1625 1490 7)
1671 1423 1881 1467 senten·

323 1515 423 1568 tias
465 1509 758 1576 attulerat,
799 1507 983 1580 pergit
1019 1507 1094 1560 ita
1127 1524 1142 1560 t
1173 1505 1242 1561 Οἳ
1275 1499 1328 1558 δὲ
1369 1499 1448 1558 ὄτι
1486 1500 1743 1569 Ἀθηναῖοι
1782 1496 1875 1573 μὲν

317 1595 434 1662 τοὺς
479 1592 773 1673 ληφθέντας
818 1592 869 1647 ἐν
912 1587 1126 1671 πολέμῳ
1164 1587 1395 1665 Σαμίους
1435 1586 1630 1656 ἔστιζον
1667 1585 1883 1663 γλαυκὶ,

326 1684 521 1758 Σάμιοι
550 1680 604 1738 δὲ
630 1681 644 1760 (
665 1700 743 1740 sc.
775 1677 892 1744 τοὺς
919 1676 1205 1756 ληφθέντας
1235 1680 1285 1734 ἐν
1312 1675 1525 1756 πολέμῳ
1552 1671 1881 1747 Ἀθηναίους)

325 1769 587 1849 σαμαίνῃ·
633 1768 664 1826 ὅ
711 1768 823 1825 ἐστι
856 1769 1036 1824 πλοῖον
1078 1764 1326 1846 δίκροτον,
1367 1763 1467 1821 ὑπὸ
1520 1760 1881 1841 Πολυκράτους

324 1863 527 1938 πρῶτον
557 1853 974 1915 κατασκευασθὲν
1002 1858 1090 1911 τοῦ
1121 1852 1339 1923 Σαμίων
1368 1851 1646 1932 τυράννου,
1672 1853 1742 1916 ὥς
1773 1853 1875 1908 Au·

323 1945 548 2024 σίμαχος
571 1946 621 2001 ἐν
652 1940 875 2022 δευτέρῳ
905 1938 1139 2000 Νόστων.
1168 1940 1247 2000 Τὸ
1275 1936 1330 1996 δὲ
1365 1937 1585 2011 πλάσμα
1625 1933 1885 2014 Δούριδος.

410 2033 604 2109 Σάμιοι
635 2028 690 2087 δὲ
715 2030 798 2105 σ.]
823 2031 950 2084 libri
982 2029 1049 2088 Σ.
1082 2030 1147 2103 τῇ
1177 2048 1229 2087 σ.
1261 2027 1472 2083 Eadem
1508 2024 1704 2081 Suidas
1735 2042 1780 2080 s,
1825 2024 1882 2078 h.

329 2141 384 2181 v.
416 2132 470 2176 et
498 2120 754 2194 Apostol.
789 2116 959 2174 Prov.
996 2118 1181 2186 XVII,
1215 2117 1310 2172 25.
1344 2115 1556 2172 Γλαῦκα
1585 2112 1777 2168 Samiis
1808 2129 1890 2165 ca.

329 2210 740 2284 ptivisinustam
759 2207 921 2262 etiam
942 2207 1190 2261 AElianus
1207 2208 1274 2261 V.
1293 2206 1363 2259 H.
1384 2204 1460 2270 11,
1484 2220 1521 2275 9
1546 2201 1709 2269 dicit3
1728 2199 1893 2253 aliter

340 2298 660 2352 Plutarchus
680 2295 882 2350 Pericl.
908 2313 984 2367 29
1007 2311 1020 2349 t
1043 2294 1089 2348 oi
1110 2290 1164 2348 δὲ
1186 2289 1379 2365 Σάμιοι
1399 2285 1512 2353 τοὺς
1528 2282 1892 2364 αἰχμαλώτους

339 2385 435 2440 τῶν
464 2380 742 2453 Ἀθηναίων
787 2377 1171 2453 ἀνθυὸρίζοντες
1209 2376 1405 2444 ἔστιζον
1445 2376 1515 2441 εἰς
1550 2373 1608 2431 τὸ
1652 2372 1890 2449 μέτωπον

343 2470 563 2548 γλαῦκας
578 2491 591 2505 ·
615 2467 703 2526 καὶ
724 2465 825 2546 γὰρ
849 2465 1068 2533 ἐκείνους
1091 2469 1136 2523 οἱ
1161 2465 1418 2536 Ἀθηναῖοι
1438 2462 1718 2539 σάμαιναν.
1744 2462 1890 2517 Prae·

336 2571 552 2633 postere
570 2600 587 2632 ,
617 2558 729 2612 sive
755 2558 997 2610 auctoris
1019 2557 1132 2610 sive
1150 2555 1461 2608 scribarum
1485 2553 1554 2606 sit
1573 2551 1775 2623 lapsus·
1799 2551 1885 2603 De

336 2644 592 2720 σαμαίνης
609 2644 786 2699 forma
806 2653 861 2698 et
882 2663 984 2698 usu
1001 2645 1163 2716 plura
1173 2640 1453 2696 Plutarch.
1476 2640 1514 2692 l.
1530 2640 1565 2694 l.
1593 2656 1660 2692 ex
1675 2635 1893 2692 Duride

337 2743 399 2788 ut
435 2733 671 2788 videtur.
714 2730 793 2788 Cf.
839 2731 1078 2804 Hesych.
1118 2747 1173 2782 ν.
1224 2727 1370 2801 Σαμ.
1415 2724 1610 2800 δῆμος,
1646 2734 1701 2779 ct
1748 2742 1891 2797 quos

341 2822 657 2876 Hulleman.
682 2818 889 2889 laudat,
907 2817 1134 2873 Ruhnk.
1156 2817 1213 2870 in
1228 2816 1433 2888 OpuSC.
1455 2824 1593 2870 tom.
1617 2814 1738 2885 1‚p.
1762 2811 1893 2882 433,

342 2906 590 2964 Panofka
635 2907 778 2965 Reb.
825 2908 974 2964 Sam.
1031 2923 1090 2979 p.
1147 2902 1212 2958 15
1231 2943 1247 2976 ,
1302 2903 1407 2977 69;
1451 2900 1619 2957 Naeke
1658 2898 1888 2956 Chceril.

338 3014 398 3069 p.
437 2994 540 3050 155
571 3014 691 3068 sqq.
717 3027 785 3038 —
822 3018 844 3041 α
868 2992 946 3051 Τὸ
966 2990 1020 3048 δὲ
1043 2988 1266 3065 πλάσμα
1289 2987 1560 3064 Δούριδος,
1578 2988 1636 3043 h.
1663 3005 1715 3044 e.
1745 2986 1893 3063 ἔσχε·

341 3078 547 3138 δίασται
567 3083 716 3137 τοῦτο
743 3077 972 3155 Δούριδι.
996 3080 1136 3134 Nam
1159 3077 1380 3151 Bergkii
1411 3076 1730 3147 conjectura
1757 3072 1815 3129 τὸ
1843 3070 1895 3130 δὲ

343 3167 584 3241 κόλασμα
625 3172 686 3225 Δ.
731 3185 844 3238 quo
881 3166 1060 3221 valeat
1109 3167 1335 3240 ignore.
1384 3189 1406 3210 υ
1450 3162 1780 3234 Bernhardy·
1821 3162 1893 3216 ad

345 3256 503 3315 Suid.
551 3256 587 3312 l.
617 3257 658 3311 l.
686 3257 773 3310 De
809 3254 1024 3310 Duride
1058 3264 1295 3327 tyranno
1326 3252 1655 3326 cogitaverit
1689 3250 1893 3323 Bergk.

347 3344 604 3399 Ceterum
631 3341 904 3399 Dur-idem
935 3341 1181 3397 laudasse
1204 3340 1429 3395 videtur
1455 3337 1829 3411 Lysimachus,

1077 3456 1171 3512 60.

433 3573 710 3628 Plutarch.
742 3574 941 3633 Pericl.
964 3592 1013 3629 c.
1045 3573 1117 3629 28
1147 3593 1161 3627 ε
1189 3569 1395 3649 Ἐνάτῳ
1423 3569 1477 3628 δὲ
1510 3568 1632 3645 μηνὶ
1655 3572 1756 3627 τῶν
1783 3572 1896 3630 Σα-

352 3649 487 3727 μίων
517 3649 893 3727 παραστάντων
923 3653 951 3707 ὁ
989 3651 1248 3728 Περικλῆς
1277 3650 1343 3707 τὰ
1371 3650 1520 3727 τείχη
1550 3650 1784 3725 καθεῖλε,
1814 3649 1902 3707 καὶ

347 3736 443 3802 τὰς
463 3740 586 3801 ναῦς
607 3735 871 3813 παρελαὸε
892 3735 980 3793 καὶ
998 3735 1237 3815 χρήμασι
1255 3738 1463 3802 πολλοῖς
1488 3735 1771 3811 ἐζημίωσεν
1790 3759 1802 3773 ·
1832 3728 1902 3793 ὧν

350 3822 416 3881 τὰ
445 3822 540 3896 μὲν
570 3823 713 3888 εὐθὺς
740 3823 960 3901 ἤνεγκαν
987 3827 1032 3882 οἱ
1063 3823 1279 3900 Σάμιοι,
1310 3824 1374 3882 τὰ
1404 3826 1448 3882 δ’
1480 3828 1531 3882 ἐν
1563 3824 1735 3904 χρόνῳ
1763 3827 1904 3903 ῥητῷ

353 3909 631 3987 ταξάμενοι
658 3910 939 3982 κατοίσειν,
971 3910 1194 3991 ὁμήρους
1216 3910 1436 3970 ἔδωκαν.
1460 3917 1643 3989 Δοῦρις
1672 3912 1718 3969 δ’
1740 3915 1767 3968 ὁ
1790 3911 1899 3970 Σά-

355 4021 466 4069 μιος
494 3995 686 4064 τούτοις
719 3998 1083 4076 ἐπιτραγῳδεῖ,
1113 3996 1312 4069 πολλὴν
1345 4000 1592 4075 ὠμότητα
1620 4000 1721 4055 τῶν
1761 3998 1904 4069 Ἀθη-

1085 4173 1174 4224 59.

422 4258 821 4310 Aliisamiorum
859 4260 1111 4324 populum
1151 4261 1579 4311 multiliteralum
1613 4259 1705 4308 diei
1742 4264 1910 4322 putant

360 4350 418 4384 eo
432 4370 445 4393 ,
461 4335 587 4396 quod
610 4335 918 4386 Athenienses
931 4337 1115 4387 Samios
1132 4337 1257 4386 bello
1290 4338 1453 4400 captos
1470 4338 1601 4400 signo
1623 4339 1815 4388 noctuoe
1834 4352 1913 4386 no·

363 4412 535 4473 tarint,
572 4412 715 4462 Samii
743 4426 854 4463 vero
879 4414 1187 4464 Athenienses
1227 4416 1461 4463 Samaena.
1507 4417 1590 4464 Est
1627 4417 1788 4464 autem
1825 4420 1911 4465 Sa·

363 4500 518 4537 moena
553 4489 792 4551 navigium
835 4491 1015 4540 bireme
1046 4503 1074 4540 a
1117 4491 1367 4552 Polycrate
1401 4491 1668 4541 Samiorum
1707 4495 1913 4553 tyranno

363 4565 570 4627 primum
592 4566 902 4629 fabricatum,
929 4569 982 4616 ut
1001 4568 1068 4616 ait
1101 4566 1408 4630 Lysimachus
1429 4568 1550 4616 libro
1584 4567 1793 4618 secundo
1823 4572 1912 4620 No·

359 4645 561 4691 storum.
591 4645 729 4701 Quod
767 4645 960 4707 quidem
989 4647 1315 4694 commentum
1335 4645 1406 4694 est
1427 4645 1634 4695 Duridis.

426 4810 562 4857 Nono
582 4822 770 4870 mense,
800 4810 968 4858 Samiis
995 4809 1283 4858 deditionem
1304 4809 1583 4861 facientibus
1600 4847 1613 4870 ‚
1643 4824 1805 4861 muros
1829 4810 1915 4860 de-

365 4885 475 4946 jecit
515 4886 753 4947 Periclea,
798 4899 945 4936 naves
988 4886 1192 4948 ademit,
1239 4900 1557 4950 magnamque
1597 4888 1918 4952 pecuniariam

369 4963 599 5012 mulctam
632 4964 698 5013 eis
721 4964 971 5026 imperavit
998 4985 1010 5013 ι
1037 4978 1240 5027 quarum
1269 4968 1454 5028 partem
1479 4967 1641 5017 statim
1680 4967 1918 5030 depende-

371 5042 509 5101 runt,
535 5041 775 5104 reliquum
799 5042 1125 5103 persoluturos
1144 5044 1268 5092 intra
1290 5045 1474 5094 certum
1497 5048 1686 5110 tempus
1703 5046 1919 5109 polliciti,

371 5116 554 5167 obsides
573 5117 825 5168 dederunt.
863 5118 950 5167 Hic
981 5121 1121 5168 Duris
1140 5121 1325 5169 Samius
1338 5135 1412 5169 res
1435 5123 1614 5185 tragico
1630 5136 1763 5172 more
1781 5136 1923 5185 exag-

371 5196 531 5257 gerat,
555 5208 835 5259 magna-que
862 5195 1088 5247 Periclem
1121 5200 1169 5248 et
1200 5197 1504 5250 Athenienses
1532 5199 1825 5251 crudelitatis
1852 5200 1919 5250 in·

1912 993 1921 1090 Ι
1963 1017 2192 1098 κεφαλὰς
2232 1018 2624 1100 συγκόψαντας,

1917 1251 1924 1318 ἶ
1999 1286 2034 1301 .-

328 1334 635 1413 γράμματος
670 1329 1029 1404 intelligenda
1067 1331 1167 1398 sit,
1195 1328 1503 1383 Aristotelis
1535 1325 1721 1404 (Sam.
1753 1343 1875 1398 rep.
1918 1321 1926 1426 Ι,
1972 1371 2215 1452 πατρίδος
2245 1372 2512 1453 συμφορὰς
2542 1371 2627 1431 ἐπὶ
2651 1369 2869 1441 &agon
2900 1376 2999 1430 τῶν
3024 1370 3326 1445 Ἀθηναίων.

1960 668 2068 743 67)
2091 687 2105 701 ·
2133 671 2246 727 ἀλλ’
2270 670 2373 729 οὐδ’
2397 670 2661 741 ἀληθεύειν
2692 668 2878 745 ἔοικεν,
2906 673 2974 735 ὡς
3006 669 3106 750 ἀρα
3129 670 3244 738 τοὺς
3268 670 3515 752 τριηράρ·

1957 778 2081 834 χους
2109 756 2197 814 καὶ
2220 755 2334 823 τοὺς
2366 755 2614 821 ἑπιὸάτας
2643 760 2743 815 τῶν
2774 756 2992 833 Σαμίων
3018 759 3088 825 εἷς
3119 757 3211 830 τὴν
3244 760 3516 830 Μιλησίων

1962 842 2154 923 ἀγορὰν
2176 842 2403 920 ἀγαγὼν,
2429 842 2517 902 καὶ
2546 843 2719 903 σανίσι
2737 843 3036 923 προσδήσας
3056 847 3131 923 ἐφ’
3154 844 3351 923 ἡμέρας
3370 845 3520 921 δέκα,

1961 935 2135 996 κακῶς
2163 932 2263 1003 ἤδη
2287 928 2635 1008 διακειμένους
2660 953 2702 988 π
2798 929 2970 998 ε’ταξεν
2996 932 3214 1006 ἀνελεῖν,
3241 930 3405 998 ξύλοις
3430 932 3523 996 τὰς

2667 952 2797 1077 εἷίἰισ
2821 1018 3103 1096 προὸαλεῖν
3150 1018 3411 1088 ἀκήδευτα
3453 1018 3523 1077 τὰ

2295 1112 2477 1188 Δοῦρις
2505 1108 2598 1184 μὲν
2622 1099 2708 1166 οὖν
2733 1106 2842 1166 οὐδ’
2861 1106 3002 1166 ὅτι-ου’
3021 1105 3182 1184 μηδὲν
3202 1110 3343 1187 αὐτῷ
3362 1105 3525 1187 πρόσ·

1967 1218 2104 1254 εστιν
2141 1194 2268 1255 ἴδιον
2308 1196 2497 1266 πάθος,
2545 1195 2734 1272 εἰωθὼς
2767 1197 2973 1273 κρατεῖν
3028 1194 3122 1266 τὴν
3166 1195 3404 1273 διήγησιν
3442 1193 3526 1254 ἐπὶ

1967 1106 2211 1184 σώματα.

1969 1307 2059 1353 της
2086 1282 2358 1356 ἀληθείας,
2379 1286 2578 1360 μᾶλλον
2607 1281 2769 1340 ἔοικεν
2802 1284 3021 1340 ἐνταῦθα
3041 1284 3281 1341 δεινῶσαι
3320 1284 3412 1349 τὰς
3436 1287 3528 1354 τῆς

2473 1503 2570 1562 61.
2619 1501 2747 1576 (Ol.
2780 1495 2890 1576 91{
2925 1504 3013 1577 a.)

2055 1647 2167 1703 Cic.
2202 1645 2347 1717 Epp.
2379 1643 2453 1698 ad
2490 1647 2605 1699 Att.
2646 1645 2739 1713 VI,
2791 1661 2840 1711 1,
2877 1641 2944 1697 18
2979 1660 2993 1700 2
3040 1644 3178 1713 Quis
3200 1661 3309 1698 non
3345 1645 3522 1712 dixit,

1925 1799 1930 1816 γ
1980 1726 2207 1788 Εὔπολιν
2232 1727 2319 1786 τὸν
2351 1730 2442 1798 τῆς
2486 1725 2708 1804 ἀρχαίας
2728 1772 2744 1800 ‚
2777 1729 2851 1784 ab
2877 1729 3207 1804 Alcibiade&
3240 1736 3537 1805 navigante

1925 1843 1930 1852 ·
1977 1826 2035 1874 e'n
2075 1820 2357 1885 Siciliam,
2415 1818 2685 1887 dejectum
2728 1836 2844 1870 esse
2886 1823 2944 1871 in
2990 1819 3185 1872 mare?
3235 1820 3541 1891 Redarguit

1978 1904 2364 1962 Eratosthenes
2389 1905 2404 1974 (
2414 1922 2473 1977 p.
2502 1922 2613 1977 229
2630 1902 2721 1957 ed.
2752 1902 3101 1978 Bernhardy)
3126 1923 3139 1958 ε
3166 1902 3347 1975 affert
3364 1911 3526 1972 enim,

1926 2001 1933 2038 ι
1976 2015 2116 2068 quas
2160 1996 2255 2049 ille
2284 2004 2415 2067 pose
2451 1992 2515 2046 id
2539 2004 2752 2065 tempus
2772 1989 3019 2061 fabulas
3044 1995 3305 2051 docuerit.
3388 1995 3537 2049 Num

1979 2083 2183 2136 idcirco
2214 2083 2386 2135 Duris
2418 2079 2632 2134 Samius
2650 2119 2665 2147 ‚
2701 2078 2858 2132 Immo
2898 2084 2955 2132 in
2992 2080 3225 2134 historia
3263 2081 3526 2151 diligens,

1977 2169 2127 2243 quod
2145 2187 2264 2221 cum
2299 2168 2485 2221 multis
2507 2172 2732 2234 erravit,
2779 2167 3075 2220 irricletew?

2058 2255 2138 2312 Cf.
2162 2255 2357 2313 Schol.
2391 2253 2618 2311 Aristid.
2649 2272 2742 2327 ap.
2777 2255 3111 2310 Creuzerum
3137 2252 3209 2308 ad
3230 2253 3430 2307 Plotin.
3456 2255 3543 2309 De

1977 2344 2202 2418 pulchr.
2232 2362 2289 2416 p.
2322 2341 2433 2407 465
2472 2360 2487 2397 ε
2536 2338 2788 2416 Λέγουσιν
2828 2336 2905 2396 ὅτι
2941 2337 3253 2417 ἐκωμῴδουν
3290 2336 3541 2412 ὀνομαστὶ

1978 2426 2096 2493 τοὺς
2124 2427 2312 2507 ἄνδρας
2340 2425 2522 2506 μέχρις
2552 2426 2855 2491 Εὐπόλιδος.
2890 2427 3130 2505 Περιεῖλε
3158 2423 3213 2482 δὲ
3246 2429 3397 2483 τοῦτο
3426 2423 3541 2483 Ἀλ-

1977 2512 2218 2585 κιὸιάδης
2236 2516 2263 2571 ὃ
2284 2511 2569 2591 στρατηγὸς
2586 2513 2674 2571 καὶ
2695 2511 2867 2592 ῥήτωρ
2881 2535 2894 2547 ·
2912 2513 3247 2591 κωμῳδηθεὶς
3265 2510 3367 2590 γὰρ
3389 2510 3538 2589 παρὰ

1983 2600 2296 2672 Εὐπόλιδος,
2328 2601 2532 2680 ἔρριψεν
2561 2601 2713 2658 αὐτὸν
2754 2603 2804 2658 ἐν
2850 2603 2915 2679 τῇ
2955 2600 3186 2679 θαλάττῃ
3226 2601 3279 2658 ἐν
3325 2598 3543 2678 Σικελία

1981 2688 2472 2769 συστρατευόμενον,
2497 2686 2655 2746 εἰπών
2674 2710 2688 2724 ·

2045 2819 2224 2877 Βάπτες
2248 2819 2295 2882 μ’
2316 2820 2364 2868 ἐν
2383 2820 2645 2883 θυμέλῃσιν·
2666 2820 2759 2880 ἐγὼ
2779 2819 2829 2867 δέ
2847 2835 2902 2867 σε
2923 2818 3096 2882 κύμαρι
3122 2817 3295 2867 πόντου

2115 2899 2348 2964 βαπτίζων
2367 2898 2517 2948 ὀλέσω
2542 2897 2718 2963 νάμασι
2737 2896 3050 2961 πικροτάτοις.

1987 3026 2232 3083 Cramer.
2260 3024 2477 3082 Anecd.
2511 3024 2615 3080 Ox.
2637 3025 2693 3092 1,
2720 3042 2784 3097 p.
2815 3043 2871 3094 7,
2909 3043 2970 3078 11
3002 3042 3016 3077 ε
3049 3023 3119 3081 Οἱ
3148 3020 3200 3079 δὲ
3226 3026 3548 3102 στρατιῶται

1989 3106 2449 3186 συλλαμὸάνοντες
2469 3106 2646 3181 αὐτὸν,
2671 3110 2740 3173 ὡς
2773 3107 2867 3184 μέν
2901 3131 3031 3173 τινες
3063 3108 3239 3186 φασὶν,
3276 3111 3545 3175 παντελῶς

1988 3196 2273 3264 ἀπέπνιξαν
2310 3199 2380 3262 εἷς
2416 3197 2509 3266 τὴν
2540 3193 2833 3254 θάλασσαν·
2872 3198 2942 3260 ὡς
2970 3196 3023 3253 δὲ
3059 3195 3247 3273 ἄλλοι,
3281 3196 3549 3273 δεδεμένον

1988 3284 2141 3342 αὐτὸν
2167 3280 2359 3365 σχοίνῳ
2387 3288 2576 3359 ἀνῆγον
2605 3285 2674 3348 εἷς
2708 3282 2802 3354 τὴν
2836 3282 3123 3358 θάλασσαν,
3161 3286 3217 3341 οὗ
3250 3283 3425 3361 μέντοι
3463 3286 3552 3342 καὶ

1990 3371 2275 3439 ἀπέπνιξαν
2318 3372 2603 3437 παντελῶς.
2639 3372 2805 3428 Plura
2850 3392 2903 3429 v.
2940 3392 3031 3446 ap.
3070 3374 3409 3429 Meinekium
3446 3377 3555 3430 Hi·-

1986 3474 2123 3517 stor.
2170 3463 2295 3517 crit.
2335 3479 2483 3516 com.
2530 3478 2593 3534 p.
2649 3460 2788 3529 106,
2821 3459 2999 3515 Bode.
3059 3460 3252 3517 διο-611.
3303 3462 3360 3514 d.
3399 3463 3550 3519 Hell.

1990 3548 2206 3603 Dichtk.
2237 3550 2353 3618 111,
2384 3567 2417 3603 2
2437 3588 2453 3615 ,
2480 3566 2541 3621 p.
2582 3545 2684 3602 181
2711 3566 2836 3620 sqq.

2351 3684 2605 3757 62.·(Ol.
2636 3703 2742 3759 91,
2774 3704 2806 3738 2
2839 3703 2886 3740 a.
2916 3685 2978 3743 C.
3015 3683 3193 3761 415.)

2077 3825 2453 3898 Harpocratio
2487 3843 2502 3878 τ
2536 3820 2824 3880 Ἀνδοκίδου
2850 3820 3076 3899 Ἑρμῆς.
3116 3821 3371 3901 Αἰσχίνης
3400 3825 3451 3881 ἐν
3482 3827 3555 3903 τῷ

1999 3908 2152 3970 Κατὰ
2179 3908 2457 3987 Τιμάρχου
2490 3910 2556 3986 (§
2587 3910 2733 3986 125)·
2780 3938 2801 3960 ι
2840 3907 3066 3968 Ἔπειτα
3103 3909 3188 3968 τὸν
3235 3908 3440 3989 Ἑρμῆν
3469 3911 3557 3970 τὸν

1995 3996 2287 4058 Ἀνδοκίδου
2326 3995 2645 4074 καλούμενον
2684 3999 2777 4056 οὐκ
2819 3996 3113 4057 Ἀνδοκίδου
3160 3996 3273 4054 ἀλλ’
3314 3998 3560 4074 Αἰγηίδος

1999 4147 2193 4217 simulat
2227 4187 2240 4217 z
2265 4168 2328 4217 de
2346 4180 2442 4230 qua
2472 4179 2630 4230 neque
2654 4166 2955 4229 Thucydides
2981 4167 3271 4215 mentionem
3304 4166 3417 4216 facit
3436 4203 3450 4225 ,
3480 4179 3561 4216 ne·

1999 4258 2095 4309 que
2118 4245 2362 4308 Ephorus,
2392 4258 2548 4306 neque
2575 4244 2879 4306 Aristoteles,
2899 4246 2949 4293 et
2973 4257 3083 4306 quae
3111 4243 3315 4293 conficta
3335 4243 3555 4304 videtum

2000 4323 2225 4373 nimirum
2256 4337 2287 4373 a
2309 4323 2490 4372 Pericle
2516 4323 2784 4372 triremium
2810 4323 3060 4385 praeseetos
3083 4322 3443 4384 classiariosque
3474 4328 3558 4372 Sa·

2001 4401 2123 4452 mios
2146 4402 2194 4451 in
2213 4401 2369 4452 sorum
2384 4401 2531 4450 Mileti
2550 4400 2781 4450 adductos
2798 4437 2811 4460 ,
2836 4400 3099 4461 decemque
3120 4399 3223 4449 dies
3245 4399 3309 4447 ibi
3341 4400 3559 4461 alligatos

2001 4478 2178 4528 tabulis
2199 4478 2418 4538 relictos,
2447 4476 2557 4526 inde
2584 4476 2686 4539 jam
2712 4475 3021 4525 moribundos
3037 4477 3173 4538 jussu
3211 4476 3314 4537 eius
3339 4476 3475 4524 illisis
3510 4477 3560 4525 in

2003 4556 2159 4618 capita
2189 4555 2400 4618 ipsorum
2424 4554 2560 4617 lignis
2597 4556 2818 4614 necatos,
2856 4567 3057 4615 corpora
3083 4553 3321 4615 insepulta
3352 4553 3562 4614 projecta

2005 4633 2160 4682 fuisse.
2190 4632 2331 4681 Duris
2349 4644 2462 4681 sane
2488 4645 2639 4693 quum
2662 4632 2779 4680 alias
2812 4644 3037 4693 quoque,
3065 4630 3146 4680 ubi
3170 4630 3287 4679 nihil
3324 4634 3395 4679 est
3436 4630 3483 4678 in
3509 4644 3561 4679 re

2005 4709 2137 4772 quod
2164 4710 2318 4772 ipsum
2345 4708 2572 4769 attineat,
2607 4722 2703 4757 non
2741 4709 2891 4757 soleat
2923 4708 3179 4757 narrationi
3204 4708 3271 4756 ita
3294 4707 3558 4767 moderari,

2006 4790 2062 4837 ut
2080 4799 2141 4836 ne
2156 4800 2193 4851 ,⁸
2225 4798 2339 4836 vero
2360 4784 2623 4848 discrepet,
2651 4785 2863 4834 hocloco
2883 4784 3025 4834 ctiam
3044 4786 3249 4847 amplius
3268 4784 3457 4834 videtur
3487 4798 3561 4833 ca·

2006 4863 2193 4916 lumnia
2222 4864 2535 4928 petendorum
2557 4864 2915 4914 Athen‘ensium
2941 4877 3087 4913 causa
3112 4863 3275 4926 patriae
3306 4877 3405 4912 suar
3433 4863 3560 4912 cala·

2010 4942 2223 4991 mitatem
2243 4955 2558 5005 exaggerasse.

2073 5125 2325 5175 Andocidis
2351 5125 2530 5175 herma.
2572 5123 2814 5174 ,eschines
2854 5123 2902 5172 in
2929 5124 3144 5173 oratione
3176 5125 3341 5173 contra
3375 5124 3561 5173 Timar·

2012 5202 2154 5252 chum
2182 5221 2194 5252 ε
2231 5222 2252 5244 α
2276 5202 2455 5253 Deinde
2486 5202 2776 5253 Mercurium
2793 5238 2808 5265 ,
2834 5200 2919 5265 qui
2951 5201 3204 5253 Andocidis
3228 5203 3446 5263 vocatur,
3468 5212 3565 5249 non

3286 5288 3352 5330 31.
