4016 5916
1647 411 2146 474 FRAGMENTA.

355 538 402 596 δ’
471 537 667 616 Κρόνος
693 538 783 609 ἔτη
833 539 910 611 μ’.

357 625 399 684 ε’
469 624 677 705 Ὄσιρις
702 626 791 685 καὶ
815 616 946 693 Ἶσις
974 625 1062 696 ἔτη
1086 626 1181 686 λε’.

357 713 410 779 ς’
481 712 672 794 Τύφων
698 711 790 786 ἔτη
817 712 915 775 xo'.

358 837 401 905 ζ’
474 826 638 914 Ὧρος
662 836 870 913 ἡμίθεος
891 836 982 905 ἔτη
1006 837 1101 895 κε’.

355 924 408 994 η’
475 922 638 1001 Ἄρης
659 923 868 999 ἡμίθεος
888 922 994 999 κγ’·

357 1011 400 1069 θ’
471 1009 708 1076 ’avonem
733 1009 941 1085 ἡμίθεος
968 1007 1057 1078 ἔτη
1084 1009 1167 1078 ιζ’.

370 1096 400 1154 ι’
470 1096 735 1175 Ἡρακλῆς
759 1095 969 1173 ἡμίθεος
997 1091 1089 1165 ἔτη
1121 1093 1196 1154 ιε’.

331 1185 400 1240 ια’
475 1182 707 1242 timu&
733 1182 944 1258 ἡμίθεος
963 1179 1054 1252 ἔτη
1083 1179 1179 1241 κε’.

328 1271 398 1347 ιβ’
467 1270 679 1345 Ἀμμῶν
703 1269 908 1345 ἡμίθεος
930 1267 1022 1341 ἔτη
1044 1268 1115 1328 λ’.

328 1357 395 1432 ιγ’
461 1357 651 1430 Τιθόης
672 1356 881 1434 ἡμίθεος
907 1355 1000 1428 ἔτη
1027 1355 1127 1424 κζ’.

333 1444 396 1502 ιδ’
465 1446 644 1511 Σῶσος
666 1444 878 1520 ἡμίθεος
905 1443 996 1515 ἔτη
1021 1441 1128 1522 λβ’.

340 1530 399 1590 ιε’
463 1530 600 1599 ’Ζεὺς
626 1532 835 1609 ἡμίθεος
861 1529 952 1603 ἔτη
981 1528 1051 1588 κ’.

333 1651 428 1705 Ad
426 1654 670 1724 priorem
679 1650 723 1705 S
710 1649 926 1723 yncelli
937 1649 1131 1704 locum.
1147 1643 1241 1721 (fr.
1264 1643 1318 1722 3)
1337 1642 1467 1725 Περὶ
1478 1644 1633 1703 ἐθνῶν
1642 1642 1821 1728 πέντε]

270 1742 345 1795 At
386 1749 656 1811 quattuor
681 1747 897 1793 tantum
925 1737 985 1791 in
1023 1734 1383 1809 sequentibus
1417 1745 1713 1794 memorat.
1742 1767 1820 1780 —-

271 1821 560 1900 Εὗσέὸιος]
588 1825 670 1882 Cf.
695 1825 765 1880 fr.
804 1843 855 1882 1.
883 1825 1018 1896 Quae
1041 1824 1100 1878 in
1119 1821 1479 1896 sequentibus
1499 1822 1821 1880 inclusimus

269 1929 302 1967 e
328 1911 622 1987 marginali
657 1920 792 1966 nota
831 1910 890 1965 in
932 1908 1192 1966 ordinem
1231 1909 1536 1965 verborum
1580 1910 1816 1984 irrepse-
1934 1939 1940 1946 ·

268 2009 420 2057 runt.
442 2031 522 2043 —
539 1995 1000 2075 ἕως]1)ἰιιᾶο1·ίὶιιε
1024 1997 1358 2062 inseruit.—
1379 1991 1596 2074 ,ασπβἾ
1620 1997 1699 2052 sic
1723 2016 1817 2053 co-

270 2086 395 2142 dex.
440 2087 682 2146 Bunsen.
717 2104 786 2141 ex
820 2084 1076 2158 Syncello
1116 2103 1177 2159 p.
1203 2083 1276 2140 32
1307 2085 1352 2141 B
1380 2095 1437 2140 et
1462 2082 1532 2140 33
1563 2086 1636 2154 D,
1662 2081 1819 2139 dedit

272 2175 448 2254 ασβς’,
464 2176 710 2252 Scaliger
728 2174 909 2254 ασβη’.
924 2179 1064 2234 Utut
1083 2188 1195 2247 est,
1213 2196 1315 2233 cur
1325 2176 1655 2233 Panodorus
1667 2176 1816 2232 hunc

272 2283 567 2321 numerum
586 2283 616 2319 a
631 2283 693 2319 re
705 2264 996 2338 proposita
1020 2264 1187 2337 plane
1216 2255 1458 2320 alienum
1476 2265 1814 2339 apposuerit,

268 2369 390 2408 non
413 2353 711 2427 perspicio.
750 2351 1036 2424 Syncellus
1062 2369 1192 2406 eum
1224 2351 1296 2407 de
1318 2370 1420 2407 suo
1450 2353 1692 2409 attulisse
1730 2353 1811 2406 vi·

271 2439 458 2497 detur.
485 2441 681 2513 Neque
702 2439 878 2513 magis
903 2437 975 2495 ad
1000 2438 1363 2496 Panodorum
1388 2449 1631 2513 spectat,
1657 2439 1816 2513 quod

270 2527 474 2585 deinde
483 2528 752 2602 Egregori
763 2545 996 2584 annom.
1015 2545 1037 2581 1
1050 2545 1161 2582 000
1176 2526 1519 2583 descendisse
1529 2526 1813 2586 dicuntur.

269 2614 414 2669 Nam
425 2632 493 2670 ex
515 2612 874 2687 sequentibus
903 2623 1133 2687 apparet
1148 2612 1506 2670 Panodorum
1521 2615 1816 2690 Egregoris

268 2702 539 2777 assignare
549 2719 755 2764 annum
775 2720 796 2755 1
806 2697 939 2772 058,
956 2717 1123 2774 quem
1134 2719 1339 2757 annum
1353 2701 1639 2775 Syncellus
1648 2703 1813 2758 etiam

268 2789 378 2844 alio
403 2789 530 2845 loco
554 2789 636 2864 (p.
663 2791 753 2858 16,
782 2788 866 2863 D)
888 2799 1080 2857 notat,
1105 2799 1158 2845 et
1172 2800 1365 2845 nostro
1385 2790 1515 2845 loco
1534 2807 1813 2863 reponen-

269 2876 404 2932 dum
423 2889 592 2948 recte,
610 2888 773 2951 puto,
789 2888 974 2932 censet
988 2876 1247 2951 Scaliger.
1268 2878 1411 2933 Nam
1421 2878 1467 2933 si
1486 2875 1814 2933 Panodorus

269 2964 454 3022 dicere
472 2968 730 3023 voluisset
745 2967 1058 3041 Egregoros
1068 2966 1277 3022 venisse
1295 2964 1368 3021 ad
1389 2966 1651 3021 mortales
1663 2984 1811 3021 anno

275 3072 439 3124 1000,
461 3073 657 3110 verum
678 3054 923 3110 rationes
938 3071 1214 3109 annorum
1236 3051 1489 3108 docuisse
1509 3050 1735 3107 demum
1754 3071 1806 3108 a.

274 3138 442 3209 1058,
464 3140 640 3195 verbo
662 3139 720 3195 id
742 3138 1170 3214 exprimendum
1188 3139 1395 3196 fixisset.
1430 3139 1690 3196 Ceterum
1713 3158 1809 3195 an·

265 3246 398 3280 num
418 3228 769 3282 millesimum
788 3228 1084 3302 Egregoris
1102 3228 1335 3301 assignat
1350 3228 1636 3299 Syncellus
1651 3245 1712 3301 p.
1740 3246 1762 3282 1
1780 3247 1801 3282 1

264 3314 328 3371 Β.
352 3343 431 3357 -
452 3310 702 3390 ααππε’]
727 3316 804 3370 sic
833 3332 899 3370 ex
922 3333 1052 3389 pag.
1082 3313 1149 3369 18
1180 3317 1426 3371 correxit
1441 3315 1685 3389 Scaliger
1701 3334 1808 3389 pro

264 3401 417 3475 vulg.
440 3398 689 3470 oeawmz'.
709 3398 932 3457 -κατὰ
956 3399 1046 3465 τὰς
1067 3397 1157 3458 δύο
1172 3399 1498 3479 δυναστείας]
1514 3403 1813 3459 Divisionis

262 3489 410 3542 ratio
460 3489 614 3546 latet.
657 3487 952 3544 Boeckhius
983 3490 1291 3562 suspicatur
1334 3508 1450 3545 non
1481 3488 1553 3544 de
1592 3488 1811 3545 duabus

264 3573 423 3646 dyn„
439 3574 538 3629 sed
567 3573 637 3630 de
654 3573 898 3630 secunda
920 3573 1173 3648 dynastia
1195 3574 1554 3650 cogitandum
1571 3593 1703 3631 esse.
1736 3581 1811 3631 At

263 3661 588 3735 precedunt
606 3661 843 3717 deorum
861 3662 1138 3734 dynastia:
1156 3680 1276 3719 sex.
1301 3663 1492 3718 Putari
1507 3673 1692 3737 posset
1711 3681 1807 3718 eo-

264 3748 393 3804 dem
410 3748 586 3805 modo
616 3751 781 3806 etiam
802 3750 1075 3806 semideos
1097 3750 1316 3825 singulo
1341 3750 1647 3824 dynastiam
1667 3751 1808 3807 esse-

264 3837 396 3892 cisse
411 3877 428 3907 ,
449 3836 592 3893 adeo
622 3847 684 3892 ut
698 3856 804 3911 pro
831 3834 920 3901 τὰς
938 3833 1028 3893 δύο
1048 3835 1155 3893 δον.
1182 3837 1541 3894 scribendum
1565 3847 1703 3894 esset
1717 3834 1810 3904 τὰς
1838 3894 1842 3899 .

264 3922 307 3978 θ’
337 3923 445 3982 δυν.

338 4014 436 4067 Ad
452 4015 686 4069 alterum
716 4015 888 4068 locum
906 4014 1170 4086 Syncelli.
1199 4016 1266 4068 In
1303 4014 1684 4087 dynastiarum
1721 4014 1810 4070 la·-

266 4100 475 4155 terculo
489 4101 616 4155 libri
628 4100 925 4173 Hephaesto
936 4100 1190 4156 tribuunt
1204 4119 1379 4156 annos
1396 4097 1615 4176 4232&st
1638 4100 1808 4172 Quod

262 4203 328 4239 ex
352 4186 805 4243 antecedentibus
817 4206 908 4245 vv.
930 4186 1031 4245 dd.
1059 4199 1436 4244 correxerunt.
1457 4188 1622 4241 —In
1639 4204 1798 4261 seqq.

262 4272 441 4328 codex
463 4278 513 4329 A
534 4275 744 4348 praebet
771 4291 786 4332 ε
1523 4267 1532 4276 ’

337 4380 385 4449 ς’
428 4380 758 4441 &aeneum

339 4469 380 4535 ζ’
423 4468 751 4528 demensum
773 4469 958 4551 Τύφων
981 4471 1072 4542 ἔτη
1092 4472 1192 4532 κθ’.

349 4639 396 4683 4.
431 4639 631 4686 cronos.
677 4674 688 4686 .
724 4675 735 4686 .
771 4623 802 4687 ‚⁸
818 4670 1454 4688 .............
1556 4640 1618 4685 ⁴0
1651 4639 1676 4695 ᾗ

350 4721 394 4761 5.
427 4715 575 4764 osiris
596 4719 645 4764 et
673 4718 758 4765 Isis
762 4748 1459 4766 ...............
1561 4716 1619 4764 ³5

348 4798 394 4839 6.
430 4792 629 4855 Typhon
635 4825 1462 4843 .................
1525 4798 1632 4871 E

1526 4886 1619 4931 969

604 4983 982 5045 (semideorum
1004 4982 1263 5045 dynastia·
1280 4982 1447 5045 ἀνω.)

341 5107 369 5153 7
425 5106 562 5153 Oros.
599 5140 1464 5158 ..................
1556 5113 1617 5158 2⁵

342 5184 372 5230 8
423 5188 539 5230 Ares
1553 5190 1615 5234 2⁸

3334 413 3458 488 'sn

1921 547 2130 602 Verum
2174 564 2347 619 quum
2408 547 2739 604 Panodorus
2785 567 2883 604 sex
2950 561 3167 607 tantum
3224 553 3463 612 deorum

1923 630 2201 704 dynastias
2245 649 2558 689 numerasse
2598 652 2667 689 ex
2723 635 3179 694 antecedentibus
3224 654 3469 714 constet,

1919 717 2076 775 nulla
2100 728 2183 774 est
2208 718 2408 776 lacuna
2431 719 2755 789 statuenda,
2788 718 2847 774 id
2874 722 3034 793 quod
3060 725 3225 779 etiam
3254 731 3472 785 numeri

1919 821 2201 860 annorum
2228 806 2621 880 comprobant.
2652 809 3105 880 Interpolationis
3128 824 3343 880 auctor,
3386 835 3471 871 se·

1916 900 2073 964 ptem
2096 892 2233 949 deos
2254 892 2573 950 desiderans
2586 934 2602 963 ,
2627 912 2746 949 non
2765 897 3046 968 reputavit
3066 899 3287 955 Horum
3304 901 3471 957 deum

1917 979 1978 1033 in
2025 980 2406 1036 semideorum
2447 980 2705 1037 ordinem
2748 1000 2782 1037 a
2827 983 3130 1040 Panodoro
3185 985 3469 1045 danisum

1917 1081 2051 1121 esse.
2076 1067 2258 1142 Igitur
2281 1068 2343 1123 in
2359 1085 2514 1141 seqq.
2532 1086 2641 1142 pro
2666 1064 2741 1138 η’,
2764 1066 2829 1140 θ’,
2846 1070 3162 1143 scripsimus
3183 1069 3248 1140 ζ’,
3274 1070 3339 1144 θ’,
3352 1077 3466 1132 κτλ.

1995 1154 2460 1211 Manethonianos
2500 1173 2679 1212 annos
2712 1156 2900 1229 11985
2945 1159 3275 1216 Panodorus
3304 1181 3467 1219 revo-

1917 1242 2065 1296 cavit
2084 1240 2159 1298 ad
2184 1241 2319 1316 969.
2345 1243 2470 1298 Jam
2489 1261 2665 1316 quum
2695 1242 2879 1317 11985
2910 1263 2924 1299 ε
2953 1245 3069 1319 969
3091 1265 3164 1300 =
3191 1247 3346 1306 235:
3380 1270 3468 1325 19,

1916 1344 2094 1401 eaque
2131 1330 2275 1385 ratio
2304 1330 2376 1384 sit
2401 1331 2674 1386 mensium
2699 1331 3104 1405 synodicorum
3132 1335 3193 1389 in
3221 1354 3290 1409 19
3314 1341 3469 1394 annis

1913 1415 2190 1472 solaribus
2207 1417 2403 1473 circuli
2425 1418 2653 1489 lunaris,
2673 1438 2793 1475 non
2815 1419 3053 1475 dubium
3071 1433 3151 1478 est
3174 1424 3465 1495 quomodo

1914 1514 2114 1560 auctor
2138 1514 2332 1560 noster
2360 1508 2790 1580 computaverit.
2813 1507 3010 1580 Neque
3034 1519 3220 1565 tamen
3241 1510 3465 1567 flactio-

1911 1607 2010 1646 nes
2051 1608 2330 1647 annorum
2367 1594 2679 1648 accuratius
2715 1596 3012 1667 expressit,
3038 1597 3123 1651 uti
3155 1597 3370 1670 patebit
3396 1616 3465 1654 ex

1910 1677 2181 1734 laterculo
2199 1720 2216 1748 ,
2244 1697 2413 1752 quem
2437 1696 2507 1735 ex
2531 1679 2802 1736 Boeckliio
2828 1681 2871 1739 1.
2902 1681 2939 1737 l.
2962 1698 3024 1754 p.
3050 1681 3122 1753 67
3149 1682 3467 1740 adscribere

1911 1763 2071 1820 liceat
2104 1782 2120 1821 t

2636 1866 2867 1913 Banetbo.
2923 1869 3106 1915 noeckli.
3162 1871 3385 1917 Panodoc.

2474 1997 2488 2012 ·
2533 1997 2549 2014 ·
2645 1976 2793 2031 9000
2876 1977 2985 2031 727
3016 1967 3086 2031 3}
3153 1981 3262 2032 727
3305 1970 3324 2030 ³

1986 2044 2546 2104 a.Sol......
2683 2065 2797 2121 99²
2923 2049 3092 2120 803θῇ
3193 2052 3320 2122 8οξ

1992 1973 2017 2010 1
2028 1998 2043 2013 .
2090 1957 2427 2030 Hephaestius.

1986 2129 2043 2186 3.
2087 2131 2548 2206 Agathodoemon.
2691 2153 2801 2203 700
2925 2137 3097 2214 5654}
3191 2136 3263 2194 56
3291 2144 3333 2208 :⁷3

1985 2226 2040 2283 4.
2083 2219 2319 2280 Cronus.
2353 2262 2369 2279 .
2413 2263 2429 2278 .
2477 2262 2491 2277 .
2527 2265 2544 2279 .
2682 2219 2791 2277 501
2923 2229 3093 2294 40-;-;-ξ
3190 2232 3331 2294 40}

1983 2305 2042 2366 5.
2086 2306 2258 2363 Osiris
2289 2318 2345 2364 et
2368 2309 2486 2365 Isis.
2534 2351 2550 2366 .
2687 2309 2799 2374 433
2924 2310 3097 2382 353-33
3194 2312 3268 2368 35

1982 2394 2042 2453 6.
2086 2395 2347 2469 Typhon.
2405 2439 2421 2455 .
2467 2439 2481 2454 .
2530 2438 2544 2454 .
2685 2395 2798 2470 359
2921 2405 3094 2473 2953
3191 2419 3266 2473 29

2282 2501 2506 2557 Summa
2618 2500 2803 2559 11985
2887 2503 3001 2577 969
3143 2509 3258 2582 969

1984 2613 2156 2685 Quod
2202 2614 2400 2669 attinet
2433 2610 2592 2691 ὥρους
2634 2614 3046 2690 semideorum,
3090 2623 3457 2680 11111110τίΜο-

1902 2702 2163 2757 nethonis
2186 2701 2374 2758 forent
2395 2702 2455 2757 hi
2483 2720 2497 2759 :

2768 2804 2988 2850 manetho.
3126 2810 3351 2855 Panodor.

2027 2915 2080 2967 7.
2126 2896 2271 2951 Orus
2277 2934 2737 2952 ........
2829 2914 2936 2951 100
3185 2899 3258 2956 25

2023 2984 2077 3042 8.
2119 2985 2260 3043 Ares
2265 3023 2731 3042 ........
2855 3003 2928 3058 9²
3181 2989 3255 3046 23

2020 3092 2076 3145 9.
2118 3071 2335 3127 Anubis
2339 3110 2733 3129 .......
2858 3070 2934 3128 68
3190 3095 3255 3147 17

1986 3178 2075 3216 10.
2118 3159 2394 3216 Heraclea.
2457 3200 2731 3218 .....
2858 3160 2934 3217 60
3188 3166 3257 3223 15

1985 3267 2074 3305 11.
2116 3249 2328 3322 Apollo
2333 3286 2729 3306 .......
2820 3266 2928 3304 100
3179 3252 3253 3308 25

1986 3354 2075 3391 12.
2117 3339 2361 3392 Ammon
2366 3375 2729 3394 ......
2821 3354 2929 3392 120
3182 3339 3257 3397 30

1986 3424 2076 3479 13.
2121 3424 2347 3481 Tithoes
2350 3462 2729 3481 .......
2822 3424 2928 3480 108
3177 3447 3247 3497 27

1985 3519 2050 3577 14
2120 3513 2286 3568 Sosos
2290 3550 2729 3570 ........
2820 3510 2928 3565 128
3178 3514 3250 3569 32

1985 3596 2076 3656 15.
2121 3601 2263 3655 Zeus
2271 3637 2733 3659 ........
2855 3596 2930 3653 80
3178 3619 3253 3656 20

2117 3683 2534 3741 Desiderantur.
2584 3727 2597 3738 .
2649 3723 2666 3741 .
2712 3723 2728 3739 .
2783 3703 2944 3779 -α
3275 3697 3307 3755 -;-

2816 3788 2929 3845 858
3138 3799 3249 3858 211.
3283 3804 3307 3860 ξ

2736 3897 2958 3944 Hanetbo.
3118 3900 3341 3948 Panodot.

2115 3991 2226 4046 Dii.
2269 4032 2284 4046 .
2335 4035 2348 4047 .
2399 4033 2412 4046 .
2462 4032 2476 4046 .
2514 4032 2528 4047 .
2579 4031 2595 4047 .
2646 4033 2662 4048 .
2753 3988 2939 4064 11985
3123 3994 3239 4067 969

2114 4076 2362 4135 Semidii.
2424 4121 2439 4135 .
2498 4120 2513 4135 .
2563 4121 2579 4136 .
2643 4117 2659 4133 .
2825 4076 2937 4133 858
3123 4088 3232 4147 1114
3268 4090 3303 4149 -;·

2111 4184 2355 4241 Summa.
2748 4182 2933 4249 12843
3088 4183 3233 4239 1183
3276 4193 3300 4251 ξ

1973 4300 2099 4355 ,lam
2129 4315 2305 4370 quum
2341 4294 2581 4351 deorum
2620 4311 2858 4369 regnum
2900 4295 3135 4368 incipiat
3174 4313 3205 4349 a
3248 4293 3441 4350 mundi

1897 4404 2046 4441 anno
2078 4381 2256 4451 1058,
2288 4400 2404 4455 quo
2444 4383 2719 4457 Egregori
2748 4401 2780 4437 e
2821 4382 2965 4438 coelo
3004 4381 3439 4447 descenderunt,

1895 4490 2073 4545 usque
2094 4470 2168 4527 ad
2181 4469 2350 4525 finem
2374 4470 2533 4543 regni
2553 4468 2812 4537 deorum,
2828 4488 2858 4522 a
2884 4468 3079 4523 mundi
3098 4470 3259 4523 initio
3284 4470 3442 4524 colli·

1985 4642 2034 4687 9.
2071 4636 2252 4688 Anubis
2257 4668 3102 4685 .................
3232 4637 3285 4687 17

1959 4720 2033 4764 10.
2068 4713 2293 4764 nei-cules
2296 4742 3099 4760 ................
3232 4717 3287 4760 15

1959 4796 2032 4840 11.
2066 4790 2234 4854 Apollo
2238 4822 3099 4839 ..................
3225 4795 3283 4838 25

1958 4874 2032 4917 12.
2066 4872 2270 4918 Ammon
2274 4899 3095 4916 .................
3225 4870 3286 4915 30

1956 4950 2030 4996 13.
2064 4945 2270 4994 Titboes.
2306 4976 3098 4993 .................
3226 4945 3283 4991 27

1955 5024 2028 5072 14.
2059 5020 2206 5072 Sosus
2209 5053 3095 5073 ..................
3224 5024 3283 5069 22

1954 5106 2030 5150 15.
2063 5102 2200 5150 Zeus.
2231 5130 3095 5150 ..................
3180 5101 3286 5177 ..22

3194 5190 3282 5233 214

3156 5271 3224 5315 ³⁴.
