4016 5916
1704 452 2194 515 FRAGMENTA.

361 591 628 664 scriptum
656 584 789 665 Περὶ
819 588 911 656 τῆς
930 585 999 649 εἰς
1020 580 1322 664 Τροφωνίου
1344 580 1685 649 καταὸάσεως
1698 626 1714 655 ,
1733 586 1910 641 Osan-

3434 466 3544 518 2⁴5

2079 586 2159 641 Ea
2186 604 2308 659 quae
2343 584 2414 641 de
2436 585 2753 659 Pythagora
2785 595 3086 640 narrantur
3115 588 3301 659 putari
3342 592 3556 662 possint

360 695 464 733 nus
492 676 565 732 ad
587 676 763 731 libros
787 670 919 752 Περὶ
945 673 1116 752 ψυχῆς
1137 673 1348 729 retulit.
1376 673 1636 730 Ceterum
1663 673 1914 748 Phlegon
1997 691 2118 729 non
2138 692 2171 729 a
2192 684 2385 729 nostro
2421 672 2519 728 sed
2557 691 2589 727 a
2623 674 2949 728 Dicaearcho
2963 673 3327 748 Pythagoreo
3347 716 3362 745 ,
3394 678 3551 749 cujus

362 780 460 819 sua
497 779 529 817 e
563 759 903 818 Callimacho
942 760 1141 828 habet,
1166 758 1459 815 uberrimo
1492 759 1648 815 sonte
1674 759 1916 833 scripto-

364 867 489 907 rum
524 847 886 905 Mirabilium.
924 845 1291 904 Callimachus
1313 847 1621 903 Dicaearchi
1659 847 1913 902 mentio-

364 954 495 992 nem
519 933 801 1007 injecerit,
826 944 890 990 ut
915 934 1015 1007 qui
1039 933 1157 988 haec
1181 935 1447 1010 attigerit.
1478 934 1732 1008 Uterque
1759 934 1918 989 locus

364 1021 657 1082 addendus
679 1022 1002 1097 fragmentis
1029 1019 1284 1080 Hesiodi.

1098 1151 1193 1211 31.

372 1282 393 1295 ”
451 1283 799 1358 Porphyrius
823 1284 932 1338 Vit.
964 1282 1128 1356 Pyth.
1158 1300 1219 1355 p.
1247 1279 1320 1339 88
1345 1300 1360 1337 ε
1387 1283 1663 1356 Tempore
1689 1282 1920 1337 seditio-

372 1374 457 1428 nis
497 1373 754 1445 Cyloneae
802 1371 1144 1445 Pythagoras
1181 1371 1309 1427 Deli
1348 1370 1501 1444 apud
1542 1369 1922 1444 Pherecydem

370 1459 710 1515 versabatur.
730 1459 813 1512 Ita
833 1456 1064 1531 quidem
1081 1457 1358 1514 Neanthes
1374 1468 1585 1518 narrat.
1606 1453 1923 1535 Δικαίαρχος

373 1541 428 1602 δὲ
467 1542 558 1602 καὶ
585 1545 633 1603 οἱ
672 1540 1027 1622 ἀκριὸίστεροι
1053 1540 1145 1601 καὶ
1186 1540 1275 1601 τὸν
1307 1541 1619 1623 Πυθαγόραν
1648 1540 1776 1622 φασὶ
1819 1563 1920 1599 πα-

377 1629 544 1708 ρεῖναι
571 1632 636 1707 τῇ
675 1626 947 1706 ἰπιὸουλῇ.
979 1625 1285 1707 Φερεκύδην
1331 1626 1434 1708 γὰρ
1474 1627 1575 1709 πρὸ
1601 1631 1694 1699 τῆς
1722 1629 1783 1685 ἐκ
1812 1626 1923 1688 Σά·

380 1739 480 1793 μου
524 1715 801 1795 ἀπάρσεως
835 1716 1167 1786 τελευτῆσαι·
1208 1716 1312 1773 τῶν
1355 1714 1408 1773 δὲ
1461 1714 1677 1795 ἕταίρων
1718 1713 1926 1795 ἀθρόους

374 1802 469 1881 μὶν
487 1801 869 1882 τετταράκοντα
895 1803 948 1860 ἰν
976 1802 1113 1882 οἰκία
1146 1800 1278 1870 τινὸς
1305 1801 1705 1883 παρεδρεύοντος
1727 1802 1924 1882 ληφθῆ·

376 1913 494 1968 ναι,
518 1888 635 1956 τοὺς
660 1887 714 1947 δὲ
744 1890 930 1955 ἄλλους
948 1889 1214 1969 σποράδην
1241 1887 1379 1947 κατὰ
1398 1886 1492 1959 τὴν
1515 1887 1693 1960 πόλιν,
1720 1891 1789 1968 ᾡς
1811 1887 1926 1947 ἔτυ-

376 1998 469 2056 χον
510 1979 581 2044 εἰς
624 1974 756 2035 άστυ
807 1973 1153 2054 (ἔκαστοςὲ),
1196 1976 1558 2056 διαφθαρῆναι.
1608 1974 1926 2055 Πυθαγόραν

378 2061 433 2122 δῖ
460 2062 821 2143 κρατουμένων
848 2064 951 2120 τῶν
980 2060 1142 2137 φίλων
1168 2061 1230 2121 τὸ
1259 2059 1354 2139 μὶν
1379 2065 1583 2143 πρῶτον
1609 2063 1679 2128 εἰς
1702 2062 1924 2122 Καυλω-

381 2149 495 2209 νίαν
523 2149 610 2209 τὸν
637 2147 796 2230 ὅρμον
821 2153 1078 2220 σωθῆναι·
1097 2150 1288 2208 ἐκεῖθεν
1307 2144 1361 2208 δὲ
1387 2150 1545 2209 πάλιν
1571 2151 1642 2216 εἰς
1669 2148 1926 2229 Λοκρούς·

381 2234 695 2314 πυθομένους
721 2234 776 2295 δί
803 2234 917 2304 τοὺς
945 2233 1174 2316 Λοκρους
1192 2239 1294 2295 τῶν
1317 2236 1569 2318 γερόντων
1596 2234 1739 2304 τινὰς
1762 2236 1847 2295 ἐπὶ
1865 2234 1930 2294 τὰ

384 2328 477 2395 τ’ἥς
514 2322 691 2405 χώρας
727 2319 842 2403 ὅρια
875 2324 1196 2382 ἀποστεῖλαι.
1244 2322 1473 2397 Τουτους
1508 2322 1562 2383 δὲ
1607 2322 1733 2404 πρὸς
1774 2321 1929 2383 αὗτὸν

384 2410 787 2483 ἀπαντήσαντας
802 2413 1033 2470 εἰπεῖν·«
1009 2410 1257 2489 «Ἡμεῖς,
1279 2400 1649 2492 ωΠυθαγόρα,
1665 2410 1818 2492 σοφὸν
1836 2410 1930 2488 μὲν

385 2497 550 2579 ἄνδρα
578 2519 637 2556 σε
662 2496 753 2556 καὶ
780 2495 941 2556 δεινὸν
965 2496 1247 2574 ἀκουομεν·
1273 2497 1390 2556 ἀλλ’
1414 2497 1500 2556 ἐπὶ
1533 2501 1639 2564 τοῖς
1671 2495 1815 2563 ἰδίοις
1839 2496 1930 2555 νό-

393 2608 506 2664 μοις
528 2583 674 2643 οὗθὲν
707 2583 895 2665 ἔχομεν
920 2586 1178 2664 ἰγκαλεῖν.
1207 2584 1368 2645 Αυτοί
1394 2584 1484 2662 μὲν
1520 2583 1606 2643 ἰπὶ
1640 2586 1749 2642 τῶν
1766 2587 1932 2664 ὕπαρ·

387 2673 582 2754 χόντων
606 2672 959 2754 πειρασόμεθα
988 2670 1185 2750 μένειν·
1208 2672 1270 2731 σὺ
1296 2672 1338 2731 δ’
1364 2670 1576 2751 ἑτέρωθί
1594 2694 1695 2730 που
1725 2669 1931 2749 βάδιζε,

384 2759 561 2833 λαθὼν
591 2760 720 2841 παρ’
755 2762 907 2836 ἡμῶν
947 2761 994 2819 εἴ
1018 2784 1114 2820 του
1148 2761 1468 2844 κεχρημένος
1498 2763 1600 2819 τῶν
1638 2758 1932 2837 ἀναγκαίων

388 2844 673 2926 τυγχάνεις.
698 2872 724 2900 ν
754 2845 911 2906 Ἐπεὶ
936 2848 985 2905 δ’
1017 2846 1122 2906 ἀπὸ
1142 2851 1232 2919 τῆς
1260 2851 1360 2906 τῶν
1386 2850 1600 2928 Λοκρῶν
1625 2845 1824 2913 πόλεως
1844 2844 1931 2905 τὸν

388 2933 657 3015 εἰρημένον
704 2933 988 3014 ἀπηλλάγη
1025 2934 1241 3016 τρόπον,
1281 2937 1352 3003 εἰς
1396 2934 1647 3016 Τάραντα
1693 2935 1932 2995 πλεῦσαι.

390 3021 556 3080 Πάλιν
587 3020 641 3079 δὲ
670 3023 825 3079 κάκεῖ
852 3021 1198 3102 παραπλήσια
1224 3025 1454 3082 παθόντα
1479 3031 1585 3091 τοῖς
1620 3021 1741 3104 περὶ
1791 3022 1932 3102 Κρό-

390 3131 530 3166 τωνα
559 3110 631 3175 εἰς
654 3106 1018 3169 Μεταπόντιον
1056 3111 1235 3171 ἐλθεῖν.
1272 3113 1553 3190 Πανταχοῦ
1576 3107 1678 3188 γὰρ
1705 3108 1936 3189 ἐγίνοντο

391 3195 620 3273 μεγάλαι
658 3193 888 3268 στάσεις,
927 3193 987 3261 ἃς
1015 3194 1090 3254 ἔτι
1121 3197 1210 3255 καὶ
1238 3202 1326 3254 νῦν
1355 3201 1401 3256 οἱ
1443 3197 1562 3275 περὶ
1597 3196 1713 3263 τοὺς
1748 3195 1936 3263 τόπους

392 3279 770 3358 μνημονεύουσί
791 3304 847 3339 τε
877 3280 968 3340 καὶ
1009 3282 1302 3361 διηγοῦνται
1323 3283 1416 3350 τὰς
1445 3283 1530 3341 ἐπὶ
1562 3285 1664 3341 τῶν
1690 3287 1936 3362 Πυθαγο-

390 3365 542 3445 ρείων
567 3367 859 3432 καλοῦντες.

1115 3475 1208 3533 32.

468 3605 748 3678 Diogenes
780 3605 845 3661 L.
887 3604 1050 3674 VIII,
1094 3609 1168 3669 4ο
1200 3620 1215 3661 ε
1248 3599 1397 3673 Φησὶ
1425 3599 1480 3659 δὲ
1507 3600 1821 3679 Δικαίαρχος
1851 3601 1938 3660 τὸν

396 3685 710 3765 Πυθαγόραν
740 3686 1017 3744 ἀποθανεῖν
1054 3682 1418 3767 καταφυγόντα
1461 3689 1532 3754 εἰς
1570 3686 1631 3745 τὸ
1668 3689 1721 3745 ἐν
1764 3691 1935 3748 Μετα-

391 3771 587 3852 ποντίῳ
609 3771 744 3853 ἱερὸν
777 3775 881 3831 τῶν
909 3774 1135 3832 Μουσῶν
1150 3817 1168 3851 ‚
1198 3772 1583 3849 τετταράκοντα
1607 3772 1806 3853 ἡμέρας
1829 3776 1939 3833 ἀσι-

391 3859 640 3929 τήσαντα.
672 3863 763 3919 Sic
798 3863 966 3918 etiam
995 3862 1192 3918 Cicero
1218 3864 1304 3918 De
1331 3860 1426 3918 fin.
1462 3863 1562 3921 lib.
1602 3865 1651 3918 V
1695 3881 1936 3936 protam.

386 3964 448 4005 ει
464 3937 737 4022 Porphyr.
766 3950 827 4003 in
851 3950 961 4005 vit.
989 3949 1154 4022 Pyth.

1124 4118 1239 4167 31..

458 4229 759 4279 nicaesrchus
780 4242 894 4279 vero
913 4231 961 4278 et
992 4228 1311 4278 accuratiores
1326 4229 1575 4291 scriptores
1590 4229 1781 4279 affuisse
1815 4232 1939 4280 Cro·

396 4309 505 4355 tone
525 4309 719 4355 narrant
740 4305 1054 4368 Pythagoram
1068 4342 1083 4367 ‚
1102 4318 1200 4368 qno
1230 4309 1444 4368 tempore
1466 4304 1650 4355 insidia>
1666 4307 1771 4356 tstae
1788 4308 1941 4357 strue-

398 4384 573 4431 rentur.
595 4383 817 4445 Namque
835 4382 1155 4444 Pherecydem
1172 4417 1187 4443 ,
1210 4384 1464 4448 antequam
1491 4394 1518 4431 e
1536 4385 1678 4431 Samo
1701 4382 1955 4445 profectus,

400 4459 685 4521 Pythagoras
706 4461 829 4508 esset
843 4493 860 4520 ,
885 4457 1014 4509 diem
1041 4459 1143 4521 jam
1169 4458 1356 4509 obiisse.
1380 4463 1417 4509 tt
1436 4459 1576 4509 sociis
1598 4471 1714 4509 vero
1736 4459 1941 4523 quadra·

392 4535 529 4598 ginta
557 4534 700 4585 simul
722 4534 993 4585 indomoa
1016 4535 1228 4600 quodam
1249 4536 1529 4587 obsessoset
1554 4538 1940 4601 correptosesse‚

400 4614 603 4677 reliquos
619 4629 705 4679 per
723 4617 892 4667 urbem
908 4617 1142 4681 dispersos
1163 4619 1312 4669 alium
1340 4619 1436 4670 aiio
1452 4618 1598 4669 modo
1619 4616 1941 4669 succubuisse.

402 4692 713 4756 Pythagoram
741 4707 874 4757 vero,
892 4696 1058 4746 amicis
1073 4696 1296 4760 devictis,
1317 4697 1526 4761 primum
1558 4697 1607 4747 in
1634 4695 1941 4758 Cauloniam,

403 4766 484 4816 ubi
500 4769 642 4818 statio
660 4771 846 4820 navalis
877 4774 980 4834 est,
1000 4773 1227 4835 evasisse,
1246 4773 1358 4823 tunc
1387 4774 1449 4824 ad
1474 4777 1654 4825 Locros
1676 4771 1942 4836 protectum

400 4857 518 4894 esse
551 4846 691 4907 Quod
712 4861 865 4911 quum
880 4850 1216 4913 comperissent
1241 4852 1397 4916 Locri,
1415 4852 1623 4903 seniores
1632 4849 1865 4914 quosdam
1881 4849 1944 4900 ab

402 4921 459 4971 iis
478 4922 540 4972 ad
561 4922 681 4975 lines
710 4925 912 4989 regionis
945 4928 1139 4978 emissos
1168 4941 1298 4992 esse,
1331 4930 1415 4994 qni
1433 4930 1626 4981 obviam
1664 4929 1944 4992 pythagorae

396 4997 515 5048 facti
535 4999 665 5050 hunc
685 5000 738 5050 in
753 5002 952 5053 modum
972 5004 1164 5055 allocuti
1182 5009 1372 5057 essem.
1396 5010 1569 5068 ‹1‚Nos
1593 5020 1624 5056 o
1653 5005 1940 5068 Pythagora,

398 5074 660 5135 sapientem
695 5077 892 5141 quidem
930 5082 979 5129 et
1004 5080 1330 5132 admirabilem
1360 5085 1412 5133 te
1444 5083 1600 5132 virum
1631 5093 1731 5132 esse
1756 5077 1943 5130 audivi·

402 5161 528 5213 mus,
542 5157 873 5206 verumtamen
890 5169 1041 5219 quum
1062 5158 1109 5207 in
1127 5158 1305 5221 legibus
1323 5161 1495 5210 nostris
1512 5160 1627 5210 nihil
1645 5158 1766 5209 adeo
1784 5170 1942 5222 repre·

1999 760 2340 816 lamblichus
2356 761 2492 833 (Vit.
2514 759 2676 832 Pyth.
2699 778 2748 817 c.
2772 754 2879 836 36)
2903 761 3176 831 meminit,
3197 763 3400 836 scripta
3417 782 3551 831 esse.

2001 853 2075 904 At
2103 857 2253 902 recte
2275 847 2514 903 Fuhrius
2539 864 2596 919 p.
2621 850 2693 911 44
2722 846 2867 901 hanc
2889 848 3220 902 sententiam
3248 866 3353 922 per
3371 868 3428 905 se
3454 869 3556 924 pa-

2001 954 2129 991 rum
2153 934 2508 1009 probabilem
2526 951 2639 989 esse
2653 975 2671 1009 ‚
2693 945 2862 1007 atque
2889 933 3265 1009 Porphyrium
3285 948 3342 992 et
3356 939 3558 1012 Dioge·

2001 1040 2161 1091 nem,
2186 1023 2231 1077 si
2254 1021 2328 1077 de
2354 1021 2465 1077 alio
2487 1039 2551 1076 ac
2579 1020 2653 1076 de
2679 1022 2968 1077 notissimo
3001 1033 3198 1078 nostro
3226 1025 3551 1081 Dicaearcho

2003 1110 2358 1184 cogitassent,
2401 1106 2580 1164 verbo
2625 1107 2697 1164 de
2724 1108 2831 1165 hac
2876 1126 2939 1165 re
2983 1110 3254 1166 lectorem
3290 1110 3562 1169 docturos

2004 1196 2166 1252 fuisse
2179 1206 2389 1252 monet.
2408 1195 2643 1251 Accedit
2657 1196 2815 1270 quod
2829 1196 3061 1254 sortasse
3072 1216 3146 1253 ne
3163 1210 3315 1255 recte
3329 1200 3560 1273 quidem

2003 1283 2311 1339 Dicaearchi
2343 1301 2555 1338 nomen
2590 1282 2743 1356 apud
2775 1283 3147 1339 Iamblichum
3167 1285 3359 1341 habet.
3393 1286 3561 1342 Haud

2005 1369 2381 1443 improbabile
2408 1370 2559 1424 enim
2599 1378 2676 1424 est
2704 1368 3090 1426 Dicaearchum
3125 1372 3289 1428 istum
3317 1372 3562 1433 eundem

2008 1474 2122 1512 esse
2165 1474 2294 1512 cum
2333 1456 2591 1511 Nearcho
2631 1457 2934 1512 Tarentino
2977 1458 3361 1534 Pythagoreo,
3407 1459 3563 1531 cujus

2007 1544 2219 1598 mentio
2243 1540 2308 1596 fit
2336 1532 2427 1614 ap.
2461 1542 2791 1597 Ciceronem
2819 1545 2904 1599 De
2925 1553 3315 1605 senect.c.12
3346 1557 3402 1602 et
3424 1546 3562 1603 Plu-

2011 1629 2185 1685 tarch.
2213 1629 2332 1685 Cat.
2365 1627 2491 1699 maj.
2511 1646 2562 1683 c.
2597 1647 2654 1686 a.

2740 1754 2833 1814 33.

2482 1886 2505 1966 [
2522 1888 3009 1946 XENOPHANES
3022 1890 3045 1946 ι
3060 1887 3084 1966 ]

2092 2012 2407 2074 Demetrius
2435 2018 2521 2073 De
2557 2017 2766 2075 elocut.
2795 2017 2829 2091 §
2862 2017 3015 2073 182:
3043 2014 3440 2099 Δικαίαρχος,«

2016 2099 2204 2182 mea,
2230 2098 2388 2182 φησὶ,
2407 2124 2506 2169 της
2528 2099 2761 2167 Ἰταλίας
2787 2099 3225 2181 πρεσὸυτατον.»

2509 2247 2654 2326 [DE
2687 2249 3074 2328 nomenoi]

3483 1992 3579 2070 ’liv

2097 2388 2428 2444 Accedimus
2454 2388 2527 2443 ad
2550 2406 2648 2458 ea,
2677 2407 2801 2462 quae
2819 2391 2892 2445 de
2912 2395 3087 2464 poetis
3104 2408 3416 2466 eorumque
3438 2413 3571 2477 ope·

2019 2474 2173 2530 ribus
2201 2475 2415 2530 Dicaeat
2416 2475 2553 2530 chus
2576 2485 2978 2532 commentatus
3001 2487 3099 2533 est.
3132 2478 3420 2551 Scripsisse
3440 2499 3567 2535 eum

2021 2564 2081 2617 in
2126 2562 2296 2618 Alcaei
2330 2563 2576 2618 carmina
2624 2564 3055 2619 commentarios
3090 2574 3147 2620 et
3183 2565 3243 2619 in
3285 2566 3571 2640 Euripidis

2019 2649 2513 2723 reliquorumque,
2538 2659 2603 2729 ut
2631 2649 2875 2720 videtur,
2911 2652 3044 2706 artis
3070 2650 3386 2708 dramaticae
3410 2656 3571 2727 prin-

2020 2737 2208 2810 cipum
2234 2734 2447 2792 fabulas
2474 2735 2798 2793 didascalias
2811 2738 3143 2810 elaborasse,
3166 2739 3374 2811 partim
3396 2739 3572 2796 diser·

2022 2824 2089 2879 tis
2117 2822 2440 2878 testimoniis
2466 2820 2776 2893 affirmare,
2802 2825 3009 2898 partim
3032 2824 3316 2898 probabili
3346 2826 3567 2883 ratione

2022 2910 2286 2986 colligere
2301 2926 2612 2984 possumus.
2629 2909 2909 2966 Incertior
2928 2927 3015 2967 res
3034 2921 3114 2967 est
3127 2909 3199 2967 de
3219 2928 3393 2986 opera
3403 2930 3573 2987 quam

2023 3000 2274 3054 Homero
2298 2997 2649 3053 Dicaearchus
2674 2999 2983 3054 navaverit.
3006 2997 3323 3071 Disputasse
3341 3016 3472 3055 eum
3502 2998 3574 3056 de

2022 3086 2160 3140 locis
2191 3085 2507 3140 Homericis
2546 3085 2910 3158 criticamque
2947 3086 3005 3140 in
3033 3103 3129 3141 eos
3159 3085 3470 3142 exercuisse
3505 3085 3575 3139 li-

2023 3181 2159 3245 quet
2183 3189 2254 3226 ex
2275 3171 2582 3244 Apollonio
2610 3173 2696 3227 De
2715 3189 2981 3244 pronom.
2996 3190 3053 3245 p.
3077 3171 3192 3227 320
3203 3171 3299 3230 ed.
3313 3163 3574 3248 Bekker„

2021 3258 2122 3314 ubi
2171 3258 2519 3314 Aristarchus
2547 3258 2845 3313 lectionem
2872 3276 2905 3313 a
2943 3258 3269 3313 Dicaearcho
3308 3260 3577 3332 proposi-

2023 3357 2135 3401 tam
2163 3362 2381 3400 assensu
2407 3362 2509 3399 suo
2537 3344 2927 3417 comprobasse
2955 3343 3165 3400 dicitur
3190 3361 3206 3397 ε
3228 3342 3379 3402 Φασὶ
3407 3342 3575 3400 δὲκαὶ

2020 3429 2108 3491 τὸν
2130 3426 2466 3510 Ἀρίσταρχον
2503 3427 2738 3505 ἀσμένως
2759 3427 2852 3494 τὴν
2884 3426 3087 3509 γραφὴν
3115 3432 3208 3486 τοῦ
3249 3429 3574 3507 Δικαιάρχου

2022 3514 2427 3597 παραδέξασθαι.
2455 3519 2564 3588 Qui
2592 3517 2821 3591 quidem
2849 3517 3203 3573 Dicaearchus
3227 3517 3367 3572 nihil
3391 3519 3576 3573 obstat

2024 3605 2164 3675 quin
2188 3605 2259 3658 sit
2283 3603 2701 3674 Aristotelicas,
2734 3602 2889 3675 cujus
2915 3601 3296 3674 conjecturam
3330 3603 3574 3685 aliquam

2025 3692 2084 3745 in
2107 3691 2257 3747 libro
2281 3687 2417 3768 Περὶ
2440 3686 2680 3747 Ἀλκαίου
2708 3692 2931 3746 allatam
2957 3691 3363 3762 Aristophanes
3384 3709 3571 3764 gram·

2025 3780 2256 3834 maticus
2271 3778 2614 3852 impugnavit
2634 3775 2712 3851 (v.
2729 3776 2798 3833 fr.
2821 3776 2893 3831 36
2910 3777 2945 3852 ).
2967 3777 3156 3832 Alium
3172 3777 3363 3832 locum
3380 3779 3480 3832 ubi
3496 3778 3569 3834 de

2026 3865 2262 3919 Homeri
2293 3864 2423 3919 loco
2438 3863 2790 3919 Dicaearchus
2819 3862 3080 3919 laudatur
3102 3882 3237 3918 mox
3259 3863 3571 3922 citabimus.

2025 3950 2224 4007 Suidas
2234 3967 2364 4006 sane
2376 3950 2534 4004 novit
2550 3949 2973 4025 grammaticum
2989 3946 3376 4005 Dicaearchum
3399 3951 3575 4005 Lace-

2025 4113 2314 4174 intendamus,
2338 4111 2516 4176 iisque,
2537 4113 2609 4162 uti
2625 4114 2764 4174 sunt,
2791 4111 3052 4172 immanere
3074 4112 3303 4161 tentaturi
3323 4099 3499 4174 simus}
3523 4116 3576 4161 tu

2025 4190 2118 4240 alio
2137 4194 2186 4240 te
2201 4190 2390 4253 consen
2405 4190 2607 4252 accipies
2631 4191 2792 4239 tamen
2807 4202 2837 4237 a
2850 4188 3014 4251 nobis,
3034 4188 3075 4238 si
3099 4202 3196 4251 qua
3219 4203 3271 4238 re
3292 4188 3517 4250 indigeas.
3551 4213 3574 4232 υ

2025 4268 2104 4319 Sic
2137 4280 2169 4316 a
2201 4269 2464 4317 mmmm
2494 4266 2614 4316 urbe
2641 4265 2894 4316 exclusum
2925 4264 3171 4327 navigasse
3203 4267 3489 4324 Tarentum
3527 4269 3576 4315 et

2025 4349 2254 4407 qnoniam
2269 4343 2352 4393 hic
2374 4355 2570 4406 qnoque
2599 4340 2743 4393 simili
2760 4341 2953 4391 fortuna
2981 4341 3215 4403 uteretur,
3247 4343 3506 4391 crotonem
3525 4356 3576 4391 se

2027 4422 2306 4475 mutulisse.
2349 4421 2539 4485 Ubique
2583 4421 2714 4472 enim
2754 4432 2944 4484 magnae
2978 4421 3262 4470 exarserunt
3301 4419 3573 4483 seditiones,

2026 4515 2146 4564 quas
2163 4502 2427 4552 etiamnum
2443 4499 2614 4550 incolae
2631 4500 2805 4549 harum
2822 4500 3070 4563 regionum
3086 4501 3464 4549 commemorant
3487 4513 3573 4548 ex-

2027 4584 2309 4645 ponuntqne
2323 4617 2340 4645 ,
2379 4579 2632 4631 seditiones
2674 4591 2786 4642 quae
2831 4577 3238 4642 Pythagoreorum
3283 4577 3576 4640 temporibus

2029 4659 2230 4709 fuerunt
2223 4658 2578 4721 wnnncupantes

2089 4833 2258 4883 Narrat
2285 4831 2593 4883 Dicaearchus
2621 4830 2938 4894 Pythagoram
2965 4830 3226 4894 Metaponti
3253 4830 3304 4880 in
3330 4832 3574 4880 Musarum

2028 4907 2505 5036 fflfflgisse,
2488 4909 2690 4973 ,ibique
2707 4911 2813 4973 post
2832 4907 3147 4972 quadraginta
3163 4908 3350 4959 dierum
3370 4907 3575 4958 inediam

2167 4998 2198 5035 o
2338 5020 2351 5033 .

2757 5067 2844 5119 33.
3393 5097 3424 5110 -

2095 5158 2401 5210 Dicaearchus
2430 5180 2443 5212 ι
2467 5181 2490 5203 α
2509 5162 2563 5211 ln
2590 5159 2701 5210 Elea
2724 5159 2843 5210 urbe
2859 5160 3009 5210 ltaliae
3030 5158 3430 5223 antiquissimum.
3457 5176 3482 5201 ι
