4016 5916
490 396 600 450 3⁴⁴

778 546 1256 604 MENECRATES
1297 542 1741 600 OLYNTmUS.

1236 670 1290 724 5.

562 785 803 844 Bekker.
836 782 1053 838 Anecd.
1073 799 1132 855 p.
1162 782 1297 851 782,
1328 796 1433 853 19:
1464 774 1747 846 Φοινικήια
1776 772 1841 833 τὰ
1865 775 2042 854 γράμ-

488 892 631 946 ματα
668 868 935 946 ἐλέγοντο,
960 865 1029 931 ὥς
1059 888 1283 946 φησιν...
1317 861 1546 940 Ἄνδρων
1578 862 1669 920 καὶ
1707 862 2045 940 Μενεκράτης

486 961 515 1015 ὁ
560 953 824 1020 Ὀλύνθιος
867 952 971 1011 ἀπὸ
1012 951 1266 1022 Φοινίκης
1305 955 1398 1022 τῆς
1438 948 1732 1015 Ἀκταίονος
1772 948 2042 1027 θυγατρός.

486 1049 573 1101 De
599 1048 677 1106 Μ.
704 1045 973 1118 Olynthio
994 1041 1225 1098 aliunde
1252 1058 1369 1095 non
1393 1050 1625 1095 constat.
1650 1041 1799 1095 Num
1819 1038 2045 1095 sortasse

488 1142 607 1188 erat
655 1133 734 1191 Μ.
778 1133 806 1188 ὅ
835 1126 1063 1193 Λύκιοςὲ
1091 1129 1349 1185 Ceterum
1390 1127 1713 1182 Phoenicem
1763 1123 2046 1198 quendam

489 1238 522 1275 c
545 1221 695 1292 Tyro
722 1218 1098 1273 Menecraten:
1120 1221 1399 1269 memorat
1421 1212 1723 1268 Zenobius.

859 1346 1011 1402 ΜΕΝ
1019 1344 1343 1403 ECRATES
1385 1341 1680 1398 TYRIUS.

1238 1454 1292 1511 6.

569 1560 785 1620 Zenob.
832 1562 929 1628 lv,
972 1555 1099 1618 38:
1140 1555 1340 1622 Ἰνοῦς
1375 1553 1555 1634 ἄχη.
1600 1552 2047 1629 ἸνὼήΚάδμου

491 1651 806 1706 συνελθουσα
829 1643 1114 1720 Ἀθάμαντι
1149 1642 1239 1699 δύο
1280 1642 1518 1719 ἐγέννησε
1554 1640 1771 1710 παῖδας,
1808 1639 2048 1718 Λέαρχον

491 1733 583 1791 καὶ
614 1730 969 1810 Μελικέρτην,
989 1730 1078 1789 καὶ
1108 1726 1362 1808 θυγατέρα
1391 1727 1732 1807 Εὐρύκλειαν.
1757 1717 1919 1792 Οὗτοι
1944 1725 2048 1785 ὑπο

492 1818 808 1895 Ἀθάμαντος
832 1814 1080 1893 μανέντος
1120 1814 1580 1885 κατετοξεύθησαν.
1621 1810 1775 1873 Μετὰ
1796 1812 1850 1871 δὲ
1881 1816 2045 1873 Μελι-

492 1906 676 1986 κέρτου
706 1910 742 1976 ἡ
768 1903 890 1965 Ἰνὼ
912 1903 1115 1984 ἔρριψεν
1148 1901 1336 1973 ἑαυτὴν
1363 1903 1434 1968 εἰς
1463 1899 1554 1971 τὴν
1582 1899 1709 1981 πρὸς
1730 1903 1804 1978 τῷ
1839 1902 2047 1960 Μολου-

495 1995 589 2074 ρίῳ
619 1993 907 2051 θάλασσαν.
943 1992 1051 2052 Καὶ
1080 1989 1173 2061 τὴν
1201 1990 1296 2068 μὲν
1316 1991 1388 2055 εἷς
1417 1988 1642 2066 Μέγαρα
1667 1962 2046 2066 προσῆρασθεῖ-

495 2103 590 2137 σαν
626 2081 888 2158 Μεγαρεῖς
923 2075 1221 2153 ἀνελόμενοι
1251 2075 1341 2134 καὶ
1380 2076 1569 2133 πολυτ
1550 2075 1675 2139 ..λως
1705 2072 2050 2143 κηδεύσαντες

494 2169 746 2228 ἕκάλεσαν
768 2166 1084 2229 Λ·ευκοθέαν
1104 2166 1194 2224 τὸν
1216 2164 1270 2224 δὲ
1299 2167 1371 2231 εἰς
1392 2165 1641 2244 Κόρινθον
1667 2163 1926 2243 Κορίνθιοι
1953 2166 2050 2221 θά-

492 2252 1022 2337 ψαντεςΜελικέρτην
1047 2252 1257 2332 ἄγουσιν
1275 2252 1357 2311 ἐπ’
1368 2255 1510 2333 αὐτῷ
1539 2254 1715 2329 άγωνα
1727 2248 1830 2308 ‘to'
1838 2254 1854 2310 Ι
1863 2255 2045 2327 σθμια

496 2343 598 2406 Διὰ
625 2343 687 2415 δὴ
708 2349 876 2403 ταῦτα
904 2341 1106 2423 εἴρηται
1131 2341 1291 2407 Ἰνοῦς
1320 2339 1447 2418 ἄχη.
1506 2336 1660 2418 Ἀχος
1677 2339 1779 2418 γὰρ
1808 2343 1842 2409 ἡ
1867 2337 2046 2410 λύπη,

496 2436 706 2512 ἀχανεῖς
730 2434 946 2489 ποιοῦσα
974 2451 1090 2494 τους
1116 2432 1289 2494 κακῶς
1315 2426 1592 2493 παθόντας.
1674 2428 1860 2486 Ἰαυτα
1882 2425 1934 2484 δὲ
1955 2429 2049 2496 δη·

494 2518 654 2577 λώσει
674 2540 764 2576 και
787 2516 1121 2594 Μενεκράτης
1142 2518 1170 2572 ὁ
1188 2513 1378 2593 Τύριος
1406 2513 1422 2592 (
1445 2517 1475 2572 ὁ
1501 2512 1780 2592 Λύκιοςὲ).
1812 2512 2048 2574 Πέπονθε

500 2605 555 2663 δὲ
578 2604 739 2669 οὕτως
767 2603 888 2663 Ἰνὼ
921 2604 988 2661 δι’
1020 2601 1190 2660 αἰτίαν
1217 2601 1390 2671 τήνδε.
1424 2601 1648 2677 Ἀθάμας
1674 2599 1922 2710 πρότερον
1962 2625 2053 2678 γυ-

494 2696 652 2750 ναῖκα
672 2687 908 2770 έσγηκὼς
939 2690 1198 2770 Νεφέλην,
1229 2687 1319 2746 δύο
1346 2688 1535 2754 παῖδας
1555 2690 1612 2746 ἐκ
1635 2685 1828 2758 ταύτης
1847 2685 2052 2756 Ἕλλην

497 2778 585 2836 καὶ
607 2775 801 2855 Φρίξον
825 2778 1178 2876 ἐγέννησεν,
1200 2774 1420 2834 ’νΑποθα
1396 2774 1579 2845 νούσης
1603 2773 1656 2831 δὲ
1681 2796 1773 2845 της
1792 2772 2050 2852 Νεφέλης,

497 2855 739 2934 δευτέραν
769 2858 996 2932 ἠγαγετο
1025 2857 1246 2930 γυναῖκα
1283 2852 1434 2913 Ἰνώ·
1475 2851 1586 2922 ἥτις
1634 2851 2052 2911 έπιὸουλεύσασα

497 2943 605 3010 τοῖς
634 2946 726 3013 τῆς
749 2938 987 3021 Νεφέλης
1018 2941 1197 3013 παισι,
1220 2939 1505 3021 παρέπεισε
1534 2938 1627 3006 τὰς
1652 2942 1755 2998 τῶν
1788 2940 2053 3021 ἐγχωρίων

497 3037 749 3109 γυναῖκας
778 3035 986 3108 φρυγεῖν
1010 3026 1075 3085 τὰ
1105 3026 1402 3106 σπέρματα.
1433 3025 1501 3086 Ἥ
1525 3050 1594 3103 γη
1618 3024 1671 3084 δὲ
1695 3025 2053 3106 πεφρυγμένον

497 3116 588 3176 τὸν
627 3115 822 3223 σπόρον
855 3112 1112 3191 δεχομένη
1149 3111 1377 3193 καρπους
1415 3112 1649 3183 ἐτησίους
1671 3115 1766 3171 οὗκ
1794 3112 2047 3174 ἀνεδίδου.

501 3201 729 3281 Πέμψας
764 3190 851 3259 ουν
894 3203 963 3266 εἰς
990 3198 1219 3281 Δελφούς
1251 3204 1279 3257 ὁ
1304 3199 1530 3276 Ἀθάμας
1557 3200 1678 3279 περὶ
1710 3204 1803 3272 τῆς
1839 3199 2055 3281 ἀφορίας

500 3287 825 3348 ἔπυνθάνετο.
862 3286 1058 3365 Δώροις
1086 3287 1140 3345 δὲ
1179 3285 1407 3346 πείσασα
1441 3285 1560 3345 Ἰνὼ
1583 3287 1698 3354 τους
1726 3288 2053 3367 πεμφθέντας

500 3377 714 3435 ὑπέθετο
739 3378 910 3436 αὗτοῖς
939 3377 1099 3432 εἰπεῖν
1124 3373 1575 3455 ὓποστρέψασιν,“
1548 3400 1617 3441 ως
1642 3377 1838 3433 ἀνεῖλεν
1858 3379 1886 3434 ὁ
1909 3377 2052 3449 θεὸς,

497 3462 705 3535 Ἕλλην
735 3462 824 3520 καὶ
852 3461 1047 3542 Φρίξον
1076 3467 1491 3543 σφαγιασθῆναι,
1516 3464 1562 3520 εἰ
1588 3463 1781 3521 θέλοιεν
1806 3464 2050 3521 ἀπαλλα-

498 3551 596 3629 γὴν
622 3555 715 3622 τῆς
734 3548 948 3629 ἀφορίας
978 3546 1202 3608 ἔσεσθαι.
1237 3547 1478 3616 Πεισθεὶς
1497 3540 1585 3608 οὗν
1612 3552 1640 3607 ὁ
1665 3546 1888 3626 Ἀθάμας
1914 3547 2060 3610 ἽΞλ·

498 3641 596 3710 λην
627 3639 716 3696 καὶ
746 3637 940 3717 Φρίξον
971 3640 1047 3717 τῷ
1076 3641 1240 3716 βωμῶ
1273 3636 1623 3718 παρέστησεν.
1664 3636 1804 3696 Ἀλλ’
1836 3636 2056 3702 ἐκείνους

1249 3808 1301 3859 5.

563 3942 820 3992 Phoenicia*
844 3942 994 3991 literae
1022 3941 1249 3991 dicuntur
1285 3942 1549 3991 secundum
1579 3941 1852 3990 Andronem
1875 3942 1925 3990 et
1955 3902 2059 3989 hle·

500 4023 747 4101 nec-ratem
765 4019 1082 4081 Olynthium(
1100 4022 1303 4081 Lycium
1320 4023 1365 4079 ι’)
1384 4033 1413 4067 a
1438 4018 1661 4068 Pboeaice
1679 4017 1919 4068 Aotaeonis
1941 4017 2055 4067 tilia.

1210 4142 1270 4191 6.

566 4266 692 4317 Inus
731 4279 999 4316 cerum-noe.
1041 4269 1154 4325 ino,
1194 4266 1366 4316 cadmi
1399 4267 1496 4317 tilia
1515 4304 1529 4328 ‚
1571 4268 1844 4317 Athamanti
1876 4268 2062 4331 peperit

502 4344 626 4394 duos
649 4355 850 4407 pueros,
871 4344 1139 4393 Learchum
1165 4346 1216 4393 et
1234 4344 1535 4405 Melicerten,
1556 4348 1703 4407 atque
1725 4344 1873 4394 liliam
1900 4347 2057 4407 Eury·

500 4422 669 4471 cham.
694 4421 935 4471 Lean-chus
966 4423 1017 4470 et
1036 4421 1270 4482 Euryclea
1303 4434 1333 4470 a
1346 4424 1487 4484 patre
1505 4422 1693 4471 furente
1706 4420 1893 4484 sagittis
1918 4421 2058 4472 inter·

499 4499 614 4550 fecti
631 4502 900 4559 sunt;cum
925 4500 1165 4550 Melicerte
1190 4502 1354 4549 aulem
1374 4503 1460 4550 lno
1482 4499 1530 4549 in
1554 4512 1703 4562 mare,
1722 4500 1855 4562 quod
1876 4499 1937 4548 ad
1961 4504 2063 4550 Μο-

499 4575 682 4625 luriom
699 4578 797 4637 est,
832 4576 1123 4639 proecipitem
1140 4589 1193 4625 se
1210 4575 1357 4626 dedit.
1378 4583 1446 4627 Ac
1466 4580 1662 4628 Inonem
1681 4577 1873 4640 quidem
1887 4613 1901 4636 ,
1923 4578 2062 4640 cnjus

501 4664 677 4714 corpus
699 4651 748 4701 in
766 4652 1055 4715 Megaricum
1076 4652 1187 4702 litus
1207 4652 1413 4714 ejectum
1427 4656 1524 4715 est,
1547 4657 1839 4716 Megarenses
1860 4655 2063 4704 sustule-

502 4729 617 4778 runt
632 4763 646 4786 ,
668 4740 727 4777 ac
743 4727 990 4791 splendido
1009 4728 1175 4779 sunere
1201 4729 1490 4780 honorantes
1511 4742 1617 4780 eam
1638 4732 1955 4780 Leucotheam
1978 4744 2060 4780 no·

502 4804 777 4866 minarunt;
818 4804 1094 4855 Melicerten
1126 4818 1240 4855 vero
1263 4806 1551 4857 Corinthum
1584 4807 1798 4857 delatum
1828 4808 2060 4870 sepelive-

502 4883 619 4929 runt
637 4881 892 4943 corinthii,
912 4881 960 4930 in
979 4882 1176 4944 ejusque
1196 4884 1426 4933 honorem
1446 4884 1691 4935 celebrant
1708 4885 1919 4935 isthmia.
1939 4887 2062 4935 Hinc

500 4959 672 5007 natum
692 4956 999 5021 proverbium
1016 4957 1156 5015 Ἰνοῦς
1180 4959 1294 5023 ἄχη.
1316 4961 1453 5024 ’Δχος
1483 4962 1612 5011 enim
1638 4963 1710 5011 est
1728 4961 1919 5012 tristitia
1934 4999 1949 5024 ,
1968 4962 2059 5012 do·

504 5037 597 5099 lor,
620 5038 704 5099 qui
737 5037 865 5086 mala
892 5037 1124 5099 patientes
1159 5038 1327 5089 reddat
1357 5041 1560 5103 ἀχανεῖς,
1579 5042 1765 5090 mutos.
1808 5042 1922 5090 tloec
1947 5054 2062 5091 vero

1080 379 1594 443 MENECRATES
1633 377 2094 449 oLYN‘rflms‚
2135 376 2437 450 TYRtUS,
2482 373 2915 436 NYSAENSlS.

2130 504 2225 581 μὲν
2250 504 2689 585 κατοικτείραντες
2715 505 2762 561 oi
2786 502 2890 560 θεοὶ
2921 500 3005 559 διὰ
3034 524 3122 559 του
3146 500 3522 580 γρυσομάλλου
3543 522 3695 579 κριου

2136 594 2394 674 ἐναερίους
2421 592 2756 670 ἀφήρπασαν.
2795 589 2955 649 Ὅθεν
2985 585 3159 657 Ἕλλη
3191 589 3285 664 μὲν
3325 587 3567 666 ἀντέχειν
3615 587 3696 662 μὴ

2132 680 2424 755 δυναμένη,
2453 681 2523 745 εἰς
2549 677 2637 736 τὸν
2663 677 2754 736 ἀπ’
2776 675 2979 745 ἐκείνης
3006 674 3258 745 κληθέντα
3286 673 3697 745 Ἑλλήσποντον

2132 766 2474 825 καταπίπτει·
2515 764 2706 844 Φρίξος
2742 764 2797 821 δὲ
2835 765 2906 830 εἷς
2932 762 3027 832 τὴν
3068 760 3334 840 Κολχικὴν
3378 758 3701 829 διασώζεται

2132 859 2248 933 γῆν.
2307 855 2330 933 [
2353 853 2632 928 Ἀθάμαντι
2686 849 2741 910 δὲ
2793 848 2982 927 μανίαν
3038 847 3353 925 ἒμὸαλόντες
3404 847 3502 918 τὴν
3573 847 3703 908 Ἰνὼ

2133 946 2346 1001 τοιαῦτα
2374 946 2555 999 παθεῖν
2583 937 3046 1018 παρεσκεύασαν.]
3080 938 3163 996 Cf.
3197 939 3457 1012 Apostol.
3490 939 3554 1008 1,
3586 940 3722 1010 49,

2133 1033 2311 1087 schol.
2335 1028 2788 1104 Aristoph.Nub.
2807 1026 2945 1095 2253
2961 1026 3185 1082 Miiiler.
3206 1028 3359 1081 Min.
3391 1044 3451 1098 p.
3479 1025 3591 1098 169
3603 1043 3700 1097 sq.

2884 1169 2937 1220 7.

2215 1274 2439 1327 Servius
2470 1272 2542 1327 ad
2561 1273 2717 1346 Virg.
2748 1268 2871 1328 AEn.
2901 1272 3001 1338 vl,
3032 1277 3098 1334 14
3139 1288 3152 1323 :
3184 1270 3534 1324 Menecrates
3562 1268 3702 1322 Doe-

2140 1362 2331 1415 dalum
2354 1365 2526 1414 occiso
2543 1360 2798 1432 patruele
2808 1356 3006 1428 fratre
3039 1356 3263 1411 Cretam
3281 1358 3506 1429 petiisse
3524 1353 3688 1414 diem

2141 1450 2360 1502 Icarum
2382 1447 2568 1517 filium
2603 1451 2721 1516 ejus
2742 1441 2818 1499 ab
2850 1447 3046 1498 Atticis
3065 1443 3284 1514 pume
3310 1441 3440 1494 dum
3443 1436 3700 1508 fluv-em

2125 1539 2278 1609 petit
2301 1531 2604 1604 naufragio
2639 1536 2898 1606 periisse,
2932 1531 3079 1585 unde
3118 1534 3264 1583 mari
3295 1544 3514 1583 nomen.
3559 1528 3700 1581 Haec

2137 1621 2421 1693 cujusnam
2447 1619 2776 1677 Menecratis
2800 1620 2911 1673 sint
2935 1618 3146 1672 nescio.

2452 1861 2929 1917 MENECRATES
2967 1859 3379 1916 NYSAENSIS.

2215 1984 2418 2039 Strabo
2450 1982 2606 2051 XIV,
2636 2000 2697 2055 p.
2724 1980 2887 2036 650:
2919 1973 3126 2057 Ἄνδρες
3153 1976 3210 2036 δὲ
3239 1976 3510 2056 γεγόνασιν
3546 1977 3700 2035 ἔνδο·

2139 2067 2211 2136 ξοι
2237 2070 2460 2133 Νυσαεῖς
2484 2066 2892 2132 Ἀπολλώνιος...
2925 2065 3015 2124 καὶ
3044 2063 3402 2144 Μενεκράτης,
3421 2063 3697 2145 Ἀριστάρ-

2137 2178 2234 2235 χου
2267 2154 2538 2231 ’,μαθητὴς
2597 2153 2689 2212 καὶ
2739 2154 3137 2231 Ἀριστόδημος,
3190 2153 3386 2211 ἐκείνω
3441 2153 3580 2224 υἱὸς,
3631 2144 3694 2211 οὗ

2146 2240 2496 2319 διηκούσαμεν
2529 2245 2682 2319 ἡμεις
2723 2239 3063 2320 ἐσχατόγηρω
3104 2238 3208 2298 νέοι
3237 2242 3506 2305 παντελῶς
3536 2242 3590 2298 ἕν
3627 2262 3694 2318 τη

2143 2331 2317 2408 Νύσῃ.
2365 2331 2563 2388 Suidas
2609 2351 2622 2385 t
2678 2327 2887 2398 Ἰάσων,
2936 2327 3414 2406 Μενεκράτους,
3458 2326 3701 2392 Nouato<

2141 2422 2201 2478 ἐκ
2224 2416 2440 2496 πατρὸς,
2466 2416 2572 2474 ἀπὸ
2597 2416 2651 2473 δὲ
2683 2414 2877 2495 μητρὸς
2906 2414 3136 2486 Ῥόδιος,
3163 2413 3400 2491 μαθητὴς
3426 2412 3518 2473 καὶ
3550 2420 3704 2491 θυγα-

2141 2507 2338 2587 τριδοῦς
2357 2503 2444 2562 καὶ
2470 2503 2707 2582 διάδοχος
2737 2508 2829 2574 τῆς
2856 2505 2909 2561 ἐν
2936 2501 3107 2581 Ῥόδῳ
3135 2501 3402 2581 διατριὸἦς
3426 2502 3702 2560 Ποσειδω-

2140 2594 2248 2651 νίου
2272 2597 2362 2650 τοῦ
2384 2590 2680 2671 φιλοσόφου.
2709 2593 2928 2648 Floruit
2953 2592 3124 2666 igitur
3149 2593 3227 2646 M.
3257 2592 3406 2647 circa
3439 2590 3704 2646 150-100

2142 2702 2192 2738 a.
2226 2683 2360 2739 Chr.
2387 2682 2665 2755 (Clinton.
2691 2682 2756 2736 F.
2789 2680 2864 2733 Η.
2893 2681 3004 2747 111,
3027 2696 3088 2751 p.
3125 2675 3233 2743 554
3261 2678 3304 2753 ).
3330 2680 3436 2733 Hic
3464 2678 3697 2734 fortasse

2143 2781 2224 2825 est
2263 2771 2637 2836 Menecrates,
2665 2767 2820 2838 cujus
2847 2768 3102 2821 meminit
3140 2766 3434 2822 scholiasta
3460 2765 3691 2822 Pindari

2142 2855 2234 2911 ad·
2263 2856 2352 2911 01.
2390 2856 2476 2922 11,
2526 2853 2595 2909 16
2649 2872 2661 2907 ε
2719 2850 3053 2930 Μενεκράτης
3107 2849 3162 2909 δέ
3222 2872 3350 2929 φησι
3395 2853 3573 2930 ληρεῖν
3615 2851 3708 2910 τὸν

2145 2938 2471 3021 Ἀρτέμωνα·
2496 2937 2571 3017 μὴ
2599 2936 2700 3019 γὰρ
2728 2946 2917 3017 καμεῖν
2952 2936 3068 3005 τοὺς
3095 2938 3214 3018 περὶ
3247 2938 3558 3016 Ἀντίφημον
3587 2939 3709 3019 περὶ

2144 3028 2238 3097 τὴν
2287 3026 2551 3100 ἀποικίαν,
2595 3026 2730 3086 ἀλλὰ
2776 3028 2974 3103 μᾶλλον
3013 3023 3148 3084 κατὰ
3185 3025 3454 3085 εὐπέτειαν
3505 3026 3708 3097 πολλὴν

2144 3118 2313 3179 αὐτοῖς
2336 3112 2508 3172 πάντα
2538 3112 2929 3187 συμ6ε6ηκέναι
2966 3116 3080 3173 κτλ.
3114 3115 3282 3172 Unde
3309 3116 3543 3190 colligas
3573 3135 3706 3172 eum

2144 3204 2547 3260 commentario
2581 3205 2875 3260 illustrasse
2908 3204 3157 3259 carmina
3191 3203 3507 3261 Pindarica.
3545 3203 3709 3259 Idem

2141 3291 2403 3347 laudatur
2437 3309 2469 3345 a
2498 3290 2672 3345 schol.
2712 3291 2784 3347 ad
2825 3290 2987 3348 Nem.
3036 3293 3148 3361 111,
3195 3297 3322 3361 104,
3353 3290 3426 3346 de
3462 3309 3706 3347 numero

2145 3379 2453 3434 liberorum
2481 3379 2752 3452 Megarae3
2782 3399 2899 3452 quo
2940 3382 3069 3435 loco
3119 3398 3240 3452 quae
3269 3379 3586 3434 afferuntur
3626 3378 3700 3433 de

2144 3464 2340 3521 eadem
2393 3483 2457 3521 re
2512 3468 2796 3521 sententiae
2845 3468 3099 3541 Dionysii
3151 3466 3541 3541 cyclographi,
3591 3467 3707 3520 Eu·

2145 3553 2369 3627 ripidis,
2413 3554 2623 3621 Diniae,
2657 3554 3027 3628 Pherecydis,
3080 3556 3227 3619 nati,
3273 3552 3594 3618 Hei-odori,
3637 3572 3708 3607 ex

2144 3640 2348 3696 eodem
2393 3638 2662 3697 fluxerint
2701 3643 3043 3698 Menecrate.
3086 3641 3248 3698 Adde
3300 3641 3477 3698 schol.
3524 3640 3704 3712 soph,

2152 3804 2296 3854 etiam
2319 3808 2611 3855 Menecrates
2631 3805 2805 3867 Tyrius
2822 3806 3027 3857 docebit.
3055 3809 3142 3856 Ino
3159 3805 3221 3855 ob
3233 3805 3361 3854 hanc
3377 3818 3571 3854 cansam
3594 3804 3712 3854 talia

2151 3893 2375 3942 perpessa
2399 3883 2486 3930 est.
2522 3880 2797 3930 Athamanti
2832 3882 2965 3943 prius
2995 3882 3203 3943 Nephele
3239 3883 3497 3944 nupserat,
3528 3893 3589 3930 ex
3611 3894 3709 3944 qna

2149 3959 2271 4008 tilios
2285 3958 2409 4008 duos
2430 3958 2599 4009 Hellen
2621 3962 2671 4009 et
2690 3960 2922 4010 Phrixum
2935 3961 3128 4010 sustulit
3153 3973 3277 4023 :qna
3298 3964 3491 4010 mortua
3503 3960 3710 4009 alteram

2150 4035 2291 4087 duxit
2316 4050 2516 4088 uxorem
2535 4042 2637 4088 lno.
2661 4041 2728 4087 Ea
2746 4039 2979 4101 Nepheles
2996 4040 3154 4089 liberis
3169 4038 3387 4089 insidiata
3409 4041 3508 4099 est,
3523 4041 3574 4089 et
3595 4051 3708 4101 per-

2147 4113 2296 4163 suasit
2314 4113 2545 4177 indigenis
2576 4115 2885 4176 mulieribus,
2922 4115 3104 4166 semina
3133 4118 3189 4166 ut
3219 4117 3268 4166 in
3286 4118 3522 4178 sartagine
3551 4119 3710 4165 torm·

2148 4194 2268 4240 rent.
2289 4191 2478 4248 Quibus
2499 4205 2744 4254 aspersum
2765 4193 2924 4242 solum
2954 4206 3140 4243 annuos
3176 4206 3273 4243 non
3298 4193 3484 4244 rettulit
3497 4193 3703 4243 fructus.

2149 4267 2379 4317 Athamas
2411 4267 2553 4331 igitur
2591 4268 2798 4331 Delphos
2830 4269 2987 4333 misit,
3010 4269 3176 4333 quide
3197 4283 3423 4333 agrorum
3458 4270 3710 4320 sterilitate

2147 4345 2396 4394 oraculum
2411 4348 2730 4397 consulerent.
2754 4350 2840 4396 lno
2857 4360 2971 4396 vero
2990 4347 3203 4410 corrupit
3224 4348 3420 4410 legatos,
3436 4348 3588 4409 iisque
3605 4360 3712 4409 per·

2147 4423 2325 4484 suasit,
2346 4425 2402 4472 ut
2433 4423 2609 4473 reversi
2626 4423 2838 4473 dicerent
2866 4424 3161 4487 respondisse
3189 4424 3482 4486 Apollinem,
3505 4425 3545 4474 si
3564 4425 3710 4474 ateri-

2149 4496 2332 4548 litatem
2373 4502 2589 4550 avertere
2632 4500 2806 4561 vellet,
2843 4500 3008 4550 Hellen
3048 4514 3106 4550 ac
3153 4502 3382 4551 Phrixum
3426 4500 3710 4551 mactandos

2147 4588 2264 4624 esse.
2310 4577 2476 4636 ltaque
2514 4589 2766 4638 persuasus
2802 4577 3030 4628 Athamas
3069 4564 3301 4628 Phrixum
3324 4581 3373 4629 et
3409 4578 3577 4628 Hellen
3606 4577 3706 4627 im-

2149 4654 2417 4703 molaturus
2437 4667 2536 4704 arae
2554 4654 2783 4705 admovit.
2810 4657 2902 4704 Sed
2919 4656 3112 4706 illorum
3132 4657 3310 4706 miserti
3336 4656 3431 4717 dii,
3454 4656 3588 4707 aurei
3605 4657 3710 4706 vel·

2147 4730 2259 4780 letis
2276 4730 2424 4779 ariete
2437 4735 2601 4780 vectos
2630 4731 2737 4782 illos
2751 4746 2837 4795 per
2853 4746 2964 4782 aera
2993 4735 3300 4784 sustulerunt.
3343 4733 3480 4785 Helle
3508 4733 3710 4796 quidem

2147 4821 2299 4871 quum
2323 4806 2437 4857 sein
2456 4810 2617 4859 arietss
2633 4814 2764 4872 tergo
2786 4812 2947 4860 tenere
2964 4823 3060 4859 non
3083 4813 3266 4873 posset,
3286 4810 3569 4860 decidensin
3587 4814 3713 4861 Pon·

2148 4887 2254 4934 tum
2277 4897 2453 4933 nomen
2477 4886 2785 4948 Hellesponto
2804 4886 2962 4947 dedit;
2985 4887 3185 4937 Phrixus
3216 4890 3378 4936 autem
3402 4887 3448 4935 in
3473 4887 3708 4938 colduda

2147 4963 2309 5011 salvus
2329 4961 2565 5023 pervenit.
2606 4963 2880 5013 Athamanti
2917 4965 3078 5012 autem
3113 4964 3290 5013 rabiem
3317 4963 3610 5025 injicientes,
3647 4968 3708 5014 ut

2153 5044 2236 5091 lno
2254 5041 2341 5090 ista
2361 5039 2486 5090 mala
2502 5043 2744 5104 pateretur
2760 5042 3038 5092 effecerunt.
