4016 5916
1464 412 1966 473 FRAGMENTA.

217 570 469 626 prorsus
497 551 707 605 alienus
751 547 912 603 fuisse
948 547 1200 615 videtur3
1244 563 1375 601 nam
1413 563 1546 601 cum
1573 547 1801 601 Zenone

3338 433 3452 483 ⁴⁴⁷

1973 547 2075 601 His
2120 545 2475 620 jungendum
2502 560 2581 602 est
2603 548 2673 604 de
2700 551 2989 607 Demetrio
3010 551 3280 610 Phalereo
3302 555 3459 626 judi-

223 641 475 696 coluisse
513 637 718 692 dieitur
743 635 1088 708 amicitiam(
1097 652 1153 687 n.
1183 631 1274 709 3).
1316 633 1398 691 Ac
1427 651 1556 689 sane
1585 634 1802 696 Stoico·
1902 634 2051 687 cium
2097 632 2198 708 (fr.
2244 629 2332 708 α).
2377 635 2648 691 Concedit
2689 638 2919 709 quidem
2962 643 3354 714 exsanguiuem
3400 653 3456 697 et
3484 675 3505 692 .

215 745 371 784 rum
394 726 746 801 potissimum
767 711 1082 779 doctrinam
1104 722 1517 778 Demochares
1503 742 1562 776 ιιι
1592 723 1655 779 ea
1681 742 1802 795 quae
1884 720 2170 792 jacentem
2194 723 2474 778 civitatem
2496 723 2567 778 ab
2593 741 2660 779 eo
2687 726 2986 788 relevatam
3012 744 3154 795 esse,
3181 741 3457 801 quatenus

228 826 380 870 tunc
432 814 662 871 Athenis
698 821 817 867 erat
851 828 1042 865 rerum
1088 787 1443 882 publicarum
1476 810 1806 866 conditione

227 902 492 976 probare
533 899 758 972 debuit,
787 898 1037 970 reliquos
1063 897 1432 971 philosophos
1467 896 1583 953 sere
1614 914 1807 951 omnes

228 990 484 1064 publicae
513 986 815 1060 disciplinae
861 996 915 1040 ct
951 984 1235 1059 dignitatis
1270 985 1585 1058 sincerique
1614 985 1806 1057 patriae

231 1076 455 1131 amoris
482 1072 755 1146 judicavit
790 1081 1169 1146 corruptores
1210 1071 1280 1127 Id
1307 1071 1467 1144 quod
1496 1072 1809 1127 luculenter

233 1174 400 1238 patet
419 1180 486 1218 ex
510 1161 783 1229 oratione,
802 1179 912 1233 qua
941 1160 1119 1234 legem
1133 1159 1427 1232 Sophoclis
1445 1158 1516 1215 de
1537 1159 1810 1232 pellendis

231 1248 593 1326 philosophis
618 1249 705 1303 vel
725 1249 913 1321 potius
927 1246 999 1302 de
1019 1246 1328 1302 coercenda
1347 1264 1547 1302 eorum
1566 1246 1808 1320 docendi

237 1338 502 1395 libertate
528 1347 724 1392 contra
771 1336 1064 1391 Philonem
1120 1333 1423 1390 defendere
1463 1333 1678 1390 studuit
1705 1328 1808 1408 (6)3

310 1474 379 1534 (ὓ)
393 1472 562 1523 Athen.
578 1474 706 1532 Xlll,
718 1483 767 1532 p.
781 1473 890 1528 610,
905 1470 937 1516 F
955 1487 966 1516 :
983 1467 1211 1530 Σοφοκλῆς
1221 1467 1271 1516 δέ
1279 1484 1344 1523 τις
1353 1466 1612 1531 ψηφίσματι
1624 1467 1811 1534 ἐξήλασε

239 1542 418 1599 πάντας
437 1541 708 1604 φιλοσόφους
731 1544 810 1597 τῆς
834 1537 1035 1594 Ἀττικῆς
1049 1572 1064 1598 ,
1095 1538 1200 1585 καθ’
1216 1536 1272 1585 οὗ
1290 1536 1426 1593 λόγον
1449 1538 1620 1602 ἔγραψε
1635 1539 1811 1598 Φίλων,

237 1613 272 1659 ὁ
296 1609 634 1674 Ἀριστοτελους
670 1609 923 1671 γνώριμος,
960 1607 1215 1668 ἀπολογίαν
1253 1608 1369 1670 ὑπὶρ
1410 1612 1495 1656 τοῦ
1531 1609 1814 1670 Σοφοκλέους

235 1679 554 1744 Δημοχάρους
569 1677 903 1738 πεποιηκότος,
927 1680 1009 1725 τοῦ
1027 1677 1347 1740 Δημοσθένους
1372 1678 1564 1741 ἀνεψιοῦ
1585 1677 1815 1741 (debehat

242 1750 535 1813 ἀδελφιδοῦ).

309 1827 483 1884 Legem
512 1820 783 1870 accuratius
796 1817 961 1868 definit
979 1817 1116 1880 Diog.
1139 1819 1190 1866 L.
1215 1819 1257 1866 V
1271 1854 1285 1878 ‚
1308 1824 1367 1867 38
1408 1833 1420 1865 :
1443 1819 1615 1881 μηδένα
1633 1823 1726 1868 τῶν
1751 1836 1815 1882 ez-

243 1892 462 1955 λοσόφων
482 1894 655 1956 σχολῆς
697 1890 970 1952 ἀφηγεῖσθαι
1005 1889 1061 1936 ἂν
1107 1889 1171 1949 μὴ
1202 1892 1259 1948 τῇ
1296 1889 1439 1952 βουλῇ
1472 1891 1552 1937 καὶ
1588 1894 1657 1952 τῷ
1683 1890 1816 1951 δήμῳ

245 1965 387 2025 δόξῃ,
407 1963 447 2011 εἰ
471 1963 520 2012 δὲ
549 1962 641 2023 μὴ,
665 1960 858 2009 Θάνατον
887 1958 1101 2016 εἶναιτὴν
1124 1957 1309 2020 ζημίαν.
1345 1961 1554 2021 Tempus
1571 1959 1687 2021 legis
1707 1973 1816 2008 oon·

243 2032 547 2084 stituendum
566 2045 625 2082 ex
645 2044 784 2080 versu
803 2028 1013 2079 Alexidis
1025 2041 1112 2091 ap.
1134 2030 1303 2079 Athen.
1330 2029 1363 2079 l.
1386 2031 1419 2079 l.
1443 2050 1454 2079 :
1491 2033 1648 2081 Πολλὰ
1667 2033 1817 2094 ἀγαθὰ

251 2106 376 2153 δοῖεν
400 2106 444 2152 οῖ
475 2103 570 2152 θεοὶ
615 2100 865 2164 Δημητρίῳ
905 2100 1033 2159 κτλ.,
1064 2099 1146 2147 ubi
1178 2112 1326 2162 quum
1371 2102 1640 2151 Demetrius
1660 2102 1824 2151 nullus

247 2174 374 2224 alius
413 2173 474 2222 sit
494 2184 643 2235 quam
669 2169 985 2230 Poliorcetes,
1023 2169 1100 2217 lex
1123 2167 1204 2217 illa
1240 2170 1407 2231 procul
1438 2169 1585 2220 dubio
1614 2171 1710 2220 lata
1747 2169 1819 2222 est

249 2247 362 2307 post
384 2243 606 2293 liberatas
646 2252 677 2288 a
701 2239 943 2290 Demetrio
982 2238 1190 2288 Athenas
1215 2238 1371 2300 (307)
1397 2242 1446 2289 et
1468 2243 1580 2290 ante
1618 2241 1817 2291 exilium

253 2312 563 2367 Democharis
590 2311 756 2374 (302).
800 2309 876 2360 Cf.
902 2308 1096 2360 clintou
1123 2311 1180 2358 F.
1204 2311 1261 2357 Η
1300 2308 1361 2359 ad
1393 2323 1505 2360 ann.
1558 2317 1670 2361 318.
1713 2315 1818 2374 Ipsa

255 2385 369 2448 legis
386 2385 556 2433 natura
572 2382 733 2431 obstat
750 2393 812 2430 ne
828 2379 920 2430 sub
939 2378 1165 2430 Demetrii
1186 2378 1396 2429 Phalerei
1414 2380 1821 2432 administratione

251 2458 401 2507 latam
424 2466 525 2505 esse
547 2454 794 2515 putemus,
825 2450 1052 2500 monente
1075 2452 1314 2500 Grauerto
1349 2443 1580 2502 Analecc.
1619 2466 1667 2514 p.
1700 2457 1816 2514 335,

255 2538 400 2589 quem
424 2523 586 2574 laudat
599 2525 826 2583 Droysen.
854 2521 1150 2581 Helleni-sm,
1175 2522 1216 2581 1,
1232 2533 1280 2582 ρ.
1300 2524 1392 2573 498
1418 2521 1619 2584 ;ibidem
1639 2522 1747 2572 vide
1760 2523 1820 2574 de

259 2597 372 2658 legis
387 2607 530 2658 scopo
553 2593 746 2656 politico
764 2592 855 2653 (ct.
877 2591 1100 2640 Lan-cher.
1123 2589 1185 2638 ad
1202 2556 1443 2641 Ηοτοᾶοῖ.
1472 2596 1752 2655 V11,p.714
1769 2595 1786 2655 )
1801 2630 1816 2656 ,

254 2679 402 2726 quem
426 2678 488 2714 ex
506 2665 619 2726 ipsis
647 2661 874 2712 orationis
893 2661 1231 2711 Demochareae
1255 2662 1527 2725 fragmentis
1562 2664 1820 2728 intelligere

262 2736 387 2784 licet.
406 2733 644 2783 Pertinent
663 2732 760 2781 huc
781 2746 794 2779 :

321 2804 575 2855 Athenaeus
593 2805 675 2860 ΧΙ,
689 2816 736 2864 p.
751 2807 859 2862 508,
872 2805 933 2852 F:
951 2801 1142 2863 Εὐάγων
1158 2804 1199 2853 δ’
1215 2806 1242 2853 ὁ
1258 2804 1591 2866 Λαμψακηνὸς,
1606 2805 1666 2860 ὥς
1681 2822 1816 2868 φασι·

259 2877 520 2941 Εὐρύπυλος
542 2875 621 2922 καὶ
657 2876 934 2932 Δικαιοκλῆς
968 2876 993 2923 ὁ
1031 2877 1210 2934 Κνίδιος
1247 2877 1293 2925 ἐν
1329 2877 1527 2937 εἰκοστῷ
1548 2878 1627 2924 καὶ
1649 2876 1820 2939 πρώτῳ

258 2945 532 3011 Διατριδῶν,
557 2943 624 2993 ἔτι
655 2942 704 2992 δὲ
727 2944 1005 3009 Δημοχάρης
1024 2947 1051 2994 ό
1073 2948 1223 3010 ῥήτωρ
1247 2946 1293 2995 ἐν
1316 2950 1384 3010 τῷ
1404 2945 1518 3009 ὑπὲρ
1541 2947 1818 3010 Σοφοκλέους

261 3018 373 3080 πρὸς
405 3017 628 3076 Φίλωνα,
659 3015 874 3071 δανείσας
904 3021 960 3078 τῇ
993 3018 1178 3082 πατρίδι
1203 3018 1416 3081 ἀργύριον
1440 3018 1514 3065 ἐπὶ
1538 3017 1737 3080 ἐνεχύρῳ
1763 3023 1818 3080 τῇ

259 3086 505 3151 ἀκροπόλει
519 3121 534 3146 ,
575 3085 657 3135 καὶ
700 3085 1022 3147 ἀποστερήσας
1039 3122 1054 3144 ,
1108 3092 1342 3152 τυραννεῖν
1388 3087 1653 3136 ἐὸουλεύετο
1667 3123 1681 3148 ,
1734 3089 1820 3144 ἕως

257 3156 590 3221 συνδραμόντες
608 3154 680 3203 ἐπ’
696 3153 834 3203 αὐτὸν
853 3157 897 3203 ot
920 3158 1232 3218 Λαμψακηνοὶ
1257 3194 1273 3220 ,
1292 3158 1372 3206 καὶ
1395 3156 1455 3205 τὰ
1474 3157 1688 3221 χρήματα
1706 3157 1817 3206 ἀπο-

261 3226 441 3285 δόντες,
470 3226 695 3281 ἐξὲδαλον.
760 3224 952 3285 Τίμαιος
989 3227 1029 3275 δ’
1052 3229 1079 3276 ὁ
1123 3228 1376 3286 Κυζικηνὸς
1410 3228 1487 3287 (v.
1519 3227 1816 3289 Marquudt.

272 3300 387 3357 Gyz.
414 3308 461 3356 p.
484 3299 560 3345 71.
577 3296 615 3353 )‚
639 3296 702 3346 ὡς
725 3294 751 3342 ὁ
769 3294 904 3351 αὐτὸς
927 3296 1204 3360 Δημοχάρης
1221 3298 1581 3360 φησὶ,χρήματα
1597 3299 1677 3345 καὶ
1693 3301 1818 3345 σῖτον

272 3367 452 3422 ἐπιδοὺς
475 3369 571 3420 τοῖς
603 3363 808 3417 πολίταις
822 3368 917 3425 ,καὶ
937 3366 1012 3416 διὰ
1031 3372 1177 3417 ταῦτα
1201 3369 1456 3425 πιστευθεὶς
1477 3369 1591 3417 εἶναι
1621 3368 1818 3431 χρηστὸς

268 3436 393 3499 παρὰ
422 3438 518 3491 τοῖς
559 3435 853 3495 Κυζικηνοῖς,
891 3437 1051 3499 μικρὸν
1085 3438 1292 3501 ἐπισχὼν
1334 3437 1499 3503 χρόνον
1531 3439 1717 3488 ἐπέθετο
1760 3445 1817 3501 τῇ

265 3506 474 3569 πολιτείᾳ
515 3506 572 3553 δι’
603 3504 848 3567 Ἀριδαίου.
916 3508 1090 3569 Κριθεὶς
1112 3508 1185 3567 δὲ,
1225 3510 1306 3558 καὶ
1329 3508 1494 3570 ἁλοὺς,
1538 3510 1617 3558 καὶ
1657 3510 1815 3569 ἀδοξή-

263 3595 354 3632 σας
367 3615 380 3637 ,
406 3578 451 3625 ἐν
471 3576 553 3638 μὲν
572 3580 628 3637 τῇ
648 3573 778 3622 πόλει
798 3575 986 3638 ἐπέμενε
1009 3579 1201 3635 παλαιὸς
1229 3580 1306 3628 καὶ
1325 3581 1622 3643 γεγηρακὼς,
1643 3579 1817 3642 ἀτίμως

271 3649 318 3695 δὲ
345 3648 423 3695 καὶ
450 3646 619 3700 ἀδόξως
641 3644 824 3699 διαζῶν.
892 3648 1103 3695 Τοιοῦτοι
1128 3649 1168 3696 δ’
1189 3650 1278 3698 εἰσὶ
1305 3651 1384 3697 καὶ
1404 3654 1483 3697 νῦν
1511 3654 1606 3697 τῶν
1629 3649 1818 3708 Ἀκαδη-

271 3722 452 3781 μαικῶν
466 3732 581 3772 τινες
597 3750 613 3775 ,
636 3714 833 3771 ἀνοσίως
851 3716 929 3763 καὶ
951 3716 1120 3774 ἀδόξως
1142 3720 1364 3782 βιοῦντες.
1432 3719 1694 3782 Χρημάτων
1731 3724 1819 3783 γὰρ

271 3790 314 3845 ἐξ
335 3787 549 3842 ἀσεὸείας
575 3787 657 3835 καὶ
693 3785 818 3848 παρὰ
847 3786 980 3849 φύσιν
1012 3789 1332 3852 κυριεύσαντες
1367 3790 1446 3839 διὰ
1482 3792 1719 3852 γοητείαν,
1741 3799 1820 3841 νῦν

271 3861 355 3908 εἰσὶ
375 3858 667 3921 περίδλεπτοι
680 3869 692 3880 ·
706 3856 865 3920 ὥσπερ
881 3858 961 3906 καὶ
985 3859 1171 3922 Χαίρων
1189 3861 1217 3908 ὁ
1243 3860 1513 3920 Πελληνεὺς,
1535 3862 1584 3917 ὃς
1607 3863 1661 3911 οὐ
1682 3861 1819 3923 μόνον

274 3927 481 3978 Πλάτωνι
513 3926 784 3991 ἐσχόλακεν,
824 3926 940 3976 ἀλλὰ
973 3930 1053 3977 καὶ
1078 3929 1370 3992 Ξενοκράτει.
1438 3934 1528 3980 Καὶ
1566 3932 1697 3989 οὗτος
1721 3932 1818 3993 οὖν,

273 4004 348 4055 τῆς
365 3998 577 4060 πατρίδος
594 4001 767 4060 πικρῶς
785 3999 1070 4060 τυραννήσας
1083 4034 1096 4057 ,
1120 4000 1176 4048 οὐ
1199 4001 1339 4061 μόνον
1357 4000 1464 4056 τοὺς
1493 4002 1705 4064 ἀρίστους
1728 4008 1820 4050 τῶν

274 4072 467 4118 πολιτῶν
487 4068 720 4128 ἐξήλασεν,
743 4069 860 4117 ἀλλὰ
887 4071 967 4118 καί
987 4076 1083 4126 τοῖς
1116 4072 1293 4119 τούτων
1327 4072 1504 4126 δούλοις
1525 4075 1585 4121 τὰ
1607 4074 1822 4135 χρήματα

269 4144 360 4187 τῶν
379 4140 623 4188 δεσποπῶν
642 4139 953 4201 χαρισάμενος
967 4176 981 4199 ,
1008 4142 1088 4189 καὶ
1113 4141 1193 4194 τὰς
1215 4141 1401 4189 ἐκείνων
1429 4147 1652 4200 γυναῖκας
1673 4145 1825 4206 συνῴ-

275 4225 373 4259 κισε
393 4210 501 4271 πρὸς
521 4208 673 4270 γάμου
692 4210 933 4258 κοινωνίαν
946 4246 961 4270 ,
981 4210 1109 4259 ταῦτ’
1126 4212 1371 4272 ὠφεληθεὶς
1391 4213 1444 4261 ἐκ
1468 4217 1546 4271 τῆς
1564 4214 1707 4270 καλῆς
1733 4216 1823 4263 Uo·

277 4279 438 4335 λιτείας
457 4280 537 4326 καὶ
563 4284 656 4326 τῶν
679 4278 962 4342 παρανόμων
987 4280 1178 4341 Νόμων.

337 4348 489 4398 Etiam
522 4348 841 4409 reliquorum,
874 4362 985 4411 qum
1013 4350 1184 4399 eodem
1209 4364 1348 4399 sensu
1381 4351 1506 4413 apud
1541 4352 1712 4401 Athen.
1736 4352 1767 4401 l.
1791 4354 1822 4402 l.

278 4419 550 4477 dictasunt,
581 4417 706 4466 bona
733 4430 843 4480 pars
867 4433 926 4469 ex
953 4421 1246 4470 Demochare
1270 4421 1479 4470 fluxerit.

335 4488 464 4538 idem
497 4490 560 4548 V,
595 4494 701 4550 212),
725 4491 763 4538 C
805 4493 1062 4552 postquam
1097 4489 1284 4539 dixerat
1318 4491 1378 4540 (le
1419 4490 1556 4552 Lysia
1595 4492 1824 4552 Epicureo

276 4557 577 4620 philosopho,
613 4558 662 4613 ὃς
685 4558 730 4613 ἐξ
763 4559 948 4620 ἱματίου
971 4560 1190 4622 τύραννος
1223 4559 1298 4619 ἦν,
1331 4560 1523 4620 subjicit
1565 4579 1577 4608 :
1608 4563 1821 4609 Τοιοῦτοι

279 4630 389 4677 εἰσὶν
409 4631 453 4677 οἱ
495 4628 588 4677 ἀπὸ
627 4630 892 4691 φιλοσοφίας
915 4632 1184 4693 στρατηγοὶ,
1213 4631 1315 4692 περὶ
1344 4631 1409 4677 ὧν
1432 4630 1710 4694 Δημοχάρης
1730 4633 1822 4679 ἐλε·

275 4713 378 4761 γεν·
415 4718 439 4741 ι
470 4699 656 4760 Ὥσπερ
681 4699 736 4748 ἐκ
766 4700 972 4764 θύμὸρας
996 4702 1143 4758 οὐδεὶς
1177 4703 1233 4749 ἂν
1268 4701 1451 4750 δύναιτο
1477 4703 1824 4751 κατασκευάσαι

277 4769 465 4833 λόγχην,
486 4770 582 4819 οὐδ’
599 4770 651 4818 ἐκ
669 4771 944 4834 Σωκράτους
964 4772 1249 4833 στρατιώτην
1273 4771 1532 4834 ἄμεμπτον,
1557 4790 1580 4812 ι»
1602 4772 1828 4833 Sequitur

273 4840 533 4903 disputatio
559 4840 620 4890 de
657 4843 865 4892 Socratis
899 4841 1312 4904 expeditionibus,
1344 4842 1521 4906 quippe
1554 4855 1663 4904 qum
1696 4856 1828 4893 mera

281 4912 485 4961 Platonis
502 4914 595 4962 sint
617 4915 908 4963 commenta.
929 4940 992 4953 -
1017 4911 1149 4961 ldem
1172 4913 1477 4963 Democharis
1489 4912 1669 4961 dictum
1688 4913 1828 4962 Athe-

277 4994 408 5031 naens
421 4982 482 5033 de
503 4982 595 5031 alia
618 4997 669 5034 re
690 4984 892 5046 loquens
920 4983 1091 5047 repetit
1123 4985 1183 5044 v,
1204 4997 1251 5046 p.
1282 4989 1386 5057 187,
1419 4988 1477 5033 D.
1503 4984 1576 5032 Cf
1601 4983 1829 5033 Eusebius

284 5055 330 5101 Ι).
354 5054 408 5099 Ε.
431 5054 535 5112 xV,
561 5058 605 5111 2,
627 5065 675 5114 p.
699 5057 815 5104 791.

335 5124 409 5170 Ex
449 5122 542 5171 alia
585 5123 801 5172 oratione
842 5122 1149 5172 Democharis
1191 5123 1425 5172 Plutarch
1464 5126 1506 5171 V
1510 5124 1562 5171 it.
1611 5126 1652 5171 X
1693 5126 1825 5172 Orat.

279 5207 323 5254 p.
342 5196 450 5253 8⁴0,
467 5195 508 5241 D
531 5192 588 5255 (p
627 5198 744 5243 ¹024
770 5193 952 5257 Didot.)
982 5194 1217 5255 εἙγένετο
1237 5196 1333 5256 (sc.
1364 5193 1663 5256 Αἰσχίνης)δ”
1687 5194 1828 5256 εὔρω-

1895 2380 2145 2453 ,arripuit
2184 2382 2420 2437 Timaeus
2455 2381 2551 2457 (sr.
2610 2387 2717 2447 140
2744 2381 2897 2459 sq.)‚

1897 808 1988 862 ille
2013 807 2258 865 effecerit
2282 820 2343 864 ut
2374 812 2539 884 copia
2566 828 2755 866 rerum
2775 831 2897 884 quae
2921 813 2995 867 ad
3018 815 3185 869 vitam
3210 836 3455 874 necessa·

1897 896 1991 949 riae
2032 906 2186 964 sunt,
2238 897 2374 952 urbs
2425 897 2768 967 abundaret;
2819 909 2876 953 at
2924 918 3061 954 num
3116 903 3281 956 etiam
3330 904 3454 976 glo-

1898 983 1992 1037 riae
2039 993 2095 1037 et
2139 982 2395 1057 dignitati
2445 985 2865 1040 Atheniensium
2902 987 3220 1044 consuluit?
3257 991 3458 1046 Nonne

1901 1078 2049 1124 totus
2074 1070 2358 1143 pendebat
2380 1090 2448 1126 ex
2470 1082 2613 1126 nutu
2639 1073 2962 1129 Cassandri?
2996 1076 3174 1149 Igitur
3192 1077 3330 1131 nihil
3355 1078 3456 1132 nisi

1899 1157 2037 1211 boni
2077 1157 2362 1231 publicani
2406 1158 2629 1214 laudem
2661 1162 2978 1216 Demetrius
3017 1165 3221 1218 mereri
3246 1165 3455 1219 Demo-

1902 1245 2056 1300 chari
2077 1244 2321 1300 videtur.
2354 1246 2532 1301 Tanto
2553 1249 2753 1302 Noster
2772 1246 3026 1322 flagravit
3046 1251 3231 1306 studio
3260 1254 3456 1325 priscae

1901 1330 2195 1386 libertatis.
2280 1331 2462 1403 Quam
2506 1333 2603 1388 ubi
2655 1334 2882 1389 tandem
2911 1337 3055 1391 cives
3084 1355 3456 1412 recuperave-

1903 1428 2029 1472 rant
2078 1418 2536 1491 quodammod0‚
2580 1431 2795 1476 tantum
2835 1423 3013 1477 abfuit
3056 1435 3120 1479 ut
3161 1428 3360 1481 servile
3402 1429 3460 1482 in

1902 1507 2251 1561 Demetrium
2311 1507 2667 1563 Poliorceten
2712 1509 3042 1582 obsequium
3088 1515 3457 1587 approbaret,

1902 1604 1967 1648 ut
1992 1594 2103 1648 suis
2117 1592 2185 1648 'in
2219 1592 2538 1649 adulatores
2565 1607 2619 1650 et
2642 1596 2823 1669 ipsum
2864 1598 3131 1655 libertatis
3170 1612 3458 1658 auctorem

1907 1680 2153 1736 dicteriis
2188 1682 2417 1737 exilium
2447 1683 2552 1737 sibi
2576 1675 2955 1742 contraheret.
3040 1686 3326 1758 Ejusmodi
3360 1691 3460 1744 in-

1907 1767 2053 1823 dolis
2100 1769 2188 1823 vir
2216 1787 2333 1823 non
2362 1780 2513 1826 caret
2540 1769 2893 1828 adversariis.
2974 1776 3232 1845 Quorum
3267 1776 3327 1831 in
3353 1795 3461 1832 nu-

1907 1873 2064 1910 mero
2133 1855 2295 1911 fuisse
2345 1854 2551 1914 scimus
2607 1860 2932 1915 Democlem
2987 1862 3101 1917 sive
3169 1865 3461 1919 Democli-

1908 1941 2037 1996 dem
2055 1952 2337 1998 oratorem
2366 1943 2432 2018 (⁸)
2460 1935 3024 2018 atque‘Archedicum
3042 1961 3267 2021 poetam
3288 1952 3462 2007 comi-

1907 2049 2057 2085 cum.
2074 2032 2176 2086 Ille
2204 2031 2505 2104 discipulus
2523 2034 2630 2088 fuit
2642 2035 3007 2109 Theophrasti
3027 2038 3341 2111 Sophoclea
3358 2041 3460 2096 ista

1906 2118 2029 2192 lege
2050 2119 2271 2174 exulare
2292 2121 2469 2174 coacti
2487 2161 2503 2189 ,
2524 2120 2616 2176 hic
2639 2139 2774 2177 vero
2808 2140 2841 2178 a
2860 2125 3114 2196 partibus
3138 2107 3289 2181 stetit
3311 2127 3462 2183 Stra·

1909 2205 2101 2275 toclis,
2129 2224 2295 2281 quem
2319 2206 2659 2263 Demochari
2679 2220 2969 2264 auctorem
2996 2212 3147 2266 exilii
3175 2212 3338 2268 fuisse
3363 2233 3461 2269 su-

1906 2308 2012 2365 pra
2041 2291 2296 2351 diximus,
2378 2294 2643 2351 Convicia
2669 2313 2864 2351 eorum
2889 2295 3051 2353 avide
3079 2317 3147 2354 ex
3178 2316 3337 2356 more
3357 2319 3460 2358 suo

2942 2385 3025 2438 uti
3062 2384 3258 2440 Suidas
3294 2397 3461 2444 testa-

1910 2476 2003 2522 tur
2029 2480 2085 2523 et
2112 2469 2394 2543 Polybius.

1989 2556 2187 2613 Suidas
2212 2576 2264 2615 v.
2293 2546 2336 2636 ᾧ
2368 2578 2426 2613 το
2454 2553 2548 2633 ἱερ
2534 2579 2588 2614 ον
2612 2560 2716 2634 πῦρ
2745 2558 2839 2614 οὐκ
2872 2556 3036 2625 ἔξεστι
3069 2579 3341 2637 φυσησαιτ
3358 2561 3454 2621 Τί-

1912 2662 2065 2716 μαιος
2088 2644 2140 2700 ἐν
2161 2640 2249 2712 λη’
2296 2642 2575 2747 Ἱστοριῶν·
2597 2641 2690 2709 Ὡς
2719 2646 2767 2701 οἱ
2801 2642 2920 2724 περὶ
2944 2648 3020 2703 Δτ
3015 2641 3305 2719 ,μοκλείδην
3331 2645 3463 2704 κατὰ

1909 2727 2254 2807 Δημοχάρους
2281 2752 2443 2801 ειπον,
2482 2727 2561 2787 ὅτι
2590 2728 2733 2810 μόνῳ
2775 2732 2915 2788 αὐτῶ
2942 2728 3146 2789 πάντων
3185 2730 3462 2803 Ἀθηναίων

1910 2817 2002 2873 οὐκ
2032 2815 2196 2882 ἔξεστι
2230 2817 2290 2874 τὸ
2320 2817 2454 2897 ἱερὸν
2482 2822 2586 2898 πῦρ
2616 2822 2877 2897 φυσῆσαι,
2920 2820 2992 2885 ὡς
3019 2817 3092 2894 μὴ
3128 2819 3460 2899 καθαρεύοντ.

1909 2906 2014 2970 τοῖς
2038 2903 2143 2962 ἄνω
2168 2902 2290 2986 μέρ.
2296 2927 2395 2964 σιν.

1989 2995 2255 3070 Polybius
2279 2997 2412 3063 XII,
2450 2995 2537 3052 13:
2560 2992 2783 3068 Τίμαιός
2809 3015 2936 3071 φησι
2963 2993 3284 3073 Δημοχάρην
3315 2999 3463 3065 ἡται·

1914 3078 2127 3157 ρηκέναι
2169 3081 2262 3157 μὲν
2288 3088 2391 3146 τοῖς
2420 3080 2528 3139 ἄνω
2570 3080 2749 3158 μέρεσι
2777 3104 2867 3139 του
2915 3080 3185 3157 σώματος,
3214 3083 3307 3140 οὐκ
3334 3072 3467 3140 εἶναι

2016 3167 2155 3236 ἄξιον
2192 3168 2251 3225 τὸ
2286 3170 2420 3250 ἱερὸν
2456 3173 2559 3248 πῦρ
2599 3178 2784 3250 φυσᾶν,
2829 3165 3247 3249 ὓπερέεὸηκέναι
3282 3168 3336 3227 δὲ
3365 3177 3469 3238 τοῖς

1907 3314 1982 3353 νος
2000 3334 2014 3357 ,
2037 3301 2100 3355 ὡς
2117 3300 2251 3359 δῆλον
2271 3300 2325 3348 ἔκ
2344 3315 2395 3349 τε
2415 3299 2483 3348 ὧν
2504 3315 2615 3362 φησι
2648 3300 2944 3362 Δημοσθένης
2963 3298 3043 3347 καὶ
3062 3299 3117 3349 ἐκ
3134 3302 3219 3347 τοῦ
3238 3299 3459 3363 Δημοχά·

1910 3385 2014 3431 ρους
2038 3370 2196 3431 λόγου.
2220 3373 2326 3419 Huc
2343 3371 2487 3420 etiam
2507 3370 2587 3419 illa
2605 3370 2842 3433 pertinere
2869 3368 3089 3417 videntur
3111 3382 3222 3431 quae
3244 3370 3467 3432 leguntur

1909 3439 1958 3487 in
1978 3440 2212 3501 Anonymi
2232 3441 2331 3490 Vit.
2353 3440 2587 3490 AEscbinis
2604 3441 2623 3499 (
2637 3455 2688 3503 p.
2703 3445 2793 3491 269
2812 3439 2860 3487 in
2872 3441 3026 3503 Βιογρ.
3042 3440 3424 3502 weston-manni)
3447 3458 3461 3489 ι

1911 3510 2191 3573 Δημοχάρης
2214 3508 2254 3557 δ’
2284 3512 2310 3558 ὁ
2340 3511 2603 3572 ἀδελφιδοῦς
2636 3510 2984 3572 Δημοσθένους,
3011 3511 3051 3558 εἰ
3074 3509 3164 3571 ἄρα
3187 3510 3453 3559 πιστευτέον

1911 3580 2039 3640 αὐτῷ
2059 3580 2233 3638 λέγοντι
2253 3582 2357 3641 περὶ
2381 3580 2518 3641 Αίσχί
2522 3595 2622 3637 νου,
2660 3580 2795 3641 φησίν
2827 3578 3095 3640 Ἰσχόινδρου
3120 3583 3201 3626 τοῦ
3230 3579 3473 3640 τραγῳδιο-

1909 3652 2047 3697 ποιοῦ
2061 3651 2418 3711 τριταγωνιστὴν
2446 3651 2658 3712 γενέσθαι
2680 3652 2759 3699 τὸν
2775 3650 3007 3721 Αἰσχίνην
3017 3650 3094 3697 καὶ
3110 3650 3466 3712 ὑποκρινόμενον

1911 3718 2147 3781 Οἰνόμαον
2167 3718 2324 3767 διώκω
2333 3735 2393 3767 τα
2411 3721 2601 3770 Πέλοπα
2618 3721 2820 3783 αἰσχρῶς
2836 3723 2993 3767 πεσεῖν
2992 3708 3091 3767 καὶ
3108 3718 3362 3778 ἀναστῆναι
3374 3722 3467 3771 ὑπὸ

1911 3790 2165 3845 Σαννίωνςο
2202 3794 2284 3837 τοῦ
2326 3787 2727 3852 χοροδιδασκάλου
2766 3789 2961 3847 (ἐνθένδ’
2995 3789 3075 3837 οὖν
3104 3791 3131 3838 ό
3169 3792 3464 3859 Δημοσῢεᾱης

1912 3860 2149 3921 Οἰνόμαον
2172 3859 2309 3907 αὐτὸν
2345 3860 2585 3922 ὁνομάζε.,
2608 3862 2719 3923 πρὸς
2744 3860 2919 3916 εἰδότας
2954 3860 3008 3908 τὸ
3038 3864 3231 3923 πρᾶγμα
3270 3862 3469 3909 ἐπισκώ-

1910 3946 2039 3978 πτων
2050 3930 2084 3990 ),
2099 3930 2177 3977 καὶ
2192 3930 2307 3991 μετὰ
2323 3931 2593 3991 Σωκράτους
2613 3933 2690 3979 καὶ
2709 3931 2907 3992 Σιμύλον
2921 3935 3013 3978 τῶν
3032 3935 3192 3978 κακῶν
3211 3933 3471 3993 ὑποκριτῶν

1911 4000 2109 4048 ἀλᾶσθαι
2135 3999 2429 4063 κατ’ἀγρούς.
2450 4003 2524 4049 Ct.
2548 4000 2911 4062 Harpocration.
2931 4014 2977 4048 ν.
3002 4001 3287 4063 Ἰσχανδρος·
3310 4006 3468 4063 Δημο·

1911 4071 2071 4127 σθὲνης
2090 4068 2193 4118 κατ’
2222 4071 2462 4133 Αίσχίνοιν
2498 4073 2711 4134 τραγικὸς
2732 4071 2981 4133 ὑποκριτὴς
3006 4071 3033 4118 ὁ
3061 4069 3327 4132 Ἰσχανδρός
3354 4071 3467 4118 ἐστι.

1913 4145 2053 4190 Δοκεῖ
2063 4140 2102 4189 δ’
2121 4141 2246 4203 αὐτῷ
2265 4141 2705 4204 συνυποκρινόμενος
2733 4140 2951 4203 Αἰσχίνης
2963 4141 2990 4187 ό
3012 4140 3163 4203 ῥήτωρ
3187 4140 3234 4188 ἐν
3252 4140 3469 4201 Κολλυτῷ

1913 4214 2212 4270 καταπεσεῖν,
2232 4211 2354 4259 καθά
2374 4228 2484 4274 φησι
2504 4210 2840 4273 Δημοχάρηςὲν
2858 4215 2954 4265 τοῖς
2965 4210 3224 4270 Διαλόγοις.
3245 4209 3334 4259 Ubi
3346 4210 3469 4258 istud

1916 4282 1963 4331 ἐν
1981 4281 2224 4339 Διαλόγοις
2250 4294 2444 4343 gravem
2479 4281 2764 4343 corruptelae
2787 4280 3104 4341 suspicionem
3129 4278 3341 4340 praebere
3357 4292 3469 4341 pro·

1913 4354 2018 4413 pter
2037 4351 2193 4400 locum
2216 4350 2459 4400 Plutarchi
2490 4352 2610 4401 bene
2628 4353 2791 4399 monet
2818 4350 3067 4399 Ruhnken.
3095 4348 3156 4397 ad
3181 4349 3328 4398 Rutil.
3350 4352 3467 4411 Lup.

1913 4424 1962 4483 1,
1989 4427 2018 4471 2
2042 4422 2105 4483 (p
2124 4425 2182 4471 87
2211 4421 2285 4470 ed.
2314 4423 2553 4483 Frosch.),
2597 4435 2695 4484 quo
2727 4422 2833 4470 loco
2856 4433 2919 4469 ex
2941 4420 3156 4469 oratione
3178 4419 3380 4481 quadam
3408 4423 3467 4469 D.

1915 4492 2125 4543 citantur
2147 4492 2251 4541 hoec
2294 4510 2307 4540 z
2355 4492 2685 4542 Demochares
2721 4507 2737 4540 .·
2779 4510 2803 4532 «ι
2851 4493 2983 4539 Nam
3016 4491 3135 4551 quis
3167 4488 3278 4537 lure
3311 4489 3473 4537 simul

1915 4564 2156 4611 universa
2177 4564 2371 4624 perpeti
2393 4565 2571 4625 possit,
2596 4566 2844 4621 timorem,
2864 4559 3113 4614 morbum,
3139 4560 3466 4613 seneclutem,

1914 4629 2301 4691 contumeliam,
2328 4633 2582 4693 inopiam,
2614 4635 2715 4681 vim
2730 4637 2759 4679 ι’
2781 4641 3009 4693 quarum
3032 4630 3227 4691 quoeais
3248 4641 3358 4679 una
3386 4641 3468 4677 res

1913 4716 2006 4765 per
2024 4714 2078 4751 se
2092 4704 2221 4751 satis
2230 4705 2303 4750 est
2317 4704 2490 4762 ymnis
2507 4701 2580 4751 ad
2592 4701 2931 4764 efficiendum.
2948 4719 2971 4742 u
2987 4698 3115 4749 idem
3136 4701 3175 4761 Ι,
3191 4704 3243 4747 21
3263 4717 3276 4748 ι
3302 4703 3470 4748 Demo·

1915 4771 2097 4822 chares
2135 4785 2152 4817 .·
2182 4791 2206 4815 ιι
2252 4771 2394 4821 Nihil
2430 4772 2564 4820 enim
2599 4771 2806 4819 valebat
2830 4768 3047 4818 assidua
3076 4780 3173 4830 pro
3205 4768 3376 4821 fraere
3409 4781 3472 4817 ac

1917 4843 2200 4891 misericors
2219 4841 2529 4903 deprecatio,
2551 4852 2710 4903 quum
2719 4838 2985 4901 ‚iudicaret
3005 4840 3257 4899 tyrannus
3274 4874 3288 4897 ‚
3322 4839 3470 4900 cujus

1918 4911 2198 4961 crudelitas
2209 4923 2405 4960 omnem
2423 4915 2632 4960 naturoe
2645 4908 3067 4960 necessitudinem
3078 4907 3427 4968 exctnqnebat.
3444 4926 3469 4950 ι·

1979 4982 2040 5043 (⁴⁵)
2069 4984 2137 5030 De
2157 4993 2216 5029 eo
2236 4981 2345 5029 vide
2371 4981 2561 5041 Dionys.
2581 4980 2805 5031 Dinarch.
2832 4993 2873 5028 c.
2898 4984 2973 5038 1¹3
3000 4978 3242 5028 Plutarch.
3272 4981 3311 5027 Χ
3333 4981 3467 5027 Orat.

1920 5065 1964 5113 p.
1990 5053 2172 5111 842,D;
2189 5049 2439 5101 Ruhnken.
2454 5050 2515 5099 ad
2537 5051 2650 5101 But.
2667 5053 2781 5111 Lup.
2803 5050 2834 5097 1.
2856 5049 2869 5098 Ι
2896 5050 3277 5107 3Westermann.
3297 5048 3469 5098 Gescla.

1920 5122 1970 5172 d.
1990 5134 2068 5183 qr.
2092 5120 2337 5183 Bereds.p
2362 5130 2464 5172 100.
2474 5134 2519 5171 ιι.
2541 5126 2616 5171 31.
2641 5125 2709 5171 De
2730 5119 3051 5169 Archedicov.
3074 5117 3275 5168 Meinek.
3303 5118 3472 5181 (tagra.

1922 5196 2061 5244 Com:
2084 5195 2103 5241 1
2124 5228 2139 5254 ‚
2163 5206 2210 5255 p.
2238 5194 2347 5242 458.
