4016 5916
1580 412 2080 473 FRAGMENTA.
2123 409 2130 415 ’

234 546 389 607 πάλιν
411 544 621 628 ὕστερον
647 544 955 612 ἐκπεσόντας
976 544 1069 615 τὴν
1093 548 1180 601 νῦν
1197 541 1455 603 Ἰουδαίαν
1478 546 1782 623 κατασχεῖν,

235 636 324 693 καὶ
353 633 619 703 κτίσαντες
640 632 980 713 Ἱεροσόλυμα
1009 631 1095 690 τὸν
1118 628 1244 688 νεὼν
1270 629 1782 703 κατασκευάσασθαι,

236 722 392 802 μέχρι
422 720 515 799 μὲν
535 719 727 781 τούτων
745 718 1060 793 ἠκολούθησε
1084 718 1194 784 ταῖς
1223 719 1574 798 ἀναγραφαῖς,
1603 716 1782 777 έπειτα

237 807 290 866 δὲ
322 807 436 875 δοὺς
465 807 694 875 ἐξουσίαν
722 809 891 888 αὑτῷ,
924 805 1008 864 διὰ
1036 809 1124 863 τοῦ
1157 804 1313 885 φάναι
1340 805 1554 886 γράψειν
1583 805 1648 864 τὰ
1679 829 1782 881 μυ-

239 895 486 973 θευόμενα
528 894 616 953 καὶ
657 893 911 973 λεγόμενα
956 891 1076 973 περὶ
1122 894 1224 950 τῶν
1276 891 1566 970 Ἰουδαίων,
1606 892 1786 971 λόγους

238 982 516 1048 ἀπιθάνους
541 980 888 1061 παρενέὸαλεν
921 980 984 1057 (¹¹)
1005 1024 1021 1057 ‚
1053 977 1299 1055 ἀναμῖξαι
1328 979 1632 1059 βουλόμενος
1659 985 1784 1056 ἡμῖν

240 1069 537 1149 Αἰγυπτίων
560 1071 753 1140 πλῆθος
780 1070 983 1148 λεπρῶν
1014 1066 1102 1125 καὶ
1133 1066 1221 1126 ἐπὶ
1246 1065 1418 1135 ἄλλοις
1438 1067 1786 1148 ἀρρωστήμα-

239 1182 338 1232 σιν,
358 1156 428 1225 ὥς
451 1179 602 1239 φησι,
621 1155 794 1238 φυγεῖν
816 1157 874 1215 ἐκ
896 1139 987 1229 τ’ἥς
1016 1154 1282 1232 Αἰγύπτου
1303 1154 1783 1233 καταγνωσθέντων.

241 1245 521 1325 Ἀμένωφιν
540 1242 637 1324 γὰρ
659 1242 877 1323 βασιλέα
895 1241 1155 1323 προσθεὶς,
1176 1240 1354 1324 ψευδὲς
1378 1240 1542 1319 ὄνομα
1565 1241 1679 1320 (¹⁸¹),
1699 1241 1788 1300 καὶ

240 1332 324 1392 διὰ
352 1337 501 1392 τοῦτο
520 1332 702 1412 χρόνον
725 1333 879 1390 αὑτοῦ
900 1334 993 1402 τῆς
1016 1329 1282 1408 βασιλείας
1303 1327 1474 1408 ὁρίσαι
1498 1327 1572 1405 μὴ
1591 1328 1789 1406 τολμή-

241 1444 362 1494 σας,
397 1419 564 1478 καίτοι
605 1444 664 1499 γε
695 1419 781 1479 ἐπὶ
823 1422 923 1478 τῶν
966 1416 1137 1476 ἄλλων
1182 1415 1435 1495 βασιλέων
1469 1416 1694 1497 ἀκριὸῶς
1723 1416 1789 1476 τὰ

241 1507 331 1578 ἔτη
366 1507 686 1587 προστιθεὶς,
736 1503 905 1585 τούτῳ
937 1503 1232 1585 προσάπτει
1273 1502 1413 1572 τινὰς
1456 1502 1790 1583 μυθολογίας,

242 1595 606 1672 ἐπιλαθόμενος
644 1592 833 1674 σχεδὸν
856 1592 936 1651 ὅτι
964 1590 1320 1672 πεντακοσίοις
1343 1589 1479 1651 ἔτεσι
1501 1590 1591 1650 καὶ
1618 1593 1790 1652 ὀκτω-

240 1680 457 1740 καίδεκα
480 1681 725 1762 πρότερον
749 1679 991 1761 ἱστόρηκε
1021 1679 1253 1758 γενέσθαι
1281 1679 1375 1751 τὴν
1401 1681 1504 1738 τῶν
1532 1678 1789 1755 ποιμένων

242 1768 409 1837 ἔξοδον
433 1771 502 1838 εἷς
530 1768 894 1850 Ἱεροσόλυμα·
921 1767 1192 1843 Τέθμωσις
1219 1767 1319 1846 γὰρ
1348 1760 1409 1839 ἦν
1437 1765 1678 1846 βασιλεὺς
1706 1765 1790 1825 ὅτε

243 1855 477 1934 ἐξῄεσαν.
562 1855 689 1916 Ἀπὸ
718 1853 773 1914 δὲ
807 1854 986 1914 τούτου
1027 1856 1130 1913 τῶν
1160 1853 1351 1932 μεταξὺ
1392 1852 1645 1932 βασιλέων
1675 1857 1791 1912 κατ’

244 1942 397 2001 αὐτόν
435 1945 541 2001 ἐστι
567 1943 839 2024 τριακόσια
871 1940 1175 2013 ἐνενήκοντα
1201 1940 1315 2021 τρία
1342 1940 1431 2014 ἔτη
1456 1986 1474 2018 ,
1500 1940 1656 2020 μέχρι
1687 1944 1789 1999 τῶν

245 2029 335 2090 δύο
369 2031 601 2112 ἀδελφῶν
633 2030 780 2091 Σέθω
819 2029 909 2088 καὶ
946 2028 1232 2109 Ἑρμαίου,
1257 2019 1329 2087 ὧν
1364 2027 1451 2087 τὸν
1492 2027 1585 2106 μὶν
1620 2027 1793 2088 Σέθων

244 2117 529 2196 Αἴγυπτον,
582 2117 668 2176 τὸν
710 2116 764 2176 δὲ
797 2115 1061 2195 Ἕρμαιον
1103 2114 1305 2176 Δαναὸν
1350 2114 1796 2194 μετονομασθῆναί

244 2228 419 2287 φησιν.
448 2202 548 2266 Ὃν
573 2201 810 2264 ἐκὸαλὼν
834 2205 861 2261 δ
886 2202 1059 2270 Σέθως
1086 2201 1417 2261 ἐδασίλευσεν
1447 2201 1538 2274 ἔτη
1565 2203 1639 2261 νθ’
1660 2226 1672 2240 ·
1706 2201 1796 2261 καὶ

244 2291 358 2370 μετ’
399 2291 552 2350 αὐτὸν
589 2294 618 2350 ὁ
652 2315 693 2349 π
728 2288 999 2372 εσὸύτερος
1041 2292 1142 2350 τῶν
1185 2291 1308 2348 υἱῶν
1352 2291 1505 2349 αὐτοῦ
1552 2287 1798 2370 Ῥάμψης

246 2378 343 2449 ξς’.
374 2379 649 2446 Τοσούτοις
740 2404 764 2436 ν
783 2378 1028 2458 πρότερον
1063 2377 1227 2438 έτεσιν
1259 2379 1502 2437 ἀπελθεῖν
1532 2375 1583 2446 ἐξ
1628 2375 1790 2455 Αἰγύ-

243 2490 375 2527 πτου
389 2467 506 2534 τοὺς
527 2466 751 2547 πατέρας
776 2469 923 2543 ἡμῶν
940 2464 1320 2544 ὡμολογηκὼς,
1337 2456 1447 2524 εἶτα
1472 2463 1559 2523 τὸν
1582 2463 1632 2524 ’A
1639 2462 1796 2540 μένω·

246 2577 331 2636 φιν
356 2555 656 2625 εἷσποιήσας
684 2552 966 2630 ἐμὸόλιμον
999 2551 1246 2632 βασιλέα,
1313 2552 1402 2623 ησὶ
1429 2556 1608 2612 τοῦτον
1630 2554 1797 2610 ἐπιθυ·

252 2646 419 2720 μῆσαι
442 2645 568 2700 θεῶν
589 2641 825 2719 γενέσθαι
846 2639 1051 2713 θεατὴν,
1080 2639 1257 2721 ὥσπερ
1311 2641 1449 2721 Ωρος
1477 2630 1548 2707 εἷς
1567 2643 1667 2698 τῶν
1697 2637 1798 2718 πρὸ

312 2830 374 2893 (*)
407 2827 752 2893 Παρενέᾶαλεν]
774 2827 1025 2879 Boeckhius
1041 2840 1087 2891 p.
1116 2834 1205 2880 302
1224 2828 1492 2891 suspicatur
1511 2827 1636 2877 hanc
1658 2825 1802 2877 histo-

249 2900 369 2950 riam
392 2913 488 2949 non
511 2900 572 2948 ab
594 2900 696 2963 ipso
714 2898 1023 2960 maneamne,
1043 2896 1126 2947 sed
1147 2896 1209 2946 ab
1229 2897 1322 2948 alio
1344 2896 1551 2961 quodam
1571 2934 1584 2958 ,
1607 2895 1802 2947 Judaeo·

248 2986 357 3023 rum
389 2972 682 3033 adversario,
704 2971 1032 3034 interpositam
1060 2984 1179 3021 esse.

316 3043 407 3105 (⁴⁶)
436 3043 618 3098 Ψευδὲς
650 3040 830 3105 ὄνομα]
864 3041 1077 3093 Minime.
1116 3044 1200 3092 Est
1234 3054 1322 3092 rex
1342 3040 1511 3091 tertius
1528 3040 1643 3104 dyn.
1666 3044 1803 3102 xix,

254 3110 621 3227 Arg-enophlhis
646 3110 882 3170 Africani,
909 3109 1268 3174 Amenepmloia
1286 3109 1362 3158 vei
1377 3110 1679 3172 amenophis
1703 3114 1799 3159 Eu·

250 3192 304 3229 se
341 3194 386 3228 n.

255 3330 408 3391 quuto
431 3328 510 3377 illa
532 3328 721 3393 regione
748 3328 1013 3382 exciderint
1042 3334 1091 3381 et
1112 3332 1335 3383 Judaeam
1357 3347 1487 3384 nunc
1511 3335 1691 3384 dictam
1722 3350 1801 3383 oc·

261 3406 478 3469 cuparint
492 3443 505 3468 ,
530 3410 678 3469 atque
702 3407 1038 3471 Hierosolymis
1054 3408 1302 3460 aedificatis
1317 3411 1550 3473 tempium
1567 3416 1810 3463 exstruxe-

260 3485 383 3547 rint,
402 3498 615 3548 eousque
650 3484 869 3535 historias
886 3486 1079 3549 quidem
1102 3487 1324 3550 antiquas
1341 3491 1575 3551 sequutus
1595 3492 1668 3540 est
1690 3509 1702 3540 ε
1723 3504 1809 3553 po·

257 3566 360 3614 stca
378 3574 492 3613 vero
510 3564 701 3625 sumpta
718 3561 809 3611 sibi
827 3561 1015 3612 licentia
1028 3600 1043 3624 ‚
1071 3563 1392 3615 ut’videretur
1406 3566 1647 3629 scripsisse
1663 3568 1812 3617 relata

260 3643 310 3691 et
326 3639 457 3689 dicta
488 3639 548 3688 de
579 3638 791 3700 Judaeis,
811 3638 1107 3689 incredibilia
1136 3639 1360 3703 quadam
1385 3642 1617 3705 inseruit,
1650 3643 1813 3694 volens

264 3717 547 3781 permiscere
568 3718 706 3768 nobis
725 3716 1083 3768 multitudinem
1104 3718 1432 3782 AEgyptiorum
1448 3719 1747 3783 leprosorum
1766 3725 1815 3772 et

264 3797 383 3847 alios
399 3797 463 3847 ob
476 3797 671 3847 morbos
686 3833 701 3858 ‚
722 3800 779 3846 ut
796 3796 938 3857 dicit,
958 3811 1019 3846 ex
1038 3801 1243 3861 AEgypto
1262 3797 1422 3862 sugere
1439 3801 1812 3864 compulsorum.

264 3874 563 3937 Ammophin
582 3874 710 3924 enim
728 3886 901 3937 regem,
920 3873 1089 3924 falsum
1104 3888 1294 3938 nomen,
1313 3875 1558 3940 adjiciens,
1573 3880 1622 3929 et
1640 3878 1816 3928 idcirco

265 3955 455 4014 tempus
472 3951 617 4014 ipsius
635 3951 763 4016 regni
787 3950 985 4001 definire
1004 3966 1097 4001 non
1116 3966 1287 4014 ausus,
1313 3954 1532 4017 quamvis
1554 3955 1722 4006 ceteris
1738 3968 1815 4007 re-

262 4028 403 4091 gibus
436 4030 659 4078 accurate
692 4041 843 4078 annos
874 4032 1163 4092 apponeret,
1198 4029 1313 4081 huic
1341 4031 1555 4082 annectit
1584 4033 1815 4095 quasdam

264 4107 450 4156 tabulas
460 4144 475 4168 ,
489 4106 665 4157 obuius
679 4106 827 4157 terme
844 4107 1091 4157 tradidisse
1114 4121 1184 4171 se,
1202 4108 1473 4172 quingentis
1485 4112 1533 4161 et
1547 4112 1813 4162 octodecim

268 4183 406 4234 annis
421 4184 553 4247 prius
566 4185 776 4235 evenisse
798 4188 1049 4235 Pastorum
1067 4186 1251 4237 exitum
1270 4187 1333 4238 ad
1356 4189 1684 4252 Hierosolyma
1703 4210 1716 4240 ε
1736 4205 1815 4240 rex

266 4261 395 4311 enim
408 4297 423 4321 ,
450 4259 643 4323 quando
665 4261 730 4310 illi
752 4262 1003 4325 exierunt,
1022 4262 1111 4313 ruit
1129 4264 1411 4315 Tethmosis.
1435 4268 1496 4315 Et
1512 4266 1573 4316 ab
1591 4268 1681 4316 hoc
1699 4270 1820 4319 tem·

272 4349 389 4397 pore
410 4351 577 4400 regum
599 4337 682 4399 qui
704 4341 867 4401 postea
892 4339 1046 4400 suere,
1066 4340 1179 4390 anni
1208 4344 1321 4392 sunt
1341 4342 1542 4392 trecenti
1570 4345 1821 4405 nonaginta

270 4417 383 4477 tres,
400 4428 551 4479 usque
567 4415 628 4465 ad
650 4417 818 4466 fratres
833 4417 1089 4468 Sethonem
1110 4421 1161 4469 et
1180 4421 1451 4471 Hermaeum
1471 4422 1789 4484 (Armoeum)
1807 4441 1820 4484 ;

278 4504 486 4554 qnorum
500 4492 756 4543 Setbonem
779 4493 972 4555 quidem
1000 4498 1255 4557 AEgyptum
1268 4531 1285 4557 ,
1306 4500 1577 4547 Hermaeum
1597 4511 1710 4547 vero
1734 4503 1820 4548 Da·

273 4581 420 4617 naum
430 4568 785 4618 denominatum
796 4570 929 4621 dicit.
948 4573 1103 4628 Quem
1112 4586 1263 4635 quum
1279 4574 1450 4625 Sethos
1464 4574 1741 4636 expulisset,
1752 4590 1823 4627 re·

270 4647 435 4711 gnavit
460 4647 595 4696 annis
615 4647 955 4711 quinquaginta
973 4652 1020 4700 et
1035 4664 1209 4702 novem
1223 4656 1299 4714 ‚et
1331 4654 1593 4716 postitium
1616 4653 1823 4705 filiorum

272 4726 390 4772 natu
408 4721 560 4785 major
578 4726 806 4786 Rampses
820 4727 957 4775 annis
974 4740 1103 4777 uvi.
1122 4733 1244 4780 Ante
1264 4730 1490 4793 tetigitur
1507 4744 1657 4780 annos
1670 4733 1827 4793 patres

273 4804 533 4852 nostrosex
548 4804 753 4866 AEgypto
765 4808 1238 4872 egressoscont‘essus,
1249 4808 1359 4859 dein
1368 4822 1520 4872 quum
1532 4811 1825 4873 Amenopbiu

272 4893 435 4944 regem
454 4882 802 4944 supposuisset,
832 4882 962 4934 hunc
981 4886 1050 4936 ait
1068 4887 1397 4950 concupivisse
1415 4888 1616 4939 deorum
1641 4894 1825 4952 specta·

275 4959 432 5008 torem
466 4971 567 5007 esse
581 4995 596 5019 ‚
631 4960 756 5009 sicut
782 4962 829 5011 et
864 4964 1017 5011 orum
1043 4963 1285 5026 quendam
1315 4965 1528 5028 priorum
1562 4979 1727 5029 regum
1740 5004 1755 5028 ‚
1779 4970 1828 5017 et

276 5035 372 5085 hoc
406 5048 551 5084 suum
585 5034 873 5086 desiderium
905 5041 1282 5091 communicasse
1312 5055 1425 5092 cum
1452 5042 1551 5093 tilio
1580 5044 1827 5106 cujusdam

278 5112 480 5175 Paapios
494 5149 507 5173 ‚
528 5114 603 5162 cui
626 5113 751 5162 idem
776 5128 889 5165 cum
908 5130 965 5166 eo
982 5130 1157 5168 nomen
1175 5122 1278 5171 erat
1315 5120 1625 5183 amenophis,
1651 5122 1829 5184 quique

280 5190 344 5240 de
365 5190 526 5240 disina
560 5193 684 5242 »isus
711 5195 782 5242 est
808 5194 1092 5258 participare
1127 5200 1297 5248 natura
1325 5203 1517 5263 propter
1547 5202 1825 5262 sapientiam

1848 3228 1857 3233 ‚
1897 3165 2292 3244 ὥρκομότησαν.

3310 426 3422 481 579

1873 546 2027 602 αὐτοῦ
2076 542 2546 623 βεὸασιλευκότων·
2583 545 2869 621 ἀνενεγκεῖν
2913 546 2965 603 δὲ
3013 544 3106 614 τὴν
3147 546 3423 623 ἐπιθυμίαν

1871 628 2134 711 ὁμωνύμῳ
2182 631 2276 707 μὲν
2302 633 2443 709 αὐτῷ
2483 629 2799 711 Ἀμενώφει,
2838 631 3033 711 πατρὸς
3079 631 3132 690 δὲ
3183 633 3425 699 [Ιαάπιος

1872 718 2007 790 ὄντι,
2037 717 2175 784 θείας
2211 715 2262 776 δὲ
2293 719 2524 777 δοκοῦντι
2565 718 2940 798 μετεσχηκέναι
2981 718 3178 798 φύσεως
3205 723 3341 780 κατά
3370 744 3424 780 τε

1874 804 2057 883 σοφίαν
2079 803 2168 863 καὶ
2198 802 2488 884 πρόγνωσιν
2512 808 2614 863 τῶν
2637 807 2913 882 ἐσομένων.
2971 810 3149 867 Εἰπεῖν
3174 799 3260 866 οὖν
3285 811 3426 888 αὐτῷ

1872 895 2051 950 τοῦτον
2072 889 2159 949 τὸν
2183 889 2454 968 ὁμώνυμον
2478 889 2556 950 ὅτι
2574 891 2849 964 δυνήσεται
2868 893 3006 960 θεοὺς
3032 895 3177 970 ἰδεῖν,
3201 898 3245 953 εί
3265 900 3428 954 καθα·

1877 976 1969 1058 ρᾶιν
2004 978 2112 1037 ἀπό
2140 1001 2194 1036 τε
2225 980 2426 1056 λεπρῶν
2457 978 2546 1037 καὶ
2579 983 2680 1037 τῶν
2711 980 2883 1038 ἄλλων
2914 986 3114 1061 μιαρῶν
3140 982 3425 1060 ἀνθρώπιον

1874 1064 1968 1136 τὴν
1998 1065 2177 1144 χώραν
2204 1063 2415 1125 ἅπασαν
2437 1065 2718 1137 ποιήσειεν.
2751 1066 3006 1127 Ἡσθέντα
3033 1069 3088 1127 δὲ
3101 1069 3188 1127 τὸν
3211 1070 3428 1146 βασιλέα

1874 1153 2074 1216 πάντας
2090 1152 2206 1220 τοὺς
2224 1152 2289 1211 τὰ
2313 1152 2534 1229 σώματα
2553 1154 2945 1231 λελωὸημένους
2964 1159 3023 1214 ἐκ
3046 1161 3137 1227 τῆς
3163 1157 3430 1233 Αἰγύπτου

1877 1249 2188 1320 συναγαγεῖν
2217 1241 2480 1318 (γενέσθαι
2509 1243 2561 1300 δὲ
2590 1248 2679 1301 τοῦ
2705 1243 2929 1313 πλήθους
2959 1244 3216 1324 μυριάδας
3239 1245 3432 1322 ὀκτώ),

1877 1328 1967 1387 καὶ
1987 1327 2195 1396 τούτους
2223 1330 2295 1394 εἰς
2312 1327 2403 1395 τὰς
2424 1329 2717 1406 λιθοτομίας
2739 1329 2832 1396 τὰς
2849 1332 2901 1387 ἐν
2927 1335 3002 1410 τῷ
3026 1331 3152 1410 πρὸς
3176 1330 3430 1400 ἀνατολὴν

1879 1413 2025 1497 μέρει
2048 1419 2140 1473 τοῦ
2163 1414 2352 1474 Νείλου
2377 1415 2624 1492 έμὸαλεῖν
2656 1417 2831 1488 αὐτὸν,
2860 1413 3000 1483 ὅπως
3024 1419 3316 1496 ἐργάζοιντο
3344 1418 3434 1476 καὶ

1877 1505 1983 1561 τῶν
2017 1501 2189 1561 ἄλλων
2221 1502 2523 1579 Αἰγυπτίων
2562 1506 2609 1561 οἱ
2638 1504 3094 1582 ἐγκεχωρισμένοι.
3185 1496 3337 1565 Εἶναι
3377 1504 3434 1563 δέ

1879 1613 2021 1655 τινας
2041 1591 2093 1647 ἐν
2114 1591 2285 1655 αὐτοῖς
2307 1592 2397 1648 καὶ
2418 1593 2520 1649 τῶν
2547 1590 2736 1667 λογίων
2759 1591 2935 1670 ἱερέων
2966 1593 3092 1672 φησὶ
3113 1591 3280 1672 λέπρᾳ
3311 1615 3432 1670 συγ-

1880 1675 2207 1757 κεχυμένους.
2311 1676 2417 1737 Τὸν
2458 1677 2512 1736 δὲ
2557 1677 2839 1759 Ἀμένωφιν
2886 1681 3099 1754 ἐκεῖνον,
3140 1679 3227 1737 τὸν
3279 1679 3432 1760 σοφὸν

1882 1764 1971 1823 καὶ
2002 1763 2251 1840 μαντικὸν
2276 1764 2473 1844 ἄνδρα,
2518 1766 2784 1824 ὑποδεῖσαι
2820 1765 2946 1845 πρὸς
2975 1765 3128 1826 αὑτόν
3156 1789 3212 1825 τε
3238 1766 3326 1826 καὶ
3349 1766 3434 1824 τὸν

1885 1850 2103 1930 βασιλέα
2130 1850 2286 1932 χόλον
2331 1856 2432 1910 τῶν
2474 1857 2625 1928 θεῶν,
2676 1855 2721 1910 εἷ
2771 1854 3060 1932 βιασθέντες
3093 1853 3434 1934 ὀφθήσονται·

1882 1938 1971 1997 καὶ
2012 1938 2357 2019 προσθέμενον
2399 1941 2558 1998 εἰπεῖν
2601 1939 2680 1997 ὅτι
2715 1940 3124 2019 συμμαχήσουσί
3170 1964 3302 2009 τινες
3331 1948 3434 2009 τοῖς

1885 2027 2088 2105 μιαροῖς
2115 2025 2203 2084 καὶ
2222 2030 2313 2096 τῆς
2344 2024 2606 2104 Αἰγύπτου
2628 2028 2973 2105 κρατήσουσιν
2997 2028 3077 2087 ἐπ’
3099 2028 3188 2100 ἔτη
3210 2028 3439 2110 τρισκαί·

1885 2113 2030 2172 δεκα.
2115 2111 2208 2183 Μὴ
2237 2114 2495 2189 τολμῆσαι
2524 2112 2619 2190 μὲν
2654 2112 2806 2172 αὐτὸν
2838 2114 2996 2172 εἰπεῖν
3036 2121 3202 2173 ταῦτα
3229 2118 3306 2195 τῷ
3342 2121 3440 2194 βα-

1886 2202 2045 2272 σιλεῖ,
2093 2199 2296 2281 γραφὴν
2336 2199 2391 2259 δὲ
2437 2201 2791 2260 καταλιπόντα
2846 2202 2964 2278 περὶ
3008 2200 3218 2260 πάντων
3257 2205 3437 2262 ἑαυτὸν

1887 2290 2105 2350 ἀνελεῖν.
2192 2288 2285 2349 Ἐν
2315 2288 2510 2369 ἀθυμία
2533 2287 2587 2347 δὲ
2612 2279 2742 2347 εἶναι
2761 2288 2846 2347 τὸν
2872 2287 3111 2367 βασιλέα.
3199 2291 3437 2350 Κάπειτα

1885 2374 2022 2434 κατὰ
2049 2374 2184 2442 λέξιν
2211 2374 2346 2434 οὕτω
2380 2374 2633 2457 γέγραφεν
2652 2400 2665 2414 ·
2709 2405 2734 2428 κ
2762 2379 2811 2436 Τ
2813 2381 2883 2436 ῶν
2926 2376 2980 2435 δὲ
3026 2379 3138 2444 ταῖς
3170 2379 3442 2455 λατομίαις

1886 2465 1955 2530 ὡς
1992 2463 2174 2543 χρόνος
2210 2462 2386 2531 ἱκανὸς
2418 2465 2620 2536 διῆλθεν
2673 2464 3160 2544 ταλαιπωρούντων,
3213 2464 3442 2534 ἀξιωθεὶς

1889 2552 1916 2607 δ
1947 2547 2188 2628 βασιλεὺς
2205 2548 2291 2608 ἵνα
2315 2549 2441 2630 πρὸς
2459 2549 2745 2611 κατάλυσιν
2775 2552 2947 2618 αὐτοῖς
2966 2552 3055 2611 καὶ
3078 2551 3277 2626 σκέπην
3305 2555 3437 2611 ἀπο·

1891 2636 2077 2716 μερίσῃ
2118 2637 2212 2709 τὴν
2248 2637 2363 2697 τότε
2407 2641 2511 2698 τῶν
2556 2639 2815 2715 ποιμένων
2861 2641 3217 2720 ἐρημωθεῖσαν
3266 2640 3439 2718 πόλιν,

1894 2723 2093 2805 Αὕαριν
2120 2725 2502 2806 συνεχώρησεν.
2585 2723 2742 2787 Ἐστι
2768 2728 2814 2784 δ’
2842 2731 2876 2797 ἡ
2896 2727 3044 2795 πόλις
3061 2727 3197 2786 κατὰ
3216 2727 3309 2798 τὴν
3334 2733 3448 2787 θεο--

1892 2812 2069 2889 λογίαν
2092 2811 2282 2873 ἄνωθεν
2313 2812 2602 2895 Τυφώνιος.
2690 2817 2760 2875 Οἱ
2783 2812 2838 2873 δὲ
2863 2817 2932 2881 εἷς
2959 2815 3153 2886 ταύτην
3184 2814 3437 2874 εἰσελθόν-

1892 2923 1972 2967 τες
1995 2900 2191 2960 καὶτὸν
2212 2900 2368 2961 τόπον
2393 2906 2572 2962 τοῦτον
2591 2905 2663 2970 εἰς
2682 2901 2969 2962 ἀπόστασιν
2989 2901 3194 2983 ἔχοντες
3213 2901 3444 2981 ἡγεμόνα

1897 2992 2065 3048 αὑτῶν
2079 2988 2351 3068 λεγόμενόν
2370 3013 2483 3048 τινα
2512 2993 2614 3050 τῶν
2640 2989 3020 3051 Ἡλιοπολιτῶν
3046 2989 3221 3072 ἱερέων
3248 2990 3444 3072 ‘Ostip-

1898 3100 2046 3158 σιφον
2080 3078 2394 3150 ἐστήσαντο·
2422 3076 2512 3137 καὶ
2556 3077 2724 3159 τούτῳ
2742 3079 3180 3160 πειθαρχήσοντες
3207 3081 3257 3137 ἐν
3283 3089 3443 3139 πᾶσιν

2378 3163 2446 3226 Ὁ
2476 3164 2530 3224 δὲ
2563 3170 2765 3246 πρῶτον
2804 3164 2899 3244 μὲν
2929 3169 3098 3233 αὗτοῖς
3126 3166 3278 3243 νόμον
3309 3169 3449 3226 ἔθετο

1896 3336 2345 3399 ρι’ωεοίειιίίιιωσιιε
2376 3337 2666 3387 futurorum.
2701 3338 2869 3400 ltaque
2891 3338 2987 3400 regi
3019 3337 3194 3387 dixisse
3215 3338 3344 3385 hunc
3372 3350 3453 3386 co-

1896 3412 2169 3475 gnominem
2185 3450 2200 3474 ,
2226 3412 2355 3476 qnod
2379 3417 2537 3476 posset
2561 3414 2723 3464 videre
2750 3413 2891 3474 deos,
2912 3415 2952 3463 si
2984 3414 3221 3476 regionem
3255 3413 3452 3463 univer·-

1899 3501 2000 3538 sam
2020 3488 2080 3537 de
2102 3489 2298 3551 leprosis
2311 3488 2585 3539 hominibus
2603 3494 2650 3540 et
2669 3489 2929 3538 immundis
2951 3502 3150 3552 purgare
3177 3489 3335 3538 vellet.
3365 3491 3450 3539 Re·

1899 3578 2004 3627 gem
2024 3564 2197 3626 gaudio
2214 3565 2457 3628 perfusum
2473 3579 2641 3616 omnes
2654 3565 2868 3629 corporis
2886 3565 3047 3628 aliqua
3067 3565 3237 3628 injuria
3254 3564 3455 3614 affectos

1899 3656 1958 3692 ex
1982 3644 2185 3705 AEgypto
2205 3655 2511 3705 congregasse
2532 3643 2674 3704 dicit3
2702 3645 2753 3693 et
2783 3641 3142 3692 multitudinem
3171 3642 3375 3696 crevisse
3392 3646 3454 3690 ad

1900 3734 2158 3771 numerum
2174 3723 2287 3771 octo
2308 3720 2606 3784 myriadum3
2636 3733 2816 3785 eosque
2836 3720 2897 3771 ad
2920 3720 3152 3771 sectiones
3171 3714 3382 3783 lapidum
3407 3721 3454 3771 in

1902 3801 2086 3862 partem
2117 3799 2212 3850 Nili
2234 3799 2515 3850 orientalem
2549 3800 2759 3861 misisse,
2797 3801 2853 3850 ut
2883 3800 2932 3849 in
2956 3812 3101 3863 opere
3121 3802 3456 3849 exercerentur

1903 3880 2079 3942 pariter
2099 3892 2156 3928 ac
2173 3879 2252 3929 alii
2281 3879 2486 3943 AEgyptii
2505 3892 2564 3930 eo
2585 3879 2823 3930 destinati.
2851 3880 3012 3930 Fuisse
3034 3880 3194 3928 autem
3223 3877 3456 3941 quosdam

1903 3957 2028 4007 inter
2053 3971 2135 4008 eos
2154 3957 2299 4009 etiam
2317 3957 2620 4008 eruditorum
2636 3957 2942 4011 sacerdotum
2971 3956 3104 4020 lepra
3133 3956 3345 4020 perfusos
3367 3958 3452 4005 ait.

1904 4034 2201 4097 Amenophin
2219 4048 2335 4085 vero
2357 4035 2490 4085 iilum
2517 4035 2776 4099 sapientem
2808 4034 3122 4097 divinumque
3147 4032 3306 4083 virum
3329 4032 3452 4082 sub-

1908 4111 2116 4161 veritum
2135 4125 2236 4161 esse
2251 4149 2264 4173 ‚
2285 4125 2346 4161 ne
2374 4112 2424 4161 in
2454 4125 2505 4161 se
2526 4125 2780 4175 regemque
2796 4111 2997 4161 deorum
3020 4110 3141 4160 iram
3164 4109 3457 4169 concitaret,

1906 4189 1946 4238 si
1966 4189 2056 4238 illis
2074 4189 2147 4239 vis
2163 4188 2496 4250 adhiberetur3
2516 4192 2838 4252 praetereaque
2856 4186 3033 4237 dixisse
3051 4186 3308 4237 nonnullos
3330 4186 3458 4235 auxi·

1906 4266 1971 4315 lio
1988 4268 2219 4314 venturos
2243 4266 2461 4329 pollutis),
2483 4267 2530 4315 et
2556 4267 2755 4328 AEg>pto
2773 4265 3102 4314 dominaturos
3126 4264 3350 4314 tredecim
3369 4276 3452 4310 ano

1909 4344 1997 4394 nis.
2041 4347 2098 4393 Et
2129 4344 2282 4406 ipsum
2321 4343 2516 4407 quidem
2548 4345 2636 4393 ista
2672 4344 2768 4405 regi
2805 4344 2963 4393 dicere
2995 4358 3090 4391 non
3129 4356 3296 4392 ausum
3330 4356 3458 4401 esse,

1908 4423 2070 4472 omnia
2088 4436 2203 4471 vero
2224 4422 2400 4486 scripta
2417 4422 2665 4486 reliquisse
2686 4427 2734 4472 et
2752 4426 2903 4471 semet
2936 4422 3249 4471 interemisse.
3274 4425 3382 4478 Qua
3401 4421 3461 4469 «le

1911 4512 2057 4549 causa
2099 4513 2256 4562 regem
2293 4499 2534 4550 anxietate
2564 4499 2814 4549 laborasse.
2857 4498 3039 4548 Deinde
3064 4497 3126 4547 ad
3161 4498 3362 4547 verbum
3394 4496 3460 4545 ita

1911 4578 2133 4641 scripsit:
2160 4598 2184 4621 ιι
2214 4582 2378 4638 Quum
2401 4582 2562 4629 autem
2586 4580 2654 4629 illi
2687 4578 2801 4627 satis
2819 4578 2960 4640 longo
2991 4580 3207 4640 tempore
3237 4576 3284 4624 in
3303 4575 3461 4637 lapici-

1913 4657 2039 4707 dinis
2055 4658 2260 4720 graviter
2277 4658 2597 4718 laborassent,
2619 4670 2705 4707 rex
2725 4656 3004 4719 imploratus
3022 4657 3077 4704 ut
3099 4654 3160 4703 ad
3181 4654 3394 4717 requiem
3416 4654 3457 4702 e'

1914 4736 2133 4785 tutamen
2168 4748 2337 4784 eorum
2374 4738 2637 4785 secerneret
2675 4734 2917 4783 civitatem
2935 4768 2949 4792 ,
2984 4731 3155 4780 urbem
3188 4730 3356 4779 incolis
3378 4743 3438 4779 ex

1916 4811 2135 4860 haustam
2150 4848 2165 4872 ‚
2190 4825 2301 4874 qum
2328 4810 2478 4861 tuerat
2501 4814 2779 4871 Pastorum,
2799 4809 2990 4857 nomine
3023 4808 3231 4869 amrin,
3258 4806 3329 4857 eis
3347 4820 3445 4856 con·

1918 4888 2076 4938 cessit.
2103 4890 2185 4938 Est
2213 4890 2374 4938 autem
2411 4888 2516 4938 hoec
2537 4887 2676 4950 urbs,
2709 4887 2844 4949 juxta
2870 4885 3162 4948 theologiam
3190 4886 3453 4946 antiquam,

1916 4966 2174 5031 Typhonis.
2198 4970 2344 5017 Porro
2367 4967 2434 5016 illi
2453 4968 2502 5016 in
2524 4980 2630 5016 eam
2652 4965 2876 5029 ingressi,
2903 4968 3047 5027 atque
3070 4965 3202 5014 hunc
3225 4964 3382 5014 locum
3407 4962 3462 5011 ad

1918 5060 1992 5097 res
2027 5059 2177 5096 novas
2213 5045 2475 5096 moliendas
2508 5047 2829 5108 opportunum
2877 5044 3032 5103 nacti,
3066 5041 3240 5092 ducem
3278 5041 3464 5089 sibimet

1917 5124 2158 5187 quendam
2188 5124 2638 5185 Heliopolitanorum
2666 5123 2945 5185 pontificum
2970 5120 3275 5183 Osarsiphum
3299 5120 3466 5167 consti·

1919 5206 2079 5260 tuere,
2100 5204 2148 5251 et
2183 5200 2295 5249 huic
2318 5214 2368 5249 se
2397 5200 2444 5249 in
2476 5199 2699 5250 omnibus
2729 5199 3142 5262 obtemperaturos
3168 5196 3446 5258 juraverunt

3201 5284 3276 5325 37.
