<?xml version="1.0" encoding="UTF-8"?>
<!DOCTYPE html PUBLIC "-//W3C//DTD XHTML 1.0 Transitional//EN"
    "http://www.w3.org/TR/xhtml1/DTD/xhtml1-transitional.dtd">
<html xmlns="http://www.w3.org/1999/xhtml" xml:lang="en" lang="en">
 <head>
  <title>
</title>
<meta http-equiv="Content-Type" content="text/html;charset=utf-8" />
  <meta name='ocr-system' content='tesseract 3.04.00' />
  <meta name='ocr-capabilities' content='ocr_page ocr_carea ocr_par ocr_line ocrx_word'/>
</head>
<body>
  <div class='ocr_page' id='page_1' title='image "./fragmentahistor00mgoog_0534.png"; bbox 0 0 4016 5916; ppageno 0'>
   <div class='ocr_carea' id='block_1_1' title="bbox 499 337 621 387">
    <p class='ocr_par' dir='ltr' id='par_1_1' title="bbox 499 337 621 387">
     <span class='ocr_line' id='line_1_1' title="bbox 499 337 621 387; baseline -0.016 0"><span class='ocrx_word' id='word_1_1' title='bbox 499 337 621 387; x_wconf 69' lang='lat'><strong>458</strong></span> 
     </span>
    </p>
   </div>
   <div class='ocr_carea' id='block_1_2' title="bbox 1679 308 2528 371">
    <p class='ocr_par' dir='ltr' id='par_1_2' title="bbox 1679 308 2528 371">
     <span class='ocr_line' id='line_1_2' title="bbox 1679 308 2528 371; baseline -0.006 0"><span class='ocrx_word' id='word_1_2' title='bbox 1679 313 1811 371; x_wconf 76' lang='lat' dir='ltr'>111ss</span> <span class='ocrx_word' id='word_1_3' title='bbox 1821 311 2121 371; x_wconf 77' lang='lat' dir='ltr'>RONYMI</span> <span class='ocrx_word' id='word_1_4' title='bbox 2158 308 2528 370; x_wconf 74' lang='lat' dir='ltr'>CARDIANI</span> 
     </span>
    </p>
   </div>
   <div class='ocr_carea' id='block_1_3' title="bbox 506 428 3770 523">
    <p class='ocr_par' dir='ltr' id='par_1_3' title="bbox 506 428 3770 523">
     <span class='ocr_line' id='line_1_3' title="bbox 506 428 3770 523; baseline -0.005 -12"><span class='ocrx_word' id='word_1_5' title='bbox 506 450 814 512; x_wconf 82' lang='lat' dir='ltr'><strong>dammodo</strong></span> <span class='ocrx_word' id='word_1_6' title='bbox 838 490 853 520; x_wconf 91' lang='lat'>,</span> <span class='ocrx_word' id='word_1_7' title='bbox 893 449 937 504; x_wconf 89' lang='lat' dir='ltr'><strong>si</strong></span> <span class='ocrx_word' id='word_1_8' title='bbox 966 444 1117 521; x_wconf 88' lang='lat' dir='ltr'><strong>apud</strong></span> <span class='ocrx_word' id='word_1_9' title='bbox 1153 443 1565 516; x_wconf 74' lang='lat' dir='ltr'>Hieronymum</span> <span class='ocrx_word' id='word_1_10' title='bbox 1610 441 1839 497; x_wconf 85' lang='lat' dir='ltr'><strong>traditas</strong></span> <span class='ocrx_word' id='word_1_11' title='bbox 1865 459 1953 496; x_wconf 89' lang='lat' dir='ltr'><strong>res</strong></span> <span class='ocrx_word' id='word_1_12' title='bbox 1981 439 2058 494; x_wconf 89' lang='lat' dir='ltr'><strong>ita</strong></span> <span class='ocrx_word' id='word_1_13' title='bbox 2151 440 2290 496; x_wconf 90' lang='grc' dir='ltr'>σθαι.</span> <span class='ocrx_word' id='word_1_14' title='bbox 2324 438 2563 495; x_wconf 89' lang='lat' dir='ltr'><strong>Diodor.</strong></span> <span class='ocrx_word' id='word_1_15' title='bbox 2588 439 2804 507; x_wconf 83' lang='lat' dir='ltr'><strong>XVIII,</strong></span> <span class='ocrx_word' id='word_1_16' title='bbox 2832 437 2907 495; x_wconf 82' lang='lat'><strong>58</strong></span> <span class='ocrx_word' id='word_1_17' title='bbox 2939 459 2955 495; x_wconf 73' lang='lat' dir='ltr'><strong>t</strong></span> <span class='ocrx_word' id='word_1_18' title='bbox 2996 436 3089 497; x_wconf 86' lang='grc' dir='ltr'><strong>Ἐν</strong></span> <span class='ocrx_word' id='word_1_19' title='bbox 3124 428 3219 504; x_wconf 77' lang='grc' dir='ltr'><strong>αἷς</strong></span> <span class='ocrx_word' id='word_1_20' title='bbox 3253 429 3331 510; x_wconf 64' lang='grc' dir='ltr'>ἦν</span> <span class='ocrx_word' id='word_1_21' title='bbox 3354 442 3770 523; x_wconf 57' lang='grc' dir='ltr'>γεγραμμένη,</span> 
     </span>
    </p>
   </div>
   <div class='ocr_carea' id='block_1_4' title="bbox 499 527 2101 4879">
    <p class='ocr_par' dir='ltr' id='par_1_4' title="bbox 499 527 2070 1299">
     <span class='ocr_line' id='line_1_4' title="bbox 505 527 2061 605; baseline -0.009 -8"><span class='ocrx_word' id='word_1_22' title='bbox 505 543 669 599; x_wconf 82' lang='lat' dir='ltr'><strong>fuisse</strong></span> <span class='ocrx_word' id='word_1_23' title='bbox 695 544 986 605; x_wconf 80' lang='lat' dir='ltr'><strong>statuatur,</strong></span> <span class='ocrx_word' id='word_1_24' title='bbox 1013 544 1078 588; x_wconf 92' lang='lat' dir='ltr'><strong>ut</strong></span> <span class='ocrx_word' id='word_1_25' title='bbox 1106 534 1381 589; x_wconf 85' lang='lat' dir='ltr'>Eumenes</span> <span class='ocrx_word' id='word_1_26' title='bbox 1399 570 1413 597; x_wconf 94' lang='lat'>,</span> <span class='ocrx_word' id='word_1_27' title='bbox 1441 539 1740 603; x_wconf 86' lang='lat' dir='ltr'><strong>postquam</strong></span> <span class='ocrx_word' id='word_1_28' title='bbox 1768 527 2061 583; x_wconf 86' lang='lat' dir='ltr'><strong>eonsilium</strong></span> 
     </span>
     <span class='ocr_line' id='line_1_5' title="bbox 499 613 2066 702; baseline -0.011 -18"><span class='ocrx_word' id='word_1_29' title='bbox 499 613 1916 702; x_wconf 84' lang='lat' dir='ltr'><strong>-quodcepissetinArmeniamconfugiendi,elusum</strong></span> <span class='ocrx_word' id='word_1_30' title='bbox 1927 623 2066 672; x_wconf 86' lang='lat' dir='ltr'><strong>esset</strong></span> 
     </span>
     <span class='ocr_line' id='line_1_6' title="bbox 509 700 2066 776; baseline -0.011 -5"><span class='ocrx_word' id='word_1_31' title='bbox 509 715 825 770; x_wconf 86' lang='lat' dir='ltr'><strong>desectione</strong></span> <span class='ocrx_word' id='word_1_32' title='bbox 844 709 1152 764; x_wconf 89' lang='lat' dir='ltr'><strong>multorum</strong></span> <span class='ocrx_word' id='word_1_33' title='bbox 1170 705 1412 760; x_wconf 87' lang='lat' dir='ltr'><strong>militum</strong></span> <span class='ocrx_word' id='word_1_34' title='bbox 1439 721 1689 772; x_wconf 85' lang='lat' dir='ltr'><strong>suorum,</strong></span> <span class='ocrx_word' id='word_1_35' title='bbox 1717 720 1894 776; x_wconf 88' lang='lat' dir='ltr'><strong>quum</strong></span> <span class='ocrx_word' id='word_1_36' title='bbox 1911 700 2066 758; x_wconf 87' lang='lat' dir='ltr'><strong>Nora</strong></span> 
     </span>
     <span class='ocr_line' id='line_1_7' title="bbox 510 787 2065 874; baseline -0.009 -18"><span class='ocrx_word' id='word_1_37' title='bbox 510 801 732 856; x_wconf 88' lang='lat' dir='ltr'><strong>nonnisi</strong></span> <span class='ocrx_word' id='word_1_38' title='bbox 749 813 961 874; x_wconf 88' lang='lat' dir='ltr'><strong>paucos</strong></span> <span class='ocrx_word' id='word_1_39' title='bbox 982 813 1044 850; x_wconf 89' lang='lat' dir='ltr'><strong>ac</strong></span> <span class='ocrx_word' id='word_1_40' title='bbox 1064 791 1356 848; x_wconf 87' lang='lat' dir='ltr'><strong>fidissimos</strong></span> <span class='ocrx_word' id='word_1_41' title='bbox 1376 808 1628 863; x_wconf 88' lang='lat' dir='ltr'><strong>quosque</strong></span> <span class='ocrx_word' id='word_1_42' title='bbox 1650 807 1839 846; x_wconf 87' lang='lat' dir='ltr'><strong>secum</strong></span> <span class='ocrx_word' id='word_1_43' title='bbox 1858 787 2065 843; x_wconf 89' lang='lat' dir='ltr'><strong>ducere</strong></span> 
     </span>
     <span class='ocr_line' id='line_1_8' title="bbox 509 876 2066 963; baseline -0.01 -18"><span class='ocrx_word' id='word_1_44' title='bbox 509 897 728 963; x_wconf 88' lang='lat' dir='ltr'><strong>posset,</strong></span> <span class='ocrx_word' id='word_1_45' title='bbox 773 885 926 940; x_wconf 88' lang='lat' dir='ltr'><strong>ultro</strong></span> <span class='ocrx_word' id='word_1_46' title='bbox 966 877 1081 956; x_wconf 89' lang='lat' dir='ltr'><strong>ipse</strong></span> <span class='ocrx_word' id='word_1_47' title='bbox 1108 880 1385 953; x_wconf 88' lang='lat' dir='ltr'><strong>reliquos,</strong></span> <span class='ocrx_word' id='word_1_48' title='bbox 1413 887 1478 932; x_wconf 90' lang='lat' dir='ltr'><strong>ut</strong></span> <span class='ocrx_word' id='word_1_49' title='bbox 1505 876 1577 933; x_wconf 90' lang='lat' dir='ltr'><strong>ad</strong></span> <span class='ocrx_word' id='word_1_50' title='bbox 1621 876 1970 951; x_wconf 82' lang='lat' dir='ltr'><strong>Antigonum</strong></span> <span class='ocrx_word' id='word_1_51' title='bbox 2008 893 2066 930; x_wconf 88' lang='lat' dir='ltr'><strong>se</strong></span> 
     </span>
     <span class='ocr_line' id='line_1_9' title="bbox 504 962 2067 1042; baseline -0.009 -12"><span class='ocrx_word' id='word_1_52' title='bbox 504 974 866 1042; x_wconf 79' lang='lat' dir='ltr'><strong>conferrent,</strong></span> <span class='ocrx_word' id='word_1_53' title='bbox 919 968 1225 1042; x_wconf 88' lang='lat' dir='ltr'><strong>impulerit.</strong></span> <span class='ocrx_word' id='word_1_54' title='bbox 1278 963 1647 1020; x_wconf 81' lang='lat' dir='ltr'>Memorabile</span> <span class='ocrx_word' id='word_1_55' title='bbox 1699 965 1870 1018; x_wconf 88' lang='lat' dir='ltr'><strong>etiam</strong></span> <span class='ocrx_word' id='word_1_56' title='bbox 1913 962 2067 1017; x_wconf 89' lang='lat' dir='ltr'><strong>idem</strong></span> 
     </span>
     <span class='ocr_line' id='line_1_10' title="bbox 507 1051 2064 1133; baseline -0.008 -17"><span class='ocrx_word' id='word_1_57' title='bbox 507 1072 816 1133; x_wconf 83' lang='lat' dir='ltr'><strong>utrumque</strong></span> <span class='ocrx_word' id='word_1_58' title='bbox 835 1058 1166 1130; x_wconf 79' lang='lat' dir='ltr'><strong>scriptorem</strong></span> <span class='ocrx_word' id='word_1_59' title='bbox 1189 1052 1497 1131; x_wconf 86' lang='lat' dir='ltr'><strong>(Plutarch.</strong></span> <span class='ocrx_word' id='word_1_60' title='bbox 1522 1052 1688 1106; x_wconf 89' lang='lat' dir='ltr'><strong>Eum.</strong></span> <span class='ocrx_word' id='word_1_61' title='bbox 1715 1068 1766 1108; x_wconf 87' lang='lat' dir='ltr'><strong>c.</strong></span> <span class='ocrx_word' id='word_1_62' title='bbox 1796 1069 1818 1104; x_wconf 90' lang='lat'>1</span> <span class='ocrx_word' id='word_1_63' title='bbox 1835 1069 1859 1105; x_wconf 89' lang='lat'>1</span> <span class='ocrx_word' id='word_1_64' title='bbox 1882 1066 1899 1120; x_wconf 88' lang='lat'>;</span> <span class='ocrx_word' id='word_1_65' title='bbox 1923 1051 2064 1105; x_wconf 89' lang='lat' dir='ltr'><strong>Dio·</strong></span> 
     </span>
     <span class='ocr_line' id='line_1_11' title="bbox 515 1137 2070 1217; baseline -0.01 -13"><span class='ocrx_word' id='word_1_66' title='bbox 515 1148 647 1209; x_wconf 86' lang='lat' dir='ltr'><strong>dor.</strong></span> <span class='ocrx_word' id='word_1_67' title='bbox 690 1146 919 1213; x_wconf 83' lang='lat' dir='ltr'>XVIII,</span> <span class='ocrx_word' id='word_1_68' title='bbox 967 1139 1078 1217; x_wconf 77' lang='lat'><strong>41)</strong></span> <span class='ocrx_word' id='word_1_69' title='bbox 1124 1138 1346 1195; x_wconf 83' lang='lat' dir='ltr'><strong>tradere</strong></span> <span class='ocrx_word' id='word_1_70' title='bbox 1389 1138 1461 1194; x_wconf 87' lang='lat' dir='ltr'><strong>de</strong></span> <span class='ocrx_word' id='word_1_71' title='bbox 1502 1138 1744 1194; x_wconf 88' lang='lat' dir='ltr'><strong>circuitu</strong></span> <span class='ocrx_word' id='word_1_72' title='bbox 1778 1137 2070 1193; x_wconf 88' lang='lat' dir='ltr'><strong>Nororum</strong></span> 
     </span>
     <span class='ocr_line' id='line_1_12' title="bbox 501 1233 851 1299; baseline -0.009 -8"><span class='ocrx_word' id='word_1_73' title='bbox 501 1233 740 1299; x_wconf 75' lang='lat' dir='ltr'><strong>castelli.</strong></span> <span class='ocrx_word' id='word_1_74' title='bbox 819 1265 851 1296; x_wconf 50' lang='grc' dir='ltr'><strong>η.</strong></span> 
     </span>
    </p>

    <p class='ocr_par' dir='ltr' id='par_1_5' title="bbox 507 1309 2073 1898">
     <span class='ocr_line' id='line_1_13' title="bbox 597 1309 2073 1390; baseline -0.006 -17"><span class='ocrx_word' id='word_1_75' title='bbox 597 1343 629 1373; x_wconf 73' lang='grc' dir='ltr'>ι</span> <span class='ocrx_word' id='word_1_76' title='bbox 660 1320 750 1379; x_wconf 87' lang='lat' dir='ltr'><strong>Ad</strong></span> <span class='ocrx_word' id='word_1_77' title='bbox 790 1317 1032 1376; x_wconf 88' lang='lat' dir='ltr'><strong>eundem</strong></span> <span class='ocrx_word' id='word_1_78' title='bbox 1056 1333 1233 1390; x_wconf 88' lang='lat' dir='ltr'><strong>porro</strong></span> <span class='ocrx_word' id='word_1_79' title='bbox 1270 1323 1558 1369; x_wconf 85' lang='lat' dir='ltr'><strong>auctorem</strong></span> <span class='ocrx_word' id='word_1_80' title='bbox 1593 1309 1915 1367; x_wconf 86' lang='lat' dir='ltr'><strong>revocanda</strong></span> <span class='ocrx_word' id='word_1_81' title='bbox 1941 1320 2073 1364; x_wconf 90' lang='lat' dir='ltr'><strong>sunt</strong></span> 
     </span>
     <span class='ocr_line' id='line_1_14' title="bbox 511 1395 2068 1483; baseline -0.01 -18"><span class='ocrx_word' id='word_1_82' title='bbox 511 1428 640 1483; x_wconf 82' lang='lat' dir='ltr'><strong>quae</strong></span> <span class='ocrx_word' id='word_1_83' title='bbox 667 1426 700 1464; x_wconf 88' lang='lat' dir='ltr'><strong>a</strong></span> <span class='ocrx_word' id='word_1_84' title='bbox 727 1404 987 1462; x_wconf 89' lang='lat' dir='ltr'><strong>Diodoro</strong></span> <span class='ocrx_word' id='word_1_85' title='bbox 1017 1401 1242 1470; x_wconf 86' lang='lat' dir='ltr'>XVIII,</span> <span class='ocrx_word' id='word_1_86' title='bbox 1281 1407 1352 1465; x_wconf 74' lang='lat'><strong>42</strong></span> <span class='ocrx_word' id='word_1_87' title='bbox 1372 1441 1387 1470; x_wconf 93' lang='lat'>,</span> <span class='ocrx_word' id='word_1_88' title='bbox 1427 1400 1644 1472; x_wconf 84' lang='lat' dir='ltr'><strong>Nepote</strong></span> <span class='ocrx_word' id='word_1_89' title='bbox 1688 1417 1738 1454; x_wconf 92' lang='lat' dir='ltr'><strong>c.</strong></span> <span class='ocrx_word' id='word_1_90' title='bbox 1776 1395 1807 1451; x_wconf 82' lang='lat'>5</span> <span class='ocrx_word' id='word_1_91' title='bbox 1838 1407 1896 1451; x_wconf 92' lang='lat' dir='ltr'><strong>et</strong></span> <span class='ocrx_word' id='word_1_92' title='bbox 1932 1396 2068 1453; x_wconf 92' lang='lat' dir='ltr'><strong>Plu-</strong></span> 
     </span>
     <span class='ocr_line' id='line_1_15' title="bbox 519 1483 2072 1562; baseline -0.009 -11"><span class='ocrx_word' id='word_1_93' title='bbox 519 1495 714 1551; x_wconf 88' lang='lat' dir='ltr'><strong>tarcho</strong></span> <span class='ocrx_word' id='word_1_94' title='bbox 739 1512 791 1548; x_wconf 92' lang='lat' dir='ltr'><strong>c.</strong></span> <span class='ocrx_word' id='word_1_95' title='bbox 835 1510 899 1547; x_wconf 85' lang='lat'><strong>11</strong></span> <span class='ocrx_word' id='word_1_96' title='bbox 929 1491 1000 1545; x_wconf 89' lang='lat' dir='ltr'><strong>de</strong></span> <span class='ocrx_word' id='word_1_97' title='bbox 1031 1506 1308 1562; x_wconf 89' lang='lat' dir='ltr'><strong>equorum</strong></span> <span class='ocrx_word' id='word_1_98' title='bbox 1326 1530 1343 1557; x_wconf 92' lang='lat'>,</span> <span class='ocrx_word' id='word_1_99' title='bbox 1388 1503 1558 1560; x_wconf 89' lang='lat' dir='ltr'><strong>quam</strong></span> <span class='ocrx_word' id='word_1_100' title='bbox 1594 1486 1761 1542; x_wconf 90' lang='lat' dir='ltr'><strong>Noris</strong></span> <span class='ocrx_word' id='word_1_101' title='bbox 1796 1483 2072 1540; x_wconf 81' lang='lat' dir='ltr'><strong>Eumenes</strong></span> 
     </span>
     <span class='ocr_line' id='line_1_16' title="bbox 516 1570 2073 1653; baseline -0.008 -16"><span class='ocrx_word' id='word_1_102' title='bbox 516 1583 780 1653; x_wconf 83' lang='lat' dir='ltr'><strong>instituit,</strong></span> <span class='ocrx_word' id='word_1_103' title='bbox 825 1576 1223 1634; x_wconf 83' lang='lat' dir='ltr'><strong>exercitatione</strong></span> <span class='ocrx_word' id='word_1_104' title='bbox 1267 1572 1585 1642; x_wconf 88' lang='lat' dir='ltr'><strong>traduntur,</strong></span> <span class='ocrx_word' id='word_1_105' title='bbox 1633 1573 1696 1627; x_wconf 89' lang='lat' dir='ltr'><strong>in</strong></span> <span class='ocrx_word' id='word_1_106' title='bbox 1740 1590 1855 1646; x_wconf 90' lang='lat' dir='ltr'><strong>quo</strong></span> <span class='ocrx_word' id='word_1_107' title='bbox 1898 1570 2073 1626; x_wconf 72' lang='lat' dir='ltr'><strong>verba</strong></span> 
     </span>
     <span class='ocr_line' id='line_1_17' title="bbox 518 1657 2073 1741; baseline -0.008 -16"><span class='ocrx_word' id='word_1_108' title='bbox 518 1668 851 1741; x_wconf 78' lang='lat' dir='ltr'><strong>Hieronymi</strong></span> <span class='ocrx_word' id='word_1_109' title='bbox 882 1664 1193 1738; x_wconf 82' lang='lat' dir='ltr'><strong>religiosius</strong></span> <span class='ocrx_word' id='word_1_110' title='bbox 1233 1661 1461 1716; x_wconf 85' lang='lat' dir='ltr'><strong>sortasse</strong></span> <span class='ocrx_word' id='word_1_111' title='bbox 1497 1660 1760 1734; x_wconf 83' lang='lat' dir='ltr'><strong>expressit</strong></span> <span class='ocrx_word' id='word_1_112' title='bbox 1783 1657 2073 1715; x_wconf 84' lang='lat' dir='ltr'><strong>Diodorus</strong></span> 
     </span>
     <span class='ocr_line' id='line_1_18' title="bbox 507 1747 2069 1828; baseline -0.008 -17"><span class='ocrx_word' id='word_1_113' title='bbox 507 1775 687 1828; x_wconf 70' lang='lat' dir='ltr'><strong>quam</strong></span> <span class='ocrx_word' id='word_1_114' title='bbox 716 1750 1073 1820; x_wconf 84' lang='lat' dir='ltr'><strong>Plutarchus,</strong></span> <span class='ocrx_word' id='word_1_115' title='bbox 1103 1751 1198 1823; x_wconf 90' lang='lat' dir='ltr'><strong>qui</strong></span> <span class='ocrx_word' id='word_1_116' title='bbox 1231 1749 1474 1804; x_wconf 86' lang='lat' dir='ltr'><strong>orationi</strong></span> <span class='ocrx_word' id='word_1_117' title='bbox 1508 1747 1635 1821; x_wconf 89' lang='lat' dir='ltr'><strong>plus</strong></span> <span class='ocrx_word' id='word_1_118' title='bbox 1657 1747 1940 1821; x_wconf 81' lang='lat' dir='ltr'><strong>elegantiae</strong></span> <span class='ocrx_word' id='word_1_119' title='bbox 1971 1747 2069 1800; x_wconf 88' lang='lat' dir='ltr'><strong>tri-</strong></span> 
     </span>
     <span class='ocr_line' id='line_1_19' title="bbox 515 1840 974 1898; baseline -0.009 -1"><span class='ocrx_word' id='word_1_120' title='bbox 515 1843 702 1898; x_wconf 83' lang='lat' dir='ltr'><strong>buisse</strong></span> <span class='ocrx_word' id='word_1_121' title='bbox 729 1840 974 1896; x_wconf 78' lang='lat' dir='ltr'><strong>videtur.</strong></span> 
     </span>
    </p>

    <p class='ocr_par' dir='ltr' id='par_1_6' title="bbox 509 1920 2101 4879">
     <span class='ocr_line' id='line_1_20' title="bbox 603 1920 2071 2000; baseline -0.007 -14"><span class='ocrx_word' id='word_1_122' title='bbox 603 1954 629 1979; x_wconf 73' lang='lat' dir='ltr'><strong>a</strong></span> <span class='ocrx_word' id='word_1_123' title='bbox 652 1931 738 1986; x_wconf 90' lang='lat' dir='ltr'><strong>De</strong></span> <span class='ocrx_word' id='word_1_124' title='bbox 766 1929 1115 2000; x_wconf 84' lang='lat' dir='ltr'><strong>Hieronymo</strong></span> <span class='ocrx_word' id='word_1_125' title='bbox 1145 1924 1215 1981; x_wconf 88' lang='lat' dir='ltr'><strong>ab</strong></span> <span class='ocrx_word' id='word_1_126' title='bbox 1242 1926 1492 1980; x_wconf 87' lang='lat' dir='ltr'><strong>Eumene</strong></span> <span class='ocrx_word' id='word_1_127' title='bbox 1523 1923 1689 1978; x_wconf 87' lang='lat' dir='ltr'><strong>misso</strong></span> <span class='ocrx_word' id='word_1_128' title='bbox 1725 1920 1798 1977; x_wconf 90' lang='lat' dir='ltr'><strong>ad</strong></span> <span class='ocrx_word' id='word_1_129' title='bbox 1831 1922 2071 1994; x_wconf 87' lang='lat' dir='ltr'><strong>Antipa-</strong></span> 
     </span>
     <span class='ocr_line' id='line_1_21' title="bbox 512 2010 2077 2089; baseline -0.006 -17"><span class='ocrx_word' id='word_1_130' title='bbox 512 2028 673 2072; x_wconf 64' lang='lat' dir='ltr'><strong>trum</strong></span> <span class='ocrx_word' id='word_1_131' title='bbox 694 2015 835 2071; x_wconf 89' lang='lat' dir='ltr'><strong>nihil</strong></span> <span class='ocrx_word' id='word_1_132' title='bbox 855 2014 1006 2089; x_wconf 86' lang='lat' dir='ltr'><strong>apud</strong></span> <span class='ocrx_word' id='word_1_133' title='bbox 1033 2010 1396 2068; x_wconf 87' lang='lat' dir='ltr'><strong>Plutarchum</strong></span> <span class='ocrx_word' id='word_1_134' title='bbox 1418 2029 1602 2083; x_wconf 88' lang='lat' dir='ltr'><strong>neque</strong></span> <span class='ocrx_word' id='word_1_135' title='bbox 1620 2011 1921 2082; x_wconf 77' lang='lat' dir='ltr'><strong>Nepotem.</strong></span> <span class='ocrx_word' id='word_1_136' title='bbox 1947 2010 2077 2064; x_wconf 83' lang='lat' dir='ltr'><strong>Jus-</strong></span> 
     </span>
     <span class='ocr_line' id='line_1_22' title="bbox 509 2096 2074 2175; baseline -0.005 -17"><span class='ocrx_word' id='word_1_137' title='bbox 509 2106 668 2160; x_wconf 65' lang='lat' dir='ltr'><strong>rtinus</strong></span> <span class='ocrx_word' id='word_1_138' title='bbox 691 2114 872 2159; x_wconf 89' lang='lat' dir='ltr'><strong>autem</strong></span> <span class='ocrx_word' id='word_1_139' title='bbox 893 2103 978 2157; x_wconf 89' lang='lat' dir='ltr'><strong>his</strong></span> <span class='ocrx_word' id='word_1_140' title='bbox 999 2101 1130 2175; x_wconf 87' lang='lat' dir='ltr'><strong>ipsis</strong></span> <span class='ocrx_word' id='word_1_141' title='bbox 1144 2143 1160 2170; x_wconf 90' lang='lat'>,</span> <span class='ocrx_word' id='word_1_142' title='bbox 1182 2118 1305 2174; x_wconf 87' lang='lat' dir='ltr'><strong>quae</strong></span> <span class='ocrx_word' id='word_1_143' title='bbox 1329 2098 1401 2155; x_wconf 90' lang='lat' dir='ltr'><strong>de</strong></span> <span class='ocrx_word' id='word_1_144' title='bbox 1420 2098 1698 2172; x_wconf 85' lang='lat' dir='ltr'><strong>legatione</strong></span> <span class='ocrx_word' id='word_1_145' title='bbox 1722 2098 1851 2164; x_wconf 87' lang='lat' dir='ltr'><strong>ista,</strong></span> <span class='ocrx_word' id='word_1_146' title='bbox 1871 2096 2074 2151; x_wconf 85' lang='lat' dir='ltr'><strong>omisso</strong></span> 
     </span>
     <span class='ocr_line' id='line_1_23' title="bbox 517 2180 2075 2262; baseline -0.007 -17"><span class='ocrx_word' id='word_1_147' title='bbox 517 2202 710 2247; x_wconf 86' lang='lat' dir='ltr'><strong>tamen</strong></span> <span class='ocrx_word' id='word_1_148' title='bbox 728 2187 1062 2262; x_wconf 80' lang='lat' dir='ltr'><strong>Hieronymi</strong></span> <span class='ocrx_word' id='word_1_149' title='bbox 1092 2187 1352 2255; x_wconf 89' lang='lat' dir='ltr'><strong>nomine,</strong></span> <span class='ocrx_word' id='word_1_150' title='bbox 1375 2183 1624 2239; x_wconf 83' lang='lat' dir='ltr'><strong>narravit</strong></span> <span class='ocrx_word' id='word_1_151' title='bbox 1652 2180 1841 2257; x_wconf 78' lang='lat' dir='ltr'>(XIV,</span> <span class='ocrx_word' id='word_1_152' title='bbox 1863 2180 1932 2256; x_wconf 83' lang='lat'><strong>2)</strong></span> <span class='ocrx_word' id='word_1_153' title='bbox 1962 2182 2075 2236; x_wconf 91' lang='lat' dir='ltr'><strong>alio</strong></span> 
     </span>
     <span class='ocr_line' id='line_1_24' title="bbox 517 2268 2078 2349; baseline -0.006 -15"><span class='ocrx_word' id='word_1_154' title='bbox 517 2298 577 2335; x_wconf 91' lang='lat' dir='ltr'><strong>se</strong></span> <span class='ocrx_word' id='word_1_155' title='bbox 614 2279 771 2334; x_wconf 85' lang='lat' dir='ltr'><strong>fonte</strong></span> <span class='ocrx_word' id='word_1_156' title='bbox 812 2296 973 2332; x_wconf 87' lang='lat' dir='ltr'><strong>usum</strong></span> <span class='ocrx_word' id='word_1_157' title='bbox 1012 2291 1126 2331; x_wconf 90' lang='lat' dir='ltr'><strong>esse</strong></span> <span class='ocrx_word' id='word_1_158' title='bbox 1167 2269 1461 2349; x_wconf 84' lang='lat' dir='ltr'><strong>significat.</strong></span> <span class='ocrx_word' id='word_1_159' title='bbox 1498 2269 1707 2327; x_wconf 84' lang='lat' dir='ltr'><strong>Contra</strong></span> <span class='ocrx_word' id='word_1_160' title='bbox 1751 2268 2078 2325; x_wconf 82' lang='lat' dir='ltr'><strong>Plutarchus</strong></span> 
     </span>
     <span class='ocr_line' id='line_1_25' title="bbox 521 2357 2077 2439; baseline -0.006 -19"><span class='ocrx_word' id='word_1_161' title='bbox 521 2363 1000 2439; x_wconf 87' lang='lat' dir='ltr'><strong>quemadmodum</strong></span> <span class='ocrx_word' id='word_1_162' title='bbox 1043 2361 1175 2435; x_wconf 91' lang='lat' dir='ltr'><strong>ipsis</strong></span> <span class='ocrx_word' id='word_1_163' title='bbox 1212 2357 1357 2415; x_wconf 88' lang='lat' dir='ltr'><strong>adeo</strong></span> <span class='ocrx_word' id='word_1_164' title='bbox 1385 2357 1571 2412; x_wconf 75' lang='lat' dir='ltr'><strong>verbis</strong></span> <span class='ocrx_word' id='word_1_165' title='bbox 1610 2357 1919 2412; x_wconf 87' lang='lat' dir='ltr'><strong>consentiat</strong></span> <span class='ocrx_word' id='word_1_166' title='bbox 1947 2374 2077 2411; x_wconf 87' lang='lat' dir='ltr'><strong>cum</strong></span> 
     </span>
     <span class='ocr_line' id='line_1_26' title="bbox 519 2442 2079 2522; baseline -0.006 -14"><span class='ocrx_word' id='word_1_167' title='bbox 519 2462 752 2509; x_wconf 88' lang='lat' dir='ltr'><strong>auctore</strong></span> <span class='ocrx_word' id='word_1_168' title='bbox 791 2450 1071 2522; x_wconf 88' lang='lat' dir='ltr'><strong>Diodori,</strong></span> <span class='ocrx_word' id='word_1_169' title='bbox 1113 2465 1323 2502; x_wconf 85' lang='lat' dir='ltr'><strong>novum</strong></span> <span class='ocrx_word' id='word_1_170' title='bbox 1364 2454 1756 2520; x_wconf 82' lang='lat' dir='ltr'><strong>argumentum</strong></span> <span class='ocrx_word' id='word_1_171' title='bbox 1795 2442 2014 2499; x_wconf 82' lang='lat' dir='ltr'><strong>accedit</strong></span> <span class='ocrx_word' id='word_1_172' title='bbox 2048 2461 2079 2498; x_wconf 90' lang='lat' dir='ltr'><strong>e</strong></span> 
     </span>
     <span class='ocr_line' id='line_1_27' title="bbox 513 2529 2081 2614; baseline -0.006 -19"><span class='ocrx_word' id='word_1_173' title='bbox 513 2557 648 2614; x_wconf 69' lang='lat' dir='ltr'><strong>cap.</strong></span> <span class='ocrx_word' id='word_1_174' title='bbox 678 2558 746 2596; x_wconf 82' lang='lat'><strong>12</strong></span> <span class='ocrx_word' id='word_1_175' title='bbox 766 2581 784 2613; x_wconf 86' lang='lat'>,</span> <span class='ocrx_word' id='word_1_176' title='bbox 813 2538 915 2593; x_wconf 87' lang='lat' dir='ltr'><strong>ubi</strong></span> <span class='ocrx_word' id='word_1_177' title='bbox 940 2536 1258 2611; x_wconf 83' lang='lat' dir='ltr'><strong>Antigonus</strong></span> <span class='ocrx_word' id='word_1_178' title='bbox 1274 2543 1404 2608; x_wconf 91' lang='lat' dir='ltr'><strong>post</strong></span> <span class='ocrx_word' id='word_1_179' title='bbox 1425 2542 1668 2587; x_wconf 89' lang='lat' dir='ltr'><strong>mortem</strong></span> <span class='ocrx_word' id='word_1_180' title='bbox 1685 2531 1963 2605; x_wconf 84' lang='lat' dir='ltr'><strong>Antipatri</strong></span> <span class='ocrx_word' id='word_1_181' title='bbox 1992 2529 2081 2586; x_wconf 79' lang='lat' dir='ltr'><strong>di-</strong></span> 
     </span>
     <span class='ocr_line' id='line_1_28' title="bbox 523 2614 2077 2702; baseline -0.005 -20"><span class='ocrx_word' id='word_1_182' title='bbox 523 2627 672 2683; x_wconf 86' lang='lat' dir='ltr'><strong>citur</strong></span> <span class='ocrx_word' id='word_1_183' title='bbox 704 2627 770 2702; x_wconf 81' lang='grc' dir='ltr'><strong>τῇ</strong></span> <span class='ocrx_word' id='word_1_184' title='bbox 814 2621 996 2702; x_wconf 77' lang='grc' dir='ltr'>γνώμῃ</span> <span class='ocrx_word' id='word_1_185' title='bbox 1024 2620 1117 2690; x_wconf 82' lang='grc' dir='ltr'><strong>τὴν</strong></span> <span class='ocrx_word' id='word_1_186' title='bbox 1145 2618 1269 2691; x_wconf 80' lang='grc' dir='ltr'>ὅλην</span> <span class='ocrx_word' id='word_1_187' title='bbox 1304 2616 1741 2698; x_wconf 78' lang='grc' dir='ltr'>περιὸαλλόμενος</span> <span class='ocrx_word' id='word_1_188' title='bbox 1773 2614 2077 2694; x_wconf 76' lang='grc' dir='ltr'>ἡγεμονίαν,</span> 
     </span>
     <span class='ocr_line' id='line_1_29' title="bbox 514 2706 2086 2777; baseline -0.003 -9"><span class='ocrx_word' id='word_1_189' title='bbox 514 2716 570 2768; x_wconf 92' lang='lat' dir='ltr'><strong>·si</strong></span> <span class='ocrx_word' id='word_1_190' title='bbox 626 2710 879 2770; x_wconf 79' lang='lat' dir='ltr'><strong>conseras</strong></span> <span class='ocrx_word' id='word_1_191' title='bbox 932 2709 1252 2766; x_wconf 87' lang='lat' dir='ltr'><strong>Diodorum</strong></span> <span class='ocrx_word' id='word_1_192' title='bbox 1309 2709 1536 2777; x_wconf 84' lang='lat' dir='ltr'>XVIII,</span> <span class='ocrx_word' id='word_1_193' title='bbox 1593 2706 1665 2763; x_wconf 86' lang='lat'><strong>50</strong></span> <span class='ocrx_word' id='word_1_194' title='bbox 1684 2749 1701 2776; x_wconf 94' lang='lat'>,</span> <span class='ocrx_word' id='word_1_195' title='bbox 1755 2706 1853 2762; x_wconf 92' lang='lat' dir='ltr'><strong>ubi</strong></span> <span class='ocrx_word' id='word_1_196' title='bbox 1909 2706 2086 2763; x_wconf 77' lang='lat' dir='ltr'><strong>verba</strong></span> 
     </span>
     <span class='ocr_line' id='line_1_30' title="bbox 518 2792 2086 2877; baseline -0.004 -19"><span class='ocrx_word' id='word_1_197' title='bbox 518 2812 654 2858; x_wconf 71' lang='lat' dir='ltr'><strong>sunt</strong></span> <span class='ocrx_word' id='word_1_198' title='bbox 673 2819 688 2860; x_wconf 88' lang='lat'>:</span> <span class='ocrx_word' id='word_1_199' title='bbox 706 2793 1146 2877; x_wconf 70' lang='grc' dir='ltr'>περιὸαλλόμενος</span> <span class='ocrx_word' id='word_1_200' title='bbox 1168 2794 1281 2861; x_wconf 83' lang='grc' dir='ltr'>ταῖς</span> <span class='ocrx_word' id='word_1_201' title='bbox 1297 2793 1471 2852; x_wconf 82' lang='grc' dir='ltr'>ἐλπίσι</span> <span class='ocrx_word' id='word_1_202' title='bbox 1495 2792 1589 2863; x_wconf 79' lang='grc' dir='ltr'><strong>τὴν</strong></span> <span class='ocrx_word' id='word_1_203' title='bbox 1614 2797 1716 2851; x_wconf 84' lang='grc' dir='ltr'><strong>τῶν</strong></span> <span class='ocrx_word' id='word_1_204' title='bbox 1736 2792 1868 2851; x_wconf 78' lang='grc' dir='ltr'>ὅλων</span> <span class='ocrx_word' id='word_1_205' title='bbox 1896 2797 2086 2870; x_wconf 82' lang='grc' dir='ltr'>ἡγεμο-</span> 
     </span>
     <span class='ocr_line' id='line_1_31' title="bbox 527 2884 2085 2956; baseline -0.002 -12"><span class='ocrx_word' id='word_1_206' title='bbox 527 2887 659 2944; x_wconf 85' lang='grc' dir='ltr'>νίαν.</span> <span class='ocrx_word' id='word_1_207' title='bbox 699 2890 974 2944; x_wconf 85' lang='lat' dir='ltr'><strong>Praeterea</strong></span> <span class='ocrx_word' id='word_1_208' title='bbox 1008 2885 1079 2940; x_wconf 88' lang='lat' dir='ltr'><strong>de</strong></span> <span class='ocrx_word' id='word_1_209' title='bbox 1107 2884 1403 2952; x_wconf 66' lang='lat' dir='ltr'><strong>Eumenis»,</strong></span> <span class='ocrx_word' id='word_1_210' title='bbox 1439 2892 1740 2956; x_wconf 87' lang='lat' dir='ltr'><strong>postquam</strong></span> <span class='ocrx_word' id='word_1_211' title='bbox 1760 2884 1916 2940; x_wconf 86' lang='lat' dir='ltr'><strong>Nora</strong></span> <span class='ocrx_word' id='word_1_212' title='bbox 1947 2886 2085 2941; x_wconf 90' lang='lat' dir='ltr'><strong>reli-</strong></span> 
     </span>
     <span class='ocr_line' id='line_1_32' title="bbox 519 2970 2082 3051; baseline -0.001 -20"><span class='ocrx_word' id='word_1_213' title='bbox 519 2979 686 3051; x_wconf 84' lang='lat' dir='ltr'><strong>-quit,</strong></span> <span class='ocrx_word' id='word_1_214' title='bbox 714 2974 846 3049; x_wconf 83' lang='lat' dir='ltr'><strong>fuga</strong></span> <span class='ocrx_word' id='word_1_215' title='bbox 864 2973 986 3031; x_wconf 86' lang='lat' dir='ltr'><strong>haec</strong></span> <span class='ocrx_word' id='word_1_216' title='bbox 1012 2982 1139 3028; x_wconf 90' lang='lat' dir='ltr'><strong>sunt</strong></span> <span class='ocrx_word' id='word_1_217' title='bbox 1162 2971 1316 3046; x_wconf 89' lang='lat' dir='ltr'><strong>apud</strong></span> <span class='ocrx_word' id='word_1_218' title='bbox 1349 2970 1670 3027; x_wconf 74' lang='lat' dir='ltr'><strong>Diodorum</strong></span> <span class='ocrx_word' id='word_1_219' title='bbox 1704 2972 1894 3029; x_wconf 79' lang='lat' dir='ltr'>XVIII</span> <span class='ocrx_word' id='word_1_220' title='bbox 1913 3013 1929 3042; x_wconf 92' lang='lat'>,</span> <span class='ocrx_word' id='word_1_221' title='bbox 1963 2970 2036 3030; x_wconf 80' lang='lat'><strong>53</strong></span> <span class='ocrx_word' id='word_1_222' title='bbox 2065 2993 2082 3029; x_wconf 74' lang='grc' dir='ltr'><strong>ε</strong></span> 
     </span>
     <span class='ocr_line' id='line_1_33' title="bbox 530 3053 2081 3137; baseline -0.003 -20"><span class='ocrx_word' id='word_1_223' title='bbox 530 3057 938 3135; x_wconf 76' lang='grc' dir='ltr'>Ἀναλαμὸάνων</span> <span class='ocrx_word' id='word_1_224' title='bbox 959 3054 1072 3123; x_wconf 72' lang='grc' dir='ltr'>τοὺς</span> <span class='ocrx_word' id='word_1_225' title='bbox 1101 3054 1479 3137; x_wconf 79' lang='grc' dir='ltr'>προγεγονότας</span> <span class='ocrx_word' id='word_1_226' title='bbox 1504 3053 1680 3137; x_wconf 85' lang='grc' dir='ltr'>φίλους</span> <span class='ocrx_word' id='word_1_227' title='bbox 1702 3054 1838 3114; x_wconf 76' lang='grc' dir='ltr'>κατὰ</span> <span class='ocrx_word' id='word_1_228' title='bbox 1862 3056 1956 3127; x_wconf 83' lang='grc' dir='ltr'><strong>τὴν</strong></span> <span class='ocrx_word' id='word_1_229' title='bbox 1973 3060 2081 3137; x_wconf 75' lang='grc' dir='ltr'><strong>χὼ.</strong></span> 
     </span>
     <span class='ocr_line' id='line_1_34' title="bbox 519 3141 2078 3228; baseline 0 -23"><span class='ocrx_word' id='word_1_230' title='bbox 519 3169 626 3228; x_wconf 87' lang='grc' dir='ltr'>,ραν</span> <span class='ocrx_word' id='word_1_231' title='bbox 655 3142 1024 3222; x_wconf 79' lang='grc' dir='ltr'><strong>πλανωμένους</strong></span> <span class='ocrx_word' id='word_1_232' title='bbox 1051 3148 1152 3204; x_wconf 81' lang='grc' dir='ltr'><strong>τῶν</strong></span> <span class='ocrx_word' id='word_1_233' title='bbox 1178 3141 1689 3225; x_wconf 78' lang='grc' dir='ltr'>συνεστρατευκότων</span> <span class='ocrx_word' id='word_1_234' title='bbox 1716 3145 1858 3225; x_wconf 78' lang='grc' dir='ltr'>αὐτῷ</span> <span class='ocrx_word' id='word_1_235' title='bbox 1896 3147 2078 3228; x_wconf 79' lang='grc' dir='ltr'>πρότε-</span> 
     </span>
     <span class='ocr_line' id='line_1_35' title="bbox 536 3228 2088 3315; baseline -0.001 -22"><span class='ocrx_word' id='word_1_236' title='bbox 536 3257 622 3315; x_wconf 88' lang='grc' dir='ltr'><strong>ρον</strong></span> <span class='ocrx_word' id='word_1_237' title='bbox 649 3234 794 3310; x_wconf 80' lang='grc' dir='ltr'>κτλ.,</span> <span class='ocrx_word' id='word_1_238' title='bbox 819 3235 971 3310; x_wconf 89' lang='lat' dir='ltr'><strong>apud</strong></span> <span class='ocrx_word' id='word_1_239' title='bbox 998 3233 1380 3291; x_wconf 88' lang='lat' dir='ltr'><strong>Plutarchum.</strong></span> <span class='ocrx_word' id='word_1_240' title='bbox 1409 3252 1460 3289; x_wconf 90' lang='lat' dir='ltr'><strong>c.</strong></span> <span class='ocrx_word' id='word_1_241' title='bbox 1500 3252 1567 3289; x_wconf 72' lang='grc' dir='ltr'><strong>ια</strong></span> <span class='ocrx_word' id='word_1_242' title='bbox 1598 3249 1613 3291; x_wconf 78' lang='lat' dir='ltr'><strong>t</strong></span> <span class='ocrx_word' id='word_1_243' title='bbox 1639 3228 1749 3290; x_wconf 76' lang='grc' dir='ltr'><strong>Καὶ</strong></span> <span class='ocrx_word' id='word_1_244' title='bbox 1774 3236 1964 3312; x_wconf 74' lang='grc' dir='ltr'>συνῆγε</span> <span class='ocrx_word' id='word_1_245' title='bbox 1985 3238 2088 3294; x_wconf 83' lang='grc' dir='ltr'><strong>τῶν</strong></span> 
     </span>
     <span class='ocr_line' id='line_1_36' title="bbox 518 3315 2087 3402; baseline -0.003 -21"><span class='ocrx_word' id='word_1_246' title='bbox 518 3322 861 3402; x_wconf 71' lang='grc' dir='ltr'>στρατιωτῶν</span> <span class='ocrx_word' id='word_1_247' title='bbox 907 3316 1017 3379; x_wconf 77' lang='grc' dir='ltr'>ὅσοι</span> <span class='ocrx_word' id='word_1_248' title='bbox 1087 3316 1456 3400; x_wconf 78' lang='grc' dir='ltr'>διασπαρέντες</span> <span class='ocrx_word' id='word_1_249' title='bbox 1491 3315 1594 3375; x_wconf 80' lang='grc' dir='ltr'><strong>ἀπὸ</strong></span> <span class='ocrx_word' id='word_1_250' title='bbox 1618 3321 1710 3389; x_wconf 72' lang='grc' dir='ltr'><strong>τῆς</strong></span> <span class='ocrx_word' id='word_1_251' title='bbox 1743 3322 1903 3399; x_wconf 77' lang='grc' dir='ltr'>φυγῆς</span> <span class='ocrx_word' id='word_1_252' title='bbox 1924 3321 2087 3379; x_wconf 79' lang='grc' dir='ltr'>ἐπλα-</span> 
     </span>
     <span class='ocr_line' id='line_1_37' title="bbox 525 3403 2093 3487; baseline -0.001 -20"><span class='ocrx_word' id='word_1_253' title='bbox 525 3412 690 3468; x_wconf 85' lang='grc' dir='ltr'>νῶντο</span> <span class='ocrx_word' id='word_1_254' title='bbox 722 3404 858 3468; x_wconf 74' lang='grc' dir='ltr'>κατὰ</span> <span class='ocrx_word' id='word_1_255' title='bbox 886 3404 981 3479; x_wconf 84' lang='grc' dir='ltr'><strong>τὴν</strong></span> <span class='ocrx_word' id='word_1_256' title='bbox 1011 3403 1214 3487; x_wconf 81' lang='grc' dir='ltr'>χώραν.</span> <span class='ocrx_word' id='word_1_257' title='bbox 1254 3407 1368 3465; x_wconf 75' lang='grc' dir='ltr'>κτλ.</span> <span class='ocrx_word' id='word_1_258' title='bbox 1405 3408 1608 3482; x_wconf 90' lang='lat' dir='ltr'><strong>Elapso</strong></span> <span class='ocrx_word' id='word_1_259' title='bbox 1646 3410 1814 3464; x_wconf 90' lang='lat' dir='ltr'><strong>Noris</strong></span> <span class='ocrx_word' id='word_1_260' title='bbox 1855 3410 2093 3465; x_wconf 87' lang='lat' dir='ltr'><strong>Eumeni</strong></span> 
     </span>
     <span class='ocr_line' id='line_1_38' title="bbox 529 3495 2088 3571; baseline -0.001 -17"><span class='ocrx_word' id='word_1_261' title='bbox 529 3500 703 3555; x_wconf 86' lang='lat' dir='ltr'><strong>literae</strong></span> <span class='ocrx_word' id='word_1_262' title='bbox 739 3497 1053 3554; x_wconf 82' lang='lat' dir='ltr'><strong>afferuntur</strong></span> <span class='ocrx_word' id='word_1_263' title='bbox 1101 3495 1447 3571; x_wconf 80' lang='lat' dir='ltr'><strong>Olympiadis</strong></span> <span class='ocrx_word' id='word_1_264' title='bbox 1478 3507 1534 3551; x_wconf 92' lang='lat' dir='ltr'><strong>et</strong></span> <span class='ocrx_word' id='word_1_265' title='bbox 1569 3496 2088 3570; x_wconf 76' lang='lat' dir='ltr'><strong>PolysperchontiS,</strong></span> 
     </span>
     <span class='ocr_line' id='line_1_39' title="bbox 531 3583 2091 3659; baseline -0.001 -18"><span class='ocrx_word' id='word_1_266' title='bbox 531 3606 561 3641; x_wconf 87' lang='lat' dir='ltr'><strong>e</strong></span> <span class='ocrx_word' id='word_1_267' title='bbox 605 3586 809 3659; x_wconf 88' lang='lat' dir='ltr'><strong>quibus</strong></span> <span class='ocrx_word' id='word_1_268' title='bbox 865 3603 990 3657; x_wconf 78' lang='lat' dir='ltr'><strong>quae</strong></span> <span class='ocrx_word' id='word_1_269' title='bbox 1036 3583 1338 3639; x_wconf 87' lang='lat' dir='ltr'><strong>laudantur</strong></span> <span class='ocrx_word' id='word_1_270' title='bbox 1380 3583 1537 3657; x_wconf 88' lang='lat' dir='ltr'><strong>apud</strong></span> <span class='ocrx_word' id='word_1_271' title='bbox 1587 3583 1832 3639; x_wconf 89' lang='lat' dir='ltr'><strong>Diodor.</strong></span> <span class='ocrx_word' id='word_1_272' title='bbox 1868 3585 2091 3655; x_wconf 86' lang='lat' dir='ltr'>XVIII,</span> 
     </span>
     <span class='ocr_line' id='line_1_40' title="bbox 519 3668 2096 3749; baseline 0.001 -22"><span class='ocrx_word' id='word_1_273' title='bbox 519 3670 627 3743; x_wconf 69' lang='lat'><strong>57.</strong></span> <span class='ocrx_word' id='word_1_274' title='bbox 652 3668 725 3728; x_wconf 83' lang='lat'><strong>58</strong></span> <span class='ocrx_word' id='word_1_275' title='bbox 750 3682 805 3728; x_wconf 93' lang='lat' dir='ltr'><strong>et</strong></span> <span class='ocrx_word' id='word_1_276' title='bbox 832 3671 1189 3726; x_wconf 88' lang='lat' dir='ltr'><strong>Plutarchum</strong></span> <span class='ocrx_word' id='word_1_277' title='bbox 1214 3669 1405 3749; x_wconf 61' lang='lat' dir='ltr'><strong>c..13·‚</strong></span> <span class='ocrx_word' id='word_1_278' title='bbox 1440 3681 1559 3726; x_wconf 89' lang='lat' dir='ltr'><strong>tum</strong></span> <span class='ocrx_word' id='word_1_279' title='bbox 1582 3671 1728 3726; x_wconf 86' lang='lat' dir='ltr'><strong>miro</strong></span> <span class='ocrx_word' id='word_1_280' title='bbox 1755 3671 1928 3726; x_wconf 87' lang='lat' dir='ltr'><strong>modo</strong></span> <span class='ocrx_word' id='word_1_281' title='bbox 1950 3672 2096 3729; x_wconf 89' lang='lat' dir='ltr'><strong>inter</strong></span> 
     </span>
     <span class='ocr_line' id='line_1_41' title="bbox 530 3758 2093 3834; baseline -0.001 -19"><span class='ocrx_word' id='word_1_282' title='bbox 530 3778 588 3815; x_wconf 89' lang='lat' dir='ltr'><strong>se</strong></span> <span class='ocrx_word' id='word_1_283' title='bbox 617 3759 974 3834; x_wconf 89' lang='lat' dir='ltr'><strong>conspirant,</strong></span> <span class='ocrx_word' id='word_1_284' title='bbox 1005 3768 1126 3815; x_wconf 89' lang='lat' dir='ltr'><strong>tum</strong></span> <span class='ocrx_word' id='word_1_285' title='bbox 1164 3759 1390 3814; x_wconf 87' lang='lat' dir='ltr'><strong>nonnisi</strong></span> <span class='ocrx_word' id='word_1_286' title='bbox 1416 3758 1486 3814; x_wconf 89' lang='lat' dir='ltr'><strong>ab</strong></span> <span class='ocrx_word' id='word_1_287' title='bbox 1516 3777 1584 3816; x_wconf 92' lang='lat' dir='ltr'><strong>eo</strong></span> <span class='ocrx_word' id='word_1_288' title='bbox 1622 3758 1768 3815; x_wconf 87' lang='lat' dir='ltr'><strong>tradi</strong></span> <span class='ocrx_word' id='word_1_289' title='bbox 1796 3770 2093 3833; x_wconf 85' lang='lat' dir='ltr'><strong>poterant,</strong></span> 
     </span>
     <span class='ocr_line' id='line_1_42' title="bbox 530 3845 2092 3921; baseline 0.001 -20"><span class='ocrx_word' id='word_1_290' title='bbox 530 3847 628 3920; x_wconf 90' lang='lat' dir='ltr'><strong>qui</strong></span> <span class='ocrx_word' id='word_1_291' title='bbox 648 3865 839 3902; x_wconf 88' lang='lat' dir='ltr'><strong>rerum</strong></span> <span class='ocrx_word' id='word_1_292' title='bbox 861 3847 978 3920; x_wconf 85' lang='lat' dir='ltr'><strong>ipse</strong></span> <span class='ocrx_word' id='word_1_293' title='bbox 996 3847 1360 3920; x_wconf 82' lang='lat' dir='ltr'><strong>peritissimus</strong></span> <span class='ocrx_word' id='word_1_294' title='bbox 1381 3856 1540 3904; x_wconf 90' lang='lat' dir='ltr'><strong>esset.</strong></span> <span class='ocrx_word' id='word_1_295' title='bbox 1568 3845 1737 3902; x_wconf 87' lang='lat' dir='ltr'><strong>Unde</strong></span> <span class='ocrx_word' id='word_1_296' title='bbox 1757 3847 1818 3901; x_wconf 89' lang='lat' dir='ltr'><strong>in</strong></span> <span class='ocrx_word' id='word_1_297' title='bbox 1840 3847 1925 3902; x_wconf 82' lang='lat' dir='ltr'><strong>his</strong></span> <span class='ocrx_word' id='word_1_298' title='bbox 1944 3865 2092 3921; x_wconf 81' lang='lat' dir='ltr'><strong>quo-</strong></span> 
     </span>
     <span class='ocr_line' id='line_1_43' title="bbox 528 3933 2096 4008; baseline 0.002 -20"><span class='ocrx_word' id='word_1_299' title='bbox 528 3952 638 4007; x_wconf 88' lang='lat' dir='ltr'><strong>que</strong></span> <span class='ocrx_word' id='word_1_300' title='bbox 679 3940 969 3993; x_wconf 75' lang='lat' dir='ltr'><strong>auctorem</strong></span> <span class='ocrx_word' id='word_1_301' title='bbox 1012 3933 1345 4007; x_wconf 89' lang='lat' dir='ltr'><strong>primarium</strong></span> <span class='ocrx_word' id='word_1_302' title='bbox 1391 3933 1656 3989; x_wconf 80' lang='lat' dir='ltr'><strong>exstitisse</strong></span> <span class='ocrx_word' id='word_1_303' title='bbox 1685 3935 2096 4008; x_wconf 81' lang='lat' dir='ltr'><strong>Hieronymum</strong></span> 
     </span>
     <span class='ocr_line' id='line_1_44' title="bbox 529 4017 2091 4095; baseline 0.003 -20"><span class='ocrx_word' id='word_1_304' title='bbox 529 4021 831 4077; x_wconf 74' lang='lat' dir='ltr'><strong>verisimile</strong></span> <span class='ocrx_word' id='word_1_305' title='bbox 857 4030 955 4076; x_wconf 91' lang='lat' dir='ltr'><strong>est.</strong></span> <span class='ocrx_word' id='word_1_306' title='bbox 994 4021 1333 4095; x_wconf 85' lang='lat' dir='ltr'><strong>Comparare</strong></span> <span class='ocrx_word' id='word_1_307' title='bbox 1370 4017 1533 4092; x_wconf 83' lang='lat' dir='ltr'><strong>juvat</strong></span> <span class='ocrx_word' id='word_1_308' title='bbox 1558 4020 1841 4079; x_wconf 83' lang='lat' dir='ltr'><strong>Plutarch.</strong></span> <span class='ocrx_word' id='word_1_309' title='bbox 1881 4041 1931 4081; x_wconf 92' lang='lat' dir='ltr'><strong>c.</strong></span> <span class='ocrx_word' id='word_1_310' title='bbox 1973 4022 2042 4080; x_wconf 79' lang='lat'><strong>13</strong></span> <span class='ocrx_word' id='word_1_311' title='bbox 2076 4042 2091 4080; x_wconf 75' lang='grc' dir='ltr'><strong>ε</strong></span> 
     </span>
     <span class='ocr_line' id='line_1_45' title="bbox 532 4102 2092 4184; baseline -0.001 -19"><span class='ocrx_word' id='word_1_312' title='bbox 532 4103 896 4182; x_wconf 77' lang='grc' dir='ltr'>Ὀλυμπιάδος</span> <span class='ocrx_word' id='word_1_313' title='bbox 938 4102 1033 4181; x_wconf 78' lang='grc' dir='ltr'><strong>μὲν</strong></span> <span class='ocrx_word' id='word_1_314' title='bbox 1061 4103 1470 4184; x_wconf 79' lang='grc' dir='ltr'>παρακαλούσης</span> <span class='ocrx_word' id='word_1_315' title='bbox 1506 4102 1717 4164; x_wconf 78' lang='grc' dir='ltr'>ἐλθόντα</span> <span class='ocrx_word' id='word_1_316' title='bbox 1756 4103 1815 4163; x_wconf 81' lang='grc' dir='ltr'><strong>τὸ</strong></span> <span class='ocrx_word' id='word_1_317' title='bbox 1853 4105 2092 4176; x_wconf 79' lang='grc' dir='ltr'>Ἀλεξάν-</span> 
     </span>
     <span class='ocr_line' id='line_1_46' title="bbox 531 4189 2094 4271; baseline 0.001 -20"><span class='ocrx_word' id='word_1_318' title='bbox 531 4196 650 4271; x_wconf 88' lang='grc' dir='ltr'>δρου</span> <span class='ocrx_word' id='word_1_319' title='bbox 672 4192 874 4252; x_wconf 83' lang='grc' dir='ltr'>παιδίον</span> <span class='ocrx_word' id='word_1_320' title='bbox 895 4190 1222 4270; x_wconf 79' lang='grc' dir='ltr'>παραλαὸεῖν</span> <span class='ocrx_word' id='word_1_321' title='bbox 1248 4189 1339 4250; x_wconf 79' lang='grc' dir='ltr'><strong>καὶ</strong></span> <span class='ocrx_word' id='word_1_322' title='bbox 1366 4190 1569 4270; x_wconf 73' lang='grc' dir='ltr'>τρέφειν</span> <span class='ocrx_word' id='word_1_323' title='bbox 1590 4195 1659 4259; x_wconf 83' lang='grc' dir='ltr'><strong>ὡς</strong></span> <span class='ocrx_word' id='word_1_324' title='bbox 1688 4191 2094 4271; x_wconf 74' lang='grc' dir='ltr'>ἰπιὸουλευόμε-</span> 
     </span>
     <span class='ocr_line' id='line_1_47' title="bbox 531 4276 2097 4359; baseline 0.004 -25"><span class='ocrx_word' id='word_1_325' title='bbox 531 4302 640 4342; x_wconf 90' lang='grc' dir='ltr'>νον.</span> <span class='ocrx_word' id='word_1_326' title='bbox 668 4279 914 4339; x_wconf 90' lang='lat' dir='ltr'><strong>Diodor.</strong></span> <span class='ocrx_word' id='word_1_327' title='bbox 947 4281 1172 4352; x_wconf 86' lang='lat' dir='ltr'>XVIII,</span> <span class='ocrx_word' id='word_1_328' title='bbox 1205 4279 1281 4336; x_wconf 81' lang='lat'><strong>58</strong></span> <span class='ocrx_word' id='word_1_329' title='bbox 1318 4299 1333 4335; x_wconf 77' lang='lat' dir='ltr'><em>z</em></span> <span class='ocrx_word' id='word_1_330' title='bbox 1362 4276 1622 4354; x_wconf 77' lang='grc' dir='ltr'>Δεομένης</span> <span class='ocrx_word' id='word_1_331' title='bbox 1645 4278 1738 4339; x_wconf 80' lang='grc' dir='ltr'><strong>καὶ</strong></span> <span class='ocrx_word' id='word_1_332' title='bbox 1776 4282 2097 4359; x_wconf 82' lang='grc' dir='ltr'>λιπαρούσης</span> 
     </span>
     <span class='ocr_line' id='line_1_48' title="bbox 525 4363 2094 4447; baseline 0.002 -24"><span class='ocrx_word' id='word_1_333' title='bbox 525 4368 737 4446; x_wconf 77' lang='grc' dir='ltr'>βοηθεῖν</span> <span class='ocrx_word' id='word_1_334' title='bbox 763 4368 866 4431; x_wconf 86' lang='grc' dir='ltr'>τοῖς</span> <span class='ocrx_word' id='word_1_335' title='bbox 901 4366 1170 4443; x_wconf 77' lang='grc' dir='ltr'>βασιλεῦσι</span> <span class='ocrx_word' id='word_1_336' title='bbox 1209 4364 1299 4424; x_wconf 76' lang='grc' dir='ltr'><strong>καὶ</strong></span> <span class='ocrx_word' id='word_1_337' title='bbox 1349 4368 1510 4445; x_wconf 74' lang='grc' dir='ltr'>ἑαυτῇ</span> <span class='ocrx_word' id='word_1_338' title='bbox 1527 4412 1543 4435; x_wconf 87' lang='grc'><em>,</em></span> <span class='ocrx_word' id='word_1_339' title='bbox 1579 4363 1732 4441; x_wconf 84' lang='grc' dir='ltr'>μόνον</span> <span class='ocrx_word' id='word_1_340' title='bbox 1756 4365 1858 4447; x_wconf 75' lang='grc' dir='ltr'><strong>γὰρ</strong></span> <span class='ocrx_word' id='word_1_341' title='bbox 1901 4371 2094 4428; x_wconf 76' lang='grc' dir='ltr'>ἐκεῖνον</span> 
     </span>
     <span class='ocr_line' id='line_1_49' title="bbox 537 4451 2096 4535; baseline 0.005 -26"><span class='ocrx_word' id='word_1_342' title='bbox 537 4451 847 4512; x_wconf 89' lang='grc' dir='ltr'>πιστότατον</span> <span class='ocrx_word' id='word_1_343' title='bbox 896 4455 1266 4529; x_wconf 79' lang='grc' dir='ltr'>ἀπολελεῖφθαι</span> <span class='ocrx_word' id='word_1_344' title='bbox 1307 4455 1410 4511; x_wconf 78' lang='grc' dir='ltr'><strong>τῶν</strong></span> <span class='ocrx_word' id='word_1_345' title='bbox 1459 4453 1621 4535; x_wconf 85' lang='grc' dir='ltr'>φίλων</span> <span class='ocrx_word' id='word_1_346' title='bbox 1675 4453 1767 4513; x_wconf 83' lang='grc' dir='ltr'><strong>καὶ</strong></span> <span class='ocrx_word' id='word_1_347' title='bbox 1815 4454 2096 4535; x_wconf 76' lang='grc' dir='ltr'>δυνάμενον</span> 
     </span>
     <span class='ocr_line' id='line_1_50' title="bbox 531 4536 2098 4620; baseline 0.003 -22"><span class='ocrx_word' id='word_1_348' title='bbox 531 4538 914 4620; x_wconf 78' lang='grc' dir='ltr'>διορθώσασθαι</span> <span class='ocrx_word' id='word_1_349' title='bbox 941 4536 1033 4611; x_wconf 69' lang='grc' dir='ltr'><strong>τὴν</strong></span> <span class='ocrx_word' id='word_1_350' title='bbox 1064 4538 1284 4620; x_wconf 75' lang='grc' dir='ltr'>ἐρημίαν</span> <span class='ocrx_word' id='word_1_351' title='bbox 1305 4544 1398 4611; x_wconf 83' lang='grc' dir='ltr'><strong>τῆς</strong></span> <span class='ocrx_word' id='word_1_352' title='bbox 1428 4542 1702 4619; x_wconf 71' lang='grc' dir='ltr'>βασιλικῆς</span> <span class='ocrx_word' id='word_1_353' title='bbox 1720 4541 1908 4609; x_wconf 78' lang='grc' dir='ltr'>οἰκίας·</span> <span class='ocrx_word' id='word_1_354' title='bbox 1953 4556 2010 4602; x_wconf 84' lang='lat' dir='ltr'><strong>et</strong></span> <span class='ocrx_word' id='word_1_355' title='bbox 2028 4565 2098 4603; x_wconf 85' lang='lat' dir='ltr'><strong>ex</strong></span> 
     </span>
     <span class='ocr_line' id='line_1_51' title="bbox 523 4629 2097 4707; baseline 0.004 -24"><span class='ocrx_word' id='word_1_356' title='bbox 523 4629 771 4703; x_wconf 76' lang='lat' dir='ltr'><strong>epistola</strong></span> <span class='ocrx_word' id='word_1_357' title='bbox 794 4630 1284 4704; x_wconf 78' lang='lat' dir='ltr'><strong>Polysperchontis</strong></span> <span class='ocrx_word' id='word_1_358' title='bbox 1306 4649 1370 4686; x_wconf 91' lang='lat' dir='ltr'><strong>ac</strong></span> <span class='ocrx_word' id='word_1_359' title='bbox 1395 4629 1641 4705; x_wconf 86' lang='lat' dir='ltr'><strong>Philippi</strong></span> <span class='ocrx_word' id='word_1_360' title='bbox 1660 4633 1806 4707; x_wconf 86' lang='lat' dir='ltr'><strong>regis</strong></span> <span class='ocrx_word' id='word_1_361' title='bbox 1834 4645 1950 4688; x_wconf 90' lang='lat' dir='ltr'><strong>tum</strong></span> <span class='ocrx_word' id='word_1_362' title='bbox 1974 4652 2097 4707; x_wconf 82' lang='lat' dir='ltr'><strong>quae</strong></span> 
     </span>
     <span class='ocr_line' id='line_1_52' title="bbox 533 4714 2088 4795; baseline 0.004 -26"><span class='ocrx_word' id='word_1_363' title='bbox 533 4715 608 4770; x_wconf 91' lang='lat' dir='ltr'><strong>de</strong></span> <span class='ocrx_word' id='word_1_364' title='bbox 632 4714 786 4771; x_wconf 84' lang='lat' dir='ltr'><strong>bello</strong></span> <span class='ocrx_word' id='word_1_365' title='bbox 811 4715 1097 4785; x_wconf 83' lang='lat' dir='ltr'><strong>dicuntur,</strong></span> <span class='ocrx_word' id='word_1_366' title='bbox 1130 4717 1200 4772; x_wconf 85' lang='lat' dir='ltr'><strong>ab</strong></span> <span class='ocrx_word' id='word_1_367' title='bbox 1229 4718 1479 4773; x_wconf 88' lang='lat' dir='ltr'><strong>Eumene</strong></span> <span class='ocrx_word' id='word_1_368' title='bbox 1516 4736 1646 4774; x_wconf 86' lang='lat' dir='ltr'><strong>cum</strong></span> <span class='ocrx_word' id='word_1_369' title='bbox 1669 4719 1955 4795; x_wconf 80' lang='lat' dir='ltr'><strong>Antigono</strong></span> <span class='ocrx_word' id='word_1_370' title='bbox 1986 4739 2088 4795; x_wconf 81' lang='lat' dir='ltr'><strong>ge-</strong></span> 
     </span>
     <span class='ocr_line' id='line_1_53' title="bbox 535 4798 2101 4879; baseline 0.005 -24"><span class='ocrx_word' id='word_1_371' title='bbox 535 4801 739 4871; x_wconf 88' lang='lat' dir='ltr'><strong>rendo,</strong></span> <span class='ocrx_word' id='word_1_372' title='bbox 762 4813 881 4858; x_wconf 87' lang='lat' dir='ltr'><strong>tum</strong></span> <span class='ocrx_word' id='word_1_373' title='bbox 899 4802 971 4859; x_wconf 93' lang='lat' dir='ltr'><strong>de</strong></span> <span class='ocrx_word' id='word_1_374' title='bbox 990 4804 1211 4877; x_wconf 89' lang='lat' dir='ltr'><strong>opibus,</strong></span> <span class='ocrx_word' id='word_1_375' title='bbox 1228 4803 1297 4859; x_wconf 90' lang='lat' dir='ltr'><strong>de</strong></span> <span class='ocrx_word' id='word_1_376' title='bbox 1318 4804 1521 4876; x_wconf 89' lang='lat' dir='ltr'><strong>quibus</strong></span> <span class='ocrx_word' id='word_1_377' title='bbox 1539 4798 1793 4879; x_wconf 73' lang='lat' dir='ltr'><strong>sumptus</strong></span> <span class='ocrx_word' id='word_1_378' title='bbox 1812 4807 2101 4863; x_wconf 87' lang='lat' dir='ltr'><strong>faciendus</strong></span> 
     </span>
    </p>
   </div>
   <div class='ocr_carea' id='block_1_5' title="bbox 2153 521 3772 610">
    <p class='ocr_par' dir='ltr' id='par_1_7' title="bbox 2153 521 3772 610">
     <span class='ocr_line' id='line_1_54' title="bbox 2153 521 3772 610; baseline 0.006 -29"><span class='ocrx_word' id='word_1_379' title='bbox 2153 523 2231 582; x_wconf 81' lang='grc' dir='ltr'><strong>ὅτι</strong></span> <span class='ocrx_word' id='word_1_380' title='bbox 2257 522 2574 582; x_wconf 87' lang='grc' dir='ltr'>πεντακόσια</span> <span class='ocrx_word' id='word_1_381' title='bbox 2610 521 2704 600; x_wconf 76' lang='grc' dir='ltr'><strong>μὲν</strong></span> <span class='ocrx_word' id='word_1_382' title='bbox 2730 523 2964 583; x_wconf 86' lang='grc' dir='ltr'>τάλαντα</span> <span class='ocrx_word' id='word_1_383' title='bbox 3001 526 3246 584; x_wconf 83' lang='grc' dir='ltr'>διδόασιν</span> <span class='ocrx_word' id='word_1_384' title='bbox 3281 529 3460 610; x_wconf 78' lang='grc' dir='ltr'>αὐτῷ</span> <span class='ocrx_word' id='word_1_385' title='bbox 3496 530 3772 610; x_wconf 73' lang='grc' dir='ltr'>δωρεᾶνοὶ</span> 
     </span>
    </p>
   </div>
   <div class='ocr_carea' id='block_1_6' title="bbox 2159 608 3775 698">
    <p class='ocr_par' dir='ltr' id='par_1_8' title="bbox 2159 608 3775 698">
     <span class='ocr_line' id='line_1_55' title="bbox 2159 608 3775 698; baseline 0.001 -30"><span class='ocrx_word' id='word_1_386' title='bbox 2159 611 2387 688; x_wconf 80' lang='grc' dir='ltr'>βασιλεῖς</span> <span class='ocrx_word' id='word_1_387' title='bbox 2415 611 2485 677; x_wconf 83' lang='grc' dir='ltr'><strong>εἷς</strong></span> <span class='ocrx_word' id='word_1_388' title='bbox 2530 608 2876 690; x_wconf 76' lang='grc' dir='ltr'>ἐπανόρθωσιν</span> <span class='ocrx_word' id='word_1_389' title='bbox 2920 614 3022 669; x_wconf 75' lang='grc' dir='ltr'><strong>τῶν</strong></span> <span class='ocrx_word' id='word_1_390' title='bbox 3063 612 3481 690; x_wconf 80' lang='grc' dir='ltr'>γεγενημένων</span> <span class='ocrx_word' id='word_1_391' title='bbox 3528 615 3657 698; x_wconf 74' lang='grc' dir='ltr'>περὶ</span> <span class='ocrx_word' id='word_1_392' title='bbox 3686 621 3775 678; x_wconf 74' lang='grc' dir='ltr'><strong>αὖ.</strong></span> 
     </span>
    </p>
   </div>
   <div class='ocr_carea' id='block_1_7' title="bbox 2154 696 3773 777">
    <p class='ocr_par' dir='ltr' id='par_1_9' title="bbox 2154 696 3773 777">
     <span class='ocr_line' id='line_1_56' title="bbox 2154 696 3773 777; baseline 0.007 -23"><span class='ocrx_word' id='word_1_393' title='bbox 2154 697 2239 757; x_wconf 83' lang='grc' dir='ltr'><strong>τὸν</strong></span> <span class='ocrx_word' id='word_1_394' title='bbox 2268 699 2671 775; x_wconf 80' lang='grc' dir='ltr'>ἐλαττωμάτων,</span> <span class='ocrx_word' id='word_1_395' title='bbox 2697 696 2789 756; x_wconf 79' lang='grc' dir='ltr'><strong>καὶ</strong></span> <span class='ocrx_word' id='word_1_396' title='bbox 2833 698 2963 758; x_wconf 87' lang='grc' dir='ltr'>διότι</span> <span class='ocrx_word' id='word_1_397' title='bbox 3000 698 3320 777; x_wconf 78' lang='grc' dir='ltr'>γράμματα</span> <span class='ocrx_word' id='word_1_398' title='bbox 3368 700 3711 764; x_wconf 72' lang='grc' dir='ltr'>ἀπέστειλαν</span> <span class='ocrx_word' id='word_1_399' title='bbox 3729 710 3773 765; x_wconf 66' lang='grc' dir='ltr'>οἱ</span> 
     </span>
    </p>
   </div>
   <div class='ocr_carea' id='block_1_8' title="bbox 2157 784 3769 1299">
    <p class='ocr_par' dir='ltr' id='par_1_10' title="bbox 2157 784 3769 1132">
     <span class='ocr_line' id='line_1_57' title="bbox 2160 784 3769 867; baseline 0.005 -24"><span class='ocrx_word' id='word_1_400' title='bbox 2160 786 2388 864; x_wconf 77' lang='grc' dir='ltr'>βασιλεῖς</span> <span class='ocrx_word' id='word_1_401' title='bbox 2409 785 2537 863; x_wconf 82' lang='grc' dir='ltr'>πρὸς</span> <span class='ocrx_word' id='word_1_402' title='bbox 2575 784 2691 852; x_wconf 72' lang='grc' dir='ltr'>τοὺς</span> <span class='ocrx_word' id='word_1_403' title='bbox 2710 787 2764 844; x_wconf 68' lang='grc' dir='ltr'><strong>ἐν</strong></span> <span class='ocrx_word' id='word_1_404' title='bbox 2794 790 2860 866; x_wconf 87' lang='lat' dir='ltr'><strong>effi</strong></span> <span class='ocrx_word' id='word_1_405' title='bbox 2890 786 3101 866; x_wconf 70' lang='grc' dir='ltr'>Κιλικία</span> <span class='ocrx_word' id='word_1_406' title='bbox 3124 787 3508 867; x_wconf 73' lang='grc' dir='ltr'>στρατηγοὺς</span> <span class='ocrx_word' id='word_1_407' title='bbox 3538 791 3638 851; x_wconf 80' lang='grc' dir='ltr'><strong>καὶ</strong></span> <span class='ocrx_word' id='word_1_408' title='bbox 3672 798 3769 866; x_wconf 75' lang='grc' dir='ltr'><strong>θη-</strong></span> 
     </span>
     <span class='ocr_line' id='line_1_58' title="bbox 2157 870 3767 956; baseline 0.006 -26"><span class='ocrx_word' id='word_1_409' title='bbox 2157 870 2585 952; x_wconf 84' lang='grc' dir='ltr'>σαυροφύλακας,</span> <span class='ocrx_word' id='word_1_410' title='bbox 2632 872 2771 940; x_wconf 81' lang='grc' dir='ltr'>ὅπως</span> <span class='ocrx_word' id='word_1_411' title='bbox 2813 875 2956 956; x_wconf 73' lang='grc' dir='ltr'>αὐτῷ</span> <span class='ocrx_word' id='word_1_412' title='bbox 3007 872 3076 932; x_wconf 74' lang='grc' dir='ltr'><strong>τὰ</strong></span> <span class='ocrx_word' id='word_1_413' title='bbox 3120 876 3495 936; x_wconf 78' lang='grc' dir='ltr'>πεντακόσια</span> <span class='ocrx_word' id='word_1_414' title='bbox 3540 880 3767 940; x_wconf 83' lang='grc' dir='ltr'>τάλαντα</span> 
     </span>
     <span class='ocr_line' id='line_1_59' title="bbox 2158 959 3765 1048; baseline 0.007 -31"><span class='ocrx_word' id='word_1_415' title='bbox 2158 960 2286 1019; x_wconf 83' lang='grc' dir='ltr'>δῶσι</span> <span class='ocrx_word' id='word_1_416' title='bbox 2317 959 2407 1019; x_wconf 74' lang='grc' dir='ltr'><strong>καὶ</strong></span> <span class='ocrx_word' id='word_1_417' title='bbox 2435 963 2537 1021; x_wconf 78' lang='grc' dir='ltr'><strong>τῶν</strong></span> <span class='ocrx_word' id='word_1_418' title='bbox 2568 960 2739 1020; x_wconf 74' lang='grc' dir='ltr'>ἄλλων</span> <span class='ocrx_word' id='word_1_419' title='bbox 2757 962 3045 1041; x_wconf 80' lang='grc' dir='ltr'>χρημάτων</span> <span class='ocrx_word' id='word_1_420' title='bbox 3065 961 3164 1023; x_wconf 76' lang='grc' dir='ltr'><strong>ὅσα</strong></span> <span class='ocrx_word' id='word_1_421' title='bbox 3196 962 3273 1022; x_wconf 74' lang='grc' dir='ltr'><strong>ἂν</strong></span> <span class='ocrx_word' id='word_1_422' title='bbox 3309 967 3533 1045; x_wconf 72' lang='grc' dir='ltr'>αἰτήσῃ</span> <span class='ocrx_word' id='word_1_423' title='bbox 3566 969 3695 1048; x_wconf 81' lang='grc' dir='ltr'>πρός</span> <span class='ocrx_word' id='word_1_424' title='bbox 3716 993 3765 1028; x_wconf 84' lang='grc' dir='ltr'><strong>τε</strong></span> 
     </span>
     <span class='ocr_line' id='line_1_60' title="bbox 2158 1044 3756 1132; baseline 0.006 -30"><span class='ocrx_word' id='word_1_425' title='bbox 2158 1044 2248 1112; x_wconf 78' lang='grc' dir='ltr'><strong>τὰς</strong></span> <span class='ocrx_word' id='word_1_426' title='bbox 2268 1045 2552 1124; x_wconf 80' lang='grc' dir='ltr'>ξενολογίας</span> <span class='ocrx_word' id='word_1_427' title='bbox 2562 1045 2653 1105; x_wconf 80' lang='grc' dir='ltr'><strong>καὶ</strong></span> <span class='ocrx_word' id='word_1_428' title='bbox 2669 1046 2760 1114; x_wconf 80' lang='grc' dir='ltr'><strong>τὰς</strong></span> <span class='ocrx_word' id='word_1_429' title='bbox 2785 1048 2949 1115; x_wconf 77' lang='grc' dir='ltr'>ἄλλας</span> <span class='ocrx_word' id='word_1_430' title='bbox 2973 1046 3066 1114; x_wconf 75' lang='grc' dir='ltr'><strong>τὰς</strong></span> <span class='ocrx_word' id='word_1_431' title='bbox 3086 1049 3553 1126; x_wconf 78' lang='grc' dir='ltr'>κατεπειγούσας</span> <span class='ocrx_word' id='word_1_432' title='bbox 3564 1055 3756 1132; x_wconf 81' lang='grc' dir='ltr'>χρείας.</span> 
     </span>
    </p>

    <p class='ocr_par' dir='ltr' id='par_1_11' title="bbox 2160 1137 3764 1299">
     <span class='ocr_line' id='line_1_61' title="bbox 2237 1137 3764 1215; baseline 0.007 -26"><span class='ocrx_word' id='word_1_433' title='bbox 2237 1157 2263 1186; x_wconf 74' lang='grc' dir='ltr'><strong>α</strong></span> <span class='ocrx_word' id='word_1_434' title='bbox 2286 1137 2491 1192; x_wconf 86' lang='lat' dir='ltr'><strong>Similis</strong></span> <span class='ocrx_word' id='word_1_435' title='bbox 2516 1155 2811 1202; x_wconf 86' lang='lat' dir='ltr'><strong>consensus</strong></span> <span class='ocrx_word' id='word_1_436' title='bbox 2829 1137 2901 1193; x_wconf 91' lang='lat' dir='ltr'><strong>de</strong></span> <span class='ocrx_word' id='word_1_437' title='bbox 2929 1139 3179 1212; x_wconf 86' lang='lat' dir='ltr'><strong>epistolis</strong></span> <span class='ocrx_word' id='word_1_438' title='bbox 3204 1139 3291 1194; x_wconf 82' lang='lat' dir='ltr'><strong>ab</strong></span> <span class='ocrx_word' id='word_1_439' title='bbox 3327 1141 3764 1215; x_wconf 79' lang='lat' dir='ltr'><strong>Olympiadead</strong></span> 
     </span>
     <span class='ocr_line' id='line_1_62' title="bbox 2160 1223 3761 1299; baseline 0.005 -21"><span class='ocrx_word' id='word_1_440' title='bbox 2160 1224 2465 1280; x_wconf 87' lang='lat' dir='ltr'><strong>Eumenem</strong></span> <span class='ocrx_word' id='word_1_441' title='bbox 2498 1234 2553 1279; x_wconf 92' lang='lat' dir='ltr'><strong>et</strong></span> <span class='ocrx_word' id='word_1_442' title='bbox 2586 1224 2657 1280; x_wconf 87' lang='lat' dir='ltr'><strong>ab</strong></span> <span class='ocrx_word' id='word_1_443' title='bbox 2689 1223 2801 1280; x_wconf 87' lang='lat' dir='ltr'><strong>hoc</strong></span> <span class='ocrx_word' id='word_1_444' title='bbox 2838 1224 2912 1280; x_wconf 89' lang='lat' dir='ltr'><strong>ad</strong></span> <span class='ocrx_word' id='word_1_445' title='bbox 2955 1226 3389 1299; x_wconf 81' lang='lat' dir='ltr'><strong>Olympiadem</strong></span> <span class='ocrx_word' id='word_1_446' title='bbox 3438 1227 3593 1285; x_wconf 88' lang='lat' dir='ltr'><strong>datis</strong></span> <span class='ocrx_word' id='word_1_447' title='bbox 3624 1232 3761 1287; x_wconf 87' lang='lat' dir='ltr'><strong>inter</strong></span> 
     </span>
    </p>
   </div>
   <div class='ocr_carea' id='block_1_9' title="bbox 2158 1309 3755 1389">
    <p class='ocr_par' dir='ltr' id='par_1_12' title="bbox 2158 1309 3755 1389">
     <span class='ocr_line' id='line_1_63' title="bbox 2158 1309 3755 1389; baseline 0.005 -23"><span class='ocrx_word' id='word_1_448' title='bbox 2158 1310 2479 1367; x_wconf 90' lang='lat' dir='ltr'><strong>Diodorum</strong></span> <span class='ocrx_word' id='word_1_449' title='bbox 2505 1309 2584 1389; x_wconf 90' lang='lat' dir='ltr'><strong>(c.</strong></span> <span class='ocrx_word' id='word_1_450' title='bbox 2619 1310 2723 1389; x_wconf 84' lang='lat'><strong>58)</strong></span> <span class='ocrx_word' id='word_1_451' title='bbox 2762 1323 2818 1369; x_wconf 91' lang='lat' dir='ltr'><strong>et</strong></span> <span class='ocrx_word' id='word_1_452' title='bbox 2855 1314 3131 1387; x_wconf 86' lang='lat' dir='ltr'><strong>Nepotem</strong></span> <span class='ocrx_word' id='word_1_453' title='bbox 3170 1332 3235 1370; x_wconf 86' lang='lat' dir='ltr'><strong>c.</strong></span> <span class='ocrx_word' id='word_1_454' title='bbox 3285 1314 3357 1373; x_wconf 89' lang='grc'><strong>6.</strong></span> <span class='ocrx_word' id='word_1_455' title='bbox 3403 1317 3755 1374; x_wconf 77' lang='lat' dir='ltr'><strong>conferenda</strong></span> 
     </span>
    </p>
   </div>
   <div class='ocr_carea' id='block_1_10' title="bbox 2159 1398 3753 2177">
    <p class='ocr_par' dir='ltr' id='par_1_13' title="bbox 2159 1398 3753 2177">
     <span class='ocr_line' id='line_1_64' title="bbox 2159 1398 3750 1473; baseline 0.005 -20"><span class='ocrx_word' id='word_1_456' title='bbox 2159 1416 2336 1470; x_wconf 86' lang='lat' dir='ltr'><strong>porro</strong></span> <span class='ocrx_word' id='word_1_457' title='bbox 2359 1417 2482 1472; x_wconf 82' lang='lat' dir='ltr'><strong>quae</strong></span> <span class='ocrx_word' id='word_1_458' title='bbox 2502 1398 2578 1455; x_wconf 85' lang='lat' dir='ltr'><strong>ad</strong></span> <span class='ocrx_word' id='word_1_459' title='bbox 2593 1400 3032 1473; x_wconf 78' lang='lat' dir='ltr'><strong>praevertendam</strong></span> <span class='ocrx_word' id='word_1_460' title='bbox 3051 1401 3476 1457; x_wconf 82' lang='lat' dir='ltr'><strong>Macedonum</strong></span> <span class='ocrx_word' id='word_1_461' title='bbox 3496 1403 3750 1461; x_wconf 81' lang='lat' dir='ltr'><strong>invidiam</strong></span> 
     </span>
     <span class='ocr_line' id='line_1_65' title="bbox 2162 1487 3753 1564; baseline 0 -19"><span class='ocrx_word' id='word_1_462' title='bbox 2162 1491 2435 1545; x_wconf 87' lang='lat' dir='ltr'><strong>Eumenes</strong></span> <span class='ocrx_word' id='word_1_463' title='bbox 2452 1487 2810 1543; x_wconf 55' lang='lat' dir='ltr'><strong>&lt;machinatus</strong></span> <span class='ocrx_word' id='word_1_464' title='bbox 2834 1497 2931 1542; x_wconf 88' lang='lat' dir='ltr'><strong>est.</strong></span> <span class='ocrx_word' id='word_1_465' title='bbox 2959 1488 3261 1544; x_wconf 85' lang='lat' dir='ltr'><strong>Plutarch.</strong></span> <span class='ocrx_word' id='word_1_466' title='bbox 3296 1507 3354 1547; x_wconf 88' lang='lat' dir='ltr'><strong>e.</strong></span> <span class='ocrx_word' id='word_1_467' title='bbox 3390 1489 3474 1546; x_wconf 78' lang='lat'><strong>23</strong></span> <span class='ocrx_word' id='word_1_468' title='bbox 3502 1509 3517 1547; x_wconf 93' lang='lat'>:</span> <span class='ocrx_word' id='word_1_469' title='bbox 3546 1491 3651 1548; x_wconf 75' lang='grc' dir='ltr'><strong>Τὸν</strong></span> <span class='ocrx_word' id='word_1_470' title='bbox 3673 1489 3753 1564; x_wconf 72' lang='grc' dir='ltr'>μὲν</span> 
     </span>
     <span class='ocr_line' id='line_1_66' title="bbox 2163 1571 3747 1656; baseline 0.004 -25"><span class='ocrx_word' id='word_1_471' title='bbox 2163 1573 2345 1653; x_wconf 86' lang='grc' dir='ltr'>φθόνον</span> <span class='ocrx_word' id='word_1_472' title='bbox 2395 1573 2501 1648; x_wconf 87' lang='lat' dir='ltr'><strong>(cf.</strong></span> <span class='ocrx_word' id='word_1_473' title='bbox 2533 1572 2707 1630; x_wconf 87' lang='lat' dir='ltr'><strong>Diod.</strong></span> <span class='ocrx_word' id='word_1_474' title='bbox 2749 1593 2803 1632; x_wconf 88' lang='lat' dir='ltr'><strong>c.</strong></span> <span class='ocrx_word' id='word_1_475' title='bbox 2839 1573 2910 1630; x_wconf 81' lang='lat'><strong>61</strong></span> <span class='ocrx_word' id='word_1_476' title='bbox 2949 1592 2967 1630; x_wconf 72' lang='grc' dir='ltr'><strong>ε</strong></span> <span class='ocrx_word' id='word_1_477' title='bbox 3010 1571 3116 1633; x_wconf 84' lang='grc' dir='ltr'><strong>Τὸν</strong></span> <span class='ocrx_word' id='word_1_478' title='bbox 3158 1575 3297 1632; x_wconf 81' lang='grc' dir='ltr'>καθ’</span> <span class='ocrx_word' id='word_1_479' title='bbox 3332 1578 3539 1634; x_wconf 78' lang='grc' dir='ltr'>ἑαυτοῦ</span> <span class='ocrx_word' id='word_1_480' title='bbox 3581 1577 3747 1656; x_wconf 79' lang='grc' dir='ltr'>φθόνον</span> 
     </span>
     <span class='ocr_line' id='line_1_67' title="bbox 2164 1659 3750 1740; baseline 0.001 -21"><span class='ocrx_word' id='word_1_481' title='bbox 2164 1659 2501 1740; x_wconf 76' lang='grc' dir='ltr'>ἀπετρίψατο.</span> <span class='ocrx_word' id='word_1_482' title='bbox 2520 1662 2711 1736; x_wconf 87' lang='lat' dir='ltr'><strong>Nepos</strong></span> <span class='ocrx_word' id='word_1_483' title='bbox 2733 1681 2782 1720; x_wconf 90' lang='lat' dir='ltr'><strong>c.</strong></span> <span class='ocrx_word' id='word_1_484' title='bbox 2811 1680 2842 1732; x_wconf 88' lang='lat'>7</span> <span class='ocrx_word' id='word_1_485' title='bbox 2872 1680 2887 1717; x_wconf 71' lang='grc' dir='ltr'><strong>ε</strong></span> <span class='ocrx_word' id='word_1_486' title='bbox 2920 1663 3195 1719; x_wconf 70' lang='lat' dir='ltr'><strong>invidiam</strong></span> <span class='ocrx_word' id='word_1_487' title='bbox 3227 1659 3493 1740; x_wconf 71' lang='lat' dir='ltr'><strong>verens)</strong></span> <span class='ocrx_word' id='word_1_488' title='bbox 3526 1663 3750 1739; x_wconf 78' lang='grc' dir='ltr'>Εὐμένης</span> 
     </span>
     <span class='ocr_line' id='line_1_68' title="bbox 2164 1744 3740 1831; baseline 0 -23"><span class='ocrx_word' id='word_1_489' title='bbox 2164 1747 2440 1831; x_wconf 75' lang='grc' dir='ltr'>ἐθεράπευε</span> <span class='ocrx_word' id='word_1_490' title='bbox 2460 1749 2535 1827; x_wconf 82' lang='grc' dir='ltr'><strong>τῷ</strong></span> <span class='ocrx_word' id='word_1_491' title='bbox 2557 1744 2623 1805; x_wconf 78' lang='grc' dir='ltr'><strong>τὰ</strong></span> <span class='ocrx_word' id='word_1_492' title='bbox 2640 1745 2894 1827; x_wconf 78' lang='grc' dir='ltr'>χρήματα</span> <span class='ocrx_word' id='word_1_493' title='bbox 2915 1746 2989 1825; x_wconf 85' lang='grc' dir='ltr'><strong>μὴ</strong></span> <span class='ocrx_word' id='word_1_494' title='bbox 3011 1747 3199 1807; x_wconf 75' lang='grc' dir='ltr'>λαὸεῗν</span> <span class='ocrx_word' id='word_1_495' title='bbox 3217 1752 3298 1816; x_wconf 81' lang='grc' dir='ltr'><strong>ὡς</strong></span> <span class='ocrx_word' id='word_1_496' title='bbox 3320 1750 3483 1808; x_wconf 82' lang='grc' dir='ltr'>οὗδὲν</span> <span class='ocrx_word' id='word_1_497' title='bbox 3504 1750 3740 1828; x_wconf 74' lang='grc' dir='ltr'>δεόμενος.</span> 
     </span>
     <span class='ocr_line' id='line_1_69' title="bbox 2163 1832 3745 1914; baseline 0.001 -21"><span class='ocrx_word' id='word_1_498' title='bbox 2163 1836 2402 1893; x_wconf 89' lang='lat' dir='ltr'><strong>Diodor.</strong></span> <span class='ocrx_word' id='word_1_499' title='bbox 2414 1837 2627 1905; x_wconf 85' lang='lat' dir='ltr'>XVIII,</span> <span class='ocrx_word' id='word_1_500' title='bbox 2653 1835 2728 1891; x_wconf 89' lang='lat'><strong>60</strong></span> <span class='ocrx_word' id='word_1_501' title='bbox 2752 1855 2768 1890; x_wconf 87' lang='lat'>:</span> <span class='ocrx_word' id='word_1_502' title='bbox 2795 1836 3016 1914; x_wconf 79' lang='grc' dir='ltr'>Πρῶτον</span> <span class='ocrx_word' id='word_1_503' title='bbox 3039 1832 3131 1910; x_wconf 74' lang='grc' dir='ltr'><strong>μὲν</strong></span> <span class='ocrx_word' id='word_1_504' title='bbox 3159 1835 3477 1912; x_wconf 74' lang='grc' dir='ltr'>διδομένων</span> <span class='ocrx_word' id='word_1_505' title='bbox 3496 1838 3639 1914; x_wconf 79' lang='grc' dir='ltr'>αὐτῷ</span> <span class='ocrx_word' id='word_1_506' title='bbox 3656 1841 3745 1895; x_wconf 81' lang='grc' dir='ltr'><strong>τῶν</strong></span> 
     </span>
     <span class='ocr_line' id='line_1_70' title="bbox 2165 1917 3740 2000; baseline 0 -21"><span class='ocrx_word' id='word_1_507' title='bbox 2165 1919 2519 1980; x_wconf 81' lang='grc' dir='ltr'>πεντακοσίων</span> <span class='ocrx_word' id='word_1_508' title='bbox 2557 1918 2828 1978; x_wconf 84' lang='grc' dir='ltr'>ταλάντων</span> <span class='ocrx_word' id='word_1_509' title='bbox 2860 1917 2997 1978; x_wconf 75' lang='grc' dir='ltr'>κατὰ</span> <span class='ocrx_word' id='word_1_510' title='bbox 3028 1917 3121 1987; x_wconf 78' lang='grc' dir='ltr'><strong>τὰς</strong></span> <span class='ocrx_word' id='word_1_511' title='bbox 3164 1923 3285 1979; x_wconf 81' lang='grc' dir='ltr'><strong>τῶν</strong></span> <span class='ocrx_word' id='word_1_512' title='bbox 3322 1922 3595 2000; x_wconf 79' lang='grc' dir='ltr'>βασιλέων</span> <span class='ocrx_word' id='word_1_513' title='bbox 3631 1924 3740 1980; x_wconf 65' lang='grc' dir='ltr'>ἐπι-</span> 
     </span>
     <span class='ocr_line' id='line_1_71' title="bbox 2170 2005 3735 2092; baseline 0.001 -23"><span class='ocrx_word' id='word_1_514' title='bbox 2170 2007 2357 2077; x_wconf 79' lang='grc' dir='ltr'>στολὰς</span> <span class='ocrx_word' id='word_1_515' title='bbox 2379 2009 2451 2076; x_wconf 77' lang='grc' dir='ltr'><strong>εἷς</strong></span> <span class='ocrx_word' id='word_1_516' title='bbox 2482 2007 2738 2087; x_wconf 77' lang='grc' dir='ltr'>ἀνάληψιν</span> <span class='ocrx_word' id='word_1_517' title='bbox 2772 2005 2863 2066; x_wconf 78' lang='grc' dir='ltr'><strong>καὶ</strong></span> <span class='ocrx_word' id='word_1_518' title='bbox 2889 2006 3235 2079; x_wconf 76' lang='grc' dir='ltr'>κατασκευὴν</span> <span class='ocrx_word' id='word_1_519' title='bbox 3262 2011 3366 2069; x_wconf 79' lang='grc' dir='ltr'>οὐκ</span> <span class='ocrx_word' id='word_1_520' title='bbox 3404 2008 3570 2092; x_wconf 72' lang='grc' dir='ltr'>ἔφησε</span> <span class='ocrx_word' id='word_1_521' title='bbox 3593 2010 3735 2089; x_wconf 77' lang='grc' dir='ltr'>λήψε-</span> 
     </span>
     <span class='ocr_line' id='line_1_72' title="bbox 2166 2093 3740 2177; baseline -0.001 -20"><span class='ocrx_word' id='word_1_522' title='bbox 2166 2102 2314 2158; x_wconf 84' lang='grc' dir='ltr'>σθαι·</span> <span class='ocrx_word' id='word_1_523' title='bbox 2345 2095 2419 2173; x_wconf 81' lang='grc' dir='ltr'><strong>μὴ</strong></span> <span class='ocrx_word' id='word_1_524' title='bbox 2452 2093 2553 2175; x_wconf 79' lang='grc' dir='ltr'><strong>γὰρ</strong></span> <span class='ocrx_word' id='word_1_525' title='bbox 2585 2094 2918 2176; x_wconf 79' lang='grc' dir='ltr'>προσδεῖσθαι</span> <span class='ocrx_word' id='word_1_526' title='bbox 2946 2094 3286 2169; x_wconf 74' lang='grc' dir='ltr'>τηλικαύτης</span> <span class='ocrx_word' id='word_1_527' title='bbox 3326 2098 3565 2177; x_wconf 74' lang='grc' dir='ltr'>δωρεᾶς,</span> <span class='ocrx_word' id='word_1_528' title='bbox 3601 2102 3663 2164; x_wconf 79' lang='grc' dir='ltr'><strong>ὡς</strong></span> <span class='ocrx_word' id='word_1_529' title='bbox 3685 2096 3740 2155; x_wconf 74' lang='grc' dir='ltr'><strong>ἂν</strong></span> 
     </span>
    </p>
   </div>
   <div class='ocr_carea' id='block_1_11' title="bbox 2156 2181 3733 2263">
    <p class='ocr_par' dir='ltr' id='par_1_14' title="bbox 2156 2181 3733 2263">
     <span class='ocr_line' id='line_1_73' title="bbox 2156 2181 3733 2263; baseline 0.001 -20"><span class='ocrx_word' id='word_1_530' title='bbox 2156 2186 2427 2262; x_wconf 60' lang='grc' dir='ltr'>,μηδεμιᾶς</span> <span class='ocrx_word' id='word_1_531' title='bbox 2450 2183 2607 2241; x_wconf 77' lang='grc' dir='ltr'>αὐτοῦ</span> <span class='ocrx_word' id='word_1_532' title='bbox 2635 2181 2944 2250; x_wconf 82' lang='grc' dir='ltr'>σπεύδοντος</span> <span class='ocrx_word' id='word_1_533' title='bbox 2977 2185 3154 2263; x_wconf 82' lang='grc' dir='ltr'>τυχεῖν</span> <span class='ocrx_word' id='word_1_534' title='bbox 3188 2186 3511 2262; x_wconf 81' lang='grc' dir='ltr'>ἡγεμονίας.</span> <span class='ocrx_word' id='word_1_535' title='bbox 3549 2188 3733 2244; x_wconf 79' lang='lat' dir='ltr'><strong>Eadem</strong></span> 
     </span>
    </p>
   </div>
   <div class='ocr_carea' id='block_1_12' title="bbox 2165 2271 3733 4887">
    <p class='ocr_par' dir='ltr' id='par_1_15' title="bbox 2165 2271 3733 2787">
     <span class='ocr_line' id='line_1_74' title="bbox 2165 2271 3733 2347; baseline 0.001 -19"><span class='ocrx_word' id='word_1_536' title='bbox 2165 2291 2302 2329; x_wconf 77' lang='lat' dir='ltr'><strong>vero</strong></span> <span class='ocrx_word' id='word_1_537' title='bbox 2323 2273 2394 2328; x_wconf 90' lang='lat' dir='ltr'><strong>de</strong></span> <span class='ocrx_word' id='word_1_538' title='bbox 2411 2272 2652 2342; x_wconf 89' lang='lat' dir='ltr'><strong>somnio,</strong></span> <span class='ocrx_word' id='word_1_539' title='bbox 2675 2271 2834 2345; x_wconf 89' lang='lat' dir='ltr'><strong>quod</strong></span> <span class='ocrx_word' id='word_1_540' title='bbox 2850 2273 3205 2329; x_wconf 81' lang='lat' dir='ltr'><strong>simulaverit</strong></span> <span class='ocrx_word' id='word_1_541' title='bbox 3228 2276 3537 2347; x_wconf 63' lang='lat' dir='ltr'><strong>Eumenes,</strong></span> <span class='ocrx_word' id='word_1_542' title='bbox 3555 2274 3733 2330; x_wconf 87' lang='lat' dir='ltr'><strong>utrius·</strong></span> 
     </span>
     <span class='ocr_line' id='line_1_75' title="bbox 2170 2359 3727 2434; baseline 0.003 -19"><span class='ocrx_word' id='word_1_543' title='bbox 2170 2379 2279 2433; x_wconf 91' lang='lat' dir='ltr'><strong>que</strong></span> <span class='ocrx_word' id='word_1_544' title='bbox 2318 2359 2605 2434; x_wconf 86' lang='lat' dir='ltr'><strong>scriptoris</strong></span> <span class='ocrx_word' id='word_1_545' title='bbox 2632 2360 2941 2417; x_wconf 87' lang='lat' dir='ltr'><strong>consensio.</strong></span> <span class='ocrx_word' id='word_1_546' title='bbox 2977 2361 3277 2420; x_wconf 83' lang='lat' dir='ltr'><strong>Plutarch.</strong></span> <span class='ocrx_word' id='word_1_547' title='bbox 3310 2381 3365 2422; x_wconf 90' lang='lat' dir='ltr'><strong>c.</strong></span> <span class='ocrx_word' id='word_1_548' title='bbox 3403 2361 3473 2420; x_wconf 86' lang='lat'><strong>13</strong></span> <span class='ocrx_word' id='word_1_549' title='bbox 3508 2381 3525 2420; x_wconf 74' lang='grc' dir='ltr'><strong>ε</strong></span> <span class='ocrx_word' id='word_1_550' title='bbox 3554 2359 3727 2434; x_wconf 53' lang='lat' dir='ltr'><strong>’Eu-iifl</strong></span> 
     </span>
     <span class='ocr_line' id='line_1_76' title="bbox 2170 2443 3727 2525; baseline -0.001 -22"><span class='ocrx_word' id='word_1_551' title='bbox 2170 2443 2588 2522; x_wconf 79' lang='grc' dir='ltr'>δεισιδαιμονίαν.</span> <span class='ocrx_word' id='word_1_552' title='bbox 2608 2446 2849 2504; x_wconf 89' lang='lat' dir='ltr'><strong>Diodor.</strong></span> <span class='ocrx_word' id='word_1_553' title='bbox 2875 2467 2922 2504; x_wconf 95' lang='lat' dir='ltr'><strong>c.</strong></span> <span class='ocrx_word' id='word_1_554' title='bbox 2943 2447 3014 2503; x_wconf 85' lang='lat'><strong>61</strong></span> <span class='ocrx_word' id='word_1_555' title='bbox 3049 2448 3207 2516; x_wconf 73' lang='lat' dir='ltr'><strong>:Tffi‘c</strong></span> <span class='ocrx_word' id='word_1_556' title='bbox 3237 2446 3387 2505; x_wconf 83' lang='grc' dir='ltr'>κατὰ</span> <span class='ocrx_word' id='word_1_557' title='bbox 3416 2447 3502 2506; x_wconf 86' lang='grc' dir='ltr'><strong>τὸν</strong></span> <span class='ocrx_word' id='word_1_558' title='bbox 3536 2444 3727 2525; x_wconf 74' lang='grc' dir='ltr'>βασιλέα</span> 
     </span>
     <span class='ocr_line' id='line_1_77' title="bbox 2172 2530 3723 2611; baseline -0.001 -19"><span class='ocrx_word' id='word_1_559' title='bbox 2172 2532 2570 2611; x_wconf 83' lang='grc' dir='ltr'>δεισιδαιμονίας</span> <span class='ocrx_word' id='word_1_560' title='bbox 2599 2530 2954 2611; x_wconf 74' lang='grc' dir='ltr'>ἐνισχυούσης.</span> <span class='ocrx_word' id='word_1_561' title='bbox 2984 2537 3070 2590; x_wconf 91' lang='lat' dir='ltr'><strong>De</strong></span> <span class='ocrx_word' id='word_1_562' title='bbox 3114 2538 3508 2593; x_wconf 84' lang='lat' dir='ltr'><strong>conventibus</strong></span> <span class='ocrx_word' id='word_1_563' title='bbox 3542 2554 3572 2591; x_wconf 88' lang='lat' dir='ltr'><strong>a</strong></span> <span class='ocrx_word' id='word_1_564' title='bbox 3598 2553 3723 2609; x_wconf 76' lang='lat' dir='ltr'><strong>prae·</strong></span> 
     </span>
     <span class='ocr_line' id='line_1_78' title="bbox 2173 2620 3720 2696; baseline -0.001 -20"><span class='ocrx_word' id='word_1_565' title='bbox 2173 2622 2329 2678; x_wconf 87' lang='lat' dir='ltr'><strong>fectis</strong></span> <span class='ocrx_word' id='word_1_566' title='bbox 2359 2622 2421 2676; x_wconf 89' lang='lat' dir='ltr'><strong>in</strong></span> <span class='ocrx_word' id='word_1_567' title='bbox 2448 2621 2693 2678; x_wconf 88' lang='lat' dir='ltr'><strong>tentorio</strong></span> <span class='ocrx_word' id='word_1_568' title='bbox 2724 2620 3032 2676; x_wconf 85' lang='lat' dir='ltr'><strong>Alexandri</strong></span> <span class='ocrx_word' id='word_1_569' title='bbox 3070 2622 3289 2696; x_wconf 82' lang='lat' dir='ltr'><strong>habitis</strong></span> <span class='ocrx_word' id='word_1_570' title='bbox 3327 2635 3387 2679; x_wconf 89' lang='lat' dir='ltr'><strong>et</strong></span> <span class='ocrx_word' id='word_1_571' title='bbox 3412 2621 3720 2679; x_wconf 75' lang='lat' dir='ltr'><strong>&#39;Plutarchus</strong></span> 
     </span>
     <span class='ocr_line' id='line_1_79' title="bbox 2174 2705 3348 2787; baseline 0.002 -23"><span class='ocrx_word' id='word_1_572' title='bbox 2174 2719 2231 2764; x_wconf 90' lang='lat' dir='ltr'><strong>et</strong></span> <span class='ocrx_word' id='word_1_573' title='bbox 2254 2709 2542 2765; x_wconf 87' lang='lat' dir='ltr'><strong>Diodorus</strong></span> <span class='ocrx_word' id='word_1_574' title='bbox 2569 2727 2707 2764; x_wconf 87' lang='lat' dir='ltr'><strong>voce</strong></span> <span class='ocrx_word' id='word_1_575' title='bbox 2735 2705 3048 2787; x_wconf 86' lang='grc' dir='ltr'>συνεδρεύειν</span> <span class='ocrx_word' id='word_1_576' title='bbox 3071 2720 3348 2766; x_wconf 84' lang='lat' dir='ltr'><strong>utuntur.</strong></span> 
     </span>
    </p>

    <p class='ocr_par' dir='ltr' id='par_1_16' title="bbox 2175 2793 3718 4887">
     <span class='ocr_line' id='line_1_80' title="bbox 2266 2793 3715 2872; baseline -0.001 -23"><span class='ocrx_word' id='word_1_577' title='bbox 2266 2820 2291 2847; x_wconf 74' lang='grc' dir='ltr'><strong>α</strong></span> <span class='ocrx_word' id='word_1_578' title='bbox 2320 2799 2390 2852; x_wconf 91' lang='lat' dir='ltr'><strong>In</strong></span> <span class='ocrx_word' id='word_1_579' title='bbox 2415 2797 2774 2869; x_wconf 88' lang='lat' dir='ltr'><strong>sequentihus</strong></span> <span class='ocrx_word' id='word_1_580' title='bbox 2801 2815 3143 2869; x_wconf 84' lang='lat' dir='ltr'><strong>quamquam</strong></span> <span class='ocrx_word' id='word_1_581' title='bbox 3175 2799 3478 2872; x_wconf 87' lang='lat' dir='ltr'><strong>copiosior</strong></span> <span class='ocrx_word' id='word_1_582' title='bbox 3502 2793 3715 2853; x_wconf 87' lang='lat' dir='ltr'><strong>Diodori</strong></span> 
     </span>
     <span class='ocr_line' id='line_1_81' title="bbox 2175 2884 3718 2960; baseline -0.001 -20"><span class='ocrx_word' id='word_1_583' title='bbox 2175 2886 2423 2941; x_wconf 88' lang='lat' dir='ltr'><strong>narratio</strong></span> <span class='ocrx_word' id='word_1_584' title='bbox 2443 2894 2549 2955; x_wconf 86' lang='lat' dir='ltr'><strong>est,</strong></span> <span class='ocrx_word' id='word_1_585' title='bbox 2577 2894 2643 2939; x_wconf 90' lang='lat' dir='ltr'><strong>ut</strong></span> <span class='ocrx_word' id='word_1_586' title='bbox 2666 2885 2765 2957; x_wconf 90' lang='lat' dir='ltr'><strong>qui</strong></span> <span class='ocrx_word' id='word_1_587' title='bbox 2787 2884 3051 2958; x_wconf 80' lang='lat' dir='ltr'><strong>singulari</strong></span> <span class='ocrx_word' id='word_1_588' title='bbox 3072 2886 3349 2960; x_wconf 85' lang='lat' dir='ltr'><strong>inprimis</strong></span> <span class='ocrx_word' id='word_1_589' title='bbox 3370 2884 3557 2941; x_wconf 85' lang='lat' dir='ltr'><strong>studio</strong></span> <span class='ocrx_word' id='word_1_590' title='bbox 3571 2924 3586 2952; x_wconf 91' lang='lat'>,</span> <span class='ocrx_word' id='word_1_591' title='bbox 3617 2897 3718 2955; x_wconf 70' lang='lat' dir='ltr'><strong>qut</strong></span> 
     </span>
     <span class='ocr_line' id='line_1_82' title="bbox 2178 2973 3712 3046; baseline -0.003 -17"><span class='ocrx_word' id='word_1_592' title='bbox 2178 2974 2252 3029; x_wconf 89' lang='lat' dir='ltr'><strong>ad</strong></span> <span class='ocrx_word' id='word_1_593' title='bbox 2279 2975 2584 3029; x_wconf 86' lang='lat' dir='ltr'><strong>Eumenem</strong></span> <span class='ocrx_word' id='word_1_594' title='bbox 2609 2973 2992 3046; x_wconf 87' lang='lat' dir='ltr'><strong>pertinerent,</strong></span> <span class='ocrx_word' id='word_1_595' title='bbox 3027 2975 3320 3045; x_wconf 59' lang='lat' dir='ltr'><strong>auderit,</strong></span> <span class='ocrx_word' id='word_1_596' title='bbox 3364 2974 3522 3030; x_wconf 86' lang='lat' dir='ltr'><strong>nulla</strong></span> <span class='ocrx_word' id='word_1_597' title='bbox 3556 2983 3712 3027; x_wconf 82' lang='lat' dir='ltr'><strong>tamen</strong></span> 
     </span>
     <span class='ocr_line' id='line_1_83' title="bbox 2177 3059 3714 3136; baseline -0.001 -21"><span class='ocrx_word' id='word_1_598' title='bbox 2177 3063 2325 3117; x_wconf 88' lang='lat' dir='ltr'><strong>inter</strong></span> <span class='ocrx_word' id='word_1_599' title='bbox 2354 3062 2516 3117; x_wconf 89' lang='lat' dir='ltr'><strong>illum</strong></span> <span class='ocrx_word' id='word_1_600' title='bbox 2547 3079 2612 3115; x_wconf 85' lang='lat' dir='ltr'><strong>ac</strong></span> <span class='ocrx_word' id='word_1_601' title='bbox 2636 3060 2997 3131; x_wconf 79' lang='lat' dir='ltr'><strong>Plutarchum</strong></span> <span class='ocrx_word' id='word_1_602' title='bbox 3022 3059 3414 3136; x_wconf 84' lang='lat' dir='ltr'><strong>discrepantia</strong></span> <span class='ocrx_word' id='word_1_603' title='bbox 3435 3070 3514 3116; x_wconf 87' lang='lat' dir='ltr'><strong>est</strong></span> <span class='ocrx_word' id='word_1_604' title='bbox 3523 3100 3539 3129; x_wconf 94' lang='lat'>,</span> <span class='ocrx_word' id='word_1_605' title='bbox 3568 3060 3714 3113; x_wconf 74' lang='lat' dir='ltr'><strong>numo</strong></span> 
     </span>
     <span class='ocr_line' id='line_1_84' title="bbox 2180 3143 3708 3222; baseline -0.003 -18"><span class='ocrx_word' id='word_1_606' title='bbox 2180 3167 2247 3204; x_wconf 83' lang='lat' dir='ltr'><strong>ex</strong></span> <span class='ocrx_word' id='word_1_607' title='bbox 2268 3148 2472 3205; x_wconf 88' lang='lat' dir='ltr'><strong>eodem</strong></span> <span class='ocrx_word' id='word_1_608' title='bbox 2488 3158 2794 3221; x_wconf 90' lang='lat' dir='ltr'><strong>utrumque</strong></span> <span class='ocrx_word' id='word_1_609' title='bbox 2817 3148 2972 3204; x_wconf 83' lang='lat' dir='ltr'><strong>sonte</strong></span> <span class='ocrx_word' id='word_1_610' title='bbox 2991 3148 3263 3220; x_wconf 85' lang='lat' dir='ltr'><strong>hausisse,</strong></span> <span class='ocrx_word' id='word_1_611' title='bbox 3292 3151 3354 3204; x_wconf 91' lang='lat' dir='ltr'><strong>in</strong></span> <span class='ocrx_word' id='word_1_612' title='bbox 3374 3147 3591 3222; x_wconf 84' lang='lat' dir='ltr'><strong>singulis</strong></span> <span class='ocrx_word' id='word_1_613' title='bbox 3608 3143 3708 3216; x_wconf 87' lang='lat' dir='ltr'><strong>qui·</strong></span> 
     </span>
     <span class='ocr_line' id='line_1_85' title="bbox 2181 3232 3711 3310; baseline -0.003 -19"><span class='ocrx_word' id='word_1_614' title='bbox 2181 3235 2416 3292; x_wconf 88' lang='lat' dir='ltr'><strong>busdam</strong></span> <span class='ocrx_word' id='word_1_615' title='bbox 2452 3254 2577 3310; x_wconf 82' lang='lat' dir='ltr'><strong>quae</strong></span> <span class='ocrx_word' id='word_1_616' title='bbox 2619 3236 2912 3294; x_wconf 82' lang='lat' dir='ltr'><strong>consensio</strong></span> <span class='ocrx_word' id='word_1_617' title='bbox 2951 3246 3033 3292; x_wconf 89' lang='lat' dir='ltr'><strong>est</strong></span> <span class='ocrx_word' id='word_1_618' title='bbox 3058 3236 3273 3293; x_wconf 87' lang='lat' dir='ltr'><strong>iterum</strong></span> <span class='ocrx_word' id='word_1_619' title='bbox 3316 3236 3573 3292; x_wconf 89' lang='lat' dir='ltr'><strong>declarat.</strong></span> <span class='ocrx_word' id='word_1_620' title='bbox 3607 3232 3711 3300; x_wconf 82' lang='lat' dir='ltr'><strong>Quo</strong></span> 
     </span>
     <span class='ocr_line' id='line_1_86' title="bbox 2179 3317 3707 3398; baseline -0.006 -18"><span class='ocrx_word' id='word_1_621' title='bbox 2179 3324 2467 3398; x_wconf 85' lang='lat' dir='ltr'><strong>pertinent</strong></span> <span class='ocrx_word' id='word_1_622' title='bbox 2486 3320 2812 3398; x_wconf 80' lang='grc' dir='ltr'>δανείσματα</span> <span class='ocrx_word' id='word_1_623' title='bbox 2837 3324 2957 3393; x_wconf 83' lang='lat' dir='ltr'><strong>ista,</strong></span> <span class='ocrx_word' id='word_1_624' title='bbox 2978 3323 3187 3396; x_wconf 86' lang='lat' dir='ltr'><strong>quibus</strong></span> <span class='ocrx_word' id='word_1_625' title='bbox 3214 3327 3277 3379; x_wconf 89' lang='lat' dir='ltr'><strong>in</strong></span> <span class='ocrx_word' id='word_1_626' title='bbox 3304 3323 3420 3379; x_wconf 84' lang='lat' dir='ltr'><strong>fide</strong></span> <span class='ocrx_word' id='word_1_627' title='bbox 3443 3321 3543 3377; x_wconf 89' lang='lat' dir='ltr'><strong>sihi</strong></span> <span class='ocrx_word' id='word_1_628' title='bbox 3564 3317 3707 3373; x_wconf 73' lang='lat' dir='ltr'><strong>Mace·</strong></span> 
     </span>
     <span class='ocr_line' id='line_1_87' title="bbox 2183 3405 3704 3486; baseline 0.001 -22"><span class='ocrx_word' id='word_1_629' title='bbox 2183 3410 2358 3464; x_wconf 90' lang='lat' dir='ltr'><strong>dones</strong></span> <span class='ocrx_word' id='word_1_630' title='bbox 2366 3428 2604 3466; x_wconf 84' lang='lat' dir='ltr'><strong>servasse</strong></span> <span class='ocrx_word' id='word_1_631' title='bbox 2616 3409 2822 3466; x_wconf 86' lang='lat' dir='ltr'><strong>dicitur</strong></span> <span class='ocrx_word' id='word_1_632' title='bbox 2832 3408 3192 3486; x_wconf 60' lang='lat' dir='ltr'><strong>Eumenessap</strong></span> <span class='ocrx_word' id='word_1_633' title='bbox 3202 3454 3214 3467; x_wconf 92' lang='lat'><strong>.</strong></span> <span class='ocrx_word' id='word_1_634' title='bbox 3232 3409 3475 3469; x_wconf 90' lang='lat' dir='ltr'><strong>Diodor.</strong></span> <span class='ocrx_word' id='word_1_635' title='bbox 3487 3405 3633 3471; x_wconf 80' lang='lat' dir='ltr'><strong>xlx,</strong></span> <span class='ocrx_word' id='word_1_636' title='bbox 3648 3406 3704 3466; x_wconf 67' lang='lat'><strong>24</strong></span> 
     </span>
     <span class='ocr_line' id='line_1_88' title="bbox 2184 3489 3701 3573; baseline -0.005 -21"><span class='ocrx_word' id='word_1_637' title='bbox 2184 3507 2238 3552; x_wconf 89' lang='lat' dir='ltr'><strong>et</strong></span> <span class='ocrx_word' id='word_1_638' title='bbox 2256 3498 2541 3557; x_wconf 85' lang='lat' dir='ltr'><strong>Plutarch.</strong></span> <span class='ocrx_word' id='word_1_639' title='bbox 2567 3516 2619 3553; x_wconf 90' lang='lat' dir='ltr'><strong>c.</strong></span> <span class='ocrx_word' id='word_1_640' title='bbox 2654 3497 2722 3553; x_wconf 81' lang='lat'><strong>13</strong></span> <span class='ocrx_word' id='word_1_641' title='bbox 2741 3508 2912 3573; x_wconf 79' lang='lat' dir='ltr'><strong>extr.·,</strong></span> <span class='ocrx_word' id='word_1_642' title='bbox 2931 3509 2986 3555; x_wconf 88' lang='lat' dir='ltr'><strong>et</strong></span> <span class='ocrx_word' id='word_1_643' title='bbox 3007 3499 3184 3556; x_wconf 82' lang='lat' dir='ltr'><strong>verba</strong></span> <span class='ocrx_word' id='word_1_644' title='bbox 3206 3497 3366 3573; x_wconf 90' lang='lat' dir='ltr'><strong>apud</strong></span> <span class='ocrx_word' id='word_1_645' title='bbox 3378 3494 3603 3553; x_wconf 89' lang='lat' dir='ltr'><strong>Diodor.</strong></span> <span class='ocrx_word' id='word_1_646' title='bbox 3628 3491 3660 3545; x_wconf 91' lang='lat' dir='ltr'><strong>l.</strong></span> <span class='ocrx_word' id='word_1_647' title='bbox 3674 3489 3701 3541; x_wconf 81' lang='lat' dir='ltr'><strong>l.</strong></span> 
     </span>
     <span class='ocr_line' id='line_1_89' title="bbox 2186 3579 3702 3664; baseline 0 -25"><span class='ocrx_word' id='word_1_648' title='bbox 2186 3583 2335 3649; x_wconf 78' lang='grc' dir='ltr'>αὐτὸς</span> <span class='ocrx_word' id='word_1_649' title='bbox 2355 3581 2408 3641; x_wconf 79' lang='grc' dir='ltr'>δὲ</span> <span class='ocrx_word' id='word_1_650' title='bbox 2443 3581 2632 3664; x_wconf 80' lang='grc' dir='ltr'>φορείῳ</span> <span class='ocrx_word' id='word_1_651' title='bbox 2657 3581 2989 3659; x_wconf 85' lang='grc' dir='ltr'>κομιζόμενος</span> <span class='ocrx_word' id='word_1_652' title='bbox 3012 3596 3067 3641; x_wconf 93' lang='lat' dir='ltr'><strong>et</strong></span> <span class='ocrx_word' id='word_1_653' title='bbox 3088 3587 3248 3660; x_wconf 88' lang='lat' dir='ltr'><strong>apud</strong></span> <span class='ocrx_word' id='word_1_654' title='bbox 3269 3583 3545 3641; x_wconf 84' lang='lat' dir='ltr'><strong>Plutarch.</strong></span> <span class='ocrx_word' id='word_1_655' title='bbox 3571 3598 3616 3634; x_wconf 88' lang='lat' dir='ltr'><strong>c.</strong></span> <span class='ocrx_word' id='word_1_656' title='bbox 3649 3579 3702 3639; x_wconf 73' lang='grc'><strong>14</strong></span> 
     </span>
     <span class='ocr_line' id='line_1_90' title="bbox 2185 3663 3698 3750; baseline 0.001 -24"><span class='ocrx_word' id='word_1_657' title='bbox 2185 3670 2237 3726; x_wconf 81' lang='grc' dir='ltr'><strong>ἐν</strong></span> <span class='ocrx_word' id='word_1_658' title='bbox 2279 3670 2467 3750; x_wconf 84' lang='grc' dir='ltr'>φορείῳ</span> <span class='ocrx_word' id='word_1_659' title='bbox 2508 3669 2860 3748; x_wconf 81' lang='grc' dir='ltr'>κομιζόμενος,</span> <span class='ocrx_word' id='word_1_660' title='bbox 2905 3676 3119 3729; x_wconf 87' lang='lat' dir='ltr'><strong>tametsi</strong></span> <span class='ocrx_word' id='word_1_661' title='bbox 3156 3694 3191 3731; x_wconf 88' lang='lat' dir='ltr'><strong>a</strong></span> <span class='ocrx_word' id='word_1_662' title='bbox 3225 3672 3488 3731; x_wconf 85' lang='lat' dir='ltr'><strong>Diodoro</strong></span> <span class='ocrx_word' id='word_1_663' title='bbox 3525 3663 3698 3745; x_wconf 73' lang='lat' dir='ltr'>(XIX,</span> 
     </span>
     <span class='ocr_line' id='line_1_91' title="bbox 2187 3755 3703 3835; baseline 0.003 -21"><span class='ocrx_word' id='word_1_664' title='bbox 2187 3755 2281 3817; x_wconf 80' lang='lat'><strong>25.</strong></span> <span class='ocrx_word' id='word_1_665' title='bbox 2309 3759 2419 3835; x_wconf 78' lang='lat'><strong>26)</strong></span> <span class='ocrx_word' id='word_1_666' title='bbox 2444 3778 2562 3814; x_wconf 89' lang='lat' dir='ltr'><strong>non</strong></span> <span class='ocrx_word' id='word_1_667' title='bbox 2595 3760 2716 3815; x_wconf 88' lang='lat' dir='ltr'><strong>solo</strong></span> <span class='ocrx_word' id='word_1_668' title='bbox 2744 3759 2951 3815; x_wconf 76' lang='lat' dir='ltr'><strong>lecticae</strong></span> <span class='ocrx_word' id='word_1_669' title='bbox 2988 3760 3261 3835; x_wconf 86' lang='lat' dir='ltr'><strong>adspectu</strong></span> <span class='ocrx_word' id='word_1_670' title='bbox 3293 3758 3622 3831; x_wconf 71' lang='lat' dir='ltr'><strong>Antigonus,</strong></span> <span class='ocrx_word' id='word_1_671' title='bbox 3651 3755 3703 3802; x_wconf 68' lang='lat'><strong>¹²¹</strong></span> 
     </span>
     <span class='ocr_line' id='line_1_92' title="bbox 2186 3844 3700 3917; baseline -0.005 -16"><span class='ocrx_word' id='word_1_672' title='bbox 2186 3850 2491 3903; x_wconf 84' lang='lat' dir='ltr'><strong>exercitum</strong></span> <span class='ocrx_word' id='word_1_673' title='bbox 2528 3847 2853 3917; x_wconf 86' lang='lat' dir='ltr'><strong>reduceret,</strong></span> <span class='ocrx_word' id='word_1_674' title='bbox 2896 3862 3215 3906; x_wconf 89' lang='lat' dir='ltr'><strong>commotus</strong></span> <span class='ocrx_word' id='word_1_675' title='bbox 3254 3863 3372 3903; x_wconf 83' lang='lat' dir='ltr'><strong>esse</strong></span> <span class='ocrx_word' id='word_1_676' title='bbox 3420 3844 3599 3898; x_wconf 79' lang='lat' dir='ltr'><strong>fertur.</strong></span> <span class='ocrx_word' id='word_1_677' title='bbox 3634 3860 3700 3878; x_wconf 88' lang='grc'><strong>--·</strong></span> 
     </span>
     <span class='ocr_line' id='line_1_93' title="bbox 2185 3925 3698 4009; baseline -0.003 -18"><span class='ocrx_word' id='word_1_678' title='bbox 2185 3935 2452 3991; x_wconf 88' lang='lat' dir='ltr'><strong>Similiter</strong></span> <span class='ocrx_word' id='word_1_679' title='bbox 2502 3934 2611 3990; x_wconf 82' lang='lat' dir='ltr'><strong>sibi</strong></span> <span class='ocrx_word' id='word_1_680' title='bbox 2657 3934 3002 4009; x_wconf 87' lang='lat' dir='ltr'><strong>respondent</strong></span> <span class='ocrx_word' id='word_1_681' title='bbox 3045 3936 3164 3991; x_wconf 82' lang='lat' dir='ltr'><strong>haec</strong></span> <span class='ocrx_word' id='word_1_682' title='bbox 3214 3932 3371 4009; x_wconf 84' lang='lat' dir='ltr'><strong>apud</strong></span> <span class='ocrx_word' id='word_1_683' title='bbox 3420 3925 3698 3987; x_wconf 70' lang='lat' dir='ltr'><strong>Diodoru¹¹¹</strong></span> 
     </span>
     <span class='ocr_line' id='line_1_94' title="bbox 2184 4008 3699 4099; baseline -0.01 -21"><span class='ocrx_word' id='word_1_684' title='bbox 2184 4022 2362 4091; x_wconf 83' lang='lat' dir='ltr'>XIX,</span> <span class='ocrx_word' id='word_1_685' title='bbox 2392 4020 2462 4093; x_wconf 86' lang='lat'><strong>37</strong></span> <span class='ocrx_word' id='word_1_686' title='bbox 2496 4041 2511 4076; x_wconf 73' lang='grc' dir='ltr'><strong>ε</strong></span> <span class='ocrx_word' id='word_1_687' title='bbox 2535 4023 2764 4094; x_wconf 82' lang='grc' dir='ltr'>Θεωρῶν</span> <span class='ocrx_word' id='word_1_688' title='bbox 2788 4020 3164 4099; x_wconf 84' lang='lat' dir='ltr'><strong>(Antigonus)</strong></span> <span class='ocrx_word' id='word_1_689' title='bbox 3185 4017 3282 4091; x_wconf 82' lang='grc' dir='ltr'><strong>τὴν</strong></span> <span class='ocrx_word' id='word_1_690' title='bbox 3311 4018 3489 4075; x_wconf 78' lang='grc' dir='ltr'>ἑαυτοῦ</span> <span class='ocrx_word' id='word_1_691' title='bbox 3516 4008 3699 4080; x_wconf 76' lang='grc' dir='ltr'>δύναμιν</span> 
     </span>
     <span class='ocr_line' id='line_1_95' title="bbox 2187 4091 3694 4188; baseline -0.011 -22"><span class='ocrx_word' id='word_1_692' title='bbox 2187 4106 2553 4188; x_wconf 82' lang='grc' dir='ltr'>ἀσθενεστέραν</span> <span class='ocrx_word' id='word_1_693' title='bbox 2582 4098 2741 4167; x_wconf 61' lang='grc' dir='ltr'>οὖσαν</span> <span class='ocrx_word' id='word_1_694' title='bbox 2763 4111 2854 4179; x_wconf 70' lang='grc' dir='ltr'><strong>τῆς</strong></span> <span class='ocrx_word' id='word_1_695' title='bbox 2877 4111 2979 4167; x_wconf 81' lang='grc' dir='ltr'><strong>τῶν</strong></span> <span class='ocrx_word' id='word_1_696' title='bbox 3001 4105 3289 4185; x_wconf 86' lang='grc' dir='ltr'>πολεμίων,</span> <span class='ocrx_word' id='word_1_697' title='bbox 3319 4100 3551 4161; x_wconf 82' lang='grc' dir='ltr'>ἔσπευδεν</span> <span class='ocrx_word' id='word_1_698' title='bbox 3573 4091 3694 4151; x_wconf 68' lang='grc' dir='ltr'>ἄνελ-</span> 
     </span>
     <span class='ocr_line' id='line_1_96' title="bbox 2186 4174 3696 4275; baseline 0.001 -22"><span class='ocrx_word' id='word_1_699' title='bbox 2186 4196 2380 4262; x_wconf 89' lang='grc' dir='ltr'>πίστως</span> <span class='ocrx_word' id='word_1_700' title='bbox 2398 4198 2570 4263; x_wconf 79' lang='grc' dir='ltr'>αὐτοῖς</span> <span class='ocrx_word' id='word_1_701' title='bbox 2588 4196 2851 4255; x_wconf 70' lang='grc' dir='ltr'>ἐπιθέσθαι</span> <span class='ocrx_word' id='word_1_702' title='bbox 2869 4195 2961 4255; x_wconf 78' lang='grc' dir='ltr'><strong>καὶ</strong></span> <span class='ocrx_word' id='word_1_703' title='bbox 2978 4194 3489 4275; x_wconf 66' lang='grc' dir='ltr'>καταστρατηγῆσαι,</span> <span class='ocrx_word' id='word_1_704' title='bbox 3504 4197 3555 4242; x_wconf 65' lang='lat' dir='ltr'><strong>et</strong></span> <span class='ocrx_word' id='word_1_705' title='bbox 3570 4174 3696 4255; x_wconf 54' lang='lat' dir='ltr'><strong>apua</strong></span> 
     </span>
     <span class='ocr_line' id='line_1_97' title="bbox 2186 4274 3688 4360; baseline -0.007 -19"><span class='ocrx_word' id='word_1_706' title='bbox 2186 4288 2469 4360; x_wconf 82' lang='lat' dir='ltr'><strong>Nepotem</strong></span> <span class='ocrx_word' id='word_1_707' title='bbox 2493 4305 2542 4344; x_wconf 91' lang='lat' dir='ltr'><strong>c.</strong></span> <span class='ocrx_word' id='word_1_708' title='bbox 2569 4286 2603 4339; x_wconf 91' lang='lat'>6</span> <span class='ocrx_word' id='word_1_709' title='bbox 2633 4304 2647 4342; x_wconf 90' lang='lat'><strong>:</strong></span> <span class='ocrx_word' id='word_1_710' title='bbox 2682 4284 2932 4342; x_wconf 79' lang='lat' dir='ltr'><strong>Hiberna</strong></span> <span class='ocrx_word' id='word_1_711' title='bbox 2954 4294 3306 4360; x_wconf 79' lang='lat' dir='ltr'><strong>sumpserant</strong></span> <span class='ocrx_word' id='word_1_712' title='bbox 3321 4297 3427 4335; x_wconf 81' lang='lat' dir='ltr'><strong>non</strong></span> <span class='ocrx_word' id='word_1_713' title='bbox 3453 4274 3528 4330; x_wconf 82' lang='lat' dir='ltr'><strong>ad</strong></span> <span class='ocrx_word' id='word_1_714' title='bbox 3558 4281 3688 4323; x_wconf 68' lang='lat' dir='ltr'><strong>usum</strong></span> 
     </span>
     <span class='ocr_line' id='line_1_98' title="bbox 2188 4363 3693 4447; baseline -0.011 -20"><span class='ocrx_word' id='word_1_715' title='bbox 2188 4374 2339 4442; x_wconf 75' lang='lat' dir='ltr'><strong>belli,</strong></span> <span class='ocrx_word' id='word_1_716' title='bbox 2378 4372 2481 4427; x_wconf 84' lang='lat' dir='ltr'><strong>sed</strong></span> <span class='ocrx_word' id='word_1_717' title='bbox 2500 4372 2583 4428; x_wconf 83' lang='lat' dir='ltr'><strong>ad</strong></span> <span class='ocrx_word' id='word_1_718' title='bbox 2614 4378 2851 4447; x_wconf 70' lang='grc' dir='ltr'>ι’]λςοηιηε</span> <span class='ocrx_word' id='word_1_719' title='bbox 2887 4375 3168 4428; x_wconf 72' lang='lat' dir='ltr'><strong>luxuriam</strong></span> <span class='ocrx_word' id='word_1_720' title='bbox 3207 4373 3468 4442; x_wconf 78' lang='lat' dir='ltr'><strong>longeque</strong></span> <span class='ocrx_word' id='word_1_721' title='bbox 3496 4363 3627 4416; x_wconf 74' lang='lat' dir='ltr'><strong>inter</strong></span> <span class='ocrx_word' id='word_1_722' title='bbox 3644 4368 3693 4406; x_wconf 76' lang='lat' dir='ltr'><strong>se</strong></span> 
     </span>
     <span class='ocr_line' id='line_1_99' title="bbox 2185 4444 3687 4534; baseline -0.011 -20"><span class='ocrx_word' id='word_1_723' title='bbox 2185 4461 2565 4519; x_wconf 76' lang='lat' dir='ltr'><strong>discesserant.</strong></span> <span class='ocrx_word' id='word_1_724' title='bbox 2596 4460 2715 4515; x_wconf 88' lang='lat' dir='ltr'><strong>Hoc</strong></span> <span class='ocrx_word' id='word_1_725' title='bbox 2741 4463 3051 4533; x_wconf 70' lang='lat' dir='ltr'><strong>Antigonus</strong></span> <span class='ocrx_word' id='word_1_726' title='bbox 3070 4476 3233 4534; x_wconf 82' lang='lat' dir='ltr'><strong>qaum</strong></span> <span class='ocrx_word' id='word_1_727' title='bbox 3265 4453 3591 4527; x_wconf 79' lang='lat' dir='ltr'><strong>comperisset</strong></span> <span class='ocrx_word' id='word_1_728' title='bbox 3617 4444 3687 4493; x_wconf 73' lang='grc' dir='ltr'><strong>ἱπ-</strong></span> 
     </span>
     <span class='ocr_line' id='line_1_100' title="bbox 2188 4531 3686 4622; baseline -0.005 -20"><span class='ocrx_word' id='word_1_729' title='bbox 2188 4549 2574 4622; x_wconf 81' lang='lat' dir='ltr'><strong>telligeretque,</strong></span> <span class='ocrx_word' id='word_1_730' title='bbox 2585 4566 2646 4602; x_wconf 82' lang='lat' dir='ltr'><strong>se</strong></span> <span class='ocrx_word' id='word_1_731' title='bbox 2656 4565 2857 4622; x_wconf 81' lang='lat' dir='ltr'><strong>parem</strong></span> <span class='ocrx_word' id='word_1_732' title='bbox 2874 4565 2986 4604; x_wconf 80' lang='lat' dir='ltr'><strong>nan</strong></span> <span class='ocrx_word' id='word_1_733' title='bbox 3004 4565 3122 4603; x_wconf 84' lang='lat' dir='ltr'><strong>esse</strong></span> <span class='ocrx_word' id='word_1_734' title='bbox 3138 4547 3356 4621; x_wconf 83' lang='lat' dir='ltr'><strong>paratis</strong></span> <span class='ocrx_word' id='word_1_735' title='bbox 3379 4532 3632 4594; x_wconf 69' lang='lat' dir='ltr'><strong>adoersart&#39;</strong></span> <span class='ocrx_word' id='word_1_736' title='bbox 3633 4531 3671 4579; x_wconf 56' lang='lat'><strong>1⁹⁸</strong></span> <span class='ocrx_word' id='word_1_737' title='bbox 3672 4562 3686 4589; x_wconf 65' lang='grc' dir='ltr'><strong><em>ν</em></strong></span> 
     </span>
     <span class='ocr_line' id='line_1_101' title="bbox 2185 4616 3685 4715; baseline -0.009 -26"><span class='ocrx_word' id='word_1_738' title='bbox 2185 4640 2384 4713; x_wconf 55' lang='lat' dir='ltr'><strong>statui(</strong></span> <span class='ocrx_word' id='word_1_739' title='bbox 2400 4636 2628 4709; x_wconf 78' lang='lat' dir='ltr'><strong>aliqut&#39;d</strong></span> <span class='ocrx_word' id='word_1_740' title='bbox 2642 4636 2747 4691; x_wconf 72' lang='lat' dir='ltr'><strong>sibi</strong></span> <span class='ocrx_word' id='word_1_741' title='bbox 2755 4636 2975 4691; x_wconf 79' lang='lat' dir='ltr'><strong>consilii</strong></span> <span class='ocrx_word' id='word_1_742' title='bbox 2989 4641 3114 4691; x_wconf 75' lang='lat' dir='ltr'><strong>novi</strong></span> <span class='ocrx_word' id='word_1_743' title='bbox 3129 4650 3243 4689; x_wconf 81' lang='lat' dir='ltr'><strong>esse</strong></span> <span class='ocrx_word' id='word_1_744' title='bbox 3258 4624 3580 4703; x_wconf 76' lang='lat' dir='ltr'><strong>capiendum·</strong></span> <span class='ocrx_word' id='word_1_745' title='bbox 3596 4616 3685 4715; x_wconf 51' lang='lat' dir='ltr'><strong>fic·</strong></span> 
     </span>
     <span class='ocr_line' id='line_1_102' title="bbox 2188 4710 3684 4796; baseline -0.004 -18"><span class='ocrx_word' id='word_1_746' title='bbox 2188 4721 2337 4778; x_wconf 89' lang='lat' dir='ltr'><strong>cedit</strong></span> <span class='ocrx_word' id='word_1_747' title='bbox 2359 4723 2521 4796; x_wconf 89' lang='lat' dir='ltr'><strong>quod</strong></span> <span class='ocrx_word' id='word_1_748' title='bbox 2540 4723 2829 4780; x_wconf 87' lang='lat' dir='ltr'><strong>Diodorus</strong></span> <span class='ocrx_word' id='word_1_749' title='bbox 2853 4741 2991 4779; x_wconf 86' lang='lat' dir='ltr'><strong>mox</strong></span> <span class='ocrx_word' id='word_1_750' title='bbox 3023 4724 3196 4779; x_wconf 87' lang='lat' dir='ltr'><strong>refert</strong></span> <span class='ocrx_word' id='word_1_751' title='bbox 3221 4720 3572 4790; x_wconf 76' lang='lat' dir='ltr'><strong>Antigonum,</strong></span> <span class='ocrx_word' id='word_1_752' title='bbox 3596 4710 3684 4753; x_wconf 59' lang='grc' dir='ltr'><strong>ΜΓ</strong></span> 
     </span>
     <span class='ocr_line' id='line_1_103' title="bbox 2185 4788 3681 4887; baseline -0.003 -23"><span class='ocrx_word' id='word_1_753' title='bbox 2185 4828 2347 4864; x_wconf 90' lang='lat' dir='ltr'><strong>suum</strong></span> <span class='ocrx_word' id='word_1_754' title='bbox 2373 4811 2710 4885; x_wconf 85' lang='lat' dir='ltr'><strong>ingressum,</strong></span> <span class='ocrx_word' id='word_1_755' title='bbox 2740 4806 3157 4887; x_wconf 83' lang='grc' dir='ltr'>παρεσκευάσθαι</span> <span class='ocrx_word' id='word_1_756' title='bbox 3196 4803 3302 4882; x_wconf 74' lang='grc' dir='ltr'>δέχ’</span> <span class='ocrx_word' id='word_1_757' title='bbox 3322 4797 3514 4875; x_wconf 67' lang='grc' dir='ltr'>ἡμερῶν</span> <span class='ocrx_word' id='word_1_758' title='bbox 3534 4788 3681 4859; x_wconf 55' lang='grc' dir='ltr'>ἄπυρα</span> 
     </span>
    </p>
   </div>
   <div class='ocr_carea' id='block_1_13' title="bbox 531 4878 3680 5147">
    <p class='ocr_par' dir='ltr' id='par_1_17' title="bbox 531 4878 3680 5147">
     <span class='ocr_line' id='line_1_104' title="bbox 536 4878 3680 4973; baseline -0.003 -30"><span class='ocrx_word' id='word_1_759' title='bbox 536 4898 703 4957; x_wconf 78' lang='lat' dir='ltr'><strong>esset,</strong></span> <span class='ocrx_word' id='word_1_760' title='bbox 725 4890 873 4945; x_wconf 89' lang='lat' dir='ltr'><strong>Plut.</strong></span> <span class='ocrx_word' id='word_1_761' title='bbox 915 4908 963 4946; x_wconf 91' lang='lat' dir='ltr'><strong>c.</strong></span> <span class='ocrx_word' id='word_1_762' title='bbox 1000 4889 1067 4946; x_wconf 76' lang='lat'><strong>13</strong></span> <span class='ocrx_word' id='word_1_763' title='bbox 1100 4907 1114 4947; x_wconf 76' lang='lat'>2</span> <span class='ocrx_word' id='word_1_764' title='bbox 1148 4888 1256 4947; x_wconf 77' lang='grc' dir='ltr'><strong>Καὶ</strong></span> <span class='ocrx_word' id='word_1_765' title='bbox 1285 4892 1388 4947; x_wconf 79' lang='grc' dir='ltr'><strong>τῶν</strong></span> <span class='ocrx_word' id='word_1_766' title='bbox 1423 4891 1475 4947; x_wconf 72' lang='grc' dir='ltr'><strong>ἐν</strong></span> <span class='ocrx_word' id='word_1_767' title='bbox 1514 4886 1781 4959; x_wconf 71' lang='grc' dir='ltr'>Κουΐνδοις</span> <span class='ocrx_word' id='word_1_768' title='bbox 1810 4891 2097 4971; x_wconf 86' lang='grc' dir='ltr'>χρημάτων</span> <span class='ocrx_word' id='word_1_769' title='bbox 2189 4892 2359 4967; x_wconf 88' lang='grc' dir='ltr'>σιτία,</span> <span class='ocrx_word' id='word_1_770' title='bbox 2394 4898 2582 4973; x_wconf 83' lang='lat' dir='ltr'><strong>Nepos</strong></span> <span class='ocrx_word' id='word_1_771' title='bbox 2614 4899 2834 4955; x_wconf 72' lang='lat' dir='ltr'><strong>cibaria</strong></span> <span class='ocrx_word' id='word_1_772' title='bbox 2870 4910 3026 4955; x_wconf 66' lang='lat' dir='ltr'><strong>cocta</strong></span> <span class='ocrx_word' id='word_1_773' title='bbox 3067 4899 3270 4954; x_wconf 67' lang='lat' dir='ltr'><strong>dierum</strong></span> <span class='ocrx_word' id='word_1_774' title='bbox 3303 4892 3492 4945; x_wconf 77' lang='lat' dir='ltr'><strong>decem.</strong></span> <span class='ocrx_word' id='word_1_775' title='bbox 3515 4878 3680 4944; x_wconf 66' lang='lat' dir='ltr'><strong>Neque</strong></span> 
     </span>
     <span class='ocr_line' id='line_1_105' title="bbox 531 4962 3679 5057; baseline -0.014 2"><span class='ocrx_word' id='word_1_776' title='bbox 531 4972 854 5033; x_wconf 56' lang='grc' dir='ltr'>πεντακόσια</span> <span class='ocrx_word' id='word_1_777' title='bbox 883 4972 978 5050; x_wconf 61' lang='grc' dir='ltr'><strong>μὲν</strong></span> <span class='ocrx_word' id='word_1_778' title='bbox 1005 4974 1236 5034; x_wconf 61' lang='grc' dir='ltr'>τάλαντα</span> <span class='ocrx_word' id='word_1_779' title='bbox 1259 4975 1443 5039; x_wconf 62' lang='grc' dir='ltr'>λαὸῑῖν</span> <span class='ocrx_word' id='word_1_780' title='bbox 1469 4976 1542 5047; x_wconf 63' lang='grc' dir='ltr'><strong>εἷς</strong></span> <span class='ocrx_word' id='word_1_781' title='bbox 1554 4976 1651 5051; x_wconf 57' lang='grc' dir='ltr'><strong>*ἣν</strong></span> <span class='ocrx_word' id='word_1_782' title='bbox 1677 4982 1779 5038; x_wconf 72' lang='grc' dir='ltr'><strong>τῶν</strong></span> <span class='ocrx_word' id='word_1_783' title='bbox 1809 4978 1947 5039; x_wconf 71' lang='grc' dir='ltr'>ἰδίων</span> <span class='ocrx_word' id='word_1_784' title='bbox 1969 4984 2096 5038; x_wconf 80' lang='grc' dir='ltr'>ἐπα·</span> <span class='ocrx_word' id='word_1_785' title='bbox 2190 4982 2507 5057; x_wconf 87' lang='lat' dir='ltr'><strong>discrepare</strong></span> <span class='ocrx_word' id='word_1_786' title='bbox 2524 4984 2788 5041; x_wconf 81' lang='lat' dir='ltr'><strong>videntur</strong></span> <span class='ocrx_word' id='word_1_787' title='bbox 2807 4995 3061 5043; x_wconf 86' lang='lat' dir='ltr'><strong>auctores</strong></span> <span class='ocrx_word' id='word_1_788' title='bbox 3082 4986 3141 5040; x_wconf 86' lang='lat' dir='ltr'><strong>in</strong></span> <span class='ocrx_word' id='word_1_789' title='bbox 3161 5002 3247 5049; x_wconf 86' lang='lat' dir='ltr'><strong>eo,</strong></span> <span class='ocrx_word' id='word_1_790' title='bbox 3272 4972 3416 5051; x_wconf 83' lang='lat' dir='ltr'><strong>quod</strong></span> <span class='ocrx_word' id='word_1_791' title='bbox 3432 4962 3679 5026; x_wconf 83' lang='lat' dir='ltr'><strong>Diodorus</strong></span> 
     </span>
     <span class='ocr_line' id='line_1_106' title="bbox 541 5043 3675 5147; baseline -0.009 -26"><span class='ocrx_word' id='word_1_792' title='bbox 541 5060 806 5139; x_wconf 81' lang='grc' dir='ltr'>νόρθωσιν,</span> <span class='ocrx_word' id='word_1_793' title='bbox 846 5063 932 5128; x_wconf 73' lang='grc' dir='ltr'>εἷς’</span> <span class='ocrx_word' id='word_1_794' title='bbox 958 5062 1013 5119; x_wconf 84' lang='grc' dir='ltr'>δὲ</span> <span class='ocrx_word' id='word_1_795' title='bbox 1043 5062 1131 5121; x_wconf 79' lang='grc' dir='ltr'><strong>τὸν</strong></span> <span class='ocrx_word' id='word_1_796' title='bbox 1160 5063 1386 5141; x_wconf 85' lang='grc' dir='ltr'>πόλεμον</span> <span class='ocrx_word' id='word_1_797' title='bbox 1424 5065 1635 5132; x_wconf 77' lang='grc' dir='ltr'>ὁπόσοις</span> <span class='ocrx_word' id='word_1_798' title='bbox 1675 5065 1919 5146; x_wconf 85' lang='grc' dir='ltr'>βούλεται</span> <span class='ocrx_word' id='word_1_799' title='bbox 1959 5071 2097 5147; x_wconf 71' lang='grc' dir='ltr'>χρῆ·</span> <span class='ocrx_word' id='word_1_800' title='bbox 2194 5070 2392 5144; x_wconf 80' lang='lat' dir='ltr'>(xlx,</span> <span class='ocrx_word' id='word_1_801' title='bbox 2422 5069 2489 5137; x_wconf 76' lang='grc'><strong>34</strong></span> <span class='ocrx_word' id='word_1_802' title='bbox 2516 5070 2687 5147; x_wconf 82' lang='lat' dir='ltr'><strong>extr.)</strong></span> <span class='ocrx_word' id='word_1_803' title='bbox 2714 5072 3062 5129; x_wconf 81' lang='lat' dir='ltr'><strong>intervallum</strong></span> <span class='ocrx_word' id='word_1_804' title='bbox 3084 5116 3099 5147; x_wconf 74' lang='lat'>,</span> <span class='ocrx_word' id='word_1_805' title='bbox 3121 5087 3229 5146; x_wconf 81' lang='lat' dir='ltr'><strong>quo</strong></span> <span class='ocrx_word' id='word_1_806' title='bbox 3248 5054 3489 5133; x_wconf 81' lang='lat' dir='ltr'><strong>Antigoni</strong></span> <span class='ocrx_word' id='word_1_807' title='bbox 3511 5058 3560 5104; x_wconf 84' lang='lat' dir='ltr'><strong>et</strong></span> <span class='ocrx_word' id='word_1_808' title='bbox 3577 5043 3675 5099; x_wconf 82' lang='lat' dir='ltr'><strong>Eu-</strong></span> 
     </span>
    </p>
   </div>
   <div class='ocr_carea' id='block_1_14' title="bbox 3881 0 3953 3557">
    <p class='ocr_par' dir='ltr' id='par_1_18' title="bbox 3881 0 3953 3557">
     <span class='ocr_line' id='line_1_107' title="bbox 3881 0 3953 3557; baseline 0 0"><span class='ocrx_word' id='word_1_809' title='bbox 3881 0 3953 3557; x_wconf 95' lang='lat' dir='ltr'><strong> </strong></span> 
     </span>
    </p>
   </div>
  </div>
 </body>
</html>
