4016 5916
468 435 582 487 486

1784 413 2093 474 DURlDIS
2135 415 2345 474 SAMH

464 551 685 616 Ἀττικοὶ
713 552 811 629 γὰρ
842 546 1291 627 μεταπεμφθέντες
1338 547 1407 612 εἷς
1436 545 1616 623 Σάμον
1657 547 1810 604 xixti*
1844 567 2021 603 κατοι·
2060 545 2077 631 1
2113 544 2283 626 νόμων
2312 544 2485 618 φησὶν,
2516 542 2593 602 ὅτι
2636 544 2881 610 Διόνυσος
2928 544 3335 623 ἐπιστρατεύσας
3369 545 3556 612 Ἰνδοῖς
3602 548 3711 606 καὶ

396 689 400 695 -
465 642 725 715 κήσαντες
748 638 862 703 τοὺς
891 635 1168 715 ἐγχωρίους
1190 633 1430 701 ἐξέωσαν.

541 732 754 790 Eadem
775 728 952 786 schol.
981 727 1056 781 ad
1084 727 1312 781 Aristot.
1344 725 1511 779 Rhet.
1542 725 1631 795 11,
1673 743 1769 793 21,
1802 742 1894 793 12,
1923 724 2027 778 ubi

463 821 533 885 ὥς
557 821 585 874 ὁ
619 810 941 894 Κράτεροςῆ
974 814 1187 889 Δοῦρις,
1219 810 1270 865 ἐν
1299 811 1373 887 τῷ
1405 806 1593 887 βιὸλίῳ
1624 806 1901 878 Ζηνοὸίου.
1939 811 2025 863 De

463 907 680 962 colonis
699 906 923 960 Samum
946 901 1122 955 missis
1140 917 1196 955 v,
1215 897 1458 956 Diodor.
1487 899 1698 967 XVIII,
1726 897 1760 952 8
1786 908 1841 952 et
1875 897 1943 951 18
1970 905 2026 950 et

463 1013 607 1069 quos
635 994 714 1048 ibi
738 989 928 1046 laudat
953 987 1309 1060 W’esselingq
1340 985 1607 1043 Strabon.
1639 986 1791 1055 XIV,
1817 1004 1877 1058 p.
1904 981 2021 1040 638

460 1082 628 1153 Diog.
661 1082 730 1136 L.
777 1078 866 1146 X,
917 1095 968 1133 1.
1005 1075 1171 1129 Plura
1222 1090 1315 1145 ap.
1365 1072 1677 1127 Panofkam
1715 1074 1828 1127 Res
1869 1072 2017 1126 Sam.

462 1185 522 1240 p.
550 1186 621 1240 97
656 1176 710 1221 et
733 1166 981 1221 Clinton.
1009 1159 1079 1216 ad
1105 1177 1196 1217 an.
1230 1157 1340 1213 352
1372 1170 1428 1213 et
1453 1158 1587 1217 323.

898 1274 1084 1332 ΠΕΡι
1126 1271 1579 1353 Tempsin.

543 1511 838 1566 Athenaeus
859 1509 1015 1575 XIV,
1042 1525 1103 1580 p.
1144 1505 1280 1574 636,
1312 1507 1356 1560 F
1384 1524 1396 1558 :
1427 1505 1611 1581 Δοῦρις
1641 1502 1684 1559 δ’
1717 1503 1769 1558 ἐν
1799 1503 1874 1581 τῷ
1895 1500 2030 1580 Περὶ

464 1595 755 1676 τραγῳδίας
781 1592 1084 1668 ὠνομάσθαι
1108 1590 1235 1671 φησὶ
1269 1589 1361 1660 τὴν
1395 1588 1618 1667 μάγαδιν
1650 1589 1753 1647 ἀπὸ
1794 1588 2028 1665 Μάγδιος

470 1687 488 1760 (
510 1683 726 1759 Μάγδου
749 1685 997 1757 Epitom.
1022 1681 1039 1755 )
1073 1677 1284 1757 Θρᾳκὸς
1311 1675 1470 1753 γένος.

546 1772 855 1828 Thracibus
881 1770 1262 1825 inventionem
1291 1767 1643 1821 instrumenti
1686 1767 1852 1821 etiam
1883 1765 2025 1822 Can·

467 1864 662 1917 tharus
684 1879 777 1934 ap.
804 1860 1019 1915 Polluc.
1048 1859 1145 1927 IV,
1183 1855 1250 1910 61
1289 1854 1532 1911 ascribit.
1551 1855 1618 1908 V.
1648 1854 1845 1925 Steph.
1868 1854 2028 1910 Thes,

467 1967 523 2002 v.
555 1943 774 2021 Μαγάς;
803 1944 980 2000 Bode.
1013 1945 1049 2000 l.
1080 1944 1121 2002 l.
1153 1943 1238 2012 11,
1276 1958 1411 2012 1,p.
1453 1937 1580 1994 188.
1622 1940 1878 1995 Aliorum
1909 1959 2031 1994 sen-

471 2035 670 2089 tentias
695 2032 826 2087 vide
854 2049 946 2104 ap.
974 2029 1301 2085 Athenaeum
1330 2028 1368 2080 l.
1402 2027 1436 2081 l.

553 2170 730 2228 ΠΕΡΙ
779 2131 1183 2226 Erpln'mor
1223 2163 1353 2222 ΚΑι
1397 2160 1936 2222 ΣΟΦΟΚΛΕΟΥΣ.

1194 2298 1288 2350 70.

544 2398 843 2453 Athenaeus
865 2396 968 2467 IV,
999 2393 1128 2462 184,
1167 2396 1219 2448 D
1258 2411 1271 2447 :
1298 2393 1480 2468 Δοῦρις
1503 2389 1546 2445 δ’
1580 2391 1631 2446 ἐν
1660 2390 1733 2466 τῷ
1765 2385 1898 2467 Περὶ
1924 2388 2032 2446 Εὖ-

470 2482 670 2561 ριπίδου
699 2482 789 2539 καὶ
819 2479 1140 2559 Σοφοκλέους
1168 2475 1502 2547 Ἀλκιὸιάδην
1542 2474 1668 2554 φησι
1712 2478 1893 2552 μαθεῖν
1938 2475 2032 2545 τὴν

469 2567 754 2641 αὐλητικὴν
786 2570 842 2626 οὗ
868 2566 1012 2646 παρὰ
1034 2572 1125 2624 τοῦ
1148 2563 1419 2645 τυχόντος,
1447 2561 1582 2622 ἀλλὰ
1611 2561 1883 2643 Προνόμου
1899 2607 1916 2635 ,
1938 2565 2031 2619 τοῦ

470 2657 719 2736 μεγίστην
751 2653 1029 2734 ἐσχηκότος
1058 2652 1227 2720 δόξαν.

487 2731 510 2748 ⁴
547 2737 944 2814 Antigenidem
985 2735 1273 2788 tibicinem
1312 2732 1588 2789 Alcibiadi
1625 2743 2031 2807 praeceptorem

469 2826 580 2881 dat·
610 2824 898 2897 Pamphila
944 2840 1031 2894 ap.
1079 2820 1320 2876 Gellium
1358 2822 1482 2891 XV,
1530 2839 1616 2890 17·
1654 2820 1863 2876 Contra
1899 2819 2030 2874 Plu·

471 2912 696 2968 tarchus
718 2910 902 2965 Alcib.
936 2926 967 2962 2
1003 2926 1016 2964 :
1048 2905 1128 2964 Τὸ
1153 2905 1197 2961 δ’
1230 2907 1403 2963 αὐλεῖν
1430 2903 1636 2985 ἔφευγεν
1682 2899 1922 2986 (Ἀλκιὸ.)
1962 2905 2033 2970 ὥς

474 2994 678 3073 ἀγεννὲς
701 2994 791 3053 καὶ
818 2991 1161 3071 ἀνελεύθερον.
1189 2993 1275 3052 Cf.
1300 2995 1455 3049 Plato
1498 2993 1683 3050 Alcib.
1727 2996 1751 3048 1
1791 3012 1853 3067 p.
1893 2992 2031 3065 106,

471 3088 535 3141 F..
560 3088 694 3157 Quae
717 3084 1084 3139 Hullemanus
1107 3081 1407 3136 conciliare
1429 3080 1614 3135 studet
1637 3081 1728 3147 ita,
1752 3090 1815 3134 ut
1840 3079 2032 3135 datum

475 3170 751 3228 Alcibiadi
779 3181 1187 3244 praeceptorem
1202 3185 1336 3223 mox
1359 3168 1427 3224 ab
1449 3186 1515 3223 eo
1539 3167 1895 3241 repudiatum
1922 3178 2035 3223 sta-

475 3269 612 3315 tuat.
664 3257 937 3314 Duridem
979 3274 1076 3311 sua
1116 3258 1176 3309 in
1216 3255 1441 3310 laudem
1473 3255 1777 3309 Alcibiadis
1815 3251 2033 3309 finxisse

472 3347 846 3420 probabiliter
882 3346 1069 3400 statuit
1111 3342 1367 3400 Eckertz.
1424 3342 1527 3420 (De
1558 3342 1775 3429 Duride
1817 3339 2028 3398 Sami0.

473 3435 658 3490 Bonn.
703 3432 894 3499 1842).

988 3534 1168 3595 ΠΕΡΙ
1213 3533 1500 3593 ΝΟΜΩΝ.

1206 3669 1236 3719 7
1253 3669 1272 3705 1
1286 3690 1299 3704 .

557 3759 741 3831 Etym.
767 3758 848 3815 M.
875 3774 929 3813 v,
961 3750 1153 3832 Θώραξ
1189 3774 1201 3808 :
1230 3756 1414 3831 Δοῦρις
1440 3756 1468 3810 ὃ
1495 3748 1693 3826 Σάμιος
1717 3753 1768 3807 ἐν
1797 3754 1870 3828 τῷ
1900 3751 2034 3831 Περὶ

2115 631 2190 708 μὴ
2225 633 2503 710 δυνάμενος
2533 630 2714 695 αὐτοὺς
2749 629 3102 709 χειρώσασθαι
3128 637 3371 712 ,κρατῆρα
3419 632 3709 714 (θώρηκας

2116 741 2338 779 correx.
2364 721 2564 796 Gent.)
2595 718 2729 776 οἴνου
2763 716 3046 798 πληρώσας
3066 720 3165 798 πρὸ
3194 724 3283 789 τῆς
3303 722 3487 798 χώρας
3514 723 3707 779 αὐτῶν

2115 805 2313 879 ἔθηκεν·
2358 809 2405 864 οἱ
2446 807 2499 864 δὲ
2542 804 2911 886 ἐμφορηθέντες
2956 812 3045 865 τοῦ
3089 805 3355 884 πόματος,
3410 809 3711 878 ἀσυνήθεις

2116 894 2271 969 ὄντες,
2292 894 2451 960 οὕτως
2474 893 2823 973 ἐχειρώθησαν
2840 893 3191 970 μεθυσθέντες.
3208 893 3371 954 εΌθεν
3394 899 3443 953 οἱ
3464 899 3703 968 ποιηταὶ

2116 980 2175 1039 τὸ
2199 982 2403 1058 μεθύειν
2426 981 2781 1059 θωρήσσεσθαι
2809 981 3066 1057 λέγουσιν.

2199 1069 2333 1150 Περὶ
2373 1068 2568 1149 νόμων]
2596 1073 2852 1127 usitatior
2880 1072 3166 1145 inscriptio
3197 1071 3343 1125 foret
3373 1090 3385 1124 ε
3418 1070 3561 1147 Περὶ
3606 1094 3703 1128 νο-

2119 1154 2314 1233 μίμων.
2355 1160 2440 1214 De
2476 1157 2635 1213 Indis
2661 1159 2797 1212 vino
2832 1158 3073 1212 subactis
3115 1157 3184 1211 cf.
3224 1157 3478 1229 Polyaen.
3516 1161 3584 1227 Ι,
3632 1180 3651 1214 1
3680 1181 3699 1228 ;

2123 1246 2356 1303 Nonnus
2373 1247 2604 1319 Dionys,
2628 1245 2784 1314 XIV,
2815 1248 2901 1301 15.
2929 1247 3117 1300 Mores
3144 1256 3199 1298 et
3227 1244 3480 1299 instituta
3504 1244 3693 1301 Indo-

2118 1352 2247 1388 rum
2278 1352 2400 1406 quae
2430 1351 2499 1389 ex
2526 1333 2727 1387 Bacchi
2755 1332 2901 1386 culta
2937 1331 3267 1409 explicanda
3288 1331 3473 1387 Graeci
3502 1331 3705 1389 duxe-

2118 1433 2283 1489 runt,
2305 1421 2434 1475 vide
2453 1440 2542 1494 ap.
2562 1420 2975 1494 Megasthenem
2995 1421 3051 1474 in
3067 1421 3287 1474 Arriani
3314 1419 3444 1475 Iud.
3467 1440 3520 1477 c.
3551 1440 3705 1492 ⁹5.—

2119 1503 2230 1562 ὅθεν
2255 1509 2300 1563 οἱ
2330 1505 2469 1582 κτλ.]
2500 1508 2582 1563 Cf.
2629 1508 2921 1562 scholiasta
2953 1506 3024 1561 ad
3053 1508 3219 1562 Arist.
3250 1508 3501 1562 Acharn.
3538 1528 3563 1563 1
3582 1509 3705 1564 132

2119 1597 2355 1668 aliique,
2395 1614 2536 1668 quos
2575 1595 2705 1650 vide
2734 1597 2791 1649 in
2823 1595 3013 1668 steph.
3060 1596 3217 1650 Thes.
3267 1615 3310 1651 s.
3355 1615 3409 1650 v.
3455 1595 3707 1674 Θωρήσ·

2120 1687 2316 1740 σεσθαι.

2847 1841 2940 1892 72.

2200 1972 2384 2028 Schol.
2413 1973 2632 2028 Platon.
2660 1974 2837 2046 Hipp.
2864 1972 2994 2044 maj.
3019 1992 3076 2046 p.
3108 1974 3221 2047 ²93
3243 2014 3258 2041 ,
3293 1978 3341 2028 A
3374 1990 3389 2030 ε
3419 1974 3619 2052 Δοῦρις
3648 1974 3707 2032 δέ

2125 2080 2294 2136 φησιν,
2319 2053 2396 2113 ὅτι
2426 2056 2557 2126 αὐτὴ
2589 2058 2882 2136 (Μακάριοι)
2916 2056 3007 2127 τὴν
3036 2055 3205 2137 πυρὰν
3233 2062 3321 2115 τοῦ
3356 2059 3559 2138 πατρὸς
3589 2084 3705 2118 1111υ

2127 2142 2385 2201 τέσὸεσεν·
2414 2142 2503 2200 καὶ
2541 2141 2589 2210 ἔξ
2632 2144 2823 2202 ἐκείνου
2869 2143 3014 2223 παρὰ
3062 2144 3327 2203 Μακεδόσι
3384 2145 3706 2223 νενόμισται

2108 2223 2217 2297 ’τὰς
2256 2229 2539 2310 θυγατέρας
2586 2235 2687 2288 τῶν
2719 2231 3099 2308 κηδευομένων,
3132 2223 3205 2297 οἷς
3245 2233 3306 2290 ἂν
3334 2223 3435 2292 ὦσι
3471 2235 3701 2304 παῖδες,

2125 2315 2184 2374 τὸ
2214 2317 2339 2375 αὐτὸ
2363 2318 2606 2396 πράττειν
2634 2317 2719 2377 ἐπὶ
2743 2327 2845 2385 τοῖς
2873 2318 3149 2397 πατράσιν.
3182 2323 3429 2378 Aliunde
3464 2323 3541 2379 de
3582 2325 3711 2381 boc

2122 2408 2375 2465 Macariae
2421 2408 2669 2463 facinore
2711 2407 2852 2463 nihil
2895 2409 3152 2466 traditur.
3196 2410 3279 2467 Cf.
3322 2413 3571 2486 interpr.
3628 2414 3709 2469 ad

2121 2494 2335 2551 Zenob.
2363 2495 2444 2563 11,
2468 2494 2563 2551 61.
2588 2495 2814 2553 Miiller.
2842 2495 2975 2549 Dor.
3001 2496 3055 2564 1,
3076 2515 3135 2569 p.
3167 2493 3261 2563 55,
3288 2495 3342 2554 3.
3366 2499 3483 2553 Pro
3513 2498 3706 2556 Μακε-

2121 2578 2232 2638 δόσι
2254 2584 2439 2638 nescio
2468 2601 2538 2637 311
2562 2581 2951 2657 reponendmn
2977 2582 3045 2637 sit
3068 2583 3345 2643 Μαλιεῦσι.

2618 2752 2797 2812 ΠΕΡΙ
2840 2751 3162 2813 ΑΓΩΝΩΝ.

2838 2874 2946 2977 .73.

2212 3049 2428 3104 Tzetzes
2470 3048 2541 3104 ad
2584 3052 2718 3122 Lyc.
2744 3050 2857 3106 613
2887 3068 2902 3109 ε
2927 3047 3143 3124 Τύμὸον
3173 3050 3323 3109 καλεῖ
3366 3052 3457 3112 τὸν
3506 3056 3698 3134 τάφον.

2128 3131 2238 3190 Καὶ
2284 3132 2470 3213 Δοῦρίς
2512 3157 2640 3214 φησι
2683 3138 2735 3193 ἐν
2774 3139 2849 3215 τῷ
2899 3135 3029 3216 Περὶ
3067 3136 3305 3216 ἀγώνων,
3336 3138 3455 3208 τοὺς
3483 3145 3705 3221 βωμοὺς

2125 3218 2315 3296 τάφους
2341 3221 2630 3280 καλεῖσθαι.

2852 3368 2947 3431 74·
3021 3377 3028 3384 ’

2199 3494 2431 3549 Photius
2452 3496 2589 3553 Lex.
2621 3513 2635 3552 t
2671 3492 2886 3555 Σελίνου
2911 3495 3156 3576 στέφανος
3181 3495 3455 3577 πένθιμος·
3498 3500 3559 3559 τὸ
3586 3502 3695 3580 γὰρ

2122 3575 2317 3637 σέλινον
2358 3579 2568 3639 πένθεσι
2605 3582 2887 3661 προσήκει,
2934 3587 3005 3651 ὡς
3041 3584 3135 3664 ἔφη
3178 3586 3267 3643 καὶ
3301 3592 3491 3666 Δοῦρις
3527 3592 3585 3647 ἐν
3617 3595 3693 3648 τῶ

2125 3667 2258 3744 Περὶ
2302 3665 2539 3743 ἀγώνων.
2580 3674 2712 3727 Haec
2746 3672 3017 3731 Duris'de
3058 3676 3301 3731 Isthmiis
3334 3679 3424 3733 vel
3452 3660 3697 3736 Nemaeis

2123 3756 2378 3828 loquens,
2408 3757 2490 3814 Cf.
2524 3760 2767 3818 Meinek.
2797 3762 2869 3817 ad
2896 3763 3147 3835 Euphor.
3173 3783 3234 3836 p.
3268 3764 3397 3821 108.

955 3940 1054 3998 DE
1085 3938 1552 4025 damonum.
1623 3968 1638 3981 ·

1203 4061 1289 4113 69.

2064 4001 2069 4005 ²
2118 3936 2285 3973 eorum
2305 3926 2592 3988 apposuisse.
2619 3930 2760 3977 'runc
2784 3930 2889 3980 illos
2920 3931 3262 3993 ingurgitantes
3278 3944 3327 3980 se
3343 3931 3527 3992 liquore
3548 3932 3645 3981 isto
3668 3969 3689 3991 ,

2120 4014 2265 4063 quem
2289 4003 2412 4052 ferre
2427 4003 2643 4054 nondum
2677 4004 2967 4068 didicerant,
3004 4007 3237 4057 ebrietate
3272 4010 3513 4069 comptos
3534 4022 3596 4057 ac
3614 4012 3691 4060 sic

2122 4079 2257 4128 iacile
2281 4079 2504 4131 subactos
2541 4094 2660 4133 esse.
2695 4087 2856 4142 Quare
2890 4088 3043 4147 poetoe
3078 4098 3165 4147 pro
3197 4086 3374 4147 μεθύειν
3397 4084 3566 4134 dicunt
3592 4089 3695 4135 θω·

533 4161 677 4212 Duris
693 4161 743 4211 iu
766 4162 888 4211 libro
907 4165 978 4211 De
1007 4158 1239 4222 trsgoedia
1256 4159 1478 4222 megedin
1504 4172 1680 4210 nomen
1708 4161 1885 4214 habere
1915 4162 2031 4212 dicit
2120 4157 2390 4219 ρῆσσεσθαῑ.

473 4252 504 4288 3
528 4239 729 4302 Magdie,
753 4239 836 4302 qui
856 4239 1019 4288 Thrax
1036 4250 1206 4300 genere
1223 4236 1383 4287 fuerit.

687 4354 787 4415 DE
828 4353 1227 4414 SOPHOCLE
1270 4355 1369 4414 ET
1411 4353 1808 4414 EURIPIDE.

1201 4479 1292 4531 70.

2849 4244 2939 4293 72.

2185 4329 2326 4379 Duris
2339 4331 2481 4380 refert
2509 4332 2763 4381 Maean-iam
2784 4345 2897 4395 rogo
2922 4332 3193 4395 (Herculis)
3210 4335 3361 4395 patris
3385 4334 3545 4397 ignem
3573 4339 3695 4387 sub·

2115 4406 2300 4468 iecisse.
2330 4407 2468 4457 Unde
2485 4408 2615 4470 apud
2650 4411 2936 4462 Macedones
2963 4422 3067 4460 mos
3105 4412 3178 4461 est
3203 4412 3326 4461 silias
3357 4426 3533 4464 eorum
3555 4453 3568 4477 ,
3607 4419 3695 4480 qui

2120 4483 2286 4534 sunere
2304 4485 2589 4548 efferuntur,
2609 4486 2842 4549 siquidem
2862 4488 2997 4537 liberi
3031 4487 3090 4537 iis
3109 4490 3250 4549 sunt,
3274 4490 3401 4540 idem
3424 4493 3583 4544 tacere
3605 4509 3695 4557 pa·

538 4582 678 4631 nuris
700 4582 748 4630 in
769 4580 894 4629 libro
917 4583 989 4630 ne
1011 4579 1235 4643 Euripide
1267 4581 1316 4630 et
1354 4578 1592 4643 Sophocle
1626 4579 1695 4629 ait
1739 4579 2031 4629 Alcibiadem
2121 4562 2290 4614 tribus·

473 4656 590 4707 tibia
608 4670 779 4707 canere
795 4657 1013 4706 didicisse
1027 4670 1124 4706 non
1139 4657 1266 4720 apud
1281 4657 1523 4719 vulgarem
1534 4657 1743 4719 aliquem
1776 4655 2028 4717 artificem,

474 4735 558 4786 sed
577 4735 705 4799 apud
725 4738 1016 4785 Pronomum
1039 4735 1178 4798 longe
1199 4735 1417 4785 omnium
1443 4735 1771 4785 clarissimum.

693 4851 793 4910 DE
833 4850 1182 4911 MORlBUS
1223 4850 1323 4910 ET
1366 4849 1813 4911 INSTlTUTlS.

1211 4966 1300 5018 71.

540 5055 687 5105 Duris
723 5056 913 5107 Samius
933 5056 984 5106 in
1024 5068 1167 5119 opere
1201 5060 1272 5107 De
1293 5057 1509 5108 moribus
1539 5059 1587 5107 et
1609 5057 1838 5108 institutis
1870 5058 2033 5108 narrat

478 5132 718 5196 Bacchum
742 5134 910 5182 contra
925 5132 1072 5183 Indos
1092 5134 1355 5195 profectum
1371 5170 1387 5195 ,
1407 5147 1557 5197 quum
1580 5135 1630 5184 in
1647 5136 1932 5196 potestatem
1951 5146 2034 5184 eos

478 5208 685 5273 redigere
702 5221 798 5260 11011
816 5212 974 5273 posset
987 5245 1002 5271 ,
1024 5211 1243 5261 thoraces
1262 5210 1362 5260 vini
1375 5211 1539 5273 plenos
1561 5210 1621 5260 ad
1639 5211 1814 5263 limites
1831 5211 2034 5275 regionis

2518 4646 2619 4705 DE
2664 4646 3276 4707 CERTAMINIBUS.

2860 4762 2949 4814 73.

2182 4856 2367 4920 Τύμΰον
2388 4859 2525 4906 vocat
2546 4858 2750 4920 sepulcri
2776 4860 3032 4909 tumulum.
3064 4859 3291 4909 Similiter
3312 4862 3457 4911 Duris
3488 4864 3537 4911 in
3564 4865 3693 4916 tihro

2123 4937 2192 4985 De
2215 4936 2553 4987 certaminibus
2569 4950 2675 4988 aras
2697 4939 2924 5002 appellari
2940 4939 3056 4989 dicit
3072 4938 3304 4988 tumulos.

2860 5036 2945 5087 74.

2182 5135 2287 5198 Αρίἰ
2306 5148 2482 5186 corona
2505 5136 2718 5200 lugubris
2739 5138 2829 5199 est,
2843 5150 2954 5187 113111
2977 5134 3135 5199 apium
3154 5135 3214 5187 ad
3232 5136 3426 5189 luctum
3448 5141 3697 5208 pertinet,

2127 5212 2196 5262 uti
2217 5215 2356 5264 Duris
2379 5226 2571 5276 quoque
2592 5216 2641 5263 in
2667 5214 2788 5264 libro
2808 5218 2877 5267 De
2900 5212 3233 5265 certaminibus
3249 5214 3333 5265 ait.
