4016 5916
1591 459 1759 521 LYCl
1804 461 2128 523 BHEGINI

3352 476 3462 528 373

270 603 453 669 potest
477 593 717 650 aliorum
735 594 988 668 analogia
1005 593 1320 660 nominum,
1342 592 1592 665 quibusoe
1613 594 1823 649 mobile
1913 592 2017 651 ἀπὸ
2042 591 2147 672 μὲνξ
2165 595 2447 676 ἀρκτούρου
2486 593 2641 675 μέχρι
2672 594 2911 659 πλειάδος
2945 594 3340 656 ἀναὸάλλουσαν
3379 601 3465 658 οὗ·

270 680 602 759 praefigitur.
656 682 926 756 Exempla
976 681 1202 756 collegit
1246 681 1703 737 Schneidewinus
1750 681 1823 736 ad

274 768 560 826 Heraclid.
614 768 684 824 fr.
731 786 826 842 29.
871 799 950 812 --
993 767 1108 830 ταῖς
1147 762 1418 844 Μούσαις]
1458 769 1640 824 Musas
1671 768 1822 840 apud

272 858 461 931 Lydos
498 856 784 931 Nymphas
822 856 1014 911 vocari
1048 853 1220 910 refert
1253 855 1449 911 Suidas
1490 873 1546 911 v.
1583 851 1821 932 Νύμφαι.

271 947 475 1001 Nostro
494 955 678 1000 tamen
704 945 834 1000 loco
852 961 1055 999 vereor
1073 960 1145 998 ne
1170 937 1408 1007 Μούσαις
1428 942 1822 999 substituendae

266 1034 377 1087 sint
410 1028 626 1091 Λουσίαι
647 1032 735 1087 vel
758 1028 1056 1095 Λουσιάδες.

1018 1153 1048 1174 ρ

1026 1171 1044 1205 J
1057 1178 1073 1193 ο

351 1241 645 1297 Athenaeus
654 1243 799 1314 11,P·
821 1247 912 1310 47,
929 1244 1004 1297 A:
1022 1233 1191 1303 Λύκος
1206 1236 1260 1295 δὲ
1279 1235 1646 1316 πολυχρονίους
1667 1236 1820 1316 φησὶν

270 1316 405 1385 εἶναι
425 1323 540 1393 τοὺς
566 1324 846 1406 Κυρνίους,
882 1329 898 1401 (
920 1326 1117 1382 οἰκοῦσι
1142 1323 1184 1382 δ’
1212 1315 1353 1382 οὗτοι
1380 1323 1499 1404 περὶ
1529 1323 1821 1403 Σαρδόνα,)

273 1411 359 1472 διὰ
392 1412 449 1471 τὸ
477 1412 649 1490 μέλιτι
682 1412 762 1471 ἀεὶ
797 1416 1056 1492 χρῆσθαι·
1084 1411 1325 1470 πλεῖστον
1355 1409 1409 1470 δὲ
1448 1415 1599 1469 τοῦτο
1624 1410 1822 1488 γίνεται

273 1503 398 1579 παρ’
423 1500 614 1567 αὐτοῖς.

353 1591 466 1646 Cur
480 1591 542 1645 h.
567 1592 605 1649 l.
627 1589 1113 1664 Schweighaeuser.
1132 1607 1238 1663 pro
1264 1584 1431 1651 Λύκος
1450 1589 1615 1643 scribi
1637 1591 1822 1644 voluc-

280 1679 358 1732 rit
383 1674 570 1735 Λύκων
592 1695 752 1733 causa
772 1689 853 1733 est
874 1677 1025 1732 nulla
1043 1717 1058 1746 ,
1088 1677 1172 1731 uti
1191 1688 1342 1732 recte
1359 1686 1556 1731 monet
1573 1677 1820 1732 Clinton.

274 1767 337 1821 F.
360 1768 430 1822 H.
448 1767 628 1840 n1,p.
649 1763 782 1830 485.
803 1765 1059 1821 Ceterum
1076 1783 1192 1837 quo
1208 1765 1336 1819 loco
1366 1765 1553 1836 Lycus
1565 1764 1824 1838 haecpro-

276 1853 496 1924 tulerit,
518 1854 724 1909 nescio,
748 1853 982 1908 Timaeus
1006 1850 1076 1906 de
1097 1849 1355 1908 Sardinia
1382 1850 1519 1905 dicit
1546 1850 1613 1908 sr.
1638 1853 1710 1906 26
1734 1871 1815 1924 sq.

850 1972 1243 2031 ΣΙΚΕΛΙΚΑ.

1020 2094 1077 2154 8.

353 2220 621 2293 Antigon.
652 2218 855 2273 Mirab.
884 2235 938 2275 c.
972 2215 1079 2281 148
1109 2213 1248 2290 (133
1276 2211 1402 2289 W.)
1438 2235 1450 2269 ε
1484 2210 1617 2290 Περὶ
1646 2211 1699 2268 δὲ
1726 2214 1825 2269 τῶν

270 2305 527 2379 ποταμῶν
554 2302 644 2360 καὶ
680 2304 883 2381 κρηνῶν
907 2301 1079 2361 Λύκον
1106 2299 1200 2377 μέν
1226 2321 1381 2381 φησιν
1412 2301 1431 2376 (
1454 2297 1825 2378 Καλλίμαχος)

274 2390 475 2469 λέγειν,
505 2387 582 2448 ὅτι
604 2393 633 2447 ὁ
654 2388 746 2466 μὲν
774 2389 1012 2465 Κάμικος
1035 2386 1292 2460 θαλάττης
1325 2386 1535 2458 ζεούσης
1573 2390 1677 2466 ῥεῖ,
1710 2390 1737 2444 ὁ
1773 2386 1823 2444 δὲ

278 2477 521 2546 Κάπαιος
543 2475 633 2536 καὶ
665 2475 919 2556 Κριμισὸς
955 2475 1034 2535 ὅτι
1060 2472 1127 2533 τὰ
1155 2473 1250 2553 μὲν
1286 2475 1538 2545 ἐπιπολῆς
1570 2475 1670 2532 τῶν
1703 2472 1830 2531 ὑδά-

276 2589 382 2625 των
412 2563 512 2624 εἰσὶ
550 2563 778 2645 ψυχροὶ,
806 2561 873 2621 τὰ
902 2560 958 2622 δὲ
985 2561 1131 2621 κάτω
1160 2561 1366 2642 θερμοὶ,
1409 2561 1497 2619 τὸν
1536 2559 1581 2619 δ’
1613 2559 1826 2640 Ἱμέραν

272 2656 336 2713 ἐκ
381 2660 502 2730 μιᾶς
524 2655 698 2731 πηγῆς
721 2649 1023 2731 σχιζόμενον
1046 2648 1107 2718 τὸ
1145 2649 1239 2727 μὲν
1264 2647 1455 2708 ἁλυκὸν
1492 2651 1593 2706 τῶν
1620 2647 1828 2730 ῥείθρων

278 2740 417 2820 ἔχειν
438 2784 456 2816 ,
482 2738 541 2796 τὸ
571 2737 626 2797 δὶ
651 2738 892 2816 πότιμον.

357 2823 639 2904 θαλάττης]
653 2823 738 2882 διὰ
749 2826 861 2883 θαλ.
878 2826 1003 2899 conj
1009 2845 1091 2886 ec.
1107 2826 1447 2884 Beckmann.
1459 2855 1540 2869 —
1562 2820 1828 2901 Κάπαιος]

276 2912 499 2981 Ἄναπος
530 2912 684 2986 conj.
721 2915 926 2974 Meurs.
946 2956 963 2985 ‚
997 2910 1306 2992 Κακύπαρις
1338 2914 1517 2972 Bentl.
1543 2911 1623 2971 Cf.
1654 2913 1830 2970 Solin.

272 3023 329 3061 c.
366 3023 460 3075 113
490 3004 704 3060 vitruv,
730 3002 795 3073 8,
824 3001 880 3059 3.

359 3245 519 3300 Idem
538 3243 677 3299 ibid.
705 3242 808 3309 154
837 3240 982 3318 (139
1011 3240 1135 3317 W.)
1164 3261 1178 3296 ε
1204 3237 1372 3299 Λύκον
1396 3238 1449 3296 δὲ
1478 3236 1564 3295 τὸν
1589 3235 1833 3315 Ῥηγῖνον

276 3330 451 3407 λέγειν
477 3328 571 3399 τὴν
602 3327 694 3405 μὲν
720 3330 770 3386 ἐν
796 3332 859 3406 τῇ
892 3330 1130 3387 Σικανῶν
1157 3325 1308 3407 χώρα
1337 3324 1593 3405 (κρήνην)
1617 3370 1632 3397 ,
1664 3324 1832 3406 φέρειν

221 3482 225 3487 ,
281 3417 428 3493 ὄξος,
467 3407 610 3496 ᾧπερ
647 3415 732 3473 ἐπὶ
768 3418 870 3473 τῶν
912 3415 1210 3492 ἐδεσμάτων
1255 3418 1515 3495 χρῶνται,
1558 3412 1652 3484 τὴν
1692 3410 1747 3469 δὲ
1783 3415 1834 3470 ἐν

283 3502 633 3583 Μυτιστράτῳ
651 3494 754 3561 οἷον
777 3502 933 3582 ἐλαίῳ
955 3503 1081 3583 ῥεῒν·
1097 3506 1246 3561 τοῦτο
1286 3501 1329 3560 δ’
1351 3500 1402 3560 ἔν
1419 3524 1474 3558 τε
1497 3509 1600 3567 τοῖς
1630 3498 1838 3578 λύχνοις

278 3592 503 3651 κάεσθαι
548 3590 636 3649 καὶ
679 3589 925 3648 δύνασθαι
969 3589 1180 3670 φύματα
1238 3589 1328 3648 καὶ
1380 3587 1562 3669 ψώραν
1621 3590 1829 3659 ἰᾶσθαι,

284 3678 789 3759 προσαγορευόμενον
818 3676 1197 3757 Μυτιστράτιον
1214 3702 1227 3714 ·
1254 3677 1479 3749 πλησίον
1502 3675 1557 3733 δὲ
1581 3665 1712 3733 εἶναι
1738 3673 1838 3746 τὴν

349 3934 505 3994 Lycus
536 3931 766 3994 Cyrum,
796 3849 1253 3993 Sardiniae⁷incola8,
1284 3930 1525 3993 longaevos
1558 3941 1660 3977 csse
1689 3926 1837 3986 dicit,

1911 680 2049 746 δενὸς
2066 682 2239 761 χεῖρον
2262 686 2365 741 τῶν
2395 682 2566 741 ἄλλων
2582 681 2781 741 ὑδάτων
2795 727 2813 758 ‚
2842 681 2946 740 ἀπὸ
2970 682 3024 740 δὲ
3045 685 3286 753 πλειάδος
3309 686 3470 766 μέχρι

1910 768 2037 847 πρὸς
2066 771 2344 851 ἀρκτοῦρον
2380 774 2472 842 τῆς
2509 769 2603 847 μὲν
2640 768 2840 851 ἡμέρας
2861 768 3059 828 καπνὸν
3108 772 3462 854 ἀναφέρουσαν

1911 855 2001 913 καὶ
2042 856 2293 916 πνέουσαν
2324 858 2540 938 θερμὸν,
2574 861 2625 918 ἐν
2669 855 2722 917 δὲ
2747 862 2814 938 τῇ
2845 860 2991 918 νυκτὶ
3016 861 3200 938 φλογὸς
3236 863 3470 942 πληρου·

1913 942 2092 1019 μένην.
2115 947 2199 1004 cf.
2223 949 2449 1004 Aristot.
2468 949 2668 1005 Mirab.
2687 950 2856 1004 Ausc.
2878 968 2926 1004 c.
2950 967 2970 1003 1
2986 951 3056 1004 23
3079 969 3158 1023 sq.
3179 950 3228 1028 (1
3247 971 3268 1006 1
3282 952 3312 1007 3
3331 954 3467 1028 W.).

2643 1078 2733 1114 10.

1993 1173 2203 1228 Plinius
2227 1175 2297 1229 H.
2319 1175 2390 1230 N.
2413 1174 2557 1242 XX,
2588 1190 2652 1242 α,
2684 1178 2750 1239 ¹4
2780 1190 2794 1230 :
2821 1176 2993 1245 Lycos
3025 1173 3162 1248 (ait)
3187 1181 3243 1229 in
3280 1178 3471 1232 Indice

1914 1264 2072 1314 tertis
2098 1260 2322 1331 sontem
2362 1278 2501 1329 esse,
2552 1266 2708 1332 cujus
2742 1279 2892 1334 aqua
2933 1263 3174 1317 lucet-nce
3210 1266 3469 1325 ardeant.

1917 1346 2099 1418 Hujus
2143 1348 2312 1402 fontis
2357 1348 2710 1403 memorandi
2753 1350 3103 1405 occasionem
3142 1349 3300 1406 dedit
3345 1352 3470 1410 sons

1911 1435 2210 1507 Mytistrati
2237 1434 2335 1508 (fr.
2363 1433 2452 1510 9).
2477 1434 2565 1491 Ab
2603 1435 2804 1491 eodem
2832 1435 3118 1508 profectus
3159 1439 3471 1513 Polycritus

1912 1521 2197 1578 Mendaeus
2222 1521 2325 1594 (fr.
2355 1520 2385 1575 5
2412 1523 2470 1576 in
2487 1524 2703 1598 Fragm.
2731 1525 2933 1596 Script.
2959 1524 3116 1582 Alex.
3139 1527 3212 1582 M.
3235 1545 3292 1601 p.
3331 1527 3466 1605 133)

1915 1610 1986 1665 de
2015 1610 2178 1664 simili
2205 1611 2409 1666 Ciliciae
2434 1610 2587 1666 fonte
2610 1611 2782 1666 verba
2810 1611 2958 1667 fecit.

2656 1742 2743 1780 11.

1995 1837 2311 1911 Antigonus
2331 1836 2463 1893 Μὶν.
2513 1855 2621 1906 170
2661 1833 2678 1914 (
2710 1836 2816 1901 154
2853 1835 2987 1914 W.)
3033 1858 3047 1892 :
3079 1835 3245 1897 Λύκον
3275 1837 3328 1896 δὲ
3353 1837 3471 1917 περὶ

1914 1921 2007 1992 τὴν
2039 1925 2091 1980 ἐν
2121 1921 2328 1989 Μύλαις
2359 1920 2610 2000 (λίμνην)
2641 1926 2733 1992 τῆς
2763 1922 3006 1988 Σικελίας
3035 1922 3219 2004 δένδρα
3248 1924 3469 2005 φύεσθαι

1921 2012 2000 2086 (s,
2048 2009 2393 2088 Καλλίμαχός
2434 2010 2637 2089 φησι),
2680 2008 2767 2067 διὰ
2796 2009 2956 2087 μέσης
2984 2010 3027 2069 δ’
3070 2014 3233 2082 αὐτ-’ἦς
3262 2014 3466 2071 ἀναθεῖν

1920 2097 2144 2174 (ἅναζεῖν
2163 2098 2368 2175 Bentl.)
2394 2095 2530 2175 ὕδωρ
2546 2095 2605 2155 τὸ
2629 2093 2724 2174 μὲν
2743 2096 2946 2176 ψυχρὸν
2962 2145 2978 2171 ,
2997 2096 3126 2157 τὸδὲ
3147 2100 3459 2159 τούναντίον.

2652 2232 2741 2267 12.

1996 2323 2155 2379 Idem
2183 2323 2322 2379 ibid.
2363 2323 2469 2394 175
2496 2322 2643 2398 (159
2669 2325 2761 2382 W.
2784 2324 2804 2401 )
2841 2343 2856 2379 z
2889 2322 2984 2382 Ἐν
3009 2322 3061 2380 δὲ
3087 2328 3150 2402 τῇ
3180 2326 3467 2385 Λεοντίνων

1916 2412 2138 2491 ἱστορεῖν
2170 2408 2340 2469 Λύκον
2364 2408 2481 2475 τοὺς
2512 2407 2916 2486 ὀνομαζομένους
2938 2410 2996 2483 ¹⁵,
3027 2413 3228 2479 ἀναζεῖν
3272 2410 3365 2488 μὲν
3405 2417 3476 2479 ὡς

1919 2496 2235 2578 θερμότατον
2253 2500 2356 2556 τῶν
2385 2496 2649 2578 ἑψομένων
2665 2542 2681 2574 ,
2703 2495 2795 2564 τὰς
2818 2497 2874 2555 δὲ
2898 2498 3070 2575 πηγὰς
3090 2491 3220 2558 εἶναι
3247 2502 3451 2581 ψυχροῖς

1923 2589 2024 2644 τῶν
2060 2582 2114 2644 δὲ
2144 2584 2534 2657 πλησιαζόντων
2561 2585 2732 2652 αὖτοῗς
2759 2583 2818 2643 τὸ
2845 2582 2938 2662 μὲν
2963 2589 3070 2644 τῶν
3094 2585 3306 2668 ὀρνίθων
3330 2588 3473 2666 γένος

1921 2671 2266 2744 ἀποθνήσκειν
2311 2670 2482 2746 εὐθὺς,
2530 2670 2646 2739 τοὺς
2687 2671 2743 2730 δὲ
2776 2671 3071 2752 ἀνθρώπους
3118 2674 3251 2752 μετὰ
3291 2677 3469 2758 τρίτην

1921 2759 2147 2841 ἡμέραν.

2000 2853 2132 2906 Post
2174 2847 2576 2925 ὀνομαζομένους
2616 2847 2886 2906 Meursius
2933 2853 3158 2925 supplet
3205 2850 3476 2925 Δείλλους,

1922 2940 2144 2996 Cluver.
2168 2940 2467 3017 Κρατῆρας.
2485 2939 2681 2996 Callias
2699 2937 2795 3012 (fr.
2827 2939 2884 3012 ι)
2911 2929 3101 2996 εθῧτοι
3116 2944 3367 3018 κρατῆρες
3389 2939 3479 2999 δύο

1923 3023 2082 3101 εἰσὶν,
2110 3022 2194 3091 οὓς
2217 3023 2466 3106 ἀδελφοὺς
2492 3027 2593 3082 τῶν
2631 3025 2882 3082 Παλικῶν
2912 3028 2958 3083 οἱ
2996 3027 3306 3084 Σικελιῶται
3342 3026 3477 3105 νομί·

1924 3115 2116 3180 ζουσιν.

2546 3219 2847 3277 ΛΙΒΥΚΑ.

2665 3371 2684 3404 ι
2699 3351 2753 3410 3.

2006 3501 2318 3574 Stephanus
2355 3501 2483 3571 Byz.
2516 3519 2530 3553 ε
2571 3495 2940 3574 Ἀδρότονον
2980 3494 3147 3560 Λύκος
3170 3498 3198 3551 ὃ
3234 3493 3473 3571 Ῥηγῖνος

1927 3585 2117 3666 χωρίον
2159 3583 2320 3643 οἴεται
2361 3576 2525 3659 εἶναι,
2585 3582 2839 3663 Στράὸων
2876 3582 2928 3639 δὲ
2973 3584 3198 3657 (XVII,
3226 3603 3284 3657 p.
3329 3583 3479 3659 835)

1929 3673 2082 3733 πόλιν
2112 3672 2239 3753 φησὶ
2272 3671 2362 3730 καὶ
2392 3672 2561 3729 ἄλλοι.
2595 3670 2753 3745 Πόλις
2781 3669 2836 3727 δὲ
2864 3667 3264 3749 Λιὸυφοινίκων.

1926 3840 2073 3889 alium
2108 3851 2210 3888 esse
2254 3839 2459 3898 sontem,
2498 3835 2581 3901 qui
2611 3836 2673 3885 ab
2711 3837 2914 3886 Arcturo
2953 3848 3103 3898 usque
3138 3834 3200 3885 ad
3250 3836 3484 3886 Pleiadem

1927 3917 2078 3968 nihilo
2102 3915 2310 3980 pejorem
2333 3929 2481 3978 quam
2516 3914 2597 3965 alii
2622 3926 2798 3977 aquam
2825 3913 3045 3975 ejiceret,
3069 3913 3130 3962 ab
3157 3913 3344 3964 Pleiade
3370 3928 3482 3964 vero

286 4008 415 4071 quod
435 4008 576 4059 melle
593 4021 780 4071 semper
797 4009 1072 4069 vescantur,
1091 4005 1230 4068 cujus
1259 4020 1432 4069 magna
1456 4004 1582 4068 apud
1601 4017 1682 4055 eos
1703 4005 1839 4066 copia
1926 3995 2414 4060 usqueadArcturum
2429 3993 2632 4044 interdiu
2647 3993 2831 4043 fumum
2846 3993 3087 4043 exhalaret
3102 3992 3484 4054 calidum,noctu

286 4088 377 4135 est.

922 4161 1211 4223 SICULA.

1044 4276 1097 4327 8.

351 4396 423 4443 De
445 4392 605 4441 fluviis
639 4393 689 4441 et
726 4391 939 4441 fontibus
972 4393 1174 4454 loquens
1203 4388 1527 4441 Callimachus
1562 4387 1630 4436 ait
1664 4389 1847 4449 Lycum

290 4482 485 4520 narrare
523 4470 774 4520 caminum
812 4482 897 4531 per
931 4482 1064 4518 mare
1100 4469 1288 4519 fervens
1334 4466 1508 4525 fluere,
1534 4466 1771 4525 Anapum
1788 4466 1847 4526 (ἲ)

290 4561 408 4598 vero
431 4548 481 4596 et
506 4547 760 4596 Crimisum
780 4546 830 4595 in
848 4545 1100 4610 superficie
1123 4558 1300 4609 aquam
1329 4542 1570 4606 frigidam,
1589 4541 1712 4590 inira
1735 4553 1850 4590 vero

292 4623 498 4673 calidam
535 4622 734 4684 habere;
762 4635 906 4685 porro
938 4622 1179 4672 Himeram
1210 4633 1275 4671 ex
1306 4632 1403 4668 uno
1429 4616 1694 4679 eodemque
1721 4617 1851 4668 sonte

292 4700 560 4764 profectum
582 4700 632 4749 in
655 4698 777 4750 duos
799 4698 951 4749 scindi
969 4699 1133 4748 alveos
1147 4735 1162 4761 ,
1184 4706 1391 4761 quorum
1421 4694 1544 4745 alter
1564 4694 1736 4743 salsam
1760 4695 1849 4744 ha·

293 4778 428 4851 beret
439 4814 457 4841 ‚
476 4777 598 4827 alter
615 4775 874 4841 potabilem
900 4788 1095 4838 aquam.

1042 4865 1095 4915 9.

356 4968 541 5030 Lycum
578 4963 851 5027 Rhegium,
893 4960 1189 5012 callimacho
1224 4958 1373 5020 teste,
1406 4956 1567 5006 narrat
1595 4954 1775 5004 iontem
1801 4954 1850 5002 in

294 5044 576 5095 Sicanorum
619 5039 799 5090 ditione
838 5041 1031 5089 acetum
1070 5038 1219 5097 serre,
1254 5048 1353 5098 quo
1381 5035 1628 5083 uterentur
1653 5031 1715 5080 ad
1738 5044 1852 5080 con·

294 5117 469 5168 dienda
486 5116 691 5178 (εἰδυίας
709 5117 887 5166 sontem
914 5128 1030 5164 vero
1049 5114 1096 5162 in
1124 5111 1393 5176 Mytistrato
1410 5109 1545 5173 quasi
1562 5109 1670 5158 oleo
1687 5107 1852 5169 fluere,

295 5198 443 5261 idque
463 5198 651 5258 oleum,
674 5195 808 5259 quod
825 5195 1163 5258 Mytistratium
1182 5193 1382 5251 vocant,
1408 5190 1457 5238 in
1484 5187 1693 5238 lucernis
1712 5198 1852 5236 usur·

295 5274 400 5338 pari
422 5287 481 5323 ac
497 5273 747 5324 tuberibus
763 5274 813 5326 et
827 5271 1001 5323 scabiei
1021 5284 1156 5334 posse
1174 5267 1370 5319 mederi.
1402 5264 1541 5318 Haud
1572 5265 1710 5327 longe
1744 5262 1854 5312 inde

1929 4073 2133 4123 flammis
2147 4074 2355 4135 repletus
2374 4073 2514 4121 esset.

2665 4149 2687 4197 1
2705 4148 2751 4197 ί.

1994 4240 2206 4302 Lycum,
2230 4237 2528 4288 callimacho
2547 4238 2668 4286 teste
2682 4272 2697 4296 ,
2719 4237 2882 4285 narrat
2901 4235 3058 4284 lacum
3078 4234 3140 4285 ad
3163 4235 3315 4298 Mylas
3340 4235 3487 4283 arbo·

1935 4317 2067 4367 ribus
2093 4315 2473 4373 circumdatum,
2501 4316 2550 4363 in
2593 4313 2753 4363 medio
2791 4326 2881 4363 suo
2921 4327 3098 4375 aquam
3138 4312 3307 4373 ejicere
3343 4312 3485 4361 aliam

1936 4396 2150 4460 frigidam
2165 4432 2181 4458 ,
2205 4395 2346 4445 aliam
2371 4396 2534 4443 contra
2554 4393 2773 4443 calidam.

2673 4488 2754 4537 12.

2004 4585 2057 4630 in
2089 4582 2432 4632 Leontinorum
2469 4578 2661 4641 regione
2679 4580 2837 4640 Lycus
2869 4576 3030 4625 narrat
3051 4586 3152 4623 esse
3173 4573 3309 4622 lacus
3335 4572 3486 4633 duos,

1937 4672 2061 4721 quos
2077 4660 2373 4708 Palicorum
2373 4657 2579 4719 fratres
2589 4656 2763 4704 voeant
2774 4669 2789 4713 ;
2801 4650 3193 4702 ferventissimam
3207 4663 3381 4712 aquam
3395 4648 3490 4710 eia·

1939 4737 2118 4799 colari,
2152 4730 2308 4786 saintes
2334 4747 2447 4785 vero
2471 4732 2665 4796 frigidos
2691 4743 2821 4792 esse;
2855 4730 3018 4779 avium
3051 4742 3201 4793 genus
3233 4728 3489 4791 appropin-

1939 4828 2094 4879 quans
2108 4814 2177 4865 eis
2194 4814 2356 4865 atatim
2375 4813 2617 4876 exspirare
2629 4848 2644 4875 ,
2673 4808 2889 4861 homines
2907 4810 3013 4873 post
3033 4808 3159 4858 diem
3181 4807 3396 4857 tertium.

2575 4924 2864 4986 LIBYCA.

2673 5059 2758 5109 13.

2006 5182 2302 5232 Abrotonum
2323 5182 2477 5242 Lycus
2493 5177 2731 5240 Rheginos
2748 5174 2995 5225 castellum
3014 5186 3114 5222 esse
3133 5170 3296 5234 putat3
3320 5168 3494 5220 Strabo

1940 5260 2116 5323 aliique
2140 5257 2308 5308 urbem
2331 5256 2498 5306 dicunt
2518 5273 2533 5319 ;
2563 5254 2677 5304 urbs
2702 5252 2882 5303 scilicet
2909 5249 3302 5314 Libyphoenicum
3323 5248 3412 5298 est.
