4016 5916
489 475 602 526 266

1168 661 1171 664 »
1210 619 1306 675 66.

565 744 805 800 Laetam.
835 744 968 798 Inst.
991 745 1122 811 vn,
1152 741 1217 796 13
1244 760 1256 795 :
1294 743 1467 796 Falsa
1494 753 1576 795 cst
1588 759 1718 816 ergo
1737 740 2048 795 Democriti

480 844 544 887 et
561 833 790 904 Epicuri
803 841 860 884 et
880 829 1207 884 Diccearcht
1222 830 1295 883 de
1315 834 1527 883 animoe
1543 830 1901 884 dissolutione
1915 846 2040 882 sen·

486 924 661 973 tentia
702 936 722 971 :
770 922 866 990 qui
883 914 1138 990 projecto
1175 933 1284 971 non
1321 918 1591 971 auderent
1619 915 1690 969 de
1723 919 2037 969 animarum

487 1010 712 1060 interitu
734 1022 902 1076 mago
915 1008 1103 1077 aliquo
1115 1016 1395 1078 pra-sente
1411 1005 1697 1070 disserere,
1727 1007 1824 1077 qui
1841 1009 2030 1069 sciret,

483 1097 646 1146 certis
667 1092 1000 1146 carminibus
1027 1096 1165 1145 cieri
1186 1092 1258 1144 ab
1290 1087 1486 1162 inferis
1513 1094 1735 1143 animas
1766 1101 1825 1143 et
1846 1090 2040 1143 adesse

484 1192 542 1235 et
578 1177 832 1252 proebere
871 1196 933 1232 se
974 1177 1236 1232 humanis
1262 1179 1437 1232 oculis
1479 1177 1750 1234 videndas
1792 1188 1850 1231 et
1887 1178 2040 1248 loqui

483 1279 541 1323 et
546 1266 747 1336 futura
768 1267 1112 1341 proeclicere,·
1146 1276 1203 1319 et
1225 1269 1279 1319 si
1302 1266 1591 1334 auderent,
1629 1283 1691 1319 re
1712 1270 1835 1339 'qna
1858 1276 1917 1319 et
1937 1265 2037 1318 do-

482 1361 750 1411 cumentis
774 1354 1149 1430 praesentibus
1193 1358 1550 1410 vincerentur.
1595 1353 1711 1408 Sed
1749 1358 1884 1427 quia
1923 1371 2035 1407 non

470 1446 842 1522 pervidebant
864 1449 1077 1497 animoe
1111 1448 1411 1509 rationem,
1464 1461 1593 1516 quce
1636 1454 1750 1496 tam
1787 1442 2029 1508 subtilis,

484 1545 544 1586 ut
578 1534 761 1587 oculos
783 1532 1046 1585 humana·
1071 1534 1268 1584 mentis
1289 1528 1562 1604 effugiat,
1613 1533 1840 1583 interire
1865 1530 2038 1583 dixe—

483 1631 627 1678 runt.
659 1619 744 1675 cf.
778 1620 1030 1674 Osannus
1058 1618 1094 1674 l.
1125 1618 1164 1671 l.
1196 1636 1257 1690 p.
1297 1615 1390 1672 52.

1204 1747 1301 1815 67.

766 1876 906 1954 [DE
944 1877 1293 1932 INTERITU
1336 1872 1759 1951 HOMINUM.]

565 2001 761 2057 Cicero
789 2003 874 2056 De
906 1997 1053 2054 offic.
1082 1997 1167 2067 11,
1201 1995 1232 2052 5
1265 2014 1279 2052 :
1312 1996 1414 2050 Est
1433 1994 1755 2049 Dicaearchi
1796 1993 1935 2048 liber
1967 1994 2038 2047 cle

486 2093 710 2142 interitu
736 2087 1018 2142 hominum
1038 2125 1055 2149 ,
1093 2086 1457 2159 Peripatetici
1484 2087 1685 2155 magni
1705 2093 1764 2136 et
1787 2086 1992 2157 copiosi
2004 2121 2019 2148 ‚

483 2181 602 2248 qui,
631 2177 875 2230 collectis
901 2177 1097 2228 ceteris
1122 2177 1325 2241 causis,
1358 2170 1642 2236 eluvionis,
1670 2171 2024 2243 pestilentioe,

480 2269 775 2331 vastitatis,
810 2261 1113 2318 belluarum
1134 2265 1305 2316 etiam
1324 2262 1636 2332 repentina.»
1664 2258 2039 2312 multitudiuis

488 2354 504 2425 (
528 2369 756 2425 quarum
798 2353 1004 2423 impetu
1030 2348 1195 2403 docet
1226 2346 1488 2421 quaedam
1518 2343 1800 2399 hominum
1825 2361 2037 2415 genera

490 2457 607 2494 esse
643 2436 1027 2511 consumpta),
1061 2435 1263 2489 deinde
1287 2444 1598 2507 comparat,
1633 2443 1836 2507 quanto
1848 2433 2038 2505 plumes

481 2528 653 2580 deleti
672 2537 804 2579 sunt
834 2523 1082 2580 homines
1109 2520 1389 2576 hominum
1413 2525 1620 2595 impetu
1634 2562 1648 2588 ,
1690 2520 1753 2573 id
1772 2531 1856 2574 est
1876 2519 2035 2573 bellis

479 2624 582 2667 aut
596 2611 965 2678 seditionibus,
1005 2627 1169 2684 quam
1197 2610 1348 2662 omni
1365 2609 1577 2680 reliqua
1601 2608 1938 2660 calamitate.
1966 2631 1989 2653 ι·

1204 2719 1301 2779 68.

559 2848 717 2903 Idem
752 2844 956 2902 Consol
1006 2842 1077 2898 ad
1099 2842 1245 2898 Tull.
1268 2841 1361 2897 ed.
1400 2842 1520 2913 Bip.
1556 2852 1595 2897 t.
1633 2842 1741 2907 IX,
1780 2859 1840 2914 p.
1878 2837 1983 2895 351
2016 2860 2030 2895 z

482 2937 792 3010 Meritoque
817 2928 1179 2987 Dicaearchus
1224 2933 1283 2984 in
1322 2945 1387 2984 eo
1415 2929 1577 2996 libro,
1623 2946 1781 3001 quem
1823 2929 1894 2983 de
1926 2927 2035 2983 ho-

482 3030 644 3079 minis
677 3025 894 3077 interitu
932 3019 1261 3074 luculentum
1302 3027 1357 3071 et
1392 3016 1660 3071 eruditum
1698 3018 2030 3087 conscripsit,

481 3111 627 3167 nihil
649 3110 854 3165 habere
880 3107 1234 3162 dubitationis
1252 3107 1489 3178 putavit,
1539 3107 1669 3176 quin
1709 3105 1878 3156 multo
1895 3104 2035 3175 plu-

482 3218 570 3255 res
615 3201 874 3255 exstincti
914 3200 1026 3249 sint
1064 3191 1311 3249 homines
1347 3196 1470 3265 ipsa
1509 3190 1792 3246 hominum
1820 3194 2036 3243 saevitia

483 3298 543 3350 et
576 3285 902 3351 acerbitate,
950 3300 1117 3357 quarn
1153 3285 1308 3337 omni
1335 3281 1543 3352 reliquo
1576 3294 1781 3350 genere
1810 3279 2035 3331 calami-

484 3362 631 3428 tatis.
651 3372 731 3429 Cf.
758 3372 921 3427 etiam
952 3370 1151 3444 fragm.
1177 3366 1208 3422 3
1231 3385 1301 3423 ex
1328 3366 1657 3423 Censorino.
1687 3365 1944 3421 Ceterum
1962 3365 2038 3418 ii-

480 3460 587 3515 ber
603 3461 690 3515 De
708 3463 922 3513 interitu
940 3456 1221 3512 hominum
1237 3472 1358 3509 non
1377 3452 1624 3508 diversus
1638 3450 1802 3507 {uisse
1815 3451 2040 3507 videtur

482 3546 572 3602 vel
598 3566 631 3603 a
666 3545 948 3614 Lesbiaco,
994 3543 1086 3599 vel
1112 3562 1145 3598 a
1173 3539 1546 3598 Corinthiaco.
1590 3540 1843 3596 Osannus
1862 3558 1924 3613 p.
1963 3544 2030 3604 41

483 3635 691 3688 librum
732 3643 987 3688 nostrum
1020 3650 1149 3687 cum
1189 3627 1542 3685 Corinthiaco
1581 3625 2037 3701 componendum

487 3740 599 3777 csse
614 3731 816 3778 censet.
836 3721 1058 3776 Scilicet
1076 3737 1251 3793 quum
1271 3717 1467 3774 Cicero
1487 3716 1635 3771 dicat
1651 3713 2034 3771 Dicaearchum

485 3808 547 3862 in
568 3806 717 3862 libro
752 3807 837 3861 De
863 3811 1087 3862 interitu
1112 3807 1260 3860 inter
1283 3821 1347 3858 ea
1362 3844 1378 3871 ,
1404 3821 1529 3876 quae
1548 3819 1815 3875 magnum
1839 3800 2034 3854 homi-

484 3914 623 3952 num
650 3912 949 3951 nnmerum
979 3893 1169 3949 delere
1190 3893 1431 3959 soleant,
1464 3890 1627 3945 etiam
1652 3889 1925 3942 eluviones
1941 3904 2036 3941 re·—

487 3983 760 4039 censuisse
779 4030 795 4057 ,
824 3980 975 4036 idern
1000 3998 1139 4035 vero
1167 3980 1362 4035 Cicero
1396 3976 1500 4053 (fr.
1533 3975 1606 4030 62
1630 3975 1646 4049 )
1680 3984 1910 4029 moneat
1930 3974 2034 4029 Di-

485 4070 797 4124 caearchum
818 4069 876 4122 in
892 4067 1109 4122 duobus
1130 4064 1473 4122 Corinthiaci
1490 4063 1645 4117 libris
1664 4062 2027 4117 disserentem

484 4155 846 4212 introducere
867 4155 1258 4211 Pherecratem
1295 4150 1618 4206 Phthiotam
1643 4169 1680 4203 a
1702 4150 2040 4205 Deucalione

485 4255 662 4300 ortum
679 4262 699 4298 .·
720 4244 1032 4317 suspicatur
1052 4242 1302 4296 Osannus
1313 4239 1699 4293 Pherecratem
1723 4236 1870 4290 hunc
1884 4239 2036 4292 Deu-

1652 461 2093 522 DICAEARCHI
2135 461 2504 525 MESSENII.
2549 513 2556 520 .

2128 594 2466 650 calionidam
2496 593 2565 649 de
2586 593 2800 648 diluvio
2833 591 3185 648 Deucalionis
3210 612 3294 648 sui
3324 596 3689 667 exposuisse,

2127 699 2195 736 eo
2227 683 2436 737 scilicet
2466 682 2697 736 consilio
2732 690 2794 734 ut
2822 679 2891 735 ab
2918 680 3023 734 hac
3051 682 3377 735 narratione
3404 695 3681 756 progres-

2124 785 2213 822 sus
2235 768 2658 842 comprobaret,
2681 783 2854 843 genus
2869 767 3176 822 humanum
3190 808 3208 837 ‚
3231 769 3330 822 etsi
3352 768 3422 824 al>
3447 769 3696 823 interitu-

2123 856 2384 928 proxime
2412 853 2692 909 interdum
2721 855 2970 929 abesset,
3000 873 3288 929 nunquam
3314 865 3498 911 tamen
3515 873 3688 929 pror-

2124 961 2214 998 sus
2237 941 2445 1016 deleri;
2468 942 2715 1016 singulos
2743 943 2970 996 interire
2989 939 3264 1011 homines,
3291 961 3463 1018 genus
3477 941 3698 997 huma-

2125 1049 2262 1085 num
2282 1049 2393 1086 esse
2417 1030 2759 1098 immortale3
2787 1029 2988 1085 eodem
3016 1028 3189 1084 modo
3210 1032 3373 1085 etiam
3395 1029 3465 1085 de
3489 1028 3692 1084 anima

2126 1119 2478 1173 statuendum
2503 1137 2636 1175 csse.

2556 1253 2574 1329 (
2595 1257 2693 1311 DE
2720 1255 3213 1311 DIVINATIONE.
3236 1254 3253 1331 )

2846 1388 2943 1458 69.

2206 1505 2401 1561 Cicero
2432 1508 2517 1561 De
2555 1504 2729 1562 divin.
2759 1507 2810 1574 1,
2843 1505 2875 1559 3
2904 1524 2924 1558 .·
2952 1505 3311 1560 Dicaearchus
3339 1507 3686 1581 Peripateti-

2126 1618 2220 1653 cus
2244 1611 2426 1655 cetera
2457 1600 2811 1653 divinationis
2833 1616 3043 1671 genera
3070 1601 3322 1671 sustulit,
3348 1607 3694 1657 somniorum

2126 1698 2182 1741 et
2185 1685 2404 1758 furoris
2425 1688 2658 1761 reliquit.
2983 1751 2998 1766 ·

2206 1774 2354 1833 Ibid.
2388 1794 2440 1832 c.
2473 1773 2586 1830 50:
2619 1776 2738 1830 Nec
2767 1791 2898 1831 vero
2925 1793 3164 1848 unquam
3198 1779 3416 1829 animus
3440 1775 3684 1831 hominis

2126 1864 2462 1917 naturaliter
2478 1863 2720 1930 divinat,
2754 1865 2866 1915 nisi
2888 1880 3052 1934 quiem
3074 1867 3155 1916 ita
3178 1864 3385 1917 solutus
3400 1875 3486 1917 est
3502 1874 3560 1918 et
3578 1881 3659 1921 va
3673 1899 3684 1909 -

2126 1967 2279 2016 cuus,
2314 1959 2374 2004 ut
2401 1951 2455 2004 ei
2475 1951 2652 2023 plane
2682 1948 2831 2002 nihil
2855 1954 2935 2003 sit
2967 1966 3088 2003 cum
3124 1967 3348 2023 corpore
3359 1967 3380 2019 ,¹
3405 1951 3555 2023 quod
3581 1964 3698 2005 aut

2126 2037 2346 2093 vatibus
2374 2040 2642 2110 contingit
2663 2047 2766 2090 aut
2786 2035 3220 2092 dormientibus·
3238 2039 3438 2110 Itaque
3471 2054 3543 2092 ea
3568 2038 3695 2093 duo·

2122 2142 2334 2196 genera
2349 2143 2388 2178 a
2414 2122 2747 2179 Dicoeamho
2766 2121 3075 2198 probantur
3086 2133 3168 2190 et,
3203 2134 3267 2176 ut
3281 2124 3430 2193 dixi,
3467 2142 3504 2177 a
3531 2121 3682 2177 Cra-

2127 2214 2278 2284 tippo
2294 2222 2497 2268 norim.

2207 2297 2356 2354 Ibid.
2387 2316 2434 2353 c.
2476 2300 2557 2366 11,
2600 2297 2667 2352 51
2707 2314 2721 2354 ε
2755 2300 2838 2352 At
2872 2309 3064 2352 nostra
3091 2300 3318 2351 interest
3338 2301 3507 2365 scire,
3548 2316 3681 2370 quoe

2132 2396 2366 2442 ventura
2386 2390 2510 2441 sint.
2545 2385 2800 2457 Magnus
2823 2384 3142 2439 Dicoearchi
3165 2385 3302 2438 liber
3325 2396 3408 2438 est
3469 2390 3692 2439 nescire

2126 2492 2195 2526 ea
2222 2473 2415 2527 melius
2439 2491 2556 2528 esse
2573 2490 2737 2547 quam
2758 2477 2922 2529 scire.

2887 2595 2946 2632 0.

2203 2682 2531 2739 Plutarchus
2556 2683 2707 2738 Plac.
2729 2595 2880 2756 phil?
2899 2684 2961 2750 V,
2999 2700 3045 2749 ι,
3084 2687 3138 2749 4,
3163 2700 3223 2755 p.
3253 2687 3388 2754 904,
3417 2682 3461 2737 F
3493 2699 3510 2735 ε
3540 2677 3680 2758 Ἀρι-

2126 2767 2370 2839 στοτέλης
2400 2766 2490 2828 καὶ
2533 2766 2851 2848 Δικαίαρχος
2878 2766 2937 2825 τὸ
2965 2766 3082 2824 κατ’
3109 2765 3474 2842 ἐνθουσιασμὸν
3517 2764 3684 2841 μόνον

2129 2855 2507 2935 παρεισάγουσι
2529 2853 2758 2920 καὶτοὺς
2782 2852 3035 2934 ὀνείρους,
3066 2853 3318 2912 ἀθάνατον
3347 2852 3441 2929 μὲν
3459 2843 3592 2910 εἶναι
3611 2856 3685 2912 οὐ

2125 2942 2414 3023 νομίζοντες
2440 2941 2535 3014 τὴν
2560 2941 2755 3024 ψυχὴν,
2781 2941 2919 3002 θείου
2948 2939 3005 3001 δέ
3022 2965 3158 3009 τινος
3187 2940 3417 3020 μετέχειν
3445 2939 3637 3012 αὖτήν.

2348 3084 2473 3142 ΕΙΣ
2512 3082 2959 3143 ΤΡΟΦΩΝΙΟΥ
3002 3079 3450 3143 ΚΑΤΑΒᾹΣῙΣ.

2899 3224 2921 3260 1
2935 3245 2952 3262 .

2583 3309 2631 3365 E
2684 3224 2910 3366 LIBRZ)
2958 3311 3213 3368 PRIMO.

2205 3412 2662 3481 Athenaeusxlv,
2676 3432 2736 3486 p.
2754 3412 2827 3479 64
2841 3432 2890 3484 1,
2904 3415 2971 3483 E,
2988 3416 3059 3471 F:
3074 3411 3394 3491 Δικαίαρχος
3408 3410 3452 3470 δ’
3465 3412 3517 3470 ἐν
3527 3410 3684 3489 πρώ-

2127 3521 2201 3578 τῳ
2234 3501 2327 3569 τῆς
2354 3498 2423 3565 εἷς
2446 3498 2750 3580 Τροφωνίου
2776 3497 3119 3565 καταδάσεώς
3142 3521 3298 3577 φησιν
3325 3497 3515 3564 οὕτως·
3545 3524 3570 3549 α
3596 3495 3682 3559 Ἦ·

2126 3609 2184 3663 γε
2229 3584 2325 3657 τὴν
2358 3584 2557 3655 πολλὴν
2599 3583 2835 3656 δαπάνην
2872 3587 2923 3644 ἐν
2967 3587 3074 3653 τοῖς
3111 3586 3331 3652 δείπνοις
3368 3583 3685 3665 παρέχουσα.

2131 3671 2342 3752 δευτέρα
2370 3671 2601 3752 τράπεζα
2626 3671 2992 3752 προσεγένετο,
3020 3672 3110 3731 καὶ
3140 3671 3382 3754 στέφανοι
3406 3674 3497 3732 καὶ
3520 3673 3664 3753 μύρα

2131 3761 2222 3819 καὶ
2249 3760 2553 3837 θυμιάματα
2609 3759 2700 3818 καὶ
2724 3756 2790 3817 τὰ
2818 3760 3016 3827 τούτοις
3039 3760 3296 3821 ἀκόλουθα
3326 3760 3515 3820 πάντα.
3545 3784 3572 3811 ¹·

2851 3887 2955 3938 72.

2205 3973 2366 4028 Idem
2378 3973 2541 4039 XIII,
2555 3990 2612 4045 p.
2631 3968 2762 4047 594,
2781 3971 2848 4041 Ε,
2868 3970 2943 4028 F:
2969 3967 3284 4047 Δικαίαρχος
3302 3964 3348 4023 δ’
3361 3968 3412 4024 ἐν
3422 3973 3525 4030 τοῖς
3535 3965 3682 4043 Περὶ

2127 4061 2218 4129 τῆς
2241 4059 2312 4124 εἷς
2330 4058 2631 4136 ’Τροφωνίου
2651 4054 2993 4124 καταὸάσεώς
3011 4079 3139 4135 φησι
3154 4079 3168 4093 ·
3199 4082 3224 4107 α
3245 4052 3418 4114 Ταῦτὸ
3435 4051 3488 4110 δὲ
3514 4051 3682 4111 πάθοι

2128 4168 2202 4211 τις
2227 4142 2291 4203 ἂν
2315 4144 2401 4203 ἐπὶ
2427 4142 2521 4214 τὴν
2549 4143 2830 4215 Ἀθηναίων
2855 4143 3004 4200 πόλιν
3031 4141 3395 4223 ἀφικνούμενος
3419 4138 3554 4198 κατὰ
3579 4137 3677 4209 τὴν

2130 4234 2224 4289 ἀπ’
2255 4231 2551 4299 Ἐλευσῖνος
2583 4229 2677 4302 τὴν
2717 4227 2858 4311 ἱερὰν
2896 4228 3010 4288 ὁδὸν
3039 4229 3381 4306 καλουμένην.
3424 4226 3529 4288 Καὶ
3570 4222 3686 4305 γὰρ

1211 4427 1299 4476 70.

2129 4419 2260 4464 trum
2281 4416 2348 4464 iia
2368 4414 2535 4464 scribit
2562 4434 2574 4463 ι
2596 4433 2620 4457 α
2644 4413 2816 4465 Aderat
2834 4412 2978 4462 etism
2996 4427 3108 4476 quae
3131 4425 3411 4476 magnarum
3441 4412 3686 4474 impensa·

548 4511 824 4562 Aristoteles
849 4513 899 4559 et
919 4507 1222 4558 Dionen-chus
1239 4518 1320 4555 ens
1350 4503 1507 4555 solum
1525 4501 1845 4551 divinationes
1868 4500 2041 4550 admit·
2069 4493 2073 4497 ⁴
2131 4508 2236 4542 rum
2257 4495 2305 4543 in
2327 4493 2476 4542 coenis
2494 4505 2638 4542 eausa
2655 4494 2728 4542 est
2742 4527 2757 4554 ,
2781 4491 2990 4541 secunda
3019 4505 3178 4541 mensa
3210 4495 3260 4541 et
3285 4504 3478 4540 coronae
3500 4492 3549 4539 et
3581 4503 3682 4538 un-

486 4591 597 4637 tunt
618 4601 729 4651 quoe
749 4587 907 4637 surore
923 4585 1154 4635 divinitus
1173 4583 1383 4632 immisso
1396 4617 1410 4641 ,
1434 4581 1484 4629 et
1497 4591 1610 4641 quae
1621 4577 1869 4627 insomniis
1884 4577 2006 4626 fiunt
2025 4593 2038 4624 ι

486 4664 695 4713 unimam
716 4675 813 4711 non
839 4662 1161 4711 immortalem
1189 4671 1316 4720 esse,
1348 4657 1431 4707 sed
1462 4654 1626 4706 divina
1647 4652 1855 4718 quadarn
1875 4653 2040 4704 reim-

488 4742 653 4804 peruri
675 4742 838 4795 tamen
860 4741 1138 4789 sentientes.

571 4852 651 4911 IN
691 4850 1113 4910 TROPHONH
1152 4845 1479 4907 ANTRUM
1517 4842 1956 4906 DESCENSUS.

1213 4976 1303 5024 71.

951 5069 999 5127 E
1041 5067 1269 5127 Lumo
1308 5064 1571 5125 PRIMO.

561 5190 872 5244 Dicaearchus
902 5190 1023 5241 libro
1045 5189 1200 5254 primo
1233 5191 1303 5239 De
1328 5185 1557 5238 descensu
1594 5185 1643 5234 in
1668 5181 1927 5245 Trophonii
1950 5193 2039 5229 nn-

2129 4574 2305 4632 guentn
2332 4572 2382 4620 et
2398 4569 2591 4619 suffitus
2611 4570 2660 4618 et
2688 4581 2797 4631 quae
2827 4568 2900 4617 his
2918 4568 3051 4631 jungi
3081 4569 3234 4618 solent
3257 4567 3435 4617 omnis.
3462 4586 3487 4611 ιι

2855 4684 2944 4734 72.

2191 4785 2502 4837 Dicaearchus
2529 4785 2580 4834 in
2610 4783 2734 4834 libro
2762 4786 2835 4835 De
2861 4783 3092 4833 descensu
3125 4782 3175 4833 in
3197 4782 3458 4845 Trophonii
3485 4783 3682 4831 antrum

2129 4865 2199 4915 ait
2233 4884 2245 4914 ι
2283 4882 2307 4907 α
2337 4863 2502 4914 simile
2530 4861 2648 4924 quid
2680 4861 2905 4911 acciderit
2922 4861 2995 4922 ei,
3017 4860 3100 4922 qui
3118 4859 3179 4909 ad
3204 4857 3560 4910 Atheniensium
3593 4872 3678 4907 ur-

2131 4945 2242 4994 bem
2271 4943 2520 4993 accesserit
2555 4941 2797 4992 Eleusinia
2828 4940 2932 5000 via,
2974 4953 3087 5002 quoe
3119 4943 3265 4988 sacra
3293 4938 3515 4986 vocatur.
3552 4939 3689 4986 Nem·

2130 5023 2196 5072 ibi
2226 5024 2356 5071 stans
2379 5020 2460 5070 ubi
2493 5012 2701 5084 primum
2734 5033 2901 5070 versus
2921 5019 3129 5069 Athenas
3151 5015 3418 5079 respicienti
3441 5016 3489 5064 in
3512 5016 3682 5064 oculos

2128 5099 2337 5149 occurrit
2377 5099 2613 5162 templum
2654 5099 2703 5148 et
2742 5110 2857 5159 arx,
2895 5095 3034 5157 juxta
3058 5094 3206 5156 ipsum
3248 5093 3378 5143 viam
3417 5092 3680 5153 conspiciet

2129 5180 2433 5228 exstructum
2467 5178 2861 5234 monumentum,
2894 5173 3033 5234 cuius
3058 5185 3170 5221 cum
3202 5169 3530 5234 magnitudine
3555 5170 3690 5218 mui—
