<?xml version="1.0" encoding="UTF-8"?>
<!DOCTYPE html PUBLIC "-//W3C//DTD XHTML 1.0 Transitional//EN"
    "http://www.w3.org/TR/xhtml1/DTD/xhtml1-transitional.dtd">
<html xmlns="http://www.w3.org/1999/xhtml" xml:lang="en" lang="en">
 <head>
  <title>
</title>
<meta http-equiv="Content-Type" content="text/html;charset=utf-8" />
  <meta name='ocr-system' content='tesseract 3.04.00' />
  <meta name='ocr-capabilities' content='ocr_page ocr_carea ocr_par ocr_line ocrx_word'/>
</head>
<body>
  <div class='ocr_page' id='page_1' title='image "./fragmentahistor00mgoog/fragmentahistor00mgoog_0215.png"; bbox 0 0 4016 5916; ppageno 0'>
   <div class='ocr_carea' id='block_1_1' title="bbox 710 368 3081 451">
    <p class='ocr_par' dir='ltr' id='par_1_1' title="bbox 710 368 3081 451">
     <span class='ocr_line' id='line_1_1' title="bbox 710 368 3081 451; baseline 0.001 -11"><span class='ocrx_word' id='word_1_1' title='bbox 710 368 1153 451; x_wconf 75' lang='lat' dir='ltr'>SAMlomJM,</span> <span class='ocrx_word' id='word_1_2' title='bbox 1200 378 1540 451; x_wconf 72' lang='lat' dir='ltr'>comum,</span> <span class='ocrx_word' id='word_1_3' title='bbox 1584 380 2077 451; x_wconf 81' lang='lat' dir='ltr'>RHODIORUM,</span> <span class='ocrx_word' id='word_1_4' title='bbox 2121 381 2527 442; x_wconf 71' lang='lat' dir='ltr'><strong>CIANORL&#39;M</strong></span> <span class='ocrx_word' id='word_1_5' title='bbox 2571 382 3081 444; x_wconf 80' lang='lat' dir='ltr'>RESPUBLICAE.</span> 
     </span>
    </p>
   </div>
   <div class='ocr_carea' id='block_1_2' title="bbox 3387 396 3487 448">
    <p class='ocr_par' dir='ltr' id='par_1_2' title="bbox 3387 396 3487 448">
     <span class='ocr_line' id='line_1_2' title="bbox 3387 396 3487 448; baseline 0 -1"><span class='ocrx_word' id='word_1_6' title='bbox 3387 396 3487 448; x_wconf 82' lang='lat'>161</span> 
     </span>
    </p>
   </div>
   <div class='ocr_carea' id='block_1_3' title="bbox 388 507 3501 589">
    <p class='ocr_par' dir='ltr' id='par_1_3' title="bbox 388 507 3501 589">
     <span class='ocr_line' id='line_1_3' title="bbox 388 507 3501 589; baseline 0.001 -18"><span class='ocrx_word' id='word_1_7' title='bbox 388 514 547 571; x_wconf 83' lang='lat' dir='ltr'><strong>Idem</strong></span> <span class='ocrx_word' id='word_1_8' title='bbox 572 532 620 571; x_wconf 87' lang='lat' dir='ltr'>c.</span> <span class='ocrx_word' id='word_1_9' title='bbox 649 511 723 568; x_wconf 80' lang='grc' dir='ltr'>αδ</span> <span class='ocrx_word' id='word_1_10' title='bbox 753 532 766 566; x_wconf 75' lang='lat' dir='ltr'>t</span> <span class='ocrx_word' id='word_1_11' title='bbox 794 514 880 567; x_wconf 89' lang='lat' dir='ltr'>De</span> <span class='ocrx_word' id='word_1_12' title='bbox 900 509 1257 579; x_wconf 86' lang='lat' dir='ltr'>erudelitate,</span> <span class='ocrx_word' id='word_1_13' title='bbox 1283 529 1394 584; x_wconf 86' lang='lat' dir='ltr'>qua</span> <span class='ocrx_word' id='word_1_14' title='bbox 1416 512 1776 568; x_wconf 81' lang='lat' dir='ltr'>Athenienses</span> <span class='ocrx_word' id='word_1_15' title='bbox 1804 523 1859 568; x_wconf 88' lang='lat' dir='ltr'>et</span> <span class='ocrx_word' id='word_1_16' title='bbox 1949 514 2057 576; x_wconf 83' lang='grc' dir='ltr'>κοῖς</span> <span class='ocrx_word' id='word_1_17' title='bbox 2083 507 2138 569; x_wconf 75' lang='grc' dir='ltr'><strong>Ἄ</strong></span> <span class='ocrx_word' id='word_1_18' title='bbox 2149 532 2258 588; x_wconf 87' lang='grc' dir='ltr'>ρεος</span> <span class='ocrx_word' id='word_1_19' title='bbox 2280 509 2369 568; x_wconf 82' lang='grc' dir='ltr'>καὶ</span> <span class='ocrx_word' id='word_1_20' title='bbox 2393 510 2603 587; x_wconf 79' lang='grc' dir='ltr'>Αἰγίνης</span> <span class='ocrx_word' id='word_1_21' title='bbox 2623 514 3006 589; x_wconf 81' lang='grc' dir='ltr'>γενεαλογεῖται</span> <span class='ocrx_word' id='word_1_22' title='bbox 3028 516 3061 584; x_wconf 76' lang='grc' dir='ltr'>ἡ</span> <span class='ocrx_word' id='word_1_23' title='bbox 3094 514 3338 587; x_wconf 79' lang='grc' dir='ltr'><strong>Σινώπη,</strong></span> <span class='ocrx_word' id='word_1_24' title='bbox 3357 513 3501 575; x_wconf 79' lang='grc' dir='ltr'>’κατὰ</span> 
     </span>
    </p>
   </div>
   <div class='ocr_carea' id='block_1_4' title="bbox 309 595 1857 667">
    <p class='ocr_par' dir='ltr' id='par_1_4' title="bbox 309 595 1857 667">
     <span class='ocr_line' id='line_1_4' title="bbox 309 595 1857 667; baseline -0.005 -8"><span class='ocrx_word' id='word_1_25' title='bbox 309 604 581 659; x_wconf 80' lang='lat' dir='ltr'>Periclem</span> <span class='ocrx_word' id='word_1_26' title='bbox 621 601 680 654; x_wconf 90' lang='lat' dir='ltr'>in</span> <span class='ocrx_word' id='word_1_27' title='bbox 715 600 893 653; x_wconf 77' lang='lat' dir='ltr'>victos</span> <span class='ocrx_word' id='word_1_28' title='bbox 932 595 1149 653; x_wconf 85' lang='lat' dir='ltr'>Samios</span> <span class='ocrx_word' id='word_1_29' title='bbox 1174 599 1406 653; x_wconf 79' lang='lat' dir='ltr'>saeviisse</span> <span class='ocrx_word' id='word_1_30' title='bbox 1442 600 1609 654; x_wconf 86' lang='lat' dir='ltr'>Duris</span> <span class='ocrx_word' id='word_1_31' title='bbox 1639 610 1857 667; x_wconf 85' lang='lat' dir='ltr'>narrat,</span> 
     </span>
    </p>
   </div>
   <div class='ocr_carea' id='block_1_5' title="bbox 1948 594 3500 679">
    <p class='ocr_par' dir='ltr' id='par_1_5' title="bbox 1948 594 3500 679">
     <span class='ocr_line' id='line_1_5' title="bbox 1948 594 3500 679; baseline 0.005 -26"><span class='ocrx_word' id='word_1_32' title='bbox 1948 596 2004 654; x_wconf 86' lang='grc' dir='ltr'>δέ</span> <span class='ocrx_word' id='word_1_33' title='bbox 2046 619 2187 663; x_wconf 88' lang='grc' dir='ltr'>τινας</span> <span class='ocrx_word' id='word_1_34' title='bbox 2213 594 2388 676; x_wconf 79' lang='grc' dir='ltr'>Ἄρεος</span> <span class='ocrx_word' id='word_1_35' title='bbox 2432 598 2522 654; x_wconf 79' lang='grc' dir='ltr'>καὶ</span> <span class='ocrx_word' id='word_1_36' title='bbox 2574 598 2914 679; x_wconf 77' lang='grc' dir='ltr'>Παρνάσσης,</span> <span class='ocrx_word' id='word_1_37' title='bbox 2960 600 3075 658; x_wconf 83' lang='grc' dir='ltr'>κατ’</span> <span class='ocrx_word' id='word_1_38' title='bbox 3121 601 3368 678; x_wconf 84' lang='grc' dir='ltr'>Εὔμηλον</span> <span class='ocrx_word' id='word_1_39' title='bbox 3409 603 3500 662; x_wconf 79' lang='grc' dir='ltr'>καὶ</span> 
     </span>
    </p>
   </div>
   <div class='ocr_carea' id='block_1_6' title="bbox 309 678 3504 774">
    <p class='ocr_par' dir='ltr' id='par_1_6' title="bbox 309 678 3504 774">
     <span class='ocr_line' id='line_1_6' title="bbox 309 678 3504 774; baseline 0.001 -30"><span class='ocrx_word' id='word_1_40' title='bbox 309 690 447 745; x_wconf 88' lang='lat' dir='ltr'>nihil</span> <span class='ocrx_word' id='word_1_41' title='bbox 497 688 726 744; x_wconf 88' lang='lat' dir='ltr'>tradunt</span> <span class='ocrx_word' id='word_1_42' title='bbox 778 682 894 774; x_wconf 70' lang='grc' dir='ltr'>οὔτε</span> <span class='ocrx_word' id='word_1_43' title='bbox 939 682 1262 753; x_wconf 81' lang='grc' dir='ltr'>Θουκυδίδης</span> <span class='ocrx_word' id='word_1_44' title='bbox 1304 682 1419 741; x_wconf 77' lang='grc' dir='ltr'>οὔτε</span> <span class='ocrx_word' id='word_1_45' title='bbox 1474 680 1700 764; x_wconf 77' lang='grc' dir='ltr'>Ἔφορος</span> <span class='ocrx_word' id='word_1_46' title='bbox 1745 682 1860 742; x_wconf 82' lang='grc' dir='ltr'>οὔτε</span> <span class='ocrx_word' id='word_1_47' title='bbox 1950 683 2342 761; x_wconf 72' lang='grc' dir='ltr'>Ἀριστοτέλην,</span> <span class='ocrx_word' id='word_1_48' title='bbox 2401 684 2665 744; x_wconf 75' lang='grc' dir='ltr'>Ἀσωποῦ·</span> <span class='ocrx_word' id='word_1_49' title='bbox 2722 686 2811 743; x_wconf 84' lang='grc' dir='ltr'>καὶ</span> <span class='ocrx_word' id='word_1_50' title='bbox 2866 678 3010 753; x_wconf 71' lang='grc' dir='ltr'>οὗτος</span> <span class='ocrx_word' id='word_1_51' title='bbox 3072 686 3166 764; x_wconf 82' lang='grc' dir='ltr'>μέν</span> <span class='ocrx_word' id='word_1_52' title='bbox 3223 711 3376 767; x_wconf 75' lang='grc' dir='ltr'>φησιν</span> <span class='ocrx_word' id='word_1_53' title='bbox 3426 689 3504 748; x_wconf 83' lang='grc' dir='ltr'>δτι</span> 
     </span>
    </p>
   </div>
   <div class='ocr_carea' id='block_1_7' title="bbox 311 774 1859 1026">
    <p class='ocr_par' dir='ltr' id='par_1_7' title="bbox 311 774 1859 1026">
     <span class='ocr_line' id='line_1_7' title="bbox 311 774 686 853; baseline -0.005 -19"><span class='ocrx_word' id='word_1_54' title='bbox 311 774 686 853; x_wconf 77' lang='grc' dir='ltr'><strong>Ἀριστοτέλης.</strong></span> 
     </span>
     <span class='ocr_line' id='line_1_8' title="bbox 392 859 1859 933; baseline -0.003 -14"><span class='ocrx_word' id='word_1_55' title='bbox 392 865 645 933; x_wconf 80' lang='lat' dir='ltr'>[Aristot.</span> <span class='ocrx_word' id='word_1_56' title='bbox 689 861 813 918; x_wconf 88' lang='lat' dir='ltr'>Pol.</span> <span class='ocrx_word' id='word_1_57' title='bbox 864 861 976 930; x_wconf 90' lang='lat'>111,</span> <span class='ocrx_word' id='word_1_58' title='bbox 1011 859 1075 929; x_wconf 86' lang='lat'>8,</span> <span class='ocrx_word' id='word_1_59' title='bbox 1105 866 1136 926; x_wconf 70' lang='lat' dir='ltr'>l.</span> <span class='ocrx_word' id='word_1_60' title='bbox 1168 878 1183 917; x_wconf 73' lang='lat' dir='ltr'><em>z</em></span> <span class='ocrx_word' id='word_1_61' title='bbox 1211 862 1573 917; x_wconf 78' lang='lat' dir='ltr'><strong>Athenienses</strong></span> <span class='ocrx_word' id='word_1_62' title='bbox 1616 859 1859 929; x_wconf 64' lang='lat' dir='ltr'>SamiOS,</span> 
     </span>
     <span class='ocr_line' id='line_1_9' title="bbox 313 943 1800 1026; baseline -0.001 -19"><span class='ocrx_word' id='word_1_63' title='bbox 313 953 479 1008; x_wconf 90' lang='lat' dir='ltr'>Chios</span> <span class='ocrx_word' id='word_1_64' title='bbox 497 962 553 1006; x_wconf 91' lang='lat' dir='ltr'>et</span> <span class='ocrx_word' id='word_1_65' title='bbox 572 950 802 1005; x_wconf 82' lang='lat' dir='ltr'>Lesbios</span> <span class='ocrx_word' id='word_1_66' title='bbox 819 943 1175 1004; x_wconf 70' lang='grc' dir='ltr'><strong>ἐταπείνωσαν</strong></span> <span class='ocrx_word' id='word_1_67' title='bbox 1202 944 1348 1026; x_wconf 75' lang='grc' dir='ltr'>παρὰ</span> <span class='ocrx_word' id='word_1_68' title='bbox 1371 944 1463 1012; x_wconf 74' lang='grc' dir='ltr'>τὰς</span> <span class='ocrx_word' id='word_1_69' title='bbox 1491 946 1800 1024; x_wconf 60' lang='grc' dir='ltr'>συνθήκαᾳ]</span> 
     </span>
    </p>
   </div>
   <div class='ocr_carea' id='block_1_8' title="bbox 943 1067 1233 1153">
    <p class='ocr_par' dir='ltr' id='par_1_8' title="bbox 943 1067 1233 1153">
     <span class='ocr_line' id='line_1_10' title="bbox 943 1067 1233 1153; baseline -0.003 -18"><span class='ocrx_word' id='word_1_70' title='bbox 943 1067 1233 1153; x_wconf 50' lang='lat' dir='ltr'>[mma]</span> 
     </span>
    </p>
   </div>
   <div class='ocr_carea' id='block_1_9' title="bbox 312 1192 1861 1559">
    <p class='ocr_par' dir='ltr' id='par_1_9' title="bbox 312 1192 1861 1559">
     <span class='ocr_line' id='line_1_11' title="bbox 1027 1192 1148 1267; baseline 0 -12"><span class='ocrx_word' id='word_1_71' title='bbox 1027 1192 1148 1267; x_wconf 71' lang='lat'>182..</span> 
     </span>
     <span class='ocr_line' id='line_1_12' title="bbox 393 1199 1861 1385; baseline -0.002 -23"><span class='ocrx_word' id='word_1_72' title='bbox 393 1307 658 1384; x_wconf 76' lang='lat' dir='ltr'>[Aristot.</span> <span class='ocrx_word' id='word_1_73' title='bbox 703 1305 830 1362; x_wconf 83' lang='lat' dir='ltr'>Pol.</span> <span class='ocrx_word' id='word_1_74' title='bbox 861 1308 941 1375; x_wconf 89' lang='lat' dir='ltr'>V,</span> <span class='ocrx_word' id='word_1_75' title='bbox 987 1205 1057 1376; x_wconf 59' lang='grc' dir='ltr'>ΖΕ,</span> <span class='ocrx_word' id='word_1_76' title='bbox 1090 1324 1122 1361; x_wconf 82' lang='lat'><em>2</em></span> <span class='ocrx_word' id='word_1_77' title='bbox 1150 1199 1180 1360; x_wconf 62' lang='lat' dir='ltr'>J:</span> <span class='ocrx_word' id='word_1_78' title='bbox 1227 1302 1321 1363; x_wconf 81' lang='grc' dir='ltr'>Ἔν</span> <span class='ocrx_word' id='word_1_79' title='bbox 1351 1307 1443 1385; x_wconf 81' lang='grc' dir='ltr'>Κῷ</span> <span class='ocrx_word' id='word_1_80' title='bbox 1466 1309 1500 1375; x_wconf 80' lang='grc' dir='ltr'>ἡ</span> <span class='ocrx_word' id='word_1_81' title='bbox 1534 1302 1861 1381; x_wconf 76' lang='grc' dir='ltr'>δημοκρατία</span> 
     </span>
     <span class='ocr_line' id='line_1_13' title="bbox 314 1390 1861 1473; baseline -0.002 -21"><span class='ocrx_word' id='word_1_82' title='bbox 314 1393 569 1471; x_wconf 74' lang='grc' dir='ltr'>μετέὸαλε</span> <span class='ocrx_word' id='word_1_83' title='bbox 609 1395 847 1473; x_wconf 82' lang='grc' dir='ltr'>πονηρῶν</span> <span class='ocrx_word' id='word_1_84' title='bbox 875 1392 1221 1468; x_wconf 79' lang='grc' dir='ltr'>ἐγγενομένων</span> <span class='ocrx_word' id='word_1_85' title='bbox 1271 1392 1629 1471; x_wconf 80' lang='grc' dir='ltr'>δημαγωγῶν·</span> <span class='ocrx_word' id='word_1_86' title='bbox 1677 1394 1724 1450; x_wconf 80' lang='grc' dir='ltr'>οἱ</span> <span class='ocrx_word' id='word_1_87' title='bbox 1761 1390 1861 1469; x_wconf 72' lang='grc' dir='ltr'>γὰρ</span> 
     </span>
     <span class='ocr_line' id='line_1_14' title="bbox 312 1479 964 1559; baseline 0 -20"><span class='ocrx_word' id='word_1_88' title='bbox 312 1479 557 1559; x_wconf 72' lang='grc' dir='ltr'>γνώριμοι</span> <span class='ocrx_word' id='word_1_89' title='bbox 584 1479 964 1557; x_wconf 59' lang='lat' dir='ltr'>aovin-qoam]</span> 
     </span>
    </p>
   </div>
   <div class='ocr_carea' id='block_1_10' title="bbox 901 1610 1362 1791">
    <p class='ocr_par' dir='ltr' id='par_1_10' title="bbox 901 1610 1362 1791">
     <span class='ocr_line' id='line_1_15' title="bbox 901 1610 1269 1690; baseline -0.008 -19"><span class='ocrx_word' id='word_1_90' title='bbox 901 1610 1269 1690; x_wconf 62' lang='lat' dir='ltr'>[POAlssN]</span> 
     </span>
     <span class='ocr_line' id='line_1_16' title="bbox 1024 1692 1362 1791; baseline 0 -1"><span class='ocrx_word' id='word_1_91' title='bbox 1024 1735 1153 1791; x_wconf 85' lang='lat'>185.</span> <span class='ocrx_word' id='word_1_92' title='bbox 1335 1692 1362 1718; x_wconf 40' lang='grc' dir='ltr'><strong>ἰ</strong></span> 
     </span>
    </p>
   </div>
   <div class='ocr_carea' id='block_1_11' title="bbox 276 1854 1864 3157">
    <p class='ocr_par' dir='ltr' id='par_1_11' title="bbox 276 1854 1861 2369">
     <span class='ocr_line' id='line_1_17' title="bbox 401 1854 1861 1938; baseline 0 -24"><span class='ocrx_word' id='word_1_93' title='bbox 401 1858 581 1936; x_wconf 90' lang='lat' dir='ltr'>[Idem</span> <span class='ocrx_word' id='word_1_94' title='bbox 610 1860 687 1928; x_wconf 89' lang='lat' dir='ltr'>V,</span> <span class='ocrx_word' id='word_1_95' title='bbox 722 1864 753 1923; x_wconf 68' lang='grc' dir='ltr'>Ι.</span> <span class='ocrx_word' id='word_1_96' title='bbox 775 1899 791 1929; x_wconf 93' lang='grc'>,</span> <span class='ocrx_word' id='word_1_97' title='bbox 824 1877 855 1913; x_wconf 81' lang='grc' dir='ltr'>α</span> <span class='ocrx_word' id='word_1_98' title='bbox 891 1877 904 1913; x_wconf 89' lang='lat'>:</span> <span class='ocrx_word' id='word_1_99' title='bbox 935 1854 1040 1916; x_wconf 79' lang='grc' dir='ltr'>Καὶ</span> <span class='ocrx_word' id='word_1_100' title='bbox 1064 1858 1116 1914; x_wconf 77' lang='grc' dir='ltr'>ἐν</span> <span class='ocrx_word' id='word_1_101' title='bbox 1144 1855 1310 1935; x_wconf 82' lang='grc' dir='ltr'>Ῥόδῳ</span> <span class='ocrx_word' id='word_1_102' title='bbox 1339 1856 1443 1938; x_wconf 87' lang='lat' dir='ltr'>(sc.</span> <span class='ocrx_word' id='word_1_103' title='bbox 1470 1860 1503 1926; x_wconf 79' lang='grc' dir='ltr'>ἡ</span> <span class='ocrx_word' id='word_1_104' title='bbox 1537 1855 1861 1935; x_wconf 81' lang='grc' dir='ltr'>δημοκρατία</span> 
     </span>
     <span class='ocr_line' id='line_1_18' title="bbox 314 1941 1859 2023; baseline 0 -21"><span class='ocrx_word' id='word_1_105' title='bbox 314 1943 571 2018; x_wconf 72' lang='grc' dir='ltr'>μετέὸαλε</span> <span class='ocrx_word' id='word_1_106' title='bbox 599 1946 838 2023; x_wconf 81' lang='grc' dir='ltr'>πονηρῶν</span> <span class='ocrx_word' id='word_1_107' title='bbox 869 1941 1212 2022; x_wconf 77' lang='grc' dir='ltr'>ἐγγενομένων</span> <span class='ocrx_word' id='word_1_108' title='bbox 1247 1945 1639 2022; x_wconf 88' lang='grc' dir='ltr'>δημαγωγῶν)·</span> <span class='ocrx_word' id='word_1_109' title='bbox 1679 1948 1859 2020; x_wconf 85' lang='grc' dir='ltr'>μισθο-</span> 
     </span>
     <span class='ocr_line' id='line_1_19' title="bbox 313 2029 1860 2112; baseline -0.003 -22"><span class='ocrx_word' id='word_1_110' title='bbox 313 2031 476 2112; x_wconf 74' lang='grc' dir='ltr'>φοράν</span> <span class='ocrx_word' id='word_1_111' title='bbox 511 2054 567 2089; x_wconf 83' lang='grc' dir='ltr'>τε</span> <span class='ocrx_word' id='word_1_112' title='bbox 608 2030 710 2109; x_wconf 69' lang='grc' dir='ltr'>γὰρ</span> <span class='ocrx_word' id='word_1_113' title='bbox 758 2033 805 2089; x_wconf 79' lang='grc' dir='ltr'>οἱ</span> <span class='ocrx_word' id='word_1_114' title='bbox 851 2030 1154 2110; x_wconf 82' lang='grc' dir='ltr'>δημαγωγοὶ</span> <span class='ocrx_word' id='word_1_115' title='bbox 1198 2029 1460 2110; x_wconf 65' lang='grc' dir='ltr'>ἐπόριζον,</span> <span class='ocrx_word' id='word_1_116' title='bbox 1509 2030 1596 2089; x_wconf 76' lang='grc' dir='ltr'>καὶ</span> <span class='ocrx_word' id='word_1_117' title='bbox 1638 2031 1860 2088; x_wconf 78' lang='grc' dir='ltr'>ἐκώλυον</span> 
     </span>
     <span class='ocr_line' id='line_1_20' title="bbox 276 2115 1858 2198; baseline 0 -24"><span class='ocrx_word' id='word_1_118' title='bbox 276 2161 291 2174; x_wconf 96' lang='grc'><strong>.</strong></span> <span class='ocrx_word' id='word_1_119' title='bbox 314 2117 616 2176; x_wconf 75' lang='grc' dir='ltr'>ἀποδιδόναι</span> <span class='ocrx_word' id='word_1_120' title='bbox 646 2118 712 2174; x_wconf 78' lang='grc' dir='ltr'>τὰ</span> <span class='ocrx_word' id='word_1_121' title='bbox 748 2116 1056 2198; x_wconf 69' lang='grc' dir='ltr'>ὀφειλόμενα</span> <span class='ocrx_word' id='word_1_122' title='bbox 1086 2118 1190 2183; x_wconf 81' lang='grc' dir='ltr'>τοῖς</span> <span class='ocrx_word' id='word_1_123' title='bbox 1222 2116 1579 2196; x_wconf 74' lang='grc' dir='ltr'>τριηράρχοις·</span> <span class='ocrx_word' id='word_1_124' title='bbox 1610 2118 1658 2174; x_wconf 78' lang='grc' dir='ltr'>οἳ</span> <span class='ocrx_word' id='word_1_125' title='bbox 1689 2115 1741 2174; x_wconf 78' lang='grc' dir='ltr'>δὲ</span> <span class='ocrx_word' id='word_1_126' title='bbox 1772 2117 1858 2174; x_wconf 81' lang='grc' dir='ltr'>διὰ</span> 
     </span>
     <span class='ocr_line' id='line_1_21' title="bbox 312 2201 1860 2284; baseline -0.002 -20"><span class='ocrx_word' id='word_1_127' title='bbox 312 2203 406 2272; x_wconf 67' lang='grc' dir='ltr'>τὰς</span> <span class='ocrx_word' id='word_1_128' title='bbox 441 2201 814 2284; x_wconf 64' lang='grc' dir='ltr'>ἐπιφερομένας</span> <span class='ocrx_word' id='word_1_129' title='bbox 852 2205 997 2271; x_wconf 85' lang='grc' dir='ltr'>δίκας</span> <span class='ocrx_word' id='word_1_130' title='bbox 1023 2203 1444 2281; x_wconf 74' lang='grc' dir='ltr'>ἠναγκάσθησαν·</span> <span class='ocrx_word' id='word_1_131' title='bbox 1459 2203 1733 2269; x_wconf 73' lang='grc' dir='ltr'>συστάντες</span> <span class='ocrx_word' id='word_1_132' title='bbox 1761 2227 1860 2261; x_wconf 81' lang='grc' dir='ltr'>κα·</span> 
     </span>
     <span class='ocr_line' id='line_1_22' title="bbox 313 2292 865 2369; baseline 0.004 -18"><span class='ocrx_word' id='word_1_133' title='bbox 313 2295 539 2351; x_wconf 75' lang='grc' dir='ltr'>ταλῧσαι</span> <span class='ocrx_word' id='word_1_134' title='bbox 565 2292 653 2351; x_wconf 84' lang='grc' dir='ltr'>τὸν</span> <span class='ocrx_word' id='word_1_135' title='bbox 683 2293 865 2369; x_wconf 74' lang='grc' dir='ltr'>δῆμον.</span> 
     </span>
    </p>

    <p class='ocr_par' dir='ltr' id='par_1_12' title="bbox 314 2376 1862 2803">
     <span class='ocr_line' id='line_1_23' title="bbox 392 2376 1860 2461; baseline -0.002 -22"><span class='ocrx_word' id='word_1_136' title='bbox 392 2384 471 2452; x_wconf 86' lang='lat' dir='ltr'>V,</span> <span class='ocrx_word' id='word_1_137' title='bbox 498 2403 563 2451; x_wconf 85' lang='lat'>2,</span> <span class='ocrx_word' id='word_1_138' title='bbox 597 2382 629 2438; x_wconf 87' lang='lat'>5</span> <span class='ocrx_word' id='word_1_139' title='bbox 660 2401 674 2436; x_wconf 72' lang='grc' dir='ltr'>ι</span> <span class='ocrx_word' id='word_1_140' title='bbox 715 2378 819 2441; x_wconf 76' lang='grc' dir='ltr'>Διὰ</span> <span class='ocrx_word' id='word_1_141' title='bbox 841 2380 893 2438; x_wconf 86' lang='grc' dir='ltr'>δὲ</span> <span class='ocrx_word' id='word_1_142' title='bbox 930 2379 1088 2461; x_wconf 75' lang='grc' dir='ltr'>φόὸον</span> <span class='ocrx_word' id='word_1_143' title='bbox 1119 2378 1480 2447; x_wconf 79' lang='grc' dir='ltr'>στασιάζουσιν</span> <span class='ocrx_word' id='word_1_144' title='bbox 1507 2376 1637 2437; x_wconf 80' lang='grc' dir='ltr'>οἵτε</span> <span class='ocrx_word' id='word_1_145' title='bbox 1674 2380 1860 2451; x_wconf 84' lang='grc' dir='ltr'>ἠδικη-</span> 
     </span>
     <span class='ocr_line' id='line_1_24' title="bbox 314 2464 1854 2544; baseline -0.002 -17"><span class='ocrx_word' id='word_1_146' title='bbox 314 2466 459 2535; x_wconf 80' lang='grc' dir='ltr'>κότες</span> <span class='ocrx_word' id='word_1_147' title='bbox 476 2512 494 2544; x_wconf 87' lang='grc'>,</span> <span class='ocrx_word' id='word_1_148' title='bbox 520 2467 738 2534; x_wconf 76' lang='grc' dir='ltr'>δεδιότες</span> <span class='ocrx_word' id='word_1_149' title='bbox 761 2466 834 2544; x_wconf 80' lang='grc' dir='ltr'>μὴ</span> <span class='ocrx_word' id='word_1_150' title='bbox 864 2469 989 2526; x_wconf 87' lang='grc' dir='ltr'>δῶσι</span> <span class='ocrx_word' id='word_1_151' title='bbox 1017 2466 1194 2539; x_wconf 88' lang='grc' dir='ltr'>δίκην,</span> <span class='ocrx_word' id='word_1_152' title='bbox 1221 2467 1312 2525; x_wconf 82' lang='grc' dir='ltr'>καὶ</span> <span class='ocrx_word' id='word_1_153' title='bbox 1334 2468 1395 2525; x_wconf 78' lang='grc' dir='ltr'>ὀῖ</span> <span class='ocrx_word' id='word_1_154' title='bbox 1438 2464 1712 2542; x_wconf 77' lang='grc' dir='ltr'>μέλλοντες</span> <span class='ocrx_word' id='word_1_155' title='bbox 1741 2467 1854 2524; x_wconf 77' lang='grc' dir='ltr'>ἀδι-</span> 
     </span>
     <span class='ocr_line' id='line_1_25' title="bbox 314 2544 1862 2627; baseline -0.001 -22"><span class='ocrx_word' id='word_1_156' title='bbox 314 2547 548 2621; x_wconf 80' lang='grc' dir='ltr'>κεῖσθαι,</span> <span class='ocrx_word' id='word_1_157' title='bbox 583 2547 889 2626; x_wconf 80' lang='grc' dir='ltr'>βουλόμενοι</span> <span class='ocrx_word' id='word_1_158' title='bbox 921 2546 1114 2627; x_wconf 79' lang='grc' dir='ltr'>φθάσαι</span> <span class='ocrx_word' id='word_1_159' title='bbox 1143 2545 1266 2625; x_wconf 76' lang='grc' dir='ltr'>πρὶν</span> <span class='ocrx_word' id='word_1_160' title='bbox 1316 2546 1648 2617; x_wconf 76' lang='grc' dir='ltr'>ἀδικηθῆναι,</span> <span class='ocrx_word' id='word_1_161' title='bbox 1686 2544 1862 2625; x_wconf 80' lang='grc' dir='ltr'>ὥσπερ</span> 
     </span>
     <span class='ocr_line' id='line_1_26' title="bbox 315 2632 1862 2716; baseline -0.002 -24"><span class='ocrx_word' id='word_1_162' title='bbox 315 2637 369 2693; x_wconf 72' lang='grc' dir='ltr'>ἐν</span> <span class='ocrx_word' id='word_1_163' title='bbox 393 2633 565 2716; x_wconf 82' lang='grc' dir='ltr'>Ῥόδῳ</span> <span class='ocrx_word' id='word_1_164' title='bbox 588 2633 908 2705; x_wconf 78' lang='grc' dir='ltr'>συνέστησαν</span> <span class='ocrx_word' id='word_1_165' title='bbox 929 2638 975 2694; x_wconf 81' lang='grc' dir='ltr'>οῖ</span> <span class='ocrx_word' id='word_1_166' title='bbox 997 2632 1248 2713; x_wconf 79' lang='grc' dir='ltr'>γνώριμοι</span> <span class='ocrx_word' id='word_1_167' title='bbox 1265 2633 1349 2693; x_wconf 75' lang='grc' dir='ltr'>ἐπὶ</span> <span class='ocrx_word' id='word_1_168' title='bbox 1371 2632 1458 2691; x_wconf 82' lang='grc' dir='ltr'>τὸν</span> <span class='ocrx_word' id='word_1_169' title='bbox 1477 2633 1639 2709; x_wconf 72' lang='grc' dir='ltr'>δῆμον</span> <span class='ocrx_word' id='word_1_170' title='bbox 1663 2633 1747 2690; x_wconf 76' lang='grc' dir='ltr'>διὰ</span> <span class='ocrx_word' id='word_1_171' title='bbox 1771 2632 1862 2699; x_wconf 77' lang='grc' dir='ltr'>τὰς</span> 
     </span>
     <span class='ocr_line' id='line_1_27' title="bbox 314 2721 883 2803; baseline -0.002 -22"><span class='ocrx_word' id='word_1_172' title='bbox 314 2722 688 2803; x_wconf 67' lang='grc' dir='ltr'>ἐπιφερομένας</span> <span class='ocrx_word' id='word_1_173' title='bbox 716 2721 883 2789; x_wconf 84' lang='grc' dir='ltr'>δίκας.</span> 
     </span>
    </p>

    <p class='ocr_par' dir='ltr' id='par_1_13' title="bbox 314 2808 1864 3157">
     <span class='ocr_line' id='line_1_28' title="bbox 394 2808 1862 2892; baseline -0.002 -23"><span class='ocrx_word' id='word_1_174' title='bbox 394 2816 469 2882; x_wconf 83' lang='lat' dir='ltr'>V,</span> <span class='ocrx_word' id='word_1_175' title='bbox 495 2832 560 2882; x_wconf 74' lang='grc' dir='ltr'>α,</span> <span class='ocrx_word' id='word_1_176' title='bbox 593 2813 628 2869; x_wconf 89' lang='grc'>6</span> <span class='ocrx_word' id='word_1_177' title='bbox 680 2834 694 2868; x_wconf 89' lang='lat'>:</span> <span class='ocrx_word' id='word_1_178' title='bbox 737 2808 840 2870; x_wconf 74' lang='grc' dir='ltr'>Διὰ</span> <span class='ocrx_word' id='word_1_179' title='bbox 880 2810 1259 2892; x_wconf 78' lang='grc' dir='ltr'>καταφρόνησιν</span> <span class='ocrx_word' id='word_1_180' title='bbox 1298 2808 1352 2868; x_wconf 73' lang='grc' dir='ltr'>δὲ</span> <span class='ocrx_word' id='word_1_181' title='bbox 1397 2808 1486 2867; x_wconf 72' lang='grc' dir='ltr'>καὶ</span> <span class='ocrx_word' id='word_1_182' title='bbox 1528 2810 1862 2878; x_wconf 79' lang='grc' dir='ltr'>στασιάζουσι</span> 
     </span>
     <span class='ocr_line' id='line_1_29' title="bbox 314 2889 1864 2980; baseline -0.001 -23"><span class='ocrx_word' id='word_1_183' title='bbox 314 2897 406 2957; x_wconf 77' lang='grc' dir='ltr'>καὶ</span> <span class='ocrx_word' id='word_1_184' title='bbox 428 2900 769 2972; x_wconf 74' lang='grc' dir='ltr'>ἐπιτίθενται,</span> <span class='ocrx_word' id='word_1_185' title='bbox 794 2889 938 2961; x_wconf 76' lang='grc' dir='ltr'>οἷον..</span> <span class='ocrx_word' id='word_1_186' title='bbox 952 2942 965 2955; x_wconf 94' lang='grc'>.</span> <span class='ocrx_word' id='word_1_187' title='bbox 998 2902 1048 2957; x_wconf 68' lang='grc' dir='ltr'>ἐν</span> <span class='ocrx_word' id='word_1_188' title='bbox 1067 2906 1179 2966; x_wconf 84' lang='grc' dir='ltr'>ταῖς</span> <span class='ocrx_word' id='word_1_189' title='bbox 1200 2896 1571 2980; x_wconf 86' lang='grc' dir='ltr'>δημοκρατίαις</span> <span class='ocrx_word' id='word_1_190' title='bbox 1586 2900 1633 2957; x_wconf 76' lang='grc' dir='ltr'>οἱ</span> <span class='ocrx_word' id='word_1_191' title='bbox 1657 2897 1864 2978; x_wconf 77' lang='grc' dir='ltr'>εὔποροι</span> 
     </span>
     <span class='ocr_line' id='line_1_30' title="bbox 317 2978 1861 3067; baseline -0.003 -21"><span class='ocrx_word' id='word_1_192' title='bbox 317 2988 800 3067; x_wconf 79' lang='grc' dir='ltr'>καταφρονήσαντες</span> <span class='ocrx_word' id='word_1_193' title='bbox 827 2991 918 3058; x_wconf 69' lang='grc' dir='ltr'>τῆς</span> <span class='ocrx_word' id='word_1_194' title='bbox 959 2986 1167 3055; x_wconf 79' lang='grc' dir='ltr'>ἀταξίας</span> <span class='ocrx_word' id='word_1_195' title='bbox 1194 2988 1284 3045; x_wconf 79' lang='grc' dir='ltr'>καὶ</span> <span class='ocrx_word' id='word_1_196' title='bbox 1313 2985 1630 3066; x_wconf 79' lang='grc' dir='ltr'>ἀναρχίας...</span> <span class='ocrx_word' id='word_1_197' title='bbox 1664 2978 1769 3045; x_wconf 75' lang='grc' dir='ltr'>οἷον</span> <span class='ocrx_word' id='word_1_198' title='bbox 1810 2989 1861 3044; x_wconf 77' lang='grc' dir='ltr'>ἐν</span> 
     </span>
     <span class='ocr_line' id='line_1_31' title="bbox 314 3073 1782 3157; baseline -0.001 -22"><span class='ocrx_word' id='word_1_199' title='bbox 314 3073 486 3156; x_wconf 77' lang='grc' dir='ltr'>Ῥόδῳ</span> <span class='ocrx_word' id='word_1_200' title='bbox 516 3080 543 3134; x_wconf 85' lang='grc' dir='ltr'><strong>ὁ</strong></span> <span class='ocrx_word' id='word_1_201' title='bbox 572 3077 735 3152; x_wconf 73' lang='grc' dir='ltr'>δῆμος</span> <span class='ocrx_word' id='word_1_202' title='bbox 762 3074 1064 3157; x_wconf 66' lang='grc' dir='ltr'>(διεφθάρη)</span> <span class='ocrx_word' id='word_1_203' title='bbox 1083 3074 1184 3155; x_wconf 79' lang='grc' dir='ltr'>πρὸ</span> <span class='ocrx_word' id='word_1_204' title='bbox 1205 3078 1296 3145; x_wconf 79' lang='grc' dir='ltr'>τῆς</span> <span class='ocrx_word' id='word_1_205' title='bbox 1320 3073 1782 3154; x_wconf 76' lang='grc' dir='ltr'>ἐπαναστάσεως.]</span> 
     </span>
    </p>
   </div>
   <div class='ocr_carea' id='block_1_12' title="bbox 846 3203 1391 3281">
    <p class='ocr_par' dir='ltr' id='par_1_14' title="bbox 846 3203 1391 3281">
     <span class='ocr_line' id='line_1_32' title="bbox 846 3203 1391 3281; baseline -0.004 -18"><span class='ocrx_word' id='word_1_206' title='bbox 846 3203 1333 3281; x_wconf 63' lang='lat' dir='ltr'>(xixanem.)</span> <span class='ocrx_word' id='word_1_207' title='bbox 1380 3239 1391 3250; x_wconf 90' lang='lat'>.</span> 
     </span>
    </p>
   </div>
   <div class='ocr_carea' id='block_1_13' title="bbox 396 3336 1864 3526">
    <p class='ocr_par' dir='ltr' id='par_1_15' title="bbox 396 3336 1864 3526">
     <span class='ocr_line' id='line_1_33' title="bbox 1028 3336 1156 3396; baseline 0.031 -5"><span class='ocrx_word' id='word_1_208' title='bbox 1028 3336 1156 3396; x_wconf 83' lang='lat'>186.</span> 
     </span>
     <span class='ocr_line' id='line_1_34' title="bbox 396 3447 1864 3526; baseline -0.003 -17"><span class='ocrx_word' id='word_1_209' title='bbox 396 3453 582 3509; x_wconf 87' lang='lat' dir='ltr'>Schol.</span> <span class='ocrx_word' id='word_1_210' title='bbox 609 3453 798 3525; x_wconf 79' lang='lat' dir='ltr'>Apoll.</span> <span class='ocrx_word' id='word_1_211' title='bbox 830 3451 1021 3507; x_wconf 85' lang='lat' dir='ltr'>Rhod.</span> <span class='ocrx_word' id='word_1_212' title='bbox 1050 3453 1135 3520; x_wconf 91' lang='lat'>11,</span> <span class='ocrx_word' id='word_1_213' title='bbox 1164 3450 1278 3524; x_wconf 76' lang='lat'>9-&#39;13</span> <span class='ocrx_word' id='word_1_214' title='bbox 1307 3470 1321 3504; x_wconf 75' lang='grc' dir='ltr'>ε</span> <span class='ocrx_word' id='word_1_215' title='bbox 1346 3448 1440 3507; x_wconf 84' lang='grc' dir='ltr'>Ἐν</span> <span class='ocrx_word' id='word_1_216' title='bbox 1466 3447 1520 3506; x_wconf 78' lang='grc' dir='ltr'>δὲ</span> <span class='ocrx_word' id='word_1_217' title='bbox 1549 3452 1653 3514; x_wconf 85' lang='grc' dir='ltr'>τοῖς</span> <span class='ocrx_word' id='word_1_218' title='bbox 1674 3448 1864 3526; x_wconf 65' lang='grc' dir='ltr'>Ὀρφι-</span> 
     </span>
    </p>
   </div>
   <div class='ocr_carea' id='block_1_14' title="bbox 318 3613 1867 3914">
    <p class='ocr_par' dir='ltr' id='par_1_16' title="bbox 318 3613 1867 3758">
     <span class='ocr_line' id='line_1_35' title="bbox 318 3613 1867 3679; baseline -0.002 -14"><span class='ocrx_word' id='word_1_219' title='bbox 318 3619 430 3667; x_wconf 79' lang='lat' dir='ltr'>ante</span> <span class='ocrx_word' id='word_1_220' title='bbox 460 3619 737 3679; x_wconf 71' lang='lat' dir='ltr'>caruerant,</span> <span class='ocrx_word' id='word_1_221' title='bbox 756 3615 1070 3665; x_wconf 78' lang='lat' dir='ltr'>advexerunt.</span> <span class='ocrx_word' id='word_1_222' title='bbox 1094 3618 1258 3677; x_wconf 80' lang='lat' dir='ltr'>Ipsum</span> <span class='ocrx_word' id='word_1_223' title='bbox 1276 3627 1469 3677; x_wconf 89' lang='lat' dir='ltr'>quoque</span> <span class='ocrx_word' id='word_1_224' title='bbox 1498 3613 1728 3663; x_wconf 76' lang='lat' dir='ltr'>Periclem</span> <span class='ocrx_word' id='word_1_225' title='bbox 1753 3617 1867 3662; x_wconf 87' lang='lat' dir='ltr'>ante</span> 
     </span>
     <span class='ocr_line' id='line_1_36' title="bbox 318 3690 1832 3758; baseline -0.003 -15"><span class='ocrx_word' id='word_1_226' title='bbox 318 3694 487 3758; x_wconf 82' lang='lat' dir='ltr'>proelio</span> <span class='ocrx_word' id='word_1_227' title='bbox 508 3694 665 3743; x_wconf 79' lang='lat' dir='ltr'>navali</span> <span class='ocrx_word' id='word_1_228' title='bbox 685 3692 866 3743; x_wconf 83' lang='lat' dir='ltr'>victum</span> <span class='ocrx_word' id='word_1_229' title='bbox 890 3705 921 3742; x_wconf 87' lang='lat' dir='ltr'>a</span> <span class='ocrx_word' id='word_1_230' title='bbox 944 3692 1131 3742; x_wconf 77' lang='lat' dir='ltr'>Melissa</span> <span class='ocrx_word' id='word_1_231' title='bbox 1155 3691 1322 3752; x_wconf 77' lang='lat' dir='ltr'>tuisse,</span> <span class='ocrx_word' id='word_1_232' title='bbox 1352 3690 1623 3741; x_wconf 77' lang='lat' dir='ltr'>Aristoteles</span> <span class='ocrx_word' id='word_1_233' title='bbox 1650 3690 1832 3740; x_wconf 85' lang='lat' dir='ltr'>scribit.</span> 
     </span>
    </p>

    <p class='ocr_par' dir='ltr' id='par_1_17' title="bbox 321 3767 1865 3914">
     <span class='ocr_line' id='line_1_37' title="bbox 380 3767 1865 3837; baseline -0.003 -15"><span class='ocrx_word' id='word_1_234' title='bbox 380 3771 708 3837; x_wconf 67' lang='lat' dir='ltr'>[Athenienses</span> <span class='ocrx_word' id='word_1_235' title='bbox 737 3770 947 3831; x_wconf 87' lang='lat' dir='ltr'>Samios,</span> <span class='ocrx_word' id='word_1_236' title='bbox 977 3768 1124 3819; x_wconf 87' lang='lat' dir='ltr'>Chios</span> <span class='ocrx_word' id='word_1_237' title='bbox 1141 3770 1190 3817; x_wconf 90' lang='lat' dir='ltr'>et</span> <span class='ocrx_word' id='word_1_238' title='bbox 1221 3767 1413 3817; x_wconf 80' lang='lat' dir='ltr'>Lesbios</span> <span class='ocrx_word' id='word_1_239' title='bbox 1434 3770 1599 3817; x_wconf 86' lang='lat' dir='ltr'>contra</span> <span class='ocrx_word' id='word_1_240' title='bbox 1617 3771 1753 3830; x_wconf 88' lang='lat' dir='ltr'>pacta</span> <span class='ocrx_word' id='word_1_241' title='bbox 1789 3767 1865 3818; x_wconf 90' lang='lat' dir='ltr'>de·</span> 
     </span>
     <span class='ocr_line' id='line_1_38' title="bbox 321 3846 633 3914; baseline -0.01 -14"><span class='ocrx_word' id='word_1_242' title='bbox 321 3846 633 3914; x_wconf 74' lang='lat' dir='ltr'>presserunt]</span> 
     </span>
    </p>
   </div>
   <div class='ocr_carea' id='block_1_15' title="bbox 889 3930 1298 4004">
    <p class='ocr_par' dir='ltr' id='par_1_18' title="bbox 889 3930 1298 4004">
     <span class='ocr_line' id='line_1_39' title="bbox 889 3930 1298 4004; baseline -0.012 -12"><span class='ocrx_word' id='word_1_243' title='bbox 889 3930 1257 4004; x_wconf 86' lang='lat' dir='ltr'>[COORUM.</span> <span class='ocrx_word' id='word_1_244' title='bbox 1279 3936 1298 4000; x_wconf 95' lang='grc'>]</span> 
     </span>
    </p>
   </div>
   <div class='ocr_carea' id='block_1_16' title="bbox 1011 4060 1179 4129">
    <p class='ocr_par' dir='ltr' id='par_1_19' title="bbox 1011 4060 1179 4129">
     <span class='ocr_line' id='line_1_40' title="bbox 1011 4060 1179 4129; baseline -0.012 -14"><span class='ocrx_word' id='word_1_245' title='bbox 1011 4062 1133 4129; x_wconf 75' lang='lat'>[184</span> <span class='ocrx_word' id='word_1_246' title='bbox 1160 4060 1179 4126; x_wconf 91' lang='grc'>]</span> 
     </span>
    </p>
   </div>
   <div class='ocr_carea' id='block_1_17' title="bbox 321 4168 1869 4315">
    <p class='ocr_par' dir='ltr' id='par_1_20' title="bbox 321 4168 1869 4315">
     <span class='ocr_line' id='line_1_41' title="bbox 382 4168 1869 4240; baseline -0.005 -15"><span class='ocrx_word' id='word_1_247' title='bbox 382 4174 458 4240; x_wconf 91' lang='lat' dir='ltr'>[ln</span> <span class='ocrx_word' id='word_1_248' title='bbox 480 4175 633 4224; x_wconf 83' lang='lat' dir='ltr'>insula</span> <span class='ocrx_word' id='word_1_249' title='bbox 652 4175 722 4224; x_wconf 87' lang='lat' dir='ltr'>co</span> <span class='ocrx_word' id='word_1_250' title='bbox 740 4172 1032 4224; x_wconf 78' lang='lat' dir='ltr'>democratia</span> <span class='ocrx_word' id='word_1_251' title='bbox 1046 4171 1229 4220; x_wconf 87' lang='lat' dir='ltr'>mutata</span> <span class='ocrx_word' id='word_1_252' title='bbox 1246 4171 1316 4219; x_wconf 72' lang='lat' dir='ltr'>est</span> <span class='ocrx_word' id='word_1_253' title='bbox 1329 4206 1345 4230; x_wconf 89' lang='lat'>‚</span> <span class='ocrx_word' id='word_1_254' title='bbox 1367 4168 1543 4219; x_wconf 82' lang='lat' dir='ltr'>exortis</span> <span class='ocrx_word' id='word_1_255' title='bbox 1560 4168 1608 4218; x_wconf 85' lang='lat' dir='ltr'>in</span> <span class='ocrx_word' id='word_1_256' title='bbox 1628 4182 1682 4218; x_wconf 84' lang='lat' dir='ltr'>ea</span> <span class='ocrx_word' id='word_1_257' title='bbox 1699 4168 1869 4231; x_wconf 84' lang='lat' dir='ltr'>impro-</span> 
     </span>
     <span class='ocr_line' id='line_1_42' title="bbox 321 4245 1405 4315; baseline -0.006 -12"><span class='ocrx_word' id='word_1_258' title='bbox 321 4252 394 4303; x_wconf 81' lang='lat' dir='ltr'>bis</span> <span class='ocrx_word' id='word_1_259' title='bbox 413 4251 713 4315; x_wconf 78' lang='lat' dir='ltr'>demagogis:</span> <span class='ocrx_word' id='word_1_260' title='bbox 741 4251 926 4300; x_wconf 74' lang='lat' dir='ltr'>nobiles</span> <span class='ocrx_word' id='word_1_261' title='bbox 945 4249 1072 4299; x_wconf 88' lang='lat' dir='ltr'>enim</span> <span class='ocrx_word' id='word_1_262' title='bbox 1105 4245 1405 4311; x_wconf 60' lang='lat' dir='ltr'>coiverunt]</span> 
     </span>
    </p>
   </div>
   <div class='ocr_carea' id='block_1_18' title="bbox 815 4354 1375 4554">
    <p class='ocr_par' dir='ltr' id='par_1_21' title="bbox 815 4354 1375 4554">
     <span class='ocr_line' id='line_1_43' title="bbox 815 4354 1375 4426; baseline -0.005 -12"><span class='ocrx_word' id='word_1_263' title='bbox 815 4361 835 4426; x_wconf 77' lang='grc' dir='ltr'>ι’</span> <span class='ocrx_word' id='word_1_264' title='bbox 854 4354 1337 4415; x_wconf 78' lang='lat' dir='ltr'>RHODIORUM.</span> <span class='ocrx_word' id='word_1_265' title='bbox 1355 4359 1375 4425; x_wconf 91' lang='lat'><strong>]</strong></span> 
     </span>
     <span class='ocr_line' id='line_1_44' title="bbox 998 4478 1184 4554; baseline -0.011 -22"><span class='ocrx_word' id='word_1_266' title='bbox 998 4478 1184 4554; x_wconf 58' lang='lat'>1185]</span> 
     </span>
    </p>
   </div>
   <div class='ocr_carea' id='block_1_19' title="bbox 322 4594 1875 5205">
    <p class='ocr_par' dir='ltr' id='par_1_22' title="bbox 323 4594 1875 4970">
     <span class='ocr_line' id='line_1_45' title="bbox 383 4594 1869 4665; baseline -0.004 -16"><span class='ocrx_word' id='word_1_267' title='bbox 383 4598 523 4665; x_wconf 86' lang='lat' dir='ltr'>[ltem</span> <span class='ocrx_word' id='word_1_268' title='bbox 554 4596 708 4648; x_wconf 79' lang='lat' dir='ltr'>Rhodi</span> <span class='ocrx_word' id='word_1_269' title='bbox 728 4595 1051 4659; x_wconf 76' lang='lat' dir='ltr'>(democratia</span> <span class='ocrx_word' id='word_1_270' title='bbox 1077 4598 1264 4645; x_wconf 84' lang='lat' dir='ltr'>mutata</span> <span class='ocrx_word' id='word_1_271' title='bbox 1291 4597 1390 4658; x_wconf 86' lang='lat' dir='ltr'>est,</span> <span class='ocrx_word' id='word_1_272' title='bbox 1419 4594 1600 4646; x_wconf 79' lang='lat' dir='ltr'>exortis</span> <span class='ocrx_word' id='word_1_273' title='bbox 1631 4594 1680 4643; x_wconf 93' lang='lat' dir='ltr'>in</span> <span class='ocrx_word' id='word_1_274' title='bbox 1698 4608 1752 4644; x_wconf 89' lang='lat' dir='ltr'>ea</span> <span class='ocrx_word' id='word_1_275' title='bbox 1776 4595 1869 4643; x_wconf 89' lang='lat' dir='ltr'>im·</span> 
     </span>
     <span class='ocr_line' id='line_1_46' title="bbox 323 4673 1869 4740; baseline -0.002 -13"><span class='ocrx_word' id='word_1_276' title='bbox 323 4675 483 4740; x_wconf 74' lang='lat' dir='ltr'>probis</span> <span class='ocrx_word' id='word_1_277' title='bbox 510 4674 839 4739; x_wconf 55' lang='lat' dir='ltr'>danagogiffl</span> <span class='ocrx_word' id='word_1_278' title='bbox 865 4674 1045 4724; x_wconf 85' lang='lat' dir='ltr'>reditus</span> <span class='ocrx_word' id='word_1_279' title='bbox 1075 4675 1203 4724; x_wconf 87' lang='lat' dir='ltr'>enim</span> <span class='ocrx_word' id='word_1_280' title='bbox 1235 4674 1298 4724; x_wconf 84' lang='lat' dir='ltr'>ad</span> <span class='ocrx_word' id='word_1_281' title='bbox 1315 4673 1584 4725; x_wconf 82' lang='lat' dir='ltr'>mercedem</span> <span class='ocrx_word' id='word_1_282' title='bbox 1608 4675 1869 4724; x_wconf 77' lang='lat' dir='ltr'>transfere·</span> 
     </span>
     <span class='ocr_line' id='line_1_47' title="bbox 325 4751 1866 4816; baseline -0.001 -13"><span class='ocrx_word' id='word_1_283' title='bbox 325 4753 465 4815; x_wconf 79' lang='lat' dir='ltr'>bant,</span> <span class='ocrx_word' id='word_1_284' title='bbox 501 4759 551 4802; x_wconf 88' lang='lat' dir='ltr'>et</span> <span class='ocrx_word' id='word_1_285' title='bbox 581 4751 852 4803; x_wconf 80' lang='lat' dir='ltr'>triremium</span> <span class='ocrx_word' id='word_1_286' title='bbox 888 4751 1125 4814; x_wconf 79' lang='lat' dir='ltr'>praelectis</span> <span class='ocrx_word' id='word_1_287' title='bbox 1151 4752 1285 4814; x_wconf 70' lang='lat' dir='ltr'>⁴iusta</span> <span class='ocrx_word' id='word_1_288' title='bbox 1318 4753 1584 4816; x_wconf 82' lang='lat' dir='ltr'>persolvere</span> <span class='ocrx_word' id='word_1_289' title='bbox 1622 4752 1866 4801; x_wconf 78' lang='lat' dir='ltr'>vetabant.</span> 
     </span>
     <span class='ocr_line' id='line_1_48' title="bbox 323 4827 1875 4891; baseline -0.001 -11"><span class='ocrx_word' id='word_1_290' title='bbox 323 4829 396 4880; x_wconf 90' lang='lat' dir='ltr'>llli</span> <span class='ocrx_word' id='word_1_291' title='bbox 416 4830 577 4880; x_wconf 81' lang='lat' dir='ltr'>autem</span> <span class='ocrx_word' id='word_1_292' title='bbox 593 4827 884 4891; x_wconf 77' lang='lat' dir='ltr'>judiciorum</span> <span class='ocrx_word' id='word_1_293' title='bbox 903 4828 1141 4878; x_wconf 85' lang='lat' dir='ltr'>intentato</span> <span class='ocrx_word' id='word_1_294' title='bbox 1167 4831 1301 4878; x_wconf 88' lang='lat' dir='ltr'>metu</span> <span class='ocrx_word' id='word_1_295' title='bbox 1328 4828 1480 4878; x_wconf 88' lang='lat' dir='ltr'>coacti</span> <span class='ocrx_word' id='word_1_296' title='bbox 1503 4831 1642 4890; x_wconf 82' lang='lat' dir='ltr'>sunt,</span> <span class='ocrx_word' id='word_1_297' title='bbox 1663 4827 1875 4878; x_wconf 74' lang='lat' dir='ltr'>coitione</span> 
     </span>
     <span class='ocr_line' id='line_1_49' title="bbox 325 4904 1187 4970; baseline 0.001 -15"><span class='ocrx_word' id='word_1_298' title='bbox 325 4905 446 4956; x_wconf 75' lang='lat' dir='ltr'>tacta</span> <span class='ocrx_word' id='word_1_299' title='bbox 460 4943 475 4968; x_wconf 91' lang='lat'>,</span> <span class='ocrx_word' id='word_1_300' title='bbox 497 4905 659 4969; x_wconf 87' lang='lat' dir='ltr'>populi</span> <span class='ocrx_word' id='word_1_301' title='bbox 679 4904 942 4970; x_wconf 87' lang='lat' dir='ltr'>potentiam</span> <span class='ocrx_word' id='word_1_302' title='bbox 960 4907 1187 4956; x_wconf 74' lang='lat' dir='ltr'>evertere.</span> 
     </span>
    </p>

    <p class='ocr_par' dir='ltr' id='par_1_23' title="bbox 322 4971 1866 5205">
     <span class='ocr_line' id='line_1_50' title="bbox 382 4971 1864 5046; baseline -0.001 -12"><span class='ocrx_word' id='word_1_303' title='bbox 382 4985 582 5046; x_wconf 80' lang='lat' dir='ltr'>Propter</span> <span class='ocrx_word' id='word_1_304' title='bbox 611 4984 800 5033; x_wconf 89' lang='lat' dir='ltr'>metum</span> <span class='ocrx_word' id='word_1_305' title='bbox 822 4981 1108 5033; x_wconf 77' lang='lat' dir='ltr'>seditionem</span> <span class='ocrx_word' id='word_1_306' title='bbox 1146 4984 1451 5032; x_wconf 69' lang='lat' dir='ltr'>commovent</span> <span class='ocrx_word' id='word_1_307' title='bbox 1470 4985 1517 5032; x_wconf 88' lang='lat' dir='ltr'>et</span> <span class='ocrx_word' id='word_1_308' title='bbox 1536 4982 1620 5045; x_wconf 89' lang='lat' dir='ltr'>qui</span> <span class='ocrx_word' id='word_1_309' title='bbox 1644 4971 1864 5045; x_wconf 82' lang='lat' dir='ltr'>injuriam</span> 
     </span>
     <span class='ocr_line' id='line_1_51' title="bbox 323 5059 1866 5123; baseline -0.002 -11"><span class='ocrx_word' id='word_1_310' title='bbox 323 5062 559 5120; x_wconf 82' lang='lat' dir='ltr'>lecerunt,</span> <span class='ocrx_word' id='word_1_311' title='bbox 582 5073 642 5109; x_wconf 84' lang='lat' dir='ltr'>ne</span> <span class='ocrx_word' id='word_1_312' title='bbox 668 5059 783 5109; x_wconf 85' lang='lat' dir='ltr'>dent</span> <span class='ocrx_word' id='word_1_313' title='bbox 799 5072 992 5123; x_wconf 71' lang='lat' dir='ltr'>pinnas,</span> <span class='ocrx_word' id='word_1_314' title='bbox 1025 5061 1073 5109; x_wconf 84' lang='lat' dir='ltr'>et</span> <span class='ocrx_word' id='word_1_315' title='bbox 1092 5060 1176 5123; x_wconf 87' lang='lat' dir='ltr'>qui</span> <span class='ocrx_word' id='word_1_316' title='bbox 1202 5061 1503 5121; x_wconf 82' lang='lat' dir='ltr'>suspicantur</span> <span class='ocrx_word' id='word_1_317' title='bbox 1540 5060 1755 5109; x_wconf 80' lang='lat' dir='ltr'>futurum</span> <span class='ocrx_word' id='word_1_318' title='bbox 1771 5097 1785 5120; x_wconf 91' lang='lat'>,</span> <span class='ocrx_word' id='word_1_319' title='bbox 1810 5065 1866 5110; x_wconf 88' lang='lat' dir='ltr'>ut</span> 
     </span>
     <span class='ocr_line' id='line_1_52' title="bbox 322 5138 1864 5205; baseline 0.001 -15"><span class='ocrx_word' id='word_1_320' title='bbox 322 5138 493 5203; x_wconf 80' lang='lat' dir='ltr'>injuria</span> <span class='ocrx_word' id='word_1_321' title='bbox 514 5139 803 5202; x_wconf 81' lang='lat' dir='ltr'>afficiantur,</span> <span class='ocrx_word' id='word_1_322' title='bbox 830 5139 1045 5190; x_wconf 74' lang='lat' dir='ltr'>volentes</span> <span class='ocrx_word' id='word_1_323' title='bbox 1080 5141 1376 5190; x_wconf 76' lang='lat' dir='ltr'>antevertere</span> <span class='ocrx_word' id='word_1_324' title='bbox 1394 5141 1666 5205; x_wconf 84' lang='lat' dir='ltr'>priusquam</span> <span class='ocrx_word' id='word_1_325' title='bbox 1692 5141 1864 5203; x_wconf 84' lang='lat' dir='ltr'>injuste</span> 
     </span>
    </p>
   </div>
   <div class='ocr_carea' id='block_1_20' title="bbox 477 5240 1279 5281">
    <p class='ocr_par' dir='ltr' id='par_1_24' title="bbox 477 5240 1279 5281">
     <span class='ocr_line' id='line_1_53' title="bbox 477 5240 1279 5281; baseline 0.007 -8"><span class='ocrx_word' id='word_1_326' title='bbox 477 5240 757 5275; x_wconf 55' lang='lat' dir='ltr'>nanneten</span> <span class='ocrx_word' id='word_1_327' title='bbox 780 5240 898 5276; x_wconf 67' lang='lat' dir='ltr'>Bm.</span> <span class='ocrx_word' id='word_1_328' title='bbox 922 5242 1002 5278; x_wconf 76' lang='lat' dir='ltr'>Gn.</span> <span class='ocrx_word' id='word_1_329' title='bbox 1024 5253 1074 5265; x_wconf 84' lang='lat'>····</span> <span class='ocrx_word' id='word_1_330' title='bbox 1097 5245 1200 5280; x_wconf 69' lang='lat' dir='ltr'>vot..</span> <span class='ocrx_word' id='word_1_331' title='bbox 1234 5246 1279 5281; x_wconf 83' lang='grc' dir='ltr'>ΙΙ.</span> 
     </span>
    </p>
   </div>
   <div class='ocr_carea' id='block_1_21' title="bbox 1947 770 3507 1639">
    <p class='ocr_par' dir='ltr' id='par_1_25' title="bbox 1947 770 3507 1117">
     <span class='ocr_line' id='line_1_54' title="bbox 1947 770 3504 848; baseline 0.003 -17"><span class='ocrx_word' id='word_1_332' title='bbox 1947 770 2106 831; x_wconf 75' lang='grc' dir='ltr'>Ἅλυν</span> <span class='ocrx_word' id='word_1_333' title='bbox 2149 794 2205 830; x_wconf 76' lang='grc' dir='ltr'>τε</span> <span class='ocrx_word' id='word_1_334' title='bbox 2246 772 2334 830; x_wconf 73' lang='grc' dir='ltr'>τὸν</span> <span class='ocrx_word' id='word_1_335' title='bbox 2375 772 2609 848; x_wconf 78' lang='grc' dir='ltr'>ποταμὸν</span> <span class='ocrx_word' id='word_1_336' title='bbox 2642 773 2902 845; x_wconf 77' lang='grc' dir='ltr'>ἐπλάνησε</span> <span class='ocrx_word' id='word_1_337' title='bbox 2941 774 3032 832; x_wconf 75' lang='grc' dir='ltr'>καὶ</span> <span class='ocrx_word' id='word_1_338' title='bbox 3072 774 3371 834; x_wconf 81' lang='grc' dir='ltr'>Ἀπόλλωνα</span> <span class='ocrx_word' id='word_1_339' title='bbox 3414 778 3504 836; x_wconf 81' lang='grc' dir='ltr'>καὶ</span> 
     </span>
     <span class='ocr_line' id='line_1_55' title="bbox 1948 858 3501 944; baseline 0.001 -25"><span class='ocrx_word' id='word_1_340' title='bbox 1948 858 2076 930; x_wconf 88' lang='grc' dir='ltr'>Δία,</span> <span class='ocrx_word' id='word_1_341' title='bbox 2109 858 2433 935; x_wconf 77' lang='grc' dir='ltr'>αἰτησαμένη</span> <span class='ocrx_word' id='word_1_342' title='bbox 2472 863 2599 940; x_wconf 87' lang='grc' dir='ltr'>παρ’</span> <span class='ocrx_word' id='word_1_343' title='bbox 2636 862 2805 918; x_wconf 81' lang='grc' dir='ltr'>αὐτῶν</span> <span class='ocrx_word' id='word_1_344' title='bbox 2849 862 3128 942; x_wconf 85' lang='grc' dir='ltr'>πρότερον,</span> <span class='ocrx_word' id='word_1_345' title='bbox 3170 861 3234 919; x_wconf 78' lang='grc' dir='ltr'>ἵν’</span> <span class='ocrx_word' id='word_1_346' title='bbox 3279 862 3501 944; x_wconf 64' lang='grc' dir='ltr'>ἐπιτύχῃ</span> 
     </span>
     <span class='ocr_line' id='line_1_56' title="bbox 1949 938 3507 1029; baseline 0.004 -24"><span class='ocrx_word' id='word_1_347' title='bbox 1949 938 2007 1005; x_wconf 67' lang='grc' dir='ltr'>οὗ</span> <span class='ocrx_word' id='word_1_348' title='bbox 2032 944 2092 1005; x_wconf 80' lang='grc' dir='ltr'>διν</span> <span class='ocrx_word' id='word_1_349' title='bbox 2113 945 2276 1005; x_wconf 77' lang='grc' dir='ltr'>ἐθέλοι</span> <span class='ocrx_word' id='word_1_350' title='bbox 2291 970 2305 984; x_wconf 88' lang='grc'><em>·</em></span> <span class='ocrx_word' id='word_1_351' title='bbox 2328 946 2508 1006; x_wconf 87' lang='grc' dir='ltr'>ἔπειτα</span> <span class='ocrx_word' id='word_1_352' title='bbox 2528 951 2745 1008; x_wconf 72' lang='grc' dir='ltr'>εἰποῦσα</span> <span class='ocrx_word' id='word_1_353' title='bbox 2769 949 3046 1029; x_wconf 81' lang='grc' dir='ltr'>παρθενίας</span> <span class='ocrx_word' id='word_1_354' title='bbox 3067 949 3364 1028; x_wconf 76' lang='grc' dir='ltr'>ὀρέγεσθαι,</span> <span class='ocrx_word' id='word_1_355' title='bbox 3391 954 3507 1011; x_wconf 82' lang='grc' dir='ltr'>ταύ-</span> 
     </span>
     <span class='ocr_line' id='line_1_57' title="bbox 1948 1032 3202 1117; baseline 0.005 -26"><span class='ocrx_word' id='word_1_356' title='bbox 1948 1056 2039 1105; x_wconf 88' lang='grc' dir='ltr'>της</span> <span class='ocrx_word' id='word_1_357' title='bbox 2067 1032 2312 1112; x_wconf 76' lang='grc' dir='ltr'>ἐπέτυχεν</span> <span class='ocrx_word' id='word_1_358' title='bbox 2343 1038 2413 1101; x_wconf 82' lang='grc' dir='ltr'>ὡς</span> <span class='ocrx_word' id='word_1_359' title='bbox 2437 1034 2500 1094; x_wconf 76' lang='grc' dir='ltr'>ἂν</span> <span class='ocrx_word' id='word_1_360' title='bbox 2535 1035 2674 1117; x_wconf 79' lang='grc' dir='ltr'>ὅρκῳ</span> <span class='ocrx_word' id='word_1_361' title='bbox 2699 1034 2985 1114; x_wconf 79' lang='grc' dir='ltr'>δεδεμένων</span> <span class='ocrx_word' id='word_1_362' title='bbox 3015 1041 3202 1097; x_wconf 83' lang='grc' dir='ltr'>αὐτῶν.</span> 
     </span>
    </p>

    <p class='ocr_par' dir='ltr' id='par_1_26' title="bbox 1948 1124 3504 1639">
     <span class='ocr_line' id='line_1_58' title="bbox 2029 1124 3496 1204; baseline 0.003 -23"><span class='ocrx_word' id='word_1_363' title='bbox 2029 1124 2351 1183; x_wconf 87' lang='lat' dir='ltr'>Secundum</span> <span class='ocrx_word' id='word_1_364' title='bbox 2385 1130 2879 1203; x_wconf 88' lang='lat' dir='ltr'>Philostephanum</span> <span class='ocrx_word' id='word_1_365' title='bbox 2920 1148 3013 1204; x_wconf 86' lang='lat' dir='ltr'>ap.</span> <span class='ocrx_word' id='word_1_366' title='bbox 3051 1131 3223 1187; x_wconf 89' lang='lat' dir='ltr'>schol.</span> <span class='ocrx_word' id='word_1_367' title='bbox 3259 1131 3300 1187; x_wconf 88' lang='lat' dir='ltr'>l.</span> <span class='ocrx_word' id='word_1_368' title='bbox 3338 1132 3379 1191; x_wconf 89' lang='lat' dir='ltr'>l.</span> <span class='ocrx_word' id='word_1_369' title='bbox 3411 1133 3496 1188; x_wconf 90' lang='lat' dir='ltr'>Si·</span> 
     </span>
     <span class='ocr_line' id='line_1_59' title="bbox 1949 1215 3502 1291; baseline 0.004 -24"><span class='ocrx_word' id='word_1_370' title='bbox 1949 1232 2097 1287; x_wconf 88' lang='lat' dir='ltr'>nope</span> <span class='ocrx_word' id='word_1_371' title='bbox 2126 1232 2156 1269; x_wconf 89' lang='lat' dir='ltr'>e</span> <span class='ocrx_word' id='word_1_372' title='bbox 2190 1215 2406 1271; x_wconf 87' lang='lat' dir='ltr'>Boeotia</span> <span class='ocrx_word' id='word_1_373' title='bbox 2434 1227 2594 1289; x_wconf 84' lang='lat' dir='ltr'>rapta</span> <span class='ocrx_word' id='word_1_374' title='bbox 2623 1219 2871 1290; x_wconf 82' lang='lat' dir='ltr'>Apollini</span> <span class='ocrx_word' id='word_1_375' title='bbox 2896 1220 3046 1291; x_wconf 85' lang='lat' dir='ltr'>parit</span> <span class='ocrx_word' id='word_1_376' title='bbox 3067 1219 3275 1291; x_wconf 78' lang='lat' dir='ltr'>Syrum</span> <span class='ocrx_word' id='word_1_377' title='bbox 3304 1216 3502 1273; x_wconf 82' lang='lat' dir='ltr'>filium.</span> 
     </span>
     <span class='ocr_line' id='line_1_60' title="bbox 1949 1300 3500 1379; baseline 0.005 -25"><span class='ocrx_word' id='word_1_378' title='bbox 1949 1300 2238 1355; x_wconf 83' lang='lat' dir='ltr'>Iudicatur</span> <span class='ocrx_word' id='word_1_379' title='bbox 2265 1304 2588 1378; x_wconf 78' lang='lat' dir='ltr'>genealogia</span> <span class='ocrx_word' id='word_1_380' title='bbox 2635 1306 2860 1359; x_wconf 83' lang='lat' dir='ltr'>Boeotos</span> <span class='ocrx_word' id='word_1_381' title='bbox 2901 1308 3152 1379; x_wconf 85' lang='lat' dir='ltr'>Sinopen</span> <span class='ocrx_word' id='word_1_382' title='bbox 3196 1307 3500 1373; x_wconf 82' lang='lat' dir='ltr'>habitasse,</span> 
     </span>
     <span class='ocr_line' id='line_1_61' title="bbox 1950 1390 3504 1466; baseline 0.005 -25"><span class='ocrx_word' id='word_1_383' title='bbox 1950 1399 2244 1461; x_wconf 87' lang='lat' dir='ltr'>antequam</span> <span class='ocrx_word' id='word_1_384' title='bbox 2275 1390 2470 1444; x_wconf 84' lang='lat' dir='ltr'>Milesii</span> <span class='ocrx_word' id='word_1_385' title='bbox 2503 1392 2782 1447; x_wconf 86' lang='lat' dir='ltr'>coloniam</span> <span class='ocrx_word' id='word_1_386' title='bbox 2804 1412 2873 1447; x_wconf 89' lang='lat' dir='ltr'>eo</span> <span class='ocrx_word' id='word_1_387' title='bbox 2903 1395 3206 1448; x_wconf 83' lang='lat' dir='ltr'>mitterent.</span> <span class='ocrx_word' id='word_1_388' title='bbox 3249 1393 3316 1448; x_wconf 88' lang='lat' dir='ltr'>Id</span> <span class='ocrx_word' id='word_1_389' title='bbox 3347 1395 3504 1466; x_wconf 89' lang='lat' dir='ltr'>quod</span> 
     </span>
     <span class='ocr_line' id='line_1_62' title="bbox 1950 1471 3503 1556; baseline 0.005 -28"><span class='ocrx_word' id='word_1_390' title='bbox 1950 1471 2021 1529; x_wconf 86' lang='lat' dir='ltr'>de</span> <span class='ocrx_word' id='word_1_391' title='bbox 2051 1475 2171 1529; x_wconf 89' lang='lat' dir='ltr'>aliis</span> <span class='ocrx_word' id='word_1_392' title='bbox 2212 1477 2470 1549; x_wconf 82' lang='lat' dir='ltr'>pluribus</span> <span class='ocrx_word' id='word_1_393' title='bbox 2496 1478 2660 1549; x_wconf 85' lang='lat' dir='ltr'>hujus</span> <span class='ocrx_word' id='word_1_394' title='bbox 2701 1491 2906 1535; x_wconf 85' lang='lat' dir='ltr'>tractus</span> <span class='ocrx_word' id='word_1_395' title='bbox 2949 1481 3174 1556; x_wconf 83' lang='lat' dir='ltr'>oppidis</span> <span class='ocrx_word' id='word_1_396' title='bbox 3202 1481 3370 1538; x_wconf 71' lang='lat' dir='ltr'>valet.</span> <span class='ocrx_word' id='word_1_397' title='bbox 3417 1481 3503 1536; x_wconf 87' lang='lat' dir='ltr'>Cs.</span> 
     </span>
     <span class='ocr_line' id='line_1_63' title="bbox 1948 1561 3236 1639; baseline 0.009 -25"><span class='ocrx_word' id='word_1_398' title='bbox 1948 1561 2171 1617; x_wconf 84' lang='lat' dir='ltr'>Miiller.</span> <span class='ocrx_word' id='word_1_399' title='bbox 2205 1565 2353 1620; x_wconf 71' lang='lat' dir='ltr'>Min.</span> <span class='ocrx_word' id='word_1_400' title='bbox 2376 1584 2430 1638; x_wconf 90' lang='lat' dir='ltr'>p.</span> <span class='ocrx_word' id='word_1_401' title='bbox 2454 1571 2589 1639; x_wconf 60' lang='lat'><strong>²93⁸·</strong></span> <span class='ocrx_word' id='word_1_402' title='bbox 2624 1567 2862 1622; x_wconf 78' lang='lat' dir='ltr'>Andron</span> <span class='ocrx_word' id='word_1_403' title='bbox 2892 1570 3055 1623; x_wconf 89' lang='lat' dir='ltr'>Teius</span> <span class='ocrx_word' id='word_1_404' title='bbox 3082 1568 3152 1625; x_wconf 87' lang='lat' dir='ltr'>sr.</span> <span class='ocrx_word' id='word_1_405' title='bbox 3182 1586 3236 1625; x_wconf 83' lang='lat'>2.</span> 
     </span>
    </p>
   </div>
   <div class='ocr_carea' id='block_1_22' title="bbox 2575 1734 2884 1965">
    <p class='ocr_par' dir='ltr' id='par_1_27' title="bbox 2575 1734 2884 1965">
     <span class='ocr_line' id='line_1_64' title="bbox 2575 1734 2884 1793; baseline -0.003 -1"><span class='ocrx_word' id='word_1_406' title='bbox 2575 1734 2884 1793; x_wconf 66' lang='lat' dir='ltr'>KlANnN.</span> 
     </span>
     <span class='ocr_line' id='line_1_65' title="bbox 2669 1895 2793 1965; baseline 0.016 -16"><span class='ocrx_word' id='word_1_407' title='bbox 2669 1895 2793 1965; x_wconf 83' lang='lat'>187.</span> 
     </span>
    </p>
   </div>
   <div class='ocr_carea' id='block_1_23' title="bbox 1950 2048 3544 3521">
    <p class='ocr_par' dir='ltr' id='par_1_28' title="bbox 1950 2048 3506 2477">
     <span class='ocr_line' id='line_1_66' title="bbox 2029 2048 3501 2132; baseline 0.005 -25"><span class='ocrx_word' id='word_1_408' title='bbox 2029 2052 2217 2108; x_wconf 86' lang='lat' dir='ltr'>Schol.</span> <span class='ocrx_word' id='word_1_409' title='bbox 2247 2052 2434 2125; x_wconf 81' lang='lat' dir='ltr'>Apoll.</span> <span class='ocrx_word' id='word_1_410' title='bbox 2482 2053 2591 2109; x_wconf 81' lang='lat' dir='ltr'>Rli.</span> <span class='ocrx_word' id='word_1_411' title='bbox 2625 2055 2676 2119; x_wconf 92' lang='grc' dir='ltr'>Ι,</span> <span class='ocrx_word' id='word_1_412' title='bbox 2718 2072 2860 2124; x_wconf 82' lang='lat'>¹177</span> <span class='ocrx_word' id='word_1_413' title='bbox 2899 2048 3093 2112; x_wconf 67' lang='lat' dir='ltr'>x&#39;Ecrv.</span> <span class='ocrx_word' id='word_1_414' title='bbox 3123 2052 3175 2110; x_wconf 81' lang='grc' dir='ltr'>δὲ</span> <span class='ocrx_word' id='word_1_415' title='bbox 3209 2053 3381 2132; x_wconf 62' lang='grc' dir='ltr'>(Κίος)</span> <span class='ocrx_word' id='word_1_416' title='bbox 3410 2056 3501 2115; x_wconf 85' lang='grc' dir='ltr'>πό·</span> 
     </span>
     <span class='ocr_line' id='line_1_67' title="bbox 1950 2134 3502 2217; baseline 0.004 -24"><span class='ocrx_word' id='word_1_417' title='bbox 1950 2138 2030 2202; x_wconf 86' lang='grc' dir='ltr'>λις</span> <span class='ocrx_word' id='word_1_418' title='bbox 2062 2134 2295 2207; x_wconf 81' lang='grc' dir='ltr'>Μυσίας,</span> <span class='ocrx_word' id='word_1_419' title='bbox 2336 2135 2441 2193; x_wconf 75' lang='grc' dir='ltr'>ἀπὸ</span> <span class='ocrx_word' id='word_1_420' title='bbox 2472 2136 2601 2197; x_wconf 89' lang='grc' dir='ltr'>Κίου</span> <span class='ocrx_word' id='word_1_421' title='bbox 2640 2142 2728 2195; x_wconf 74' lang='grc' dir='ltr'>τοῦ</span> <span class='ocrx_word' id='word_1_422' title='bbox 2760 2137 3172 2217; x_wconf 65' lang='grc' dir='ltr'>ἀφηγησαμένου</span> <span class='ocrx_word' id='word_1_423' title='bbox 3200 2144 3289 2210; x_wconf 78' lang='grc' dir='ltr'>τῆς</span> <span class='ocrx_word' id='word_1_424' title='bbox 3330 2143 3502 2214; x_wconf 84' lang='grc' dir='ltr'>Μιλη-</span> 
     </span>
     <span class='ocr_line' id='line_1_68' title="bbox 1952 2222 3506 2303; baseline 0.003 -21"><span class='ocrx_word' id='word_1_425' title='bbox 1952 2224 2076 2282; x_wconf 84' lang='grc' dir='ltr'>σίων</span> <span class='ocrx_word' id='word_1_426' title='bbox 2103 2222 2371 2294; x_wconf 78' lang='grc' dir='ltr'>ἀποικίας,</span> <span class='ocrx_word' id='word_1_427' title='bbox 2400 2226 2469 2289; x_wconf 82' lang='grc' dir='ltr'>ὡς</span> <span class='ocrx_word' id='word_1_428' title='bbox 2498 2226 2695 2302; x_wconf 76' lang='grc' dir='ltr'>ἱστορεῖ</span> <span class='ocrx_word' id='word_1_429' title='bbox 2723 2223 3074 2303; x_wconf 74' lang='grc' dir='ltr'>Ἀριστοτέλης</span> <span class='ocrx_word' id='word_1_430' title='bbox 3108 2228 3159 2283; x_wconf 81' lang='grc' dir='ltr'>ἐν</span> <span class='ocrx_word' id='word_1_431' title='bbox 3190 2229 3395 2285; x_wconf 80' lang='grc' dir='ltr'>Κιανῶν</span> <span class='ocrx_word' id='word_1_432' title='bbox 3415 2251 3506 2286; x_wconf 82' lang='grc' dir='ltr'>πο-</span> 
     </span>
     <span class='ocr_line' id='line_1_69' title="bbox 1950 2307 3501 2392; baseline 0.005 -26"><span class='ocrx_word' id='word_1_433' title='bbox 1950 2310 2136 2391; x_wconf 73' lang='grc' dir='ltr'>λιτεία.</span> <span class='ocrx_word' id='word_1_434' title='bbox 2174 2307 2505 2391; x_wconf 81' lang='grc' dir='ltr'>Κατῴκησαν</span> <span class='ocrx_word' id='word_1_435' title='bbox 2549 2310 2602 2368; x_wconf 82' lang='grc' dir='ltr'>δὲ</span> <span class='ocrx_word' id='word_1_436' title='bbox 2651 2311 2808 2381; x_wconf 72' lang='grc' dir='ltr'>αὐτὴν</span> <span class='ocrx_word' id='word_1_437' title='bbox 2839 2317 3042 2392; x_wconf 80' lang='grc' dir='ltr'>πρῶτον</span> <span class='ocrx_word' id='word_1_438' title='bbox 3086 2314 3293 2386; x_wconf 81' lang='grc' dir='ltr'>Μυσοὶ,</span> <span class='ocrx_word' id='word_1_439' title='bbox 3322 2314 3501 2374; x_wconf 81' lang='grc' dir='ltr'>ἔπειτα</span> 
     </span>
     <span class='ocr_line' id='line_1_70' title="bbox 1954 2397 2641 2477; baseline 0 -21"><span class='ocrx_word' id='word_1_440' title='bbox 1954 2401 2155 2476; x_wconf 77' lang='grc' dir='ltr'>Κᾶρες,</span> <span class='ocrx_word' id='word_1_441' title='bbox 2180 2397 2348 2477; x_wconf 87' lang='grc' dir='ltr'>τρίτον</span> <span class='ocrx_word' id='word_1_442' title='bbox 2375 2398 2641 2469; x_wconf 78' lang='grc' dir='ltr'>Μιλήσιοι.</span> 
     </span>
    </p>

    <p class='ocr_par' dir='ltr' id='par_1_29' title="bbox 1950 2484 3544 3264">
     <span class='ocr_line' id='line_1_71' title="bbox 2035 2484 3500 2569; baseline 0.002 -25"><span class='ocrx_word' id='word_1_443' title='bbox 2035 2484 2157 2552; x_wconf 88' lang='grc' dir='ltr'>Κίος</span> <span class='ocrx_word' id='word_1_444' title='bbox 2180 2488 2328 2562; x_wconf 88' lang='lat' dir='ltr'>(non</span> <span class='ocrx_word' id='word_1_445' title='bbox 2357 2487 2499 2558; x_wconf 81' lang='grc' dir='ltr'>Κῗος,</span> <span class='ocrx_word' id='word_1_446' title='bbox 2548 2509 2602 2544; x_wconf 80' lang='lat' dir='ltr'>v.</span> <span class='ocrx_word' id='word_1_447' title='bbox 2643 2489 3002 2563; x_wconf 29' lang='lat' dir='ltr'>Dindorf.7in</span> <span class='ocrx_word' id='word_1_448' title='bbox 3033 2488 3307 2549; x_wconf 77' lang='lat' dir='ltr'>St.&#39;Thes.</span> <span class='ocrx_word' id='word_1_449' title='bbox 3337 2512 3380 2549; x_wconf 78' lang='lat' dir='ltr'>s,</span> <span class='ocrx_word' id='word_1_450' title='bbox 3415 2494 3500 2569; x_wconf 70' lang='grc' dir='ltr'>ν.)</span> 
     </span>
     <span class='ocr_line' id='line_1_72' title="bbox 1950 2573 3508 2648; baseline 0.002 -18"><span class='ocrx_word' id='word_1_451' title='bbox 1950 2576 2049 2630; x_wconf 84' lang='lat' dir='ltr'>sita</span> <span class='ocrx_word' id='word_1_452' title='bbox 2073 2594 2254 2648; x_wconf 87' lang='lat' dir='ltr'>prope</span> <span class='ocrx_word' id='word_1_453' title='bbox 2287 2573 2411 2632; x_wconf 86' lang='grc' dir='ltr'>Κίον</span> <span class='ocrx_word' id='word_1_454' title='bbox 2440 2575 2674 2632; x_wconf 81' lang='lat' dir='ltr'>fluvium</span> <span class='ocrx_word' id='word_1_455' title='bbox 2714 2577 2785 2632; x_wconf 86' lang='lat' dir='ltr'>ad</span> <span class='ocrx_word' id='word_1_456' title='bbox 2817 2579 3144 2634; x_wconf 86' lang='lat' dir='ltr'>orientalem</span> <span class='ocrx_word' id='word_1_457' title='bbox 3170 2597 3326 2633; x_wconf 88' lang='lat' dir='ltr'>oram</span> <span class='ocrx_word' id='word_1_458' title='bbox 3358 2581 3508 2634; x_wconf 86' lang='lat' dir='ltr'>sinus</span> 
     </span>
     <span class='ocr_line' id='line_1_73' title="bbox 1951 2662 3498 2737; baseline 0.003 -20"><span class='ocrx_word' id='word_1_459' title='bbox 1951 2662 2156 2718; x_wconf 88' lang='lat' dir='ltr'>Cianei.</span> <span class='ocrx_word' id='word_1_460' title='bbox 2188 2667 2252 2720; x_wconf 89' lang='lat' dir='ltr'>V.</span> <span class='ocrx_word' id='word_1_461' title='bbox 2294 2664 2570 2720; x_wconf 87' lang='lat' dir='ltr'>Herodot.</span> <span class='ocrx_word' id='word_1_462' title='bbox 2612 2667 2682 2732; x_wconf 77' lang='lat' dir='ltr'>V,</span> <span class='ocrx_word' id='word_1_463' title='bbox 2722 2683 2861 2731; x_wconf 77' lang='lat'>122,</span> <span class='ocrx_word' id='word_1_464' title='bbox 2890 2665 3159 2737; x_wconf 85' lang='lat' dir='ltr'>Xenoph.</span> <span class='ocrx_word' id='word_1_465' title='bbox 3198 2667 3274 2721; x_wconf 83' lang='grc' dir='ltr'>Η.</span> <span class='ocrx_word' id='word_1_466' title='bbox 3306 2665 3405 2723; x_wconf 89' lang='lat' dir='ltr'>Gr.</span> <span class='ocrx_word' id='word_1_467' title='bbox 3438 2665 3498 2732; x_wconf 91' lang='lat' dir='ltr'>I,</span> 
     </span>
     <span class='ocr_line' id='line_1_74' title="bbox 1954 2748 3506 2826; baseline 0.002 -21"><span class='ocrx_word' id='word_1_468' title='bbox 1954 2756 2018 2819; x_wconf 74' lang='grc'>4,</span> <span class='ocrx_word' id='word_1_469' title='bbox 2053 2771 2083 2821; x_wconf 79' lang='lat'><strong>7</strong></span> <span class='ocrx_word' id='word_1_470' title='bbox 2103 2793 2118 2819; x_wconf 92' lang='lat'>,</span> <span class='ocrx_word' id='word_1_471' title='bbox 2149 2748 2344 2824; x_wconf 81' lang='lat' dir='ltr'>Scylax</span> <span class='ocrx_word' id='word_1_472' title='bbox 2376 2751 2408 2825; x_wconf 82' lang='lat'>§</span> <span class='ocrx_word' id='word_1_473' title='bbox 2437 2771 2540 2825; x_wconf 79' lang='lat'>92,</span> <span class='ocrx_word' id='word_1_474' title='bbox 2571 2752 2771 2806; x_wconf 81' lang='lat' dir='ltr'>Strabo</span> <span class='ocrx_word' id='word_1_475' title='bbox 2817 2753 2960 2822; x_wconf 84' lang='lat' dir='ltr'>XII,</span> <span class='ocrx_word' id='word_1_476' title='bbox 2989 2771 3047 2826; x_wconf 85' lang='lat' dir='ltr'>p.</span> <span class='ocrx_word' id='word_1_477' title='bbox 3083 2751 3193 2807; x_wconf 80' lang='lat'>563</span> <span class='ocrx_word' id='word_1_478' title='bbox 3224 2771 3334 2825; x_wconf 90' lang='lat' dir='ltr'>sq.,</span> <span class='ocrx_word' id='word_1_479' title='bbox 3364 2754 3506 2808; x_wconf 88' lang='lat' dir='ltr'>Mela</span> 
     </span>
     <span class='ocr_line' id='line_1_75' title="bbox 1954 2840 3502 2914; baseline -0.001 -21"><span class='ocrx_word' id='word_1_480' title='bbox 1954 2840 2010 2913; x_wconf 92' lang='lat'>1,</span> <span class='ocrx_word' id='word_1_481' title='bbox 2059 2858 2154 2914; x_wconf 83' lang='lat'>19,</span> <span class='ocrx_word' id='word_1_482' title='bbox 2201 2847 2261 2904; x_wconf 69' lang='grc' dir='ltr'>Δ,</span> <span class='ocrx_word' id='word_1_483' title='bbox 2308 2841 2594 2894; x_wconf 88' lang='lat' dir='ltr'>Memnon.</span> <span class='ocrx_word' id='word_1_484' title='bbox 2641 2858 2691 2893; x_wconf 87' lang='lat' dir='ltr'>c.</span> <span class='ocrx_word' id='word_1_485' title='bbox 2738 2845 2803 2904; x_wconf 67' lang='grc' dir='ltr'>[μ</span> <span class='ocrx_word' id='word_1_486' title='bbox 2849 2851 2970 2893; x_wconf 87' lang='lat' dir='ltr'>not.</span> <span class='ocrx_word' id='word_1_487' title='bbox 3021 2842 3206 2912; x_wconf 80' lang='lat' dir='ltr'>Etym.</span> <span class='ocrx_word' id='word_1_488' title='bbox 3252 2842 3331 2897; x_wconf 79' lang='lat' dir='ltr'>M.</span> <span class='ocrx_word' id='word_1_489' title='bbox 3376 2859 3416 2895; x_wconf 83' lang='lat' dir='ltr'>S.</span> <span class='ocrx_word' id='word_1_490' title='bbox 3449 2860 3502 2892; x_wconf 74' lang='lat' dir='ltr'>v.</span> 
     </span>
     <span class='ocr_line' id='line_1_76' title="bbox 1952 2924 3508 3003; baseline -0.002 -19"><span class='ocrx_word' id='word_1_491' title='bbox 1952 2927 2142 2985; x_wconf 87' lang='lat' dir='ltr'>Schol.</span> <span class='ocrx_word' id='word_1_492' title='bbox 2174 2927 2391 2985; x_wconf 88' lang='lat' dir='ltr'>Platon.</span> <span class='ocrx_word' id='word_1_493' title='bbox 2424 2947 2483 3003; x_wconf 89' lang='lat' dir='ltr'>p.</span> <span class='ocrx_word' id='word_1_494' title='bbox 2527 2926 2638 2993; x_wconf 69' lang='lat'>466</span> <span class='ocrx_word' id='word_1_495' title='bbox 2682 2926 2921 2986; x_wconf 83' lang='lat' dir='ltr'>Bekker.</span> <span class='ocrx_word' id='word_1_496' title='bbox 2951 2927 3211 2984; x_wconf 90' lang='lat' dir='ltr'>Ceterum</span> <span class='ocrx_word' id='word_1_497' title='bbox 3238 2924 3508 2982; x_wconf 88' lang='lat' dir='ltr'>Straboni</span> 
     </span>
     <span class='ocr_line' id='line_1_77' title="bbox 1953 3014 3508 3090; baseline -0.001 -20"><span class='ocrx_word' id='word_1_498' title='bbox 1953 3018 1993 3070; x_wconf 91' lang='lat' dir='ltr'>l.</span> <span class='ocrx_word' id='word_1_499' title='bbox 2025 3015 2065 3069; x_wconf 90' lang='lat' dir='ltr'>l.</span> <span class='ocrx_word' id='word_1_500' title='bbox 2095 3015 2248 3084; x_wconf 89' lang='lat' dir='ltr'>Cius,</span> <span class='ocrx_word' id='word_1_501' title='bbox 2279 3016 2433 3069; x_wconf 89' lang='lat' dir='ltr'>urbis</span> <span class='ocrx_word' id='word_1_502' title='bbox 2461 3014 2744 3083; x_wconf 85' lang='lat' dir='ltr'>conditor,</span> <span class='ocrx_word' id='word_1_503' title='bbox 2772 3019 3099 3090; x_wconf 83' lang='lat' dir='ltr'>Argonauta</span> <span class='ocrx_word' id='word_1_504' title='bbox 3127 3025 3206 3070; x_wconf 86' lang='lat' dir='ltr'>est</span> <span class='ocrx_word' id='word_1_505' title='bbox 3245 3026 3299 3070; x_wconf 91' lang='lat' dir='ltr'>et</span> <span class='ocrx_word' id='word_1_506' title='bbox 3325 3017 3508 3070; x_wconf 85' lang='lat' dir='ltr'>socius</span> 
     </span>
     <span class='ocr_line' id='line_1_78' title="bbox 1956 3103 3544 3176; baseline 0 -18"><span class='ocrx_word' id='word_1_507' title='bbox 1956 3103 2231 3159; x_wconf 84' lang='lat' dir='ltr'>Herculis.</span> <span class='ocrx_word' id='word_1_508' title='bbox 2264 3104 2374 3157; x_wconf 91' lang='lat' dir='ltr'>Pro</span> <span class='ocrx_word' id='word_1_509' title='bbox 2415 3103 2516 3159; x_wconf 88' lang='lat' dir='ltr'>Cio</span> <span class='ocrx_word' id='word_1_510' title='bbox 2562 3104 2901 3175; x_wconf 87' lang='lat' dir='ltr'>Apollonius</span> <span class='ocrx_word' id='word_1_511' title='bbox 2929 3105 2986 3173; x_wconf 90' lang='lat'>1,</span> <span class='ocrx_word' id='word_1_512' title='bbox 3040 3103 3181 3158; x_wconf 78' lang='lat'>1321</span> <span class='ocrx_word' id='word_1_513' title='bbox 3219 3103 3544 3176; x_wconf 78' lang='lat' dir='ltr'>Polyphe-⁰</span> 
     </span>
     <span class='ocr_line' id='line_1_79' title="bbox 1954 3188 3101 3264; baseline -0.001 -18"><span class='ocrx_word' id='word_1_514' title='bbox 1954 3209 2107 3246; x_wconf 89' lang='lat' dir='ltr'>mum</span> <span class='ocrx_word' id='word_1_515' title='bbox 2132 3192 2313 3264; x_wconf 88' lang='lat' dir='ltr'>ponit.</span> <span class='ocrx_word' id='word_1_516' title='bbox 2341 3188 2422 3245; x_wconf 87' lang='lat' dir='ltr'>cf.</span> <span class='ocrx_word' id='word_1_517' title='bbox 2452 3190 2673 3244; x_wconf 79' lang='lat' dir='ltr'>Miiller.</span> <span class='ocrx_word' id='word_1_518' title='bbox 2702 3192 2849 3246; x_wconf 77' lang='lat' dir='ltr'>Min.</span> <span class='ocrx_word' id='word_1_519' title='bbox 2871 3210 2933 3264; x_wconf 90' lang='lat' dir='ltr'>p.</span> <span class='ocrx_word' id='word_1_520' title='bbox 2967 3191 3101 3264; x_wconf 80' lang='lat'>293.</span> 
     </span>
    </p>

    <p class='ocr_par' dir='ltr' id='par_1_30' title="bbox 1953 3275 3509 3521">
     <span class='ocr_line' id='line_1_80' title="bbox 2033 3275 3509 3351; baseline -0.001 -19"><span class='ocrx_word' id='word_1_521' title='bbox 2033 3277 2202 3351; x_wconf 89' lang='lat' dir='ltr'>Apud</span> <span class='ocrx_word' id='word_1_522' title='bbox 2228 3277 2491 3331; x_wconf 88' lang='lat' dir='ltr'>Photium</span> <span class='ocrx_word' id='word_1_523' title='bbox 2531 3275 2660 3330; x_wconf 89' lang='lat' dir='ltr'>cod.</span> <span class='ocrx_word' id='word_1_524' title='bbox 2713 3276 2813 3331; x_wconf 83' lang='lat'>161</span> <span class='ocrx_word' id='word_1_525' title='bbox 2865 3277 3105 3350; x_wconf 85' lang='lat' dir='ltr'>Sopater</span> <span class='ocrx_word' id='word_1_526' title='bbox 3145 3279 3284 3332; x_wconf 85' lang='lat' dir='ltr'>inter</span> <span class='ocrx_word' id='word_1_527' title='bbox 3330 3276 3509 3331; x_wconf 71' lang='lat' dir='ltr'>fontes</span> 
     </span>
     <span class='ocr_line' id='line_1_81' title="bbox 1953 3360 3501 3419; baseline -0.002 -1"><span class='ocrx_word' id='word_1_528' title='bbox 1953 3365 2084 3419; x_wconf 89' lang='lat' dir='ltr'>libri</span> <span class='ocrx_word' id='word_1_529' title='bbox 2122 3362 2235 3418; x_wconf 73' lang='lat' dir='ltr'>XII</span> <span class='ocrx_word' id='word_1_530' title='bbox 2292 3360 2550 3417; x_wconf 85' lang='lat' dir='ltr'>habuisse</span> <span class='ocrx_word' id='word_1_531' title='bbox 2605 3361 2811 3416; x_wconf 88' lang='lat' dir='ltr'>dicitur</span> <span class='ocrx_word' id='word_1_532' title='bbox 2863 3364 3176 3418; x_wconf 88' lang='lat' dir='ltr'>Aristotelis</span> <span class='ocrx_word' id='word_1_533' title='bbox 3237 3361 3501 3418; x_wconf 76' lang='grc' dir='ltr'>πολιτείαν</span> 
     </span>
     <span class='ocr_line' id='line_1_82' title="bbox 1961 3446 3264 3521; baseline -0.002 -15"><span class='ocrx_word' id='word_1_534' title='bbox 1961 3446 2100 3506; x_wconf 89' lang='grc' dir='ltr'>Κίων</span> <span class='ocrx_word' id='word_1_535' title='bbox 2132 3465 2148 3501; x_wconf 74' lang='grc' dir='ltr'>ι</span> <span class='ocrx_word' id='word_1_536' title='bbox 2178 3447 2336 3521; x_wconf 89' lang='lat' dir='ltr'>quod</span> <span class='ocrx_word' id='word_1_537' title='bbox 2359 3459 2455 3502; x_wconf 86' lang='lat' dir='ltr'>aut</span> <span class='ocrx_word' id='word_1_538' title='bbox 2481 3448 2690 3504; x_wconf 88' lang='grc' dir='ltr'>Κιανῶν</span> <span class='ocrx_word' id='word_1_539' title='bbox 2716 3448 2912 3517; x_wconf 90' lang='lat' dir='ltr'>fuerit,</span> <span class='ocrx_word' id='word_1_540' title='bbox 2948 3460 3044 3504; x_wconf 81' lang='lat' dir='ltr'>aut</span> <span class='ocrx_word' id='word_1_541' title='bbox 3073 3447 3264 3505; x_wconf 87' lang='grc' dir='ltr'>Κείων.</span> 
     </span>
    </p>
   </div>
   <div class='ocr_carea' id='block_1_24' title="bbox 1954 3609 3510 4138">
    <p class='ocr_par' dir='ltr' id='par_1_31' title="bbox 1956 3609 3508 3751">
     <span class='ocr_line' id='line_1_83' title="bbox 1956 3609 3508 3673; baseline -0.002 -12"><span class='ocrx_word' id='word_1_542' title='bbox 1956 3611 2212 3672; x_wconf 79' lang='lat' dir='ltr'>laedantur,</span> <span class='ocrx_word' id='word_1_543' title='bbox 2236 3609 2640 3673; x_wconf 87' lang='lat' dir='ltr'>quemadmodum</span> <span class='ocrx_word' id='word_1_544' title='bbox 2658 3610 2812 3659; x_wconf 81' lang='lat' dir='ltr'>Rhodi</span> <span class='ocrx_word' id='word_1_545' title='bbox 2839 3610 3022 3660; x_wconf 62' lang='lat' dir='ltr'>nobiles</span> <span class='ocrx_word' id='word_1_546' title='bbox 3051 3610 3099 3659; x_wconf 92' lang='lat' dir='ltr'>in</span> <span class='ocrx_word' id='word_1_547' title='bbox 3119 3611 3349 3673; x_wconf 89' lang='lat' dir='ltr'>populum</span> <span class='ocrx_word' id='word_1_548' title='bbox 3380 3613 3508 3659; x_wconf 85' lang='lat' dir='ltr'>coie-</span> 
     </span>
     <span class='ocr_line' id='line_1_84' title="bbox 1956 3688 2775 3751; baseline -0.005 -13"><span class='ocrx_word' id='word_1_549' title='bbox 1956 3689 2069 3738; x_wconf 87' lang='lat' dir='ltr'>runt</span> <span class='ocrx_word' id='word_1_550' title='bbox 2091 3691 2285 3751; x_wconf 86' lang='lat' dir='ltr'>propter</span> <span class='ocrx_word' id='word_1_551' title='bbox 2303 3695 2552 3750; x_wconf 83' lang='lat' dir='ltr'>poenarum</span> <span class='ocrx_word' id='word_1_552' title='bbox 2570 3688 2775 3735; x_wconf 87' lang='lat' dir='ltr'>metum.</span> 
     </span>
    </p>

    <p class='ocr_par' dir='ltr' id='par_1_32' title="bbox 1954 3763 3510 4138">
     <span class='ocr_line' id='line_1_85' title="bbox 2021 3763 3510 3830; baseline -0.001 -14"><span class='ocrx_word' id='word_1_553' title='bbox 2021 3768 2219 3830; x_wconf 82' lang='lat' dir='ltr'>Propter</span> <span class='ocrx_word' id='word_1_554' title='bbox 2240 3766 2568 3827; x_wconf 87' lang='lat' dir='ltr'>contemptum</span> <span class='ocrx_word' id='word_1_555' title='bbox 2585 3763 2865 3814; x_wconf 86' lang='lat' dir='ltr'>seditionem</span> <span class='ocrx_word' id='word_1_556' title='bbox 2882 3764 3096 3815; x_wconf 80' lang='lat' dir='ltr'>excitant</span> <span class='ocrx_word' id='word_1_557' title='bbox 3118 3767 3167 3816; x_wconf 87' lang='lat' dir='ltr'>et</span> <span class='ocrx_word' id='word_1_558' title='bbox 3184 3765 3364 3829; x_wconf 88' lang='lat' dir='ltr'>impetu</span> <span class='ocrx_word' id='word_1_559' title='bbox 3383 3768 3510 3816; x_wconf 79' lang='lat' dir='ltr'>facto</span> 
     </span>
     <span class='ocr_line' id='line_1_86' title="bbox 1954 3840 3510 3905; baseline -0.001 -12"><span class='ocrx_word' id='word_1_560' title='bbox 1954 3845 2002 3893; x_wconf 93' lang='lat' dir='ltr'>in</span> <span class='ocrx_word' id='word_1_561' title='bbox 2022 3844 2141 3893; x_wconf 85' lang='lat' dir='ltr'>alios</span> <span class='ocrx_word' id='word_1_562' title='bbox 2159 3843 2414 3904; x_wconf 81' lang='lat' dir='ltr'>invadunt,</span> <span class='ocrx_word' id='word_1_563' title='bbox 2435 3844 2543 3891; x_wconf 89' lang='lat' dir='ltr'>ut...</span> <span class='ocrx_word' id='word_1_564' title='bbox 2563 3841 2613 3890; x_wconf 91' lang='lat' dir='ltr'>in</span> <span class='ocrx_word' id='word_1_565' title='bbox 2631 3840 2935 3892; x_wconf 75' lang='lat' dir='ltr'>democratiia</span> <span class='ocrx_word' id='word_1_566' title='bbox 2951 3840 3215 3904; x_wconf 78' lang='lat' dir='ltr'>locupletes</span> <span class='ocrx_word' id='word_1_567' title='bbox 3235 3845 3510 3905; x_wconf 83' lang='lat' dir='ltr'>contempta</span> 
     </span>
     <span class='ocr_line' id='line_1_87' title="bbox 1955 3917 3509 3983; baseline -0.001 -13"><span class='ocrx_word' id='word_1_568' title='bbox 1955 3919 2232 3970; x_wconf 80' lang='lat' dir='ltr'>confusione</span> <span class='ocrx_word' id='word_1_569' title='bbox 2253 3921 2302 3970; x_wconf 89' lang='lat' dir='ltr'>et</span> <span class='ocrx_word' id='word_1_570' title='bbox 2327 3918 2686 3983; x_wconf 84' lang='lat' dir='ltr'>perturbatione</span> <span class='ocrx_word' id='word_1_571' title='bbox 2708 3931 2869 3968; x_wconf 89' lang='lat' dir='ltr'>rerum</span> <span class='ocrx_word' id='word_1_572' title='bbox 2887 3917 3222 3981; x_wconf 83' lang='lat' dir='ltr'>imperiique...</span> <span class='ocrx_word' id='word_1_573' title='bbox 3254 3919 3333 3969; x_wconf 87' lang='lat' dir='ltr'>Sic</span> <span class='ocrx_word' id='word_1_574' title='bbox 3355 3919 3509 3968; x_wconf 82' lang='lat' dir='ltr'>Rhodi</span> 
     </span>
     <span class='ocr_line' id='line_1_88' title="bbox 1956 3995 3507 4063; baseline -0.002 -15"><span class='ocrx_word' id='word_1_575' title='bbox 1956 3998 2196 4063; x_wconf 84' lang='lat' dir='ltr'>popularis</span> <span class='ocrx_word' id='word_1_576' title='bbox 2209 4001 2364 4048; x_wconf 84' lang='lat' dir='ltr'>status</span> <span class='ocrx_word' id='word_1_577' title='bbox 2381 3997 2697 4047; x_wconf 75' lang='lat' dir='ltr'>labefactatus</span> <span class='ocrx_word' id='word_1_578' title='bbox 2709 3998 2783 4046; x_wconf 63' lang='lat' dir='ltr'>est</span> <span class='ocrx_word' id='word_1_579' title='bbox 2798 3999 2912 4046; x_wconf 85' lang='lat' dir='ltr'>ante</span> <span class='ocrx_word' id='word_1_580' title='bbox 2928 3995 3186 4047; x_wconf 81' lang='lat' dir='ltr'>secundam</span> <span class='ocrx_word' id='word_1_581' title='bbox 3201 3996 3507 4059; x_wconf 88' lang='lat' dir='ltr'>optimatium</span> 
     </span>
     <span class='ocr_line' id='line_1_89' title="bbox 1956 4074 2304 4138; baseline -0.009 -11"><span class='ocrx_word' id='word_1_582' title='bbox 1956 4074 2304 4138; x_wconf 66' lang='lat' dir='ltr'>rebellionem]</span> 
     </span>
    </p>
   </div>
   <div class='ocr_carea' id='block_1_25' title="bbox 2434 4170 3034 4248">
    <p class='ocr_par' dir='ltr' id='par_1_33' title="bbox 2434 4170 3034 4248">
     <span class='ocr_line' id='line_1_90' title="bbox 2434 4170 3034 4248; baseline -0.008 -16"><span class='ocrx_word' id='word_1_583' title='bbox 2434 4170 3034 4248; x_wconf 69' lang='lat' dir='ltr'>(SINOPENslUM.)</span> 
     </span>
    </p>
   </div>
   <div class='ocr_carea' id='block_1_26' title="bbox 2666 4280 2783 4330">
    <p class='ocr_par' dir='ltr' id='par_1_34' title="bbox 2666 4280 2783 4330">
     <span class='ocr_line' id='line_1_91' title="bbox 2666 4280 2783 4330; baseline -0.009 0"><span class='ocrx_word' id='word_1_584' title='bbox 2666 4280 2783 4330; x_wconf 83' lang='lat'>186.</span> 
     </span>
    </p>
   </div>
   <div class='ocr_carea' id='block_1_27' title="bbox 1951 4368 3513 4899">
    <p class='ocr_par' dir='ltr' id='par_1_35' title="bbox 1951 4368 3513 4899">
     <span class='ocr_line' id='line_1_92' title="bbox 2019 4368 3507 4436; baseline -0.003 -13"><span class='ocrx_word' id='word_1_585' title='bbox 2019 4376 2073 4423; x_wconf 89' lang='lat' dir='ltr'>ln</span> <span class='ocrx_word' id='word_1_586' title='bbox 2094 4372 2311 4436; x_wconf 82' lang='lat' dir='ltr'>Orphicis</span> <span class='ocrx_word' id='word_1_587' title='bbox 2333 4371 2626 4422; x_wconf 86' lang='lat' dir='ltr'>carminibus</span> <span class='ocrx_word' id='word_1_588' title='bbox 2652 4371 2819 4422; x_wconf 82' lang='lat' dir='ltr'>Martis</span> <span class='ocrx_word' id='word_1_589' title='bbox 2844 4369 2893 4420; x_wconf 84' lang='lat' dir='ltr'>et</span> <span class='ocrx_word' id='word_1_590' title='bbox 2926 4368 3106 4432; x_wconf 77' lang='lat' dir='ltr'>AEglnae</span> <span class='ocrx_word' id='word_1_591' title='bbox 3129 4368 3228 4419; x_wconf 84' lang='lat' dir='ltr'>lilia</span> <span class='ocrx_word' id='word_1_592' title='bbox 3252 4368 3394 4420; x_wconf 78' lang='lat' dir='ltr'>luisse</span> <span class='ocrx_word' id='word_1_593' title='bbox 3430 4371 3507 4421; x_wconf 87' lang='lat' dir='ltr'>Si-</span> 
     </span>
     <span class='ocr_line' id='line_1_93' title="bbox 1957 4446 3509 4512; baseline -0.003 -13"><span class='ocrx_word' id='word_1_594' title='bbox 1957 4462 2081 4512; x_wconf 89' lang='lat' dir='ltr'>nope</span> <span class='ocrx_word' id='word_1_595' title='bbox 2114 4448 2308 4507; x_wconf 85' lang='lat' dir='ltr'>dicitur,</span> <span class='ocrx_word' id='word_1_596' title='bbox 2345 4449 2472 4511; x_wconf 84' lang='lat' dir='ltr'>apud</span> <span class='ocrx_word' id='word_1_597' title='bbox 2498 4448 2753 4497; x_wconf 86' lang='lat' dir='ltr'>nonnullos</span> <span class='ocrx_word' id='word_1_598' title='bbox 2789 4446 2956 4496; x_wconf 80' lang='lat' dir='ltr'>Martis</span> <span class='ocrx_word' id='word_1_599' title='bbox 2989 4450 3038 4495; x_wconf 87' lang='lat' dir='ltr'>et</span> <span class='ocrx_word' id='word_1_600' title='bbox 3073 4448 3352 4508; x_wconf 79' lang='lat' dir='ltr'>Parnasses3</span> <span class='ocrx_word' id='word_1_601' title='bbox 3382 4447 3509 4508; x_wconf 79' lang='lat' dir='ltr'>apud</span> 
     </span>
     <span class='ocr_line' id='line_1_94' title="bbox 1960 4521 3510 4586; baseline -0.003 -8"><span class='ocrx_word' id='word_1_602' title='bbox 1960 4527 2216 4578; x_wconf 78' lang='lat' dir='ltr'>Eumelum</span> <span class='ocrx_word' id='word_1_603' title='bbox 2236 4528 2286 4576; x_wconf 89' lang='lat' dir='ltr'>et</span> <span class='ocrx_word' id='word_1_604' title='bbox 2304 4525 2608 4576; x_wconf 73' lang='lat' dir='ltr'>Aristotelem</span> <span class='ocrx_word' id='word_1_605' title='bbox 2633 4523 2794 4586; x_wconf 76' lang='lat' dir='ltr'>Asopi.</span> <span class='ocrx_word' id='word_1_606' title='bbox 2817 4529 2884 4573; x_wconf 76' lang='lat' dir='ltr'>Ac</span> <span class='ocrx_word' id='word_1_607' title='bbox 2902 4523 2980 4572; x_wconf 80' lang='lat' dir='ltr'>liic</span> <span class='ocrx_word' id='word_1_608' title='bbox 3001 4521 3198 4585; x_wconf 81' lang='lat' dir='ltr'>quidem</span> <span class='ocrx_word' id='word_1_609' title='bbox 3222 4526 3384 4572; x_wconf 83' lang='lat' dir='ltr'>narrat</span> <span class='ocrx_word' id='word_1_610' title='bbox 3403 4539 3510 4574; x_wconf 87' lang='lat' dir='ltr'>eam</span> 
     </span>
     <span class='ocr_line' id='line_1_95' title="bbox 1955 4600 3511 4666; baseline -0.002 -13"><span class='ocrx_word' id='word_1_611' title='bbox 1955 4604 2196 4666; x_wconf 83' lang='lat' dir='ltr'>decepisse</span> <span class='ocrx_word' id='word_1_612' title='bbox 2213 4607 2261 4652; x_wconf 87' lang='lat' dir='ltr'>et</span> <span class='ocrx_word' id='word_1_613' title='bbox 2289 4603 2442 4665; x_wconf 78' lang='lat' dir='ltr'>Halyn</span> <span class='ocrx_word' id='word_1_614' title='bbox 2465 4606 2515 4652; x_wconf 89' lang='lat' dir='ltr'>et</span> <span class='ocrx_word' id='word_1_615' title='bbox 2538 4602 2804 4665; x_wconf 74' lang='lat' dir='ltr'>Apollinem</span> <span class='ocrx_word' id='word_1_616' title='bbox 2828 4604 2876 4651; x_wconf 84' lang='lat' dir='ltr'>et</span> <span class='ocrx_word' id='word_1_617' title='bbox 2895 4603 3083 4650; x_wconf 66' lang='lat' dir='ltr'>lovem.</span> <span class='ocrx_word' id='word_1_618' title='bbox 3119 4600 3356 4650; x_wconf 72' lang='lat' dir='ltr'>petiverat</span> <span class='ocrx_word' id='word_1_619' title='bbox 3382 4601 3511 4650; x_wconf 89' lang='lat' dir='ltr'>enim</span> 
     </span>
     <span class='ocr_line' id='line_1_96' title="bbox 1957 4680 3513 4746; baseline -0.002 -14"><span class='ocrx_word' id='word_1_620' title='bbox 1957 4686 2012 4732; x_wconf 92' lang='lat' dir='ltr'>ut</span> <span class='ocrx_word' id='word_1_621' title='bbox 2051 4683 2262 4746; x_wconf 85' lang='lat' dir='ltr'>primum</span> <span class='ocrx_word' id='word_1_622' title='bbox 2295 4681 2398 4744; x_wconf 86' lang='lat' dir='ltr'>ipsa</span> <span class='ocrx_word' id='word_1_623' title='bbox 2428 4682 2486 4732; x_wconf 79' lang='lat' dir='ltr'>iis</span> <span class='ocrx_word' id='word_1_624' title='bbox 2521 4694 2630 4744; x_wconf 78' lang='lat' dir='ltr'>quoe</span> <span class='ocrx_word' id='word_1_625' title='bbox 2666 4681 2931 4743; x_wconf 86' lang='lat' dir='ltr'>postularet</span> <span class='ocrx_word' id='word_1_626' title='bbox 2967 4680 3513 4743; x_wconf 78' lang='lat' dir='ltr'>potiretur;pustulasse</span> 
     </span>
     <span class='ocr_line' id='line_1_97' title="bbox 1953 4757 3508 4821; baseline -0.002 -11"><span class='ocrx_word' id='word_1_627' title='bbox 1953 4763 2118 4810; x_wconf 85' lang='lat' dir='ltr'>autem</span> <span class='ocrx_word' id='word_1_628' title='bbox 2144 4760 2307 4809; x_wconf 87' lang='lat' dir='ltr'>dicunt</span> <span class='ocrx_word' id='word_1_629' title='bbox 2330 4757 2681 4820; x_wconf 72' lang='lat' dir='ltr'>virginitatem,</span> <span class='ocrx_word' id='word_1_630' title='bbox 2720 4769 2924 4821; x_wconf 82' lang='lat' dir='ltr'>eamque</span> <span class='ocrx_word' id='word_1_631' title='bbox 2945 4757 3235 4821; x_wconf 85' lang='lat' dir='ltr'>obtinuisse,</span> <span class='ocrx_word' id='word_1_632' title='bbox 3262 4771 3414 4821; x_wconf 88' lang='lat' dir='ltr'>quum</span> <span class='ocrx_word' id='word_1_633' title='bbox 3437 4759 3508 4807; x_wconf 89' lang='lat' dir='ltr'>illi</span> 
     </span>
     <span class='ocr_line' id='line_1_98' title="bbox 1951 4834 2801 4899; baseline -0.002 -14"><span class='ocrx_word' id='word_1_634' title='bbox 1951 4837 2227 4899; x_wconf 79' lang='lat' dir='ltr'>juramento</span> <span class='ocrx_word' id='word_1_635' title='bbox 2253 4834 2469 4885; x_wconf 86' lang='lat' dir='ltr'>obstricti</span> <span class='ocrx_word' id='word_1_636' title='bbox 2503 4836 2801 4885; x_wconf 88' lang='lat' dir='ltr'>tenerentur.</span> 
     </span>
    </p>
   </div>
   <div class='ocr_carea' id='block_1_28' title="bbox 2523 4933 2936 4994">
    <p class='ocr_par' dir='ltr' id='par_1_36' title="bbox 2523 4933 2936 4994">
     <span class='ocr_line' id='line_1_99' title="bbox 2523 4933 2936 4994; baseline -0.005 -1"><span class='ocrx_word' id='word_1_637' title='bbox 2523 4933 2936 4994; x_wconf 72' lang='lat' dir='ltr'>ctANORUM.</span> 
     </span>
    </p>
   </div>
   <div class='ocr_carea' id='block_1_29' title="bbox 2658 5051 2775 5103">
    <p class='ocr_par' dir='ltr' id='par_1_37' title="bbox 2658 5051 2775 5103">
     <span class='ocr_line' id='line_1_100' title="bbox 2658 5051 2775 5103; baseline 0 -1"><span class='ocrx_word' id='word_1_638' title='bbox 2658 5051 2775 5103; x_wconf 82' lang='lat'>187.</span> 
     </span>
    </p>
   </div>
   <div class='ocr_carea' id='block_1_30' title="bbox 2014 5139 3509 5277">
    <p class='ocr_par' dir='ltr' id='par_1_38' title="bbox 2014 5139 3509 5277">
     <span class='ocr_line' id='line_1_101' title="bbox 2014 5139 3509 5206; baseline -0.001 -13"><span class='ocrx_word' id='word_1_639' title='bbox 2014 5142 2157 5206; x_wconf 89' lang='lat' dir='ltr'>Cius,</span> <span class='ocrx_word' id='word_1_640' title='bbox 2187 5143 2347 5205; x_wconf 73' lang='lat' dir='ltr'>Mysiae</span> <span class='ocrx_word' id='word_1_641' title='bbox 2376 5141 2516 5205; x_wconf 86' lang='lat' dir='ltr'>urbs,</span> <span class='ocrx_word' id='word_1_642' title='bbox 2538 5155 2714 5193; x_wconf 88' lang='lat' dir='ltr'>nomen</span> <span class='ocrx_word' id='word_1_643' title='bbox 2735 5142 2925 5193; x_wconf 84' lang='lat' dir='ltr'>habeta</span> <span class='ocrx_word' id='word_1_644' title='bbox 2948 5142 3061 5204; x_wconf 89' lang='lat' dir='ltr'>Cio,</span> <span class='ocrx_word' id='word_1_645' title='bbox 3101 5142 3183 5206; x_wconf 85' lang='lat' dir='ltr'>qui</span> <span class='ocrx_word' id='word_1_646' title='bbox 3216 5139 3509 5192; x_wconf 76' lang='lat' dir='ltr'>Milesiorum</span> 
     </span>
     <span class='ocr_line' id='line_1_102' title="bbox 3204 5238 3247 5277; baseline -0.023 0"><span class='ocrx_word' id='word_1_647' title='bbox 3204 5238 3247 5277; x_wconf 82' lang='lat'>11</span> 
     </span>
    </p>
   </div>
  </div>
 </body>
</html>
