4016 5916
1505 340 1647 402 CLE
1651 342 1952 404 Ancflns
1994 344 3540 416 SOLENS1S.soa

355 473 821 547 populorumque
865 479 1190 540 exerceant,
1249 470 1570 527 ostenderet
1615 483 1785 547 atque
1829 475 1906 529 sic
1996 475 2069 531 de
2094 477 2535 535 sacerdotalibus
2563 480 2670 534 illis
2696 482 3063 554 epulonibus,
3096 486 3168 542 de
3191 487 3396 559 quibus
3420 501 3550 545 sunt

355 561 481 615 vitae
518 560 731 634 optime
752 558 1104 614 instituendae
1132 560 1278 613 viam
1302 570 1659 615 monstimaret
1692 555 1908 620 Certius
1997 577 2182 621 cetera
2224 567 2476 621 Athcnaei
2506 569 2819 622 testimonia
2854 567 2876 645 (
2908 588 2939 626 e
2994 571 3299 630 Polemone
3327 578 3543 650 petita)

353 659 540 703 tamen
567 646 840 721 quiddam
863 646 1029 701 statui
1051 647 1146 701 vix
1168 656 1373 719 potest,
1393 663 1570 719 quum
1597 647 1908 722 fragmenta
1995 652 2156 726 loqui
2182 652 2427 721 videtur,
2464 673 2661 710 verum
2689 655 2803 710 de‘
2790 658 2855 711 iis
2883 659 2982 729 qui
3005 661 3177 734 vulgo
3213 661 3548 719 dicebantur

351 746 567 792 tantum
596 754 715 790 non
745 736 935 791 omnia
962 732 1229 790 fluxerint
1256 752 1326 789 ex
1362 735 1631 791 Athenaeo
1681 737 1906 810 Dipno·
1994 737 2229 797 ἀείσιτοι.
2247 741 2331 796 Cs.
2351 742 2662 797 Aristotelis
2679 743 2848 817 Resp.
2868 744 3071 801 Athen.
3088 746 3154 801 sr.
3171 754 3240 817 47
3256 748 3327 802 b.-
3315 751 3546 817 ;.Thom

350 824 630 898 sophista,
663 823 761 896 qui
799 840 976 895 quum
1009 840 1076 877 ea
1109 831 1323 877 tantum
1366 822 1641 893 attulerit,
1673 842 1796 898 quae
1834 824 1908 881 ad
1992 829 2143 904 Mag.
2188 848 2248 903 p.
2283 826 2396 884 280
2435 829 2525 884 ed.
2559 831 2797 900 Ritsch„
2836 832 3026 887 Moeris
3068 852 3124 907 p.
3160 833 3270 889 322
3312 838 3482 892 Piers.
3520 857 3535 892 ε

356 929 477 966 rem
503 929 657 967 suam
682 910 955 978 facerent,
999 910 1228 965 minime
1249 908 1382 965 inde
1404 912 1656 1011 sequitur
1689 914 1905 986 reliqua
1996 914 2350 993 Παρασίτους,
2379 913 2499 982 τοὺς
2535 915 2760 995 δημοσία
2789 917 3118 994 σιτουμένους
3147 922 3199 976 ἐν
3235 923 3309 1000 rifi
3349 944 3548 1001 πρυτα·

344 999 601 1055 Clearchi
632 998 820 1053 omnia
844 996 1090 1070 ejusdem
1113 996 1277 1052 fuisse
1300 999 1537 1099 generis.
1993 1001 2111 1082 νείῳ
2140 1001 2393 1074 ’,Αττικοί
2425 1005 2615 1107 quales
2652 1017 2809 1061 erant
2850 1018 3052 1081 praeter
3088 1021 3352 1082 prytanes
3393 1012 3548 1086 lega-

431 1087 757 1143 Ceterorum
811 1104 1046 1160 operum
1095 1096 1422 1160 argumenta
1475 1087 1605 1159 ipsis
1657 1088 1905 1161 reliquiis
1997 1102 2194 1164 tosque
2234 1094 2565 1167 peregrinos
2603 1093 2920 1149 sacerdotes
2960 1096 3255 1166 Eleusinii,
3297 1099 3408 1156 alii.
3457 1099 3543 1156 Cf.

1991 1174 2166 1253 Corp‘.
2190 1181 2397 1235 Inscrr.
2421 1199 2482 1236 ιι.
2521 1198 2629 1254 190
2650 1198 2770 1254 sqq.
2760 1222 2796 1251 .,
2828 1183 3240 1239 Westermann.
3272 1186 3358 1242 De
3379 1186 3546 1261 publ.

1990 1265 2198 1325 Athen.
2221 1268 2428 1325 honor.
2459 1265 2644 1346 (Lips.
2685 1266 2871 1345 1830)
2899 1287 2962 1343 p.
2993 1267 3065 1336 45
3094 1287 3220 1344 sqq.
3551 1265 3562 1276 ⁸

345 1175 478 1230 satis
505 1173 875 1230 declarantur.
912 1175 1047 1245 Quae
1087 1174 1287 1246 utique
1332 1174 1516 1228 virum
1565 1191 1766 1247 magna
1795 1174 1903 1229 do-

347 1264 544 1317 ctrinae
570 1263 836 1318 varietate
864 1261 1197 1315 instructum
1233 1259 1507 1334 produnt.
1546 1261 1691 1315 Eum
1728 1261 1904 1316 multa

357 1351 734 1424 peripateticae
767 1349 1038 1404 doctrinae
1077 1348 1299 1404 decreta
1330 1349 1659 1422 pervertisse
1697 1344 1901 1422 (πολλα

345 1439 442 1493 τοῦ
502 1433 789 1514 περιπάτου
858 1430 1180 1514 παρέτρεψεν
1208 1433 1226 1510 )
1294 1445 1526 1491 testatur
1576 1435 1903 1492 Plutarchus

347 1521 368 1600 ζ
385 1523 456 1581 fr.
505 1520 578 1594 76
599 1521 640 1599 ).
672 1523 867 1581 Oratio
896 1541 1015 1579 non
1056 1534 1208 1578 caret
1236 1522 1593 1593 jucunditate
1629 1522 1899 1596 quadam,

341 1621 402 1667 at
428 1630 546 1667 non
566 1613 754 1668 nativa
791 1612 916 1688 illa,
941 1609 1040 1667 sed
1063 1611 1291 1666 aliunde
1320 1611 1483 1666 allata
1520 1619 1577 1666 et
1619 1610 1894 1667 affectata.

351 1700 610 1773 Denique
630 1699 1184 1774 ScliweighaeuseruS,
1206 1698 1452 1754 severius
1478 1695 1573 1752 ille
1597 1697 1827 1771 quidem
1846 1708 1901 1753 at

343 1806 463 1841 non
484 1805 715 1861 prorsus
748 1788 965 1860 inique,
995 1787 1068 1841 ita
1097 1785 1317 1859 judicat
1346 1784 1449 1859 (ad
1484 1785 1689 1841 Athen.
1719 1786 1895 1854 XIII,

342 1894 400 1948 p.
431 1893 531 1946 τοι
551 1915 569 1945 ,
594 1872 658 1951 C)
684 1893 698 1929 ε
730 1899 752 1924 υ
779 1874 1181 1931 clearchum...
1204 1873 1401 1948 saepius
1428 1872 1641 1930 fatuum
1661 1874 1898 1948 scripto·

344 1981 464 2018 rem
502 1973 557 2019 et
590 1963 795 2037 partim
822 1963 879 2016 in
907 1961 1307 2036 exaggerandis
1342 1961 1554 2035 partim
1578 1961 1637 2015 in
1664 1969 1899 2016 contor-
1986 1977 2091 2012 των
2116 1951 2288 2034 ψυχὰς
2324 1955 2578 2035 τιμωρίας
2615 1953 2787 2035 χάριν,
2822 1955 2912 2013 καὶ
2947 1955 3243 2016 διείπασθαι
3271 1958 3360 2016 τὸν
3392 1960 3537 2031 θεὸν,

341 2050 580 2122 quendis
633 2050 802 2105 rebus
832 2094 847 2120 ,
890 2067 1027 2122 quas
1080 2049 1343 2123 attingit,
1400 2049 1655 2122 ineptum
1695 2048 1899 2121 depre-
1987 2044 2092 2115 ὡς,
2129 2039 2275 2117 εἰμὴ
2317 2046 2557 2117 μενοῦσιν
2585 2042 2672 2101 ἐπὶ
2701 2042 2937 2118 τούτοις,
2974 2043 3068 2110 ἕως
3095 2042 3212 2102 ἄν’
3188 2043 3321 2104 εκὼν
3359 2047 3543 2115 αὐτους

2413 1425 2459 1479 E
2501 1425 2724 1482 LIBRO
2765 1425 3119 1484 SECUNDO.

343 2137 661 2195 hendimus.
698 2161 721 2186 ι»
765 2136 851 2193 Cf.
881 2136 1042 2193 Idem
1083 2138 1141 2191 in
1182 2136 1379 2192 Indice
1408 2153 1465 2195 ν.
1501 2137 1806 2193 Clearchus
1842 2148 1897 2192 et
1984 2127 2140 2206 λύσῃ,
2159 2126 2343 2186 πλέοσι
2367 2150 2454 2186 και
2475 2127 2701 2205 μείζοσιν
2719 2131 3066 2204 ἕμπεσουνται
3085 2153 3200 2190 τοτε
3220 2131 3428 2209 λύμαις·
3447 2134 3545 2191 Διὸ

2740 1584 2797 1625 2.

2069 1694 2228 1749 Idem
2257 1697 2349 1764 IV,
2381 1714 2442 1769 p.
2476 1694 2611 1766 157,
2631 1695 2710 1752 C.
2747 1692 2982 1761 Εὐξίθεος
3011 1698 3040 1753 ὁ
3069 1696 3450 1777 Πυθαγορικὸς,
3478 1699 3548 1765 ὥς

1988 1802 2115 1859 φησι
2142 1777 2415 1859 Κλέαρχος
2436 1782 2463 1837 ὁ
2449 1779 2894 1888 “neptum-qux&
2917 1784 2970 1839 ἐν
2991 1781 3211 1863 δευτέρῳ
3239 1783 3395 1856 Βίων,
3425 1784 3540 1844 ἔλε-

1985 1889 2073 1945 γεν
2102 1865 2392 1926 ἐνδεδέσθαι
2416 1870 2489 1925 τῶ
2519 1865 2725 1943 σώματι
2756 1890 2846 1925 και
2869 1870 2945 1948 τῷ
2971 1869 3096 1947 τῇδε
3132 1869 3231 1950 βίῳ
3253 1869 3343 1938 τὰς
3371 1873 3545 1931 ἁπάν-

347 2226 551 2298 paSSJm
580 2227 638 2279 i„
666 2225 1105 2282 Commentariis,
1985 2211 2212 2287 πάντας,
2240 2215 2651 2292 εὗλαὸουμένους
2674 2216 2768 2288 τὴν
2795 2220 2895 2275 τῶν
2920 2216 3113 2297 κυρίων
3139 2219 3411 2292 ἀνάτασιν,
3449 2244 3540 2299 φο-

1987 2302 2192 2361 ὅεῖσθαι
2223 2308 2311 2361 τοῦ
2339 2307 2429 2375 ζῆν
2459 2300 2670 2370 ἰκόντας
2705 2303 2836 2374 ἕκ6”’
2838 2327 2953 2376 ναι
2979 2304 3134 2381 μόνον
3174 2329 3231 2365 τε
3261 2305 3348 2366 τὸν
3378 2311 3431 2367 ἐν
3463 2312 3539 2366 τῶ

1983 2388 2121 2470 γήρα
2142 2388 2360 2449 θάνατον
2391 2390 2664 2458 ἀσπασίως
2686 2388 3036 2471 προίστασθαι
3069 2392 3406 2473 (προσίεσθαι
3432 2397 3542 2453 Ca-

1981 2479 2139 2538 sanb.
2155 2484 2196 2550 ),
2212 2478 2586 2555 πεπεισμένους
2603 2478 2698 2552 τὴν
2720 2480 2972 2539 ἀπόλυσιν
2989 2485 3080 2552 τῆς
3097 2485 3303 2562 ψυχῆς
3294 2481 3426 2540 μετὰ
3442 2486 3535 2553 τῆς

1983 2566 2088 2623 τῶν
2114 2564 2305 2643 κυρίων
2344 2566 2858 2644 γίγνεσθαιγνώμης.

2064 2654 2369 2710 Euxitheus
2399 2656 2778 2731 Pythagoreus
2801 2656 3027 2713 aliunde
3050 2665 3168 2712 non
3194 2669 3378 2717 notus.
3400 2661 3543 2715 Pro

1983 2740 2170 2797 babile
2210 2753 2289 2797 est
2330 2742 2573 2798 eundem
2606 2761 2720 2798 esse
2768 2755 2937 2817 atque
2964 2745 3329 2814 Dexitheum,
3372 2765 3543 2820 quem

1983 2829 2132 2885 inter
2155 2830 2403 2886 celebres
2434 2830 2815 2905 Pythagoreos
2843 2842 3121 2887 memorat
3146 2833 3436 2889 Iamblich.
3471 2835 3539 2892 V.

1983 2916 2148 2991 Pyth.
2178 2916 2210 2993 §
2241 2915 2352 2974 265
2379 2934 2505 2991 sqq.

1002 2532 1246 2610 BlOI.

811 2729 856 2783 Ε
894 2728 1117 2784 LIBRO
1158 2729 1411 2784 PRIMO.

1094 2895 1144 2932 1.

419 3018 716 3075 Athenaeus
732 3019 831 3088 vl,
849 3036 906 3092 p.
931 3017 1157 3089 234,F:
1182 3013 1449 3096 Κλέαρχος
1465 3016 1510 3073 δ’
1539 3019 1568 3074 ὁ
1593 3014 1804 3090 Σολεὺς,
1825 3008 1895 3086 εἷς

334 3106 385 3164 δ’
415 3096 559 3171 οὗτος
583 3105 685 3162 τῶν
713 3101 1095 3184 Ἀριστοτέλους
1114 3101 1224 3163 ἐστὶ
1248 3106 1513 3180 μαθητῶν,
1536 3105 1587 3163 ἐν
1605 3106 1680 3186 τῷ
1698 3104 1893 3186 πρώτῳ

336 3196 446 3252 τῶν
484 3190 618 3252 Βίων
658 3190 784 3250 τάδε
810 3189 1029 3272 γράφει·
1058 3218 1082 3245 ι
1104 3186 1232 3251 Ἔτι
1261 3188 1314 3248 δὲ
1343 3190 1634 3270 παράσιτον
1668 3196 1757 3251 νῦν
1794 3192 1888 3269 μὲν

336 3280 426 3340 τὸν
449 3278 660 3356 ἄτιμον,
679 3277 798 3338 τότε
816 3276 870 3337 δὲ
899 3278 986 3339 τὸν
1015 3281 1085 3347 εἷς
1107 3278 1166 3338 τὸ
1191 3277 1443 3355 συμὸιοῦν
1471 3279 1887 3358 κατειλεγμένον.

2731 3022 2787 3080 3.

2062 3128 2220 3184 Idem
2237 3129 2435 3203 XV,p.
2458 3128 2591 3198 681,
2608 3130 2688 3186 C:
2713 3126 2980 3208 Κλέαρχος
3002 3129 3047 3186 δ’
3067 3131 3118 3187 ἑν
3141 3128 3360 3209 δευτέρῳ
3382 3128 3538 3204 Βίων,

1982 3211 2207 3292 «’,Ορα
2255 3214 2413 3295 φησὶ,
2482 3213 2598 3281 τους
2649 3213 2708 3272 τὸ
2752 3215 3179 3291 κοσμοσάνδαλον
3231 3217 3536 3298 ἀνευρόντας

1982 3301 2308 3382 (ἀνείροντας
2328 3298 2379 3381 Ρ)
2408 3301 2877 3380 Λακεδαιμονίους,
2900 3300 2950 3361 οἳ
2971 3327 3057 3361 τον
3072 3304 3426 3364 παλαιότατον
3447 3308 3542 3377 τῆς

1980 3392 2251 3460 πολιτικῆς
2287 3389 2483 3465 κόσμον
2528 3388 2969 3466 συμπατήσαντες
3009 3388 3535 3470 ἐξετραχηλίσθησαν.

1984 3473 2182 3555 Διόπερ
2227 3476 2399 3542 καλῶς
2439 3474 2559 3556 περὶ
2600 3477 2769 3534 αὐτῶν
2821 3474 3025 3556 εἴρηκεν
3079 3481 3108 3536 ὁ
3152 3475 3541 3557 κωμῳδιοποιος

1985 3560 2288 3642 Ἀντιφάνης
2316 3563 2368 3620 ἐν
2408 3565 2728 3642 Κιθαριστῇ·

344 3367 441 3428 Ἐν
466 3372 588 3444 γοῦν
608 3366 714 3433 τοῖς
728 3367 974 3433 παλαιοῖς
998 3366 1173 3444 νόμοις
1203 3368 1258 3424 αἱ
1284 3366 1526 3424 πλεῖσται
1554 3369 1656 3425 τῶν
1678 3368 1876 3426 πόλεων

340 3454 417 3513 ἔτι
438 3454 528 3513 καὶ
558 3452 783 3533 τήμερον
807 3461 919 3521 ταῖς
954 3453 1313 3525 ἐντιμοτάταις
1342 3454 1528 3534 ἀρχαῖς
1551 3454 1883 3532 συγκαταλέ-

334 3566 485 3623 γουσι
512 3542 846 3622 παρασίτους.
882 3567 909 3595 n

417 3630 635 3710 ἅτῳω]
656 3633 734 3688 310
761 3651 870 3707 pro
898 3632 1121 3707 vulgata
1154 3628 1358 3706 ἕτοιμον
1385 3632 1748 3688 scribendum
1777 3652 1892 3691 esse
2110 3701 2211 3751 Oine
2229 3701 2410 3764 “mm
2425 3703 2470 3750 οἱ
2494 3702 2715 3758 Amm
2735 3705 2800 3760 ὡς
2820 3702 3071 3766 &7169th
3089 3719 3222 3765 mm

337 3721 600 3778 viderunt
648 3721 942 3777 Piersonus
987 3720 1060 3776 ad
1096 3722 1262 3778 Μαι.
1299 3739 1361 3796 p.
1424 3719 1535 3776 332
1579 3732 1637 3777 et
1685 3722 1887 3795 corax·
2103 3777 2182 3820 νῦν
2159 3773 2248 3821 ν’δ
2273 3773 2551 3835 ὀμηρεύουσ·
2576 3772 2759 3836 ἔχοντες
2776 3779 3032 3837 πορφυροῦς
3065 3776 3409 3838 καθυφαλωῧ»

336 3830 429 3885 ap.
470 3809 783 3884 Schweigh.
815 3808 891 3865 ad
921 3809 980 3863 b.
1020 3808 1058 3863 1.
1103 3818 1158 3863 et
1192 3809 1469 3864 Prellerus
1515 3807 1588 3865 ad
1625 3809 1891 3864 Polemo-

335 3917 467 3955 nem
513 3917 569 3971 p.
610 3914 719 3952 120
742 3937 758 3965 ,
790 3895 887 3951 ubi
908 3895 1065 3954 haec:
1105 3920 1130 3945 «ι
1155 3895 1415 3952 Ceterum
1443 3895 1743 3981 Clearchus
1771 3916 1887 3950 non
1981 3896 2067 3952 Cf.
2086 3897 2371 3952 AEschines
2390 3898 2597 3955 Contra
2616 3898 3031 3973 Ctesiphontem
3050 3918 3111 3973 p.
3132 3919 3235 3969 72,
3255 3899 3328 3956 33
3343 3899 3538 3974 Steph

798 4064 844 4122 Ε
887 4062 1116 4123 LIBRO
1152 4061 1412 4122 PRIMO,
1983 4065 2211 4112 maneant
2247 4063 2297 4112 in
2325 4063 2398 4113 his
2422 4062 2577 4112 donec
2611 4064 2711 4127 ipse
2754 4064 2883 4113 ultro
2915 4077 2999 4113 eos
3026 4065 3299 4126 liberasset,
3339 4065 3440 4115 sore
3481 4068 3535 4115 ut

1983 4139 2033 4189 in
2059 4140 2198 4203 plura
2228 4140 2339 4190 dein
2368 4140 2683 4204 gravioraque
2723 4141 2849 4190 mala
2885 4141 3114 4192 incidant.
3143 4145 3303 4202 Quare
3343 4155 3539 4203 omnes,

1088 4192 1137 4241 ¹‘
1980 4219 2159 4268 veritas
2175 4218 2480 4269 dominorum
2497 4218 2654 4269 niinas
2672 4218 2803 4281 illas,
2828 4229 2998 4270 cavere
3013 4232 3076 4269 ne
3091 4221 3262 4281 sponte
3276 4218 3375 4269 vita
3396 4232 3539 4269 exce·

402 4273 661 4324 clearchus
688 4272 920 4334 Solensis,
952 4285 1081 4322 unus
1111 4272 1191 4322 ille
1222 4284 1284 4322 ex
1321 4270 1586 4322 Aristotelis
1621 4269 1891 4332 discipulis,

338 4351 558 4400 vitarum
580 4347 704 4399 libro
722 4348 1066 4412 primo-scribit
1096 4348 1202 4399 hacc
1229 4363 1242 4398 :
1271 4366 1297 4399 ιι
1334 4350 1572 4397 Praeterea
1589 4349 1894 4410 parasitum

340 4442 470 4479 nunc
507 4426 703 4492 quidem
739 4428 983 4477 hominem
1021 4429 1197 4477 vocant
1218 4427 1362 4477 vilem
1398 4428 1448 4477 et
1475 4424 1751 4489 ignobilem,
1777 4424 1893 4474 olim

341 4520 456 4557 vero
474 4519 584 4557 eum
601 4505 685 4569 qui
709 4508 833 4556 esset
852 4505 914 4554 ad
937 4505 1212 4556 convictum
1235 4506 1502 4568 cooptatus.
1524 4504 1668 4554 Certe
1690 4501 1894 4552 vetustis

339 4584 520 4648 legibus
531 4584 770 4648 plemque
784 4584 1002 4635 civitatee
1013 4620 1030 4646 ‚
1049 4585 1196 4647 atque
1212 4583 1358 4634 etiam
1378 4581 1437 4633 ad
1460 4582 1589 4632 hunc
1601 4580 1730 4631 diem
1748 4579 1892 4645 [non-

339 4660 513 4726 nullae]
533 4659 907 4711 bonoratsssimis
922 4657 1281 4723 magistratibus
1313 4660 1565 4708 accensent
1583 4655 1893 4707 parasitos.-

751 4776 797 4836 E
837 4775 1069 4836 LIBRO
1110 4770 1480 4835 SECUNDO.

1981 4295 2102 4345 dant
2135 4298 2184 4346 et
2213 4296 2364 4346 solam
2405 4296 2455 4346 in
2494 4297 2744 4346 senectute
2775 4298 2980 4346 mortem
3010 4296 3214 4346 libenter
3249 4296 3534 4358 admittere,

1979 4387 2230 4437 persuasos
2264 4376 2395 4425 illam
2421 4375 2595 4425 animm
2625 4374 2956 4427 liberationem
2984 4389 3047 4425 ex
3082 4374 3389 4425 dominorum
3433 4375 3536 4425 fleri

1981 4453 2244 4504 voluntate.

2734 4536 2787 4587 3.

2047 4626 2306 4676 Clearchus
2345 4624 2557 4674 secundo
2596 4626 2718 4675 libro
2759 4626 2982 4674 Vitat-um
3035 4644 3048 4675 ι
3091 4624 3310 4686 «Vide,
3356 4626 3533 4688 inquit,

1981 4701 2395 4763 Lacedaemonios,
2432 4702 2545 4764 qui,
2583 4705 2839 4765 postquam
2887 4702 3304 4752 cosmosanrlalurn
3342 4702 3540 4753 invene-

1985 4783 2129 4842 runt,
2157 4779 2438 4829 conculcato
2477 4777 2811 4842 antiquissimo
2838 4778 3228 4829 administrandae
3265 4779 3540 4841 reipublice

1980 4860 2186 4921 ornatu,
2215 4858 2487 4922 praecipites
2526 4860 2746 4908 ruerunt.
2774 4861 2934 4916 Quare
2962 4858 3214 4909 commode
3241 4858 3388 4909 ineos
3417 4858 3543 4909 dixit

1982 4938 2193 4991 comicus
2212 4938 2504 5001 Antiphanes
2527 4938 2576 4987 in
2596 4937 2883 4989 Citharista.

2036 5044 2201 5089 Nonne
2217 5041 2530 5100 superbiebant
2543 5041 2653 5087 otuu
2672 5041 2997 5087 Lacedaemonii
3010 5042 3134 5100 quasi
3148 5042 3537 5099 inexpugnabiles.

2038 5114 2168 5158 Nunc
2193 5122 2304 5157 vero
2318 5111 2522 5157 nervium
2541 5114 2723 5157 ntentoe
2735 5111 2974 5168 purpureis
2991 5110 3270 5156 reticulis?-

404 4957 668 5009 Euxitbens
685 4956 1055 5020 Pythagoricus,
1083 4876 1139 5005 ι2ιι
1163 4955 1229 5005 ait
1261 4953 1521 5007 Clearchus
1557 4951 1897 5017 Peripateticus

342 5034 552 5086 secundo
568 5033 692 5085 libro
715 5034 968 5096 vitarum,
999 5033 1202 5096 illigatas
1232 5031 1356 5082 dixit
1379 5044 1481 5082 esse
1510 5029 1697 5094 corpori
1724 5032 1774 5080 et
1794 5030 1892 5079 ter·

346 5125 472 5163 renae
496 5113 610 5163 vitae
640 5111 852 5175 animas,
889 5123 1046 5176 poenae
1074 5122 1240 5161 caussa
1273 5129 1288 5160 ι
1312 5111 1363 5160 et
1397 5107 1602 5160 edixisse
1634 5106 1806 5169 deum,
1843 5105 1891 5157 ni
