4016 5916
476 442 589 492 236

1729 431 2164 491 DICAEARCHI
2207 432 2559 492 MESSEMI

475 563 632 620 αὐτοῦ
660 561 805 642 παρὰ
835 561 1179 642 Ἤροδότῳ....
1211 561 1344 642 Περὶ
1364 561 1417 620 δὲ
1440 566 1543 620 τῶν
1563 560 1782 641 χρόνων,
1806 561 1922 619 καθ’
1942 560 2026 627 οὒς
2126 575 2494 639 opponuntur
2521 564 2655 631 sibi,
2682 565 2819 618 nihil
2862 564 3073 618 liabent
3098 583 3433 639 commune3
3459 567 3504 620 si
3541 585 3687 621 con-

474 648 673 726 ἑγένετο
714 650 1078 728 Σεσόγχωσις,
1111 652 1139 707 ὁ
1181 647 1275 726 μὲν
1296 649 1637 715 Ἀπολλώνιος
1678 655 1831 707 τοῦτο
1876 649 2031 725 μόνον
2117 651 2453 725 junguntur,
2481 650 2907 724 conjunguntur
2926 652 3136 725 inepte.
3165 654 3291 707 Hoc
3315 663 3467 707 certe
3489 655 3690 708 vitavit

476 736 633 816 φησὶ,
659 736 855 803 πολὺς
891 736 1015 817 γὰρ
1044 738 1201 808 ἅδην
1236 734 1628 808 ἐπενήνοθεν
1675 736 1861 793 αἰών·
1904 736 2032 816 φησὶ

476 823 532 880 δὲ
561 823 879 902 Δικαίαρχος
907 825 960 881 ἐν
985 822 1207 902 δευτέρῳ
1240 822 1330 880 καὶ
1360 822 1673 894 Ἑλληνικοῦ
1697 824 1807 901 βίου
1834 824 2033 899 Σεσογ-

475 911 665 990 χώσιδι
710 910 1094 988 μεμεληκέναι·
1131 911 1221 970 καὶ
1254 911 1438 989 νόμους
1471 910 1627 969 αὐτὸν
1656 911 1833 969 θέσθαι
1871 909 2036 986 λέγει,

477 998 611 1057 ὥστε
637 1000 835 1076 μηδένα
875 1000 1180 1057 καταλιπεῖν
1211 997 1303 1070 τὴν
1328 996 1577 1080 πατρῴαν
1620 997 1808 1075 τέχνην
1832 1020 1845 1033 ·
1871 1002 2034 1055 τοῦτο

478 1086 580 1166 γὰρ
603 1085 734 1168 ᾤετο
768 1086 936 1165 ἀρχὴν
956 1076 1098 1144 «εἶναι
1126 1084 1456 1152 πλεονεξίας·
1498 1085 1587 1142 καὶ
1628 1083 1830 1163 πρῶτόν
1872 1105 2032 1162 φασιν

482 1176 497 1255 (
530 1177 725 1254 φησινὶ)
751 1174 767 1254 )
813 1174 968 1231 αὐτὸν
992 1172 1265 1254 εὑρηκέναι
1311 1171 1490 1231 ἵππων
1521 1171 1789 1252 ἄνθρωπον
1823 1170 2037 1230 3³:262(-

480 1284 603 1318 νειν.
631 1263 702 1321 Οἱ
726 1261 779 1318 δὲ
806 1266 972 1318 ταῦτα
995 1262 1066 1324 εἷς
1083 1251 1252 1338 ῗΩρον
1279 1259 1639 1340 ἀναφέρουσιν.

562 1368 660 1407 276.
707 1347 819 1408 Ἠὲ
855 1348 970 1406 καὶ
998 1347 1065 1406 οὔ
1099 1346 1239 1408 ι”Ἡ
1266 1346 1368 1427 γὰρ
1405 1345 1740 1405 ἐκλελοίπασί
1778 1369 1909 1409 τινες
1936 1348 2038 1403 τῶν

479 1435 704 1506 πόλεων,
735 1434 769 1505 ἢ
801 1440 1264 1511 μετονομασθεῖσαι
1301 1437 1605 1511 ἀγνοοῦνται
1636 1433 1718 1515 ὑφ’
1748 1425 1807 1492 οὗ
1838 1432 2040 1511 τυγχά-

479 1544 653 1579 νουσιν
682 1521 1014 1597 ἐκτισμέναι·
1053 1519 1235 1579 τούτου
1270 1519 1323 1578 δὲ
1351 1520 1437 1579 τὸν
1469 1521 1656 1601 χρόνον
1687 1519 1851 1578 αἴτιον
1884 1541 2035 1596 γεγε-

485 1612 692 1677 νῆσθαι.
775 1608 1097 1687 Δικαίαρχος
1125 1610 1176 1665 ἐν
1220 1604 1413 1689 πρώτῳ
1448 1606 1581 1686 μετὰ
1609 1606 1695 1665 τὸν
1728 1604 1922 1673 Ἴσιδος
1950 1605 2038 1664 καὶ

483 1693 743 1775 Ὀσίριδος
769 1687 937 1775 Ὧρον
971 1696 1191 1774 βασιλέα
1220 1695 1489 1774 γεγονέναι
1514 1696 1849 1773 Σεσόγχωσιν
1879 1692 2038 1771 λέγει,

484 1781 621 1841 ὥστε
649 1783 917 1862 γίγνεσθαι
960 1784 1062 1842 ἀπὸ
1092 1789 1185 1856 τῆς
1215 1783 1606 1863 Σεσογχώσιδος
1638 1782 1904 1861 βασιλείας
1945 1780 2041 1858 μέ-

485 1893 576 1950 χρι
626 1877 718 1943 τ’ῆς
764 1871 956 1931 Νείλου
985 1871 1076 1944 ἔτη
1107 1873 1337 1951 δισχίλια
1378 1873 1453 1952 φ’,
1484 1870 1587 1929 ἀπὸ
1630 1868 1684 1928 δὲ
1715 1874 1805 1940 τῆς
1850 1870 2039 1930 Νείλου

487 1960 754 2036 βασιλείας
779 1956 935 2038 μέχρι
963 1962 1054 2030 τῆς
1080 1959 1290 2039 πρώτης
1318 1957 1637 2035 ὀλυμπιάδος
1675 1956 1767 2028 ἔτη
1797 1957 1940 2034 υλς·’,
1971 1959 2043 2023 ὡς

485 2035 616 2101 εἶναι
643 2044 709 2103 τὰ
733 2046 907 2103 πάντα
936 2049 1063 2122 ὁμοῦ
1087 2046 1178 2118 ἔτη
1211 2046 1439 2124 δισχίλια
1469 2044 1742 2103 ἐννακόσια
1776 2043 1881 2110 λς’.

565 2135 773 2191 Eadem
801 2154 831 2191 e
859 2135 1058 2191 codice
1088 2137 1340 2192 Parisino
1364 2154 1378 2192 ε
1411 2132 1546 2211 Περὶ
1569 2137 1658 2190 τοῦ
1691 2130 2043 2212 Σεσογχώσι-

488 2221 571 2285 δος
590 2219 747 2298 λέγει.
778 2212 944 2285 offro<
964 2220 1066 2300 γὰρ
1093 2220 1360 2298 Αἰγύπτου
1375 2220 1547 2292 πάσης
1569 2218 1882 2299 βασιλεύσας
1911 2218 2044 2296 μετὰ

483 2296 675 2386 Ὦρον,
701 2306 790 2366 τὸν
819 2308 1073 2389 Ὀσίριδις
1102 2309 1193 2367 καὶ
1220 2304 1413 2373 Ἴσιδος
1436 2308 1629 2379 παῖδα,
1671 2306 1766 2377 τήν
1794 2330 1851 2364 τε
1871 2306 2045 2366 Ἀσίαν

486 2396 722 2476 ὁρμήσας
751 2405 928 2455 πᾶσαν
967 2395 1358 2477 κατεστρέψατο
1380 2394 1471 2452 καὶ
1513 2393 1647 2475 μέρη
1690 2396 1912 2469 πλεῖστα
1950 2397 2043 2463 τῆς

485 2481 761 2563 Εὐρώπης.
787 2482 1154 2563 Ἀκριὸέστερα
1187 2482 1363 2561 (1.·ον)
1394 2479 1448 2539 δὲ
1477 2480 1541 2539 τὰ
1558 2481 1677 2561 περὶ
1706 2482 1860 2539 αὐτοῦ
1886 2477 2044 2559 ‘de-

487 2573 635 2637 δοτος
658 2574 977 2647 διηγεῖται...
1015 2569 1149 2649 Περὶ
1179 2568 1232 2628 δὲ
1259 2567 1374 2634 τοὺς
1401 2567 1643 2647 χρόνους,
1672 2568 1788 2626 καθ’
1817 2565 1901 2633 οὒς
1934 2564 2046 2645 ἐγέ-

485 2681 601 2716 νετο
639 2662 666 2716 ὁ
724 2659 1043 2736 Σέσωστρις,
1093 2654 1431 2721 Ἀπολλώνιος
1463 2653 1516 2713 δὲ
1541 2660 1691 2713 τοῦτο
1717 2654 1869 2731 μόνον
1894 2653 2045 2734 φησί·

485 2746 694 2812 πολὺς
722 2744 840 2825 γὰρ
862 2742 1021 2814 ἄδην
1053 2741 1454 2813 ἐπενήνοθεν
1499 2740 1687 2800 αἰών·
1731 2741 2049 2822 Δικαίαρχος

489 2830 543 2889 δὲ
579 2834 631 2890 ἐν
664 2831 714 2888 α’
744 2831 876 2908 μετὰ
901 2829 986 2888 τὸν
1024 2829 1274 2909 Ὀσίριδις
1297 2829 1387 2887 καὶ
1413 2826 1606 2894 Ἴσιδος
1623 2819 1794 2909 Ὦρον
1829 2826 2048 2906 βασιλέα

490 2918 619 3001 φησὶ
659 2917 927 2996 γεγονέναι
969 2916 1298 2997 Σέσωστριν·
1328 2915 1463 2976 ὥστε
1492 2916 1759 2995 γίγνεσθαι
1805 2915 1907 2973 ἀπὸ
1951 2913 2047 2993 μὲν

487 3012 581 3077 τῆς
602 3006 955 3084 Σεσώστριδος
991 3005 1258 3084 βασιλείας
1286 3005 1443 3084 μέχρι
1469 3010 1555 3062 τοῦ
1581 3004 1769 3065 Νείλου
1800 3003 1887 3076 ἔτη
1914 3005 2045 3086 ,βφζ

490 3093 595 3152 ἀπὸ
620 3089 760 3177 [δὲ]
784 3098 877 3163 τῆς
898 3094 1085 3152 Νείλου
1107 3090 1375 3172 βασιλείας
1392 3091 1549 3171 μέχρι
1565 3097 1655 3163 τῆς
1671 3093 1721 3149 α’
1745 3092 2048 3169 Ὀλυμπιά-

490 3182 572 3246 δος
599 3179 690 3252 ἔτη
714 3179 850 3253 υλς’,
879 3183 947 3246 ὡς
971 3170 1102 3236 εἶναι
1126 3179 1189 3237 τὰ
1212 3178 1385 3237 πάντα
1404 3183 1533 3256 ὁμοῦ
1559 3178 1648 3249 ἔτη
1672 3183 1787 3260 ,βπ
1807 3180 1912 3245 λς’.
1940 3179 2049 3238 Καὶ

492 3269 680 3345 νόμους
707 3266 761 3324 δὲ
789 3266 931 3341 λέγει
973 3266 1291 3346 Δικαίαρχος
1322 3266 1477 3324 αὐτὸν
1502 3272 1815 3340 τεθεικέναι,
1849 3266 2048 3342 μηδένα

497 3355 754 3413 ἐκλείπειν
776 3355 871 3425 τὴν
894 3352 1141 3437 πατρῴαν
1179 3354 1367 3433 τέχνην
1384 3377 1396 3390 ·
1425 3358 1574 3413 τοῦτο
1601 3353 1702 3433 γὰρ
1725 3353 1854 3434 ᾤετο
1877 3353 2048 3433 ἀρχὴν

496 3435 626 3501 εἶναι
653 3441 973 3510 πλεονεξίας·
1002 3442 1093 3500 καὶ
1112 3445 1316 3522 πρῶτον
1345 3439 1399 3499 δὲ
1424 3440 1697 3522 εὑρηκέναι
1720 3440 1897 3499 ἵππων
1928 3444 2046 3500 ἐπι-

494 3531 689 3589 θαίνειν
706 3529 994 3606 ἄνθρωπον.
1007 3524 1185 3589 Ἄλλοι
1203 3528 1429 3587 δὲταῦτα
1448 3531 1516 3596 εἰς
1529 3521 1698 3608 γΩρον
1718 3529 2047 3611 ἀναφέρουσι·

492 3619 582 3678 καὶ
612 3623 764 3677 τοῦτο
809 3616 867 3676 δέ
899 3640 1027 3698 φησι
1058 3615 1379 3698 Δικαίαρχος
1403 3618 1456 3675 ἐν
1497 3615 1545 3697 β’
1597 3616 1900 3688 Ἑλληνικοῦ
1935 3616 2048 3696 βίου

494 3704 817 3786 Σεσώστριδι
840 3703 1212 3779 μεμεληκέναι.

568 3781 645 3852 'O
687 3815 746 3871 γε
788 3792 892 3869 μὴν
924 3790 1266 3858 Ἀπολλώνιος
1294 3790 1471 3863 εἰπὼν,
1526 3790 1607 3849 τὰ
1654 3791 1766 3868 μὲν
1795 3790 1861 3850 οὗ
1905 3797 2051 3850 ποθι

492 3879 951 3948 ναιετάουσιν,
979 3877 1326 3957 ἑπήγαγενήὲ
1356 3877 1467 3936 καὶ
1495 3877 1592 3937 οὔ·
1616 3880 1787 3949 δηλῶν
1810 3875 1895 3935 διὰ
1932 3876 2051 3935 τού-

490 3992 579 4027 του
595 4014 609 4040 ,
636 3968 715 4027 ὅτι
747 3970 801 4025 αἱ
827 3967 921 4046 μὲν
946 3972 1048 4026 τῶν
1078 3966 1281 4025 πόλεων
1307 3965 1641 4024 παντάπασιν
1662 3965 2049 4042 ἐκλελοίπασιν,

491 4060 545 4115 αἱ
572 4057 624 4115 δὲ
648 4055 1142 4133 μετωνομάσθησαν,
1172 4054 1262 4113 καὶ
1279 4058 1537 4133 ἀγνοεῖται
1566 4058 1652 4135 ὑφ’
1681 4046 1737 4112 οὗ
1766 4051 2050 4133 τυγχάνου·

491 4168 569 4203 σιν
608 4144 926 4221 ἕκτισμέναι.

571 4235 786 4307 Quibus
809 4236 955 4290 inter
973 4254 1029 4289 sc
1050 4233 1407 4307 comparatis,
1424 4245 1577 4308 patet
1594 4234 1869 4288 scholium
1890 4233 2055 4286 Pari-

491 4325 673 4378 sinum
691 4325 919 4397 vulgato
940 4341 1052 4378 esse
1080 4323 1428 4377 concinnius.
1460 4323 1605 4377 Nam·
1624 4323 1683 4376 in
1708 4332 1816 4378 vet.
1838 4321 2054 4375 scholio

491 4412 662 4466 verba
692 4415 720 4470 ὁ
742 4408 834 4486 μὲν
851 4406 1190 4473 Ἀπολλώνιος
1212 4408 1336 4467 κτλ.4
1355 4419 1409 4464 et
1428 4405 1556 4487 φησὶ
1586 4405 1640 4463 δὲ
1664 4406 1982 4484 Δικαίαρχος
2002 4410 2046 4463 si

493 4574 802 4624 Dicaearchus
819 4588 934 4624 vero
953 4575 1003 4624 in
1028 4574 1136 4624 Vim
1161 4573 1361 4624 Graeciae
1380 4573 1524 4622 etiam
1545 4570 1735 4621 civilem
1754 4573 1905 4620 vitam
1920 4584 2052 4620 curte

494 4652 722 4714 cordique
736 4652 881 4702 fuisse
900 4652 1183 4703 Saeonchosi
1200 4651 1345 4702 tradit
1373 4664 1516 4699 :nam
1535 4651 1638 4714 lege
1664 4649 1726 4699 ab
1745 4662 1800 4699 eo
1815 4652 2052 4699 sancitum

496 4745 599 4781 oese
629 4730 724 4792 ait,
744 4743 806 4780 nc
827 4731 937 4792 quis
958 4730 1198 4782 desereret
1217 4734 1371 4781 artem
1401 4742 1551 4794 quam
1578 4730 1714 4791 pater
1744 4723 2050 4777 exercuerit:

495 4809 545 4858 id
562 4807 698 4857 enim
733 4808 949 4857 avaritiae
969 4821 1071 4859 esse
1094 4809 1286 4859 initium
1318 4808 1536 4871 putabat.
1574 4809 1720 4856 Porro
1758 4820 1908 4870 equos
1937 4821 2053 4857 con·

497 4882 754 4935 scendendi
785 4886 932 4945 atque
957 4885 1150 4947 regendi
1176 4885 1422 4936 scientiam
1448 4900 1561 4936 eum
1602 4886 1813 4948 primum
1838 4884 2056 4934 docuisse

499 4962 633 5012 dicit.
667 4964 974 5023 Quamquam
994 4960 1087 5011 hoc
1109 4963 1188 5012 alii
1209 4963 1270 5013 ad
1292 4966 1475 5014 norum
1494 4964 1726 5014 referunt.

578 5037 658 5088 Vel
676 5039 833 5087 eciam
849 5035 970 5101 non]
986 5041 1079 5087 Aut
1092 5039 1221 5088 enim
1235 5053 1337 5090 esse
1355 5039 1600 5090 desierunt
1614 5039 1860 5089 nonnullae
1879 5039 2052 5087 harum

499 5117 692 5168 urbium
707 5155 720 5178 ‚
739 5119 824 5167 aut
843 5117 1035 5166 nomina
1053 5131 1203 5181 quum
1222 5120 1519 5170 mutaverint
1538 5120 1825 5182 ignor-utura
1844 5131 2053 5182 quonam

498 5196 595 5247 sint
621 5193 844 5245 conditae.
875 5194 1030 5258 liujus
1049 5209 1163 5246 vero
1183 5209 1377 5245 causam
1408 5197 1548 5246 fuisse
1566 5197 1682 5246 dicit
1701 5196 1927 5257 temporis
1952 5195 2053 5244 lon·

2125 740 2401 794 Parisinus
2419 737 2598 793 codex
2607 757 2622 806 3
2647 738 2801 808 cujus
2825 749 3113 793 auctorem
3133 740 3176 793 si
3203 741 3572 795 Buttmannus
3586 759 3688 796 sua

2126 826 2613 900 evulgatisnostris
2629 825 2854 881 scholiis
2874 827 3207 900 excerpsisse
3226 835 3407 900 putat,
3427 828 3595 883 salsus
3607 840 3692 884 est

2125 913 2277 968 haud
2287 912 2479 971 dubie.
2502 914 2768 984 Utrisque
2791 913 3016 967 scholiis
3035 913 3268 968 uberior
3285 913 3409 969 sons
3429 933 3694 969 commu—

2127 1001 2211 1054 nis
2223 1000 2442 1055 subesse
2453 999 2642 1055 debet.
2665 999 2834 1070 Quod
2846 1018 2964 1055 non
2975 1019 3042 1055 ex
3064 1011 3259 1055 nostro
3286 1001 3516 1074 quidem
3533 1002 3691 1070 loco,

2126 1106 2320 1141 verum
2334 1106 2400 1143 ex
2415 1088 2532 1143 aliis
2557 1086 2943 1161 compluribus
2954 1088 3259 1163 colligitur.
3283 1091 3459 1145 Recte
3474 1101 3688 1159 autem,

2126 1193 2246 1229 mea
2278 1175 2505 1247 quidem
2532 1176 2823 1246 sententia,
2846 1176 3213 1231 Buttmannus
3243 1186 3473 1232 annotat
3507 1177 3631 1233 haec
3675 1196 3693 1235 t

2130 1288 2152 1311 «ι
2178 1265 2529 1336 Quamquam
2551 1264 2671 1319 sola
2697 1263 2793 1318 illa
2816 1274 3136 1337 temporum
3169 1266 3492 1319 constitutio
3523 1266 3695 1321 certis

2128 1351 2311 1405 verbis
2337 1351 2542 1406 horum
2561 1352 2994 1424 compilatorum
3008 1358 3194 1425 primo
3211 1355 3352 1410 Vitae
3370 1353 3594 1409 Graeciae
3621 1355 3694 1408 li·

2130 1438 2235 1491 bro
2261 1438 2564 1513 tribuatur,
2594 1450 2780 1493 tamen
2817 1450 3001 1495 cetera
3027 1458 3289 1513 quoque,
3323 1440 3424 1496 etsi
3450 1442 3698 1497 secundo

2131 1524 2278 1578 libro
2299 1525 2368 1579 ab
2383 1525 2489 1580 illis
2499 1526 2733 1599 ascripta
2746 1566 2762 1593 ,
2786 1525 2859 1580 ad
2877 1528 3122 1599 primum
3136 1527 3345 1581 librum
3361 1529 3694 1601 pertinuisse

2131 1630 2247 1666 non
2281 1613 2397 1667 sine
2438 1631 2623 1668 caussa
2661 1613 3024 1686 suspicamur.
3066 1638 3088 1661 υ
3136 1613 3346 1670 Contra
3382 1614 3694 1670 Bunsenius

2131 1701 2406 1772 AEgypten
2428 1701 2659 1756 tom.111
2676 1689 3351 1778 (Urkundenbuch)p.'72{
3370 1726 3392 1750 «ι
3413 1700 3694 1774 Equidem

2132 1797 2283 1839 recte
2301 1802 2415 1839 sese
2436 1785 2644 1839 habere
2665 1785 2944 1840 librorum
2969 1784 3486 1843 denominationem
3505 1788 3694 1842 credi-

2134 1872 2315 1927 derim
2340 1889 2353 1928 :
2381 1890 2512 1926 nam
2538 1872 2597 1925 in
2608 1877 2798 1946 primo
2817 1873 2966 1927 libro
2985 1874 3366 1946 Dicaearchus,
3388 1886 3692 1948 antequam

2134 1959 2206 2015 de
2240 1960 2369 2033 ipsis
2396 1960 2719 2015 Graecorum
2757 1960 3190 2034 antiquitatibus
3213 1972 3269 2016 et
3311 1962 3589 2017 historicis
3635 1976 3700 2018 et

2135 2047 2523 2122 geographicis
2568 2056 2787 2121 ageret,
2840 2048 3060 2121 generis
3092 2048 3324 2103 humani
3375 2049 3695 2122 primordia

2135 2135 2685 2207 veterrimorumque
2728 2133 3080 2207 populorum
3124 2136 3415 2191 historiam
3467 2136 3697 2192 videtur

2139 2220 2449 2296 digessisse,
2497 2223 2559 2274 in
2581 2222 2759 2275 altero
2785 2237 2907 2275 rem
2937 2221 3160 2276 civilem
3186 2223 3263 2278 ita
3310 2234 3593 2294 tractasse,
3628 2235 3697 2279 ut

2136 2310 2381 2381 primum
2411 2308 2646 2363 civitatis
2696 2307 3006 2382 originem,
3045 2307 3252 2365 deinde
3280 2311 3693 2385 antiquissimas

2139 2398 2428 2451 civitatum
2452 2397 2663 2452 formas
2680 2438 2696 2466 ,
2722 2405 2844 2450 tum
2865 2396 3193 2452 Graecorum
3209 2417 3394 2454 mores
3412 2409 3580 2473 atque
3607 2401 3696 2454 in·

2136 2485 2326 2539 stituta
2348 2495 2477 2539 ante
2503 2485 2699 2539 oculos
2720 2494 2979 2558 poneret.
3005 2483 3191 2556 Quare
3228 2486 3368 2541 illud
3406 2487 3695 2561 fragmen-

2140 2582 2256 2626 tum
2274 2614 2290 2645 ,
2334 2590 2450 2644 quo
2504 2573 2651 2646 regis
2683 2568 2952 2627 definitur
2997 2582 3154 2643 aetas,
3196 2591 3268 2629 ex
3309 2575 3531 2647 primo;
3578 2594 3697 2648 quo

2139 2660 2386 2714 instituta
2423 2658 2496 2715 ad
2549 2660 2755 2713 civium
2790 2659 2964 2713 vitam
2998 2662 3364 2734 pertinentia,
3409 2679 3479 2717 ex
3513 2662 3697 2719 altero

2139 2744 2495 2819 desumptum
2524 2757 2623 2802 est.
2648 2771 2671 2796 n
2703 2746 2919 2818 Quibus
2939 2765 3143 2801 vereor
3161 2764 3232 2801 ne
3256 2747 3314 2800 in
3346 2746 3595 2804 diversos
3631 2750 3702 2804 li·

2139 2833 2271 2886 bros
2296 2832 2679 2905 dispescuntur
2713 2851 2836 2905 quae
2863 2843 2928 2887 ut
2957 2851 3152 2888 revera
3190 2832 3488 2905 conjuncta
3522 2847 3652 2891 sunt
3674 2879 3698 2908 ,

2137 2922 2213 2974 sic
2230 2919 2572 2992 conjunctim
2593 2920 2963 2994 philosophus
2981 2910 3320 2995 exposuerit.
3337 2921 3520 2977 Aliam
3531 2910 3699 2978 'diffi-

2139 3008 2401 3063 cultatem
2423 3018 2653 3062 movent
2684 3008 2856 3063 verba
2884 3027 2898 3062 ι
2923 3005 3050 3086 φησὶ
3071 3004 3125 3063 δὲ
3146 3005 3467 3087 Δικαίαρχος
3487 3009 3537 3064 ἐν
3573 3009 3701 3066 δευ-

2138 3090 2270 3171 τέρῳ
2302 3092 2391 3150 καὶ
2422 3091 2735 3162 Ἑλληνικοῦ
2768 3092 2880 3171 βίου
2913 3091 3273 3172 Σεσογχῶσιδι
3317 3094 3695 3171 μεμεληκέναι.

2139 3182 2378 3238 Fuhrius
2397 3201 2457 3256 p.
2496 3201 2598 3237 101
2641 3182 2713 3237 de
2736 3183 2821 3238 his
2840 3184 2915 3239 ita
2940 3186 3162 3239 statuit:
3204 3208 3227 3233 α
3255 3185 3327 3239 In
3339 3187 3526 3259 primo
3545 3187 3700 3243 libro

2138 3270 2234 3325 illa
2269 3272 2443 3346 magis
2480 3271 2737 3325 universa
2773 3271 3049 3345 expositio
3097 3271 3502 3347 chronologica
3529 3285 3584 3330 et
3605 3294 3698 3331 se-

2141 3357 2333 3414 cundo
2397 3358 2690 3432 singularis
2717 3356 2789 3413 de
2825 3360 2942 3414 vita
2989 3359 3181 3416 Graeca
3223 3378 3256 3415 a
3290 3361 3702 3418 Sesonchoside

2139 3447 2200 3500 in
2225 3443 2462 3521 AEgypto
2500 3454 2725 3518 recepta
2769 3447 2968 3502 relatio
3001 3448 3404 3520 comprehensa
3451 3451 3572 3504 fuit.
3630 3453 3700 3505 In

2138 3534 2455 3607 posteriore
2490 3533 2587 3588 illa
2632 3551 2696 3588 re
2721 3533 2994 3590 tradenda
3018 3535 3405 3590 Dicaearchum
3433 3536 3698 3593 credide-

2141 3622 2247 3677 rim
2295 3620 2809 3676 demonstraturum
2836 3622 3000 3677 fuisse
3034 3632 3384 3697 quantopere
3405 3624 3698 3698 peregrini

2139 3711 2312 3764 vitam
2340 3709 2588 3765 Graecam
2619 3711 3017 3783 respexissent,
3056 3728 3243 3783 neque
3289 3711 3570 3766 contraria
3598 3732 3701 3766 ra-

2142 3798 2297 3853 tione
2334 3815 2463 3852 cum
2514 3796 2857 3851 Buttmanno
2897 3798 3184 3854 statuerim
3226 3794 3534 3872 significare
3582 3815 3700 3852 vo-

2141 3884 2334 3953 luisse,
2364 3894 2639 3956 quantum
2668 3885 2782 3938 vita
2809 3884 3007 3940 Graeca
3046 3886 3353 3960 peregrinis
3378 3882 3695 3954 debuisset,

2143 3991 2268 4046 quae
2294 3970 2524 4044 quidem
2567 3971 2945 4045 plurimorum
2987 3974 3324 4045 scriptorum
3364 3970 3698 4027 Graecorum

2140 4060 2412 4115 sententia
2461 4070 2560 4115 est.
2602 4059 2684 4118 Cf.
2726 4057 2966 4115 Diodor.
2994 4057 3059 4129 1,
3092 4059 3186 4117 30.
3231 4083 3254 4109 ι»
3290 4059 3420 4130 Quae
3458 4057 3698 4130 quidem

2141 4147 2339 4203 Fuhrii
2364 4147 2636 4202 sententia
2658 4146 2879 4201 admitti
2903 4149 3120 4220 nequit.
3139 4148 3280 4203 Nam
3301 4146 3459 4219 quid,
3482 4165 3702 4219 quaeso,

2142 4232 2500 4291 Sesonchosis
2526 4253 2676 4289 anno
2704 4234 2854 4304 3722
2884 4252 2933 4291 a.
2965 4234 3025 4291 C.
3057 4252 3088 4289 e
3109 4234 3301 4291 Graeca
3325 4235 3438 4288 vita
3456 4234 3705 4309 inAEgy-

2141 4323 2318 4396 ptiam
2341 4323 2731 4391 .transtulisse,
2775 4321 3046 4395 quidnam
3086 4323 3390 4395 respexisse
3435 4323 3704 4395 putetur?

2145 4408 2520 4481 Quocumque
2547 4417 2600 4462 te
2628 4419 2839 4477 vertaS,
2877 4427 2906 4463 e
2937 4409 3160 4484 vulgata
3185 4427 3406 4464 sensum
3442 4427 3707 4465 commo-

2143 4571 2478 4633 ginquitatem.
2518 4575 2629 4622 Jam
2662 4571 2790 4634 quod
2834 4574 3051 4636 tempora
3083 4572 3285 4634 attinet,
3323 4572 3498 4636 quibus
3527 4573 3702 4623 vixerit

2144 4651 2478 4713 sesonchosis,
2513 4651 2792 4715 Apollonius
2826 4651 2921 4701 hoc
2951 4653 3140 4702 tantum
3183 4651 3302 4702 dicit
3340 4672 3354 4702 ε
3395 4657 3525 4703 salis
3560 4657 3701 4704 enim

2142 4729 2314 4778 multa
2348 4731 2563 4778 interest
2586 4741 2846 4779 annorum
2868 4732 3024 4778 series
3061 4743 3077 4776 .-
3102 4729 3409 4779 Dicaearchus
3431 4744 3548 4780 vero
3576 4731 3701 4781 libro

2142 4804 2298 4868 primo
2319 4807 2430 4868 post
2461 4807 2647 4855 Horum
2662 4842 2678 4865 ,
2707 4805 2847 4857 Isidis
2868 4809 2918 4856 et
2941 4804 3142 4857 Osiridis
3159 4804 3341 4867 filium,
3371 4821 3530 4871 regem
3560 4808 3703 4860 fuisse

2144 4883 2456 4935 fflsonchosin
2476 4885 2570 4948 ait,
2590 4885 2712 4935 adeo
2739 4887 2795 4934 ut
2811 4898 2841 4936 a
2861 4883 3166 4936 sesonchosis
3185 4897 3334 4947 regno
3358 4899 3510 4949 usque
3527 4887 3590 4936 ad
3609 4888 3702 4937 Nili

2145 4974 2343 5024 regnum
2366 4962 2461 5012 sint
2478 4963 2591 5012 anni
2627 4969 2779 5024 2500,
2797 4975 2826 5011 a
2847 4962 2941 5012 Nili
2962 4964 3124 5011 autem
3157 4973 3304 5023 regno
3332 4976 3484 5025 usque
3517 4963 3581 5013 ad
3600 4965 3702 5027 pri-

2145 5052 2272 5088 mam
2292 5038 2624 5101 Olympiadem
2648 5040 2760 5089 anni
2780 5043 2869 5088 436
2883 5076 2898 5102 ,
2921 5038 3124 5101 ideoque
3151 5051 3296 5089 omne
3318 5041 3528 5102 spatium
3548 5055 3708 5104 usque

2144 5115 2204 5166 ad
2228 5115 2305 5166 01.
2330 5122 2348 5165 1
2373 5115 2434 5166 sit
2459 5129 2694 5165 annorum
2714 5121 2854 5167 2936.
