<?xml version="1.0" encoding="UTF-8"?>
<!DOCTYPE html PUBLIC "-//W3C//DTD XHTML 1.0 Transitional//EN"
    "http://www.w3.org/TR/xhtml1/DTD/xhtml1-transitional.dtd">
<html xmlns="http://www.w3.org/1999/xhtml" xml:lang="en" lang="en">
 <head>
  <title>
</title>
<meta http-equiv="Content-Type" content="text/html;charset=utf-8" />
  <meta name='ocr-system' content='tesseract 3.04.00' />
  <meta name='ocr-capabilities' content='ocr_page ocr_carea ocr_par ocr_line ocrx_word'/>
</head>
<body>
  <div class='ocr_page' id='page_1' title='image "./fragmentahistor00mgoog_0256.png"; bbox 0 0 4016 5916; ppageno 0'>
   <div class='ocr_carea' id='block_1_1' title="bbox 412 334 523 385">
    <p class='ocr_par' dir='ltr' id='par_1_1' title="bbox 412 334 523 385">
     <span class='ocr_line' id='line_1_1' title="bbox 412 334 523 385; baseline -0.018 0"><span class='ocrx_word' id='word_1_1' title='bbox 412 334 523 385; x_wconf 80' lang='lat'>202</span> 
     </span>
    </p>
   </div>
   <div class='ocr_carea' id='block_1_2' title="bbox 406 445 1953 522">
    <p class='ocr_par' dir='ltr' id='par_1_2' title="bbox 406 445 1953 522">
     <span class='ocr_line' id='line_1_2' title="bbox 406 445 1953 522; baseline -0.009 -12"><span class='ocrx_word' id='word_1_2' title='bbox 406 458 467 512; x_wconf 89' lang='lat' dir='ltr'>in</span> <span class='ocrx_word' id='word_1_3' title='bbox 499 456 656 509; x_wconf 90' lang='lat' dir='ltr'>libris</span> <span class='ocrx_word' id='word_1_4' title='bbox 680 452 940 507; x_wconf 90' lang='lat' dir='ltr'>omnibus</span> <span class='ocrx_word' id='word_1_5' title='bbox 963 448 1219 522; x_wconf 86' lang='lat' dir='ltr'>quaedam</span> <span class='ocrx_word' id='word_1_6' title='bbox 1242 446 1470 518; x_wconf 85' lang='lat' dir='ltr'>trajecta</span> <span class='ocrx_word' id='word_1_7' title='bbox 1492 457 1620 499; x_wconf 89' lang='lat' dir='ltr'>sunt</span> <span class='ocrx_word' id='word_1_8' title='bbox 1648 456 1702 498; x_wconf 89' lang='lat' dir='ltr'>et</span> <span class='ocrx_word' id='word_1_9' title='bbox 1730 446 1790 498; x_wconf 90' lang='lat' dir='ltr'>in</span> <span class='ocrx_word' id='word_1_10' title='bbox 1822 445 1953 498; x_wconf 86' lang='lat' dir='ltr'>alie-</span> 
     </span>
    </p>
   </div>
   <div class='ocr_carea' id='block_1_3' title="bbox 1565 309 2469 371">
    <p class='ocr_par' dir='ltr' id='par_1_3' title="bbox 1565 309 2469 371">
     <span class='ocr_line' id='line_1_3' title="bbox 1565 309 2469 371; baseline -0.004 0"><span class='ocrx_word' id='word_1_11' title='bbox 1565 314 1611 371; x_wconf 79' lang='lat' dir='ltr'>fl</span> <span class='ocrx_word' id='word_1_12' title='bbox 1625 311 2039 371; x_wconf 74' lang='lat' dir='ltr'>ERACLIDES</span> <span class='ocrx_word' id='word_1_13' title='bbox 2084 309 2469 369; x_wconf 86' lang='lat' dir='ltr'>PONTICUS.</span> 
     </span>
    </p>
   </div>
   <div class='ocr_carea' id='block_1_4' title="bbox 2047 438 3606 514">
    <p class='ocr_par' dir='ltr' id='par_1_4' title="bbox 2047 438 3606 514">
     <span class='ocr_line' id='line_1_4' title="bbox 2047 438 3606 514; baseline -0.002 -17"><span class='ocrx_word' id='word_1_14' title='bbox 2047 445 2358 498; x_wconf 82' lang='lat' dir='ltr'>vicinarum</span> <span class='ocrx_word' id='word_1_15' title='bbox 2379 439 2761 497; x_wconf 86' lang='lat' dir='ltr'>similitudine.</span> <span class='ocrx_word' id='word_1_16' title='bbox 2795 441 2903 514; x_wconf 61' lang='lat' dir='ltr'>[sot</span> <span class='ocrx_word' id='word_1_17' title='bbox 2935 449 3211 511; x_wconf 85' lang='lat' dir='ltr'>tantaeque</span> <span class='ocrx_word' id='word_1_18' title='bbox 3238 438 3417 493; x_wconf 83' lang='lat' dir='ltr'>turbae</span> <span class='ocrx_word' id='word_1_19' title='bbox 3461 457 3606 513; x_wconf 83' lang='lat' dir='ltr'>quo-</span> 
     </span>
    </p>
   </div>
   <div class='ocr_carea' id='block_1_5' title="bbox 406 527 3613 701">
    <p class='ocr_par' dir='ltr' id='par_1_5' title="bbox 406 527 3613 701">
     <span class='ocr_line' id='line_1_5' title="bbox 406 527 3613 611; baseline -0.004 -16"><span class='ocrx_word' id='word_1_20' title='bbox 406 560 536 595; x_wconf 86' lang='lat' dir='ltr'>nam</span> <span class='ocrx_word' id='word_1_21' title='bbox 568 540 756 595; x_wconf 88' lang='lat' dir='ltr'>sedem</span> <span class='ocrx_word' id='word_1_22' title='bbox 797 539 1140 611; x_wconf 84' lang='lat' dir='ltr'>migrarunt3</span> <span class='ocrx_word' id='word_1_23' title='bbox 1180 535 1287 589; x_wconf 91' lang='lat' dir='ltr'>alia</span> <span class='ocrx_word' id='word_1_24' title='bbox 1324 535 1384 587; x_wconf 89' lang='lat' dir='ltr'>in</span> <span class='ocrx_word' id='word_1_25' title='bbox 1415 533 1720 605; x_wconf 74' lang='lat' dir='ltr'>archetypo</span> <span class='ocrx_word' id='word_1_26' title='bbox 1760 531 1848 585; x_wconf 75' lang='lat' dir='ltr'>vel</span> <span class='ocrx_word' id='word_1_27' title='bbox 1885 528 1957 583; x_wconf 89' lang='lat' dir='ltr'>ad</span> <span class='ocrx_word' id='word_1_28' title='bbox 2045 528 2221 586; x_wconf 91' lang='lat' dir='ltr'>modo</span> <span class='ocrx_word' id='word_1_29' title='bbox 2260 538 2395 586; x_wconf 87' lang='lat' dir='ltr'>ortae</span> <span class='ocrx_word' id='word_1_30' title='bbox 2432 530 2579 597; x_wconf 90' lang='lat' dir='ltr'>sint,</span> <span class='ocrx_word' id='word_1_31' title='bbox 2616 528 2828 601; x_wconf 90' lang='lat' dir='ltr'>optime</span> <span class='ocrx_word' id='word_1_32' title='bbox 2873 527 3187 600; x_wconf 81' lang='lat' dir='ltr'>explicatur</span> <span class='ocrx_word' id='word_1_33' title='bbox 3217 528 3260 580; x_wconf 92' lang='lat' dir='ltr'>si</span> <span class='ocrx_word' id='word_1_34' title='bbox 3297 537 3613 582; x_wconf 76' lang='lat' dir='ltr'>statuamus</span> 
     </span>
     <span class='ocr_line' id='line_1_6' title="bbox 406 615 3612 701; baseline -0.003 -20"><span class='ocrx_word' id='word_1_35' title='bbox 406 627 716 701; x_wconf 76' lang='lat' dir='ltr'>marginem</span> <span class='ocrx_word' id='word_1_36' title='bbox 755 625 847 678; x_wconf 78' lang='lat' dir='ltr'>vel</span> <span class='ocrx_word' id='word_1_37' title='bbox 882 625 1030 677; x_wconf 90' lang='lat' dir='ltr'>inter</span> <span class='ocrx_word' id='word_1_38' title='bbox 1068 639 1256 675; x_wconf 79' lang='lat' dir='ltr'>versus</span> <span class='ocrx_word' id='word_1_39' title='bbox 1291 638 1399 693; x_wconf 90' lang='lat' dir='ltr'>pro</span> <span class='ocrx_word' id='word_1_40' title='bbox 1431 637 1551 673; x_wconf 75' lang='lat' dir='ltr'>var.</span> <span class='ocrx_word' id='word_1_41' title='bbox 1592 620 1719 672; x_wconf 88' lang='lat' dir='ltr'>lect.</span> <span class='ocrx_word' id='word_1_42' title='bbox 1766 626 1955 670; x_wconf 87' lang='lat' dir='ltr'>notata</span> <span class='ocrx_word' id='word_1_43' title='bbox 2047 618 2356 692; x_wconf 88' lang='lat' dir='ltr'>fragmenta</span> <span class='ocrx_word' id='word_1_44' title='bbox 2399 626 2586 671; x_wconf 87' lang='lat' dir='ltr'>nostra</span> <span class='ocrx_word' id='word_1_45' title='bbox 2629 616 2854 670; x_wconf 88' lang='lat' dir='ltr'>cinnum</span> <span class='ocrx_word' id='word_1_46' title='bbox 2884 632 2995 669; x_wconf 87' lang='lat' dir='ltr'>esse</span> <span class='ocrx_word' id='word_1_47' title='bbox 3037 632 3104 668; x_wconf 82' lang='lat' dir='ltr'>ex</span> <span class='ocrx_word' id='word_1_48' title='bbox 3131 615 3389 687; x_wconf 87' lang='lat' dir='ltr'>plurib&#39;us</span> <span class='ocrx_word' id='word_1_49' title='bbox 3423 616 3612 690; x_wconf 76' lang='lat' dir='ltr'>iisque</span> 
     </span>
    </p>
   </div>
   <div class='ocr_carea' id='block_1_6' title="bbox 409 702 1955 778">
    <p class='ocr_par' dir='ltr' id='par_1_6' title="bbox 409 702 1955 778">
     <span class='ocr_line' id='line_1_7' title="bbox 409 702 1955 778; baseline -0.007 -11"><span class='ocrx_word' id='word_1_50' title='bbox 409 732 562 767; x_wconf 88' lang='lat' dir='ltr'>nunc</span> <span class='ocrx_word' id='word_1_51' title='bbox 596 712 914 767; x_wconf 83' lang='lat' dir='ltr'>deformant</span> <span class='ocrx_word' id='word_1_52' title='bbox 946 719 1159 764; x_wconf 82' lang='lat' dir='ltr'>textum</span> <span class='ocrx_word' id='word_1_53' title='bbox 1208 726 1220 761; x_wconf 90' lang='lat'>:</span> <span class='ocrx_word' id='word_1_54' title='bbox 1254 706 1506 778; x_wconf 85' lang='lat' dir='ltr'>exempla</span> <span class='ocrx_word' id='word_1_55' title='bbox 1543 716 1705 759; x_wconf 88' lang='lat' dir='ltr'>sunto</span> <span class='ocrx_word' id='word_1_56' title='bbox 1737 704 1807 760; x_wconf 86' lang='lat' dir='ltr'>sr.</span> <span class='ocrx_word' id='word_1_57' title='bbox 1853 702 1955 770; x_wconf 80' lang='lat'>38,</span> 
     </span>
    </p>
   </div>
   <div class='ocr_carea' id='block_1_7' title="bbox 2050 703 3608 776">
    <p class='ocr_par' dir='ltr' id='par_1_7' title="bbox 2050 703 3608 776">
     <span class='ocr_line' id='line_1_8' title="bbox 2050 703 3608 776; baseline -0.001 -17"><span class='ocrx_word' id='word_1_58' title='bbox 2050 705 2278 759; x_wconf 82' lang='lat' dir='ltr'>diversis</span> <span class='ocrx_word' id='word_1_59' title='bbox 2341 704 2499 758; x_wconf 90' lang='lat' dir='ltr'>libris</span> <span class='ocrx_word' id='word_1_60' title='bbox 2555 712 3025 776; x_wconf 85' lang='lat' dir='ltr'>coagmentatmn.</span> <span class='ocrx_word' id='word_1_61' title='bbox 3085 703 3282 757; x_wconf 84' lang='lat' dir='ltr'>Priora</span> <span class='ocrx_word' id='word_1_62' title='bbox 3349 704 3608 776; x_wconf 84' lang='lat' dir='ltr'>quinque</span> 
     </span>
    </p>
   </div>
   <div class='ocr_carea' id='block_1_8' title="bbox 408 789 3596 869">
    <p class='ocr_par' dir='ltr' id='par_1_8' title="bbox 408 789 3596 869">
     <span class='ocr_line' id='line_1_9' title="bbox 408 789 3596 869; baseline -0.003 -13"><span class='ocrx_word' id='word_1_63' title='bbox 408 801 484 857; x_wconf 83' lang='lat' dir='ltr'>fr.</span> <span class='ocrx_word' id='word_1_64' title='bbox 536 819 600 869; x_wconf 88' lang='lat'>17</span> <span class='ocrx_word' id='word_1_65' title='bbox 644 811 815 868; x_wconf 86' lang='lat' dir='ltr'>extr.,</span> <span class='ocrx_word' id='word_1_66' title='bbox 863 798 932 854; x_wconf 82' lang='lat' dir='ltr'>fr.</span> <span class='ocrx_word' id='word_1_67' title='bbox 978 816 1029 864; x_wconf 88' lang='lat'>1,</span> <span class='ocrx_word' id='word_1_68' title='bbox 1072 795 1105 850; x_wconf 80' lang='lat'>3</span> <span class='ocrx_word' id='word_1_69' title='bbox 1148 805 1202 849; x_wconf 91' lang='lat' dir='ltr'>et</span> <span class='ocrx_word' id='word_1_70' title='bbox 1239 812 1327 848; x_wconf 91' lang='lat'>10.</span> <span class='ocrx_word' id='word_1_71' title='bbox 1375 793 1573 847; x_wconf 87' lang='lat' dir='ltr'>Errori</span> <span class='ocrx_word' id='word_1_72' title='bbox 1612 792 1730 845; x_wconf 88' lang='lat' dir='ltr'>haec</span> <span class='ocrx_word' id='word_1_73' title='bbox 1757 791 1959 844; x_wconf 88' lang='lat' dir='ltr'>merito</span> <span class='ocrx_word' id='word_1_74' title='bbox 2050 792 2358 866; x_wconf 83' lang='lat' dir='ltr'>fragmenta</span> <span class='ocrx_word' id='word_1_75' title='bbox 2382 808 2511 845; x_wconf 81' lang='lat' dir='ltr'>vere</span> <span class='ocrx_word' id='word_1_76' title='bbox 2538 791 2768 864; x_wconf 88' lang='lat' dir='ltr'>politica</span> <span class='ocrx_word' id='word_1_77' title='bbox 2793 789 3264 862; x_wconf 82' lang='lat' dir='ltr'>fuerint3reliqua</span> <span class='ocrx_word' id='word_1_78' title='bbox 3280 791 3384 844; x_wconf 85' lang='lat' dir='ltr'>nisi</span> <span class='ocrx_word' id='word_1_79' title='bbox 3407 793 3596 845; x_wconf 88' lang='lat' dir='ltr'>omnia</span> 
     </span>
    </p>
   </div>
   <div class='ocr_carea' id='block_1_9' title="bbox 390 880 2011 5128">
    <p class='ocr_par' dir='ltr' id='par_1_9' title="bbox 390 880 2011 5128">
     <span class='ocr_line' id='line_1_10' title="bbox 412 880 1961 960; baseline -0.007 -19"><span class='ocrx_word' id='word_1_80' title='bbox 412 889 762 960; x_wconf 80' lang='lat' dir='ltr'><strong>imputantur</strong></span> <span class='ocrx_word' id='word_1_81' title='bbox 792 905 805 939; x_wconf 92' lang='lat'>:</span> <span class='ocrx_word' id='word_1_82' title='bbox 837 885 907 939; x_wconf 90' lang='lat' dir='ltr'>ab</span> <span class='ocrx_word' id='word_1_83' title='bbox 934 881 1377 956; x_wconf 82' lang='lat' dir='ltr'>interpolationis</span> <span class='ocrx_word' id='word_1_84' title='bbox 1402 880 1769 953; x_wconf 79' lang='lat' dir='ltr'>protervitate</span> <span class='ocrx_word' id='word_1_85' title='bbox 1794 895 1961 953; x_wconf 89' lang='lat' dir='ltr'>pror-</span> 
     </span>
     <span class='ocr_line' id='line_1_11' title="bbox 411 968 1963 1045; baseline -0.006 -17"><span class='ocrx_word' id='word_1_86' title='bbox 411 994 502 1028; x_wconf 91' lang='lat' dir='ltr'>sus</span> <span class='ocrx_word' id='word_1_87' title='bbox 534 984 759 1042; x_wconf 81' lang='lat' dir='ltr'>vacant,</span> <span class='ocrx_word' id='word_1_88' title='bbox 801 972 981 1026; x_wconf 84' lang='lat' dir='ltr'>doctae</span> <span class='ocrx_word' id='word_1_89' title='bbox 1006 969 1236 1045; x_wconf 90' lang='lat' dir='ltr'>quidem</span> <span class='ocrx_word' id='word_1_90' title='bbox 1268 968 1712 1041; x_wconf 84' lang='lat' dir='ltr'>interpolationis</span> <span class='ocrx_word' id='word_1_91' title='bbox 1750 977 1805 1020; x_wconf 92' lang='lat' dir='ltr'>et</span> <span class='ocrx_word' id='word_1_92' title='bbox 1841 984 1963 1038; x_wconf 87' lang='lat' dir='ltr'>quae</span> 
     </span>
     <span class='ocr_line' id='line_1_12' title="bbox 414 1053 1965 1132; baseline -0.006 -16"><span class='ocrx_word' id='word_1_93' title='bbox 414 1062 605 1117; x_wconf 83' lang='lat' dir='ltr'>fucum</span> <span class='ocrx_word' id='word_1_94' title='bbox 639 1061 821 1115; x_wconf 88' lang='lat' dir='ltr'>facere</span> <span class='ocrx_word' id='word_1_95' title='bbox 859 1056 1235 1132; x_wconf 87' lang='lat' dir='ltr'>prudentibus</span> <span class='ocrx_word' id='word_1_96' title='bbox 1268 1056 1459 1128; x_wconf 88' lang='lat' dir='ltr'>possit.</span> <span class='ocrx_word' id='word_1_97' title='bbox 1500 1056 1679 1108; x_wconf 89' lang='lat' dir='ltr'>Pauca</span> <span class='ocrx_word' id='word_1_98' title='bbox 1711 1053 1965 1125; x_wconf 85' lang='lat' dir='ltr'>quaedam</span> 
     </span>
     <span class='ocr_line' id='line_1_13' title="bbox 415 1141 1967 1221; baseline -0.006 -18"><span class='ocrx_word' id='word_1_99' title='bbox 415 1147 689 1221; x_wconf 87' lang='lat' dir='ltr'>ejusmodi</span> <span class='ocrx_word' id='word_1_100' title='bbox 703 1148 1109 1220; x_wconf 87' lang='lat' dir='ltr'>simplicitatem</span> <span class='ocrx_word' id='word_1_101' title='bbox 1130 1155 1184 1198; x_wconf 89' lang='lat' dir='ltr'>et</span> <span class='ocrx_word' id='word_1_102' title='bbox 1204 1144 1583 1199; x_wconf 84' lang='lat' dir='ltr'>innocentiam</span> <span class='ocrx_word' id='word_1_103' title='bbox 1600 1141 1967 1215; x_wconf 85' lang='lat' dir='ltr'>glossatorum</span> 
     </span>
     <span class='ocr_line' id='line_1_14' title="bbox 411 1224 1967 1309; baseline -0.006 -19"><span class='ocrx_word' id='word_1_104' title='bbox 411 1235 694 1309; x_wconf 85' lang='lat' dir='ltr'>produnt,</span> <span class='ocrx_word' id='word_1_105' title='bbox 723 1234 897 1288; x_wconf 76' lang='lat' dir='ltr'>veluti</span> <span class='ocrx_word' id='word_1_106' title='bbox 923 1232 995 1287; x_wconf 84' lang='lat' dir='ltr'>fr.</span> <span class='ocrx_word' id='word_1_107' title='bbox 1034 1251 1057 1286; x_wconf 88' lang='lat'>1</span> <span class='ocrx_word' id='word_1_108' title='bbox 1081 1274 1094 1300; x_wconf 88' lang='lat'>,</span> <span class='ocrx_word' id='word_1_109' title='bbox 1125 1250 1157 1285; x_wconf 96' lang='grc'><strong>2</strong></span> <span class='ocrx_word' id='word_1_110' title='bbox 1193 1229 1265 1285; x_wconf 90' lang='lat' dir='ltr'>ad</span> <span class='ocrx_word' id='word_1_111' title='bbox 1286 1226 1368 1284; x_wconf 83' lang='grc' dir='ltr'>ἐπ’</span> <span class='ocrx_word' id='word_1_112' title='bbox 1396 1226 1483 1305; x_wconf 85' lang='grc' dir='ltr'>ἴσῃ</span> <span class='ocrx_word' id='word_1_113' title='bbox 1508 1224 1596 1283; x_wconf 76' lang='grc' dir='ltr'>καὶ</span> <span class='ocrx_word' id='word_1_114' title='bbox 1621 1224 1774 1304; x_wconf 71' lang='grc' dir='ltr'>ὁμοίᾳ</span> <span class='ocrx_word' id='word_1_115' title='bbox 1813 1226 1967 1300; x_wconf 88' lang='lat' dir='ltr'>adje-</span> 
     </span>
     <span class='ocr_line' id='line_1_15' title="bbox 417 1314 1967 1397; baseline -0.006 -20"><span class='ocrx_word' id='word_1_116' title='bbox 417 1333 618 1378; x_wconf 90' lang='lat' dir='ltr'>cerunt</span> <span class='ocrx_word' id='word_1_117' title='bbox 639 1322 795 1376; x_wconf 86' lang='lat' dir='ltr'>alteri</span> <span class='ocrx_word' id='word_1_118' title='bbox 820 1317 975 1397; x_wconf 68' lang='grc' dir='ltr'>μοίρᾳ</span> <span class='ocrx_word' id='word_1_119' title='bbox 995 1362 1010 1390; x_wconf 81' lang='lat'>,</span> <span class='ocrx_word' id='word_1_120' title='bbox 1039 1319 1196 1373; x_wconf 88' lang='lat' dir='ltr'>alteri</span> <span class='ocrx_word' id='word_1_121' title='bbox 1218 1318 1373 1391; x_wconf 77' lang='grc' dir='ltr'>τιμῇ;</span> <span class='ocrx_word' id='word_1_122' title='bbox 1401 1317 1471 1373; x_wconf 90' lang='lat' dir='ltr'>sr.</span> <span class='ocrx_word' id='word_1_123' title='bbox 1500 1315 1568 1370; x_wconf 85' lang='lat'>18</span> <span class='ocrx_word' id='word_1_124' title='bbox 1586 1333 1761 1388; x_wconf 90' lang='lat' dir='ltr'>quum</span> <span class='ocrx_word' id='word_1_125' title='bbox 1791 1314 1967 1371; x_wconf 75' lang='grc' dir='ltr'>Φᾶσιν</span> 
     </span>
     <span class='ocr_line' id='line_1_16' title="bbox 417 1397 1970 1484; baseline -0.005 -22"><span class='ocrx_word' id='word_1_126' title='bbox 417 1405 478 1464; x_wconf 83' lang='grc' dir='ltr'>τὸ</span> <span class='ocrx_word' id='word_1_127' title='bbox 520 1406 570 1473; x_wconf 82' lang='grc' dir='ltr'>ἐξ</span> <span class='ocrx_word' id='word_1_128' title='bbox 613 1407 778 1484; x_wconf 73' lang='grc' dir='ltr'>ἀρχῆς</span> <span class='ocrx_word' id='word_1_129' title='bbox 819 1403 1053 1481; x_wconf 82' lang='grc' dir='ltr'>Ἡνίοχοι</span> <span class='ocrx_word' id='word_1_130' title='bbox 1098 1399 1368 1480; x_wconf 81' lang='grc' dir='ltr'><strong>κατῴκουν</strong></span> <span class='ocrx_word' id='word_1_131' title='bbox 1419 1403 1523 1458; x_wconf 85' lang='grc'><strong>51111</strong></span> <span class='ocrx_word' id='word_1_132' title='bbox 1572 1397 1727 1480; x_wconf 74' lang='grc' dir='ltr'>φασὶν</span> <span class='ocrx_word' id='word_1_133' title='bbox 1776 1400 1970 1455; x_wconf 88' lang='lat' dir='ltr'>audire</span> 
     </span>
     <span class='ocr_line' id='line_1_17' title="bbox 418 1487 1968 1570; baseline -0.007 -20"><span class='ocrx_word' id='word_1_134' title='bbox 418 1495 767 1562; x_wconf 76' lang='lat' dir='ltr'>viderentur,</span> <span class='ocrx_word' id='word_1_135' title='bbox 795 1490 949 1570; x_wconf 74' lang='grc' dir='ltr'>φασὶν</span> <span class='ocrx_word' id='word_1_136' title='bbox 973 1495 1039 1555; x_wconf 76' lang='grc' dir='ltr'>ὣς</span> <span class='ocrx_word' id='word_1_137' title='bbox 1059 1487 1117 1545; x_wconf 79' lang='grc' dir='ltr'>τὸ</span> <span class='ocrx_word' id='word_1_138' title='bbox 1139 1490 1256 1545; x_wconf 85' lang='grc' dir='ltr'>κτλ.</span> <span class='ocrx_word' id='word_1_139' title='bbox 1281 1500 1593 1563; x_wconf 89' lang='lat' dir='ltr'>posuerunt</span> <span class='ocrx_word' id='word_1_140' title='bbox 1620 1498 1727 1543; x_wconf 93' lang='lat' dir='ltr'>etc.</span> <span class='ocrx_word' id='word_1_141' title='bbox 1761 1518 1839 1530; x_wconf 92' lang='lat'><strong>—</strong></span> <span class='ocrx_word' id='word_1_142' title='bbox 1864 1488 1968 1544; x_wconf 86' lang='grc' dir='ltr'>ΛΙ-</span> 
     </span>
     <span class='ocr_line' id='line_1_18' title="bbox 420 1573 1973 1652; baseline -0.005 -17"><span class='ocrx_word' id='word_1_143' title='bbox 420 1593 511 1635; x_wconf 87' lang='grc'>101</span> <span class='ocrx_word' id='word_1_144' title='bbox 528 1590 715 1635; x_wconf 90' lang='lat' dir='ltr'>autem</span> <span class='ocrx_word' id='word_1_145' title='bbox 742 1579 1004 1633; x_wconf 88' lang='lat' dir='ltr'>librarius</span> <span class='ocrx_word' id='word_1_146' title='bbox 1029 1576 1316 1652; x_wconf 82' lang='lat' dir='ltr'>(dicebam</span> <span class='ocrx_word' id='word_1_147' title='bbox 1345 1577 1494 1630; x_wconf 89' lang='lat' dir='ltr'>enim</span> <span class='ocrx_word' id='word_1_148' title='bbox 1516 1575 1809 1629; x_wconf 89' lang='lat' dir='ltr'>minimum</span> <span class='ocrx_word' id='word_1_149' title='bbox 1830 1573 1973 1628; x_wconf 90' lang='lat' dir='ltr'>duos</span> 
     </span>
     <span class='ocr_line' id='line_1_19' title="bbox 420 1660 1974 1739; baseline -0.006 -16"><span class='ocrx_word' id='word_1_150' title='bbox 420 1668 784 1739; x_wconf 82' lang='lat' dir='ltr'>archetypum</span> <span class='ocrx_word' id='word_1_151' title='bbox 851 1664 1106 1720; x_wconf 87' lang='lat' dir='ltr'>codicem</span> <span class='ocrx_word' id='word_1_152' title='bbox 1163 1660 1545 1738; x_wconf 83' lang='lat' dir='ltr'>descripsisse)</span> <span class='ocrx_word' id='word_1_153' title='bbox 1599 1662 1974 1736; x_wconf 87' lang='lat' dir='ltr'>superstitiose</span> 
     </span>
     <span class='ocr_line' id='line_1_20' title="bbox 424 1747 1977 1826; baseline -0.005 -17"><span class='ocrx_word' id='word_1_154' title='bbox 424 1754 707 1826; x_wconf 86' lang='lat' dir='ltr'>exemplar</span> <span class='ocrx_word' id='word_1_155' title='bbox 734 1770 896 1806; x_wconf 92' lang='lat' dir='ltr'>suum</span> <span class='ocrx_word' id='word_1_156' title='bbox 924 1752 1166 1805; x_wconf 87' lang='lat' dir='ltr'>imitatus</span> <span class='ocrx_word' id='word_1_157' title='bbox 1190 1760 1268 1804; x_wconf 92' lang='lat' dir='ltr'>est</span> <span class='ocrx_word' id='word_1_158' title='bbox 1285 1791 1301 1819; x_wconf 89' lang='lat'>,</span> <span class='ocrx_word' id='word_1_159' title='bbox 1325 1751 1464 1803; x_wconf 90' lang='lat' dir='ltr'>alter</span> <span class='ocrx_word' id='word_1_160' title='bbox 1488 1750 1637 1803; x_wconf 86' lang='lat' dir='ltr'>lectu</span> <span class='ocrx_word' id='word_1_161' title='bbox 1657 1747 1977 1803; x_wconf 87' lang='lat' dir='ltr'>difficiliora</span> 
     </span>
     <span class='ocr_line' id='line_1_21' title="bbox 423 1835 1979 1895; baseline -0.003 -1"><span class='ocrx_word' id='word_1_162' title='bbox 423 1841 742 1895; x_wconf 81' lang='lat' dir='ltr'>transmisit.</span> <span class='ocrx_word' id='word_1_163' title='bbox 771 1840 978 1894; x_wconf 87' lang='lat' dir='ltr'>Prioris</span> <span class='ocrx_word' id='word_1_164' title='bbox 1008 1838 1224 1892; x_wconf 68' lang='lat' dir='ltr'>familiae</span> <span class='ocrx_word' id='word_1_165' title='bbox 1246 1836 1509 1891; x_wconf 86' lang='lat' dir='ltr'>codicum</span> <span class='ocrx_word' id='word_1_166' title='bbox 1526 1846 1687 1890; x_wconf 89' lang='lat' dir='ltr'>testes</span> <span class='ocrx_word' id='word_1_167' title='bbox 1712 1835 1979 1890; x_wconf 87' lang='lat' dir='ltr'>habemus</span> 
     </span>
     <span class='ocr_line' id='line_1_22' title="bbox 425 1921 1978 1996; baseline -0.005 -14"><span class='ocrx_word' id='word_1_168' title='bbox 425 1939 563 1995; x_wconf 79' lang='lat' dir='ltr'>treS,</span> <span class='ocrx_word' id='word_1_169' title='bbox 591 1927 744 1982; x_wconf 86' lang='lat' dir='ltr'>ABC</span> <span class='ocrx_word' id='word_1_170' title='bbox 761 1968 776 1995; x_wconf 88' lang='lat'><strong>‚</strong></span> <span class='ocrx_word' id='word_1_171' title='bbox 807 1926 1031 1980; x_wconf 88' lang='lat' dir='ltr'>alterius</span> <span class='ocrx_word' id='word_1_172' title='bbox 1059 1925 1306 1996; x_wconf 89' lang='lat' dir='ltr'>reliquos</span> <span class='ocrx_word' id='word_1_173' title='bbox 1325 1965 1339 1992; x_wconf 91' lang='lat'>,</span> <span class='ocrx_word' id='word_1_174' title='bbox 1369 1924 1464 1995; x_wconf 91' lang='lat' dir='ltr'>qui</span> <span class='ocrx_word' id='word_1_175' title='bbox 1489 1964 1505 1992; x_wconf 89' lang='lat'>‚</span> <span class='ocrx_word' id='word_1_176' title='bbox 1533 1932 1597 1977; x_wconf 91' lang='lat' dir='ltr'>ut</span> <span class='ocrx_word' id='word_1_177' title='bbox 1630 1921 1692 1976; x_wconf 86' lang='lat' dir='ltr'>fit</span> <span class='ocrx_word' id='word_1_178' title='bbox 1722 1924 1782 1977; x_wconf 91' lang='lat' dir='ltr'>in</span> <span class='ocrx_word' id='word_1_179' title='bbox 1808 1924 1978 1993; x_wconf 50' lang='lat' dir='ltr'>noviff-</span> 
     </span>
     <span class='ocr_line' id='line_1_23' title="bbox 426 2011 1981 2086; baseline -0.003 -18"><span class='ocrx_word' id='word_1_180' title='bbox 426 2015 525 2068; x_wconf 89' lang='lat' dir='ltr'>ciis</span> <span class='ocrx_word' id='word_1_181' title='bbox 545 2014 702 2068; x_wconf 90' lang='lat' dir='ltr'>libris</span> <span class='ocrx_word' id='word_1_182' title='bbox 719 2054 735 2082; x_wconf 89' lang='lat'>‚</span> <span class='ocrx_word' id='word_1_183' title='bbox 759 2012 959 2086; x_wconf 87' lang='lat' dir='ltr'>singuli</span> <span class='ocrx_word' id='word_1_184' title='bbox 992 2012 1221 2085; x_wconf 86' lang='lat' dir='ltr'>singulis</span> <span class='ocrx_word' id='word_1_185' title='bbox 1249 2011 1535 2065; x_wconf 83' lang='lat' dir='ltr'>erroribus</span> <span class='ocrx_word' id='word_1_186' title='bbox 1562 2011 1833 2084; x_wconf 88' lang='lat' dir='ltr'>inquinati</span> <span class='ocrx_word' id='word_1_187' title='bbox 1856 2021 1981 2065; x_wconf 90' lang='lat' dir='ltr'>sunt</span> 
     </span>
     <span class='ocr_line' id='line_1_24' title="bbox 427 2098 1981 2173; baseline -0.001 -19"><span class='ocrx_word' id='word_1_188' title='bbox 427 2101 533 2155; x_wconf 90' lang='lat' dir='ltr'>sibi</span> <span class='ocrx_word' id='word_1_189' title='bbox 558 2100 955 2173; x_wconf 83' lang='lat' dir='ltr'>peculiaribus,</span> <span class='ocrx_word' id='word_1_190' title='bbox 986 2100 1153 2153; x_wconf 87' lang='lat' dir='ltr'>Prior</span> <span class='ocrx_word' id='word_1_191' title='bbox 1179 2098 1383 2151; x_wconf 85' lang='lat' dir='ltr'>familia</span> <span class='ocrx_word' id='word_1_192' title='bbox 1421 2115 1597 2169; x_wconf 89' lang='lat' dir='ltr'>eaque</span> <span class='ocrx_word' id='word_1_193' title='bbox 1638 2098 1805 2171; x_wconf 85' lang='lat' dir='ltr'>longe</span> <span class='ocrx_word' id='word_1_194' title='bbox 1836 2100 1981 2153; x_wconf 89' lang='lat' dir='ltr'>inte-</span> 
     </span>
     <span class='ocr_line' id='line_1_25' title="bbox 428 2181 1978 2262; baseline -0.001 -22"><span class='ocrx_word' id='word_1_195' title='bbox 428 2189 585 2262; x_wconf 89' lang='lat' dir='ltr'>grior</span> <span class='ocrx_word' id='word_1_196' title='bbox 612 2187 959 2240; x_wconf 71' lang='lat' dir='ltr'>conservavit</span> <span class='ocrx_word' id='word_1_197' title='bbox 984 2204 1107 2257; x_wconf 79' lang='lat' dir='ltr'>quae</span> <span class='ocrx_word' id='word_1_198' title='bbox 1129 2186 1187 2237; x_wconf 90' lang='lat' dir='ltr'>in</span> <span class='ocrx_word' id='word_1_199' title='bbox 1215 2186 1386 2239; x_wconf 86' lang='lat' dir='ltr'>altera</span> <span class='ocrx_word' id='word_1_200' title='bbox 1403 2183 1622 2241; x_wconf 88' lang='lat' dir='ltr'>desunt.</span> <span class='ocrx_word' id='word_1_201' title='bbox 1647 2181 1713 2242; x_wconf 88' lang='lat' dir='ltr'>V.</span> <span class='ocrx_word' id='word_1_202' title='bbox 1738 2186 1807 2241; x_wconf 82' lang='lat' dir='ltr'>fr.</span> <span class='ocrx_word' id='word_1_203' title='bbox 1839 2204 1897 2259; x_wconf 87' lang='lat'>9,</span> <span class='ocrx_word' id='word_1_204' title='bbox 1924 2204 1978 2239; x_wconf 84' lang='lat'>2.</span> 
     </span>
     <span class='ocr_line' id='line_1_26' title="bbox 434 2271 1986 2342; baseline -0.003 -11"><span class='ocrx_word' id='word_1_205' title='bbox 434 2295 522 2331; x_wconf 87' lang='grc'>11.</span> <span class='ocrx_word' id='word_1_206' title='bbox 564 2293 655 2330; x_wconf 88' lang='grc'>20.</span> <span class='ocrx_word' id='word_1_207' title='bbox 701 2292 797 2330; x_wconf 83' lang='grc'>22.</span> <span class='ocrx_word' id='word_1_208' title='bbox 830 2271 926 2327; x_wconf 81' lang='grc'>25.</span> <span class='ocrx_word' id='word_1_209' title='bbox 960 2291 1054 2342; x_wconf 82' lang='lat'>27.</span> <span class='ocrx_word' id='word_1_210' title='bbox 1097 2272 1200 2340; x_wconf 85' lang='lat'>31,</span> <span class='ocrx_word' id='word_1_211' title='bbox 1249 2291 1297 2328; x_wconf 91' lang='lat'>1.</span> <span class='ocrx_word' id='word_1_212' title='bbox 1338 2272 1441 2341; x_wconf 83' lang='grc'>32,</span> <span class='ocrx_word' id='word_1_213' title='bbox 1474 2290 1531 2325; x_wconf 87' lang='grc'>2.</span> <span class='ocrx_word' id='word_1_214' title='bbox 1576 2272 1782 2326; x_wconf 86' lang='lat' dir='ltr'>Contra</span> <span class='ocrx_word' id='word_1_215' title='bbox 1810 2272 1896 2326; x_wconf 92' lang='lat' dir='ltr'>bis</span> <span class='ocrx_word' id='word_1_216' title='bbox 1926 2274 1986 2326; x_wconf 90' lang='lat' dir='ltr'>in</span> 
     </span>
     <span class='ocr_line' id='line_1_27' title="bbox 429 2358 1987 2436; baseline -0.001 -21"><span class='ocrx_word' id='word_1_217' title='bbox 429 2362 624 2436; x_wconf 91' lang='lat' dir='ltr'>priore</span> <span class='ocrx_word' id='word_1_218' title='bbox 666 2362 975 2432; x_wconf 88' lang='lat' dir='ltr'>intercepta</span> <span class='ocrx_word' id='word_1_219' title='bbox 1018 2370 1147 2413; x_wconf 91' lang='lat' dir='ltr'>sunt</span> <span class='ocrx_word' id='word_1_220' title='bbox 1189 2359 1458 2432; x_wconf 88' lang='lat' dir='ltr'>paucula,</span> <span class='ocrx_word' id='word_1_221' title='bbox 1504 2377 1626 2430; x_wconf 81' lang='lat' dir='ltr'>que</span> <span class='ocrx_word' id='word_1_222' title='bbox 1679 2358 1987 2413; x_wconf 87' lang='lat' dir='ltr'>deteriores</span> 
     </span>
     <span class='ocr_line' id='line_1_28' title="bbox 433 2443 1987 2517; baseline -0.003 -15"><span class='ocrx_word' id='word_1_223' title='bbox 433 2447 838 2503; x_wconf 87' lang='lat' dir='ltr'>custodierunt.</span> <span class='ocrx_word' id='word_1_224' title='bbox 868 2448 937 2501; x_wconf 85' lang='lat' dir='ltr'>V.</span> <span class='ocrx_word' id='word_1_225' title='bbox 981 2445 1052 2501; x_wconf 84' lang='lat' dir='ltr'>fr.</span> <span class='ocrx_word' id='word_1_226' title='bbox 1079 2443 1142 2515; x_wconf 86' lang='lat'>8,</span> <span class='ocrx_word' id='word_1_227' title='bbox 1175 2463 1231 2498; x_wconf 82' lang='grc'>2.</span> <span class='ocrx_word' id='word_1_228' title='bbox 1283 2443 1348 2514; x_wconf 86' lang='grc'>3,</span> <span class='ocrx_word' id='word_1_229' title='bbox 1383 2465 1438 2515; x_wconf 85' lang='lat'>7.</span> <span class='ocrx_word' id='word_1_230' title='bbox 1483 2445 1749 2500; x_wconf 89' lang='lat' dir='ltr'>Similiter</span> <span class='ocrx_word' id='word_1_231' title='bbox 1776 2445 1987 2517; x_wconf 90' lang='lat' dir='ltr'>ubique</span> 
     </span>
     <span class='ocr_line' id='line_1_29' title="bbox 431 2532 1990 2605; baseline -0.003 -15"><span class='ocrx_word' id='word_1_232' title='bbox 431 2535 730 2590; x_wconf 85' lang='lat' dir='ltr'>discrimen</span> <span class='ocrx_word' id='word_1_233' title='bbox 756 2534 1049 2605; x_wconf 88' lang='lat' dir='ltr'>utriusque</span> <span class='ocrx_word' id='word_1_234' title='bbox 1091 2532 1310 2586; x_wconf 82' lang='lat' dir='ltr'>familiae</span> <span class='ocrx_word' id='word_1_235' title='bbox 1346 2533 1487 2585; x_wconf 89' lang='lat' dir='ltr'>mira</span> <span class='ocrx_word' id='word_1_236' title='bbox 1528 2533 1815 2604; x_wconf 72' lang='lat' dir='ltr'>scripturae</span> <span class='ocrx_word' id='word_1_237' title='bbox 1862 2550 1990 2585; x_wconf 91' lang='lat' dir='ltr'>con·</span> 
     </span>
     <span class='ocr_line' id='line_1_30' title="bbox 429 2619 1992 2696; baseline -0.003 -18"><span class='ocrx_word' id='word_1_238' title='bbox 429 2624 626 2678; x_wconf 84' lang='lat' dir='ltr'>stantia</span> <span class='ocrx_word' id='word_1_239' title='bbox 642 2620 974 2696; x_wconf 88' lang='lat' dir='ltr'>proditur...</span> <span class='ocrx_word' id='word_1_240' title='bbox 994 2621 1204 2673; x_wconf 87' lang='lat' dir='ltr'>Tamen</span> <span class='ocrx_word' id='word_1_241' title='bbox 1221 2637 1451 2691; x_wconf 89' lang='lat' dir='ltr'>prorsus</span> <span class='ocrx_word' id='word_1_242' title='bbox 1478 2621 1661 2692; x_wconf 82' lang='lat' dir='ltr'>respui</span> <span class='ocrx_word' id='word_1_243' title='bbox 1687 2619 1992 2674; x_wconf 86' lang='lat' dir='ltr'>deteriores</span> 
     </span>
     <span class='ocr_line' id='line_1_31' title="bbox 433 2704 1991 2779; baseline -0.003 -16"><span class='ocrx_word' id='word_1_244' title='bbox 433 2708 658 2764; x_wconf 85' lang='lat' dir='ltr'>codices</span> <span class='ocrx_word' id='word_1_245' title='bbox 683 2725 800 2761; x_wconf 91' lang='lat' dir='ltr'>non</span> <span class='ocrx_word' id='word_1_246' title='bbox 822 2716 1089 2779; x_wconf 87' lang='lat' dir='ltr'>poterant</span> <span class='ocrx_word' id='word_1_247' title='bbox 1117 2724 1131 2759; x_wconf 74' lang='grc' dir='ltr'>ε</span> <span class='ocrx_word' id='word_1_248' title='bbox 1174 2724 1305 2759; x_wconf 88' lang='grc'><strong>113111</strong></span> <span class='ocrx_word' id='word_1_249' title='bbox 1336 2705 1406 2760; x_wconf 90' lang='lat' dir='ltr'>ad</span> <span class='ocrx_word' id='word_1_250' title='bbox 1435 2704 1605 2759; x_wconf 81' lang='lat' dir='ltr'>fidem</span> <span class='ocrx_word' id='word_1_251' title='bbox 1631 2706 1991 2761; x_wconf 87' lang='lat' dir='ltr'>librariorum</span> 
     </span>
     <span class='ocr_line' id='line_1_32' title="bbox 434 2791 1992 2867; baseline -0.001 -19"><span class='ocrx_word' id='word_1_252' title='bbox 434 2797 531 2867; x_wconf 91' lang='lat' dir='ltr'>qui</span> <span class='ocrx_word' id='word_1_253' title='bbox 571 2794 833 2847; x_wconf 88' lang='lat' dir='ltr'>meliores</span> <span class='ocrx_word' id='word_1_254' title='bbox 874 2791 1316 2865; x_wconf 84' lang='lat' dir='ltr'>descripserant,</span> <span class='ocrx_word' id='word_1_255' title='bbox 1364 2810 1482 2846; x_wconf 90' lang='lat' dir='ltr'>non</span> <span class='ocrx_word' id='word_1_256' title='bbox 1520 2795 1753 2866; x_wconf 83' lang='lat' dir='ltr'>exiguus</span> <span class='ocrx_word' id='word_1_257' title='bbox 1796 2802 1992 2867; x_wconf 87' lang='lat' dir='ltr'>stupor</span> 
     </span>
     <span class='ocr_line' id='line_1_33' title="bbox 434 2879 1995 2953; baseline -0.001 -17"><span class='ocrx_word' id='word_1_258' title='bbox 434 2883 690 2950; x_wconf 85' lang='lat' dir='ltr'>accessit,</span> <span class='ocrx_word' id='word_1_259' title='bbox 722 2879 875 2934; x_wconf 89' lang='lat' dir='ltr'>unde</span> <span class='ocrx_word' id='word_1_260' title='bbox 915 2898 1056 2953; x_wconf 87' lang='lat' dir='ltr'>saepe</span> <span class='ocrx_word' id='word_1_261' title='bbox 1085 2898 1322 2934; x_wconf 90' lang='lat' dir='ltr'>numero</span> <span class='ocrx_word' id='word_1_262' title='bbox 1346 2879 1501 2934; x_wconf 85' lang='lat' dir='ltr'>ABC</span> <span class='ocrx_word' id='word_1_263' title='bbox 1528 2879 1835 2935; x_wconf 87' lang='lat' dir='ltr'>futilissima</span> <span class='ocrx_word' id='word_1_264' title='bbox 1860 2882 1995 2935; x_wconf 77' lang='lat' dir='ltr'>vitia</span> 
     </span>
     <span class='ocr_line' id='line_1_34' title="bbox 437 2966 1991 3040; baseline 0.001 -18"><span class='ocrx_word' id='word_1_265' title='bbox 437 2969 706 3037; x_wconf 85' lang='lat' dir='ltr'>offerunt,</span> <span class='ocrx_word' id='word_1_266' title='bbox 737 2986 772 3022; x_wconf 86' lang='lat' dir='ltr'>a</span> <span class='ocrx_word' id='word_1_267' title='bbox 798 2966 1005 3040; x_wconf 91' lang='lat' dir='ltr'>quibus</span> <span class='ocrx_word' id='word_1_268' title='bbox 1042 2968 1316 3021; x_wconf 89' lang='lat' dir='ltr'>immunes</span> <span class='ocrx_word' id='word_1_269' title='bbox 1336 2978 1466 3021; x_wconf 90' lang='lat' dir='ltr'>sunt</span> <span class='ocrx_word' id='word_1_270' title='bbox 1484 2968 1615 3021; x_wconf 90' lang='lat' dir='ltr'>libri</span> <span class='ocrx_word' id='word_1_271' title='bbox 1651 2967 1957 3023; x_wconf 85' lang='lat' dir='ltr'>deteriores</span> <span class='ocrx_word' id='word_1_272' title='bbox 1974 3009 1991 3039; x_wconf 90' lang='lat'>,</span> 
     </span>
     <span class='ocr_line' id='line_1_35' title="bbox 437 3053 1992 3127; baseline -0.002 -20"><span class='ocrx_word' id='word_1_273' title='bbox 437 3072 681 3127; x_wconf 90' lang='lat' dir='ltr'>quorum</span> <span class='ocrx_word' id='word_1_274' title='bbox 700 3054 1020 3108; x_wconf 87' lang='lat' dir='ltr'>auctoritati</span> <span class='ocrx_word' id='word_1_275' title='bbox 1044 3054 1196 3108; x_wconf 87' lang='lat' dir='ltr'>haud</span> <span class='ocrx_word' id='word_1_276' title='bbox 1220 3072 1350 3109; x_wconf 91' lang='lat' dir='ltr'>raro</span> <span class='ocrx_word' id='word_1_277' title='bbox 1376 3053 1801 3126; x_wconf 86' lang='lat' dir='ltr'>obsequendum</span> <span class='ocrx_word' id='word_1_278' title='bbox 1826 3055 1950 3109; x_wconf 85' lang='lat' dir='ltr'>fuit.</span> <span class='ocrx_word' id='word_1_279' title='bbox 1970 3081 1992 3104; x_wconf 69' lang='lat'>‚2</span> 
     </span>
     <span class='ocr_line' id='line_1_36' title="bbox 436 3139 1859 3210; baseline 0.001 -15"><span class='ocrx_word' id='word_1_280' title='bbox 436 3139 817 3210; x_wconf 84' lang='lat' dir='ltr'>Hactenusde</span> <span class='ocrx_word' id='word_1_281' title='bbox 846 3141 1061 3194; x_wconf 86' lang='lat' dir='ltr'>ratione</span> <span class='ocrx_word' id='word_1_282' title='bbox 1086 3139 1351 3194; x_wconf 90' lang='lat' dir='ltr'>codicum</span> <span class='ocrx_word' id='word_1_283' title='bbox 1379 3140 1859 3197; x_wconf 86' lang='lat' dir='ltr'>Schneidewinus.</span> 
     </span>
     <span class='ocr_line' id='line_1_37' title="bbox 516 3227 1996 3303; baseline 0.003 -21"><span class='ocrx_word' id='word_1_284' title='bbox 516 3230 710 3283; x_wconf 86' lang='lat' dir='ltr'>Restat</span> <span class='ocrx_word' id='word_1_285' title='bbox 722 3239 786 3282; x_wconf 92' lang='lat' dir='ltr'>ut</span> <span class='ocrx_word' id='word_1_286' title='bbox 796 3227 1104 3297; x_wconf 77' lang='lat' dir='ltr'>videamus,</span> <span class='ocrx_word' id='word_1_287' title='bbox 1120 3227 1259 3300; x_wconf 92' lang='lat' dir='ltr'>quid</span> <span class='ocrx_word' id='word_1_288' title='bbox 1273 3228 1344 3283; x_wconf 91' lang='lat' dir='ltr'>de</span> <span class='ocrx_word' id='word_1_289' title='bbox 1355 3228 1794 3303; x_wconf 85' lang='lat' dir='ltr'>fragmentorum</span> <span class='ocrx_word' id='word_1_290' title='bbox 1806 3229 1996 3286; x_wconf 81' lang='lat' dir='ltr'>imlole</span> 
     </span>
     <span class='ocr_line' id='line_1_38' title="bbox 444 3315 1995 3390; baseline 0.001 -19"><span class='ocrx_word' id='word_1_291' title='bbox 444 3327 499 3371; x_wconf 91' lang='lat' dir='ltr'>et</span> <span class='ocrx_word' id='word_1_292' title='bbox 528 3318 748 3390; x_wconf 82' lang='lat' dir='ltr'>origine</span> <span class='ocrx_word' id='word_1_293' title='bbox 766 3317 877 3370; x_wconf 82' lang='lat' dir='ltr'>viri</span> <span class='ocrx_word' id='word_1_294' title='bbox 901 3315 1056 3370; x_wconf 86' lang='lat' dir='ltr'>docti</span> <span class='ocrx_word' id='word_1_295' title='bbox 1086 3327 1363 3370; x_wconf 85' lang='lat' dir='ltr'>censeant.</span> <span class='ocrx_word' id='word_1_296' title='bbox 1399 3318 1617 3372; x_wconf 88' lang='lat' dir='ltr'>Primus</span> <span class='ocrx_word' id='word_1_297' title='bbox 1638 3319 1695 3371; x_wconf 92' lang='lat' dir='ltr'>in</span> <span class='ocrx_word' id='word_1_298' title='bbox 1712 3318 1856 3372; x_wconf 88' lang='lat' dir='ltr'>hane</span> <span class='ocrx_word' id='word_1_299' title='bbox 1876 3336 1995 3372; x_wconf 89' lang='lat' dir='ltr'>rem</span> 
     </span>
     <span class='ocr_line' id='line_1_39' title="bbox 390 3401 1998 3478; baseline 0.002 -21"><span class='ocrx_word' id='word_1_300' title='bbox 390 3447 399 3457; x_wconf 96' lang='lat'>.</span> <span class='ocrx_word' id='word_1_301' title='bbox 439 3403 727 3474; x_wconf 83' lang='lat' dir='ltr'>inquisivit</span> <span class='ocrx_word' id='word_1_302' title='bbox 768 3404 1085 3457; x_wconf 66' lang='lat' dir='ltr'>Ronanus.</span> <span class='ocrx_word' id='word_1_303' title='bbox 1121 3404 1234 3474; x_wconf 89' lang='lat' dir='ltr'>Qui</span> <span class='ocrx_word' id='word_1_304' title='bbox 1276 3421 1400 3476; x_wconf 86' lang='lat' dir='ltr'>quae</span> <span class='ocrx_word' id='word_1_305' title='bbox 1427 3403 1715 3459; x_wconf 69' lang='lat' dir='ltr'>verbosius</span> <span class='ocrx_word' id='word_1_306' title='bbox 1743 3401 1998 3478; x_wconf 84' lang='lat' dir='ltr'>disputa-</span> 
     </span>
     <span class='ocr_line' id='line_1_40' title="bbox 441 3489 1993 3563; baseline 0.004 -21"><span class='ocrx_word' id='word_1_307' title='bbox 441 3491 547 3558; x_wconf 74' lang='lat' dir='ltr'>vit,</span> <span class='ocrx_word' id='word_1_308' title='bbox 570 3507 635 3545; x_wconf 90' lang='lat' dir='ltr'>ea</span> <span class='ocrx_word' id='word_1_309' title='bbox 658 3490 852 3563; x_wconf 89' lang='lat' dir='ltr'>paucis</span> <span class='ocrx_word' id='word_1_310' title='bbox 877 3489 1378 3562; x_wconf 88' lang='lat' dir='ltr'>comprehendam.</span> <span class='ocrx_word' id='word_1_311' title='bbox 1404 3491 1740 3547; x_wconf 88' lang='lat' dir='ltr'>Heraclidea</span> <span class='ocrx_word' id='word_1_312' title='bbox 1775 3503 1962 3548; x_wconf 87' lang='lat' dir='ltr'>nostra</span> <span class='ocrx_word' id='word_1_313' title='bbox 1978 3534 1993 3561; x_wconf 91' lang='lat'>,</span> 
     </span>
     <span class='ocr_line' id='line_1_41' title="bbox 442 3574 1994 3652; baseline 0.001 -22"><span class='ocrx_word' id='word_1_314' title='bbox 442 3578 550 3644; x_wconf 90' lang='lat' dir='ltr'>ait,</span> <span class='ocrx_word' id='word_1_315' title='bbox 582 3574 791 3631; x_wconf 77' lang='lat' dir='ltr'>diversi</span> <span class='ocrx_word' id='word_1_316' title='bbox 817 3587 946 3631; x_wconf 89' lang='lat' dir='ltr'>sunt</span> <span class='ocrx_word' id='word_1_317' title='bbox 981 3578 1202 3650; x_wconf 89' lang='lat' dir='ltr'>generis</span> <span class='ocrx_word' id='word_1_318' title='bbox 1228 3595 1242 3631; x_wconf 78' lang='lat' dir='ltr'>t</span> <span class='ocrx_word' id='word_1_319' title='bbox 1272 3578 1380 3632; x_wconf 87' lang='lat' dir='ltr'>alia</span> <span class='ocrx_word' id='word_1_320' title='bbox 1422 3596 1618 3632; x_wconf 89' lang='lat' dir='ltr'>eorum</span> <span class='ocrx_word' id='word_1_321' title='bbox 1656 3578 1994 3652; x_wconf 85' lang='lat' dir='ltr'>fragmenta,</span> 
     </span>
     <span class='ocr_line' id='line_1_42' title="bbox 442 3663 1994 3736; baseline 0.002 -19"><span class='ocrx_word' id='word_1_322' title='bbox 442 3663 549 3717; x_wconf 88' lang='lat' dir='ltr'>alia</span> <span class='ocrx_word' id='word_1_323' title='bbox 581 3664 854 3736; x_wconf 86' lang='lat' dir='ltr'>epitomas</span> <span class='ocrx_word' id='word_1_324' title='bbox 881 3663 1069 3719; x_wconf 91' lang='lat' dir='ltr'>dicere</span> <span class='ocrx_word' id='word_1_325' title='bbox 1096 3664 1228 3719; x_wconf 91' lang='lat' dir='ltr'>licet</span> <span class='ocrx_word' id='word_1_326' title='bbox 1248 3685 1265 3734; x_wconf 83' lang='lat'>3</span> <span class='ocrx_word' id='word_1_327' title='bbox 1285 3665 1347 3718; x_wconf 88' lang='lat' dir='ltr'>in</span> <span class='ocrx_word' id='word_1_328' title='bbox 1364 3665 1471 3720; x_wconf 89' lang='lat' dir='ltr'>illis</span> <span class='ocrx_word' id='word_1_329' title='bbox 1493 3666 1672 3720; x_wconf 91' lang='lat' dir='ltr'>oratio</span> <span class='ocrx_word' id='word_1_330' title='bbox 1707 3665 1994 3736; x_wconf 87' lang='lat' dir='ltr'>disertior,</span> 
     </span>
     <span class='ocr_line' id='line_1_43' title="bbox 446 3750 1999 3827; baseline 0.003 -23"><span class='ocrx_word' id='word_1_331' title='bbox 446 3750 546 3804; x_wconf 89' lang='lat' dir='ltr'>has</span> <span class='ocrx_word' id='word_1_332' title='bbox 576 3751 759 3824; x_wconf 84' lang='lat' dir='ltr'>arguit</span> <span class='ocrx_word' id='word_1_333' title='bbox 785 3769 969 3806; x_wconf 88' lang='lat' dir='ltr'>sermo</span> <span class='ocrx_word' id='word_1_334' title='bbox 987 3751 1238 3827; x_wconf 81' lang='grc'><strong>1111110115,</strong></span> <span class='ocrx_word' id='word_1_335' title='bbox 1264 3753 1497 3826; x_wconf 89' lang='lat' dir='ltr'>pessime</span> <span class='ocrx_word' id='word_1_336' title='bbox 1519 3772 1722 3822; x_wconf 86' lang='lat' dir='ltr'>nexus,</span> <span class='ocrx_word' id='word_1_337' title='bbox 1761 3753 1999 3809; x_wconf 86' lang='lat' dir='ltr'>subinde</span> 
     </span>
     <span class='ocr_line' id='line_1_44' title="bbox 448 3834 2002 3913; baseline 0.003 -23"><span class='ocrx_word' id='word_1_338' title='bbox 448 3837 740 3894; x_wconf 86' lang='lat' dir='ltr'>obscurus.</span> <span class='ocrx_word' id='word_1_339' title='bbox 765 3834 940 3893; x_wconf 81' lang='lat' dir='ltr'>Causa</span> <span class='ocrx_word' id='word_1_340' title='bbox 962 3838 1128 3910; x_wconf 85' lang='lat' dir='ltr'>hujus</span> <span class='ocrx_word' id='word_1_341' title='bbox 1153 3839 1539 3913; x_wconf 78' lang='lat' dir='ltr'>inaequalitatis</span> <span class='ocrx_word' id='word_1_342' title='bbox 1564 3840 1772 3896; x_wconf 88' lang='lat' dir='ltr'>idonea</span> <span class='ocrx_word' id='word_1_343' title='bbox 1798 3842 1889 3895; x_wconf 81' lang='lat' dir='ltr'>vix</span> <span class='ocrx_word' id='word_1_344' title='bbox 1910 3842 2002 3894; x_wconf 87' lang='lat' dir='ltr'>in·-</span> 
     </span>
     <span class='ocr_line' id='line_1_45' title="bbox 445 3924 2002 4000; baseline 0.002 -23"><span class='ocrx_word' id='word_1_345' title='bbox 445 3924 627 3979; x_wconf 80' lang='lat' dir='ltr'>veniri</span> <span class='ocrx_word' id='word_1_346' title='bbox 644 3935 828 3998; x_wconf 87' lang='lat' dir='ltr'>potest</span> <span class='ocrx_word' id='word_1_347' title='bbox 853 3927 909 3979; x_wconf 90' lang='lat' dir='ltr'>in</span> <span class='ocrx_word' id='word_1_348' title='bbox 931 3925 1205 4000; x_wconf 89' lang='lat' dir='ltr'>languore</span> <span class='ocrx_word' id='word_1_349' title='bbox 1235 3945 1351 4000; x_wconf 90' lang='lat' dir='ltr'>quo</span> <span class='ocrx_word' id='word_1_350' title='bbox 1376 3929 1764 4000; x_wconf 87' lang='lat' dir='ltr'>corripiuntur</span> <span class='ocrx_word' id='word_1_351' title='bbox 1784 3928 2002 3983; x_wconf 87' lang='lat' dir='ltr'>librarii</span> 
     </span>
     <span class='ocr_line' id='line_1_46' title="bbox 447 4011 1998 4088; baseline 0.004 -22"><span class='ocrx_word' id='word_1_352' title='bbox 447 4014 509 4066; x_wconf 91' lang='lat' dir='ltr'>in</span> <span class='ocrx_word' id='word_1_353' title='bbox 572 4011 977 4081; x_wconf 88' lang='lat' dir='ltr'>describendo,</span> <span class='ocrx_word' id='word_1_354' title='bbox 1018 4012 1306 4087; x_wconf 83' lang='lat' dir='ltr'>diligentia</span> <span class='ocrx_word' id='word_1_355' title='bbox 1339 4016 1629 4088; x_wconf 89' lang='lat' dir='ltr'>paullatim</span> <span class='ocrx_word' id='word_1_356' title='bbox 1675 4015 1998 4086; x_wconf 85' lang='lat' dir='ltr'>deficiente;</span> 
     </span>
     <span class='ocr_line' id='line_1_47' title="bbox 450 4098 2003 4174; baseline 0.004 -21"><span class='ocrx_word' id='word_1_357' title='bbox 450 4116 622 4173; x_wconf 84' lang='lat' dir='ltr'>opera</span> <span class='ocrx_word' id='word_1_358' title='bbox 653 4100 800 4153; x_wconf 88' lang='lat' dir='ltr'>enim</span> <span class='ocrx_word' id='word_1_359' title='bbox 834 4110 943 4153; x_wconf 88' lang='lat' dir='ltr'>tam</span> <span class='ocrx_word' id='word_1_360' title='bbox 966 4098 1151 4153; x_wconf 82' lang='lat' dir='ltr'>brevis</span> <span class='ocrx_word' id='word_1_361' title='bbox 1181 4101 1371 4174; x_wconf 88' lang='lat' dir='ltr'>scripti</span> <span class='ocrx_word' id='word_1_362' title='bbox 1403 4099 1754 4156; x_wconf 86' lang='lat' dir='ltr'>describendi</span> <span class='ocrx_word' id='word_1_363' title='bbox 1782 4122 1902 4158; x_wconf 88' lang='lat' dir='ltr'>non</span> <span class='ocrx_word' id='word_1_364' title='bbox 1926 4106 2003 4161; x_wconf 88' lang='lat' dir='ltr'>ita</span> 
     </span>
     <span class='ocr_line' id='line_1_48' title="bbox 448 4184 2001 4262; baseline 0.003 -23"><span class='ocrx_word' id='word_1_365' title='bbox 448 4203 650 4260; x_wconf 85' lang='lat' dir='ltr'>magna</span> <span class='ocrx_word' id='word_1_366' title='bbox 689 4196 838 4254; x_wconf 83' lang='lat' dir='ltr'>erat3</span> <span class='ocrx_word' id='word_1_367' title='bbox 883 4196 939 4240; x_wconf 89' lang='lat' dir='ltr'>et</span> <span class='ocrx_word' id='word_1_368' title='bbox 973 4195 1091 4240; x_wconf 90' lang='lat' dir='ltr'>tum</span> <span class='ocrx_word' id='word_1_369' title='bbox 1135 4184 1415 4242; x_wconf 85' lang='lat' dir='ltr'>debuisset</span> <span class='ocrx_word' id='word_1_370' title='bbox 1459 4186 1743 4262; x_wconf 83' lang='lat' dir='ltr'>diligentia</span> <span class='ocrx_word' id='word_1_371' title='bbox 1788 4191 2001 4246; x_wconf 89' lang='lat' dir='ltr'>librarii</span> 
     </span>
     <span class='ocr_line' id='line_1_49' title="bbox 448 4274 2002 4348; baseline 0.004 -21"><span class='ocrx_word' id='word_1_372' title='bbox 448 4274 767 4328; x_wconf 86' lang='lat' dir='ltr'>minutatim</span> <span class='ocrx_word' id='word_1_373' title='bbox 806 4274 980 4348; x_wconf 87' lang='lat' dir='ltr'>magis</span> <span class='ocrx_word' id='word_1_374' title='bbox 1014 4274 1301 4346; x_wconf 87' lang='lat' dir='ltr'>magisque</span> <span class='ocrx_word' id='word_1_375' title='bbox 1348 4292 1707 4344; x_wconf 83' lang='lat' dir='ltr'>evanescere3</span> <span class='ocrx_word' id='word_1_376' title='bbox 1755 4277 1852 4332; x_wconf 91' lang='lat' dir='ltr'>sed</span> <span class='ocrx_word' id='word_1_377' title='bbox 1893 4279 2002 4333; x_wconf 97' lang='grc'><strong>1100</strong></span> 
     </span>
     <span class='ocr_line' id='line_1_50' title="bbox 453 4360 2003 4421; baseline 0.004 -7"><span class='ocrx_word' id='word_1_378' title='bbox 453 4370 652 4417; x_wconf 86' lang='grc'><strong>0011113</strong></span> <span class='ocrx_word' id='word_1_379' title='bbox 681 4372 782 4416; x_wconf 86' lang='grc'><strong>051.</strong></span> <span class='ocrx_word' id='word_1_380' title='bbox 814 4363 997 4416; x_wconf 88' lang='lat' dir='ltr'>Porro</span> <span class='ocrx_word' id='word_1_381' title='bbox 1036 4362 1096 4414; x_wconf 90' lang='lat' dir='ltr'>in</span> <span class='ocrx_word' id='word_1_382' title='bbox 1138 4360 1362 4416; x_wconf 90' lang='lat' dir='ltr'>delectu</span> <span class='ocrx_word' id='word_1_383' title='bbox 1386 4379 1577 4416; x_wconf 89' lang='grc'><strong>10111111</strong></span> <span class='ocrx_word' id='word_1_384' title='bbox 1607 4373 1806 4418; x_wconf 84' lang='lat' dir='ltr'>auctor</span> <span class='ocrx_word' id='word_1_385' title='bbox 1829 4365 2003 4421; x_wconf 88' lang='lat' dir='ltr'>libelli</span> 
     </span>
     <span class='ocr_line' id='line_1_51' title="bbox 449 4448 2003 4523; baseline 0.004 -22"><span class='ocrx_word' id='word_1_386' title='bbox 449 4448 639 4521; x_wconf 86' lang='lat' dir='ltr'>inepte</span> <span class='ocrx_word' id='word_1_387' title='bbox 672 4450 785 4523; x_wconf 87' lang='lat' dir='ltr'>egit</span> <span class='ocrx_word' id='word_1_388' title='bbox 796 4468 812 4518; x_wconf 81' lang='lat'>3</span> <span class='ocrx_word' id='word_1_389' title='bbox 849 4467 981 4505; x_wconf 86' lang='lat' dir='ltr'>nam</span> <span class='ocrx_word' id='word_1_390' title='bbox 1013 4449 1331 4523; x_wconf 82' lang='lat' dir='ltr'>gravissima</span> <span class='ocrx_word' id='word_1_391' title='bbox 1361 4449 1626 4504; x_wconf 88' lang='lat' dir='ltr'>omittens</span> <span class='ocrx_word' id='word_1_392' title='bbox 1666 4450 1726 4504; x_wconf 91' lang='lat' dir='ltr'>in</span> <span class='ocrx_word' id='word_1_393' title='bbox 1752 4451 2003 4507; x_wconf 89' lang='lat' dir='ltr'>medium</span> 
     </span>
     <span class='ocr_line' id='line_1_52' title="bbox 450 4534 2004 4612; baseline 0.006 -26"><span class='ocrx_word' id='word_1_394' title='bbox 450 4534 672 4606; x_wconf 80' lang='lat' dir='ltr'>profert</span> <span class='ocrx_word' id='word_1_395' title='bbox 708 4534 882 4588; x_wconf 88' lang='lat' dir='ltr'>multa</span> <span class='ocrx_word' id='word_1_396' title='bbox 923 4535 1197 4590; x_wconf 80' lang='lat' dir='ltr'>levissima</span> <span class='ocrx_word' id='word_1_397' title='bbox 1226 4546 1280 4591; x_wconf 88' lang='lat' dir='ltr'>et</span> <span class='ocrx_word' id='word_1_398' title='bbox 1307 4554 1339 4589; x_wconf 92' lang='lat' dir='ltr'>a</span> <span class='ocrx_word' id='word_1_399' title='bbox 1377 4536 1705 4591; x_wconf 88' lang='lat' dir='ltr'>Politiarum</span> <span class='ocrx_word' id='word_1_400' title='bbox 1733 4538 2004 4612; x_wconf 90' lang='lat' dir='ltr'>scriptore</span> 
     </span>
     <span class='ocr_line' id='line_1_53' title="bbox 451 4622 2002 4700; baseline 0.006 -27"><span class='ocrx_word' id='word_1_401' title='bbox 451 4638 689 4692; x_wconf 86' lang='lat' dir='ltr'>prorsus</span> <span class='ocrx_word' id='word_1_402' title='bbox 723 4622 930 4692; x_wconf 90' lang='lat' dir='ltr'>aliena,</span> <span class='ocrx_word' id='word_1_403' title='bbox 960 4623 1135 4677; x_wconf 73' lang='lat' dir='ltr'>veluti</span> <span class='ocrx_word' id='word_1_404' title='bbox 1170 4624 1542 4698; x_wconf 86' lang='lat' dir='ltr'>geographica</span> <span class='ocrx_word' id='word_1_405' title='bbox 1561 4665 1578 4697; x_wconf 82' lang='lat'>,</span> <span class='ocrx_word' id='word_1_406' title='bbox 1603 4623 1968 4700; x_wconf 83' lang='lat' dir='ltr'>biographica</span> <span class='ocrx_word' id='word_1_407' title='bbox 1986 4668 2002 4698; x_wconf 90' lang='lat'>,</span> 
     </span>
     <span class='ocr_line' id='line_1_54' title="bbox 454 4706 2001 4784; baseline 0.006 -23"><span class='ocrx_word' id='word_1_408' title='bbox 454 4706 839 4781; x_wconf 78' lang='lat' dir='ltr'>mythologica</span> <span class='ocrx_word' id='word_1_409' title='bbox 863 4750 879 4778; x_wconf 92' lang='lat'>‚</span> <span class='ocrx_word' id='word_1_410' title='bbox 936 4712 1318 4784; x_wconf 88' lang='lat' dir='ltr'>grammatica.</span> <span class='ocrx_word' id='word_1_411' title='bbox 1379 4713 1639 4784; x_wconf 89' lang='lat' dir='ltr'>Denique</span> <span class='ocrx_word' id='word_1_412' title='bbox 1687 4713 1734 4767; x_wconf 87' lang='lat' dir='ltr'>si</span> <span class='ocrx_word' id='word_1_413' title='bbox 1801 4715 2001 4770; x_wconf 88' lang='lat' dir='ltr'>seriem</span> 
     </span>
     <span class='ocr_line' id='line_1_55' title="bbox 456 4797 2011 4873; baseline 0.006 -25"><span class='ocrx_word' id='word_1_414' title='bbox 456 4803 668 4867; x_wconf 83' lang='lat' dir='ltr'>spectas</span> <span class='ocrx_word' id='word_1_415' title='bbox 708 4812 820 4866; x_wconf 91' lang='lat' dir='ltr'>qua</span> <span class='ocrx_word' id='word_1_416' title='bbox 853 4797 1081 4870; x_wconf 80' lang='lat' dir='ltr'>singulae</span> <span class='ocrx_word' id='word_1_417' title='bbox 1124 4798 1337 4871; x_wconf 85' lang='lat' dir='ltr'>politiae</span> <span class='ocrx_word' id='word_1_418' title='bbox 1377 4817 1434 4854; x_wconf 88' lang='lat' dir='ltr'>se</span> <span class='ocrx_word' id='word_1_419' title='bbox 1475 4800 1798 4873; x_wconf 84' lang='lat' dir='ltr'>excipiunt,</span> <span class='ocrx_word' id='word_1_420' title='bbox 1840 4801 2011 4857; x_wconf 86' lang='lat' dir='ltr'>chaos</span> 
     </span>
     <span class='ocr_line' id='line_1_56' title="bbox 456 4880 2010 4962; baseline 0.006 -28"><span class='ocrx_word' id='word_1_421' title='bbox 456 4881 629 4935; x_wconf 90' lang='lat' dir='ltr'>habes</span> <span class='ocrx_word' id='word_1_422' title='bbox 655 4880 949 4936; x_wconf 81' lang='lat' dir='ltr'>confusum</span> <span class='ocrx_word' id='word_1_423' title='bbox 973 4893 1028 4937; x_wconf 91' lang='lat' dir='ltr'>et</span> <span class='ocrx_word' id='word_1_424' title='bbox 1056 4884 1418 4958; x_wconf 86' lang='lat' dir='ltr'>indigestum.</span> <span class='ocrx_word' id='word_1_425' title='bbox 1452 4888 1680 4942; x_wconf 88' lang='lat' dir='ltr'>Frustra</span> <span class='ocrx_word' id='word_1_426' title='bbox 1704 4890 1914 4962; x_wconf 79' lang='lat' dir='ltr'>cogitas</span> <span class='ocrx_word' id='word_1_427' title='bbox 1937 4887 2010 4944; x_wconf 91' lang='lat' dir='ltr'>de</span> 
     </span>
     <span class='ocr_line' id='line_1_57' title="bbox 460 4965 2010 5047; baseline 0.006 -27"><span class='ocrx_word' id='word_1_428' title='bbox 460 4965 661 5021; x_wconf 90' lang='lat' dir='ltr'>ordine</span> <span class='ocrx_word' id='word_1_429' title='bbox 691 4966 937 5039; x_wconf 87' lang='lat' dir='ltr'>quodam</span> <span class='ocrx_word' id='word_1_430' title='bbox 961 4969 1366 5044; x_wconf 85' lang='lat' dir='ltr'>chronologico</span> <span class='ocrx_word' id='word_1_431' title='bbox 1388 5014 1403 5041; x_wconf 90' lang='lat'>‚</span> <span class='ocrx_word' id='word_1_432' title='bbox 1442 4972 1513 5027; x_wconf 92' lang='lat' dir='ltr'>de</span> <span class='ocrx_word' id='word_1_433' title='bbox 1541 4974 1735 5047; x_wconf 87' lang='lat' dir='ltr'>gentili</span> <span class='ocrx_word' id='word_1_434' title='bbox 1772 4974 2010 5046; x_wconf 84' lang='lat' dir='ltr'>conjun-</span> 
     </span>
     <span class='ocr_line' id='line_1_58' title="bbox 461 5053 2011 5128; baseline 0.005 -21"><span class='ocrx_word' id='word_1_435' title='bbox 461 5063 679 5108; x_wconf 89' lang='lat' dir='ltr'>ctarum</span> <span class='ocrx_word' id='word_1_436' title='bbox 714 5055 963 5126; x_wconf 86' lang='lat' dir='ltr'>gentium</span> <span class='ocrx_word' id='word_1_437' title='bbox 1003 5053 1300 5128; x_wconf 84' lang='lat' dir='ltr'>affinitate,</span> <span class='ocrx_word' id='word_1_438' title='bbox 1333 5057 1404 5114; x_wconf 88' lang='lat' dir='ltr'>de</span> <span class='ocrx_word' id='word_1_439' title='bbox 1444 5069 1641 5115; x_wconf 87' lang='lat' dir='ltr'>mutua</span> <span class='ocrx_word' id='word_1_440' title='bbox 1679 5061 2011 5115; x_wconf 85' lang='lat' dir='ltr'>Politiarum</span> 
     </span>
    </p>
   </div>
   <div class='ocr_carea' id='block_1_10' title="bbox 2039 876 3630 3220">
    <p class='ocr_par' dir='ltr' id='par_1_10' title="bbox 2039 876 3630 3220">
     <span class='ocr_line' id='line_1_59' title="bbox 2053 876 3617 954; baseline 0 -22"><span class='ocrx_word' id='word_1_441' title='bbox 2053 888 2203 934; x_wconf 88' lang='lat' dir='ltr'>certe</span> <span class='ocrx_word' id='word_1_442' title='bbox 2237 878 2509 954; x_wconf 88' lang='lat' dir='ltr'>plurima,</span> <span class='ocrx_word' id='word_1_443' title='bbox 2551 895 2621 932; x_wconf 84' lang='lat' dir='ltr'>ex</span> <span class='ocrx_word' id='word_1_444' title='bbox 2665 877 2785 932; x_wconf 91' lang='lat' dir='ltr'>aliis</span> <span class='ocrx_word' id='word_1_445' title='bbox 2827 876 3139 932; x_wconf 84' lang='lat' dir='ltr'>Heraclidis</span> <span class='ocrx_word' id='word_1_446' title='bbox 3185 878 3406 931; x_wconf 88' lang='lat' dir='ltr'>Pontici</span> <span class='ocrx_word' id='word_1_447' title='bbox 3445 878 3617 932; x_wconf 84' lang='lat' dir='ltr'>libris</span> 
     </span>
     <span class='ocr_line' id='line_1_60' title="bbox 2055 961 3605 1041; baseline 0 -22"><span class='ocrx_word' id='word_1_448' title='bbox 2055 965 2392 1040; x_wconf 87' lang='lat' dir='ltr'>deprompta</span> <span class='ocrx_word' id='word_1_449' title='bbox 2412 982 2523 1019; x_wconf 89' lang='lat' dir='ltr'>esse</span> <span class='ocrx_word' id='word_1_450' title='bbox 2546 963 2833 1039; x_wconf 76' lang='lat' dir='ltr'>videntur,</span> <span class='ocrx_word' id='word_1_451' title='bbox 2854 964 3062 1018; x_wconf 91' lang='lat' dir='ltr'>scilicet</span> <span class='ocrx_word' id='word_1_452' title='bbox 3080 980 3148 1017; x_wconf 85' lang='lat' dir='ltr'>ex</span> <span class='ocrx_word' id='word_1_453' title='bbox 3165 981 3336 1036; x_wconf 87' lang='lat' dir='ltr'>opere</span> <span class='ocrx_word' id='word_1_454' title='bbox 3359 961 3492 1041; x_wconf 76' lang='grc' dir='ltr'>Περὶ</span> <span class='ocrx_word' id='word_1_455' title='bbox 3512 962 3605 1033; x_wconf 85' lang='grc' dir='ltr'>νή-</span> 
     </span>
     <span class='ocr_line' id='line_1_61' title="bbox 2057 1049 3602 1126; baseline -0.001 -18"><span class='ocrx_word' id='word_1_456' title='bbox 2057 1073 2159 1108; x_wconf 84' lang='grc' dir='ltr'>σων</span> <span class='ocrx_word' id='word_1_457' title='bbox 2191 1052 2304 1126; x_wconf 86' lang='lat' dir='ltr'>(fr.</span> <span class='ocrx_word' id='word_1_458' title='bbox 2332 1071 2384 1124; x_wconf 93' lang='lat'>7.</span> <span class='ocrx_word' id='word_1_459' title='bbox 2426 1049 2484 1110; x_wconf 85' lang='lat'>8.</span> <span class='ocrx_word' id='word_1_460' title='bbox 2513 1070 2572 1126; x_wconf 87' lang='grc'>9.</span> <span class='ocrx_word' id='word_1_461' title='bbox 2611 1070 2697 1107; x_wconf 90' lang='grc'>10.</span> <span class='ocrx_word' id='word_1_462' title='bbox 2731 1069 2819 1108; x_wconf 91' lang='grc'>12.</span> <span class='ocrx_word' id='word_1_463' title='bbox 2853 1049 2942 1108; x_wconf 81' lang='lat'>13.</span> <span class='ocrx_word' id='word_1_464' title='bbox 2982 1068 3073 1124; x_wconf 87' lang='lat'>19.</span> <span class='ocrx_word' id='word_1_465' title='bbox 3113 1056 3207 1115; x_wconf 68' lang='grc'>24.</span> <span class='ocrx_word' id='word_1_466' title='bbox 3242 1051 3337 1109; x_wconf 79' lang='lat'>26.</span> <span class='ocrx_word' id='word_1_467' title='bbox 3376 1052 3471 1106; x_wconf 87' lang='lat'>31.</span> <span class='ocrx_word' id='word_1_468' title='bbox 3504 1051 3602 1111; x_wconf 80' lang='lat'>32.</span> 
     </span>
     <span class='ocr_line' id='line_1_62' title="bbox 2061 1136 3603 1215; baseline 0.001 -20"><span class='ocrx_word' id='word_1_469' title='bbox 2061 1140 2153 1199; x_wconf 83' lang='grc'>36.</span> <span class='ocrx_word' id='word_1_470' title='bbox 2186 1141 2278 1210; x_wconf 77' lang='lat'>37.</span> <span class='ocrx_word' id='word_1_471' title='bbox 2310 1139 2453 1215; x_wconf 72' lang='lat'>40),</span> <span class='ocrx_word' id='word_1_472' title='bbox 2484 1157 2514 1194; x_wconf 84' lang='grc'>0</span> <span class='ocrx_word' id='word_1_473' title='bbox 2537 1136 2772 1196; x_wconf 83' lang='grc' dir='ltr'>Κτίσεων</span> <span class='ocrx_word' id='word_1_474' title='bbox 2800 1138 2958 1193; x_wconf 85' lang='lat' dir='ltr'>libris</span> <span class='ocrx_word' id='word_1_475' title='bbox 2986 1138 3079 1209; x_wconf 80' lang='lat' dir='ltr'>(fr.</span> <span class='ocrx_word' id='word_1_476' title='bbox 3118 1138 3207 1195; x_wconf 85' lang='grc'>18.</span> <span class='ocrx_word' id='word_1_477' title='bbox 3240 1156 3338 1196; x_wconf 90' lang='grc'>21.</span> <span class='ocrx_word' id='word_1_478' title='bbox 3374 1138 3468 1195; x_wconf 89' lang='grc'>25.</span> <span class='ocrx_word' id='word_1_479' title='bbox 3505 1140 3603 1196; x_wconf 74' lang='grc'>28.</span> 
     </span>
     <span class='ocr_line' id='line_1_63' title="bbox 2062 1222 3622 1303; baseline 0 -22"><span class='ocrx_word' id='word_1_480' title='bbox 2062 1225 2204 1303; x_wconf 84' lang='lat'>30),</span> <span class='ocrx_word' id='word_1_481' title='bbox 2236 1246 2266 1282; x_wconf 89' lang='grc'>0</span> <span class='ocrx_word' id='word_1_482' title='bbox 2294 1228 2441 1281; x_wconf 87' lang='grc'><strong>111110</strong></span> <span class='ocrx_word' id='word_1_483' title='bbox 2466 1223 2595 1303; x_wconf 83' lang='grc' dir='ltr'>Περὶ</span> <span class='ocrx_word' id='word_1_484' title='bbox 2625 1222 2892 1299; x_wconf 80' lang='grc' dir='ltr'>ὀνομάτων</span> <span class='ocrx_word' id='word_1_485' title='bbox 2924 1235 2977 1279; x_wconf 79' lang='lat' dir='ltr'>et</span> <span class='ocrx_word' id='word_1_486' title='bbox 3006 1223 3235 1279; x_wconf 83' lang='lat' dir='ltr'>fortasse</span> <span class='ocrx_word' id='word_1_487' title='bbox 3266 1227 3372 1280; x_wconf 88' lang='lat' dir='ltr'>alia</span> <span class='ocrx_word' id='word_1_488' title='bbox 3400 1244 3466 1280; x_wconf 82' lang='lat' dir='ltr'>ex</span> <span class='ocrx_word' id='word_1_489' title='bbox 3489 1228 3622 1282; x_wconf 75' lang='lat' dir='ltr'>aliis</span> 
     </span>
     <span class='ocr_line' id='line_1_64' title="bbox 2056 1313 3613 1389; baseline 0 -20"><span class='ocrx_word' id='word_1_490' title='bbox 2056 1316 2290 1389; x_wconf 90' lang='lat' dir='ltr'>scriptis.</span> <span class='ocrx_word' id='word_1_491' title='bbox 2323 1313 2584 1371; x_wconf 87' lang='lat' dir='ltr'>Fundum</span> <span class='ocrx_word' id='word_1_492' title='bbox 2613 1314 3050 1388; x_wconf 85' lang='lat' dir='ltr'>fragmentorum</span> <span class='ocrx_word' id='word_1_493' title='bbox 3076 1330 3105 1366; x_wconf 90' lang='lat' dir='ltr'>e</span> <span class='ocrx_word' id='word_1_494' title='bbox 3128 1313 3373 1385; x_wconf 89' lang='lat' dir='ltr'>politicis</span> <span class='ocrx_word' id='word_1_495' title='bbox 3392 1324 3446 1367; x_wconf 88' lang='lat' dir='ltr'>ct</span> <span class='ocrx_word' id='word_1_496' title='bbox 3473 1332 3613 1388; x_wconf 85' lang='lat' dir='ltr'>geo-</span> 
     </span>
     <span class='ocr_line' id='line_1_65' title="bbox 2058 1396 3606 1475; baseline -0.001 -19"><span class='ocrx_word' id='word_1_497' title='bbox 2058 1402 2334 1475; x_wconf 85' lang='lat' dir='ltr'>graphicis</span> <span class='ocrx_word' id='word_1_498' title='bbox 2362 1402 2626 1474; x_wconf 87' lang='lat' dir='ltr'>operibus</span> <span class='ocrx_word' id='word_1_499' title='bbox 2657 1399 2969 1456; x_wconf 86' lang='lat' dir='ltr'>Heraclidis</span> <span class='ocrx_word' id='word_1_500' title='bbox 2996 1418 3106 1454; x_wconf 89' lang='lat' dir='ltr'>esse</span> <span class='ocrx_word' id='word_1_501' title='bbox 3133 1410 3294 1473; x_wconf 86' lang='lat' dir='ltr'>putat</span> <span class='ocrx_word' id='word_1_502' title='bbox 3329 1396 3606 1474; x_wconf 79' lang='lat' dir='ltr'>petitum&#39;3</span> 
     </span>
     <span class='ocr_line' id='line_1_66' title="bbox 2061 1486 3610 1562; baseline 0 -19"><span class='ocrx_word' id='word_1_503' title='bbox 2061 1488 2266 1543; x_wconf 90' lang='lat' dir='ltr'>deinde</span> <span class='ocrx_word' id='word_1_504' title='bbox 2313 1488 2386 1543; x_wconf 90' lang='lat' dir='ltr'>ad</span> <span class='ocrx_word' id='word_1_505' title='bbox 2428 1489 2734 1562; x_wconf 87' lang='lat' dir='ltr'>marginem</span> <span class='ocrx_word' id='word_1_506' title='bbox 2782 1497 3044 1543; x_wconf 88' lang='lat' dir='ltr'>annotata</span> <span class='ocrx_word' id='word_1_507' title='bbox 3089 1505 3156 1541; x_wconf 79' lang='lat' dir='ltr'>ex</span> <span class='ocrx_word' id='word_1_508' title='bbox 3199 1487 3319 1541; x_wconf 89' lang='lat' dir='ltr'>aliis</span> <span class='ocrx_word' id='word_1_509' title='bbox 3363 1486 3610 1559; x_wconf 79' lang='lat' dir='ltr'>ejusdem</span> 
     </span>
     <span class='ocr_line' id='line_1_67' title="bbox 2062 1573 3618 1649; baseline 0 -18"><span class='ocrx_word' id='word_1_510' title='bbox 2062 1574 2307 1631; x_wconf 86' lang='lat' dir='ltr'>auctoris</span> <span class='ocrx_word' id='word_1_511' title='bbox 2350 1576 2509 1630; x_wconf 89' lang='lat' dir='ltr'>libris</span> <span class='ocrx_word' id='word_1_512' title='bbox 2534 1593 2646 1630; x_wconf 91' lang='lat' dir='ltr'>esse</span> <span class='ocrx_word' id='word_1_513' title='bbox 2694 1585 2880 1631; x_wconf 89' lang='lat' dir='ltr'>censet</span> <span class='ocrx_word' id='word_1_514' title='bbox 2917 1574 3112 1628; x_wconf 89' lang='lat' dir='ltr'>similia</span> <span class='ocrx_word' id='word_1_515' title='bbox 3161 1573 3449 1646; x_wconf 83' lang='lat' dir='ltr'>quaedam,</span> <span class='ocrx_word' id='word_1_516' title='bbox 3489 1594 3618 1649; x_wconf 85' lang='lat' dir='ltr'>quae</span> 
     </span>
     <span class='ocr_line' id='line_1_68' title="bbox 2060 1659 3607 1734; baseline 0.002 -20"><span class='ocrx_word' id='word_1_517' title='bbox 2060 1671 2255 1734; x_wconf 89' lang='lat' dir='ltr'>postea</span> <span class='ocrx_word' id='word_1_518' title='bbox 2272 1661 2333 1714; x_wconf 89' lang='lat' dir='ltr'>in</span> <span class='ocrx_word' id='word_1_519' title='bbox 2356 1671 2677 1715; x_wconf 86' lang='lat' dir='ltr'>contextum</span> <span class='ocrx_word' id='word_1_520' title='bbox 2720 1661 2914 1733; x_wconf 86' lang='lat' dir='ltr'>illapsa</span> <span class='ocrx_word' id='word_1_521' title='bbox 2941 1659 3201 1715; x_wconf 90' lang='lat' dir='ltr'>ordinem</span> <span class='ocrx_word' id='word_1_522' title='bbox 3235 1660 3607 1717; x_wconf 78' lang='lat' dir='ltr'>turbaverint.</span> 
     </span>
     <span class='ocr_line' id='line_1_69' title="bbox 2063 1744 3616 1824; baseline 0.001 -23"><span class='ocrx_word' id='word_1_523' title='bbox 2063 1748 2312 1802; x_wconf 86' lang='lat' dir='ltr'>Titulum</span> <span class='ocrx_word' id='word_1_524' title='bbox 2343 1744 2473 1824; x_wconf 79' lang='grc' dir='ltr'>Περὶ</span> <span class='ocrx_word' id='word_1_525' title='bbox 2501 1747 2801 1816; x_wconf 83' lang='grc' dir='ltr'>πολιτειῶν,</span> <span class='ocrx_word' id='word_1_526' title='bbox 2828 1748 2889 1802; x_wconf 89' lang='grc'>111</span> <span class='ocrx_word' id='word_1_527' title='bbox 2913 1746 3185 1818; x_wconf 85' lang='lat' dir='ltr'>ejusmodi</span> <span class='ocrx_word' id='word_1_528' title='bbox 3207 1766 3396 1803; x_wconf 87' lang='lat' dir='ltr'>rerum</span> <span class='ocrx_word' id='word_1_529' title='bbox 3416 1766 3616 1823; x_wconf 79' lang='lat' dir='ltr'>conge·</span> 
     </span>
     <span class='ocr_line' id='line_1_70' title="bbox 2039 1833 3616 1908; baseline 0.001 -20"><span class='ocrx_word' id='word_1_530' title='bbox 2039 1835 2203 1889; x_wconf 87' lang='lat' dir='ltr'>-riem</span> <span class='ocrx_word' id='word_1_531' title='bbox 2223 1836 2450 1889; x_wconf 88' lang='lat' dir='ltr'>minime</span> <span class='ocrx_word' id='word_1_532' title='bbox 2466 1834 2755 1890; x_wconf 87' lang='lat' dir='ltr'>cadentem</span> <span class='ocrx_word' id='word_1_533' title='bbox 2768 1877 2784 1905; x_wconf 92' lang='lat'>,</span> <span class='ocrx_word' id='word_1_534' title='bbox 2814 1854 2843 1887; x_wconf 89' lang='lat' dir='ltr'>a</span> <span class='ocrx_word' id='word_1_535' title='bbox 2867 1834 3100 1890; x_wconf 90' lang='lat' dir='ltr'>librario</span> <span class='ocrx_word' id='word_1_536' title='bbox 3121 1833 3309 1890; x_wconf 84' lang='lat' dir='ltr'>fictum</span> <span class='ocrx_word' id='word_1_537' title='bbox 3329 1852 3440 1890; x_wconf 88' lang='lat' dir='ltr'>esse</span> <span class='ocrx_word' id='word_1_538' title='bbox 3456 1847 3616 1908; x_wconf 85' lang='lat' dir='ltr'>post·</span> 
     </span>
     <span class='ocr_line' id='line_1_71' title="bbox 2069 1917 3615 1999; baseline 0 -22"><span class='ocrx_word' id='word_1_539' title='bbox 2069 1940 2237 1994; x_wconf 88' lang='lat' dir='ltr'>quam</span> <span class='ocrx_word' id='word_1_540' title='bbox 2259 1940 2421 1976; x_wconf 82' lang='lat' dir='ltr'>verus</span> <span class='ocrx_word' id='word_1_541' title='bbox 2448 1922 2638 1976; x_wconf 86' lang='lat' dir='ltr'>titulus</span> <span class='ocrx_word' id='word_1_542' title='bbox 2660 1918 2747 1999; x_wconf 79' lang='grc' dir='ltr'><strong>(ν.</strong></span> <span class='ocrx_word' id='word_1_543' title='bbox 2769 1940 2818 1978; x_wconf 95' lang='grc'>0.</span> <span class='ocrx_word' id='word_1_544' title='bbox 2850 1917 3139 1999; x_wconf 76' lang='grc' dir='ltr'>Συναγωγὴ</span> <span class='ocrx_word' id='word_1_545' title='bbox 3165 1921 3396 1999; x_wconf 80' lang='grc' dir='ltr'>ἱστοριῶν</span> <span class='ocrx_word' id='word_1_546' title='bbox 3417 1923 3508 1977; x_wconf 66' lang='lat' dir='ltr'>vel</span> <span class='ocrx_word' id='word_1_547' title='bbox 3537 1924 3615 1977; x_wconf 87' lang='lat' dir='ltr'>si-</span> 
     </span>
     <span class='ocr_line' id='line_1_72' title="bbox 2067 2009 3614 2084; baseline 0.001 -23"><span class='ocrx_word' id='word_1_548' title='bbox 2067 2009 2243 2084; x_wconf 90' lang='lat' dir='ltr'>milis)</span> <span class='ocrx_word' id='word_1_549' title='bbox 2276 2009 2582 2064; x_wconf 83' lang='lat' dir='ltr'>excidisset.</span> <span class='ocrx_word' id='word_1_550' title='bbox 2611 2010 2868 2081; x_wconf 91' lang='lat' dir='ltr'>Denique</span> <span class='ocrx_word' id='word_1_551' title='bbox 2899 2021 3185 2065; x_wconf 88' lang='lat' dir='ltr'>auctorem</span> <span class='ocrx_word' id='word_1_552' title='bbox 3208 2010 3614 2082; x_wconf 83' lang='lat' dir='ltr'>Excerptorum</span> 
     </span>
     <span class='ocr_line' id='line_1_73' title="bbox 2071 2085 3617 2170; baseline 0.001 -21"><span class='ocrx_word' id='word_1_553' title='bbox 2071 2096 2233 2150; x_wconf 82' lang='lat' dir='ltr'>fuisse</span> <span class='ocrx_word' id='word_1_554' title='bbox 2265 2098 2572 2170; x_wconf 89' lang='lat' dir='ltr'>suspicatur</span> <span class='ocrx_word' id='word_1_555' title='bbox 2599 2085 2884 2151; x_wconf 81' lang='lat' dir='ltr'>Heronem</span> <span class='ocrx_word' id='word_1_556' title='bbox 2913 2099 3158 2151; x_wconf 88' lang='lat' dir='ltr'>Atticum</span> <span class='ocrx_word' id='word_1_557' title='bbox 3176 2140 3193 2170; x_wconf 79' lang='lat'>,</span> <span class='ocrx_word' id='word_1_558' title='bbox 3223 2114 3387 2169; x_wconf 89' lang='lat' dir='ltr'>quem</span> <span class='ocrx_word' id='word_1_559' title='bbox 3419 2095 3617 2152; x_wconf 83' lang='lat' dir='ltr'>Suidas</span> 
     </span>
     <span class='ocr_line' id='line_1_74' title="bbox 2073 2179 3619 2261; baseline 0.001 -23"><span class='ocrx_word' id='word_1_560' title='bbox 2073 2179 2363 2256; x_wconf 78' lang='grc' dir='ltr'>Ἐπιτομὴν</span> <span class='ocrx_word' id='word_1_561' title='bbox 2394 2184 2495 2238; x_wconf 87' lang='grc' dir='ltr'>τῶν</span> <span class='ocrx_word' id='word_1_562' title='bbox 2521 2179 2860 2259; x_wconf 69' lang='grc' dir='ltr'>Ἡρακλείδου</span> <span class='ocrx_word' id='word_1_563' title='bbox 2881 2183 3115 2261; x_wconf 78' lang='grc' dir='ltr'>ἱστοριῶν</span> <span class='ocrx_word' id='word_1_564' title='bbox 3143 2184 3433 2239; x_wconf 84' lang='lat' dir='ltr'>confecisse</span> <span class='ocrx_word' id='word_1_565' title='bbox 3457 2195 3619 2239; x_wconf 82' lang='lat' dir='ltr'>testa-</span> 
     </span>
     <span class='ocr_line' id='line_1_75' title="bbox 2077 2272 3625 2343; baseline 0.003 -20"><span class='ocrx_word' id='word_1_566' title='bbox 2077 2282 2184 2327; x_wconf 89' lang='lat' dir='ltr'>tur.</span> <span class='ocrx_word' id='word_1_567' title='bbox 2207 2273 2487 2326; x_wconf 86' lang='lat' dir='ltr'>Hactenus</span> <span class='ocrx_word' id='word_1_568' title='bbox 2509 2272 2791 2326; x_wconf 86' lang='lat' dir='ltr'>Koelerus.</span> <span class='ocrx_word' id='word_1_569' title='bbox 2825 2272 2931 2343; x_wconf 91' lang='lat' dir='ltr'>Qui</span> <span class='ocrx_word' id='word_1_570' title='bbox 2956 2291 3078 2343; x_wconf 84' lang='lat' dir='ltr'>quae</span> <span class='ocrx_word' id='word_1_571' title='bbox 3104 2272 3175 2327; x_wconf 90' lang='lat' dir='ltr'>de</span> <span class='ocrx_word' id='word_1_572' title='bbox 3195 2274 3447 2327; x_wconf 86' lang='lat' dir='ltr'>oratione</span> <span class='ocrx_word' id='word_1_573' title='bbox 3471 2285 3527 2328; x_wconf 88' lang='lat' dir='ltr'>et</span> <span class='ocrx_word' id='word_1_574' title='bbox 3549 2274 3625 2327; x_wconf 78' lang='lat' dir='ltr'>de</span> 
     </span>
     <span class='ocr_line' id='line_1_76' title="bbox 2077 2357 3623 2424; baseline 0.002 -13"><span class='ocrx_word' id='word_1_575' title='bbox 2077 2358 2290 2413; x_wconf 88' lang='lat' dir='ltr'>ordinis</span> <span class='ocrx_word' id='word_1_576' title='bbox 2317 2357 2540 2412; x_wconf 82' lang='lat' dir='ltr'>defectu</span> <span class='ocrx_word' id='word_1_577' title='bbox 2563 2358 2814 2424; x_wconf 89' lang='lat' dir='ltr'>monuit,</span> <span class='ocrx_word' id='word_1_578' title='bbox 2856 2376 2920 2413; x_wconf 88' lang='lat' dir='ltr'>ea</span> <span class='ocrx_word' id='word_1_579' title='bbox 2947 2360 3004 2412; x_wconf 91' lang='lat' dir='ltr'>in</span> <span class='ocrx_word' id='word_1_580' title='bbox 3027 2361 3348 2413; x_wconf 81' lang='lat' dir='ltr'>universum</span> <span class='ocrx_word' id='word_1_581' title='bbox 3381 2369 3535 2415; x_wconf 84' lang='lat' dir='ltr'>recte</span> <span class='ocrx_word' id='word_1_582' title='bbox 3566 2380 3623 2414; x_wconf 86' lang='grc'>50</span> 
     </span>
     <span class='ocr_line' id='line_1_77' title="bbox 2075 2443 3618 2518; baseline -0.001 -20"><span class='ocrx_word' id='word_1_583' title='bbox 2075 2444 2302 2498; x_wconf 88' lang='grc'><strong>113110111.</strong></span> <span class='ocrx_word' id='word_1_584' title='bbox 2353 2445 2590 2517; x_wconf 84' lang='lat' dir='ltr'>Reliqua</span> <span class='ocrx_word' id='word_1_585' title='bbox 2632 2444 2779 2515; x_wconf 87' lang='lat' dir='ltr'>justo</span> <span class='ocrx_word' id='word_1_586' title='bbox 2821 2443 3073 2518; x_wconf 87' lang='lat' dir='ltr'>pondere</span> <span class='ocrx_word' id='word_1_587' title='bbox 3113 2457 3321 2501; x_wconf 83' lang='lat' dir='ltr'>carent.</span> <span class='ocrx_word' id='word_1_588' title='bbox 3360 2448 3527 2512; x_wconf 81' lang='lat' dir='ltr'>Nam,</span> <span class='ocrx_word' id='word_1_589' title='bbox 3562 2457 3618 2499; x_wconf 82' lang='lat' dir='ltr'>ut</span> 
     </span>
     <span class='ocr_line' id='line_1_78' title="bbox 2077 2516 3630 2604; baseline 0.003 -21"><span class='ocrx_word' id='word_1_590' title='bbox 2077 2516 2209 2585; x_wconf 66' lang='lat' dir='ltr'>hinc</span> <span class='ocrx_word' id='word_1_591' title='bbox 2259 2530 2539 2599; x_wconf 87' lang='lat' dir='ltr'>exordiar,</span> <span class='ocrx_word' id='word_1_592' title='bbox 2591 2532 2915 2587; x_wconf 86' lang='lat' dir='ltr'>Heraclides</span> <span class='ocrx_word' id='word_1_593' title='bbox 2962 2532 3057 2586; x_wconf 91' lang='lat' dir='ltr'>ille</span> <span class='ocrx_word' id='word_1_594' title='bbox 3086 2574 3102 2601; x_wconf 92' lang='lat'>,</span> <span class='ocrx_word' id='word_1_595' title='bbox 3156 2532 3313 2604; x_wconf 87' lang='lat' dir='ltr'>cujus</span> <span class='ocrx_word' id='word_1_596' title='bbox 3361 2531 3630 2588; x_wconf 79' lang='lat' dir='ltr'>Historias</span> 
     </span>
     <span class='ocr_line' id='line_1_79' title="bbox 2082 2618 3624 2692; baseline 0.003 -21"><span class='ocrx_word' id='word_1_597' title='bbox 2082 2619 2277 2672; x_wconf 86' lang='lat' dir='ltr'>Heron</span> <span class='ocrx_word' id='word_1_598' title='bbox 2303 2619 2636 2691; x_wconf 83' lang='lat' dir='ltr'>excerpsisse</span> <span class='ocrx_word' id='word_1_599' title='bbox 2675 2618 2899 2688; x_wconf 85' lang='lat' dir='ltr'>dicitur,</span> <span class='ocrx_word' id='word_1_600' title='bbox 2944 2621 3145 2692; x_wconf 86' lang='lat' dir='ltr'>procul</span> <span class='ocrx_word' id='word_1_601' title='bbox 3182 2619 3357 2675; x_wconf 89' lang='lat' dir='ltr'>dubio</span> <span class='ocrx_word' id='word_1_602' title='bbox 3399 2640 3517 2674; x_wconf 89' lang='lat' dir='ltr'>non</span> <span class='ocrx_word' id='word_1_603' title='bbox 3546 2634 3624 2676; x_wconf 87' lang='lat' dir='ltr'>est</span> 
     </span>
     <span class='ocr_line' id='line_1_80' title="bbox 2083 2702 3620 2784; baseline 0.001 -25"><span class='ocrx_word' id='word_1_604' title='bbox 2083 2705 2405 2761; x_wconf 87' lang='lat' dir='ltr'>Heraclides</span> <span class='ocrx_word' id='word_1_605' title='bbox 2437 2707 2700 2760; x_wconf 89' lang='lat' dir='ltr'>Ponticus</span> <span class='ocrx_word' id='word_1_606' title='bbox 2719 2747 2733 2773; x_wconf 88' lang='lat'>,</span> <span class='ocrx_word' id='word_1_607' title='bbox 2767 2724 2936 2779; x_wconf 87' lang='lat' dir='ltr'>quem</span> <span class='ocrx_word' id='word_1_608' title='bbox 2966 2702 3216 2784; x_wconf 81' lang='grc' dir='ltr'>Ἱστορίας</span> <span class='ocrx_word' id='word_1_609' title='bbox 3245 2708 3620 2780; x_wconf 86' lang='lat' dir='ltr'>composuisse</span> 
     </span>
     <span class='ocr_line' id='line_1_81' title="bbox 2081 2792 3624 2867; baseline 0.002 -22"><span class='ocrx_word' id='word_1_610' title='bbox 2081 2811 2249 2847; x_wconf 87' lang='lat' dir='ltr'>nemo</span> <span class='ocrx_word' id='word_1_611' title='bbox 2287 2792 2488 2863; x_wconf 88' lang='lat' dir='ltr'>tradit,</span> <span class='ocrx_word' id='word_1_612' title='bbox 2520 2792 2617 2848; x_wconf 87' lang='lat' dir='ltr'>sed</span> <span class='ocrx_word' id='word_1_613' title='bbox 2653 2794 2975 2849; x_wconf 87' lang='lat' dir='ltr'>Heraclides</span> <span class='ocrx_word' id='word_1_614' title='bbox 3002 2794 3274 2864; x_wconf 77' lang='lat' dir='ltr'>LembuS,</span> <span class='ocrx_word' id='word_1_615' title='bbox 3309 2796 3624 2867; x_wconf 76' lang='lat' dir='ltr'>amplissimi</span> 
     </span>
     <span class='ocr_line' id='line_1_82' title="bbox 2083 2880 3628 2955; baseline 0.001 -22"><span class='ocrx_word' id='word_1_616' title='bbox 2083 2881 2457 2936; x_wconf 88' lang='lat' dir='ltr'>Historiarum</span> <span class='ocrx_word' id='word_1_617' title='bbox 2498 2882 2685 2953; x_wconf 90' lang='lat' dir='ltr'>operis</span> <span class='ocrx_word' id='word_1_618' title='bbox 2741 2892 2958 2950; x_wconf 86' lang='lat' dir='ltr'>auctor,</span> <span class='ocrx_word' id='word_1_619' title='bbox 3011 2882 3245 2955; x_wconf 84' lang='lat' dir='ltr'>intelligi</span> <span class='ocrx_word' id='word_1_620' title='bbox 3297 2880 3493 2950; x_wconf 87' lang='lat' dir='ltr'>debet,</span> <span class='ocrx_word' id='word_1_621' title='bbox 3543 2885 3628 2935; x_wconf 79' lang='grc'><strong>1111</strong></span> 
     </span>
     <span class='ocr_line' id='line_1_83' title="bbox 2081 2968 3627 3046; baseline 0.001 -23"><span class='ocrx_word' id='word_1_622' title='bbox 2081 2980 2210 3041; x_wconf 88' lang='lat' dir='ltr'>post</span> <span class='ocrx_word' id='word_1_623' title='bbox 2237 2971 2540 3024; x_wconf 87' lang='lat' dir='ltr'>Meursium</span> <span class='ocrx_word' id='word_1_624' title='bbox 2563 2978 2876 3024; x_wconf 90' lang='lat' dir='ltr'>statuerunt</span> <span class='ocrx_word' id='word_1_625' title='bbox 2900 2970 3203 3023; x_wconf 85' lang='lat' dir='ltr'>Roulezius</span> <span class='ocrx_word' id='word_1_626' title='bbox 3231 2968 3303 3046; x_wconf 88' lang='lat' dir='ltr'>(l.</span> <span class='ocrx_word' id='word_1_627' title='bbox 3337 2971 3372 3027; x_wconf 93' lang='grc'>1.</span> <span class='ocrx_word' id='word_1_628' title='bbox 3395 2990 3452 3044; x_wconf 82' lang='lat' dir='ltr'>p.</span> <span class='ocrx_word' id='word_1_629' title='bbox 3478 2990 3547 3040; x_wconf 75' lang='lat'>27</span> <span class='ocrx_word' id='word_1_630' title='bbox 3575 2984 3590 3042; x_wconf 82' lang='grc'><strong><em>)</em></strong></span> <span class='ocrx_word' id='word_1_631' title='bbox 3613 3015 3627 3034; x_wconf 78' lang='grc'><strong>,</strong></span> 
     </span>
     <span class='ocr_line' id='line_1_84' title="bbox 2083 3053 3629 3133; baseline 0.001 -23"><span class='ocrx_word' id='word_1_632' title='bbox 2083 3058 2399 3111; x_wconf 83' lang='lat' dir='ltr'>Deswertus</span> <span class='ocrx_word' id='word_1_633' title='bbox 2427 3053 2486 3133; x_wconf 93' lang='lat' dir='ltr'>(l.</span> <span class='ocrx_word' id='word_1_634' title='bbox 2517 3057 2557 3109; x_wconf 90' lang='lat' dir='ltr'>l.</span> <span class='ocrx_word' id='word_1_635' title='bbox 2589 3073 2647 3129; x_wconf 92' lang='lat' dir='ltr'>p.</span> <span class='ocrx_word' id='word_1_636' title='bbox 2681 3056 2782 3111; x_wconf 88' lang='lat'>161</span> <span class='ocrx_word' id='word_1_637' title='bbox 2808 3055 2824 3130; x_wconf 91' lang='lat'>)</span> <span class='ocrx_word' id='word_1_638' title='bbox 2846 3097 2862 3123; x_wconf 93' lang='lat'>,</span> <span class='ocrx_word' id='word_1_639' title='bbox 2880 3055 3210 3111; x_wconf 85' lang='lat' dir='ltr'>Welckerus</span> <span class='ocrx_word' id='word_1_640' title='bbox 3237 3054 3258 3130; x_wconf 90' lang='lat'>(</span> <span class='ocrx_word' id='word_1_641' title='bbox 3283 3059 3377 3112; x_wconf 86' lang='lat' dir='ltr'>Kl.</span> <span class='ocrx_word' id='word_1_642' title='bbox 3405 3058 3629 3123; x_wconf 72' lang='lat' dir='ltr'>Schrif-</span> 
     </span>
     <span class='ocr_line' id='line_1_85' title="bbox 2085 3143 3630 3220; baseline 0.001 -21"><span class='ocrx_word' id='word_1_643' title='bbox 2085 3156 2175 3199; x_wconf 83' lang='lat' dir='ltr'>ten</span> <span class='ocrx_word' id='word_1_644' title='bbox 2210 3148 2266 3214; x_wconf 89' lang='lat'>1,</span> <span class='ocrx_word' id='word_1_645' title='bbox 2315 3164 2378 3219; x_wconf 91' lang='lat' dir='ltr'>p.</span> <span class='ocrx_word' id='word_1_646' title='bbox 2413 3143 2590 3220; x_wconf 72' lang='lat'>458),</span> <span class='ocrx_word' id='word_1_647' title='bbox 2638 3146 2751 3201; x_wconf 89' lang='grc'><strong>3111.</strong></span> <span class='ocrx_word' id='word_1_648' title='bbox 2796 3143 2965 3215; x_wconf 92' lang='lat' dir='ltr'>Quod</span> <span class='ocrx_word' id='word_1_649' title='bbox 2994 3143 3200 3199; x_wconf 88' lang='lat' dir='ltr'>deinde</span> <span class='ocrx_word' id='word_1_650' title='bbox 3229 3146 3488 3201; x_wconf 73' lang='lat' dir='ltr'>Koelerus</span> <span class='ocrx_word' id='word_1_651' title='bbox 3521 3158 3630 3200; x_wconf 86' lang='lat' dir='ltr'>sta·</span> 
     </span>
    </p>
   </div>
   <div class='ocr_carea' id='block_1_11' title="bbox 2088 3219 3798 3305">
    <p class='ocr_par' dir='ltr' id='par_1_11' title="bbox 2088 3219 3798 3305">
     <span class='ocr_line' id='line_1_86' title="bbox 2088 3219 3798 3305; baseline 0.001 -20"><span class='ocrx_word' id='word_1_652' title='bbox 2088 3234 2193 3287; x_wconf 89' lang='lat' dir='ltr'>tuit</span> <span class='ocrx_word' id='word_1_653' title='bbox 2228 3243 2490 3305; x_wconf 84' lang='lat' dir='ltr'>excerpta</span> <span class='ocrx_word' id='word_1_654' title='bbox 2525 3243 2716 3286; x_wconf 86' lang='lat' dir='ltr'>nostra</span> <span class='ocrx_word' id='word_1_655' title='bbox 2743 3250 2810 3286; x_wconf 83' lang='lat' dir='ltr'>ex</span> <span class='ocrx_word' id='word_1_656' title='bbox 2847 3232 3105 3304; x_wconf 88' lang='lat' dir='ltr'>pluribus</span> <span class='ocrx_word' id='word_1_657' title='bbox 3144 3233 3363 3304; x_wconf 89' lang='lat' dir='ltr'>scriptis</span> <span class='ocrx_word' id='word_1_658' title='bbox 3392 3230 3634 3287; x_wconf 84' lang='lat' dir='ltr'>conflata</span> <span class='ocrx_word' id='word_1_659' title='bbox 3721 3265 3728 3270; x_wconf 88' lang='lat'><strong>·</strong></span> <span class='ocrx_word' id='word_1_660' title='bbox 3783 3219 3798 3231; x_wconf 58' lang='lat'>⁸</span> 
     </span>
    </p>
   </div>
   <div class='ocr_carea' id='block_1_12' title="bbox 2086 3319 3656 4877">
    <p class='ocr_par' dir='ltr' id='par_1_12' title="bbox 2086 3319 3647 4616">
     <span class='ocr_line' id='line_1_87' title="bbox 2087 3319 3630 3392; baseline 0.001 -18"><span class='ocrx_word' id='word_1_661' title='bbox 2087 3338 2199 3375; x_wconf 90' lang='lat' dir='ltr'>esse</span> <span class='ocrx_word' id='word_1_662' title='bbox 2219 3361 2234 3392; x_wconf 84' lang='lat'>,</span> <span class='ocrx_word' id='word_1_663' title='bbox 2266 3322 2364 3375; x_wconf 90' lang='lat' dir='ltr'>etsi</span> <span class='ocrx_word' id='word_1_664' title='bbox 2387 3338 2582 3375; x_wconf 81' lang='lat' dir='ltr'>verum</span> <span class='ocrx_word' id='word_1_665' title='bbox 2602 3321 2770 3374; x_wconf 82' lang='lat' dir='ltr'>suerit</span> <span class='ocrx_word' id='word_1_666' title='bbox 2785 3361 2801 3388; x_wconf 92' lang='lat'>,</span> <span class='ocrx_word' id='word_1_667' title='bbox 2828 3337 2945 3374; x_wconf 90' lang='lat' dir='ltr'>non</span> <span class='ocrx_word' id='word_1_668' title='bbox 2970 3329 3156 3374; x_wconf 86' lang='lat' dir='ltr'>tamen</span> <span class='ocrx_word' id='word_1_669' title='bbox 3185 3336 3255 3374; x_wconf 84' lang='lat' dir='ltr'>ex</span> <span class='ocrx_word' id='word_1_670' title='bbox 3277 3336 3347 3374; x_wconf 89' lang='lat' dir='ltr'>eo</span> <span class='ocrx_word' id='word_1_671' title='bbox 3369 3319 3479 3375; x_wconf 81' lang='lat' dir='ltr'>boc</span> <span class='ocrx_word' id='word_1_672' title='bbox 3498 3338 3630 3376; x_wconf 85' lang='lat' dir='ltr'>con-</span> 
     </span>
     <span class='ocr_line' id='line_1_88' title="bbox 2086 3406 3637 3480; baseline 0 -19"><span class='ocrx_word' id='word_1_673' title='bbox 2086 3409 2359 3480; x_wconf 89' lang='lat' dir='ltr'>sequitur,</span> <span class='ocrx_word' id='word_1_674' title='bbox 2401 3406 2559 3479; x_wconf 91' lang='lat' dir='ltr'>quod</span> <span class='ocrx_word' id='word_1_675' title='bbox 2587 3407 2763 3462; x_wconf 91' lang='lat' dir='ltr'>multa</span> <span class='ocrx_word' id='word_1_676' title='bbox 2789 3408 2848 3460; x_wconf 91' lang='lat' dir='ltr'>in</span> <span class='ocrx_word' id='word_1_677' title='bbox 2876 3406 3070 3460; x_wconf 91' lang='lat' dir='ltr'>libello</span> <span class='ocrx_word' id='word_1_678' title='bbox 3101 3418 3637 3476; x_wconf 77' lang='lat' dir='ltr'>commemorantur,</span> 
     </span>
     <span class='ocr_line' id='line_1_89' title="bbox 2089 3493 3632 3569; baseline 0.002 -21"><span class='ocrx_word' id='word_1_679' title='bbox 2089 3512 2210 3566; x_wconf 85' lang='lat' dir='ltr'>quae</span> <span class='ocrx_word' id='word_1_680' title='bbox 2227 3494 2300 3549; x_wconf 90' lang='lat' dir='ltr'>ad</span> <span class='ocrx_word' id='word_1_681' title='bbox 2319 3506 2407 3549; x_wconf 74' lang='lat' dir='ltr'>res</span> <span class='ocrx_word' id='word_1_682' title='bbox 2432 3496 2687 3569; x_wconf 88' lang='lat' dir='ltr'>politicas</span> <span class='ocrx_word' id='word_1_683' title='bbox 2699 3493 2849 3549; x_wconf 85' lang='lat' dir='ltr'>haud</span> <span class='ocrx_word' id='word_1_684' title='bbox 2865 3494 3119 3567; x_wconf 80' lang='lat' dir='ltr'>proxime</span> <span class='ocrx_word' id='word_1_685' title='bbox 3138 3496 3466 3567; x_wconf 87' lang='lat' dir='ltr'>pertineant.</span> <span class='ocrx_word' id='word_1_686' title='bbox 3494 3498 3632 3551; x_wconf 86' lang='lat' dir='ltr'>Nam</span> 
     </span>
     <span class='ocr_line' id='line_1_90' title="bbox 2087 3582 3638 3656; baseline 0.001 -19"><span class='ocrx_word' id='word_1_687' title='bbox 2087 3584 2131 3637; x_wconf 90' lang='lat' dir='ltr'>si</span> <span class='ocrx_word' id='word_1_688' title='bbox 2156 3582 2463 3656; x_wconf 87' lang='lat' dir='ltr'>fragmenta</span> <span class='ocrx_word' id='word_1_689' title='bbox 2490 3583 2812 3638; x_wconf 86' lang='lat' dir='ltr'>Politiarum</span> <span class='ocrx_word' id='word_1_690' title='bbox 2839 3583 3282 3637; x_wconf 75' lang='lat' dir='ltr'>Aristoteliarum</span> <span class='ocrx_word' id='word_1_691' title='bbox 3305 3584 3600 3655; x_wconf 80' lang='lat' dir='ltr'>pervoluta</span> <span class='ocrx_word' id='word_1_692' title='bbox 3616 3616 3638 3624; x_wconf 88' lang='lat'><strong>·</strong></span> 
     </span>
     <span class='ocr_line' id='line_1_91' title="bbox 2088 3669 3636 3745; baseline 0.002 -22"><span class='ocrx_word' id='word_1_693' title='bbox 2088 3671 2261 3738; x_wconf 75' lang='lat' dir='ltr'>veri5‚</span> <span class='ocrx_word' id='word_1_694' title='bbox 2299 3670 2516 3726; x_wconf 74' lang='lat' dir='ltr'>videbis</span> <span class='ocrx_word' id='word_1_695' title='bbox 2551 3680 2770 3745; x_wconf 89' lang='lat' dir='ltr'>partem</span> <span class='ocrx_word' id='word_1_696' title='bbox 2814 3688 3011 3723; x_wconf 91' lang='lat' dir='ltr'>eorum</span> <span class='ocrx_word' id='word_1_697' title='bbox 3052 3669 3320 3741; x_wconf 86' lang='lat' dir='ltr'>majorem</span> <span class='ocrx_word' id='word_1_698' title='bbox 3355 3671 3411 3724; x_wconf 89' lang='lat' dir='ltr'>in</span> <span class='ocrx_word' id='word_1_699' title='bbox 3441 3669 3636 3726; x_wconf 83' lang='lat' dir='ltr'>iisdem</span> 
     </span>
     <span class='ocr_line' id='line_1_92' title="bbox 2087 3756 3637 3830; baseline 0.002 -20"><span class='ocrx_word' id='word_1_700' title='bbox 2087 3757 2255 3830; x_wconf 91' lang='lat' dir='ltr'>plane</span> <span class='ocrx_word' id='word_1_701' title='bbox 2291 3757 2460 3812; x_wconf 89' lang='lat' dir='ltr'>rebus</span> <span class='ocrx_word' id='word_1_702' title='bbox 2501 3759 2738 3826; x_wconf 69' lang='lat' dir='ltr'>versari,</span> <span class='ocrx_word' id='word_1_703' title='bbox 2787 3774 2923 3828; x_wconf 88' lang='lat' dir='ltr'>quas</span> <span class='ocrx_word' id='word_1_704' title='bbox 2949 3758 3007 3809; x_wconf 91' lang='lat' dir='ltr'>in</span> <span class='ocrx_word' id='word_1_705' title='bbox 3045 3756 3336 3812; x_wconf 75' lang='lat' dir='ltr'>Heraclide</span> <span class='ocrx_word' id='word_1_706' title='bbox 3377 3758 3637 3813; x_wconf 81' lang='lat' dir='ltr'>Koelerus</span> 
     </span>
     <span class='ocr_line' id='line_1_93' title="bbox 2091 3842 3630 3917; baseline 0.001 -20"><span class='ocrx_word' id='word_1_707' title='bbox 2091 3860 2163 3898; x_wconf 81' lang='lat' dir='ltr'>ex</span> <span class='ocrx_word' id='word_1_708' title='bbox 2185 3845 2569 3917; x_wconf 80' lang='lat' dir='ltr'>geographicis</span> <span class='ocrx_word' id='word_1_709' title='bbox 2587 3844 2816 3916; x_wconf 88' lang='lat' dir='ltr'>aliisque</span> <span class='ocrx_word' id='word_1_710' title='bbox 2837 3842 2992 3897; x_wconf 90' lang='lat' dir='ltr'>libris</span> <span class='ocrx_word' id='word_1_711' title='bbox 3016 3844 3274 3898; x_wconf 88' lang='lat' dir='ltr'>collectas</span> <span class='ocrx_word' id='word_1_712' title='bbox 3295 3859 3403 3898; x_wconf 63' lang='grc'><strong>0550</strong></span> <span class='ocrx_word' id='word_1_713' title='bbox 3426 3855 3630 3901; x_wconf 83' lang='lat' dir='ltr'>censet.</span> 
     </span>
     <span class='ocr_line' id='line_1_94' title="bbox 2092 3928 3635 4004; baseline 0.003 -21"><span class='ocrx_word' id='word_1_714' title='bbox 2092 3929 2240 4001; x_wconf 91' lang='lat' dir='ltr'>Quid</span> <span class='ocrx_word' id='word_1_715' title='bbox 2263 3932 2420 4003; x_wconf 87' lang='lat' dir='ltr'>quod</span> <span class='ocrx_word' id='word_1_716' title='bbox 2437 3931 2589 3986; x_wconf 87' lang='lat' dir='ltr'>haud</span> <span class='ocrx_word' id='word_1_717' title='bbox 2598 3949 2777 4004; x_wconf 87' lang='lat' dir='ltr'>pauca</span> <span class='ocrx_word' id='word_1_718' title='bbox 2791 3930 3066 4002; x_wconf 89' lang='lat' dir='ltr'>ejusmodi</span> <span class='ocrx_word' id='word_1_719' title='bbox 3082 3933 3139 3985; x_wconf 90' lang='lat' dir='ltr'>in</span> <span class='ocrx_word' id='word_1_720' title='bbox 3160 3928 3451 3987; x_wconf 87' lang='lat' dir='ltr'>Heraclide</span> <span class='ocrx_word' id='word_1_721' title='bbox 3467 3931 3635 3988; x_wconf 80' lang='lat' dir='ltr'>obvia</span> 
     </span>
     <span class='ocr_line' id='line_1_95' title="bbox 2091 4008 3640 4091; baseline 0.001 -19"><span class='ocrx_word' id='word_1_722' title='bbox 2091 4016 2244 4091; x_wconf 88' lang='lat' dir='ltr'>apud</span> <span class='ocrx_word' id='word_1_723' title='bbox 2290 4017 2428 4073; x_wconf 87' lang='lat' dir='ltr'>alios</span> <span class='ocrx_word' id='word_1_724' title='bbox 2467 4008 2768 4091; x_wconf 83' lang='lat' dir='ltr'>scriptores</span> <span class='ocrx_word' id='word_1_725' title='bbox 2805 4035 2872 4072; x_wconf 89' lang='lat' dir='ltr'>ex</span> <span class='ocrx_word' id='word_1_726' title='bbox 2910 4018 3218 4075; x_wconf 77' lang='lat' dir='ltr'>Aristotelis</span> <span class='ocrx_word' id='word_1_727' title='bbox 3251 4018 3460 4073; x_wconf 88' lang='lat' dir='ltr'>Politiis</span> <span class='ocrx_word' id='word_1_728' title='bbox 3503 4037 3640 4074; x_wconf 87' lang='lat' dir='ltr'>nar-</span> 
     </span>
     <span class='ocr_line' id='line_1_96' title="bbox 2093 4106 3644 4180; baseline 0.001 -20"><span class='ocrx_word' id='word_1_729' title='bbox 2093 4116 2309 4160; x_wconf 85' lang='lat' dir='ltr'>rantur.</span> <span class='ocrx_word' id='word_1_730' title='bbox 2341 4108 2526 4178; x_wconf 89' lang='lat' dir='ltr'>Atque</span> <span class='ocrx_word' id='word_1_731' title='bbox 2567 4107 2845 4180; x_wconf 88' lang='lat' dir='ltr'>posterius</span> <span class='ocrx_word' id='word_1_732' title='bbox 2887 4106 2998 4161; x_wconf 90' lang='lat' dir='ltr'>hoc</span> <span class='ocrx_word' id='word_1_733' title='bbox 3028 4107 3144 4180; x_wconf 87' lang='lat' dir='ltr'>ipse</span> <span class='ocrx_word' id='word_1_734' title='bbox 3171 4107 3336 4161; x_wconf 89' lang='lat' dir='ltr'>etiam</span> <span class='ocrx_word' id='word_1_735' title='bbox 3376 4108 3644 4162; x_wconf 77' lang='lat' dir='ltr'>Koelerus</span> 
     </span>
     <span class='ocr_line' id='line_1_97' title="bbox 2093 4191 3644 4267; baseline 0 -19"><span class='ocrx_word' id='word_1_736' title='bbox 2093 4191 2484 4248; x_wconf 83' lang='lat' dir='ltr'>animadvertit</span> <span class='ocrx_word' id='word_1_737' title='bbox 2535 4195 2597 4247; x_wconf 91' lang='lat' dir='ltr'>in</span> <span class='ocrx_word' id='word_1_738' title='bbox 2646 4194 2913 4250; x_wconf 86' lang='lat' dir='ltr'>Auctario</span> <span class='ocrx_word' id='word_1_739' title='bbox 2957 4194 3382 4249; x_wconf 87' lang='lat' dir='ltr'>annotationum</span> <span class='ocrx_word' id='word_1_740' title='bbox 3423 4195 3644 4267; x_wconf 85' lang='lat' dir='ltr'>aliquot</span> 
     </span>
     <span class='ocr_line' id='line_1_98' title="bbox 2094 4280 3640 4354; baseline 0 -19"><span class='ocrx_word' id='word_1_741' title='bbox 2094 4281 2251 4335; x_wconf 88' lang='lat' dir='ltr'>annis</span> <span class='ocrx_word' id='word_1_742' title='bbox 2274 4291 2402 4353; x_wconf 87' lang='lat' dir='ltr'>post</span> <span class='ocrx_word' id='word_1_743' title='bbox 2430 4280 2620 4349; x_wconf 88' lang='lat' dir='ltr'>edito;</span> <span class='ocrx_word' id='word_1_744' title='bbox 2649 4299 2835 4354; x_wconf 90' lang='lat' dir='ltr'>neque</span> <span class='ocrx_word' id='word_1_745' title='bbox 2861 4290 3053 4335; x_wconf 87' lang='lat' dir='ltr'>tamen</span> <span class='ocrx_word' id='word_1_746' title='bbox 3086 4292 3389 4354; x_wconf 88' lang='lat' dir='ltr'>propterea</span> <span class='ocrx_word' id='word_1_747' title='bbox 3415 4291 3640 4336; x_wconf 87' lang='lat' dir='ltr'>senten-</span> 
     </span>
     <span class='ocr_line' id='line_1_99' title="bbox 2098 4364 3647 4437; baseline 0.001 -16"><span class='ocrx_word' id='word_1_748' title='bbox 2098 4369 2230 4421; x_wconf 86' lang='lat' dir='ltr'>tiam</span> <span class='ocrx_word' id='word_1_749' title='bbox 2251 4368 2487 4422; x_wconf 82' lang='lat' dir='ltr'>mutavit</span> <span class='ocrx_word' id='word_1_750' title='bbox 2501 4409 2516 4437; x_wconf 92' lang='lat'>,</span> <span class='ocrx_word' id='word_1_751' title='bbox 2534 4367 2633 4423; x_wconf 86' lang='lat' dir='ltr'>sed</span> <span class='ocrx_word' id='word_1_752' title='bbox 2655 4367 2766 4423; x_wconf 91' lang='lat' dir='ltr'>hoc</span> <span class='ocrx_word' id='word_1_753' title='bbox 2787 4377 3001 4423; x_wconf 88' lang='lat' dir='ltr'>tantum</span> <span class='ocrx_word' id='word_1_754' title='bbox 3019 4364 3265 4437; x_wconf 91' lang='lat' dir='ltr'>addidit,</span> <span class='ocrx_word' id='word_1_755' title='bbox 3285 4366 3647 4422; x_wconf 85' lang='lat' dir='ltr'>Heraclidem</span> 
     </span>
     <span class='ocr_line' id='line_1_100' title="bbox 2096 4454 3646 4522; baseline 0.002 -13"><span class='ocrx_word' id='word_1_756' title='bbox 2096 4473 2163 4509; x_wconf 82' lang='lat' dir='ltr'>ex</span> <span class='ocrx_word' id='word_1_757' title='bbox 2186 4454 2485 4509; x_wconf 85' lang='lat' dir='ltr'>Aristotele</span> <span class='ocrx_word' id='word_1_758' title='bbox 2499 4455 2673 4510; x_wconf 90' lang='lat' dir='ltr'>multa</span> <span class='ocrx_word' id='word_1_759' title='bbox 2691 4455 2751 4509; x_wconf 90' lang='lat' dir='ltr'>in</span> <span class='ocrx_word' id='word_1_760' title='bbox 2767 4474 2897 4511; x_wconf 82' lang='lat' dir='ltr'>usus</span> <span class='ocrx_word' id='word_1_761' title='bbox 2919 4474 3048 4511; x_wconf 87' lang='lat' dir='ltr'>suos</span> <span class='ocrx_word' id='word_1_762' title='bbox 3066 4456 3402 4511; x_wconf 76' lang='lat' dir='ltr'>convertisse</span> <span class='ocrx_word' id='word_1_763' title='bbox 3420 4497 3436 4522; x_wconf 92' lang='lat'>,</span> <span class='ocrx_word' id='word_1_764' title='bbox 3459 4466 3554 4511; x_wconf 88' lang='lat' dir='ltr'>aut</span> <span class='ocrx_word' id='word_1_765' title='bbox 3573 4475 3646 4512; x_wconf 82' lang='lat' dir='ltr'>ex</span> 
     </span>
     <span class='ocr_line' id='line_1_101' title="bbox 2097 4539 3645 4616; baseline 0.003 -20"><span class='ocrx_word' id='word_1_766' title='bbox 2097 4540 2302 4596; x_wconf 89' lang='lat' dir='ltr'>eisdem</span> <span class='ocrx_word' id='word_1_767' title='bbox 2324 4559 2452 4595; x_wconf 87' lang='lat' dir='ltr'>cum</span> <span class='ocrx_word' id='word_1_768' title='bbox 2475 4543 2771 4599; x_wconf 87' lang='lat' dir='ltr'>Aristotele</span> <span class='ocrx_word' id='word_1_769' title='bbox 2809 4542 3058 4598; x_wconf 79' lang='lat' dir='ltr'>sontibus</span> <span class='ocrx_word' id='word_1_770' title='bbox 3084 4559 3182 4598; x_wconf 90' lang='lat' dir='ltr'>sua</span> <span class='ocrx_word' id='word_1_771' title='bbox 3218 4539 3645 4616; x_wconf 88' lang='lat' dir='ltr'>deprompsisse.</span> 
     </span>
    </p>

    <p class='ocr_par' dir='ltr' id='par_1_13' title="bbox 2094 4626 3656 4877">
     <span class='ocr_line' id='line_1_102' title="bbox 2175 4626 3650 4706; baseline 0.002 -25"><span class='ocrx_word' id='word_1_772' title='bbox 2175 4628 2532 4684; x_wconf 64' lang='lat' dir='ltr'>Watcimnus</span> <span class='ocrx_word' id='word_1_773' title='bbox 2581 4626 2596 4706; x_wconf 91' lang='lat'>(</span> <span class='ocrx_word' id='word_1_774' title='bbox 2628 4631 2687 4683; x_wconf 88' lang='lat' dir='ltr'>in</span> <span class='ocrx_word' id='word_1_775' title='bbox 2730 4629 2933 4688; x_wconf 80' lang='lat' dir='ltr'>Rhein.</span> <span class='ocrx_word' id='word_1_776' title='bbox 2982 4632 3134 4688; x_wconf 85' lang='lat' dir='ltr'>Mus.</span> <span class='ocrx_word' id='word_1_777' title='bbox 3198 4631 3310 4685; x_wconf 80' lang='lat' dir='ltr'>vol.</span> <span class='ocrx_word' id='word_1_778' title='bbox 3363 4632 3431 4697; x_wconf 89' lang='lat' dir='ltr'>V,</span> <span class='ocrx_word' id='word_1_779' title='bbox 3495 4628 3650 4701; x_wconf 79' lang='lat'>1837</span> 
     </span>
     <span class='ocr_line' id='line_1_103' title="bbox 2094 4713 3643 4788; baseline 0.003 -21"><span class='ocrx_word' id='word_1_780' title='bbox 2094 4732 2156 4787; x_wconf 91' lang='lat' dir='ltr'>p.</span> <span class='ocrx_word' id='word_1_781' title='bbox 2192 4732 2213 4767; x_wconf 91' lang='lat'>1</span> <span class='ocrx_word' id='word_1_782' title='bbox 2232 4713 2297 4768; x_wconf 88' lang='grc'>13</span> <span class='ocrx_word' id='word_1_783' title='bbox 2354 4733 2451 4788; x_wconf 92' lang='lat' dir='ltr'>qq.</span> <span class='ocrx_word' id='word_1_784' title='bbox 2484 4725 2540 4769; x_wconf 89' lang='lat' dir='ltr'>et</span> <span class='ocrx_word' id='word_1_785' title='bbox 2574 4715 2705 4770; x_wconf 89' lang='lat' dir='ltr'>hinc</span> <span class='ocrx_word' id='word_1_786' title='bbox 2736 4717 2800 4770; x_wconf 88' lang='lat' dir='ltr'>in</span> <span class='ocrx_word' id='word_1_787' title='bbox 2830 4716 3118 4774; x_wconf 79' lang='lat' dir='ltr'>W&#39;elckers</span> <span class='ocrx_word' id='word_1_788' title='bbox 3138 4717 3234 4773; x_wconf 89' lang='lat' dir='ltr'>Kl.</span> <span class='ocrx_word' id='word_1_789' title='bbox 3270 4713 3552 4785; x_wconf 69' lang='lat' dir='ltr'>Solensem</span> <span class='ocrx_word' id='word_1_790' title='bbox 3578 4720 3606 4772; x_wconf 92' lang='lat'>1</span> <span class='ocrx_word' id='word_1_791' title='bbox 3627 4759 3643 4784; x_wconf 90' lang='lat'>,</span> 
     </span>
     <span class='ocr_line' id='line_1_104' title="bbox 2096 4797 3656 4877; baseline 0.002 -22"><span class='ocrx_word' id='word_1_792' title='bbox 2096 4820 2155 4875; x_wconf 93' lang='lat' dir='ltr'>p.</span> <span class='ocrx_word' id='word_1_793' title='bbox 2190 4799 2296 4865; x_wconf 73' lang='lat'>451</span> <span class='ocrx_word' id='word_1_794' title='bbox 2332 4797 2469 4877; x_wconf 87' lang='lat' dir='ltr'>sqq)</span> <span class='ocrx_word' id='word_1_795' title='bbox 2502 4821 2631 4856; x_wconf 92' lang='lat' dir='ltr'>cum</span> <span class='ocrx_word' id='word_1_796' title='bbox 2657 4804 2888 4858; x_wconf 87' lang='lat' dir='ltr'>Koelero</span> <span class='ocrx_word' id='word_1_797' title='bbox 2913 4814 3139 4858; x_wconf 86' lang='lat' dir='ltr'>eatenus</span> <span class='ocrx_word' id='word_1_798' title='bbox 3168 4803 3331 4872; x_wconf 86' lang='lat' dir='ltr'>facit,</span> <span class='ocrx_word' id='word_1_799' title='bbox 3373 4814 3656 4876; x_wconf 83' lang='lat' dir='ltr'>quatenus</span> 
     </span>
    </p>
   </div>
   <div class='ocr_carea' id='block_1_13' title="bbox 2099 4887 3738 5047">
    <p class='ocr_par' dir='ltr' id='par_1_14' title="bbox 2099 4887 3738 5047">
     <span class='ocr_line' id='line_1_105' title="bbox 2099 4887 3738 4962; baseline 0.003 -20"><span class='ocrx_word' id='word_1_800' title='bbox 2099 4891 2215 4961; x_wconf 88' lang='lat' dir='ltr'>ipse</span> <span class='ocrx_word' id='word_1_801' title='bbox 2253 4906 2482 4960; x_wconf 90' lang='lat' dir='ltr'>quoque</span> <span class='ocrx_word' id='word_1_802' title='bbox 2527 4887 2836 4962; x_wconf 84' lang='lat' dir='ltr'>fragmenta</span> <span class='ocrx_word' id='word_1_803' title='bbox 2898 4899 3089 4945; x_wconf 87' lang='lat' dir='ltr'>nostra</span> <span class='ocrx_word' id='word_1_804' title='bbox 3139 4907 3208 4944; x_wconf 84' lang='lat' dir='ltr'>ex</span> <span class='ocrx_word' id='word_1_805' title='bbox 3259 4890 3656 4962; x_wconf 81' lang='lat' dir='ltr'>compluribus</span> <span class='ocrx_word' id='word_1_806' title='bbox 3727 4910 3738 4919; x_wconf 91' lang='lat'><strong>·</strong></span> 
     </span>
     <span class='ocr_line' id='line_1_106' title="bbox 2102 4973 3656 5047; baseline 0.002 -18"><span class='ocrx_word' id='word_1_807' title='bbox 2102 4974 2410 5030; x_wconf 83' lang='lat' dir='ltr'>Heraclidis</span> <span class='ocrx_word' id='word_1_808' title='bbox 2453 4975 2609 5029; x_wconf 88' lang='lat' dir='ltr'>libris</span> <span class='ocrx_word' id='word_1_809' title='bbox 2637 4973 2876 5030; x_wconf 84' lang='lat' dir='ltr'>conflata</span> <span class='ocrx_word' id='word_1_810' title='bbox 2913 4991 3026 5029; x_wconf 88' lang='lat' dir='ltr'>esse</span> <span class='ocrx_word' id='word_1_811' title='bbox 3057 4985 3240 5047; x_wconf 89' lang='lat' dir='ltr'>putat.</span> <span class='ocrx_word' id='word_1_812' title='bbox 3280 4974 3485 5031; x_wconf 88' lang='lat' dir='ltr'>Libros</span> <span class='ocrx_word' id='word_1_813' title='bbox 3509 4995 3656 5032; x_wconf 78' lang='lat' dir='ltr'>vero</span> 
     </span>
    </p>
   </div>
   <div class='ocr_carea' id='block_1_14' title="bbox 2101 5061 3646 5139">
    <p class='ocr_par' dir='ltr' id='par_1_15' title="bbox 2101 5061 3646 5139">
     <span class='ocr_line' id='line_1_107' title="bbox 2101 5061 3646 5139; baseline 0.002 -24"><span class='ocrx_word' id='word_1_814' title='bbox 2101 5063 2234 5116; x_wconf 88' lang='lat' dir='ltr'>istos</span> <span class='ocrx_word' id='word_1_815' title='bbox 2256 5062 2399 5117; x_wconf 90' lang='lat' dir='ltr'>duos</span> <span class='ocrx_word' id='word_1_816' title='bbox 2424 5064 2772 5135; x_wconf 87' lang='lat' dir='ltr'>potissimum</span> <span class='ocrx_word' id='word_1_817' title='bbox 2799 5063 2960 5117; x_wconf 88' lang='lat' dir='ltr'>fuisse</span> <span class='ocrx_word' id='word_1_818' title='bbox 2991 5063 3111 5116; x_wconf 75' lang='lat' dir='ltr'>vult</span> <span class='ocrx_word' id='word_1_819' title='bbox 3131 5102 3147 5134; x_wconf 90' lang='lat'>,</span> <span class='ocrx_word' id='word_1_820' title='bbox 3178 5080 3356 5117; x_wconf 90' lang='lat' dir='ltr'>unum</span> <span class='ocrx_word' id='word_1_821' title='bbox 3394 5061 3525 5139; x_wconf 81' lang='grc' dir='ltr'>Περὶ</span> <span class='ocrx_word' id='word_1_822' title='bbox 3552 5061 3646 5130; x_wconf 72' lang='grc' dir='ltr'>νή-</span> 
     </span>
    </p>
   </div>
  </div>
 </body>
</html>
