4016 5916
788 391 1420 463 PuARsALloRUM‚
1464 392 2023 464 BOTTlAEORUM,
2068 392 2682 454 cflALcml-:Nsmm
2727 385 3248 459 RESPUBLICAE.'

3491 411 3598 463 15³

408 517 626 587 ἐξέδωκε
648 522 976 596 μαστιγῶσαι
1001 518 1262 599 Εὐριπίδῃ
1287 523 1363 601 τῷ
1381 526 1602 601 ποιητῇ·
1627 525 1655 579 ὃ
1679 524 1724 579 δ’
1756 521 1963 604 Εὐριπί·
2055 521 2240 582 ἔπειτα
2269 528 2362 595 τῆς
2380 522 2596 606 Θρᾴκης
2620 530 2799 585 τοῦτον
2832 526 2920 585 τὸν
2942 527 3098 587 τόπον
3123 531 3406 611 κατασχεῖν
3421 577 3438 605 ,
3465 535 3599 591 ἅνα-

413 607 503 678 δης
538 605 881 685 ἐχαλέπαινεν
911 606 1141 673 εἰπόντος
1177 630 1228 664 τι
1270 611 1425 666 αὐτοῦ
1467 611 1538 674 εἷς
1566 609 1847 668 δυσωδείαν
1874 615 1963 668 τοῦ
2054 610 2390 689 μεμιγμένων
2415 615 2587 678 αὐτοῖς
2617 611 2919 685 Ἀθηναίων.
2941 612 3123 677 Ἔοικε
3144 616 3245 696 γὰρ
3270 619 3343 694 μὴ
3373 621 3600 702 διαφθεί·

410 692 723 771 στόματος.]
744 695 824 752 Cf.
848 696 1045 751 Suidas
1070 715 1126 754 ν.
1160 694 1464 775 Εὐριπίδης.

1092 798 1283 878 [156]

489 903 682 981 [Idem
705 905 825 960 Pol.
848 907 925 975 V,
957 906 1022 975 8,
1052 924 1120 962 10
1154 925 1168 961 ε
1202 902 1272 964 Ἦ
1303 904 1357 962 δὲ
1393 904 1666 965 Φιλίππου
1696 928 1807 987 [ες.
1850 906 1961 965 ἐπί-

410 992 579 1065 θεσις)
603 987 705 1046 ὑπὸ
728 987 1034 1049 Παυσανίου
1051 1034 1067 1063 ,
1099 989 1185 1049 διὰ
1210 991 1270 1049 τὸ
1294 992 1446 1050 ἐᾶσαι
1474 992 1781 1073 ὑδρισθῆναι
1807 995 1962 1053 αὐτὸν

410 1074 511 1133 ὐπὸ
537 1078 639 1132 τῶν
679 1073 799 1154 περὶ
842 1074 1110 1137 Ἄτταλον.
1143 1076 1249 1138 Καὶ
1289 1081 1322 1149 ἡ
1368 1078 1616 1157 Ἀμύντου
1645 1086 1732 1139 τοῦ
1774 1087 1959 1162 μικροῦ

409 1160 510 1219 ὑπὸ
524 1161 694 1242 Δέρδα
707 1209 723 1235 ,
741 1163 824 1221 διὰ
848 1163 908 1222 τὸ
928 1163 1296 1244 καυχήσασθαι
1314 1167 1384 1232 εἷς
1406 1164 1498 1237 τὴν
1521 1166 1727 1238 ἡλικίαν
1744 1168 1961 1246 αὐτοῧ.]

408 1254 477 1309 V.
508 1250 837 1311 Schneider.
864 1274 925 1328 p.
961 1254 1095 1326 337.

964 1408 1398 1474 BOTTIAIQN.

1120 1562 1250 1635 157.

491 1692 776 1750 Plutarch.
818 1693 1057 1748 Theseus
1096 1712 1149 1748 c.
1205 1692 1305 1762 16,
1357 1691 1389 1748 3
1438 1711 1452 1747 ε
1498 1689 1850 1768 Ἀριστοτέλης
1901 1690 1955 1749 δὲ

405 1776 499 1837 καὶ
528 1778 680 1844 αὐτὸς
728 1780 779 1837 ἓν
816 1782 882 1858 τῇ
921 1777 1209 1838 Βοττιαίων
1249 1778 1485 1857 πολιτεία
1543 1777 1694 1849 δῆλός
1733 1781 1869 1836 ἐστιν
1896 1781 1953 1837 οὐ

408 1863 629 1942 νομίζων
685 1867 1004 1947 ἀναιρεῖσθαι
1067 1865 1183 1933 τοὺς
1232 1867 1421 1933 παῖδας
1477 1863 1578 1924 ὑπὸ
1628 1870 1718 1924 τοῦ
1766 1864 1953 1938 Μίνω,

406 1951 543 2011 ἀλλὰ
584 1951 887 2025 θητεύοντας
928 1955 981 2013 ἐν
1023 1959 1087 2035 τῇ
1134 1953 1318 2034 Κρήτῃ
1354 1954 1814 2034 καταγηράσκειν·
1862 1953 1953 2012 καί

402 2063 532 2099 ποτε
579 2043 788 2121 Κρῆτας
829 2040 986 2122 εὐχὴν
1015 2040 1246 2101 παλαιὰν
1277 2041 1640 2115 ἀποδιδόντας,
1668 2039 1953 2121 ἀνθρώπων

404 2128 655 2209 ἀπαρχὴν
681 2132 751 2196 εἶς
791 2129 1021 2210 Δελφοὺς
1060 2128 1401 2188 ἀποστέλλειν
1417 2151 1432 2166 ·
1457 2136 1565 2195 τοῖς
1591 2127 1645 2186 δὲ
1671 2128 1952 2206 πεμπομέ-

402 2237 505 2282 νοις
539 2214 916 2294 ἀναμιχθέντας
954 2215 1191 2294 ἒκγόνους
1236 2214 1444 2274 ἐκείνων
1495 2213 1838 2283 συνεξελθεῖν·
1885 2218 1953 2282 ὡς

400 2301 457 2359 δὲ
503 2304 594 2361 οὐκ
629 2295 763 2373 ἦσαν
806 2302 976 2362 ἱκανοὶ
1016 2302 1218 2384 τρέφειν
1248 2300 1457 2370 ἑαυτοὺς
1504 2301 1709 2375 αὐτόθι,
1739 2306 1943 2383 πρῶτον

400 2388 498 2466 μὲν
524 2392 593 2456 εἰς
615 2389 844 2450 Ἰταλίαν
870 2391 1213 2472 διαπερᾶσαι,
1246 2394 1402 2450 κάκεῖ
1425 2392 1684 2449 κατοικεῖν
1707 2390 1827 2470 περὶ
1854 2390 1948 2461 τὴν

399 2475 708 2553 Ἰαπυγίαν·
735 2480 927 2537 ἐκεῖθεν
967 2477 1022 2537 δὲ
1069 2469 1210 2545 αὐθις
1244 2481 1316 2545 εἰς
1342 2474 1561 2559 Θρᾴκην
1603 2481 1948 2555 κομισθῆναι,

396 2563 491 2624 καὶ
512 2566 767 2637 κληθῆναι
784 2564 1081 2633 Βοττιαίους
1097 2589 1111 2603 ·
1142 2565 1220 2625 διὸ
1242 2565 1333 2632 τὰς
1360 2565 1516 2645 κόρας
1538 2568 1639 2622 τῶν
1667 2566 1950 2624 Βοττιαίων

397 2651 583 2710 θυσίαν
604 2651 719 2710 τινὰ
737 2651 984 2720 τελούσας
1013 2651 1223 2734 ἐπᾴδειν
1242 2698 1258 2724 ,
1293 2649 1522 2729 Ἴωμεν
1557 2655 1647 2718 εἰς
1668 2651 1720 2713 Ἀ
1736 2651 1891 2722 θήνα
1907 2678 1946 2719 ς.

479 2741 635 2797 Idem
665 2743 774 2814 Qu.
814 2743 911 2799 Gr.
942 2761 999 2816 p.
1041 2741 1154 2817 298
1173 2785 1191 2817 ,
1219 2744 1264 2799 F
1297 2762 1311 2798 τ
1346 2767 1369 2790 ι
1399 2739 1471 2800 Τί
1495 2739 1690 2810 δήποτε
1719 2743 1830 2805 ταῖς
1856 2740 1947 2798 κό-

398 2848 512 2904 ραις
540 2827 641 2883 τῶν
668 2824 952 2884 Βοττιαίων
973 2823 1081 2893 ἔθος
1103 2817 1164 2898 ἦν
1185 2825 1356 2904 λέγειν
1375 2824 1734 2907 χορευούσαις·
1748 2819 1945 2902 Ἴωμεν

396 2916 469 2981 εἰς
495 2912 738 2985 Ἀθήνας
781 2937 806 2965 ¹·
850 2914 1061 2993 Κρῆτας
1106 2912 1264 2995 φασὶν
1310 2912 1615 2991 εὐξαμένους
1662 2911 1945 2992 ἀνθρώπων

397 2998 645 3080 ἀπαρχὴν
675 3003 745 3066 εἰς
767 2998 995 3080 Δελφοὺς
1019 3001 1352 3075 ἀποστεῖλαι,
1376 3002 1492 3069 τοὺς
1521 2998 1575 3059 δὲ
1595 2997 1945 3081 πεμφθέντας,

393 3088 467 3154 ὣς
495 3087 665 3168 ἐώρων
690 3083 934 3165 οὐδεμίαν
963 3079 1122 3147 οὖσαν
1150 3089 1392 3167 εὐπορίαν
1411 3133 1429 3166 ,
1456 3089 1663 3147 αὐτόθεν
1692 3090 1761 3153 εἰς
1789 3090 1941 3146 ἀποι-

394 3174 514 3234 κίαν
537 3179 791 3257 ὁρμῆσαι·
816 3174 906 3235 καὶ
928 3179 1133 3256 πρῶτον
1153 3175 1249 3254 μὲν
1273 3180 1324 3236 ἰν
1348 3177 1590 3258 Ἰαπυγίᾳ
1608 3181 1942 3254 κατοικῆσαι,

392 3345 702 3402 succensebat
720 3343 850 3408 quod
871 3344 950 3395 ille
968 3345 1126 3395 nescio
1143 3345 1258 3408 quid
1274 3345 1334 3396 de
1348 3358 1431 3395 ore
1448 3346 1550 3407 eius
1566 3346 1773 3408 graviter
1788 3345 1947 3395 olente

392 3420 639 3486 dixis-seh]

1080 3502 1247 3568 [156.]

456 3582 703 3648 [Philippo
721 3597 751 3634 a
775 3585 1005 3634 Pausania
1028 3584 1206 3634 idcirco
1220 3584 1293 3635 vis
1313 3585 1443 3635 illata
1458 3587 1558 3648 est,
1579 3586 1692 3649 quia
1715 3600 1828 3636 eum
1852 3586 1942 3635 im·

390 3675 520 3724 pune
546 3661 835 3711 contumelia
858 3665 908 3712 et
923 3661 1158 3711 dedecore
1178 3661 1305 3710 affici
1323 3661 1385 3711 ab
1414 3664 1573 3712 Attalo
1599 3663 1799 3726 eiusque
1825 3663 1938 3713 ami·

390 3740 461 3789 cis
493 3753 660 3802 passus
688 3742 813 3790 esset
841 3759 855 3790 ε
878 3743 929 3791 et
949 3741 1165 3803 Amyntas
1183 3743 1498 3803 cognomento
1521 3747 1671 3803 parvo
1692 3756 1721 3791 a
1754 3741 1910 3792 Derda
1927 3779 1942 3803 ,

389 3815 503 3878 quia
524 3817 573 3866 in
590 3817 694 3880 ejus
721 3816 997 3881 pudicitiam
1024 3817 1226 3880 gloriose
1246 3817 1425 3880 aliquid
1444 3818 1757 3884 iactassent]

887 3945 1429 4010 BOTTIAEORUM.

1102 4079 1225 4130 15⁷.

451 4192 555 4253 lpse
573 4203 766 4254 quoque
789 4191 1068 4242 Aristoteles
1090 4193 1139 4242 in
1160 4194 1471 4244 Bottiaeorum
1500 4192 1740 4257 republica
1764 4195 1940 4245 fatetur

388 4279 486 4315 non
503 4267 721 4317 arbitrari
743 4281 796 4318 se
811 4281 841 4318 a
861 4271 1016 4318 Minoe
1035 4270 1309 4320 interfectos
1332 4271 1475 4321 fuisse
1496 4270 1689 4332 liberos,
1709 4271 1793 4322 sed
1810 4285 1939 4321 mer-

388 4343 625 4392 cenariam
650 4343 802 4394 vitam
816 4348 1012 4407 agentes
1025 4345 1072 4394 in
1092 4348 1234 4395 Creta
1251 4347 1554 4397 consenuisse
1575 4367 1588 4398 ι
1612 4360 1671 4397 ao
1689 4351 1940 4399 Cretenses

388 4418 643 4482 aliquando
679 4420 743 4470 ad
769 4423 938 4472 vetera
971 4422 1284 4487 persolvenda
1314 4425 1431 4474 vota
1473 4424 1723 4474 bominum
1754 4425 1937 4476 misisse

388 4495 622 4557 primitias
636 4497 870 4562 Delphos,
887 4501 1035 4562 atque
1057 4513 1169 4549 cum
1191 4499 1268 4550 bis
1283 4501 1369 4563 qui
1391 4501 1723 4563 mittebantur,
1744 4502 1936 4552 mistam

386 4573 580 4623 illorum
603 4575 961 4626 Atheniensium
997 4576 1209 4627 sobolem
1242 4591 1336 4628 una
1362 4580 1628 4641 emigrasse.
1664 4579 1759 4638 Qui
1786 4593 1935 4642 quum

388 4652 574 4703 victum
596 4654 683 4705 sibi
702 4665 923 4718 qnaerere
952 4655 1002 4706 in
1028 4656 1123 4706 illis
1139 4657 1258 4708 locis
1278 4670 1376 4708 non
1398 4660 1640 4723 valerent,
1661 4660 1710 4709 in
1749 4660 1935 4710 ltaliam

386 4730 702 4783 transmisisse
731 4733 944 4796 primum
957 4770 972 4797 ,
995 4735 1142 4796 atque
1160 4734 1259 4784 illic
1288 4734 1423 4786 sedes
1441 4736 1568 4787 cirea
1587 4736 1824 4800 Iapygiam
1839 4737 1937 4788 col·

384 4805 565 4857 locasse
593 4827 607 4858 ι
633 4807 745 4859 inde
773 4823 939 4861 rursus
958 4809 1140 4860 delatos
1162 4809 1211 4860 in
1243 4812 1522 4874 Thraciam,
1555 4815 1604 4863 et
1630 4814 1784 4863 dictos
1819 4816 1933 4864 Bot-

384 4882 524 4933 tiaeos
553 4904 566 4934 ε
591 4889 887 4949 quapropter
906 4887 1222 4937 Bottiaeorum
1243 4888 1449 4952 virgines
1479 4890 1628 4941 sacris
1644 4890 1933 4953 quibusdam

384 4961 603 5013 accinere
617 4964 833 5015 solebant
850 4984 864 5015 ε
887 4968 1086 5015 Eamus
1106 4965 1346 5018 Athenas.

451 5041 554 5088 01η·
576 5042 911 5092 Balnearum
931 5042 1122 5104 puellis
1142 5042 1375 5104 messuit
1395 5044 1604 5095 choreas
1623 5044 1931 5096 ducentibus

382 5111 553 5166 dicere
566 5133 585 5166 .·
605 5119 803 5168 Eamus
818 5117 1074 5168 Athenas?
1088 5120 1356 5184 cretenses,
1371 5123 1423 5171 ut
1438 5121 1727 5185 perhibetur,
1742 5137 1802 5172 ex
1814 5125 1930 5173 voto

2055 721 2157 778 ρειν
2180 703 2209 756 ὁ
2235 699 2418 766 Μίνως
2452 697 2535 765 οὓς
2560 698 2796 776 ἔπεμπον
2823 700 3080 773 Ἀθηναῖοι
3108 709 3245 763 κατὰ
3283 704 3369 764 τὸν
3402 708 3604 785 δασμὸν

2050 784 2276 861 ἠϊθέους,
2315 783 2451 844 ἀλλὰ
2479 786 2717 865 κατέχειν
2756 790 2884 866 παρ’
2924 791 3096 870 ἑαυτῷ
3116 790 3476 871 λατρεύοντας.
3509 794 3601 862 ’lie

2048 873 2258 933 ἐκείνων
2293 865 2380 933 οὐν
2421 872 2552 941 τινὲς
2578 873 2842 953 γεγονότες
2880 874 2971 933 καὶ
3007 878 3331 954 νομιζόμενοι
3363 882 3563 959 Κρῆτες
3582 900 3656 952 ,0

2052 963 2123 1029 εἷς
2152 961 2380 1044 Δελφοὺς
2415 964 2905 1035 συναπεστάλησαν.
2925 959 3090 1025 Ὅθεν
3127 966 3182 1023 αἱ
3206 970 3233 1024 θ
3302 966 3478 1046 ατὲρες
3501 972 3601 1026 τῶν

2057 1044 2336 1099 Βοττιαίων
2368 1041 2891 1118 ἀπομνημονεύουσαι
2919 1048 3009 1101 τοῦ
3036 1042 3240 1122 γένους,
3267 1109 3278 1125 ⁰
3297 1046 3383 1104 δον
3411 1047 3464 1103 ἐν
3491 1049 3602 1113 ταῖς

2049 1130 2247 1208 ἑορταῖς
2264 1151 2277 1165 ·
2300 1125 2493 1204 Ἴωμεν
2515 1131 2585 1195 εἰς
2607 1128 2841 1199 Ἀθήνας.
3151 1168 3159 1177 ·
3205 1156 3242 1197 ,a

2129 1217 2213 1273 cf.
2245 1216 2445 1274 Conon
2471 1219 2634 1273 Narr.
2670 1216 2774 1288 25,
2795 1219 2997 1275 Strabo
3019 1221 3154 1288 VII,
3177 1238 3240 1295 p.
3276 1239 3410 1295 279.
3439 1222 3601 1277 Miil-

2050 1304 2151 1359 ler.
2180 1306 2316 1360 Dor.
2344 1306 2402 1373 Ι,
2436 1311 2570 1371 242.
2598 1306 2762 1361 Plura
2791 1306 2949 1362 dabit
2975 1307 3181 1363 Hoeck.
3215 1308 3278 1363 in
3308 1310 3489 1365 ema.
3514 1311 3601 1365 De

2049 1392 2409 1447 Bottiaeorum
2441 1391 2674 1468 regione
2711 1412 2766 1449 v.
2805 1394 3078 1451 Herodot.
3115 1398 3256 1466 vll,
3295 1397 3433 1467 123,
3465 1416 3602 1468 127,

2048 1491 2101 1534 et
2128 1499 2270 1553 quos
2295 1481 2375 1535 ibi
2404 1481 2596 1537 laudat
2621 1480 2828 1550 Baehr.,
2859 1484 3025 1552 VIII,
3065 1501 3200 1554 ¹273
3229 1484 3486 1558 Thucyd.
3512 1488 3600 1553 ΙΙ,

2048 1586 2155 1640 99;
2195 1568 2439 1624 Diodor.
2471 1571 2610 1639 VII,
2647 1588 2712 1640 17
2744 1570 2939 1639 ;X11,
2974 1575 3068 1639 47.
3101 1570 3182 1626 Cf.
3213 1572 3405 1645 steph.
3436 1571 3598 1629 Thes·

2046 1672 2100 1707 v.
2130 1652 2333 1712 Βοττία.

2576 1770 2598 1849 [
2615 1770 3073 1849 mmmmm]

2757 1897 2888 1955 158.

2127 2012 2382 2091 [Aristot.
2417 2016 2540 2071 Pol.
2563 2017 2670 2085 vl,
2703 2032 2769 2086 2,
2801 2016 2837 2071 6
2868 2035 2882 2071 2
2913 2016 3025 2074 Νῦν
3051 2010 3106 2072 δὲ
3137 2014 3214 2073 δεῖ
3243 2015 3474 2095 διορθοῦν
3498 2016 3588 2075 καὶ

2041 2102 2116 2180 τῷ
2143 2098 2430 2180 Ἀφυταίων
2449 2100 2654 2177 (codd.
2682 2099 2980 2180 Ἀιρυτοίλων
3004 2115 3056 2159 et
3072 2099 3405 2182 Ἄφητᾶλων)
3425 2101 3589 2182 νόμῳ·

2041 2186 2167 2266 πρὸς
2184 2185 2285 2265 γὰρ
2314 2185 2343 2244 ὃ
2374 2186 2592 2267 λέγομεν
2617 2187 2731 2246 ἐστὶ
2750 2187 3040 2267 χρήσιμος·
3069 2189 3254 2248 ἐκεῖνοι
3272 2188 3374 2270 γὰρ
3400 2191 3594 2272 καίπερ

2040 2273 2181 2341 ὄντες
2211 2273 2422 2346 πολλοὶ,
2452 2272 2764 2350 κεκτημίνοι
2792 2272 2847 2333 δὲ
2883 2278 2980 2352 γῆν
3004 2273 3182 2351 ὀλίγην
3192 2319 3210 2348 ,
3243 2273 3383 2352 ὅμως
3403 2275 3594 2341 πάντες

2040 2367 2352 2441 γεωργοῦσι·
2379 2365 2631 2437 τιμῶνται
2656 2359 2757 2441 γὰρ
2783 2363 2883 2441 οὐχ
2906 2360 3031 2429 ὅλας
3060 2361 3154 2429 τὰς
3180 2361 3420 2441 κτήσεις,
3452 2362 3590 2421 ἀλλὰ

2040 2448 2176 2508 κατὰ
2214 2450 2503 2520 τηλικαῦτα
2532 2448 2691 2527 μόρια
2720 2450 3066 2529 διαιροῦντες,
3107 2448 3234 2508 ὥστ’
3256 2448 3395 2528 ἔχειν
3433 2453 3592 2530 ὑπερ-

2040 2535 2253 2595 ὄᾶλλειν
2272 2542 2385 2602 ταῖς
2408 2534 2655 2612 τιμήσεσι
2681 2536 2772 2595 καὶ
2799 2534 2916 2602 τοὺς
2938 2534 3220 2615 πίνητας.]

2114 2628 2183 2693 V..
2225 2626 2491 2682 Kortiim.
2513 2626 2552 2684 l.
2586 2626 2627 2681 l.
2656 2644 2716 2699 p.
2752 2645 2846 2695 11,
2874 2627 3183 2685 Tittmann.
3211 2627 3252 2683 l.
3285 2627 3324 2680 l.
3355 2644 3416 2699 p.
3449 2623 3588 2699 379.

2038 2713 2123 2770 Cf.
2157 2713 2228 2768 de
2268 2713 2550 2786 Aphytaeis
2588 2712 2678 2788 (in
2705 2714 2936 2787 regicne
2979 2710 3270 2788 Pellenea)
3303 2713 3591 2769 Heraclid.

2036 2801 2200 2857 Pont.
2225 2799 2296 2858 fr.
2330 2797 2426 2854 38.

2179 2924 2654 3004 [ΧΑΛΚῙΔΕΩΝ
2695 2926 2855 2987 ΤΩΝ
2899 2926 3034 2986 Em
3075 2925 3439 3012 emma]

2705 3045 2910 3125 [1⁵9·]

2114 3177 2298 3257 [Idem
2328 3180 2406 3234 ib.
2431 3181 2518 3250 11,
2553 3198 2616 3254 9,
2656 3198 2693 3253 9
2726 3198 2741 3234 t
2772 3175 3017 3252 Ἐγίνετο
3044 3175 3098 3235 δὲ
3126 3176 3216 3235 καὶ
3242 3176 3592 3256 Ἀνδροδάμας

2041 3344 2273 3407 primitias
2296 3344 2547 3394 hominum
2571 3345 2780 3408 Delphos
2797 3344 3046 3394 miserunt.
3066 3344 3192 3394 Missi
3205 3358 3357 3408 quum
3373 3345 3591 3397 viderent

2034 3421 2220 3471 nullam
2252 3421 2318 3471 ibi
2342 3433 2506 3470 rerum
2529 3421 2715 3484 copiam
2733 3433 2865 3482 esse,
2902 3420 3012 3470 inde
3037 3420 3088 3469 in
3113 3421 3350 3471 coloniam
3386 3424 3587 3484 profecti

2033 3497 2245 3560 primum
2261 3496 2567 3547 incoluerunt
2587 3497 2844 3560 iapygiam,
2863 3500 2973 3560 post
2986 3497 3203 3546 Thraciae
3223 3498 3363 3546 istam
3377 3502 3588 3563 partem,

2033 3587 2144 3639 qnae
2166 3574 2479 3625 Bottioeornm
2495 3572 2690 3636 dicitur,
2705 3572 3037 3635 obtinuerunt,
3056 3573 3310 3635 permixtis
3330 3575 3585 3626 Athenien·

2031 3652 2179 3702 sibus.
2214 3653 2420 3714 Apparet
2451 3650 2578 3700 enim
2609 3650 2958 3712 adolescentes,
2990 3650 3073 3712 qui
3097 3650 3265 3700 tributi
3303 3652 3498 3703 nomine
3523 3654 3590 3703 ab

2033 3728 2395 3780 Atheniensibus
2412 3727 2743 3788 mittebantur,
2763 3740 2792 3777 a
2816 3726 2976 3776 Minoe
2998 3739 3096 3775 non
3121 3727 3266 3776 misse
3291 3727 3589 3792 interfectos,

2031 3803 2113 3856 sed
2145 3818 2232 3869 pro
2252 3805 2401 3854 servis
2430 3802 2662 3853 detentos.
2699 3804 2882 3852 Horum
2903 3814 3016 3865 ergo
3044 3801 3193 3864 aliqui
3223 3802 3341 3852 sacti
3363 3807 3413 3854 et
3434 3804 3585 3855 habiti

2032 3885 2311 3944 Cretenses,
2342 3895 2439 3932 una
2465 3873 2583 3931 ¹cum
2605 3880 2801 3943 reliquis
2834 3879 3044 3943 Delphos
3066 3880 3196 3929 missi
3229 3883 3385 3932 erant.
3417 3885 3585 3946 ltaque

2031 3962 2346 4014 Botlioeorum
2366 3960 2478 4011 filiae
2490 3960 2642 4024 gentis
2667 3972 2768 4009 suae
2787 3958 3069 4008 memoriam
3093 3957 3417 4023 celebrantes,
3443 3962 3492 4010 ln
3512 3963 3586 4012 se·

2029 4037 2319 4090 stivitatibus
2334 4037 2571 4087 canebant
2591 4055 2604 4086 :
2635 4038 2833 4087 Eamus
2853 4034 3092 4085 Athenas.

2484 4146 3129 4225 [APHYTAEORUM.]

2707 4272 2874 4339 [158]

2090 4382 2250 4446 [Nunc
2266 4384 2412 4433 etiam
2426 4383 2768 4446 Aphytaeorum
2784 4383 2888 4445 lege
2906 4382 2978 4431 uti
2996 4384 3044 4433 et
3067 4394 3213 4445 prava
3236 4382 3454 4433 instituta
3476 4371 3588 4433 coi·-

2029 4461 2180 4523 rigere
2199 4463 2425 4524 oportet:
2459 4464 2532 4511 est
2549 4461 2678 4510 enim
2703 4460 2864 4522 adid,
2892 4459 3024 4522 quod
3047 4459 3260 4522 agimus,
3281 4459 3427 4510 utilis.
3459 4465 3582 4512 Nam

2026 4553 2178 4603 quum
2206 4539 2278 4588 illi
2299 4542 2525 4602 angustos
2552 4539 2672 4589 fines
2693 4551 2781 4601 pro
2813 4536 3124 4587 multitudine
3149 4537 3400 4587 hominnm
3428 4541 3584 4602 possi·

2026 4618 2199 4680 deant,
2230 4631 2397 4668 omnes
2425 4621 2585 4667 tamen
2609 4619 2721 4666 sunt
2752 4617 3000 4680 agricolae;
3034 4628 3133 4665 non
3164 4613 3294 4666 enfin
3325 4623 3582 4670 censentur

2025 4695 2291 4746 secundum
2305 4697 2432 4744 totas
2443 4693 2786 4758 possessiones,
2800 4693 2884 4744 sed
2894 4692 3158 4743 secundum
3172 4695 3274 4743 tam
3288 4706 3462 4757 parvas
3473 4710 3579 4760 par·

2026 4775 2125 4835 tes,
2144 4775 2202 4823 ut
2217 4771 2398 4835 possint
2415 4772 2562 4822 etiam
2585 4783 2817 4834 pauperes
2832 4770 3054 4821 censibus
3085 4770 3134 4819 in
3171 4783 3272 4834 rep.
3306 4774 3588 4838 superare]

2183 4881 2844 4962 [CHALCIDENSIUM
2885 4883 2966 4942 IN
3007 4882 3412 4961 THRACIA]

2714 5005 2885 5072 [¹59]

2085 5121 2448 5188 [androdamas
2484 5125 2653 5174 autem
2689 5123 2930 5188 Rheginus
2950 5123 3340 5175 Chalcidensibus
3364 5124 3586 5176 Thraciis
