4016 5916
1634 380 2123 442 FRAGMENTA.

353 514 535 570 Locus
547 530 705 567 sensu
728 522 902 567 caret.
924 510 1295 567 scribendum
1314 530 1690 586 proponerem
1715 513 1826 581 Or.-

264 598 368 656 σεά
409 597 714 666 inoculatio,
752 597 961 654 deinde
989 594 1024 665 ἢ
1051 593 1271 675 apicem
1316 618 1366 654 κ.
1412 620 1463 655 τ.
1506 599 1559 656 λ.
1603 600 1675 655 de
1711 605 1832 656 An-

262 690 430 762 tiope
454 689 819 761 intelligerem
847 686 982 740 belli
1003 686 1381 760 componendi
1403 705 1564 742 causa
1580 689 1638 742 in
1662 686 1830 742 Ama-

260 794 481 831 zonum
515 787 687 830 castra
716 774 1000 848 prosecta,
1033 773 1238 829 deinde
1262 792 1480 830 reversa
1513 795 1642 831 cum
1670 777 1834 832 donis

264 876 327 917 et
350 865 505 937 pacis
528 861 979 931 conditionibus,
1010 880 1249 935 quarum
1271 881 1385 917 una
1404 862 1618 933 fuisset,
1641 874 1704 918 ut
1721 867 1833 919 An·

264 953 472 1024 tiopen
499 950 736 1005 Theseus
759 949 1086 1004 dimitteret.
1113 953 1188 1006 At
1213 968 1415 1005 vereor
1437 969 1509 1006 ne
1530 950 1832 1024 perdamus

266 1057 530 1113 operam.
553 1039 725 1093 Totus
764 1039 912 1094 locus
938 1034 1157 1092 fluxisse
1178 1032 1403 1093 videtur
1430 1056 1501 1093 ex
1528 1038 1828 1094 Plutarcho

268 1126 463 1181 obiter
500 1126 779 1198 inspecto3
820 1125 923 1197 qui
957 1126 1018 1178 in
1051 1124 1282 1179 Theseo
1319 1143 1369 1179 c.
1401 1124 1473 1180 26
1498 1127 1681 1181 statim
1705 1138 1831 1199 post

266 1211 563 1269 Herodoti
596 1212 973 1285 fragmentum
1008 1209 1183 1265 modo
1212 1212 1548 1285 ascriptum,
1587 1231 1617 1267 e
1656 1214 1832 1267 Bione

264 1309 463 1355 narrat
490 1301 771 1372 Antiopen
799 1317 918 1353 non
944 1297 1144 1374 fugisse
1170 1298 1442 1354 Theseum
1464 1296 1831 1375 προσὸαλόντα

264 1390 333 1464 τῇ
350 1384 524 1465 γώρα,
552 1384 685 1442 ἀλλὰ
707 1382 798 1441 καὶ
814 1381 951 1451 ξένια
972 1381 1279 1459 πέμπειν,
1232 1406 1319 1441 τον
1340 1384 1393 1442 δὲ
1410 1383 1503 1454 τὴν
1520 1384 1831 1462 κομίζουσαν

265 1452 411 1547 ειιὲἇι
414 1495 498 1529 ναι
526 1472 856 1550 παρακαλεῖν
894 1472 965 1537 εἷς
1002 1468 1060 1527 τὸ
1100 1471 1306 1529 πλοῖον·
1348 1470 1585 1548 ἔμὸάσης
1618 1471 1670 1529 δὲ
1701 1476 1830 1529 ἀνα-

266 1564 486 1639 γθῆναι.
520 1560 741 1616 Deinde
772 1579 893 1634 cap.
947 1578 1017 1631 27
1050 1559 1231 1616 dicit:
1269 1556 1437 1618 Ἔνιοι
1466 1556 1523 1617 δέ
1546 1581 1673 1639 φασι
1700 1556 1831 1635 μετὰ

266 1653 360 1706 τοῦ
386 1646 611 1718 θνσὲως
631 1645 937 1724 μαχομένην
955 1646 1131 1703 πεσεῖν
1154 1643 1249 1717 τὴν
1276 1646 1579 1727 ἄνθρωπον’
1562 1645 1662 1703 υπὸ
1688 1648 1831 1705 Μολ-

266 1736 522 1801 παδίας’
493 1756 588 1792 ακο
564 1737 900 1792 ντισθεῑσαν.
930 1737 1063 1796 Haec
1091 1754 1192 1790 suo
1221 1754 1378 1791 more
1408 1737 1465 1790 in
1487 1754 1663 1791 unum
1691 1738 1832 1791 Tze-

270 1838 385 1879 tzes
411 1824 844 1899 conglutinavit.
878 1822 1033 1880 ldem
1061 1824 1207 1878 valet
1231 1822 1301 1878 de
1329 1823 1709 1896 sequentibus.

350 1914 574 1968 Tzetzes
596 1910 669 1967 ad
692 1910 997 1968 Antehom.
1026 1928 1084 1984 p.
1119 1908 1233 1965 238
1258 1909 1349 1969 ed.
1371 1911 1636 1966 Jacobs:
1666 1905 1828 1987 Ἡρό-

270 2001 434 2076 δωρος
466 1999 751 2075 (corrupt.
783 1994 1063 2075 Ἡρόδοτος
1071 1998 1138 2071 )ὁ
1163 1995 1411 2061 Ποντικὸς
1433 1994 1523 2054 καὶ
1554 1995 1828 2074 Μενεκρά-

270 2111 367 2159 της
394 2091 422 2146 ὁ
450 2085 619 2164 mpii
600 2083 825 2151 Νικαίας
852 2082 1131 2163 ῖστορησας
1175 2087 1267 2155 τῆς
1312 2083 1408 2162 [ἐν
1450 2084 1694 2163 Βιθυνία]
1730 2083 1830 2142 πό-

270 2178 404 2241 λεως
430 2174 658 2253 ἱστόρει,
689 2176 759 2238 ὣς
786 2170 1053 2242 Θησευς“’
1022 2194 1157 2251 εχων
1186 2169 1280 2243 τὴν
1300 2171 1573 2245 Ἀντιόπην
1596 2172 1686 2231 καὶ
1714 2195 1833 2251 περι

270 2264 390 2331 τους
419 2265 475 2322 ἐν
499 2262 695 2324 Notata
726 2259 952 2341 διέτριψε
981 2258 1185 2338 τόπους,
1212 2282 1264 2319 κ.
1291 2283 1342 2321 τ.
1374 2261 1426 2321 λ.

354 2356 489 2411 Haec
532 2325 884 2428 negligenter
935 2352 1208 2425 exscripta
1258 2361 1385 2406 sunt
1426 2369 1493 2405 ex
1548 2348 1831 2406 Plutarch.

273 2442 440 2498 Thes.
469 2460 520 2497 c.
553 2440 659 2510 26,
695 2439 797 2494 ubi
826 2456 891 2494 ea
915 2457 1038 2511 quae
1070 2456 1140 2493 ex
1159 2441 1475 2494 Menecrate
1512 2447 1832 2506 narrantur,

274 2528 546 2605 precedit
571 2528 731 2583 locus
750 2524 1039 2582 Herodori
1074 2544 1242 2599 supra
1278 2526 1560 2599 ascriptus.
1590 2525 1833 2579 Omnino

277 2616 611 2677 Herodorus
638 2632 726 2670 res
742 2612 939 2668 Thesei
961 2614 1179 2667 nonnisi
1207 2611 1388 2668 obiter
1421 2612 1654 2685 tetigisse
1678 2609 1838 2665 vide—

280 2716 392 2776 tur,
418 2722 488 2760 eo
512 2703 785 2772 maxime,
817 2702 1045 2775 opinor,
1068 2700 1302 2755 consilio
1327 2709 1387 2753 ut
1410 2699 1662 2753 Atticos
1649 2717 1831 2771 impu-

276 2802 506 2867 gnaret,
543 2791 644 2864 qui
683 2791 741 2843 in
783 2789 1021 2890 gloriam
1051 2790 1195 2863 regis
1239 2787 1587 2843 Atheniensis
1622 2797 1836 2840 veteres

278 2880 520 2950 fabulas,
570 2879 826 2953 inprimis
876 2877 1164 2946 HerculiS,
1227 2875 1681 2930 adulteraverint.
1746 2873 1831 2930 Cf.

281 2970 349 3026 fr.
386 2967 483 3034 34.

1020 3063 1106 3115 ¹7

358 3160 645 3218 Plutarch.
676 3160 837 3216 Th.es
875 3177 1011 3232 29:
1068 3155 1287 3214 Πολλων
1323 3152 1377 3211 δὲ
1422 3151 1537 3210 τότε
1576 3155 1677 3219 τοῖς
1719 3150 1835 3231 ἀρί-

280 3269 418 3314 στοις
446 3244 620 3304 ἄθλων
647 3241 964 3319 γενομένων,
992 3240 1290 3321 Ἡρόδωρος
1322 3239 1416 3318 μὲν
1449 3238 1645 3306 οὐδενὸς
1676 3237 1836 3298 οἴεται

278 3357 366 3392 τον
393 3331 585 3404 Θησέα
613 3353 927 3409 μετασχειν,
952 3327 1088 3386 ἀλλὰ
1113 3327 1283 3406 μόνοις
1308 3327 1569 3393 Λαπίθαις
1586 3329 1678 3397 τῆς
1708 3329 1837 3386 Κεν·

276 3419 659 3499 ταυρομαγίας.
685 3421 766 3478 Cf.
801 3420 872 3474 si.
899 3418 994 3484 34.

360 3511 561 3566 Paullo
589 3519 717 3582 post
740 3508 1115 3562 Plutarchus:
1149 3502 1438 3584 Φιλόχορος
1467 3501 1643 3562 δὲκαὶ
1674 3525 1831 3559 σπον-

280 3596 371 3662 δὰς
397 3618 519 3693 περι
547 3596 742 3674 νεκρῶν
771 3590 1078 3691 ἀναιρέσεως
1116 3593 1352 3668 γενέσθαι
1383 3589 1613 3693 πρώταςω
1619 3589 1833 3657 ἐκείνας·

279 3676 358 3734 ὅτι
382 3673 439 3733 δὲ
479 3673 752 3752 Ηρακλῆς
779 3674 981 3751 πρῶτος
1016 3673 1117 3729 ἀπε
1096 3669 1252 3728 ’δωκε
1287 3692 1493 3750 νεκρους
1532 3673 1636 3737 τοῖς
1676 3670 1831 3727 πολε·

280 3763 415 3840 μίοις
443 3763 498 3819 ἐν
526 3761 634 3827 τοῖς
656 3782 776 3841 περι
804 3758 1124 3840 Ἡρακλέους
1150 3756 1461 3838 γέγραπται.
1495 3759 1703 3815 Eadem
1725 3770 1834 3816 tra-

280 3854 492 3909 diderit
535 3849 900 3919 Herodorus,
945 3867 1113 3922 quem
1155 3848 1534 3904 Plutarchus
1519 3867 1579 3901 m
1614 3847 1725 3903 suis
1764 3847 1836 3902 de

280 3940 526 3997 Hercule
554 3937 713 3993 libris
738 3954 858 3990 non
884 3936 1187 4011 neglexisse
1214 3936 1459 4005 videtur,
1492 3936 1572 3990 uti
1601 3948 1835 3990 monent

282 4033 527 4086 Heeren.
552 4025 832 4084 Desontt.
857 4022 1009 4079 Plut.
1046 4042 1105 4098 p.
1148 4043 1212 4096 ¹7
1239 4036 1294 4078 et
1324 4025 1545 4082 Miiller.
1575 4025 1709 4079 Dor.
1746 4025 1832 4092 11,

280 4136 334 4190 p.
350 4116 489 4182 464.
503 4114 660 4170 Idem
672 4112 943 4167 Miillerus
956 4111 1323 4167 Herodorum
1338 4130 1466 4166 cum
1477 4111 1834 4192 expeditione

282 4223 333 4259 c.
352 4207 541 4259 Amaz.
562 4198 915 4271 conjunxisse
932 4209 1092 4272 putat
1105 4200 1409 4258 Cerberum
1424 4198 1497 4254 ad
1512 4200 1835 4254 Heracleam

283 4310 351 4346 ex
384 4292 539 4346 Orco
584 4297 959 4363 protractum.
1012 4288 1115 4342 Rei
1143 4286 1351 4342 indicia
1399 4305 1505 4362 ego
1552 4286 1833 4341 desidem.

288 4377 449 4451 Apud
496 4375 917 4450 Apollodorum
959 4373 1204 4429 Cerbero
1258 4376 1320 4428 in
1364 4375 1545 4429 lucem
1590 4372 1836 4428 adducto

288 4464 553 4518 Hercules
597 4464 797 4518 seriem
841 4480 1212 4516 aerumnarum
1256 4461 1653 4515 exantlaverat.
1706 4462 1838 4529 Quae

1025 4630 1107 4679 17.

3392 396 3463 447 33

1920 513 2219 570 adornatio
2244 516 2465 589 egregie
2484 517 2745 570 convenit
2779 518 3129 573 Heracleensi
3159 519 3313 588 viro,
3339 520 3471 575 hinc

1922 620 2151 675 quoque
2174 602 2472 678 gloriolam
2497 604 2692 676 patriae
2713 622 3024 677 aspen-suro.

2659 727 2749 788 18.

2000 852 2091 908 Ab
2125 853 2498 909 Amazonibus
2525 853 2748 910 rediens
2785 856 2857 909 H.
2898 853 3122 926 Trojam
3150 857 3330 925 venit,
3374 857 3473 911 ubi

1922 940 2123 995 liberat
2146 939 2318 995 filiam
2340 942 2753 997 LaodamantiS.

2001 1030 2221 1083 Tzetzes
2246 1028 2527 1103 Lycopbr.
2562 1027 2719 1084 522.
2749 1025 3088 1109 Ἡρόδωρος(
3099 1031 3229 1085 libri
3254 1027 3474 1108 Ἡρόδο-

1920 1114 2036 1191 τος)
2059 1112 2114 1171 δὲ
2132 1114 2245 1179 ταῖς
2274 1112 2533 1184 ἀληθείαις
2551 1136 2610 1172 ου
2630 1136 2755 1195 φησι
2771 1115 2996 1192 τειχίσαι
3015 1029 3108 1185 τ·>,(ν
3131 1117 3280 1175 πόλιν
3301 1120 3475 1193 (Tro-

1914 1202 2063 1278 jam)
2119 1202 2417 1260 Ποσειδῶνα
2460 1200 2550 1259 και
2589 1201 2913 1274 Ἀπόλλωνα,
2955 1202 3091 1261 ἀλλὰ
3134 1204 3474 1281 Λαομέδοντα

1920 1288 2174 1366 γρήματα
2202 1286 2396 1346 καταθέ
2372 1311 2553 1396 ’,μενον
2582 1290 2642 1347 ἐκ
2669 1314 2759 1362 της
2787 1290 2963 1357 θυσίας
2986 1293 3176 1365 αὐτῶν,
3205 1294 3474 1351 ἀναλῶσαι

1921 1382 2088 1434 ταῦτα
2110 1378 2180 1442 εἷς
2203 1374 2296 1447 τὴν
2324 1400 2416 1434 του
2443 1400 2498 1435 τε
2503 1400 2518 1433 ι
2520 1400 2644 1456 keu<
2670 1376 3017 1449 κατασκευήν.

2002 1463 2248 1543 Ἰειχίσαι
2275 1485 2363 1521 sci
2366 1486 2464 1541 ipsi
2479 1486 2585 1540 pro
2605 1468 2827 1542 vulgata
2846 1465 3042 1527 κτίσαι.
3075 1470 3155 1526 Cf.
3189 1473 3469 1544 Anonym.

1922 1556 2008 1608 De
2036 1553 2321 1608 Incredib.
2346 1572 2397 1608 c.
2425 1560 2501 1618 4:
2529 1542 2639 1611 οἮν
2664 1553 2716 1609 ἐν
2741 1556 2806 1630 τῇ
2831 1552 3112 1633 ἀκροπόλει
3132 1554 3266 1635 ἱερον
3289 1556 3472 1615 Ἀπολ·

1922 1639 2080 1705 λωνος
2110 1636 2200 1696 καὶ
2219 1639 2539 1704 Ποσειδωνος
2563 1640 2712 1720 διαφε
2693 1638 2902 1749 ,ρόντως
2917 1639 3227 1718 τιμώμενον·
3250 1641 3361 1700 ὅθεν
3386 1665 3473 1700 συ-

1923 1727 2026 1782 λῶν
2052 1730 2080 1785 ὁ
2100 1726 2388 1803 Λαομέδων
2415 1726 2662 1797 ἀνήλισκε
2686 1726 2750 1784 τὰ
2773 1726 3025 1805 χρήματα
3054 1729 3122 1796 εἰς
3145 1726 3239 1800 τὴν
3261 1752 3350 1787 του
3380 1730 3477 1787 τεί-

1922 1835 2047 1891 χους
2074 1812 2418 1883 κατασκευήν.
2441 1815 2653 1871 Eadem
2670 1793 2893 1871 servius
2916 1817 2988 1872 ad
3012 1815 3134 1873 AEn.
3158 1821 3205 1887 1,
3230 1819 3364 1877 610.
3388 1820 3471 1875 Cf.
3501 1810 3506 1816 ⁴

1924 1904 2175 1961 Lobeck.
2203 1904 2478 1979 Aglaoph.
2505 1923 2562 1978 p.
2590 1902 2722 1960 268.

2649 2045 2741 2100 ¹9·

2004 2147 2192 2202 Schol.
2216 2146 2449 2202 Hesiod.
2471 2148 2579 2221 Op.
2612 2157 2668 2203 et
2703 2148 2968 2204 Dies41.
3001 2143 3281 2223 Μέμνηται
3307 2147 3361 2205 δὲ
3384 2151 3476 2220 τῆς

1927 2230 2220 2308 ἀλίμουκαι
2242 2231 2532 2313 Ἡρόδωρος
2553 2231 2730 2312 (liber
2753 2231 3056 2311 Ἡρόδοτος)
3086 2235 3138 2291 ἐν
3157 2258 3231 2292 τω
3249 2233 3475 2315 πεμπτω

1924 2324 2013 2376 τοῦ
2056 2323 2170 2377 καθ’
2200 2317 2465 2394 Ἡρακλέα
2493 2319 2646 2397 λόγου
2676 2318 2764 2377 και
2795 2319 3019 2379 Πλιίτων
3048 2322 3100 2379 ἐν
3142 2322 3190 2401 γ’
3219 2326 3323 2381 τῶν
3361 2323 3475 2384 Νό-

1927 2429 2040 2483 μων
2064 2408 2197 2481 (lib.
2225 2412 2308 2465 111
2332 2411 2457 2468 init.
2479 2408 2523 2487 ).

2004 2496 2193 2552 Alimo
2250 2498 2365 2552 sive
2404 2497 2606 2552 famem
2646 2505 2869 2551 arcente
2912 2498 3143 2554 mateiia
3174 2517 3241 2554 ex
3281 2501 3476 2555 malvis

1927 2593 1981 2639 et
2008 2582 2323 2657 asphodelis
2340 2582 2740 2659 composita(v
2746 2584 2974 2658 ..Steph
2999 2585 3160 2641 Thes.
3185 2605 3230 2641 ε.
3252 2606 3308 2642 v.
3331 2583 3473 2644 ”·Αλι

1927 2693 2050 2745 μος,
2071 2667 2315 2749 Ἄδιψος,
2337 2668 2686 2750 Μαλοίχη,ει
2708 2673 2870 2728 Pselli
2888 2672 3087 2748 fragm.
3117 2692 3205 2748 ap.
3227 2677 3477 2731 Wester-

1927 2778 2116 2817 mann.
2144 2761 2523 2836 Paradoxogr.
2548 2779 2607 2836 p.
2643 2755 2778 2826 143
2767 2780 2781 2837 j
2801 2761 3106 2816 utebantur
3123 2764 3478 2836 Epimenides

1931 2850 2020 2922 (v.
2045 2849 2385 2922 Hermippus
2402 2850 2601 2924 fragm.
2630 2858 2684 2933 et
2706 2849 2990 2905 Plutarch.
3018 2849 3251 2905 Conviv.
3280 2869 3328 2906 c.
3365 2848 3474 2928 ι4)

1926 2937 2268 3013 Pythagoras
2298 2935 2599 3011 (Porphyr.
2648 2954 2697 2992 c.
2744 2932 2856 3013 54)
2907 2934 3136 3010 ejusque
3179 2948 3479 2996 sectatores

1930 3026 2165 3100 (Athen
2191 3043 2247 3099 p.
2278 3024 2407 3095 161,
2438 3025 2536 3100 A.)
2561 3028 2646 3081 De
2663 3026 3025 3081 sanctimonia
3043 3027 3351 3083 malvarum
3377 3031 3478 3104 (ex

1927 3113 2374 3188 helion-opimum
2397 3108 2628 3191 genere)
2650 3122 2847 3187 utpote
2866 3114 3197 3190 σημαντριῶν
3221 3116 3323 3171 τῶν
3344 3136 3405 3173 συ
3410 3139 3481 3190 μ-

1926 3203 2154 3258 παθειῶν
2171 3198 2422 3279 οὗρανίων
2445 3197 2571 3278 πρὸς
2590 3197 2793 3275 ἐπίγεια
2812 3202 2975 3274 plura
3001 3220 3068 3258 ex
3096 3203 3327 3278 Pythag.
3354 3206 3479 3277 pla-

1927 3290 2049 3344 citis
2072 3289 2316 3363 disputat
2340 3289 2592 3345 Lobeck.
2617 3290 2744 3363 Agl.
2770 3308 2831 3362 p.
2860 3287 2995 3363 899.
3023 3326 3088 3335 —
3107 3291 3256 3346 Num
3280 3290 3353 3346 ad
3374 3294 3478 3346 ho-

1926 3395 2052 3431 rum
2070 3377 2538 3451 philosophorum
2558 3377 2873 3450 exemplum
2891 3378 3188 3431 Herculem
3214 3379 3479 3434 Herodo—

1925 3482 2021 3519 rus
2032 3464 2347 3519 efformavit
2358 3463 2675 3538 ,indignam
2687 3463 2860 3518 heroe
2879 3464 3063 3536 patrio
3076 3481 3301 3519 censens
3311 3484 3479 3538 quam

1926 3552 2096 3626 vulgo
2122 3553 2173 3606 ei
2202 3549 2475 3626 affingunt
2501 3550 2897 3605 voracitatem?
2927 3547 3175 3605 Fortasse
3203 3569 3270 3606 ex
3292 3553 3474 3607 Hero

1927 3638 2074 3693 doro
2102 3637 2264 3694 fluxit
2287 3638 2444 3712 quod
2469 3639 2750 3711 Porphyr.
2780 3637 2821 3691 l.
2851 3638 2889 3692 1.
2914 3656 2964 3693 c.
2996 3626 3091 3703 34
3096 3650 3324 3694 narrat:
3355 3642 3478 3695 Al}-

1924 3746 2080 3781 mum
2116 3726 2390 3781 Herculi
2375 3746 2433 3780 m
2476 3725 2691 3781 deserta
2732 3724 2924 3797 Libyae
2965 3736 3329 3798 penetraturo
3369 3745 3474 3800 pro

1926 3817 2131 3872 viatico
2161 3835 2190 3870 a
2220 3816 2419 3877 Cerere
2456 3814 2648 3869 datum
2678 3831 2811 3868 esse.
2843 3812 2996 3868 Sed
2982 3832 3154 3886 1psam
3183 3814 3329 3870 hanc
3376 3834 3478 3870 ex-

1924 3904 2272 3977 peditionem
2298 3903 2447 3958 libro
2474 3904 2674 3975 quinto
2701 3918 2932 3954 narrare
2955 3903 3046 3956 vix
3081 3904 3267 3974 potuit
3295 3905 3479 3958 Hero-

1927 3992 2130 4062 dorus;
2160 3993 2202 4047 si
2229 3991 2455 4065 quidem
2482 4000 2633 4045 recte
2659 4007 2716 4044 se
2739 4008 3002 4045 numerus
3026 3990 3215 4047 habet.

2657 4137 2750 4176 20.

2371 4250 2416 4308 E
2456 4249 2686 4308 LIBRO
2729 4247 3042 4307 DEClMO.

2005 4373 2268 4445 Sequitur
2295 4373 2543 4427 narratio
2574 4370 2645 4426 de
2674 4371 2936 4425 amentis
2961 4370 3233 4426 Gervonis
3262 4370 3474 4444 digres-

1928 4461 2178 4514 sionibus
2200 4459 2586 4534 geographicis
2613 4457 2890 4514 distincta.

1933 4621 2125 4670 cuniam
2167 4635 2230 4670 ex
2261 4621 2407 4672 sacris
2433 4634 2601 4670 eorum
2629 4620 2678 4669 in
2703 4620 2935 4669 thesauris
2965 4620 3220 4681 repositam
3242 4621 3289 4668 in
3317 4633 3482 4669 muros

344 4716 656 4774 Quamquam
687 4710 843 4759 multa
875 4712 991 4758 tuuc
1013 4709 1413 4772 prtrstantissimis
1439 4707 1555 4758 viris
1581 4707 1842 4757 certamina
1931 4698 2245 4749 exstruendos
2271 4696 2571 4760 impendisse·

287 4795 445 4851 erant,
488 4791 706 4839 ‘thaeus
746 4789 939 4846 tamen,
975 4791 1027 4834 ut
1070 4785 1341 4836 Herodorus
1382 4785 1480 4847 ait,
1516 4785 1698 4834 nullius
1741 4788 1841 4834 erat

288 4868 546 4930 partirem,
585 4865 676 4914 uisi
702 4863 835 4926 quod
863 4876 976 4912 cum
1005 4863 1212 4926 Lapithis
1240 4865 1407 4912 eontra
1448 4864 1713 4912 Centauros
1748 4875 1842 4926 pu-

294 4948 469 5008 gnavit.
1025 5007 1106 5058 ¹8·

346 5091 622 5152 nauclerus
639 5090 708 5139 ait
728 5100 895 5138 revera
917 5099 1010 5137 non
1028 5089 1183 5151 ipsum
1206 5089 1478 5151 Neptunum
1507 5089 1554 5137 et
1579 5087 1843 5149 Apollinem

288 5170 479 5231 ‘trojam
510 5168 687 5217 urbem
714 5165 919 5216 cinxisse
949 5166 1211 5228 moenibus,
1245 5165 1330 5216 sed
1358 5164 1727 5216 Laomedontem
1756 5177 1840 5226 pe·

500 5263 795 5301 ιἰιιοιειιτι
824 5261 939 5298 msr.
970 5262 1046 5299 ca.
1070 5254 1162 5300 vol.
1185 5263 1235 5298 ιι.

2663 4796 2747 4847 19.

1994 4891 2136 4942 Αὶίιιιί
2168 4891 2268 4940 sive
2303 4889 2516 4938 materiae
2540 4889 2714 4938 famem
2733 4887 2950 4949 pellentis
2975 4885 3246 4936 Herodorus
3266 4885 3480 4936 meminit

1934 4970 2057 5020 libro
2080 4969 2249 5032 quinto
2267 4966 2327 5017 de
2353 4967 2496 5016 rebus
2517 4966 2749 5016 Herculis.

2663 5066 2751 5116 20.

1998 5162 2164 5213 iberiae
2189 5162 2300 5210 s··.nt
2338 5159 2465 5208 dum.
2498 5156 2654 5208 Altera
2685 5155 2809 5206 circa
2829 5155 3075 5205 calumnas
3098 5150 3380 5214 Herculem,
3421 5151 3480 5201 ab

3271 5244 3299 5284 a
