4016 5916
1389 422 1569 483 DlON
1583 420 1798 483 Ysms
1840 421 2388 484 MYTILENAEUS.
3449 434 3478 484 7

368 561 662 617 Postremo
694 558 828 615 loco
871 559 1015 613 inter
1039 558 1246 630 scripta
1278 558 1351 611 D.
1390 555 1586 611 Milesii
1612 556 1849 628 ponitur
1941 557 2320 617 omnibusque
2385 557 2509 611 noti
2586 568 2784 624 erant,
2854 557 3241 631 componitur.
3307 559 3489 614 Verba

282 647 492 713 Κύκλος
508 644 768 725 ἱστορικὸς
786 647 841 704 ἐν
861 642 1000 724 pam..
1020 642 1062 711 ζ’
1086 646 1175 700 vel
1198 639 1271 709 ς’.
1291 644 1545 717 Dionysii
1562 638 1852 721 κυκλογρά·

279 759 389 816 <pou
406 738 601 810 saepius
626 734 783 810 apud
797 745 1010 790 veteres
1031 733 1245 787 mentio
1264 728 1348 801 fit,
1373 740 1541 804 atque
1563 730 1704 804 cycli
1723 732 1851 785 lau-

283 824 503 879 dantur
520 822 667 877 liber
683 821 901 895 primus
914 861 930 889 ‚
958 820 1191 893 quintus
1199 828 1254 874 et
1270 828 1475 887 sextus,
1501 818 1561 872 in
1574 836 1689 892 quo
1704 819 1851 872 inter

283 912 403 966 alia
433 909 507 965 de
536 909 706 965 Ulixe
742 906 898 981 apud
926 906 1333 979 Polyphemum
1375 914 1629 960 versante
1663 922 1852 961 sermo

284 1008 436 1053 erat.
453 998 634 1071 Igitur
645 995 862 1051 fabulas
885 995 1208 1052 Graecorum
1228 1009 1298 1048 ex
1313 991 1517 1047 ordine
1531 991 1851 1065 exposuisse

286 1096 467 1157 atque
490 1085 550 1137 in
575 1079 771 1146 νόστοις
808 1082 1048 1138 heroum
1064 1121 1081 1148 ,
1108 1099 1232 1154 quae
1280 1079 1353 1136 ad
1374 1078 1599 1149 Trojam
1625 1097 1851 1154 pugna-

285 1181 523 1238 uerant,
554 1168 856 1225 substitisse
895 1167 1143 1224 videtur.
1174 1169 1385 1222 Verum
1423 1167 1724 1239 Dionysius
1752 1165 1854 1221 iste

284 1258 566 1313 Athenaeo
616 1275 736 1311 non
788 1266 872 1311 est
911 1255 1188 1323 MilesiuS,
1240 1253 1336 1310 sed
1379 1252 1620 1313 Samius.
1686 1253 1858 1308 Mile-

286 1346 406 1399 sius
430 1346 506 1402 D.
550 1355 817 1417 tanquam
857 1343 998 1417 cycli
1036 1353 1236 1398 auctor
1276 1359 1551 1414 nusquam
1584 1358 1861 1396 memora·

292 1443 413 1500 tur,
443 1442 643 1487 contra
689 1431 938 1487 Samium
984 1441 1248 1502 tanquam
1282 1429 1756 1504 mythographum
1789 1445 1858 1483 ex

289 1520 421 1593 ipso
448 1520 708 1573 novimus
738 1518 945 1574 Lexico
974 1515 1267 1573 Suidiano.

376 1606 577 1662 Suidas
611 1625 625 1661 ε
665 1602 931 1669 Διονύσιος
978 1599 1283 1662 Μουσωνίου
1319 1600 1516 1668 Ῥόδιος
1557 1599 1592 1672 ἢ
1636 1598 1858 1675 Σάμιος,

292 1690 575 1770 ἱστορικός.
599 1679 709 1750 Ἦν
734 1688 790 1748 32
812 1687 903 1748 καὶ
920 1686 1083 1768 ἱερεὺς
1100 1693 1189 1746 τοῦ
1204 1690 1370 1747 ἐκεῖσε
1384 1689 1521 1767 ἱεροῦ
1543 1691 1634 1745 τοῦ
1655 1685 1856 1748 Ἠλίου.

292 1779 559 1859 Ἱστορίας
599 1776 841 1850 τοπικὰς,
881 1776 1061 1856 βιὸλία
1097 1775 1168 1845 ἕξ.
1201 1775 1570 1855 [Οἰκουμένης
1607 1773 1863 1857 περιήγη-

294 1869 444 1947 σιν.]
488 1866 744 1947 Ἱστορίας
785 1865 1117 1936 παιδευτικῆς
1142 1862 1319 1943 βιὸλία
1353 1863 1404 1923 ι’.
1436 1862 1865 1940 [Ὗπολαμὸάνω

294 1955 382 2015 ὅτι
408 1952 673 2021 Διονύσιος
699 1956 727 2012 ὃ
751 1950 1082 2034 Περιηγητὴς
1110 1950 1387 2021 Βυζάντιος
1426 1943 1491 2025 ἦν
1533 1949 1618 2010 διὰ
1644 1950 1731 2010 τὸν
1761 1972 1864 2009 πο-

294 2041 473 2120 ταμὸν
498 2040 763 2120 Ῥήὸαν.]

382 2135 587 2200 Recte,
629 2142 771 2205 puto
789 2172 808 2200 ‚
836 2129 1166 2185 Welckerus
1191 2127 1344 2204 Cycl.
1371 2148 1433 2203 p.
1476 2126 1548 2199 75
1575 2127 1868 2185 contendit

305 2216 522 2279 Κύκλον
538 2214 796 2296 ἱστορικὸν
829 2214 950 2293 (***)
982 2215 1132 2272 idem
1161 2235 1304 2290 opus
1336 2235 1449 2273 esse
1484 2236 1611 2272 cum
1640 2212 1866 2293 Ἱστορίᾳ

298 2305 615 2382 παιδευτικῇ
635 2314 805 2378 atque
822 2321 1119 2359 numerum
1139 2303 1418 2358 librorum
1442 2305 1714 2360 alterutro
1731 2305 1865 2359 loco

311 2396 681 2468 depravatum
708 2409 843 2448 esse.
871 2391 1095 2448 Scilicet
1112 2390 1589 2463 quemadmodum
1605 2391 1677 2447 de
1697 2391 1867 2465 Apol·

315 2481 512 2538 lodori
566 2480 914 2537 Bibliotheca
951 2489 1121 2553 poeta
1159 2476 1177 2553 (
1218 2497 1275 2533 ν.
1315 2480 1538 2554 Fragm.
1598 2480 1746 2535 Hist.
1798 2497 1860 2552 p.

302 2562 644 2645 XXXVIII)
702 2566 842 2622 dicit
886 2584 901 2621 :
943 2562 1147 2622 αἰώνων
1190 2561 1459 2644 σπείραμα
1502 2563 1862 2645 ἀφυσσάμενος

305 2656 403 2711 ἀπ’
453 2654 624 2729 ignia,
664 2650 902 2723 παιδείης
930 2648 1118 2728 μύθους
1156 2652 1312 2728 γνῶθι
1338 2649 1679 2730 παλαιγενέας
1722 2652 1867 2723 κτλ.,

306 2745 387 2798 sic
427 2743 597 2797 etiam
623 2742 652 2797 ὁ
680 2738 888 2804 Κύκλος
935 2739 1189 2813 Dionysii
1241 2735 1470 2817 ἱστορίαν
1513 2735 1869 2808 παιδευτικὴν,

307 2833 349 2886 i.
376 2849 428 2886 e.
467 2841 683 2885 veteres
719 2828 933 2884 fabulas
956 2827 1016 2882 in
1058 2845 1219 2882 usum
1235 2825 1543 2899 juventutis
1577 2827 1873 2883 adornatas

309 2917 630 2974 exhibebat.
673 2914 836 2974 Idem
877 2931 1019 2988 opus
1046 2931 1079 2969 a
1119 2913 1350 2970 Socrate
1376 2915 1437 2970 in
1472 2916 1684 2972 Histor.
1716 2911 1867 2970 Eccl.

308 3007 397 3061 111
419 3045 437 3074 ‚
493 3003 567 3060 23
622 3002 833 3059 dicitur
888 2996 1151 3079 Στέφανος
1202 3012 1260 3056 et
1314 3020 1443 3057 cum
1495 3004 1616 3058 aliis
1675 3002 1831 3074 libris
1852 3042 1868 3069 ‚

318 3092 420 3164 qui
480 3100 816 3165 argumento
878 3097 939 3143 et
991 3087 1336 3143 tractationis
1395 3107 1602 3164 genere
1666 3090 1871 3144 similes

316 3299 456 3349 ιῶυε
478 3296 800 3359 fabulosisque
822 3296 1107 3346 commentis
1123 3296 1398 3359 exposuerit
1413 3300 1530 3359 etc„
1549 3296 1656 3360 quis
1672 3299 1745 3348 est
1756 3299 1874 3361 quin

321 3370 464 3419 etiam
482 3367 631 3419 suida
648 3368 825 3417 collato
846 3370 908 3416 D.
929 3369 1152 3427 agnoscat
1169 3366 1523 3429 Mytilenaeum,
1546 3369 1625 3417 cui
1656 3369 1876 3419 etstudia

321 3437 553 3500 ejusmodi
576 3437 874 3488 conveniunt
894 3436 944 3485 et
961 3436 1184 3497 argutula
1200 3436 1359 3487 doctae
1382 3438 1684 3489 Alexandriae
1707 3439 1864 3489 subti-

321 3509 429 3559 litas
446 3511 496 3558 et
518 3507 779 3567 industria,
797 3504 1035 3556 Milesium
1057 3517 1201 3568 vero,
1225 3505 1312 3568 qui
1329 3519 1489 3570 neque
1510 3508 1772 3570 compilare
1795 3523 1875 3560 ne·

320 3592 416 3642 qne
446 3575 709 3641 uepundia
729 3576 895 3625 nosset
912 3573 1156 3626 otiosioris
1180 3575 1274 3625 oevi
1310 3574 1548 3639 digerere,
1571 3578 1633 3628 ab
1654 3578 1746 3628 isto
1766 3579 1877 3629 lite·

323 3661 484 3698 rarum
512 3647 736 3698 instituto
772 3646 969 3709 penitus
998 3644 1301 3697 abhorruisse
1330 3646 1597 3711 intelligat?
1628 3669 1653 3693 n
1683 3676 1748 3687 —
1780 3651 1876 3710 Qui

323 3732 434 3768 vero
466 3718 644 3768 ruerint
670 3714 1022 3779 ἀρχαῖοιίειί
1056 3715 1331 3779 μυθολόγοι,
1364 3731 1570 3781 quorum
1592 3720 1880 3771 auctoritate

324 3802 462 3837 suam
479 3787 543 3838 de
564 3784 914 3846 Amazonibus,
947 3784 1135 3834 Baccho
1148 3786 1242 3835 etc.
1262 3785 1531 3836 doctrinam
1545 3789 1880 3839 commffldare

324 3857 536 3920 studuit,
569 3856 620 3907 id
649 3856 802 3918 liquet
833 3867 892 3905 ex
926 3854 1138 3904 Diodoro
1168 3857 1267 3918 lv,
1297 3860 1355 3907 77
1383 3876 1396 3906 ι
1430 3860 1525 3908 Τὸν
1545 3859 1586 3908 δ’
1621 3858 1703 3908 οὖν
1733 3861 1875 3909 Λίνον

326 3929 435 3990 φασὶ
452 3932 551 3984 τοῖς
586 3928 894 3987 Πελασγικοῖς
911 3924 1152 3988 γράμμασι
1185 3925 1521 3989 συνταξάμενον
1539 3927 1621 3983 τὰς
1640 3933 1724 3978 τοῦ
1745 3931 1878 3993 πρώ-

323 4016 405 4049 του
432 3998 664 4049 Διονύσου
681 3995 864 4058 πράξεις
884 3996 1065 4052 καὶτὰς
1087 3996 1226 4051 ἄλλας
1248 3997 1522 4060 μυθολογίας
1553 3999 1797 4050 ἀπολιπεῖν
1823 4001 1872 4050 ὲν

322 4075 419 4126 τοῖς
455 4068 810 4129 Ὑπομνήμασι
843 4065 1051 4128 Ὁμοίως
1075 4066 1126 4115 ἃ
1144 4066 1337 4128 ,τούτοις
1372 4068 1634 4131 χρήσασθαι
1655 4074 1751 4127 τοῖς
1782 4073 1882 4121 Πε·

324 4140 565 4201 λισγικοῖς
583 4137 825 4200 γράμμασι
854 4135 935 4185 τὸν
957 4135 1132 4200 Ὀρφέα
1148 4136 1230 4186 καὶ
1261 4138 1556 4202 Προναπίδην
1572 4142 1651 4191 τὸν
1669 4142 1877 4205 Ὀμήρου

328 4212 640 4270 διδάσκαλον,
662 4209 806 4271 εὐφυῆ
828 4207 1053 4272 γεγονότα
1074 4208 1346 4272 μελοποιόν·
1371 4211 1482 4275 πρὸς
1516 4212 1566 4261 δὶ
1587 4213 1764 4271 τούτοις
1782 4218 1879 4266 ev·

328 4281 489 4342 μοὶτην
506 4282 588 4330 τὸν
608 4279 844 4343 θυμοίτου
860 4283 946 4328 τοῦ
972 4279 1320 4342 Λαομέδοντος,
1342 4281 1465 4330 κατὰ
1486 4283 1570 4340 τὴν
1600 4283 1781 4342 ἡλικίαν
1802 4300 1882 4346 γε·

326 4351 497 4412 γωότα
511 4351 599 4409 τήν
616 4350 815 4413 Ὀρφέως
833 4384 847 4410 2
866 4350 1149 4408 πλανηθῆναι
1174 4350 1298 4398 κατὰ
1314 4351 1510 4408 nono&
1526 4352 1695 4410 τόπους
1717 4359 1798 4413 τῆς
1817 4357 1884 4404 οἱ·

327 4421 583 4484 κουμὲνης,
617 4421 699 4468 καὶ
735 4419 1021 4483 παραόαλεΐν
1051 4424 1132 4477 τῆς
1162 4418 1341 4478 Διόύης
1368 4421 1432 4477 εἰς
1451 4422 1532 4480 τὴν
1554 4424 1665 4485 πρὸς
1682 4425 1880 4486 ἑσπέραν

330 4487 922 4555 χώραν[τῆςοῐκουμένης]
952 4488 1311 4546 ίωςὮκεανοῦ·
1335 4488 1590 4542 θεάσασθαι
1620 4493 1773 4542 δὲκαὶ
1798 4495 1883 4552 τὴν

332 4561 521 4622 Νῦσαν,
534 4560 583 4609 ἐν
609 4558 643 4621 ἦ
675 4559 1011 4622 μυθολογοῦσιν
1032 4559 1077 4608 ol
1110 4558 1326 4623 ἐγχώριοι
1346 4559 1532 4624 ἀρχαῖοι
1550 4567 1772 4625 τραφῆναι
1805 4563 1884 4612 τὸν

336 4629 588 4689 Διόνυσον,
617 4627 701 4676 καὶ
732 4627 816 4682 τὰς
842 4623 966 4675 κατὰ
994 4627 1129 4690 μέρος
1153 4632 1239 4677 τοῦ
1265 4628 1370 4678 θεοῦ
1394 4629 1561 4679 τούτου
1592 4630 1771 4694 πράξεις
1791 4649 1882 4695 μα·

333 4699 470 4748 eom
489 4697 620 4761 παρὰ
639 4701 737 4746 τῶν
762 4697 990 4746 Νυσαίων
1015 4696 1333 4754 συντάξασθαι
1355 4698 1439 4756 τήν
1468 4701 1676 4763 Φρυγίαν
1711 4702 1884 4766 ὀνομα-

334 4770 523 4830 ζομένην
544 4765 740 4825 ποίησιν
753 4802 769 4826 ,
790 4765 1023 4829 ἀρχαϊκῶς
1044 4771 1103 4829 τῇ
1118 4782 1169 4816 τε
1191 4767 1416 4832 διαλέκτῳ
1438 4771 1629 4828 καὶτοῖς
1646 4771 1885 4836 γράμμασι

334 4837 647 4901 χρησάμενον.
682 4833 867 4885 Deinde
902 4834 1163 4885 oecundum
1198 4837 1485 4900 Thymoeten
1513 4840 1665 4891 iatum
1710 4843 1883 4893 Bacchi

336 4907 541 4959 Ati-imni
561 4905 767 4955 Μαῖα
781 4906 1008 4955 narratur
1024 4905 1281 4958 uberrime.

398 4975 509 5040 (⁶⁸)
542 4978 618 5027 Re
652 4974 841 5024 bere-s
870 4972 922 5023 in
940 4985 1060 5024 voce
1077 4973 1308 5040 ἱστορικός
1343 4975 1623 5029 defabulari
1657 4986 1885 5046 usurpata

338 5048 642 5110 armento.
678 5061 705 5088 ι
738 5045 940 5094 Veteres
966 5043 1057 5106 ipsi
1077 5045 1289 5096 fabulam
1318 5046 1381 5096 ab
1414 5045 1610 5099 historia
1636 5054 1769 5103 nullo
1797 5054 1885 5105 nisi

338 5115 519 5235 arbitrii¹
535 5111 907 5166 auidis-:rimiae
920 5110 1273 5177 disjunxerunt.
1298 5135 1322 5160 υ
1345 5119 1575 5171 Nitzsch.
1594 5122 1715 5172 nist.
1742 5125 1883 5174 Hom.

1939 647 2070 690 sunt
2128 654 2142 690 ε
2204 624 2311 693 ’Ὧν
2366 632 2384 713 (
2428 634 2669 690 deorum
2730 635 3091 711 Graecorum)
3137 634 3256 699 τοὺς
3298 635 3489 714 ἄρρενι·

1938 718 2059 787 κοὺς
2094 720 2187 779 καὶ
2239 718 2489 791 θηλυκοὺς
2528 718 2723 800 ἔρωτας
2765 722 2811 778 εἰ
2855 720 3338 801 ἀναριθμησαίμην,
3384 745 3490 798 μα·

1941 806 2063 887 κρὸς
2090 812 2215 885 ἡμῖν
2243 807 2391 867 ἔσται
2420 811 2448 867 ὃ
2475 811 2568 878 τῆς
2590 806 2962 889 παρεκὸάσεως
2983 808 3157 888 λόγος·
3201 808 3410 889 ἀρκέσει
3439 808 3492 868 δὲ

1940 904 2047 962 τοῖς
2070 900 2237 954 ταῦτα
2263 897 2456 975 γνῶναι
2483 894 2748 955 ἐθέλουσιν
2788 899 2817 954 ὁ
2865 894 3243 976 Ἀριστοτέλους
3287 897 3494 961 Πέπλος

1940 984 2034 1042 καὶ
2061 980 2312 1043 Διονύσου
2353 984 2495 1060 (scr.
2528 981 2816 1061 Διονυσίου)
2845 984 3116 1064 Στέφανος,
3132 982 3223 1042 καὶ
3250 982 3493 1063 Ῥηγίνου

1943 1074 1971 1129 ὁ
1998 1069 2371 1147 Πολυμνήμων
2386 1070 2478 1129 καὶ
2506 1073 2608 1130 τῶν
2633 1068 2876 1130 τοιούτων
2899 1070 2959 1130 τὸ
2981 1072 3192 1144 πλῆθος.

2023 1163 2110 1216 De
2159 1171 2316 1216 aetate
2359 1163 2616 1235 Dionysii
2670 1173 2727 1217 et
2786 1161 2860 1217 de
2918 1162 3113 1218 indole
3159 1162 3317 1236 Cycli
3366 1162 3497 1217 vide

1944 1259 2137 1303 notam
2168 1247 2241 1303 ad
2263 1248 2464 1324 fragm.
2508 1267 2607 1319 ιο,
2647 1267 2711 1323 p.
2774 1267 2867 1303 10.
2916 1282 2986 1292 —
3029 1251 3219 1306 Varias
3246 1250 3498 1305 virorum

1947 1334 2252 1390 doctorum
2299 1339 2598 1392 sententias
2645 1336 2876 1412 collegit
2911 1337 3197 1394 Welcker.
3247 1340 3288 1394 l.
3347 1339 3387 1392 l.
3431 1356 3497 1412 p.

1950 1428 2065 1496 429
2089 1441 2214 1496 sqq·

2560 1589 2886 1614 ”oo-*-

2018 1765 2600 1854 DlONYSIUS
2660 1769 3430 1861 MYTILENAEUS.

2121 1934 2126 1939 ’
2399 1966 3050 2031 AProNArTIKA.

2498 2157 2712 2214 LIBER
2740 2160 3029 2217 PRIMUS.

2711 2340 2754 2378 1.

2037 2485 2229 2544 Schol.
2263 2491 2532 2563 Apollon.
2573 2475 2685 2547 lih.
2720 2491 2780 2565 1,
2831 2496 3018 2569 1289:
3047 2496 3309 2565 Διονύσιος
3350 2504 3377 2559 ὁ
3406 2504 3512 2562 Mt·

1956 2574 2297 2643 τυληναῖος
2320 2576 2775 2652 συμπεπλευκέναι
2797 2579 2924 2660 φησὶ
2953 2582 3040 2640 τὸν
3077 2583 3225 2663 ἥρωα
3262 2589 3512 2665 (Hercu-

1957 2662 2099 2738 lem)
2139 2668 2243 2726 τοῖς
2269 2667 2565 2739 ἀριστεῦσιν
2597 2662 2693 2729 ἕως
2725 2666 2963 2745 Κόλχων,
2994 2669 3083 2728 καὶ
3109 2673 3213 2738 τοῖς
3237 2675 3354 2755 περὶ
3389 2678 3512 2747 Μή·

1960 2748 2102 2805 δειαν
2131 2747 2565 2829 συμπεπραχέναι
2592 2755 2667 2832 τῷ
2693 2752 2906 2813 Ἰάσονι.
2936 2753 3167 2833 Ὁμοίως
3194 2761 3282 2819 καὶ
3321 2765 3511 2842 Δημά-

1961 2857 2130 2915 ρατος.

2038 2924 2381 3000 Apollodor.
2408 2924 2471 2998 1,
2498 2947 2561 3003 9,
2590 2947 2691 3004 19,
2727 2949 2757 3001 7
2789 2949 2803 2985 ε
2834 2930 3149 3012 Δημάρατος
3178 2934 3232 2995 δὲ
3263 2938 3416 2998 αὐτὸν
3443 2943 3514 3009 εἷς

1964 3011 2198 3091 Κόλχους
2225 3012 2569 3072 πεπλευκέναι
2595 3016 2889 3096 παρέδωκε.
2912 3020 3177 3089 Διονύσιος
3196 3024 3289 3100 μὲν
3308 3026 3408 3109 γὰρ
3431 3032 3519 3087 αὖ·

1959 3098 2049 3157 τὸν
2068 3098 2159 3158 καὶ
2182 3100 2414 3178 ἡγεμόνα
2436 3102 2562 3181 φησὶ
2584 3105 2687 3160 τῶν
2711 3103 3062 3184 Ἀργοναυτῶν
3085 3108 3342 3187 γενέσθαι.

2040 3191 2367 3246 Demaratus
2388 3190 2477 3266 (in
2498 3189 2984 3274 Τραγῳδουμένοις)
3013 3217 3134 3255 rem
3160 3201 3518 3263 adornaverit

1962 3287 2026 3331 ut
2048 3274 2384 3334 Tbeocritus
2403 3280 2544 3335 XIII
2557 3320 2574 3350 ,
2616 3280 2689 3351 75
2705 3322 2721 3351 ,
2746 3282 2845 3338 ubi
2878 3281 3143 3343 Hercules
3163 3301 3292 3362 post
3315 3293 3516 3365 Hylam

1961 3365 2217 3420 amissum
2258 3384 2289 3421 e
2331 3368 2507 3439 Mysia
2549 3366 2719 3447 πεσδᾷ
2777 3370 2827 3434 ἐς
2879 3369 3100 3450 Κόλχως
3139 3370 3299 3434 ἵκετο.
3345 3382 3515 3453 Apud

1963 3451 2282 3507 Diodorum
2302 3456 2399 3523 lv,
2433 3461 2502 3520 44
2523 3495 2540 3525 ,
2565 3453 2626 3530 5,
2655 3475 2778 3530 quae
2797 3457 2870 3514 de
2896 3461 3040 3532 Hyla
3052 3472 3110 3516 et
3130 3465 3373 3522 Hercule
3391 3486 3520 3523 nar·

1963 3548 2180 3610 rantur,
2222 3551 2487 3614 tanquam
2523 3546 2930 3601 nonnullorum
2959 3551 3229 3606 sententia
3256 3553 3518 3628 interpo-

1962 3637 2176 3682 nuntur
2201 3626 2303 3703 (sc.
2342 3645 2413 3683 ex
2450 3629 2723 3702 Dionysio
2749 3644 2886 3688 vett.
2917 3635 3358 3712 mythographos
3391 3643 3516 3698 lau-

1965 3712 2191 3789 dante).
2232 3712 2390 3770 Idem
2419 3734 2549 3770 cum
2581 3718 2901 3790 Mytilenaeo
2929 3725 3142 3795 optime
3169 3732 3519 3786 consentiens

1966 3821 2090 3876 cap.
2138 3809 2234 3873 41,
2279 3801 2314 3858 3
2360 3799 2538 3867 εΤοὺς
2564 3792 2651 3860 οὖν
2692 3804 2915 3882 ἀριστεῖς
2942 3807 3275 3879 συνελθόντας
3312 3812 3517 3873 ἑλέσθαι

1966 3891 2109 3969 σφῶν
2141 3889 2312 3947 αὐτῶν
2352 3888 2642 3969 στρατηγὸν
2672 3887 2970 3971 Ἡρακλέα,
3001 3897 3377 3976 προκρίναντας
3402 3904 3517 3960 κατ’

1967 3974 2223 4057 ἀνδρείαν.
2265 3980 2522 4036 Ceterum
2548 3980 2666 4036 haec
2707 3984 2896 4037 omnia
2932 4001 2964 4039 a
3005 3986 3186 4058 prisca
3218 3990 3520 4048 traditione

1966 4067 2146 4121 aliena
2166 4078 2313 4122 sunt.

2712 4225 2767 4263 2.

2049 4340 2237 4396 Schol.
2255 4341 2445 4414 Apoll.
2470 4341 2582 4397 Rh.
2605 4338 2654 4410 1,
2673 4340 2766 4411 54,
2780 4339 3129 4422 Ἀμφιρύσοιο
3151 4367 3165 4402 :
3187 4346 3241 4425 [ὁ
3261 4346 3314 4406 δὲ
3327 4339 3516 4429 Ἀμφί-

1971 4443 2121 4503 ρυσος
2146 4424 2379 4503 ποταμὸς
2405 4423 2750 4511 Θεσσαλίας·]
2770 4428 3023 4509 γράφεται
3046 4432 3135 4491 καὶ
3162 4434 3515 4519 [Ἄμὸίρυσος]

1972 4510 2058 4570 διὰ
2085 4517 2174 4570 τοῦ
2207 4515 2279 4590 β,
2310 4513 2688 4580 ὡς’Διονύσιος.

2050 4601 2233 4657 Verba
2262 4604 2422 4658 uncis
2466 4604 2678 4659 inclusa
2705 4617 2763 4660 et
2795 4605 2887 4662 hic
2928 4617 2986 4663 et
3020 4609 3079 4663 in
3116 4629 3273 4687 seqq.
3316 4616 3514 4691 fragm.

1972 4707 2003 4744 e
2032 4687 2229 4744 codice
2254 4690 2426 4745 Paris.
2471 4689 2744 4749 advocata
2771 4705 2920 4764 sunt,
2959 4695 3018 4750 in
3046 4714 3161 4771 quo
3189 4700 3248 4755 h.
3291 4703 3329 4757 l.
3367 4705 3520 4762 abest

1972 4776 2184 4831 mentio
2211 4777 2483 4850 Dionysii.

2717 4891 2773 4948 3.

2052 5007 2212 5063 Idem
2242 5008 2334 5083 11,
2358 5026 2470 5081 ²⁰7
2510 5029 2525 5065 ι
2566 5009 2828 5080 Διονύσιος
2859 5013 2907 5072 δ’
2934 5013 2985 5071 ἐν
3024 5015 3127 5082 τοῖς
3162 5014 3520 5097 Ἀργοναύταις

1975 5091 2131 5173 φησὶν
2157 5094 2486 5172 ἀναιρεθῆναι
2524 5096 2614 5155 τὸν
2640 5097 2810 5159 Φινέα
2841 5099 2938 5159 ὑπὸ
2962 5100 3305 5182 Ἡρακλέους,
3331 5108 3521 5178 ἰδόντος

1972 5178 2090 5246 τοὺς
2129 5179 2401 5261 [Φινέως]
2444 5185 2636 5252 παῖδας
2671 5187 2724 5246 ἐν
2769 5187 2990 5269 ἐρημίᾳ,
3020 5189 3111 5249 καὶ
3151 5191 3401 5270 μαθόντος
3438 5196 3521 5257 ὅτι
