4016 5916
1428 352 1867 413 DICAEARCHI
1909 353 2407 414 FRAGMENTA.

391 488 550 546 Ordo
581 485 813 561 quidem
851 487 911 540 in
935 485 1022 540 his
1049 485 1188 541 alius
1214 495 1321 555 est,
1354 503 1521 559 quam
1552 486 1610 541 in
1638 485 1862 555 codice3

311 578 517 633 melior
542 587 763 642 tamem
793 573 872 628 sic
904 573 1054 628 enim
1079 573 1336 646 prosaica
1363 572 1711 627 Atheniensis
1742 574 1861 646 No-

313 666 413 720 stri
433 663 755 737 junguntur
789 660 1085 735 prosaicis;
1120 669 1241 714 tum
1274 670 1587 733 sequuntur
1621 662 1864 734 poetica,

314 750 576 824 atqueita
603 747 859 822 quidem,
888 757 954 802 ut
975 747 1248 820 Scymnus
1271 748 1560 820 antiquior
1576 746 1869 802 antecedat

311 837 639 895 Dicaearcho
662 834 908 907 juniori,
939 835 1153 908 quippe
1176 852 1345 907 quem
1377 835 1495 908 ipse
1523 845 1722 890 auctor
1764 852 1868 889 co-

316 926 457 982 dicis
483 924 554 980 ab
594 922 951 980 Aristotelico
992 920 1322 979 distinxerit.
1362 920 1520 978 Ordo
1541 922 1637 977 hic
1665 919 1870 976 deinde

313 1011 676 1086 perturbatus
695 1019 775 1064 est
787 1026 876 1076 eo,
900 1005 1059 1081 quod
1080 1008 1351 1083 fragmina
1369 1009 1599 1062 metrica
1622 1008 1870 1063 Dicaear-

317 1100 408 1155 chi
453 1117 581 1153 cum
606 1096 874 1171 prosaicis
905 1096 1191 1168 Anonymi
1226 1094 1574 1150 Atheniensis
1609 1095 1669 1148 in
1692 1111 1871 1148 unum

316 1188 473 1261 qnasi
501 1203 706 1259 corpus
730 1183 918 1238 nescio
948 1183 1073 1256 quis
1100 1180 1442 1256 conjungere
1460 1181 1661 1237 voluit.
1683 1183 1870 1253 Atque

314 1277 393 1330 sic
417 1275 583 1329 etiam
605 1272 816 1327 factum
859 1288 972 1326 esse
1008 1268 1254 1344 videtur,
1293 1278 1355 1323 ut
1386 1268 1758 1344 fragmentum
1800 1266 1872 1322 de

315 1361 473 1416 Pelio
498 1368 718 1429 monte,
750 1368 951 1431 utpote
992 1357 1195 1412 diversi
1232 1350 1480 1431 generis,
1514 1357 1872 1412 omitteretur

315 1449 592 1523 Periplus,
647 1446 745 1521 qui
792 1447 852 1499 in
899 1445 1063 1500 titulo
1098 1444 1426 1500 Dicaearcho
1475 1443 1758 1515 tribuitur,
1799 1441 1872 1498 ad

317 1536 543 1610 Scymni
573 1551 783 1589 nomen
815 1530 1185 1587 retrahendus
1208 1541 1309 1587 est.

912 1703 1236 1728 w*-

794 1824 971 1883 ΒΙΟΣ
1015 1819 1404 1883 ἙΛΛΑΔΟΣ.

400 1990 669 2048 Errronn.
683 1990 776 2045 Fr.
800 2006 824 2043 1
848 2019 926 2030 —
945 1984 976 2043 5
1003 1986 1268 2044 :Generis
1283 1987 1513 2041 humani
1533 1986 1869 2060 primordia3

315 2079 828 2152 antiquissimorum
854 2076 1146 2131 hominum
1165 2085 1335 2130 status
1364 2075 1657 2143 naturali53
1679 2091 1873 2129 secun-

317 2167 424 2222 dus
460 2166 663 2240 gradus
687 2166 801 2220 vita
843 2163 1161 2238 pastoritia;
1194 2164 1362 2218 tertio
1395 2162 1575 2237 gradu
1604 2161 1677 2216 ad
1719 2163 1873 2236 agri-

316 2253 596 2307 culturam
623 2250 984 2307 doecendunt.
1018 2248 1146 2325 [Fr.
1195 2268 1218 2303 1
1257 2266 1271 2306 ε
1307 2254 1427 2305 Δικ.
1460 2245 1489 2305 ὃ
1528 2245 1614 2304 τὸν
1654 2246 1872 2325 ἀρχαῖον

319 2337 432 2414 βίον
450 2341 541 2406 τῆς
564 2333 813 2397 Ἑλλάδος
828 2335 1294 2416 ἀφηγούμενος;1“ῐ·.
1315 2354 1348 2391 2
1375 2354 1389 2391 z
1426 2337 1496 2391 D.
1526 2342 1585 2391 in
1605 2337 1765 2391 libris
1779 2354 1876 2390 an·

318 2430 637 2500 te'quitatum
658 2437 717 2481 et
746 2426 1115 2500 descriptione
1150 2425 1422 2492 Groect'ae;
1452 2423 1525 2480 sr.
1564 2420 1597 2479 5
1631 2440 1645 2477 t
1678 2424 1751 2477 D.
1783 2428 1880 2497 qui

320 2514 560 2569 Groeciae
590 2518 756 2569 vitam
783 2514 970 2586 qualis
974 2508 1163 2582 suerit
1183 2511 1258 2566 ab
1291 2514 1448 2566 initio
1476 2507 1770 2586 ostendit]
1799 2542 1870 2553 —

315 2601 411 2656 Fr.
444 2599 480 2655 6
532 2618 549 2655 ε
606 2600 781 2656 Prisci
804 2600 1062 2654 homines
1108 2598 1470 2672 portionibus
1518 2598 1580 2651 in
1608 2598 1876 2653 conviviis

316 2705 435 2741 non
457 2687 780 2742 utebantur.
804 2716 878 2728 —
907 2686 1005 2742 Fr.
1044 2702 1076 2755 7
1112 2704 1127 2740 ε
1159 2684 1549 2754 Sesonchosis‚
1583 2680 1874 2758 AEgyptio-

315 2794 442 2830 rum
460 2794 562 2831 rex
580 2773 1015 2849 antiquissimus,
1040 2774 1283 2829 bellator
1304 2773 1467 2828 simul
1490 2783 1546 2828 et
1567 2773 1868 2847 legislator.

228 2870 237 2877 '
314 2862 447 2933 Ejus
462 2863 728 2918 instituta.
748 2859 890 2937 [Δικ.
913 2859 964 2916 ἰν
986 2858 1037 2915 α’
1063 2870 1118 2915 et
1132 2862 1252 2917 Δικ.
1278 2859 1329 2915 ἐν
1354 2855 1466 2938 Βίῳ
1486 2855 1665 2928 Ἓλλ.,
1693 2877 1761 2915 ex
1777 2877 1877 2913 no·

314 2958 427 3006 stra
444 2951 815 3007 correctione.
832 2946 1155 3006 Secundum
1166 2948 1449 3024 vulgatam
1468 2948 1529 3002 in
1539 2947 1651 3003 hoc
1669 2945 1868 3022 fragm.

315 3036 579 3093 laudatur
598 3041 815 3112 prImus
834 3048 893 3092 ec
904 3036 1171 3091 secundus
1181 3036 1328 3090 liber
1356 3035 1427 3091 de
1445 3053 1508 3090 re
1529 3034 1745 3092 eadem.
1768 3033 1874 3111 ]--

314 3124 413 3180 Fr.
441 3123 478 3178 8
505 3140 519 3181 :
551 3126 762 3194 Ninus,
790 3141 892 3179 rex
921 3134 1124 3197 potens
1151 3133 1206 3178 et
1225 3125 1460 3197 sapienS,
1490 3122 1715 3177 Ninives
1737 3140 1873 3175 con·

3393 368 3503 419 23³

1952 487 2093 541 lium
2141 488 2643 542 instrumentorum
2681 506 2812 543 usus
2855 488 3059 543 nimius
3081 490 3385 563 aliquando
3427 492 3517 546 in-

1953 575 2129 629 valuit
2168 574 2330 651 [Δικ.
2377 573 2430 629 ἐν
2469 572 2574 638 τοῖς
2617 570 2739 652 περὶ
2777 577 2867 631 τοῦ
2902 576 2994 643 τῆς
3028 572 3180 633 ‘Em
3228 574 3338 653 βίου
3361 576 3407 655 ].
3437 610 3516 621 --

1954 662 2050 717 Fr.
2112 662 2227 717 16:
2269 660 2629 734 Neophronis
2680 661 2879 717 Medea
2911 680 3041 717 usus
3092 663 3388 737 Euripides
3436 676 3515 722 est

1959 746 2118 824 [Δικ.
2144 745 2263 826 περὶ
2285 750 2375 804 τοῦ
2409 749 2501 816 τῆς
2530 744 2682 805 Ἑλλ.
2733 744 2846 824 βίου
2873 752 2917 818 ].
2963 781 3043 792 —
3063 751 3161 808 Fr.
3205 768 3271 822 17
3315 770 3331 806 τ
3363 754 3516 827 Age-

1955 835 2121 890 silaus
2160 847 2406 891 veterem
2439 836 2849 909 simplicitatem
2884 837 3139 892 moribus
3177 855 3296 911 prae
3331 857 3389 893 se
3429 840 3516 894 se-

1958 941 2112 993 rens3
2178 922 2295 995 ejus
2354 921 2508 992 filiae,
2562 924 2765 997 puellae
2821 923 3247 995 decentissimae‚
3306 943 3518 982 nomen

1957 1011 2270 1085 ignoratur,
2294 1011 2457 1065 sicuti
2478 1012 2646 1066 etiam
2663 1028 2874 1066 nomen
2887 1012 3080 1067 matris
3092 1013 3513 1086 Epaminondae.

1958 1125 2037 1139 -
2063 1098 2155 1154 Fr.
2185 1096 2254 1152 18
2283 1117 2297 1152 t
2324 1098 2618 1171 Philippus
2641 1106 2697 1152 et
2716 1098 2921 1154 Darius
2938 1097 3337 1154 Codomannus
3360 1118 3515 1154 com·

1958 1195 2249 1257 ponuntur
2268 1182 2412 1260 [Δικ.
2432 1184 2484 1239 ἐν
2501 1181 2658 1262 τρίτῳ
2679 1181 2800 1261 περὶ
2823 1186 2914 1239 τοῦ
2927 1185 3020 1253 τῆς
3044 1181 3201 1242 Ἑλλ.
3236 1183 3349 1261 βίου
3365 1183 3409 1262 ].
3428 1216 3510 1229 -

1958 1272 2054 1326 Fr.
2105 1290 2174 1346 19
2223 1288 2237 1329 ε
2282 1271 2603 1327 Alexander
2649 1271 2723 1327 ad
2765 1271 2991 1343 Trojam
3039 1270 3306 1328 sacrificia
3350 1290 3522 1348 agens

1958 1360 2204 1433 Bagoam
2248 1360 2570 1414 eunuchum
2618 1359 2974 1416 exosculatur
3011 1357 3169 1435 [Δικ.
3205 1360 3258 1416 ἐν
3284 1361 3360 1438 τῷ
3388 1355 3514 1438 περὶ

1959 1447 2051 1514 τῆς
2078 1445 2131 1501 ἑν
2157 1442 2300 1524 Ἰλίῳ
2324 1443 2500 1511 θυσίας
2521 1445 2563 1523 ].

2716 1583 2766 1619 1.

2399 1692 2477 1767 (E
2517 1695 2740 1751 Lumo
2781 1694 3080 1772 ramo.)

2041 1839 2387 1913 Porphyrius
2437 1842 2524 1895 De
2573 1840 2773 1895 abstin.
2827 1844 2924 1911 IV,
2966 1861 3014 1911 1,
3049 1861 3081 1897 2
3124 1859 3138 1900 τ
3167 1842 3287 1900 Τῶν
3345 1840 3512 1900 τοίνυν

1964 1923 2226 2002 συντόμως
2269 1946 2326 1982 τι
2363 1928 2493 2001 ὁμοῦ
2541 1925 2631 1983 καὶ
2677 1925 2905 2006 ἅκριὸῶς
2937 1925 3002 1984 τὰ
3034 1926 3324 1999 Ἑλληνικὰ
3364 1952 3520 1988 συνα·

1961 2011 2224 2090 γαγόντων
2255 2011 2364 2070 ἐστὶ
2388 2011 2478 2070 καὶ
2506 2015 2535 2071 δ
2558 2013 2961 2092 περιπατητικὸς
2981 2014 3298 2096 Δικαίαρχος
3313 2061 3328 2089 ,
3354 2016 3409 2084 ὃς
3428 2017 3511 2076 τὸν

1963 2105 2180 2180 ἀρχαῖον
2212 2099 2320 2178 βίον
2348 2102 2439 2170 τῆς
2466 2098 2721 2167 Ἑλλάδος
2751 2101 3102 2181 ἀφηγούμενος
3119 2103 3236 2171 τοὺς
3262 2104 3518 2172 παλαιοὺς

1962 2188 2054 2246 καὶ
2093 2187 2242 2267 ἐγγὺς
2271 2191 2397 2246 θεῶν
2439 2210 2567 2269 φησι
2599 2188 2902 2267 γεγονότας,
2946 2189 3242 2269 βελτίστους
3276 2215 3331 2250 τε
3366 2192 3518 2259 ὄντας

1964 2274 2112 2350 φύσει
2139 2273 2230 2333 καὶ
2257 2273 2345 2333 τὸν
2376 2273 2586 2354 ἄριστον
2633 2273 2877 2348 ἐζηκότας
2905 2276 3039 2355 βίον,
3072 2280 3141 2345 ὡς
3181 2284 3406 2360 χρυσοῦν
3427 2278 3513 2355 γέ·

1962 2385 2044 2429 νος
2074 2360 2404 2438 νομίζεσθαι,
2431 2360 2930 2441 παραὸαλλομένους
2962 2362 3091 2445 πρὸς
3129 2364 3248 2433 τοὺς
3294 2371 3381 2424 νῦν
3432 2389 3512 2426 xt-

1962 2447 2156 2521 ὅδήλου
2184 2448 2273 2507 καὶ
2311 2448 2637 2524 φαυλοτάτης
2684 2449 3014 2531 ὑπάρχοντας
3044 2449 3197 2524 ὕλης,
3230 2453 3392 2530 μηδὲν
3429 2477 3514 2536 φο-

1962 2537 2122 2595 νεύειν
2157 2536 2409 2617 ἔμψυχον.
2490 2533 2567 2598 ‘O
2588 2534 2650 2607 δὴ
2676 2536 2899 2604 καὶτοὺς
2922 2536 3140 2610 ποιητὰς
3159 2540 3519 2622 παριστάντας

1959 2627 2185 2704 χρυσοῦν
2209 2622 2303 2700 μὲν
2336 2623 2669 2701 ἐπονομάζειν
2700 2622 2872 2702 γένος,
2905 2652 2928 2678 κ
2948 2624 3150 2685 Ἔσθλὰ
3175 2626 3230 2685 δὲ
3267 2626 3460 2700 πάντα,
3489 2654 3514 2679 υ

1958 2711 2147 2790 λέγειν,

2084 2851 2233 2898 τοῖσιν
2249 2848 2345 2907 ἔην·
2360 2849 2538 2910 καρπὸν
2553 2849 2597 2898 δ’
2613 2849 2765 2913 ἔφερεν
2778 2848 2992 2913 ζείδωρος
3014 2850 3189 2914 ἄρουρα

2082 2919 2323 2983 αὐτομάτη
2338 2956 2352 2982 ,
2371 2919 2541 2970 πολλόν
2554 2935 2606 2970 τε
2633 2921 2710 2969 καὶ
2733 2919 2955 2984 ἄφθονον·
2977 2923 3022 2971 ol
3041 2922 3082 2971 δ’
3104 2916 3315 2986 ἐθελημοὶ

2082 2992 2253 3055 ἥσυχοι
2274 2991 2367 3055 ἔργ’
2381 2992 2599 3055 ἐνέμοντο
2617 2991 2704 3042 σὺν
2723 2991 2954 3041 ἐσθλοῖσιν
2977 2992 3241 3042 πολέεσσιν.

1959 3112 2018 3172 Ἃ
2047 3112 2109 3184 δὴ
2154 3113 2243 3171 καὶ
2292 3111 2630 3191 ἐξηγούμενος
2655 3116 2683 3171 ὁ
2721 3113 3038 3194 Δικαίαρχος
3064 3112 3151 3172 τὸν
3182 3112 3269 3171 ἐπὶ
3317 3111 3522 3192 Κρόνου

316 3209 489 3281 dit0r3
526 3211 598 3265 ab
642 3229 708 3266 eo
738 3211 989 3267 decimus
1016 3220 1248 3284 quartus
1301 3208 1593 3267 Chaldaeus
1631 3210 1727 3281 qui
1766 3210 1873 3264 Ba·
1963 3201 2071 3280 βίον
2117 3205 2346 3259 τοιοῦτον
2394 3191 2526 3258 εἶναί
2559 3223 2718 3282 φησι,
2748 3204 2794 3259 εἰ
2838 3202 2919 3259 δεῖ
2941 3199 3234 3278 λαμὸάνειν
3271 3198 3366 3276 μὲν
3415 3201 3521 3257 αὐ·-

317 3297 591 3370 bylonem
634 3298 904 3354 exstruxit
934 3295 959 3375 [
988 3297 1110 3355 Δικ.
1147 3296 1200 3353 ἓν
1238 3293 1428 3376 πρώτῳ
1454 3298 1548 3352 τοῦ
1581 3297 1674 3364 ἰ-’ἤς
1716 3291 1869 3354 Ἓλλ.

324 3382 458 3460 βίου.
476 3383 525 3462 ].
556 3417 634 3428 -
658 3388 754 3443 Fr.
787 3405 825 3464 9
851 3405 865 3441 ε
892 3388 979 3442 De
1005 3384 1334 3440 notionibus
1355 3381 1575 3462 πάτρας,
1606 3380 1873 3461 φρατρίας,

316 3470 498 3548 φυλῆς.
516 3475 709 3530 —Fr.
740 3492 809 3529 10
834 3491 848 3530 ε
878 3473 1136 3529 Herculis
1157 3469 1359 3546 figura.
1379 3501 1462 3514 —
1479 3472 1571 3526 Fr.
1603 3489 1626 3524 1
1643 3489 1666 3524 1
1699 3486 1713 3522 ι
1737 3471 1876 3526 Her·

318 3560 470 3615 cules
494 3561 726 3617 Theben
751 3563 813 3616 in
838 3562 1030 3619 Cilicia
1059 3558 1274 3618 condit.
1328 3591 1406 3602 —
1438 3560 1534 3617 Fr.
1571 3575 1640 3613 12
1693 3576 1707 3614 ε
1746 3561 1873 3614 Βο-

250 3709 255 3716 1
315 3645 583 3702 riensium
611 3649 900 3723 tetrapolis
933 3645 957 3723 [
984 3649 1103 3705 Δικ.
1134 3642 1268 3702 κατὰ
1305 3643 1363 3701 τὸ
1394 3646 1599 3723 πρῶτον
1630 3648 1722 3700 τοῦ
1747 3641 1873 3702 Βίου

319 3734 413 3796 rac
437 3729 593 3796 Ἑλλ.
629 3733 823 3812 βιόλίον
841 3733 888 3812 ].
921 3767 1000 3777 --
1026 3736 1122 3792 Fr.
1158 3733 1223 3789 13
1257 3752 1271 3789 ε
1314 3733 1590 3789 Echemus
1609 3743 1665 3788 et
1691 3734 1875 3787 Mara-

320 3819 451 3877 thus
465 3823 741 3893 A‘rcades,
766 3821 1217 3897 Tyndaridarum
1244 3822 1306 3875 in
1334 3821 1575 3876 Atticam
1599 3819 1876 3874 invaden-

320 3907 458 3962 tium
490 3909 752 3981 comites;
769 3910 842 3965 ab
871 3911 970 3964 illo
990 3907 1311 3979 Academia,
1344 3907 1414 3962 ab
1441 3906 1551 3962 hoc
1576 3907 1873 3962 Marathon

318 4011 493 4070 pagus
528 4008 946 4072 nuncupantur.
994 4027 1075 4040 —
1120 3997 1216 4053 Fr.
1266 4001 1330 4060 14
1390 4014 1405 4049 ε
1464 3994 1767 4049 Oraculum
1816 3994 1873 4047 in

1959 3289 2046 3346 τὸν
2095 3292 2164 3353 ὡς
2189 3284 2434 3365 γεγονότα
2461 3286 2553 3345 καὶ
2597 3286 2671 3363 μὴ
2715 3286 2888 3364 μάτην
2919 3284 3429 3368 ἐπιπεφημισμένον,
3455 3285 3517 3346 τὺ

1962 3374 2015 3433 δὲ
2044 3375 2160 3432 λίαν
2190 3373 2403 3451 μυθικὸν
2433 3372 2654 3456 ἀφέντας
2686 3378 2755 3439 εἷς
2783 3374 2841 3432 τὸ
2877 3372 2963 3433 διὰ
2996 3380 3086 3433 τοῦ
3117 3372 3273 3450 λόγου
3298 3372 3516 3451 φυσικὸν

1960 3462 2191 3540 ἀνάγειν·
2223 3460 2493 3534 αὐτόματα
2522 3459 2617 3537 μὲν
2644 3458 2745 3540 γὰρ
2776 3460 2948 3518 πάντα
2978 3458 3158 3542 ἐφύετο
3182 3458 3421 3529 εἰκότως,
3453 3460 3515 3516 οὗ

1959 3548 2059 3629 γὰρ
2084 3547 2231 3608 αὐτοί
2259 3571 2319 3626 γε
2341 3546 2720 3615 κατεσκεύαζον
2760 3547 2904 3607 οὐθὲν
2935 3545 3019 3604 διὰ
3052 3545 3113 3604 τὸ
3141 3545 3274 3620 μήτε
3307 3544 3324 3624 (
3350 3543 3516 3621 μήπω

1959 3639 2088 3715 vg.)
2116 3634 2213 3708 τὴν
2239 3633 2498 3718 γεωργίαν
2524 3633 2662 3714 ἔχειν
2687 3659 2771 3692 πω
2800 3633 3008 3712 τέχνην,
3046 3632 3167 3708 μηθ’
3196 3629 3375 3711 ἑτέραν
3413 3655 3514 3708 μη·

1962 3724 2146 3802 δεμίαν
2176 3724 2378 3790 ἅπλῶς.
2460 3721 2539 3782 Τὸ
2573 3722 2618 3780 δ’
2651 3721 2777 3780 αὐτὸ
2805 3721 2895 3779 καὶ
2921 3725 3011 3779 τοῦ
3034 3717 3228 3799 σχολὴν
3262 3720 3405 3797 ἄγειν
3430 3717 3519 3776 αἴ-

1959 3835 2067 3871 τιον
2111 3810 2338 3891 ἐγίγνετο
2367 3812 2539 3876 αὐτοῖς
2564 3810 2657 3868 καὶ
2705 3814 2795 3867 τοῦ
2834 3807 3026 3886 διάγειν
3066 3807 3186 3865 ἄνευ
3215 3806 3385 3865 πόνων
3422 3805 3518 3864 καὶ

1962 3899 2248 3980 μερίμνης,
2280 3900 2326 3957 εἰ
2365 3897 2421 3956 δέ
2462 3921 2512 3955 τι
2557 3901 2658 3955 τῶν
2687 3893 3107 3976 γλαφυρωτάτων
3140 3896 3329 3973 ἰατρῶν
3377 3894 3516 3950 ἐπα-

1960 3990 2273 4060 κολουθῆσαι
2302 3988 2377 4045 δεῖ
2406 3984 2633 4065 διανοίᾳ,
2665 3984 2753 4043 καὶ
2779 3989 2870 4042 τοῦ
2915 3981 2991 4059 μὴ
3024 3989 3189 4040 νοσεῖν
3207 4004 3219 4016 ·
3247 3978 3390 4039 οὐθὲν
3413 3978 3516 4058 γὰρ

318 4082 498 4143 Elide.
527 4117 609 4128 —
632 4087 730 4143 Fr.
767 4084 835 4140 15
870 4105 885 4143 t
935 4085 1288 4142 Crotalorum
1328 4083 1678 4156 aliorumque
1718 4083 1874 4136 simi·
1965 4078 2036 4143 εἷς
2082 4075 2280 4153 ὑγίειαν
2331 4075 2499 4132 αὐτῶν
2547 4073 2718 4149 μεῖζον
2754 4068 3105 4150 παράγγελμα
3149 4066 3288 4148 εὕροι
3327 4088 3404 4132 τις
3453 4065 3523 4124 ἂν

329 4181 3514 4215 ——-.-...—-.-.-—---—--—-——————-————-—-·————-

1075 4273 1123 4322 1.

842 4402 878 4448 E
914 4400 1099 4449 mBRo
1132 4401 1348 4449 PRIMO.

381 4501 455 4547 Ex
472 4499 529 4549 iis
550 4500 694 4562 igitur
725 4502 811 4563 qui
834 4500 1043 4551 breviter
1071 4500 1215 4551 simul
1243 4502 1293 4550 et
1325 4502 1549 4551 accurate
1571 4501 1764 4550 Graecas
1798 4513 1874 4550 res

319 4574 638 4637 collegerunt,
677 4578 985 4627 Dicaearchus
1018 4578 1359 4641 peripateticus
1399 4580 1500 4637 est,
1540 4576 1626 4640 qui
1658 4580 1872 4628 veterem

321 4653 518 4703 Graeciae
552 4653 701 4704 vitam
725 4667 966 4718 exponens
993 4655 1176 4718 priscos
1194 4656 1335 4719 illos,
1359 4657 1442 4720 qui
1475 4669 1629 4719 quum
1664 4655 1727 4705 ad
1760 4655 1874 4707 deos

320 4729 539 4791 proxime
574 4731 856 4782 accederent
900 4732 1165 4795 optimique
1206 4734 1379 4783 natura
1424 4735 1610 4796 essent,
1659 4732 1875 4796 adeoque

321 4810 538 4858 nactam
556 4809 707 4859 vitam
725 4810 1058 4874 traducerent,
1072 4813 1129 4860 ut
1146 4823 1291 4862 aurea
1307 4824 1476 4861 eorum
1498 4814 1614 4861 aetas
1628 4810 1872 4861 existima-

322 4885 455 4934 retur
485 4899 588 4948 prae
604 4885 697 4935 bac
710 4889 874 4936 nostra
891 4885 1160 4937 adulterina
1181 4888 1230 4938 et
1246 4888 1526 4952 pravissima
1547 4888 1745 4938 materia
1763 4901 1872 4938 con·

321 4966 504 5025 stante,
540 4965 728 5015 nullum
751 4965 975 5016 occidere
1008 4964 1186 5016 animal
1223 4967 1525 5017 consuevisse
1559 4966 1784 5017 affirmat.
1817 4967 1871 5017 ld

322 5039 453 5101 qnod
491 5043 633 5091 etiam
668 5044 833 5105 poetas
866 5042 936 5093 ait
965 5043 1197 5106 attestari,
1219 5042 1337 5093 dum
1359 5055 1563 5093 aureum
1581 5042 1702 5094 illud
1726 5057 1874 5107 genus

324 5116 573 5168 hominum
592 5119 833 5183 appellant
855 5138 910 5169 :a
930 5122 1059 5170 Bona
1077 5120 1282 5184 (aiunt)
1305 5123 1479 5171 cuncta

2064 4261 2155 4305 illis
2169 4262 2321 4315 erant;
2343 4257 2632 4313 fructumque
2648 4254 2820 4301 ferebat
2839 4253 2987 4299 fertile
3005 4263 3172 4298 arvum

2065 4330 2224 4386 sponte
2240 4338 2325 4372 sna
2343 4327 2633 4382 multumque
2649 4327 2694 4369 et
2713 4323 2952 4380 copiosum
2969 4335 2981 4364 ι
2998 4322 3087 4377 ipsi
3107 4332 3218 4366 vero
3234 4318 3443 4366 lubentes

2064 4395 2208 4453 quieti
2229 4394 2443 4452 operibus
2459 4393 2730 4439 fruebantur
2741 4401 2848 4436 cum
2865 4390 2996 4434 bonis
3017 4389 3192 4434 multis.

2928 4456 3136 4514 (Hesiod.
3164 4455 3281 4513 Opp.
3303 4459 3381 4500 116
3397 4454 3522 4513 sqq.)

1960 4581 2084 4637 Quae
2106 4578 2301 4642 quidem
2339 4577 2599 4641 explanans
2633 4575 2940 4626 Dicaearchus
2973 4571 3207 4634 ejusmodi
3235 4569 3386 4620 vitam
3424 4571 3517 4619 Sa·

1961 4656 2090 4704 turni
2112 4654 2406 4717 temporibus
2436 4653 2582 4703 fuisse
2604 4653 2703 4714 ait;
2728 4652 2768 4702 si
2790 4651 2933 4701 modo
2952 4663 3062 4700 eam
3081 4661 3248 4699 revera
3273 4645 3515 4697 exstitisse

1960 4735 2011 4782 et
2024 4745 2123 4781 non
2143 4732 2322 4780 frustra
2351 4731 2418 4781 ita
2445 4730 2591 4781 ruisse
2621 4728 2912 4779 celebratam
2935 4724 3286 4778 admittendum
3313 4720 3518 4774 omissis-

1960 4823 2056 4872 que
2084 4808 2166 4871 iis,
2192 4821 2302 4872 quae
2315 4808 2478 4871 aperte
2497 4805 2712 4856 sabulosa
2725 4806 2775 4854 in
2798 4804 2890 4855 hac
2907 4803 3181 4854 narratione
3197 4803 3312 4852 sunt
3323 4837 3337 4864 ,
3353 4813 3430 4850 res
3444 4799 3522 4849 cst

1960 4887 2024 4936 ad
2049 4885 2315 4956 naturalem
2351 4882 2782 4934 considerationem
2804 4880 3100 4932 reducenda.
3181 4880 3361 4941 Sponte
3386 4875 3514 4928 enim

1961 4963 2135 5014 merito
2155 4963 2320 5014 omnia
2341 4962 2662 5013 nascebantur
2678 4981 2693 5012 ι
2716 4961 2833 5025 quia
2855 4960 3077 5011 videlicet
3098 4959 3188 5022 ipsi
3209 4958 3326 5007 nihil
3346 4970 3515 5020 opera·

1961 5043 2155 5104 bantur,
2192 5054 2344 5104 quum
2363 5039 2580 5090 nondum
2618 5053 2777 5103 neque
2812 5039 2910 5102 agri
2931 5036 3145 5097 colendi,
3185 5049 3344 5098 neque
3367 5034 3516 5084 ullam

1959 5120 2104 5171 aliam
2118 5123 2270 5171 artem
2295 5120 2602 5171 invenissent.
2625 5119 2677 5169 ld
2703 5117 2834 5182 quod
2864 5118 2914 5167 in
2941 5129 3082 5167 causa
3098 5127 3294 5178 quoqne
3321 5113 3442 5175 erat,
3462 5111 3520 5160 ut
