4016 5916
441 428 554 479 278

436 545 595 616 αὗτὴν
626 544 803 622 μέντοι
827 541 919 613 τὴν
953 539 1251 617 ἐπιθυμίαν,
1279 537 1525 619 ἐπιφοράν
1555 560 1671 596 τινα
1693 542 1784 609 τῆς
1813 541 1984 618 ψυχῆς

432 630 522 689 καὶ
559 629 747 712 ὁρμὴν,
789 627 880 686 καὶ
917 626 1077 706 ὄρεξιν
1112 617 1243 683 εἶναι
1277 617 1595 705 πληρώσεως
1627 621 1663 694 ἢ
1700 627 1984 704 παρουσίας

435 719 750 790 αἰσθήσεως,
784 713 821 786 ἢ
863 712 1128 780 κενώσεως
1175 710 1266 771 καὶ
1305 710 1590 786 ἀπουσίας,
1640 710 1730 770 καὶ
1768 717 1858 771 τοῦ
1908 711 1982 789 μὴ

435 805 791 864 αἰσθάνεσθαι.
831 800 1145 877 Ἔπιθυμίας
1172 799 1227 859 δὲ
1258 797 1631 878 ἧμαρτημένης
1653 821 1710 856 τε
1737 798 1827 857 καὶ
1850 798 1981 880 φαύ.

434 894 528 964 λης
558 891 676 972 τρία
714 915 737 949 ε
761 912 845 946 ναι
884 886 994 960 εἴδη
1022 885 1089 946 τὰ
1118 882 1506 965 γνωριμώτατα
1539 885 1673 962 (ἤδη
1703 884 1767 941 τὰ
1797 884 1983 965 γνωρί-

435 1001 614 1055 σματα
660 980 790 1036 cod.
851 981 976 1035 Par.
1029 980 1134 1048 A.‚
1173 976 1246 1031 ad
1290 973 1540 1049 marg.)‚
1586 969 1981 1049 ἀσχημοσύνην,

439 1064 813 1144 ἀσυμμετρίαν,
831 1060 1072 1142 ἀκαιρίαν
1089 1084 1103 1098 ·
1121 1059 1156 1131 ἢ
1173 1059 1274 1140 γὰρ
1299 1059 1508 1117 αὐτόθεν
1532 1049 1660 1116 εἶναι
1677 1058 1770 1129 τὴν
1806 1059 1985 1115 ἐπιθυ-

435 1153 558 1230 μίαν
602 1151 880 1231 ἀσχήμονά
924 1172 982 1207 τε
1031 1149 1121 1208 καὶ
1181 1144 1426 1230 φορτικὴν
1487 1144 1578 1202 καὶ
1622 1141 1952 1224 ἀνελεύθερον
1970 1165 1985 1178 ·

436 1239 471 1311 ἢ
499 1245 650 1299 τοῦτο
679 1237 774 1317 μὲν
809 1235 866 1297 οὒ
887 1281 906 1313 ,
947 1237 1285 1318 σφοδρότερον
1316 1233 1370 1291 δὲ
1397 1231 1490 1290 καὶ
1528 1232 1867 1311 χρονιώτερον
1894 1234 1983 1288 τοῦ

433 1327 780 1408 προσήκοντος
801 1348 815 1364 ·
849 1323 883 1395 ἢ
917 1324 1090 1404 τρίτον
1118 1321 1241 1402 πρὸς
1287 1325 1486 1393 ταῦτα,
1524 1318 1608 1378 ὅτε
1637 1321 1695 1377 οὗ
1739 1320 1851 1396 δεῖ,
1897 1317 1986 1377 καὶ

436 1414 563 1494 πρὸς
596 1413 630 1473 ἃ
650 1416 710 1473 οὐ
739 1414 837 1473 δεῖ.

512 1507 729 1560 Locum
757 1505 817 1557 in
842 1520 940 1557 sua
959 1499 1237 1555 transtulit
1274 1498 1567 1553 Iamblich.
1597 1500 1664 1554 V.
1697 1498 1758 1551 P.
1788 1496 1820 1571 §
1845 1494 1986 1567 205,

435 1610 729 1666 suppresso
759 1590 987 1644 nomine
1016 1586 1305 1672 auctoris--

1135 1698 1200 1750 17
1238 1698 1288 1734 a.

516 1780 765 1838 Stobaeus
798 1776 1060 1850 Florileg.
1098 1776 1166 1848 V,
1202 1793 1276 1844 70
1308 1791 1322 1830 :
1366 1771 1467 1831 Ἐκ
1499 1775 1601 1830 τῶν
1642 1767 1985 1849 Ἀριστοξένου

438 1865 811 1944 Πυθαγορικῶν
832 1859 1157 1940 ἀποφάσεων.
1184 1893 1262 1903 -
1284 1862 1335 1920 T
1335 1857 1398 1931 ὴν
1424 1861 1592 1931 ἀληθῆ
1611 1855 1914 1938 φιλοκαλίαν
1937 1858 1990 1914 ἔν

436 1960 543 2018 τοῖς
570 1947 947 2026 ἐπιτηδεύμασι
966 1948 1056 2006 καὶ
1082 1951 1133 2005 ἐν
1156 1947 1268 2014 ταῖς
1301 1944 1614 2022 ἐπιστήμαις
1638 1943 1811 2022 ἔλεγεν
1832 1934 1988 2001 εἶναι·

438 2039 499 2097 τὸ
526 2037 628 2117 γὰρ
675 2039 882 2114 ἀγαπᾶν
910 2036 1002 2093 καὶ
1038 2033 1270 2113 στέργειν
1308 2037 1410 2092 τῶν
1447 2035 1620 2092 καλῶν
1656 2034 1782 2090 ἐθῶν
1813 2054 1870 2089 τε
1900 2030 1989 2089 καὶ

438 2123 863 2201 Ξπιτηδευμάτων
892 2120 1145 2200 ὑπάρχει,
1172 2119 1420 2187 ὡσαύτως
1442 2118 1497 2178 δὲ
1523 2116 1612 2178 καὶ
1644 2121 1746 2176 τῶν
1772 2119 1988 2189 ἐπιστη-

440 2213 551 2286 μῶν
575 2233 630 2269 τε
658 2209 748 2269 καὶ
779 2211 1059 2289 ἕμπειριῶν
1088 2204 1177 2272 τὰς
1204 2205 1370 2273 καλὰς
1395 2206 1486 2264 καὶ
1507 2204 1833 2283 εὐσχήμονας
1857 2206 1991 2276 ἀλη-

437 2299 537 2365 θῶς
557 2288 689 2356 εἶναι
722 2295 1055 2377 φιλοκάλους·
1079 2291 1174 2365 τὴν
1200 2292 1255 2352 δὲ
1276 2292 1560 2372 λεγομένην
1589 2292 1688 2350 ὕπὸ
1709 2295 1815 2350 τῶν
1848 2293 1990 2350 πολ-

439 2387 545 2443 λῶν
587 2382 911 2465 φιλοκαλίαν,
958 2372 1061 2439 οἷον
1100 2387 1206 2447 τοῖς
1242 2377 1546 2456 ἀναγκαίοις
1583 2377 1673 2436 καὶ
1713 2377 1990 2457 χρησίμοις

438 2470 568 2550 πρὸς
601 2469 688 2532 τὸν
734 2472 845 2550 βίον
892 2466 1184 2546 γινομένην,
1224 2463 1437 2546 λάφυρά
1475 2488 1576 2524 που
1614 2467 1705 2535 τῆς
1748 2465 1991 2536 ἀληθινῆς

437 2562 640 2616 κεῖσθαι
667 2553 992 2638 φιλοκαλίας.
1207 2631 1240 2685 8

1172 2651 1194 2686 1
1246 2673 1260 2689 .
1868 2673 1878 2682 .

517 2742 679 2798 Idem
707 2739 847 2797 ibid.
873 2739 1096 2805 XLIII,
1139 2742 1212 2809 [09
1228 2780 1244 2804 ‚
1270 2754 1339 2791 ex
1359 2736 1560 2791 eodem
1583 2735 1730 2790 libro
1755 2752 1770 2790 ε
1816 2731 1991 2791 Καθό-

439 2830 530 2885 λου
577 2825 632 2884 δὲ
679 2823 842 2904 ᾤοντο
879 2822 983 2879 δεῖν
1023 2817 1412 2896 ὖπολαμὸάνειν
1449 2818 1611 2896 μηδὲν
1649 2809 1780 2876 εἶναι
1818 2819 1989 2894 μεῖζον

440 2911 601 2971 κακὸν
655 2913 936 2990 ἀναρχίας·
1003 2909 1059 2966 α’)
1108 2905 1210 2985 γὰρ
1261 2906 1546 2987 πεφυκέναι
1589 2905 1676 2965 τὸν
1722 2905 1990 2986 ἄνθρωπον

442 2997 783 3065 διασώζεσθαι
807 2994 1024 3074 μηδενὸς
1050 2995 1461 3060 ἐπιστατοῦντος.
1486 2992 1621 3072 Περὶ
1647 2993 1698 3051 δὲ
1726 2993 1991 3073 ἀρχόντων

440 3085 532 3144 καὶ
559 3082 860 3164 ἀρχομένων
885 3080 1046 3148 οὕτως
1068 3078 1339 3161 ἐφρόνουν·
1360 3077 1476 3146 τοὺς
1494 3079 1588 3156 μὲν
1611 3077 1713 3160 γὰρ
1741 3079 1992 3159 ἄρχοντας

441 3172 664 3245 ἔφασκον
704 3171 761 3227 οὐ
791 3169 945 3246 μόνον
976 3165 1359 3244 ἐπιστήμονας,
1389 3165 1526 3225 ἀλλὰ
1566 3165 1656 3225 καὶ
1685 3166 1989 3247 φιλανθρώ-

439 3282 565 3325 πους
594 3259 696 3316 δεῖν
728 3246 889 3329 εἶναι,
921 3254 1011 3314 καὶ
1036 3253 1150 3323 τοὺς
1177 3253 1496 3335 ἀρχομένους
1519 3255 1578 3313 οὗ
1617 3253 1771 3331 μόνον
1807 3260 1990 3326 πειθη-

354 3368 361 3375 ”
440 3347 575 3412 νίους
593 3392 610 3423 ,
640 3343 776 3403 ἀλλὰ
805 3343 897 3407 καὶ
932 3342 1295 3424 φιλάρχοντας.
1330 3340 1710 3420 Ἐπιμελητέον
1736 3340 1789 3400 δὲ
1818 3342 1990 3415 πάσης

438 3432 645 3506 ἡλικίας
682 3437 929 3509 ἡγοῦντο,
974 3431 1065 3489 καὶ
1110 3428 1227 3496 τοὺς
1255 3428 1350 3506 μὲν
1392 3430 1579 3496 παῖδας
1619 3431 1671 3487 ἐν
1712 3427 1991 3509 γράμμασι

437 3520 529 3581 καὶ
573 3520 677 3586 τοῖς
704 3519 877 3585 ἄλλοις
906 3515 1210 3594 μαθήμασιν
1240 3516 1539 3575 ἀσκεῖσθαι·
1580 3518 1695 3584 τοὺς
1743 3513 1795 3574 δὲ
1822 3517 1990 3575 νεανί-

437 3690 545 3737 tum
573 3686 811 3750 quendam
829 3685 1002 3735 animae
1024 3687 1073 3734 et
1092 3686 1275 3734 motum
1296 3686 1344 3734 et
1361 3683 1701 3748 appetitionem
1725 3684 1991 3747 repletionis

437 3766 489 3815 ά
514 3762 813 3823 inanitionis,
835 3762 909 3812 vel
932 3761 1115 3811 sensilis
1142 3760 1348 3823 alicuius
1365 3761 1632 3823 praesentiae
1664 3760 1955 3811 absentiaeve
1971 3797 1988 3824 ,

440 3841 518 3891 vel
534 3840 683 3902 ipsius
702 3852 869 3889 sensus
887 3837 1183 3902 privationis.
1212 3841 1358 3888 Porro
1375 3837 1645 3900 depravatae
1662 3840 1714 3888 et
1733 3838 1876 3888 malae
1899 3851 1979 3887 cu·

438 3915 648 3980 piditatis
663 3917 757 3965 tria
774 3928 948 3978 genera
967 3916 1208 3977 proecipua
1231 3914 1433 3964 faciebat
1444 3951 1458 3975 ‚
1479 3914 1763 3965 indecorum
1776 3951 1792 3977 ‚
1819 3917 1992 3965 immo-

438 3994 661 4044 doeatum
675 4026 689 4048 ‚
709 3991 1124 4054 intempestivum.
1147 3992 1243 4041 Aut
1265 3990 1392 4041 enim
1408 4004 1494 4053 per
1513 4004 1565 4041 se
1585 3992 1748 4041 statim
1760 3990 1988 4041 indecen-

436 4074 538 4121 tem
571 4082 674 4120 esse
694 4068 1007 4131 cupiditatem
1021 4066 1260 4129 ‚odiosam
1276 4069 1325 4116 et
1340 4066 1638 4117 illiberalem:
1660 4069 1744 4117 aut
1763 4081 1858 4116 non
1875 4068 1984 4129 qui·

435 4150 547 4199 dem
563 4148 840 4211 simpliciter
853 4145 1142 4208 culpandam
1157 4180 1172 4205 ,
1193 4144 1279 4195 sed
1298 4146 1698 4196 vehementiorem
1716 4145 1991 4196 diuturnio-

438 4216 638 4289 'remque
647 4224 778 4288 justo
788 4236 890 4274 esse
902 4240 918 4285 ς
932 4226 1124 4285 autquo
1142 4222 1357 4285 tempore
1371 4224 1420 4272 et
1429 4221 1490 4272 ad
1508 4236 1619 4285 quae
1633 4236 1729 4273 non
1738 4224 1983 4275 convenit.

502 4395 713 4450 Omnino
735 4396 898 4445 autem
922 4392 1293 4445 existimandum
1317 4393 1582 4456 putabant,
1615 4393 1730 4443 nihil
1754 4396 1853 4444 tam
1890 4408 1993 4445 esse

438 4474 653 4535 malum,
673 4484 819 4535 quam
844 4471 919 4521 est
949 4469 1287 4524 inobedientia.
1325 4469 1550 4520 Homines
1570 4470 1698 4519 enlm
1726 4469 1993 4521 incolumes

438 4549 617 4600 servari
638 4561 734 4599 non
752 4560 914 4611 posse,
934 4546 1018 4596 ubi
1034 4559 1178 4596 nemo
1200 4548 1385 4610 praeest.
1403 4549 1476 4597 De
1502 4545 1781 4609 magistratu
1808 4559 1921 4596 vero
1940 4548 1990 4597 et

438 4626 666 4689 subjectis
689 4625 758 4675 ita
782 4624 1083 4676 sentiebant:
1104 4625 1406 4687 magistratus
1422 4624 1617 4688 quidem
1642 4623 1866 4676 dicebant
1889 4638 1988 4675 non

437 4705 661 4766 oportere
680 4703 872 4752 tantum
898 4701 1157 4764 prudentes
1187 4715 1318 4764 esse,
1346 4714 1517 4752 verum
1546 4701 1693 4752 etiam
1721 4702 1950 4766 benignos
1969 4718 1987 4754 .-

436 4777 658 4829 subditos
683 4789 799 4827 vero
816 4791 913 4826 non
932 4778 1192 4841 morigeros
1208 4780 1397 4829 tantum
1413 4815 1429 4841 ,
1457 4777 1539 4829 sed
1561 4781 1775 4830 amantes
1797 4793 1993 4843 quoque

439 4854 823 4917 magistratuum.
840 4855 1076 4905 Praeterea
1096 4856 1391 4920 singularum
1408 4858 1609 4908 aetatum
1625 4870 1792 4907 curam
1810 4858 1991 4908 baben·

435 4932 551 4982 dam
581 4943 684 4981 eoee
708 4929 996 4994 censebant,
1020 4931 1086 4982 ita
1104 4937 1160 4983 ut
1187 4934 1322 4997 pueri
1344 4934 1537 4998 quidem
1556 4935 1603 4984 in
1622 4935 1770 4985 literis
1794 4935 1994 4998 aliisque

438 5007 702 5072 disciplinis
713 5011 1049 5059 exercerentur
1064 5028 1080 5072 ;
1096 5012 1300 5073 iuvenes
1314 5026 1433 5063 vero
1445 5013 1650 5065 civitatis
1663 5027 1854 5063 morum
1868 5017 1916 5064 et
1931 5015 1992 5064 le·

435 5100 552 5151 gum
579 5086 827 5149 diligenter
851 5090 1007 5138 efflent
1037 5090 1264 5152 studiosi3
1292 5090 1381 5141 viri
1402 5091 1669 5143 actionibus
1695 5092 1994 5156 publicisque

436 5165 716 5235 muneribus
748 5178 799 5215 se
823 5164 992 5215 darent
1001 5181 1021 5228 ς
1046 5178 1180 5218 senes
1204 5170 1366 5219 autem
1389 5170 1437 5218 in
1460 5169 1842 5221 meditationibus
1858 5206 1874 5232 ,
1909 5171 1992 5232 iu·

1584 408 2041 469 ARlSTOXENI
2085 409 2506 470 TARENTINI

2074 561 2226 605 σκους
2247 538 2350 605 τοῖς
2363 541 2455 609 τῆς
2468 536 2665 604 πόλεως
2687 535 2825 595 ἔθεσί
2847 558 2904 595 τε
2927 533 3018 594 καὶ
3037 532 3214 613 νόμοις
3235 536 3597 615 γυμνάζεσθαι
3617 559 3632 574 ·

2073 621 2189 690 τοὺς
2218 624 2271 682 δὲ
2304 623 2492 698 ἄνδρας
2512 631 2626 690 ταῖς
2643 619 2862 702 πράξεσί
2887 644 2945 679 τε
2970 620 3063 679 καὶ
3086 621 3362 699 δημοσίαις
3386 624 3635 706 λειτουρτ

2072 709 2210 789 γίαις
2248 711 2547 792 προσέχειν·
2592 708 2709 777 τοὺς
2747 708 2804 768 δὲ
2844 707 3141 790 πρεσὸύτας
3183 709 3494 787 ἕνθυμήσεσι
3536 712 3635 770 καὶ

2075 798 2353 877 κριτηρίοις
2387 798 2477 856 καὶ
2504 794 2847 875 συμὸουλίαις
2870 798 2974 855 δεῖν
2997 796 3466 878 ἕναναστρέφεσθαι
3491 798 3636 876 μετὰ

2074 885 2245 957 πάσης
2272 884 2562 963 ἐπιστήμης
2593 883 2988 963 ὕπελάμὸανον,
3017 881 3159 952 ὅπως
3186 884 3320 962 μήτε
3362 887 3411 944 οἱ
3446 889 3637 955 παῖδας

2076 971 2401 1045 νηπιάζοιεν,
2446 971 2579 1050 μήτε
2620 973 2669 1031 οἱ
2710 971 2969 1030 νεανίσκοι
3008 969 3449 1052 παιδαριεύοιντο,
3492 973 3634 1050 μήτε

2079 1061 2127 1118 οἱ
2163 1057 2397 1138 γέροντες
2424 1061 2819 1139 παραφρονοῖεν.
2856 1059 2977 1117 Δεῖν
3016 1055 3071 1116 δὲ
3116 1055 3340 1138 ἔφασκον
3381 1057 3527 1125 εὐθὺς
3566 1062 3633 1120 ἐκ

2075 1147 2276 1205 παίδων
2304 1145 2394 1206 καὶ
2420 1145 2514 1218 τὴν
2541 1143 2734 1227 τροφὴν
2756 1144 3082 1223 τεταγμένως
3107 1143 3523 1227 προσφέρεσθαι,
3547 1148 3632 1206 δι-

2077 1230 2350 1300 δάσκοντες
2379 1235 2488 1310 (sic
2528 1235 2732 1306 Gesn.;
2770 1235 2904 1291 libri
2950 1231 3326 1310 διδάσκουσαν)
3371 1235 3440 1301 ὣς
3468 1238 3501 1306 ἡ
3532 1233 3632 1310 μὲν

2075 1321 2215 1388 τάξις
2243 1320 2335 1379 καὶ
2358 1318 2652 1402 συμμετρία
2675 1320 2812 1390 καλὴ
2841 1317 2931 1379 καὶ
2969 1317 3258 1399 σύμφορος,
3297 1324 3331 1390 ἡ
3359 1321 3403 1378 δ’
3437 1321 3630 1391 ἀταξία

2077 1408 2166 1466 καὶ
2208 1406 2537 1487 ἀσυμμετρία
2570 1404 2767 1487 αἰσχρά
2810 1430 2867 1465 τε
2894 1406 2984 1466 καὶ
3013 1408 3323 1487 ἀσύμφορος.
3367 1411 3449 1469 Cf.
3476 1414 3634 1468 Iam-

2072 1497 2252 1576 buch.
2278 1497 2315 1553 l.
2347 1498 2387 1553 l.
2421 1497 2454 1571 §
2487 1494 2617 1568 175,
2650 1514 2786 1566 201,
2824 1496 2954 1552 203.

2810 1629 2901 1685 19.

2157 1726 2319 1780 Idem
2347 1726 2487 1784 ibid.
2517 1725 2791 1796 LXXIX,
2822 1723 2893 1790 45
2926 1743 2940 1780 ε
2969 1719 3121 1782 Μετὰ
3143 1721 3200 1780 τὸ
3230 1727 3360 1781 θεῖον
3394 1724 3483 1784 καὶ
3520 1726 3623 1786 δαε-

2082 1810 2256 1888 μόνιον
2284 1811 2527 1870 πλεῖστον
2555 1813 2812 1869 ποιεῖσθαι
2833 1808 2986 1889 λόγον
3009 1811 3197 1888 γονέων
3227 1833 3284 1869 τε
3306 1811 3396 1870 καὶ
3418 1811 3591 1890 νόμων
3608 1860 3628 1889 ,

2082 1896 2156 1974 μὴ
2179 1899 2450 1971 πλαστῶς,
2482 1895 2618 1956 ἀλλὰ
2644 1894 3065 1973 πεπιστευμένως
3088 1897 3269 1958 ἑαυτὸν
3296 1899 3423 1979 πρὸς
3453 1906 3628 1960 ταῦτα

2079 1983 2561 2066 παρασκευάζοντα.
2593 1984 2670 2047 Τὸ
2703 1983 2874 2062 μένειν
2894 1986 2999 2052 τοῖς
3022 1983 3255 2066 πατρίοις
3278 1984 3415 2045 ἔθεσί
3445 2010 3502 2046 τε
3528 1987 3622 2046 καὶ

2079 2072 2253 2148 νόμοις
2293 2072 2627 2150 ἐδοκίμαζον,
2665 2075 2712 2132 εἷ
2752 2071 2843 2131 καὶ
2881 2077 3051 2154 μικρῷ
3094 2071 3258 2152 χείρω
3296 2076 3396 2132 τῶν
3438 2074 3626 2156 ἑτέρων

2080 2159 2183 2232 εἴη.

2167 2273 2192 2300 «ι
2218 2251 2369 2306 Huic
2394 2251 2717 2307 Aristoxeni
2739 2251 2868 2306 loco
2892 2251 2955 2305 in
2981 2251 3168 2307 collat.
3204 2250 3367 2309 Grot.
3396 2252 3631 2325 subjecti

2080 2349 2210 2393 sunt
2251 2348 2364 2392 tres
2387 2338 2480 2393 alii
2509 2357 2639 2393 cum
2671 2338 3034 2410 inscriptione
3071 2340 3173 2394 4τοῦ
3215 2337 3405 2412 αὐτοῦ,
3449 2339 3509 2396 id
3549 2352 3631 2396 est

2081 2425 2464 2482 Aristoxeni...
2502 2423 2854 2480 Monendum
2899 2436 2982 2481 est
3006 2425 3126 2480 haec
3153 2427 3340 2480 omnia
3374 2445 3492 2482 non
3515 2445 3631 2484 esse

2080 2510 2432 2580 Aristoxeni,
2492 2511 2592 2567 sed
2650 2512 2868 2567 librarii
2932 2530 3124 2576 errore
3187 2514 3293 2586 ipsi
3348 2515 3587 2588 ascripta
3608 2556 3625 2584 ,

2081 2599 2293 2671 quippe
2319 2599 2571 2654 Stobaeus
2611 2617 2676 2655 ea
2714 2599 2946 2672 sumpsit
2983 2617 3054 2654 ex
3091 2600 3335 2656 Platonis
3361 2601 3510 2655 libro
3539 2604 3630 2659 lx

2078 2687 2250 2760 Legg.
2282 2704 2342 2758 p.
2381 2685 2519 2759 930,
2541 2688 2606 2758 E,
2635 2698 2693 2741 et
2715 2685 2851 2761 931,
2880 2688 2926 2741 E
2954 2685 3047 2745 ed.
3070 2687 3260 2760 steph.
3296 2712 3320 2737 υ
3354 2690 3581 2747 Murra.

2808 2818 2902 2855 20.

2161 2909 2320 2967 Idem
2343 2910 2484 2966 ibid.
2517 2911 2613 2982 CI,
2641 2917 2672 2978 4
2708 2932 2723 2969 2
2754 2908 2890 2992 Περὶ
2919 2907 2973 2969 δὲ
3000 2909 3238 2990 γενέσεως
3264 2909 3462 2968 παίδων
3491 2908 3622 2973 τάδε

2081 2993 2253 3074 ἔλεγε·
2286 2995 2522 3054 Καθόλου
2552 2994 2647 3072 μὲν
2676 2997 3027 3078 φυλάττεσθαι
3053 2997 3110 3057 τὸ
3137 2995 3451 3074 καλούμενον
3485 3021 3628 3079 προ-

2082 3081 2248 3164 φερές·
2286 3081 2403 3142 οὔτε
2429 3081 2531 3163 γὰρ
2555 3087 2658 3143 τῶν
2690 3088 2895 3166 φυτῶν,
2920 3084 3039 3145 οὔτε
3071 3088 3169 3144 τῶν
3204 3083 3347 3166 ζῴων
3377 3084 3629 3169 εύκαρπα

2081 3170 2144 3228 τὰ
2159 3174 2392 3251 προφερῆ
2411 3170 2674 3250 γίγνεσθαι
2687 3217 2702 3245 ,
2716 3172 2851 3232 ἀλλὰ
2873 3172 3056 3285 χρόνον
3067 3170 3180 3233 τινὰ
3198 3175 3634 3256 προπαρασκευά-

2082 3259 2256 3325 ζεσθαι
2288 3261 2380 3330 τῆς
2407 3259 2788 3341 καρποφορίας,
2828 3263 2882 3319 ἐν
2909 3284 2953 3341 ῳ
2980 3258 3324 3340 ἐξισχύσαντα
3362 3259 3452 3318 καὶ
3487 3284 3633 3321 τετε-

2080 3342 2339 3422 λειωμένα
2368 3342 2434 3403 τὰ
2473 3344 2697 3422 σώματα
2731 3345 2982 3426 παρέχειν
3021 3344 3088 3405 τά
3127 3370 3183 3406 τε
3217 3347 3493 3427 σπέρματα
3538 3349 3630 3407 καὶ

2080 3429 2196 3498 τοὺς
2214 3429 2446 3511 καρποὺς
2467 3432 2754 3505 δεδύνηται.
2779 3432 2964 3494 Πολλὰ
2988 3434 3042 3492 δὲ
3067 3425 3197 3492 εἶναι
3218 3437 3270 3492 ἐν
3299 3439 3372 3514 τῷ
3399 3435 3549 3516 [βίῴ]
3572 3439 3625 3495 ἐν

2080 3509 2154 3586 οἷς
2186 3523 2220 3589 ἡ
2242 3519 2495 3600 ὀψιμαθία
2514 3520 2624 3578 lori
2656 3520 2905 3599 βελτίων,
2937 3511 3040 3579 οἷον
3064 3521 3157 3580 καὶ
3184 3521 3242 3580 τὸ
3277 3527 3372 3581 τοῦ
3418 3525 3629 3604 ἀφροδι-

2079 3684 2214 3736 diciis
2238 3689 2289 3737 et
2323 3687 2532 3739 consiliis
2561 3687 2927 3751 prudentissime
2955 3691 3274 3739 versarentur.
3303 3689 3384 3741 sic
3403 3689 3529 3740 enim
3556 3691 3634 3739 ru·

2079 3765 2244 3814 turum
2296 3768 2351 3816 ut
2394 3767 2528 3829 pueri
2562 3780 2660 3816 non
2691 3766 2920 3817 baberent
2961 3779 3118 3817 mores
3153 3766 3404 3817 infantium
3418 3803 3434 3829 ,
3472 3781 3632 3831 neque

2079 3842 2264 3904 puerile
2271 3842 2505 3915 juvenes,
2537 3856 2694 3906 neque
2715 3842 2929 3905 juvenile
2954 3843 3044 3893 viri
3063 3845 3323 3894 retinerent
3346 3844 3586 3907 ingenium
3609 3866 3624 3894 ι
3687 3910 3690 3913 ,

2079 3931 2169 3968 nec
2185 3918 2394 3982 denique
2414 3932 2550 3970 senes
2580 3919 2866 3983 desiperent.
2889 3918 2960 3971 Ad
2986 3920 3120 3982 haec,
3143 3920 3503 3972 assuescendum
3533 3921 3627 3970 aie-

2080 3993 2224 4059 bant,
2244 3998 2306 4045 nt
2332 3996 2495 4046 statim
2521 4009 2553 4045 a
2586 3996 2749 4059 pueris
2770 3996 2994 4047 alimenta
3033 3998 3164 4047 certo
3195 3996 3362 4048 ordine
3385 3995 3625 4060 modoque

2079 4074 2400 4134 sumerentur,
2420 4070 2646 4123 docentes
2670 4072 2885 4123 ordinem
2904 4074 3050 4136 etque
3073 4073 3271 4123 modum
3297 4073 3470 4138 ubique
3484 4073 3624 4124 deco·

2080 4162 2188 4198 rum
2214 4151 2263 4200 et
2289 4148 2542 4199 utilitatem
2582 4149 2785 4201 afferre:
2809 4150 3047 4200 contraria
3071 4152 3234 4201 autem
3251 4188 3266 4213 ,
3286 4154 3342 4201 ut
3364 4151 3541 4214 turpia,
3561 4152 3630 4201 sic

2078 4226 2222 4275 noxia
2243 4239 2436 4289 quoque
2454 4238 2570 4277 esse.

2144 4391 2259 4439 Post
2275 4388 2477 4439 deorum
2495 4387 2694 4439 numina
2724 4388 2915 4452 plurimi
2946 4389 3101 4440 facere
3127 4390 3318 4453 oportet
3342 4391 3561 4452 parentes
3583 4401 3632 4440 ει

2078 4465 2230 4531 leges,
2255 4482 2355 4518 non
2382 4468 2608 4520 simulate
2636 4468 2721 4519 sed
2753 4468 2955 4519 fideliter
2972 4468 3160 4532 seipsis
3186 4467 3634 4518 accommodantem

2078 4543 2129 4593 in
2158 4545 2323 4607 patriis
2351 4545 2776 4598 consuetudinibus
2818 4548 2869 4598 et
2901 4545 3085 4610 iegibus
3113 4545 3458 4611 perseverando
3473 4582 3490 4603 ,
3521 4541 3634 4596 licet

2078 4621 2239 4684 paullo
2256 4622 2516 4675 deteriores
2530 4623 2635 4674 aliis
2652 4623 2847 4675 fuerint.

2141 4791 2213 4838 De
2259 4787 2563 4850 generatione
2602 4786 2865 4838 liberorum
2918 4788 3077 4837 baeoce
3119 4786 3314 4837 dicebat
3355 4800 3369 4835 ε
3422 4786 3632 4837 Omnino

2079 4864 2347 4915 cavendum
2383 4876 2484 4914 esse
2509 4864 2642 4927 quod
2666 4862 2844 4915 dicitur
2872 4876 3080 4927 praecox.
3100 4866 3221 4915 Nam
3243 4876 3400 4927 neque
3417 4862 3468 4913 in
3491 4862 3631 4927 plan·

2079 4941 2157 5003 tis,
2177 4953 2336 5003 neque
2353 4941 2402 4989 in
2415 4941 2720 5003 annualibus,
2733 4954 2842 5004 quie
2860 4941 3095 5004 proecocia
3108 4941 3237 5003 sunt,
3256 4939 3360 5003 fleri
3374 4938 3630 4991 soecnndaz

2079 5017 2162 5067 sed
2182 5018 2315 5067 certo
2335 5018 2551 5080 tempore
2567 5053 2581 5079 ,
2606 5018 2862 5079 antequam
2889 5017 3074 5067 fruetus
3099 5017 3279 5078 serant,
3303 5016 3478 5066 debere
3501 5025 3624 5081 pre·

2079 5094 2235 5156 parari
2247 5129 2264 5155 ‚
2280 5095 2335 5165 ut
2349 5107 2546 5158 corpora
2564 5094 2775 5158 ipsorum
2795 5093 3018 5143 roborata
3034 5095 3179 5155 atque
3192 5092 3401 5154 perfecta
3420 5093 3562 5155 flant,
3583 5096 3634 5145 et.

2079 5170 2261 5221 semina
2288 5171 2569 5234 fructusque
2599 5170 2809 5234 proferre
2839 5170 3034 5233 possint.
3099 5168 3252 5219 Multa
3286 5170 3432 5220 etiam
3454 5182 3631 5220 occur-
