4016 5916
1606 433 1699 493 DE
1745 435 1983 494 RERUS
2031 435 2390 495 PUBLICIS.

410 587 589 642 quam
632 578 805 622 totam
857 585 925 621 ex
974 564 1277 621 Aristotele
1312 563 1529 620 fluxisse
1565 577 1740 639 put03
1785 576 1970 621 cetera

412 669 603 711 autem
643 658 857 710 minuta
886 654 1145 721 frustula,
1179 672 1300 725 quae
1342 672 1601 728 maguam
1645 654 1864 728 partem
1899 673 1970 709 ne

418 745 591 798 titulis
623 741 851 816 quidem
879 741 938 795 in
963 739 1133 794 codd.
1174 741 1430 814 insignita
1460 752 1615 809 sunt,
1642 742 1809 816 longe
1834 742 1970 814 plu-

415 834 555 886 rima
587 849 655 886 ex
674 829 972 885 Aristotele
995 829 1084 882 vel
1108 827 1335 882 aliunde
1361 838 1580 901 aggesta
1599 847 1732 883 esse.
1756 829 1971 903 Quibus

414 920 669 986 resectis,
708 926 993 988 tamquam
1034 913 1365 970 Heraclide-a
1402 914 1766 971 retinebimus
1808 916 1969 971 Poli-

419 1009 518 1063 tias
547 1026 561 1060 ε
596 1024 648 1060 1.
682 1000 992 1071 Ἀθηναίων;
1027 1019 1079 1057 2.
1114 998 1572 1073 Λακεδαιμονίωνς
1614 1003 1671 1060 3.
1711 1003 1966 1079 Κρητῶν;

420 1103 475 1161 ί..
508 1088 845 1170 Κυρηναίων;
890 1090 942 1145 5.
984 1086 1292 1167 Κορινθίων;
1336 1089 1420 1165 (G.
1455 1087 1741 1165 Ἠλείων;)
1773 1109 1829 1160 7.
1863 1091 1970 1147 Τε-

418 1178 628 1250 νεδίων;
670 1178 724 1236 8.
775 1173 1014 1254 Παρίων;
1050 1196 1104 1251 9.
1158 1172 1359 1250 Κείων-ις
1406 1196 1495 1232 11.
1533 1173 1821 1251 Κυμαίων;
1868 1174 1962 1231 25.

418 1264 710 1343 Ῥηγίνωνς
745 1265 867 1337 (26.
897 1261 1299 1341 Ταραντίνων;)
1327 1283 1421 1337 29.
1454 1259 1816 1341 Λοκρῶν335.
1840 1260 1970 1340 Κρο-

417 1355 708 1423 τωνιατῶνς
742 1352 832 1408 36.
864 1348 1292 1429 Ἀκραγαντίνων.

494 1442 915 1497 Atheniensium
967 1439 1226 1494 Politiam
1267 1438 1462 1493 ceteris
1524 1439 1676 1510 quasi
1736 1438 1970 1491 honoris

414 1548 577 1585 causa
628 1527 981 1602 praepositam
1042 1543 1153 1579 esse
1210 1524 1348 1579 nihil
1402 1523 1570 1578 habet
1621 1523 1963 1577 offensionis

416 1620 550 1690 Quae
588 1614 793 1670 deinde
826 1623 1140 1686 sequuntur
1182 1612 1427 1667 civitates
1455 1629 1647 1665 omnes
1681 1621 1809 1665 sunt
1853 1611 1968 1665 ori-

412 1706 544 1777 gine
562 1703 781 1759 Doricae
810 1701 896 1755 vel
930 1700 1156 1755 AEolicae
1182 1700 1270 1753 vel
1296 1698 1773 1766 Dorico-aeolicae,
1800 1707 1968 1768 atque

418 1790 669 1845 moribus
708 1800 763 1843 et
806 1788 1063 1842 institutis
1105 1786 1210 1840 sibi
1253 1785 1476 1840 similes.
1517 1786 1969 1839 lacedaemonios

414 1881 704 1951 excipiunt
740 1877 1041 1932 Cretense&
1067 1872 1242 1949 ‚Quod
1271 1891 1439 1946 quam
1464 1884 1593 1945 apte
1616 1870 1745 1939 fiat,
1779 1872 1966 1926 dicere

416 1966 674 2039 putidum
700 1966 787 2021 sit.
812 1965 950 2019 Cum
971 1962 1313 2017 Cretensium
1336 1972 1391 2015 et
1414 1959 1967 2015 Lacedaemoniorum

415 2053 755 2119 civitatibuS,
806 2049 1185 2105 intercedente
1213 2048 1393 2103 Thera
1421 2048 1626 2116 insula,
1669 2049 1967 2103 arctissime

406 2140 613 2211 junctae
630 2151 759 2195 sunt
776 2138 1037 2210 Cyneum,
1064 2137 1198 2190 urbs
1217 2134 1680 2190 AEolico-dorica.
1706 2138 1832 2189 Post
1851 2136 1967 2190 haec

410 2240 614 2283 auctor
634 2229 690 2282 in
714 2229 1161 2300 Peloponnesum
1184 2224 1349 2280 redit.
1382 2225 1687 2297 Supersunt
1707 2234 1969 2297 excerpta

418 2317 627 2371 Politiae
650 2314 1072 2379 Cot-immotum,
1118 2312 1205 2367 cui
1229 2329 1407 2385 pauca
1422 2311 1592 2365 verba
1615 2310 1685 2365 de
1713 2312 1964 2365 Eleorum

414 2422 545 2477 rege
567 2402 955 2475 subjiciuntur.
990 2402 1119 2455 Haec
1150 2401 1248 2457 etsi
1292 2397 1363 2454 ad
1406 2399 1778 2471 Peloponnesi
1833 2398 1966 2451 civi-

415 2500 581 2547 tatem
629 2491 946 2564 pertinent,
997 2497 1183 2542 tamen
1231 2504 1407 2558 quum
1451 2484 1679 2556 reliquis
1719 2484 1964 2538 frustulis

414 2577 505 2633 hic
532 2579 641 2633 illic
667 2577 1006 2650 interpositis
1047 2574 1324 2629 simillima
1357 2574 1494 2641 sint,
1526 2571 1595 2626 ab
1626 2570 1968 2626 Heraclideis

415 2666 687 2738 excerptis
721 2664 900 2719 aliena
928 2680 1038 2718 esse
1075 2661 1346 2734 suspicor.
1379 2661 1564 2731 Atque
1601 2657 1967 2712 additamenti

414 2752 573 2823 hujus
601 2751 914 2824 irruptione
938 2749 1143 2804 factum
1173 2766 1286 2803 esse
1318 2747 1560 2814 videtur,
1584 2756 1645 2799 ut
1672 2746 1863 2799 titulus
1881 2763 1964 2800 se·

414 2840 632 2912 quentis
649 2839 861 2892 Politiae
889 2838 1243 2891 Tenediorum
1267 2833 1554 2890 exciderit.
1583 2834 1761 2887 Porro
1784 2834 1965 2905 ipsum

418 2925 767 2982 Heraclidem
796 2943 827 2980 a
856 2924 1157 2981 Corinthiis
1181 2923 1366 2978 statim
1393 2920 1465 2977 ad
1486 2920 1761 2976 Tenedios
1789 2931 1966 2976 trans-

414 3016 532 3070 iisse
564 3024 868 3088 propterea
885 3015 1026 3085 puto
1045 3054 1060 3080 ,
1083 3011 1241 3085 quod
1279 3030 1347 3065 ex
1376 3009 1670 3065 Aristotele
1698 3008 1801 3083 (fr.
1838 3005 1963 3084 169)

414 3104 670 3157 novimus
700 3101 954 3155 Teneatis
992 3101 1108 3173 agri
1138 3098 1414 3154 Corinthii
1449 3098 1843 3171 cognationem
1877 3097 1965 3149 in·-

416 3190 716 3244 tercessisse
773 3206 902 3241 cum
963 3185 1248 3252 TenediiS,
1320 3184 1490 3256 idque
1553 3183 1965 3255 quammaxime

416 3275 777 3348 comprobari
800 3274 1076 3347 Apollinis
1099 3271 1398 3347 (Sminthci
1417 3267 1432 3345 )
1450 3272 1605 3325 cultu
1625 3269 1773 3343 apud
1789 3280 1966 3323 utros·

418 3380 529 3434 que
556 3362 855 3416 simillimo.
880 3361 1103 3416 Scilicet
1133 3378 1164 3414 a
1187 3358 1416 3418 Tenedo
1444 3359 1624 3412 cultus
1648 3356 1739 3410 ille
1764 3358 1822 3410 in
1847 3356 1964 3412 Co-

418 3450 689 3504 rinthium
725 3468 917 3523 agrum
956 3448 1243 3502 traductus
1279 3457 1385 3514 est,
1437 3444 1588 3500 unde
1625 3455 1817 3517 postea
1853 3462 1966 3498 una

414 3556 546 3593 cum
570 3537 771 3592 Archia
801 3539 1093 3609 Syracusas
1109 3535 1367 3608 migravit
1388 3534 1480 3606 (V.
1502 3531 1708 3587 Strabo
1729 3550 1787 3604 p.
1819 3529 1961 3599 3803

422 3626 650 3680 Pausan.
682 3626 764 3692 11,
798 3621 856 3693 5,
894 3623 962 3691 33
1004 3623 1227 3677 Miiller.
1256 3623 1389 3677 Dor.
1430 3621 1491 3688 1,
1534 3639 1590 3692 p.
1634 3613 1794 3694 218).
1833 3618 1961 3690 Ipsa

416 3711 668 3766 Tenedus
705 3729 735 3765 e
771 3709 1021 3777 Troade,
1053 3709 1148 3764 ubi
1181 3708 1454 3781 Apollinis
1480 3706 1749 3762 Sminthei
1780 3705 1961 3760 cultus

410 3801 662 3854 Creticus
683 3798 908 3872 vigebat
933 3795 1188 3871 (Muller.
1212 3796 1250 3848 l.
1273 3795 1313 3849 l.
1336 3813 1396 3867 p.
1422 3793 1565 3864 220)
1589 3834 1604 3861 ,
1629 3793 1825 3846 incolis
1845 3791 1963 3846 fre—

414 3895 673 3956 quentata
694 3897 775 3939 est
795 3881 1064 3962 (Diodor.
1089 3883 1166 3952 V,
1190 3879 1304 3956 83).
1327 3882 1599 3938 Creticam
1617 3897 1752 3935 vero
1775 3879 1968 3934 severi·

416 3982 579 4025 tatem
603 3990 720 4045 prae
742 3989 798 4026 se
822 3970 1009 4026 serunt
1029 3988 1151 4042 quae
1181 3968 1251 4023 de
1276 3969 1492 4043 legibus
1511 3965 1885 4022 Tenediorum
1907 3966 1967 4019 in

414 4059 700 4132 Excerptis
714 4059 916 4114 nostris
936 4068 992 4113 et
1006 4057 1139 4112 alibi
1161 4056 1479 4111 traduntur.
1497 4057 1678 4110 Porro
1695 4056 1776 4108 uti
1793 4056 1964 4109 Tene-

412 4144 661 4213 diorum,
690 4145 768 4201 sic
797 4147 962 4200 etiam
1000 4145 1225 4201 Ceorum
1254 4144 1501 4198 instituta
1529 4144 1757 4199 Creticae
1789 4141 1964 4215 origi-

412 4232 496 4285 nis
523 4250 635 4287 esse
657 4233 847 4287 nescio
873 4252 943 4286 an
975 4242 1125 4287 recte
1160 4232 1351 4286 statuit
1376 4230 1642 4285 Miillerus
1672 4227 1840 4302 (Dor.
1869 4229 1926 4282 11
1945 4268 1961 4296 ‚

412 4336 471 4390 p.
492 4318 622 4376 226.
649 4318 753 4373 281
777 4318 818 4394 ).
840 4320 1001 4375 Certe
1024 4319 1208 4393 legum
1228 4335 1564 4390 morumque
1585 4314 1776 4370 eadem
1795 4331 1963 4387 pror-

410 4424 499 4460 sus
526 4406 744 4461 indoles
769 4418 879 4477 est,
912 4407 1055 4462 adeo
1076 4416 1138 4460 ut
1163 4406 1234 4461 ab
1255 4405 1516 4473 Ionibus,
1545 4403 1751 4477 quibus
1771 4411 1963 4475 postea

411 4493 506 4546 Cei
536 4493 991 4561 accensebantur,
1024 4493 1226 4547 deduci
1256 4511 1376 4547 non
1407 4492 1638 4565 possint.
1674 4490 1810 4544 Cum
1842 4489 1962 4544 Ceis

409 4589 539 4653 apte
563 4599 906 4654 componere
932 4582 1061 4635 licet
1080 4582 1293 4636 Par-[os.
1321 4582 1369 4635 N
1373 4598 1462 4634 am
1481 4574 1957 4653 quemadmodum

3497 450 3612 502 207

2062 566 2337 624 Creticam
2369 568 2617 623 indolem
2648 569 2951 623 ostendunt
2987 570 3227 625 Ceorum
3256 572 3530 639 instituta,
3563 583 3620 629 ct

2064 676 2134 711 ex
2179 657 2420 712 Arcadia
2458 675 2657 729 agmen
2695 657 2982 729 quoddam
3029 659 3337 713 incolarum
3363 662 3619 716 Aristaeus

2061 745 2120 798 in
2148 744 2321 799 Ceum
2346 743 2638 798 deduxisse
2668 743 2873 811 fertur,
2907 745 2983 798 sic
3012 742 3083 798 de
3118 747 3257 799 Paro
3287 748 3462 802 insula
3493 749 3616 804 Ste-

2060 829 2278 902 phanus
2309 831 2437 903 Byz.
2473 829 2640 884 docet
2663 830 2777 884 haec
2811 849 2824 883 :
2858 827 3064 911 ’ῼκεῑτο
3085 827 3137 885 τὸ
3163 829 3257 905 μὲν
3289 834 3496 910 πρῶτον
3517 834 3617 892 ὑπὸ

2065 916 2287 992 Κρητῶν
2312 915 2403 972 καί
2434 938 2584 972 τινων
2628 912 2886 993 Ἀρκάδων
2915 914 3102 989 ὀλίγων
3122 938 3134 951 ·
3177 912 3404 992 τοῦνομα
3447 917 3499 975 δὲ
3528 919 3618 976 λε’-

2061 1023 2208 1077 γεται
2241 1003 2345 1061 ἀπὸ
2375 1002 2555 1083 Πάρου
2602 1008 2696 1061 τοῦ
2744 1002 3079 1081 Παρρασίου,
3127 1002 3303 1083 ἀνδρὸς
3353 1003 3617 1082 Ἀρκάδος,

2061 1088 2225 1167 ἔχειν,
2250 1093 2319 1157 ὡς
2350 1091 2708 1170 Καλλίμαχος.
2731 1125 2808 1135 --·
2828 1093 2995 1165 Quod
3021 1095 3064 1147 si
3095 1094 3258 1148 aliam
3288 1113 3501 1167 quaeras
3528 1098 3613 1150 ci-

2059 1180 2286 1235 vitatem
2302 1222 2317 1249 ‚
2346 1180 2502 1253 cujus
2527 1183 2673 1237 cives
2693 1199 2914 1235 morum
2945 1182 3244 1254 legumque
3268 1183 3617 1254 simplicitate

2061 1275 2115 1320 et
2148 1270 2437 1324 severitate
2488 1288 2614 1324 cum
2662 1269 2976 1342 Spartanis,
3021 1268 3402 1341 Cretensibus,
3458 1270 3609 1340 Ceis,

2060 1354 2318 1410 Tenediis
2342 1358 2608 1429 componi
2634 1359 2836 1430 possit,
2862 1357 2958 1409 vix
2996 1357 3273 1428 aptiorem
3313 1358 3615 1430 antiquitas

2059 1442 2378 1514 suppeditet
2407 1463 2575 1516 quam
2598 1446 2808 1518 Cymen
2834 1445 3100 1498 AEolicam
3135 1444 3224 1515 (V.
3257 1445 3481 1501 Miiller.
3503 1447 3540 1502 l.
3573 1447 3614 1501 l.

2059 1546 2119 1599 p.
2155 1548 2288 1583 221.
2334 1530 2465 1586 225.
2499 1531 2696 1605 226.).
2726 1533 2951 1603 Optime
2993 1532 3164 1604 igitur
3201 1531 3259 1583 in
3296 1529 3619 1605 fragmentis

2060 1617 2261 1671 nostris
2280 1630 2408 1691 post
2433 1618 2708 1673 Tenedios
2725 1628 3019 1691 ponuntur
3039 1618 3216 1686 Parii,
3241 1618 3364 1686 Cei,
3382 1618 3611 1676 Cumaei.

2061 1705 2178 1758 Hos
2222 1704 2483 1778 deinceps
2526 1707 2813 1780 excipiunt
2850 1707 3072 1760 Doricae
3122 1704 3329 1759 indolis
3371 1706 3618 1763 civitates

2058 1790 2264 1846 Italicae
2309 1803 2364 1846 et
2406 1792 2602 1847 Siculae
2624 1835 2640 1865 ,
2689 1793 3076 1865 Rheginorum
3095 1833 3111 1862 ,
3141 1792 3576 1847 Tarentinorum
3596 1834 3612 1861 ,

2059 1879 2374 1935 Locrorum
2390 1920 2404 1947 ‚
2432 1879 2882 1934 Crotoniatarum
2899 1921 2912 1947 ‚
2935 1879 3448 1953 Agrigentinorum.
3474 1881 3612 1951 Qui·

2058 1965 2162 2019 bus
2185 1965 2318 2021 addi
2339 1977 2522 2040 potest
2556 1968 2934 2022 Minoatarum
2962 1967 3099 2021 urbs
3126 1966 3230 2040 (fr.
3272 1966 3409 2042 28),
3451 1970 3618 2041 Agri-

2058 2054 2421 2127 gentinorum
2469 2055 2724 2123 colonia,
2773 2055 3003 2109 Creticis
3050 2054 3267 2128 legibus
3311 2054 3612 2123 instructa3

2060 2158 2398 2212 quamquam
2425 2160 2575 2196 nunc
2604 2152 2760 2196 extra
2789 2142 2986 2196 seriem
3015 2153 3141 2196 ante
3175 2143 3391 2195 Locros
3418 2143 3476 2194 in
3505 2143 3620 2195 Ex-

2059 2229 2263 2302 cerptis
2293 2230 2545 2301 ponitur.

2139 2317 2269 2370 Haec
2289 2317 2460 2390 igitur
2471 2317 2511 2369 si
2529 2326 2679 2370 recte
2699 2316 2833 2385 dixi,
2852 2315 3175 2371 Heraclides
3187 2317 3414 2370 Politias
3431 2315 3616 2370 distri-

2055 2402 2184 2456 buit
2207 2402 2516 2457 secundum
2537 2404 2737 2476 stirpes
2764 2413 2821 2457 et
2847 2403 3210 2477 cognationes
3230 2400 3578 2475 populorum
3595 2444 3611 2472 ‚

2057 2490 2294 2562 vitaeque
2335 2491 2576 2563 publicae
2624 2500 2681 2546 et
2718 2491 2946 2563 privatae
2989 2489 3430 2547 similitudinem.
3479 2492 3617 2561 Quae

2058 2576 2288 2649 quidem
2332 2596 2532 2633 norma
2571 2596 2634 2633 ac
2677 2580 2821 2633 ratio
2868 2578 3120 2631 omnium
3164 2577 3617 2634 commodissima

2059 2676 2193 2720 erat.
2221 2667 2364 2720 Nam
2391 2683 2577 2719 mores
2617 2676 2674 2720 et
2711 2666 2994 2734 instituta,
3026 2683 3149 2736 quae
3178 2682 3248 2718 ex
3281 2664 3611 2737 primordiis

2058 2763 2113 2806 et
2141 2753 2296 2825 quasi
2338 2770 2369 2807 e
2399 2753 2666 2827 sanguine
2704 2752 3048 2826 populorum
3090 2761 3444 2819 enascuntur,
3493 2771 3612 2825 prae

2058 2840 2254 2892 ceteris
2281 2838 2532 2893 indolem
2560 2849 2615 2892 et
2645 2839 2928 2911 ingenium
2955 2838 3298 2911 singularum
3326 2838 3616 2893 civitatum

2058 2922 2429 2994 constituunt,
2457 2937 2512 2982 et
2533 2943 2638 3000 per
2666 2942 2859 2979 omnes
2887 2925 3280 2979 conversiones
3298 2964 3315 2997 ,
3352 2940 3489 2996 quas
3516 2941 3613 2979 re-

2056 3031 2184 3067 rum
2205 3014 2573 3068 humanarum
2599 3010 2921 3066 vicissitudo
2948 3010 3208 3079 adducit,
3237 3027 3457 3082 semper
3483 3027 3609 3064 ma-

2057 3110 2192 3155 nent
2232 3101 2339 3155 sibi
2377 3101 2597 3156 similes.
2627 3097 2844 3153 Eodem
2881 3097 3057 3151 modo
3089 3098 3414 3152 Aristoteles
3460 3115 3613 3168 quo-

2057 3207 2166 3260 que
2209 3190 2267 3242 in
2299 3189 2631 3245 Politiarum
2667 3204 2839 3260 opere
2884 3188 3210 3259 rem.egisse
3257 3185 3395 3238 mihi
3444 3184 3612 3239 vide-

2059 3287 2169 3329 tur.
2214 3276 2375 3331 Certe
2417 3293 2533 3348 quo
2574 3276 2748 3347 magis
2788 3291 2907 3327 rem
2947 3272 3276 3345 perpend0‚
3316 3280 3470 3325 tanto
3503 3274 3614 3325 mi·-

2057 3382 2159 3417 nus
2192 3362 2529 3436 persuadere
2558 3361 2694 3414 mihi
2740 3378 2993 3433 possum,
3028 3359 3285 3413 distincte
3334 3370 3390 3413 et
3443 3377 3614 3413 accu-

2055 3461 2174 3504 rate
2215 3450 2374 3521 loqui
2404 3449 2717 3523 Diogenem
2758 3448 3072 3518 Laenium,
3117 3447 3214 3517 qui
3253 3446 3609 3499 Aristotelem

2057 3535 2193 3591 dicit
2219 3551 2465 3591 seorsum
2493 3545 2747 3589 tractasse
2771 3534 3018 3587 civitates
3044 3532 3384 3604 tyrannicaS,
3411 3530 3604 3584 demo-

2056 3624 2285 3677 craticas
2308 3632 2414 3676 ete.
2443 3620 2586 3678 Nam
2613 3622 2674 3674 in
2702 3620 2931 3692 singulis
2969 3619 3181 3673 Politiis
3208 3633 3430 3670 omnem
3468 3618 3611 3670 eivi-

2055 3719 2232 3764 tatum
2253 3710 2542 3763 historiam
2556 3752 2569 3778 ,
2597 3719 2867 3781 quantum
2895 3706 3011 3777 ejus
3030 3704 3101 3760 ad
3121 3723 3240 3760 rem
3263 3704 3606 3777 pertinebat,

2057 3800 2323 3852 continua
2348 3798 2670 3852 narratione
2691 3805 3088 3868 pertractatam
3116 3811 3230 3848 esse
3252 3794 3380 3847 satis
3405 3793 3605 3864 liquet.

2056 3886 2180 3941 Dici
2207 3896 2393 3960 posset
2420 3884 2776 3941 Aristotelem
2803 3884 2864 3936 in
2894 3881 3222 3936 Politiarum
3252 3880 3610 3934 ordinatione

2055 3974 2356 4046 respexisse
2391 3973 2463 4027 ad
2501 3982 2703 4026 statum
2748 3969 3324 4042 rerumpublicarum,
3376 3967 3472 4038 qui
3519 3965 3610 4020 vel

2057 4061 2225 4132 ipsius
2245 4071 2400 4115 aetate
2419 4060 2508 4115 vel
2533 4061 2643 4114 alio
2660 4068 2814 4112 certo
2833 4056 3081 4130 quodam
3105 4055 3370 4128 temporis
3391 4065 3603 4125 puncto

2055 4149 2200 4204 sorte
2241 4148 2465 4204 fortuna
2512 4147 2855 4202 obtinuisset.
2902 4147 3111 4199 Verum
3154 4143 3270 4197 haec
3316 4141 3387 4195 de
3435 4143 3602 4194 trivio

2054 4248 2275 4311 arrepta
2327 4237 2471 4291 ratio
2523 4245 2632 4304 est,
2681 4251 2852 4307 quam
2902 4231 3193 4286 cordatior
3250 4246 3417 4284 nemo
3480 4229 3607 4283 viro

2052 4325 2393 4399 philosopho
2420 4322 2730 4379 obtrudere
2754 4323 2896 4378 ausit
2922 4317 3011 4396 (Ἴ.

2114 4504 2179 4566 (*)
2216 4505 2272 4553 Et
2306 4503 2379 4550 vel
2408 4516 2465 4550 eo
2503 4500 2608 4549 tatis
2648 4499 2807 4560 opinio
2846 4496 3196 4556 infringeretur,
3245 4490 3374 4554 quod
3414 4492 3608 4538 Τναθω-

2055 4574 2244 4622 niorum
2272 4571 2490 4620 Potitium
2515 4568 2788 4620 Aristoteles
2806 4567 2890 4628 (fr.
2918 4567 2998 4626 94)
3023 4564 3259 4625 scripsisse
3287 4560 3481 4609 dieitur.
