4016 5916
555 388 673 444 500
1802 364 2070 425 BEROSI
2113 365 2477 425 CHALDAEI

531 521 713 583 graeco
758 517 988 574 quoque
1034 508 1191 554 textu
1236 497 1453 553 visitur.
1508 527 1585 536 —
1630 493 1709 570 (4)
1764 494 1957 551 Codex
1996 495 2089 548 hic
2180 497 2207 550 ὃ
2235 490 2289 549 δὲ
2329 489 2602 564 Ἀὅυδηνὸς
2633 492 2729 565 (fr.
2768 490 2826 563 ι)
2862 488 2949 549 τὸν
2988 487 3220 568 δεύτερον
3259 489 3625 559 Ἀννήδωτον
3666 488 3837 567 μετὰ

529 592 935 662 Amelagams,
984 585 1084 641 sed
1118 603 1252 639 mox
1300 584 1700 654 Amegalarus,
1759 580 1920 653 quod
1962 597 2091 634 cum
2182 577 2370 657 σάρους
2393 578 2583 636 εἴκοσιν
2615 577 2739 656 ἕξ·]
2771 566 2882 636 εἶτα
2909 577 3223 655 Μεγάλαρον
3263 580 3324 636 ἐκ
3366 577 3835 638 Παντιὸίὸλιιπ

530 696 714 755 graeco
736 686 892 730 textu
910 674 1082 747 magis
1105 672 1386 747 congruit.
1412 700 1490 711 —
1519 667 1594 744 (5)
1616 670 1740 724 Vox
1762 669 2092 723 Armeniaca
2182 663 2408 741 πόλεως,
2436 666 2740 741 βασιλεῦσαι
2769 665 2813 721 δ’
2845 663 3000 722 αὐτὸν
3031 661 3219 741 σάρους
3236 664 3691 723 ὀκτωκαίδεκα·
3725 663 3836 724 καὶ

532 767 736 839 (quam
765 765 1201 835 interpretamur
1229 769 1472 813 monstra
1492 757 1510 831 )
1530 766 1610 811 est
1635 772 2056 811 rosemunda
2074 796 2088 823 ,
2185 749 2317 826 μετὰ
2362 755 2542 809 τοῦτον
2582 750 2794 810 Δάωνον
2825 747 3052 828 ποιμένα
3095 753 3155 808 ἐκ
3183 751 3595 811 Παντιὸίὸλων
3632 756 3839 830 βασι-

532 871 710 926 eaqne
734 850 1020 905 derivatur
1039 866 1110 918 eg(
1129 864 1353 915 msmn,
1383 848 1519 899 lenis
1538 884 1553 912 ,
1577 854 1632 899 et
1655 858 1903 910 naama,
1935 841 2095 915 quod
2182 843 2366 898 λεῢσαι
2393 837 2579 918 σάρους
2600 838 2748 900 δέκα.
2788 836 2946 900 Κατὰ
2966 842 3142 897 τοῦτον
3171 838 3333 897 πάλιν
3359 839 3497 919 φησὶ
3532 843 3836 920 φανῆναι

534 952 614 996 est
650 957 682 994 a
716 938 894 992 verbo
931 952 1148 1004 ninam,
1177 934 1407 988 choreas
1434 937 1656 1004 agitare
1684 951 1704 984 .·
1734 932 1891 1004 quasi
1924 931 2097 1002 igitur
2185 929 2243 985 ἔκ
2259 930 2352 996 τῆς
2380 925 2634 1007 Ἐρυθρᾶς
2662 925 2972 996 Ἀννήδωτον
2990 926 3367 1007 τέταρτονῌῖἶί.
3395 926 3683 1005 Euseb.)
3722 928 3835 998 τὴν

536 1028 688 1082 dicas
713 1029 889 1080 lenem
931 1026 1270 1078 saltatorem.
1319 1023 1526 1075 Tamen
1550 1020 1946 1074 Armeniorum
1991 1035 2095 1070 an·
2186 1013 2346 1084 αὖτὴν
2372 1021 2477 1080 τοῖς
2519 1014 2624 1071 ἅνω
2666 1013 2854 1093 ἔχοντα
2888 1012 3110 1071 διάθεσιν
3139 1011 3231 1071 καὶ
3273 1012 3370 1083 τὴν
3404 1014 3621 1092 ἰχθύος
3677 1017 3837 1092 πρὸς

536 1116 690 1186 tiqua
714 1114 978 1187 glossaria
1008 1111 1150 1165 hane
1173 1105 1371 1163 vocem
1401 1107 1682 1180 explicant
1689 1103 1942 1176 formam
1961 1122 2093 1177 par·
2187 1099 2482 1180 ἆνθρώπους
2505 1100 2659 1177 μίξιν.
2686 1092 2820 1160 Εἶτα
2843 1098 2993 1181 ἄρξαι
3024 1100 3370 1178 Εὐεδώραχον
3393 1101 3503 1180 (sic
3534 1104 3719 1161 cod.
3752 1109 3827 1161 A.

537 1208 634 1256 tim
680 1202 997 1254 muliebrem
1039 1202 1249 1271 partim
1304 1197 1616 1250 volatilem.
1667 1193 1780 1248 Sed
1827 1194 1977 1246 enim
2039 1193 2098 1244 in
2189 1187 2555 1267 Εὗερώδεσχον
2579 1187 2787 1268 Goar.)
2810 1189 2871 1247 ἐκ
2901 1187 3292 1264 Παντιὸίὸλων,
3314 1188 3408 1246 καὶ
3438 1190 3829 1264 βασιλεῦσαι

538 1289 742 1344 divinis
776 1287 967 1340 Bibliis
993 1285 1135 1339 Isaia
1166 1283 1346 1351 XIII,
1389 1301 1494 1350 223
1520 1281 1790 1348 XXXIV,
1840 1286 1936 1347 14,
1981 1297 2097 1351 quo
2137 1235 2146 1306 Ι
2188 1273 2372 1354 σάρους
2394 1275 2768 1333 ὀκτωκαίδεκα.
2791 1274 2919 1335 Ἐπὶ
2943 1273 3127 1334 τούτου
3144 1274 3299 1354 φησιν
3331 1274 3496 1333 ἄλλον
3536 1281 3826 1354 φανῆναι

539 1380 666 1433 loco
708 1378 886 1432 Graeci
929 1374 1139 1429 habent
1179 1369 1561 1449 ὀνοκένταυροι,
1607 1372 1941 1443 interpretes
1985 1373 2096 1422 Ar·
2189 1363 2247 1420 ἐκ
2266 1365 2357 1432 τῆς
2380 1362 2637 1442 Ἐρυθρᾶς
2661 1362 2927 1434 θαλάσσης
2950 1360 3127 1439 ὅμοιον
3149 1359 3286 1421 κατὰ
3310 1360 3406 1431 τὴν
3436 1364 3653 1440 ἰχθύος
3674 1365 3829 1443 πρὸς

539 1466 710 1519 menii
746 1463 998 1517 scribunt
1034 1477 1482 1515 mscnanaalcn.
1523 1458 1783 1530 Denique
1809 1457 2102 1511 Eznichius
2191 1448 2454 1529 ἄνθρωπον
2471 1449 2627 1528 μίξιν,
2653 1441 2871 1532 ᾧόνομα
2893 1448 3139 1509 Ὦδάκων
3171 1446 3440 1530 (Ὀδᾶκων
3458 1453 3541 1510 G.
3564 1453 3623 1527 ).
3652 1452 3821 1512 Τού-

541 1569 665 1624 cap.
710 1551 918 1619 XXIV,
963 1550 1039 1602 ait
1070 1565 1083 1600 t
1126 1562 1548 1600 xoscnsnaaron
1579 1548 1637 1597 in
1660 1546 1914 1597 maceriis
1944 1542 2101 1596 habi-
2189 1559 2305 1602 τους
2324 1536 2382 1595 δέ
2404 1560 2531 1618 φησι
2560 1535 2760 1606 πάντας
2778 1536 2843 1594 τὰ
2871 1534 2972 1593 ὑπὸ
3004 1535 3220 1595 Ὠάννου
3254 1535 3671 1614 κεφαλαιωδῶξ
3710 1542 3820 1616 ῥη-

546 1651 663 1691 tare
668 1635 936 1707 seruntur
947 1653 964 1700 ;
992 1633 1052 1687 ln·
1068 1631 1583 1706 groeceltippotauri
1600 1631 1974 1704 appellantur.
2005 1629 2099 1683 Id·
2190 1622 2339 1681 θέντα
2376 1622 2514 1681 κατὰ
2542 1622 2693 1702 μέρος
2731 1622 3104 1701 ἐξηγήσασθαι.
3159 1623 3333 1701 [Περὶ
3372 1621 3577 1685 τούτου
3622 1623 3823 1683 260--

543 1727 694 1780 circo
716 1734 771 1779 et
796 1724 1212 1778 Chorenensem
1230 1721 1472 1774 Wistoni
1500 1721 1939 1790 interpretantur
1963 1718 2099 1772 Hist.
2142 1715 2149 1806 j
2193 1709 2340 1781 δηνὸς
2385 1711 2486 1786 (fr.
2541 1713 2605 1788 ι)
2648 1707 2791 1768 οὐδὲν
2835 1701 3030 1789 simin]
3068 1701 3199 1770 Εἶτα
3241 1709 3393 1790 ἄρξαι
3434 1709 3813 1793 Ἇμεμψινὸν

543 1813 636 1885 11,
670 1811 743 1865 60
771 1827 784 1866 :
824 1814 941 1864 Aut
981 1807 1349 1882 Lapitharum
1391 1818 1450 1860 et
1485 1807 1879 1862 Centaurorum
1902 1806 1972 1858 de
1999 1807 2101 1859 Pe·-
2142 1832 2149 1908 Ι
2194 1799 2461 1858 Χαλδαῖον
2499 1799 2557 1855 ἐκ
2596 1797 2919 1876 Λαράγχων·
2956 1800 3263 1876 βασιλεῦσαι
3292 1797 3346 1855 δὲ
3372 1797 3557 1872 [ada-*ov
3592 1800 3809 1875 ὄγδοον

543 1897 712 1952 rithoi
740 1901 944 1970 nuptiis·
969 1900 1273 1949 certamina
1283 1915 1304 1961 ,·
1342 1912 1457 1967 quo
1478 1895 1607 1948 loco
1631 1903 1710 1948 est
1751 1910 2101 1947 msoninaa-
2194 1885 2377 1965 σάρους
2397 1883 2539 1943 δέκα.
2560 1876 2693 1945 Εἶτα
2712 1885 2863 1966 ἄρξαι
2879 1885 3163 1964 Ὦτιάρτην
3180 1886 3456 1945 Χαλδαῖον
3476 1889 3541 1945 ἐκ
3562 1889 3808 1966 Amyci-p

2142 1689 2149 1704 t

543 2000 721 2042 Gnaz.
751 1980 1046 2063 [Ceterum
1067 2000 1157 2054 ap.
1189 1982 1431 2054 Syncell.
1467 1990 1546 2035 est
1571 1975 1883 2047 Ἀννήδωτον
1912 1974 2104 2055 τέταρ-

549 2091 636 2126 τον
675 2083 783 2144 pro
814 2072 964 2125 bella
1003 2065 1328 2142 quattuoru]
1370 2096 1449 2110 —
1489 2065 1564 2140 (6)
1605 2066 1749 2121 Cod.
1796 2067 1950 2122 Arm.
1983 2075 2103 2120 tum

550 2160 643 2212 hic
691 2170 808 2213 tum
838 2157 1068 2212 inferius
1094 2156 1265 2210 habet
1305 2157 1364 2209 in
1405 2165 1562 2209 textu
1597 2158 1778 2208 Amen
1808 2152 2093 2226 phsinum,

542 2245 642 2301 sed
679 2247 736 2300 in
759 2247 1010 2320 margine
1039 2242 1513 2319 Amempltsinum.
1540 2273 1616 2284 —-—
1649 2239 1726 2316 (7)
1753 2242 1820 2296 In
1854 2241 2105 2316 margine

545 2351 685 2387 arm.
737 2332 1087 2401 chaldoeum,
1131 2332 1192 2385 in
1241 2340 1396 2384 textu
1436 2329 1731 2385 chaldaeis.
1777 2360 1854 2371 —
1904 2325 1979 2403 (8)
2028 2330 2107 2383 Ut

544 2437 726 2492 supra.
754 2445 777 2469 υ
822 2419 1080 2476 Ceterum
1106 2437 1232 2472 cum
1255 2417 1367 2472 hoc
1391 2417 1703 2491 fragmento
1733 2415 1803 2472 cs.
1848 2414 2107 2489 Abydeni

546 2508 617 2562 fr.
655 2525 705 2564 1.

1294 2625 1351 2683 6.

632 2774 870 2848 Syncell.
897 2792 956 2847 p.
992 2776 1093 2847 39,
1118 2776 1161 2828 B
1187 2790 1202 2831 τ
1234 2772 1373 2850 Πρὸς
1396 2770 1594 2836 τούτοις
1613 2769 1703 2829 καὶ
1726 2767 2108 2847 Ἀπολλόδωρος

556 2861 746 2935 ὁμοίως
773 2858 969 2923 τούτοις
990 2857 1384 2937 τερατευόμενος
1407 2856 1540 2915 οὕτω
1567 2857 1733 2935 λέγει·
1755 2885 1779 2908 ι
1801 2859 1986 2917 Ταῦτα
2011 2853 2104 2933 μὲν

553 2949 581 3005 δ
605 2944 887 3024 Βήρωσσος
906 2943 1171 3024 ἱστόρησε,
1191 2947 1394 3023 πρῶτον
1419 2944 1657 3024 γενέσθαι
1689 2941 1908 3021 βασιλέα
1933 2936 2107 3002 Ἀλω-

554 3056 638 3112 ρον
684 3034 743 3090 ἐκ
789 3031 1100 3098 Βαὸυλῶνος
1141 3034 1436 3092 Χαλδαῑον·
1476 3035 1782 3111 βασιλεῦσαι
1820 3030 1874 3088 δὲ
1919 3031 2107 3111 σάρους

552 3120 674 3178 δέκα
690 3164 705 3189 ,
738 3119 829 3176 καὶ
869 3119 1085 3191 καθεξῆς
1130 3119 1421 3200 Ἀλοίπαρον
1468 3120 1557 3178 καὶ
1606 3118 1882 3195 Ἀμήλωνα
1919 3119 2007 3177 τὸν
2049 3123 2108 3179 ἐκ

553 3202 925 3266 Παντιὸίὸλων
982 3206 1262 3283 (Πανταὸ.
1314 3210 1447 3266 eod.
1497 3210 1547 3266 A
1593 3206 1938 3284 Dindorfii)·
1993 3198 2106 3265 εἶτα

551 3291 858 3370 Ἀμμένωνα
880 3292 966 3351 τὸν
992 3296 1276 3367 Χαλδαῖον,
1306 3293 1387 3374 ἐφ’
1418 3285 1476 3352 οὗ
1507 3316 1633 3375 φησι
1653 3297 1875 3375 φανῆναι
1897 3292 1985 3352 τὸν
2007 3319 2106 3371 μυ-

552 3379 709 3459 σαρὸν
754 3378 1081 3460 (ὃεύτερονῖ)
1134 3380 1382 3460 Ὠάννην,
1426 3380 1514 3441 τὸν
1557 3380 1887 3455 Ἀννήδωτον,
1916 3384 1975 3439 ἐκ
2016 3386 2108 3454 τῆς

551 3466 826 3546 Ἐρυθρᾶς·
858 3466 1016 3547 [ὅπερ
1029 3467 1353 3549 Ἀλέξανδρος
1377 3467 1656 3547 προλαὸὼν
1682 3468 1856 3549 εἴρηκε
1883 3473 2107 3545 φανῆναι

553 3556 625 3634 τῷ
648 3553 840 3633 πρώτῳ
868 3553 986 3612 ἔτει·
1012 3546 1155 3621 οἶτος
1174 3554 1228 3613 δὲ
1249 3554 1383 3632 μετὰ
1410 3556 1598 3635 σάρους
1611 3557 2000 3636 τεσσαράκοντα
2022 3558 2102 3636 (3³)-

1293 3728 1345 3776 6.

615 3847 848 3896 Praeterea
887 3847 1202 3911 Apollodorus
1245 3848 1385 3897 simili
1421 3848 1565 3897 modo
1610 3852 1880 3899 monstrosa
1916 3864 2115 3900 narrans

553 3923 617 3971 ita
637 3922 780 3972 habet
808 3943 821 3972 ι
844 3942 868 3966 τι
889 3926 1092 3974 Berosus
1107 3924 1303 3974 tradidit
1332 3925 1543 3987 primum
1564 3926 1711 3976 tuisse
1732 3940 1888 3989 regem
1913 3928 2112 3977 Alorum

554 4013 581 4047 e
605 4000 846 4063 Babylone
868 4000 1162 4050 Chaldaeum.
1193 4002 1320 4051 saris
1341 4015 1453 4052 vero
1470 4002 1637 4053 decem
1654 4017 1886 4065 regnasse,
1910 4017 1967 4053 ae
1983 4004 2111 4054 dein·

553 4088 662 4138 ceps
693 4076 949 4137 Alaparum
978 4079 1026 4127 et
1057 4077 1332 4128 Amelonem
1362 4092 1424 4129 ex
1459 4079 1757 4129 Pantibibliis
1776 4117 1791 4142 ,
1817 4083 1944 4129 tum·
1965 4083 2111 4132 Chal·

552 4156 712 4205 daeum
749 4164 1093 4206 Ammenonem
1110 4192 1125 4217 ,
1150 4157 1287 4219 eujus
1317 4159 1600 4220 tempestate
1620 4159 1965 4208 exsecrandum
1991 4160 2105 4220 (se-

553 4234 807 4297 cundum)
844 4238 1093 4296 oannem,
1116 4236 1446 4299 Annedotum,
1469 4250 1497 4285 e
1529 4235 1648 4285 mari
1684 4236 1850 4287 Rubro
1885 4237 2115 4299 prodiisse

554 4312 732 4373 (quem
765 4311 1033 4361 Alexander
1060 4316 1393 4376 praeoccupato
1429 4315 1642 4376 tempore
1665 4326 1793 4363 anno
1824 4314 2006 4378 primo,
2035 4315 2115 4364 hic

556 4391 717 4437 autem
737 4388 922 4437 exactis
939 4388 1250 4451 quadraginta
1269 4390 1414 4452 SariS,
1435 4389 1692 4453 Abydenus
1709 4404 1823 4440 vero
1846 4391 2111 4441 secundum

557 4463 857 4513 Annedotum
885 4467 992 4527 post
1015 4468 1157 4514 Saros
1186 4465 1355 4528 viginti
1371 4480 1455 4515 sex
1482 4467 1636 4517 visum
1665 4480 1765 4518 esse
1797 4466 2073 4533 affirmant)
2096 4487 2109 4518 z

555 4540 659 4589 tum
702 4540 990 4603 Megalarum
1023 4552 1083 4591 ex
1122 4542 1500 4592 Pantibiblorum
1534 4543 1652 4592 urbe
1686 4543 1815 4594 saris
1846 4544 2113 4595 octodecim

557 4629 774 4679 regnasse
791 4653 807 4678 ,
827 4620 1144 4680 Daonumque
1165 4631 1228 4667 ex
1246 4619 1525 4670 Pantibiblis
1544 4622 1781 4683 pastorem
1803 4620 1928 4671 saris
1945 4620 2112 4671 decem

553 4692 604 4742 in
626 4692 825 4754 imperio
853 4694 1158 4757 successisse;
1191 4708 1249 4744 ac
1272 4697 1398 4758 eiua,
1432 4697 1615 4760 inquit,
1635 4700 1879 4761 tempore,
1914 4701 2114 4761 quartus

553 4772 830 4823 Annedotus
842 4773 1009 4823 eadem
1028 4774 1264 4836 prioribus
1284 4776 1452 4839 torma,
1473 4776 1697 4826 humanoe
1714 4776 1940 4827 nimirum
1959 4780 2113 4829 mixta

555 4847 695 4909 piscis
728 4849 911 4913 specie,
938 4863 966 4898 e
996 4850 1117 4900 mari
1153 4851 1319 4901 Rubro
1343 4852 1550 4914 prodiit:
1587 4852 1720 4903 addit
1751 4854 1830 4903 ille
1864 4854 2111 4904 Euedora-

555 4925 704 4975 civim
730 4939 792 4975 ex
822 4925 1101 4977 Pantibiblis
1117 4927 1245 4977 Saris
1260 4928 1524 4979 octodecim
1542 4931 1843 4992 tyrannidem
1864 4930 2110 4995 adeptum,

555 5017 612 5052 ee
635 5016 692 5052 eo
711 5004 988 5054 moderante
1018 5005 1166 5055 alium
1192 5006 1400 5068 pristinis
1417 5021 1580 5069 parem
1600 5007 1810 5070 (nomen
1828 5012 1988 5060 autem
2007 5014 2113 5059 erat

556 5076 780 5139 Odacon)
800 5118 814 5141 ,
847 5081 894 5129 in
918 5094 1016 5143 quo
1047 5083 1187 5144 piscis
1210 5083 1271 5132 ad
1307 5085 1554 5135 hominem
1576 5100 1672 5136 una
1698 5089 1785 5137 suit
1809 5088 2109 5150 conjunc-tio,

560 5166 748 5204 rursum
769 5169 795 5205 e
817 5157 934 5205 mari
959 5158 1123 5208 Rubro
1146 5161 1403 5211 emersisse.
1433 5166 1612 5214 Omnes
1641 5165 1755 5215 istos
1782 5167 1954 5215 cuncta
1976 5178 2109 5215 sum·

2191 1996 2319 2052 χων,
2349 1974 2655 2051 βασιλεῦσαι
2695 1972 2750 2030 δὲ
2779 1971 2967 2053 σάρους
3005 1972 3078 2045 η’.
3109 1972 3389 2052 Ὦτιᾶρτου
3424 1973 3483 2031 δὲ
3512 1975 3805 2046 τελευτή·

2192 2081 2375 2126 σαντος
2412 2059 2498 2117 τὸν
2540 2060 2650 2118 υἱὸν
2687 2062 2844 2119 αὐτοῦ
2895 2059 3184 2140 Ξίσουθρον
3218 2064 3535 2138 βασιλεῦσαι
3574 2063 3796 2139 sipon-z

2192 2147 2564 2206 ὀκτωκαίδεκα.
2583 2148 2711 2208 Ἐπὶ
2725 2147 2907 2208 τούτου
2930 2147 3016 2207 τὸν
3039 2147 3203 2227 μέγαν
3224 2149 3618 2224 κατακλυσμόν
3650 2173 3797 2231 φησι

2193 2239 2520 2313 γεγενῆσθαι.
2546 2234 2640 2302 Ὡς
2661 2235 2888 2314 γίνεσθαι
2918 2240 3048 2315 ὁμοῦ
3089 2238 3290 2304 πάντας
3328 2238 3576 2315 βασιλεῖς
3608 2237 3785 2314 δέκα,

2196 2323 2381 2402 σάρους
2402 2322 2455 2381 δὲ
2480 2322 2662 2382 ἑκατὸν
2691 2322 2868 2383 εἴκοσι.
2896 2353 2919 2376 υ

2907 2466 3033 2523 6³.

2273 2597 2549 2671 ,Iosephus
2568 2600 2696 2656 Ant.
2730 2599 2778 2672 1,
2803 2596 2858 2666 3,
2882 2616 2918 2671 9
2943 2595 3112 2671 (etex
3140 2614 3208 2652 eo
3238 2597 3443 2652 Euseb.
3471 2599 3539 2656 P.
3570 2601 3638 2655 E.
3662 2601 3778 2668 IX,

2204 2685 2301 2754 13,
2338 2704 2397 2758 p.
2434 2684 2580 2755 415,
2624 2689 2709 2754 D,
2750 2697 2805 2741 et
2842 2686 3082 2759 Syneell.
3118 2704 3174 2759 p.
3223 2684 3329 2755 43,
3377 2685 3471 2759 A)
3512 2689 3776 2743 :Priscis

2197 2772 2519 2828 hominibus
2554 2774 2962 2847 longaevitatem
2998 2775 3149 2829 Deus
3182 2774 3601 2831 concessittum
3638 2776 3776 2830 alias

2198 2860 2271 2915 ob
2291 2879 2497 2930 causas»,
2519 2871 2635 2915 tum
2651 2880 2786 2916 vero
2810 2859 2872 2917 δι’
2889 2857 3076 2939 ἀρετὴν
3098 2855 3189 2916 καὶ
3208 2857 3302 2928 τὴν
3324 2859 3674 2938 εὐχρηστίαν,
3698 2853 3770 2918 ὧν

2198 2943 2457 3020 ἐπενόουν,
2489 2945 2828 3026 ἀστρολογίας
2854 2945 2942 3005 καὶ
2974 2943 3386 3026 γεωμετρίας,...
3414 2945 3555 3026 ἅπερ
3579 2949 3674 3005 οὔκ
3704 2936 3773 3017 ἦν

2197 3035 2442 3113 ἀσφαλῶς
2470 3035 2641 3099 αὐτοῖς
2659 3034 2922 3114 προειπεῖν
2937 3032 3010 3111 μὴ
3034 3034 3249 3104 ζήσασιν
3280 3032 3581 3101 ἑξακοσίους
3594 3037 3766 3093 ἐνιαυ·

2195 3121 2337 3186 τούς·
2367 3120 2451 3178 διὰ
2491 3120 2752 3180 τοσούτων
2781 3118 2891 3203 γὰρ·
2911 3126 2937 3180 ὁ
2980 3120 3142 3199 μέγας
3180 3122 3413 3189 ἐνιαυτὸς
3446 3125 3764 3200 πληροῦται.

2201 3211 2539 3289 Μαρτυροῖῖσι
2581 3208 2635 3267 δέ
2678 3232 2778 3287 μου
2817 3214 2891 3291 τῷ
2912 3209 3052 3291 λόγῳ
3079 3210 3271 3278 πάντες
3290 3212 3338 3270 οἱ
3361 3212 3494 3292 παρ’
3530 3210 3762 3283 ‘'mv-,ct

2199 3297 2287 3354 καὶ
2315 3296 2460 3377 παρὰ
2488 3296 2769 3377 βαρὸόιροις
2788 3298 3213 3380 συγγραψάμενοι
3241 3296 3334 3365 τὰς
3360 3300 3757 3379 ἀρχαιολογίας.

2198 3383 2306 3444 Καὶ
2329 3384 2430 3462 γὰρ
2461 3383 2550 3443 καὶ
2579 3383 2836 3445 Μανεθὼν
2863 3389 2891 3444 ὁ
2931 3384 3027 3457 τὴν
3063 3388 3166 3444 τῶν
3194 3388 3576 3464 Αἰγυπτιακῶν
3604 3409 3761 3457 ποιη-

2198 3471 2418 3547 σάμενος
2455 3472 2784 3554 ἀναγραφὴν,
2832 3472 2922 3531 καὶ
2971 3473 3250 3552 Βηρωσσὸς
3288 3477 3316 3532 ὁ
3358 3474 3426 3531 τὰ
3473 3474 3762 3534 Χαλδαϊκὰ

2196 3558 2522 3636 συναγαγὼν,
2556 3536 2754 3638 Μ’ῶχός
2777 3584 2831 3619 τε
2859 3560 2978 3639 (καὶ
3000 3560 3173 3627 Μόλος
3200 3562 3440 3638 Euseb.)
3467 3562 3559 3620 καὶ
3590 3560 3772 3621 ‘Eo-tt·

2205 3730 2370 3776 matim
2405 3726 2466 3777 ab
2503 3732 2673 3778 Oanne
2701 3728 2830 3778 dicta
2854 3728 3095 3791 sigillatim
3129 3731 3179 3778 et
3201 3742 3287 3792 per
3313 3732 3473 3792 partes
3494 3730 3778 3791 exposuna

2203 3806 2395 3861 asserit.
2413 3806 2474 3857 de
2491 3808 2668 3870 quibus
2694 3808 2760 3858 nil
2783 3809 2975 3871 penitus
2996 3810 3233 3857 memorat
3259 3807 3528 3870 Abydenus.
3556 3807 3774 3857 Eosdem

2206 3886 2538 3946 Amempsinus
2558 3898 2587 3935 a
2624 3886 2881 3936 Laranchis
2902 3884 3158 3934 chaldaeus
3186 3884 3404 3948 princeps
3420 3882 3585 3931 ordine
3628 3884 3775 3932 oeta·

2205 3972 2294 4008 vus
2329 3961 2446 4010 saris
2479 3960 2644 4010 decem
2680 3962 2731 4012 in
2764 3974 2910 4024 regno
2941 3962 3176 4023 sequutus
3204 3963 3308 4023 δὴ
3344 3972 3454 4008 mox
3486 3957 3712 4006 otiu-tes
3744 3971 3777 4008 e

2207 4037 2469 4097 Laranehis
2491 4037 2746 4089 Chaldaeus
2777 4039 2897 4089 san's
2926 4041 3037 4087 octo
3074 4036 3316 4100 regnavit;
3351 4048 3499 4097 eoque
3531 4033 3776 4085 detuneto

2206 4114 2330 4164 lilius
2378 4115 2639 4165 xisuthrus
2672 4116 2791 4165 saris
2826 4096 3092 4165 octodecim
3132 4117 3321 4176 sceptra
3354 4111 3630 4162 moderatus
3665 4114 3773 4173 esu

2204 4204 2299 4254 quo
2331 4192 2595 4255 imperante
2610 4229 2626 4253 ,
2649 4192 2835 4255 inquit,
2863 4192 3094 4242 famosum
3127 4190 3246 4240 illud
3269 4190 3511 4240 diluvium
3534 4189 3774 4252 contigit,

2204 4270 2323 4321 adeo
2339 4275 2401 4321 ut
2417 4285 2550 4335 reges
2573 4284 2741 4322 omnes
2757 4285 2959 4321 numero
2982 4271 3147 4320 decem
3178 4272 3536 4332 computentur,
3560 4282 3773 4331 quorum

2203 4353 2322 4401 aetas
2339 4350 2397 4400 ad
2417 4353 2644 4405 Satorum
2667 4349 2835 4412 viginti
2854 4362 2999 4413 supra
3022 4352 3216 4400 centum
3234 4348 3446 4411 spatium
3466 4351 3773 4411 prorogetur.

2927 4453 3045 4502 ea.

2265 4546 2389 4594 Tum
2421 4546 2614 4607 propter
2645 4542 2858 4594 studium
2892 4542 3114 4604 «virtutis,
3139 4544 3242 4591 tum
3266 4542 3467 4604 propter
3500 4542 3771 4590 accuratio·

2205 4635 2305 4672 rem
2327 4622 2592 4684 astrologiae
2613 4622 2663 4671 et
2682 4619 2955 4684 geometriae
2972 4654 2987 4681 ,
3019 4632 3141 4682 quas
3170 4616 3260 4681 ipsi
3289 4620 3422 4668 artes
3453 4619 3771 4678 invenerunt,

2205 4713 2346 4749 usum
2365 4698 2484 4748 deus
2511 4698 2604 4747 illis
2625 4698 2933 4761 prolixiorem
2952 4696 3146 4759 largitus
3168 4698 3241 4746 est
3269 4696 3454 4757 vitam;
3476 4697 3661 4759 quippe
3686 4696 3772 4758 qul

2203 4778 2290 4828 nisi
2328 4778 2389 4827 ad
2416 4780 2668 4829 sexcentos
2702 4789 2853 4827 annos
2898 4777 3008 4838 (tot
3042 4776 3170 4825 enim
3213 4788 3418 4836 magnus
3467 4787 3628 4824 annus
3682 4774 3771 4823 ab·

2202 4855 2434 4916 solvitur)
2467 4854 2674 4905 vivendo
2696 4853 2987 4916 attigissent,
3015 4852 3133 4901 nihil
3163 4852 3281 4901 certi
3304 4851 3569 4914 praedicere
3593 4851 3774 4914 potuis·

2202 4934 2324 4982 sent.
2402 4934 2565 4983 Testes
2599 4933 2762 4981 autem
2798 4930 2915 4979 mihi
2954 4930 3092 4991 sunt,
3127 4929 3369 4991 quotquot
3410 4932 3615 4978 Graecos
3650 4928 3777 4976 inter

2202 5008 2521 5072 barbarosque
2539 5008 2847 5071 antiquitates
2868 5006 3178 5071 prodiderunt
3194 5020 3209 5065 ;
3229 5018 3343 5054 nam
3366 5006 3417 5054 et
3436 5005 3674 5055 manetho
3692 5018 3775 5053 re·

2204 5100 2311 5134 rum
2352 5087 2734 5151 AEgyptiaearum
2778 5086 2996 5147 scriptor,
3032 5085 3082 5132 et
3122 5084 3352 5143 Berosus,
3390 5081 3771 5131 chaldaicarum

2202 5167 2389 5229 auctor,
2414 5167 2462 5216 et
2484 5164 2683 5218 Mochus
2712 5166 2760 5215 et
2792 5163 3050 5225 Hestiaeus,
3080 5162 3410 5224 praetereaque
3438 5160 3775 5223 Hieronymus
