4016 5916
1365 374 1963 510 HIPPYS
2045 373 2990 525 RHEGINUS„

648 901 730 954 Ex
768 899 894 953 Asia
928 897 1227 969 insulisque
1267 895 1471 949 Ionicis
1492 893 1605 965 jam
1632 893 2020 965 trajiciendum
2049 906 2130 948 est

571 988 628 1040 in
662 984 881 1040 ltaliam
914 994 969 1038 et
1008 984 1283 1048 Siciliam,
1324 981 1423 1034 ubi
1450 979 1657 1034 sanstus
1692 980 1990 1033 multarum
2031 997 2128 1033 re-

571 1091 695 1127 rum
731 1088 1033 1126 concursus
1057 1068 1127 1124 ad
1159 1067 1397 1123 colenda
1417 1067 1599 1122 studia
1619 1067 1882 1121 historica
1908 1067 2131 1122 Graecos

571 1160 847 1215 excitavit.
868 1157 1017 1229 Quid
1042 1155 1219 1230 quod,
1244 1157 1287 1210 si
1306 1154 1532 1210 Suidam
1556 1153 1863 1222 audiamus,
1885 1152 1975 1208 vel
1999 1162 2129 1207 ante

573 1246 888 1303 Hecataeu‘m
914 1246 1187 1300 Milesium
1210 1243 1505 1300 Messenius
1521 1241 2002 1315 historiographus
2021 1237 2128 1293 flo-

572 1336 715 1403 ruit,
743 1336 1097 1401 Pouzrzmxs,
1127 1341 1288 1405 pater
1309 1328 1489 1402 Ibyci.

651 1417 893 1490 Ἶὸυκος,
924 1422 1033 1489 011,
1065 1415 1295 1487 Φυτίου,
1341 1417 1387 1471 οἱ
1414 1412 1468 1470 δὲ
1497 1413 1802 1484 Πολυζήλου
1833 1420 1922 1472 τοῦ
1966 1415 2128 1472 Μεσ-

576 1507 752 1579 σηνίου
781 1504 1174 1586 ἱστοριογράφου
1204 1507 1305 1582 (sic
1332 1504 1502 1560 codd.
1538 1507 1767 1579 optimi;
1797 1508 1888 1560 τοῦ
1925 1504 2000 1562 Μ.
2034 1505 2125 1558 τοῦ

572 1598 679 1653 ἱστ.
708 1598 868 1653 editt.
887 1595 929 1671 ).

656 1681 867 1739 Verum
911 1682 1161 1756 sphalma
1199 1681 1546 1754 grammatici
1595 1681 1921 1752 Polyzelum
1963 1683 2127 1736 Rho-

579 1771 765 1840 dium,
813 1770 1035 1825 serioris
1074 1769 1176 1822 aevi
1213 1768 1569 1835 historicum,
1600 1786 1728 1822 cum
1768 1768 2130 1841 Ibycipoetae

577 1870 737 1933 patre
766 1855 1159 1913 confundentis
1190 1854 1472 1909 1100110010
1506 1855 1657 1908 10101.
1690 1854 1919 1908 Βο1111115
1955 1855 2130 1909 libra-

578 1945 796 2000 riorum
846 1943 1068 2015 culpam
1112 1958 1224 1995 esse
1263 1952 1462 2015 putans
1512 1941 1791 2015 vulgatam
1833 1941 2131 1995 lectionem

578 2033 782 2086 mutari
814 2031 993 2085 voluit
1035 2029 1095 2082 in
1120 2026 1445 2095 Μεσσηνίου,
1475 2026 1532 2082 οὗ
1568 2030 1658 2082 τοῦ
1686 2027 1851 2105 ἱστορ.
1889 2029 2025 2099 Quae
2053 2040 2134 2083 est

580 2118 894 2174 emendatio
921 2117 1114 2191 paullo
1144 2115 1423 2188 frigidior.

659 2208 874 2263 Certius
888 2215 1103 2261 constat
1122 2203 1193 2258 de
1222 2203 1515 2276 Theagene
1533 2213 1589 2257 et
1608 2204 1823 2276 Hippye
1846 2202 2135 2275 Rheginis.

580 2295 838 2366 Quorum
865 2295 961 2347 ille
989 2309 1312 2366 quanquam
1351 2290 1555 2361 injuria
1586 2290 1987 2344 historicorum
2027 2309 2140 2344 nu-

581 2401 738 2437 mero
770 2391 1110 2447 accensetur,
1142 2389 1326 2433 tamen
1356 2395 1477 2450 quae
1495 2376 1565 2431 de
1582 2394 1649 2430 eo
1669 2377 1990 2431 reseruntur
2006 2396 2145 2450 pcr-

579 2488 760 2544 pauca
786 2468 1034 2524 indicare
1052 2466 1112 2520 h.
1147 2467 1185 2519 l.
1216 2465 1400 2519 liceat.

660 2558 876 2612 Tatian.
913 2557 1013 2611 Or.
1049 2553 1177 2609 adv·
1205 2553 1303 2608 Gr.
1339 2570 1389 2605 c.
1419 2549 1490 2616 48
1524 2549 1619 2623 (cx
1650 2569 1718 2606 eo
1742 2552 1945 2609 Euseb.
1979 2554 2044 2607 P.
2073 2555 2138 2607 E.

576 2646 661 2714 X,
700 2663 721 2696 1
739 2662 759 2697 1
782 2685 798 2712 ,
821 2662 883 2716 p.
915 2639 1053 2716 491)
1084 2660 1096 2694 :
1133 2636 1262 2713 ssepi
1286 2639 1378 2705 ’.ἧς
1397 2634 1655 2705 ποιήσεως
1676 2642 1766 2692 τοῦ
1792 2635 2029 2716 Ὁμήρου
2056 2637 2142 2709 γε’-

584 2751 699 2793 νους
726 2750 781 2785 τε
813 2729 970 2783 αὐτοῦ
999 2724 1090 2782 καὶ
1127 2725 1347 2802 χρόνου,
1394 2722 1510 2779 καθ’
1547 2720 1601 2778 ὃν
1631 2722 1862 2797 ἤκμαζε,
1904 2724 2145 2804 προηρή-

585 2837 768 2872 νευσαν
799 2816 845 2871 οἱ
876 2811 1226 2892 πρεσὸύτατοι
1263 2807 1528 2884 Θεαγένης
1556 2832 1610 2866 τε
1649 2812 1676 2866 6
1715 2808 1977 2885 Ῥηγῖνος,
2008 2810 2145 2869 κατὰ

582 2899 883 2979 Καμβύσην
903 2898 1125 2979 γεγονώς
1156 2897 1273 2976 (01.
1299 2897 1372 2952 62
1391 2939 1406 2968 ,
1432 2899 1608 2968 2-64,
1634 2899 1695 2970 3)
1716 2941 1731 2969 ,
1755 2897 2146 2980 Στησίμδροτός

584 3012 639 3046 τε
663 2992 690 3046 6
732 2990 931 3052 Θάσιος
967 2986 1057 3044 καὶ
1090 2983 1399 3062 Ἀντίμαχος
1425 2987 1451 3041 6
1484 2982 1843 3064 Κολοφώνιος,
1875 2976 2151 3066 Ἡρόδοτὸς

582 3098 640 3132 τε
670 3078 697 3133 6
734 3070 1166 3152 Ἁλικαρνασσεὺς
1213 3069 1301 3127 καὶ
1343 3069 1605 3137 Διονύσιος
1645 3076 1672 3128 6
1700 3070 1990 3138 Ὀλύνθιος·
2036 3075 2146 3148 μετ’

588 3160 806 3227 ἐκείνους
827 3157 1052 3239 Ἔφορος
1082 3161 1109 3215 6
1137 3162 1371 3232 Κυμαῖος
1386 3158 1502 3215 κτλ.
1534 3192 1612 3201 -
1650 3161 1795 3215 Η100
1823 3162 2067 3236 Scaliger
2093 3164 2147 3216 in

582 3248 705 3308 Ὀλ.
730 3253 915 3325 ἆναγρ.
936 3250 1006 3305 ad
1035 3249 1258 3323 Olymp.
1294 3246 1366 3302 63
1397 3249 1613 3302 notavit
1636 3267 1649 3302 :
1682 3245 1947 3323 Θεαγένης
1969 3250 1996 3304 6
2023 3269 2147 3325 χρο-

584 3337 791 3412 νολόγος
818 3336 1076 3410 ἤκμασεν.

548 3422 553 3428 ’
667 3426 855 3481 Schol.
880 3423 1159 3496 Aristoph.
1190 3424 1294 3476 Av.
1329 3420 1441 3476 822.
1464 3440 1477 3478 :
1499 3420 1620 3479 Εἰσὶ
1652 3419 1703 3478 δὲ
1726 3420 1872 3479 ἄλλοι
1897 3419 1987 3479 δύο
2004 3423 2147 3480 Θεα-

583 3507 773 3585 γένεις,
804 3507 874 3575 εἲς
902 3507 995 3583 μὲν
1024 3511 1051 3565 ὁ
1081 3506 1199 3586 περὶ
1229 3506 1470 3585 Ὁμήρου
1504 3511 1558 3583 (ὁ
1595 3509 1665 3573 εἰς
1697 3505 1940 3588 Ὅμηρον
1969 3512 2145 3565 501101.

582 3602 718 3657 Pae.
753 3599 899 3672 928)
931 3594 1164 3675 γράψας,
1202 3593 1373 3674 ἕτερος
1405 3593 1458 3652 δὲ
1490 3598 1517 3652 6
1545 3595 1665 3675 περὶ
1707 3596 1971 3671 μαλακίας
2011 3619 2150 3654 σκω-

588 3683 859 3760 πτόμενος.
891 3689 957 3741 In
995 3684 1172 3740 schol.
1202 3686 1327 3739 Pac.
1348 3685 1388 3738 l.
1420 3685 1460 3739 l.
1494 3684 1608 3739 duo
1633 3686 1691 3739 111
1722 3687 1975 3741 1111111001
2007 3705 2151 3740 con—

594 3770 817 3828 flantur.
845 3772 986 3828 Inde
1004 3770 1216 3845 pendet
1246 3768 1514 3826 510ἀο511.
1545 3767 1835 3844 Ἑκάτειον,
1859 3768 2150 3848 Θεαγένης,

592 3856 830 3932 ’Υήνειομ

673 3949 861 4003 Schol.
877 3947 948 4003 ad
959 3948 1189 4019 Dionys.
1206 3947 1406 4000 Thrac.
1421 3965 1651 4020 gramm.
1666 3947 1724 4001 in
1742 3947 1917 4002 Bekk.
1934 3948 2148 4002 Anecd.

594 4033 692 4091 Gr.
719 4054 781 4108 p.
806 4054 919 4109 729
948 4054 961 4089 ε
994 4029 1063 4091 Ἥ
1090 4030 1144 4089 δὲ
1162 4033 1281 4110 περὶ
1303 4028 1656 4107 Ἑλληνισμὸν
1685 4034 1789 4106 (50.
1811 4029 2152 4111 γραμματική

597 4121 797 4199 ἔστιν),
838 4120 951 4190 ἥτις
991 4119 1080 4179 καὶ
1127 4116 1350 4199 νεωτέρα
1393 4119 1561 4191 ἐστὶν,
1608 4118 1869 4198 ἀρξαμένη
1915 4118 2008 4195 μὲν
2050 4120 2153 4178 ἀπὸ

596 4206 877 4284 θεογένους
906 4211 1007 4283 (510
1042 4211 1237 4284 saepius
1259 4208 1369 4264 hoc
1401 4227 1607 4263 nomen
1634 4209 1961 4284 scribitur),
2007 4208 2156 4265 τελε-

599 4298 778 4352 σθεῖσα
803 4293 856 4352 δὲ
885 4293 1029 4373 παρὰ
1052 4297 1154 4351 τῶν
1191 4296 1661 4372 Περιπατητικῶν,
1698 4297 1826 4373 παρ’
1853 4292 2155 4374 Ἑξιφᾶνους

603 4383 755 4456 (lege
787 4379 1170 4461 Πραξιφάνους)
1199 4403 1253 4439 τε
1277 4378 1366 4438 καὶ
1396 4379 1793 4459 Ἀριστοτέλους.

679 4470 941 4544 Princeps
964 4482 1045 4525 est
1070 4489 1297 4540 eorum,
1329 4471 1427 4543 qui
1457 4470 1778 4544 apologiam
1803 4472 1916 4526 sive
1938 4473 2156 4547 allego-

600 4557 774 4612 ricam
792 4556 1104 4611 fabularum
1122 4560 1356 4613 Homer.
1382 4556 1903 4630 interpretationem
1921 4560 2159 4631 scripse-

600 4652 754 4699 runt.
786 4642 973 4697 Schol.
995 4646 1133 4698 Ven.
1162 4643 1234 4699 ad
1257 4644 1326 4697 Il.
1353 4661 1456 4713 20,
1475 4643 1569 4717 67,
1597 4662 1657 4717 p.
1686 4643 1819 4712 533,
1848 4643 1921 4699 30
1941 4645 2115 4700 Bekk.
2140 4664 2153 4700 ε

598 4717 769 4791 Οὗτος
798 4723 891 4802 μὲν
925 4716 1010 4783 οὗν
1032 4726 1218 4804 τρόπος
1256 4725 1537 4805 ἀπολογίας
1566 4729 1778 4807 ἀρχαῖος
1811 4725 1882 4786 ὢν
1904 4725 2042 4786 πάνυ
2069 4727 2160 4787 καὶ

600 4813 708 4873 ἀπὸ
734 4813 1023 4890 Θεαγένους
1045 4811 1315 4891 Ῥηγίνου,
1339 4811 1391 4879 ὃς
1406 4818 1607 4893 πρῶτος
1628 4816 1820 4895 ἔγραψε
1843 4812 1962 4893 περὶ
1983 4812 2158 4890 Ὁμή·

603 4921 716 4980 ρου.
762 4902 845 4958 Cf.
872 4901 989 4955 5011.
1029 4900 1100 4954 ad
1143 4902 1211 4955 Il.
1243 4903 1302 4967 1,
1347 4899 1480 4955 381.
1512 4902 1797 4972 Eundem,
1844 4915 2015 4976 puto,
2067 4905 2161 4957 in-

606 4981 726 5034 nuit
766 4980 954 5034 Scbol.
999 4978 1159 5034 Leid.
1210 4978 1282 5034 ad
1320 4978 1388 5033 11.
1428 4998 1529 5053 19,
1578 4999 1686 5054 129
1725 4982 1781 5036 in
1815 4981 2161 5038 Valckenarii

605 5069 812 5140 Opusc.
858 5069 934 5136 11,
974 5085 1034 5140 p.
1082 5085 1209 5136 127,
1242 5066 1371 5133 ubi,
1420 5078 1715 5140 postquam
1755 5069 1827 5124 de
1862 5070 2162 5143 Gigantum

607 5153 757 5210 bello
777 5171 1126 5228 exposuerat,
1144 5153 1301 5210 addit
1325 5172 1338 5206 :
1358 5149 1429 5210 Ἡ
1452 5150 1651 5231 ἱστορία
1668 5151 1813 5232 παρὰ
1832 5152 2059 5233 Ἡσιόδῳ
2070 5153 2160 5212 καὶ

2172 5264 2232 5317 ¹5)

2216 890 2420 970 Θεογό
2429 917 2455 949 ν
2467 916 2509 972 ῳ
2524 888 2846 971 (Θεοπόμπῳ
2857 893 3312 949 voluit'Welcker
3326 893 3480 964 Ογεῖ.
3497 914 3555 969 p.
3576 897 3674 971 29)
3697 897 3789 973 (⁸).

2297 983 2556 1037 Ceterum
2581 1001 2716 1036 num
2737 992 2888 1036 recte
2915 981 3233 1056 Theagenes
3253 982 3534 1055 Cambysis
3553 987 3795 1057 aequalis

2218 1070 2380 1125 fuisse
2404 1070 2642 1139 dicatur,
2673 1071 2731 1123 in
2761 1080 2911 1124 tanta
2939 1069 3381 1125 testimoniorum
3411 1074 3656 1144 penuria
3679 1092 3792 1127 110-

2220 1177 2330 1230 que
2358 1176 2564 1233 negare
2600 1159 2730 1212 licet
2773 1175 2955 1229 neque
2992 1155 3289 1212 affirmare.
3322 1159 3658 1232 Quanquam
3701 1161 3792 1216 sa-

2220 1247 2324 1300 cile
2352 1245 2612 1301 accidisse
2643 1246 2923 1319 Theageni
2951 1244 3173 1317 credas,
3211 1245 3370 1318 quod
3408 1247 3616 1302 accidit
3647 1250 3796 1304 liel-

2220 1333 2436 1402 lanic0,
2478 1332 2816 1405 Pherecydi,
2859 1333 3140 1387 Antiocho
3170 1332 3545 1405 SyracusanO,
3575 1337 3794 1391 Xeno-

2220 1420 2392 1492 phani
2407 1462 2423 1489 ,
2446 1421 2545 1493 qui
2569 1438 2763 1475 omnes
2780 1437 2811 1474 a
2832 1419 3119 1473 0000111115
3127 1417 3277 1489 justo
3299 1421 3649 1494 antiquiores
3672 1443 3793 1480 csse

2219 1507 2584 1581 putabantur.
2610 1509 2754 1563 Utut
2780 1517 2889 1582 est,
2920 1507 3348 1561 Stesimbrotum
3371 1518 3522 1564 certe
3559 1511 3796 1565 Periclis

2224 1613 2472 1649 coaevum
2512 1596 2669 1649 aetate
2712 1594 3013 1667 superavit.
3058 1597 3241 1666 Atque
3283 1620 3308 1643 ιι
3343 1614 3412 1651 ex
3457 1599 3796 1652 testimoniis

2224 1681 2558 1757 (Nitzschius
2587 1684 2659 1737 H.
2691 1681 2862 1736 Hom.
2894 1683 2948 1735 11
2976 1700 3035 1754 p.
3080 1679 3151 1735 85
3195 1677 3293 1757 ait)
3331 1680 3593 1751 efficitur,
3633 1684 3794 1739 1111110

2225 1771 2478 1824 omnium
2516 1779 2802 1842 quotquot
2823 1768 2968 1823 fama
2996 1768 3316 1823 nobilitavit
3342 1771 3577 1825 Homeri
3605 1772 3794 1827 inter-

2222 1868 2446 1930 pretum
2464 1859 2712 1930 primum
2736 1856 3029 1925 exstitisse,
3068 1874 3236 1928 quem
3268 1856 3509 1912 eundem
3533 1859 3794 1931 primum

2224 1945 2648 2018 grammaticum
2672 1943 2824 1999 dicas
2845 1944 3007 2018 11001,
3040 1961 3217 2015 quum
3239 1962 3371 1999 vere
3394 1946 3575 2000 omnis
3597 1965 3797 2020 gram-

2225 2033 2467 2101 maticae,
2499 2051 2621 2105 quae
2647 2042 2944 2104 poetarum
2965 2031 3418 2104 scriptorumque
3442 2034 3794 2107 interpreta-

2230 2119 2382 2174 tione
2427 2130 2700 2189 censetur,
2741 2118 2852 2173 hoc
2897 2116 3068 2173 fucrit
3100 2119 3472 2191 principium,
3515 2132 3580 2174 ut
3603 2134 3794 2194 poetae

2227 2206 2554 2262 nobilissimi
2599 2207 2928 2274 auctoritaS,
2980 2216 3096 2259 tum
3143 2207 3673 2278 reprehensionibus
3700 2210 3796 2264 as-

2229 2291 2346 2368 fligi
2399 2306 2608 2367 coepta,
2668 2294 3039 2349 enarrationis
3087 2291 3325 2348 artificio
3379 2294 3789 2365 vindicaretur,

2231 2384 2287 2436 h.
2321 2402 2372 2438 e.
2401 2382 2668 2456 allegoria
2697 2393 2815 2436 tum
2841 2381 3070 2454 physica
3099 2392 3216 2435 tum
3245 2381 3447 2436 ethica.
3479 2382 3793 2457 Theagenis

2232 2470 2372 2524 liber
2399 2471 2515 2524 sine
2556 2468 2734 2523 dubio
2763 2481 2980 2523 mature
3018 2468 3303 2541 neglectus
3333 2478 3412 2523 est
3445 2486 3563 2542 prae
3591 2470 3793 2525 subse-

2231 2558 2524 2630 quentium
2564 2556 2998 2631 allegoricorum
3037 2554 3336 2629 sap'ientia3
3368 2574 3498 2611 nam
3529 2558 3788 2632 cognitio

2294 2726 2356 2790 (*)
2406 2728 2702 2791 Theogenes,
2754 2740 2897 2791 quem
2951 2726 3012 2776 de
3051 2727 3203 2775 forma
3257 2727 3567 2789 grammatica
3623 2729 3794 2782 laudat

2237 2800 2392 2860 Etym.
2415 2802 2480 2849 M.
2503 2812 2552 2847 v.
2573 2800 2775 2860 βεόαιῶ,
2810 2810 2905 2846 11011
2938 2800 3012 2847 051
3043 2797 3309 2859 111ιο3111115,
3333 2797 3403 2846 1111
3428 2799 3597 2848 vossio
3624 2814 3674 2863 p.
3702 2808 3795 2851 502

2235 2866 2441 2930 videtur,
2466 2867 2549 2916 sed
2575 2867 2886 2929 probabiliter
2912 2866 2979 2927 is,
3011 2879 3161 2927 quem
3192 2880 3306 2915 cum
3341 2868 3636 2931 Herodiano,
3669 2864 3795 2933 '1⁸¹7‘-

2234 2935 2418 3000 phone,
2447 2937 2552 2987 aliis
2571 2940 2784 2987 recenset
2808 2943 3048 2998 Anonym.
3079 2939 3147 2985 De
3168 2937 3346 2986 artium
3378 2940 3426 2986 et
3456 2937 3575 2987 disc.
3601 2939 3792 2991 invent.

2234 3005 2282 3053 in
2300 3007 2409 3056 cod.
2430 3007 2624 3059 coislin.
2646 3008 2857 3069 (Fabric.
2879 3011 2929 3056 Β.
2958 3008 3039 3054 Gr.
3066 3010 3128 3055 lx
3146 3044 3159 3066 ,
3180 3020 3228 3068 p.
3255 3013 3339 3056 601
3364 3007 3439 3058 ed.
3460 3021 3532 3071 pr.
3547 3009 3594 3070 );
3620 3010 3795 3062 fortas·

2233 3076 2297 3125 sis
2329 3077 2553 3139 Cnidius,
2595 3079 2797 3128 Herodis
2845 3076 2988 3126 Anici
3026 3076 3247 3138 magister
3278 3077 3526 3130 (Philostr.
3568 3081 3664 3129 vit.
3697 3085 3796 3132 He·

2236 3146 2338 3196 rod.
2363 3151 2431 3208 ll,
2460 3153 2509 3210 1,
2536 3149 2627 3208 14).
2652 3175 2713 3185 -
2747 3152 2892 3198 Porro
2920 3150 3049 3196 errat
3080 3147 3330 3196 Clintonus
3361 3149 3443 3208 (F.
3477 3152 3535 3198 fl.
3567 3151 3670 3199 tom
3719 3157 3793 3213 11,

2235 3231 2285 3279 p.
2315 3219 2430 3278 369)
2443 3255 2457 3280 ,
2478 3220 2563 3282 qui
2584 3219 2881 3280 Theagenem
2901 3218 3043 3279 Rheg.
3059 3217 3310 3279 significari
3329 3219 3467 3280 putat
3488 3231 3518 3268 a
3537 3223 3710 3272 Tzetze
3730 3225 3796 3272 ad

2237 3290 2349 3350 Lyc.
2382 3293 2464 3338 177
2480 3325 2494 3350 ,
2515 3303 2614 3353 quo
2640 3289 2746 3338 loco
2771 3289 2810 3338 is
2829 3289 3179 3353 ἱστορικώτερον
3201 3301 3253 3337 se
3279 3288 3328 3336 in
3359 3289 3634 3340 fabularum
3650 3292 3797 3343 inter·

2235 3358 2497 3419 pretatione
2534 3372 2634 3408 esse
2670 3358 2786 3407 dicit
2825 3357 3094 3407 Alexandro
3129 3356 3444 3420 polyhistore,
3475 3361 3792 3426 Apollodoro,

2235 3427 2450 3489 Ῥηγίνου
2478 3434 2560 3476 τοῦ
2585 3430 2969 3491 Πολυμνήμονος,
2997 3432 3255 3478 Artemone
3279 3431 3564 3490 Pergameno
3592 3436 3642 3481 et
3678 3436 3793 3484 Cas·

2235 3497 2409 3546 sandro
2446 3500 2705 3548 Salaminio
2744 3500 2954 3561 (corrige
2992 3518 3006 3547 2
3054 3497 3352 3560 Hegesandro
3396 3499 3675 3553 Salaminio.
3718 3507 3794 3556 Cf.

2239 3570 2401 3631 fragm.
2424 3569 2710 3631 Hegesandri
2734 3569 2948 3631 Delphi).
2976 3572 3036 3618 V.
3067 3567 3307 3618 Welcker.
3331 3569 3466 3629 cycl.
3489 3582 3535 3631 p.
3559 3574 3665 3621 134.
3688 3576 3796 3623 Ete-

2237 3639 2337 3687 nim
2357 3640 2680 3702 Πολυμνὴμων
2717 3640 2825 3690 libri
2844 3639 3016 3688 titulus
3045 3643 3133 3689 est.
3160 3638 3328 3688 suidas
3348 3657 3361 3687 :
3381 3640 3618 3701 Ῥηγῖνος,
3643 3660 3795 3707 γραμ-

2241 3709 2454 3769 ματικὸς,
2498 3708 2666 3773 ἔγραψε
2698 3711 2776 3758 τὸν
2804 3708 3049 3770 λεγόμενον
3082 3709 3436 3770 Πολυμνήμονα.
3469 3710 3552 3759 Cf.
3586 3713 3796 3763 Eudocia

2239 3791 2290 3839 p.
2314 3783 2397 3828 371
2421 3781 2470 3828 et
2490 3779 2786 3841 Nicephorus
2800 3782 2859 3828 H.
2881 3778 3010 3828 Eccl.
3033 3781 3104 3838 Χ,
3126 3785 3210 3840 36,
3231 3781 3351 3826 1001.
3382 3781 3453 3841 11,
3482 3793 3530 3842 p.
3559 3786 3626 3832 89
3645 3785 3794 3835 Paris.

2242 3850 2532 3910 Quanquam
2555 3851 2684 3898 recte
2720 3846 2929 3898 fortassis
2945 3850 3133 3898 statuas
3148 3845 3354 3909 Ῥηγῖνος
3376 3862 3474 3897 non
3492 3862 3596 3900 eme
3618 3865 3795 3905 11011100

2241 3917 2474 3979 11011ιί015,
2493 3917 2576 3968 sed
2602 3918 2770 3980 patriae
2784 3954 2799 3980 ,
2818 3916 2961 3966 sicuti
2992 3930 3042 3966 v.
3063 3932 3108 3968 c.
3123 3918 3422 3969 *Heraclides
3443 3922 3729 3972 Tarentinus
3747 3924 3798 3974 in

2243 3987 2551 4049 Geoponicis,
2569 4000 2647 4049 ap.
2666 3989 2927 4049 Galenum,
2942 3987 3087 4050 alios,
3105 3990 3382 4051 simpliciter
3402 3989 3579 4040 dicitur
3602 3995 3795 4043 Tmen·

2243 4059 2407 4106 tinus.
2442 4059 2537 4107 1510
2563 4057 2882 4120 Πολυμνήμων
2910 4070 2938 4105 a
2958 4061 3153 4107 Socrate
3173 4062 3229 4111 H.
3249 4059 3377 4109 Eccl.
3401 4062 3469 4109 nl
3487 4098 3502 4123 ,
3519 4065 3576 4111 23
3596 4076 3796 4126 compo·

2241 4126 2372 4175 nitur
2391 4138 2503 4175 cum
2527 4126 2740 4190 Στεφάνῳ
2768 4126 2981 4188 Dionysii
2998 4128 3143 4177 Samii
3162 4163 3177 4188 ‚
3203 4131 3254 4178 et
3280 4142 3391 4177 cum
3421 4131 3593 4193 Πέπλῳ
3613 4132 3795 4183 Aristo·

2241 4193 2364 4257 telis,
2376 4197 2458 4257 qui
2473 4195 2581 4245 libri
2590 4196 2800 4256 eiusdem
2812 4200 2923 4245 sunt
2933 4196 3120 4248 indolis,
3140 4197 3348 4260 Rheyini
3359 4199 3418 4249 de
3426 4199 3518 4250 diis
3528 4200 3657 4252 doct:
3668 4201 3795 4254 inam

2245 4264 2664 4314 Euliemeristicam
2685 4265 2902 4327 pluribus
2918 4269 3114 4329 exponit
3133 4269 3306 4318 Malaia
3323 4283 3370 4331 p.
3394 4273 3454 4320 54
3468 4307 3483 4332 ‚
3505 4276 3554 4333 7,
3581 4273 3794 4335 Rhegino

2242 4332 2502 4394 adjungens
2529 4333 2807 4384 Diodorum.
2835 4334 2970 4398 Apud
2997 4338 3198 4387 Tzetzen
3222 4339 3343 4389 Hist.
3376 4342 3394 4389 Ι
3408 4378 3424 4403 ,
3447 4344 3540 4391 ⁴70
3563 4340 3614 4390 in
3635 4343 3798 4394 {ab-11⁸

2242 4402 2303 4451 de
2336 4403 2463 4452 Atrei
2482 4403 2630 4453 ariete
2654 4402 2769 4465 legis
2795 4423 2807 4450 =
2849 4404 3069 4467 Πρόὃατα
3103 4409 3389 4472 χρυσὸχροον
3423 4415 3516 4458 ποῦ
3539 4414 3687 4475 φέρειν
3716 4416 3795 4472 τὴν

2244 4472 2371 4535 ἐρέαν
2386 4474 2590 4534 Ῥηγῖνος
2608 4475 2687 4522 τὸν
2703 4472 2925 4535 Ἶσίγονον
2945 4477 3138 4538 εἰσφέρει
3154 4480 3426 4542 γεγραφότα.
3448 4481 3596 4542 igilur
3617 4483 3796 4545 isigono

2244 4542 2480 4603 Rheginos
2498 4543 2678 4605 junior.
2711 4543 2867 4593 Etiam
2898 4545 3130 4595 Mirabilia
3167 4549 3410 4611 collegisse
3435 4550 3485 4598 10
3511 4552 3798 4602 multiformi

2244 4625 2331 4661 suo
2355 4625 2500 4675 opere
2518 4613 2708 4663 videtur
2734 4634 2746 4664 ς
2773 4627 2885 4663 nam
2914 4617 3108 4666 Tzetzes
3126 4618 3246 4667 Hist.
3269 4622 3386 4681 vn,
3414 4613 3511 4669 ’644
3532 4620 3594 4670 de
3630 4623 3798 4672 ludicii

2245 4682 2488 4732 miraculis
2504 4687 2553 4732 et
2572 4684 2829 4734 mendaciis
2861 4685 3063 4746 loquens
3092 4693 3307 4739 recenset
3338 4690 3576 4753 ctesiam,
3612 4692 3798 4741 lambu-

2246 4752 2346 4799 lum
2359 4788 2374 4812 ,
2396 4752 2632 4814 Isigonum
2644 4790 2658 4815 ,
2680 4754 2960 4815 Rheginmn.
2977 4754 3050 4804 Cf.
3073 4757 3219 4807 etiam
3236 4759 3375 4810 Pliot.
3396 4759 3500 4809 cod.
3524 4766 3626 4811 158.
3644 4763 3797 4813 Primo

2245 4824 2357 4870 01110
2389 4823 2633 4872 Christum
2655 4825 2832 4873 saeculo
2856 4825 2930 4874 vel
2966 4826 3119 4876 serius
3150 4829 3320 4879 vixisse
3343 4830 3460 4879 milii
3500 4831 3716 4881 videtur.
3737 4858 3800 4873 —-

2249 4892 2405 4951 Alius,
2427 4892 2515 4942 nisi
2546 4894 2698 4956 fallor,
2725 4894 2991 4956 Rheginos,
3021 4896 3245 4947 laudatur
3271 4899 3322 4948 in
3346 4900 3524 4951 stoboei
3556 4902 3726 4954 Floril.
3751 4905 3796 4963 1,

2249 4973 2294 5022 p.
2315 4966 2370 5011 54
2387 5000 2401 5023 ,
2420 4968 2528 5024 258,
2555 4969 2603 5013 S.
2625 4966 2837 5014 Maximo
2856 4968 2973 5013 tom.
2995 4969 3067 5029 ll,
3089 4981 3137 5030 p.
3156 4973 3243 5019 264
3258 5007 3271 5030 ‚
3289 4976 3346 5020 A.
3367 4971 3553 5020 Melissa
3574 4976 3623 5033 Ι,
3647 4978 3796 5022 53.-·-

2250 5035 2320 5080 De
2351 5033 2599 5096 'theagene
2635 5035 3052 5084 Macedonicorum
3089 5043 3286 5089 auctore
3316 5040 3535 5090 dicemus
3561 5043 3705 5092 infra.
3733 5069 3797 5080 —

2249 5102 2378 5152 Alios
2400 5104 2547 5165 hujus
2569 5104 2777 5154 nominis
2804 5108 3024 5155 auctores
3044 5119 3090 5156 v.
3125 5122 3202 5171 ap.
3239 5113 3436 5159 sueton.
3478 5118 3598 5174 Aug.
3637 5126 3682 5161 0.
3711 5115 3794 5174 9⁴3

2253 5172 2503 5222 Alexandr.
2519 5173 2767 5236 Apin-odis.
2789 5178 2849 5237 ll,
2870 5180 2932 5238 89
2953 5177 2996 5224 in
3017 5180 3158 5227 Gazae
3179 5193 3301 5228 vers.
3309 5197 3323 5242 ;
3337 5181 3505 5232 Galen.
3522 5184 3606 5245 lv,
3619 5195 3669 5245 p.
3693 5188 3795 5238 178.

2203 5299 2234 5315 fl
