4016 5916
364 385 480 436 218

364 500 458 555 τοῦ
482 494 662 564 ξοάνου
685 499 909 573 χρυσοῦν
933 491 1237 575 ἀφελόμενοι
1261 491 1509 572 στέφανον
1526 537 1540 566 ,
1563 491 1744 551 θυσίαν
1766 491 1921 550 ε’τίθε-

368 606 465 643 σαν
491 586 603 641 ἀντ’
625 585 801 641 αὐτοῦ.
831 584 952 641 Τῶν
978 578 1031 638 δὲ
1059 578 1416 663 Κεφαλλήνων
1439 578 1597 638 ἄλλον
1619 579 1923 653 ἐπιθέντων,

363 676 542 730 τοῦτον
572 669 832 729 ἀπέὸαλεν
873 673 906 739 ἡ
944 667 1079 741 θεὸς,
1122 667 1214 726 καὶ
1246 666 1423 747 χαμαὶ
1452 667 1683 745 κείμενος
1712 667 1919 747 εὑρέθη.

366 760 390 837 [
415 760 745 841 Κεφαλλῆνες
774 756 828 817 δὲ
859 754 961 815 ἀπὸ
984 761 1073 815 τοῦ
1099 755 1343 835 Κεφάλου
1372 754 1722 833 ἐκλήθησαν.]

749 901 754 907 “
791 887 1004 949 lell.
1063 887 1483 948 ΦΑΣΙΑΝΩΝ.

447 1021 623 1078 Φᾶσιν
639 1017 697 1077 τὸ
722 1017 771 1086 ἐξ
788 1019 953 1098 ἀρχῆς
973 1015 1206 1097 Ἡνίοχοι
1228 1016 1494 1099 κατῴκουν
1510 1064 1525 1089 ,
1547 1019 1705 1099 φῦλον
1727 1021 1919 1097 ἅνθρω-

364 1106 596 1187 ποφάγον
620 1105 711 1165 καὶ
740 1106 966 1185 ἐκδεῖρον
1006 1103 1125 1172 τοὺς
1153 1102 1481 1185 ἀνθρώπους,
1508 1103 1688 1164 ἔπειτα
1734 1106 1920 1177 Μιλή-

362 1216 484 1252 σιοι.
506 1193 777 1261 Φιλόξενοι
799 1193 841 1252 δ’
864 1192 992 1252 εἰσὶν
1008 1238 1025 1267 ,
1051 1191 1186 1252 ὥστε
1209 1192 1322 1259 τοὺς
1340 1192 1593 1269 ναυαγοὺς
1612 1194 1920 1275 ἐφοδιάζειν,

360 1279 455 1338 καὶ
478 1283 613 1361 τρεῖς
633 1290 763 1358 μνᾶς
790 1278 1022 1347 διδόντας
1051 1277 1316 1339 ἀπολύειν.

832 1416 991 1475 XIX.
1037 1416 1454 1476 AMOPrlnN.

447 1569 691 1651 Ἀμοργὸς
736 1562 867 1630 οἶνον
893 1570 1032 1651 φέρει
1060 1570 1221 1631 πολὺν
1255 1571 1345 1630 καὶ
1370 1570 1541 1632 ἔλαιον
1568 1572 1660 1632 καὶ
1687 1569 1918 1651 ὀπώρας.

839 1727 969 1786 XX.
1014 1728 1456 1788 AEYKANQN.

447 1865 515 1924 Oi
552 1862 607 1922 δὲ
648 1864 905 1924 Λευκανοὶ
937 1865 1186 1947 φιλόξενοι
1224 1866 1317 1926 καὶ
1344 1866 1550 1926 δίκαιοι.
1577 1866 1922 1927 Ἐὄασίλευσε

368 1949 423 2009 δὲ
450 1949 643 2010 τούτων
669 1951 939 2028 Δαμίσκος
953 1998 969 2031 ,
994 1951 1046 2020 ὃς
1064 1943 1173 2032 εἶχε
1196 1953 1377 2061 λύκουὶ
1379 1953 1465 2014 τὸν
1484 1953 1654 2034 τρίτον
1671 1954 1921 2014 δάκτυλον

352 2042 456 2095 τοῦ
478 2037 631 2105 ποδὸς
654 2038 758 2097 ἀπὸ
784 2043 873 2097 τόῠ
903 2040 1152 2118 μεγάλου.

772 2178 927 2238 XXI.
974 2179 1537 2277 ..Ὺ-’.ΑΜΟΘῙῘᾏΚΗΣδ

449 2315 516 2376 Ἡ
547 2313 865 2396 Σαμοθράκῃ
893 2316 954 2375 τὸ
979 2315 1072 2394 μὲν
1102 2316 1154 2387 ἐξ
1182 2319 1346 2398 ἀρχῆς
1373 2320 1613 2378 ἐκαλεῖτο
1632 2320 1922 2393 Λευκανία,

369 2401 451 2460 διὰ
478 2402 538 2461 τὸ
562 2404 719 2474 λευκὴ
752 2378 908 2462 ε’ίναι·
928 2403 1140 2485 ὕστερον
1169 2407 1241 2476 δὲ,
1270 2408 1498 2488 Θρακῶν
1527 2407 1920 2488 κατασχόντων,

364 2488 598 2570 Θρακία.
632 2491 846 2551 Τούτων
877 2490 929 2549 δὲ
960 2492 1293 2565 ἐκλιπόντων,
1318 2493 1532 2575 ὕστερον
1561 2494 1725 2554 ἔτεσιν
1756 2499 1922 2554 ἑπτα-

368 2578 590 2656 κοσίοις,
634 2577 829 2653 Σάμιοι
857 2575 1156 2660 κατῴκισαν
1180 2581 1361 2651 αὐτὴν,
1390 2580 1693 2648 ἐκπεσόντες
1720 2585 1812 2653 τῆς
1846 2585 1922 2641 οἷ-

370 2661 539 2735 κείας,
572 2663 661 2722 καὶ
694 2662 1044 2746 Σαμοθρᾴκην
1073 2663 1341 2725 ἐκάλεσαν.

795 2805 989 2863 ΧΧΙΙ.
1035 2806 1486 2867 MAanTnN.

449 2929 722 3009 Μάγνητες
745 2932 808 2990 δι’
837 2932 1128 3012 ὑπερὸολὴν
1151 2935 1505 3014 ἀτυχημάτων
1530 2936 1702 2996 πολλὰ
1726 2939 1923 3000 ἐκακώ-

352 3021 548 3088 θησαν·
578 3018 669 3075 καί
697 3041 797 3077 που
824 3020 914 3078 καὶ
944 3019 1241 3100 Ἀρχίλοχός
1267 3045 1420 3102 φησι·

491 3135 653 3185 matu»
672 3137 921 3187 θαλασσῶν
944 3138 997 3204 [Ι.
1018 3140 1077 3189 τὰ
1097 3140 1326 3206 Θασίων]
1351 3144 1406 3193 οὐ
1425 3144 1483 3194 τὰ
1507 3146 1768 3206 Μαγνήτων
1782 3148 1921 3197 κακά.

1728 369 2206 432 RERACLIDES

2013 513 2126 550 nam
2163 511 2357 549 auream
2398 496 2701 561 spoliassent,
2738 496 3026 547 sacrificium
3060 510 3148 562 pro
3184 511 3241 547 ea
3272 498 3570 550 obtulerunt.

2015 586 2325 649 Cephallenes
2343 587 2506 635 autem
2531 597 2681 648 quum
2700 584 2843 635 aliam
2860 597 3087 635 coronam
3106 585 3468 650 imposuissent,
3491 602 3570 638 re-

2008 673 2127 737 iecit
2147 687 2253 724 eam
2270 673 2360 724 dea
2375 672 2608 735 humique
2621 672 2785 734 jacens
2801 671 2993 722 inventa
3014 677 3102 723 est.

2076 759 2405 825 [Cephallenes
2423 773 2452 809 a
2474 760 2682 824 Cephalo
2704 772 2880 810 nomen
2900 758 3060 825 adepti
3083 760 3234 826 sunt].

2375 885 2588 946 XVlll.
2635 883 3212 945 PHASIANORUM.

2076 1022 2250 1074 Phasin
2271 1021 2407 1073 initio
2442 1022 2757 1072 accoluerunt
2777 1021 3035 1085 Heniochi,
3063 1035 3179 1084 gens
3209 1022 3457 1085 immanis,
3486 1023 3567 1072 cul

2013 1110 2231 1160 homines
2256 1109 2522 1160 excoriatos
2548 1122 2718 1158 vorare
2746 1110 2797 1158 in
2823 1122 2958 1158 more
2976 1109 3186 1172 positum
3210 1111 3316 1160 erat
3357 1128 3369 1159 z
3407 1112 3571 1172 postea

2015 1198 2198 1248 Milesii.
2225 1196 2494 1260 Hospitales
2511 1199 2675 1247 autem
2690 1198 2804 1247 sunt
2820 1196 2941 1247 adeo
2959 1234 2975 1260 ,
2994 1198 3051 1247 ut
3074 1198 3316 1261 naufragis
3338 1199 3569 1248 viaticum

2015 1285 2285 1348 praebeant,
2305 1286 2500 1347 tresque
2519 1283 2673 1335 minas
2690 1284 2748 1334 iis
2763 1282 2931 1335 dantes
2948 1283 3211 1335 dimittant.

2413 1419 2569 1478 XIX.
2615 1418 3172 1480 AMORGIORUM.

2077 1586 2310 1644 Amorgos
2331 1580 2525 1631 abunde
2558 1581 2728 1630 vinum
2764 1579 3013 1644 producit,
3033 1582 3081 1631 et
3098 1580 3259 1631 oleum
3289 1582 3339 1631 et
3369 1580 3569 1631 fructus.

2449 1730 2579 1789 XX.
2626 1728 3132 1790 LUCANORUM.

2080 1875 2259 1926 Lucani
2276 1876 2533 1940 hospitales
2549 1877 2662 1927 sunt
2678 1879 2728 1926 et
2743 1875 2976 1938 iustitiam
2995 1876 3178 1927 colunt.
3195 1877 3428 1939 Regnavit
3443 1875 3573 1939 apud

2016 1976 2098 2014 eos
2129 1963 2399 2027 LamiscuS,
2430 1964 2514 2027 qui
2545 1963 2741 2014 tertium
2779 1964 2911 2027 pedis
2941 1963 3144 2027 digitum
3177 1963 3339 2026 lupino
3369 1963 3574 2014 similem

2015 2051 2237 2102 babebat.

2399 2186 2555 2245 xxi.
2603 2186 3186 2247 SAMOTHRACIAE.

2078 2332 2404 2382 Samothracia
2439 2331 2577 2381 initio
2609 2331 2738 2381 dicta
2775 2331 3038 2394 Leucania,
3059 2346 3117 2382 eo
3143 2331 3270 2394 quod
3310 2332 3418 2381 alba
3450 2333 3522 2382 ast
3561 2352 3575 2382 ε

2017 2418 2179 2480 postea
2193 2454 2207 2479 ‚
2230 2431 2381 2480 quum
2404 2418 2611 2467 Thracas
2635 2430 2742 2467 eam
2766 2418 3100 2480 occupassent,
3126 2416 3327 2468 Thracia
3339 2433 3356 2479 ;
3378 2419 3426 2467 et
3447 2417 3580 2468 bisce

2015 2504 2343 2555 deficientibus
2377 2507 2486 2568 post
2528 2518 2679 2555 annos
2713 2505 3033 2568 septingentos
3050 2542 3067 2568 ,
3109 2504 3255 2555 Samii
3295 2520 3380 2556 sua
3422 2505 3577 2569 patria

2014 2594 2232 2643 extorres
2263 2606 2371 2643 eam
2404 2594 2795 2657 frequentarunt,
2817 2605 2846 2641 a
2877 2593 3053 2656 quibus
3089 2594 3415 2645 Samothracia
3445 2594 3575 2644 dicta

2016 2684 2102 2730 cst.

2437 2814 2626 2873 xxu.
2671 2814 3135 2874 MAGNETUM.

2080 2950 2137 3001 ni
2155 2949 2219 3000 ob
2237 2949 2562 3001 incredibilem
2581 2950 2816 3015 superbioe
2835 2950 3211 3014 magnitudinem
3231 2953 3396 3004 multis
3422 2953 3575 3005 modis

2014 3037 2179 3088 amicti
2195 3041 2324 3089 sunt.
2347 3039 2661 3090 Archilochus
2676 3053 2871 3103 quoque
2888 3040 3062 3090 alicubi
3080 3041 3148 3091 ait
3168 3060 3181 3091 z

2094 3151 2294 3209 Deploro
2313 3152 2510 3198 martum
2534 3152 2820 3208 [Tliaslorum]
2834 3184 2849 3208 ,
2871 3163 2962 3198 non
2991 3155 3251 3210 Magnetum
3270 3156 3405 3200 mala.

368 3236 703 3320 Ἱπποτρόφοι
720 3241 764 3298 δ’
781 3240 928 3317 εἰσὶν,
948 3223 1003 3301 dv
1017 3241 1207 3321 τρόπον
1222 3242 1312 3302 καὶ
1334 3245 1680 3327 Κολοφώνιοι,
1702 3251 1921 3310 πεδιάδα
2015 3268 2175 3323 Quum
2212 3267 2526 3329 campestrem
2553 3265 2766 3316 incolant
2784 3268 2960 3317 terram
2975 3303 2991 3328 ,
3019 3279 3252 3330 equorum
3290 3270 3571 3320 nutriendo·

368 3323 546 3406 χώραν
576 3325 795 3405 ἔχοντες.

369 3489 533 3540 eadem
556 3491 680 3540 linea
704 3492 859 3555 jungit
880 3493 1284 3546 antecedentibus.
1310 3523 1373 3533 —
1394 3499 1624 3548 Μολοττοὶ
1651 3501 1700 3549 δὲ
1721 3506 1757 3551 Α
1768 3516 1789 3558 ;
1813 3516 1930 3565 mox

367 3561 447 3609 τὸν
477 3567 560 3611 τοῦ
585 3562 748 3619 ξοάνου
785 3564 973 3612 mavult
1002 3567 1233 3628 Corayus.
1264 3592 1329 3604 —-
1349 3568 1532 3634 θυσίαν]
1567 3572 1768 3620 καυσίαν
1799 3575 1925 3636 conj.

370 3631 559 3693 Koeler;
595 3635 726 3682 recte
752 3633 1098 3696 refragantibus
1130 3635 1496 3698 Schneidewino
1529 3641 1579 3689 et
1603 3640 1813 3704 Sinteni,
1843 3644 1928 3707 qui

354 3701 565 3750 omnino
588 3702 703 3751 nihil
724 3716 753 3752 a
780 3704 997 3754 Molossis
1025 3705 1167 3756 fuisse
1184 3706 1462 3770 impositum
1486 3712 1740 3761 monstrari
1767 3717 1929 3765 monet

370 3782 489 3820 voce
511 3772 661 3821 ἄλλον.
683 3776 903 3822 Ceterum
923 3775 984 3824 de
1007 3775 1202 3826 historia
1221 3777 1312 3826 hac
1334 3778 1629 3831 subobscura
1662 3783 1881 3835 Koelerus
1912 3805 1926 3836 ε

374 3861 395 3884 «
420 3845 460 3891 N
466 3855 558 3891 unc
577 3843 810 3904 conjicere
827 3847 1017 3895 tantum
1035 3859 1230 3909 possum
1254 3860 1451 3899 narrare
1468 3850 1614 3900 verba
1630 3853 1897 3917 prodigium
1910 3892 1925 3917 ,

370 3914 624 3975 imperium
638 3914 835 3975 jamiam
857 3914 1076 3965 futurum
1095 3917 1411 3968 Molossorum
1428 3922 1478 3968 ln
1497 3922 1806 3984 Cephallenes
1825 3939 1929 3988 por-

370 3982 585 4033 tendens.
611 4002 637 4028 n
666 3984 865 4033 Dianam
886 3985 935 4035 b.
957 3986 991 4035 l.
1011 3986 1220 4050 intelligo
1237 3990 1469 4053 Λαφρίαν,
1493 4003 1640 4053 quam
1660 3993 1707 4042 in
1729 3996 1928 4058 Cephal·

369 4050 494 4100 lenia
528 4052 646 4116 ἱερὸν
677 4052 897 4103 habuisse
925 4053 1079 4116 liquet
1110 4068 1169 4105 ex
1198 4060 1438 4109 Antonino
1461 4060 1560 4110 Lib.
1587 4075 1634 4112 c.
1664 4065 1736 4112 14.
1760 4065 1930 4116 cultus

369 4119 515 4181 hujus
542 4121 645 4171 deoe
663 4136 725 4172 ex
757 4123 1015 4173 Ambracia
1034 4127 1083 4174 et
1098 4126 1275 4177 AEtolia
1297 4131 1465 4178 Patras
1494 4131 1802 4185 transductus
1828 4139 1925 4197 est,

358 4190 493 4239 *teste
514 4192 744 4241 Pausania
769 4195 854 4253 lv,
878 4200 955 4255 31,
975 4199 1001 4246 7
1024 4197 1073 4245 et
1099 4198 1210 4258 vn,
1237 4203 1307 4260 18,
1329 4204 1376 4260 8,
1407 4213 1507 4262 quo
1536 4201 1797 4263 posteriore
1821 4205 1928 4255 loco

369 4258 652 4310 describitur
692 4263 940 4324 sacrificii,
960 4265 1093 4326 quod
1122 4267 1307 4332 Λαφρία
1341 4270 1561 4334 offertur,
1584 4272 1704 4322 ratio
1735 4275 1856 4324 mira
1881 4280 1930 4326 et

368 4329 705 4380 semibarbara.
730 4332 846 4382 Tale
883 4333 1171 4384 sacrificium
1200 4337 1368 4388 Diana:
1399 4340 1669 4401 praedatrici
1701 4345 1930 4395 Molossos

369 4401 558 4449 nostros
588 4400 839 4463 praedones
868 4402 919 4451 in
957 4404 1262 4466 Cephallenia
1284 4408 1544 4460 instituisse
1572 4413 1743 4462 auctor
1768 4419 1929 4465 noster

368 4481 583 4520 narrasse
604 4471 718 4520 mihi
736 4470 940 4522 videtur.
958 4502 1017 4514 --
1031 4475 1255 4542 ἐτίθεσαν]
1272 4479 1431 4529 ἔθεσαν
1447 4483 1929 4545 Coray.—Postrema

369 4540 515 4588 verba
527 4578 543 4602 ,
563 4554 672 4604 quae
691 4542 828 4591 uncis
843 4543 1063 4596 distinxit
1085 4547 1477 4601 Sclmeidewinus
1489 4588 1504 4613 ,
1522 4556 1735 4616 arguunt
1756 4557 1930 4607 Molot-

370 4611 530 4728 toritim
561 4610 739 4673 politiae
768 4611 884 4662 olim
921 4614 1177 4668 adhaesisse
1206 4620 1303 4682 pol.
1330 4622 1703 4688 Cephallenum,
1738 4625 1809 4676 uti
1842 4640 1929 4690 par

371 4692 450 4727 era
478 4716 490 4728 .

432 4750 606 4832 xvl‘ll.
634 4751 787 4800 Φᾶσιν
808 4752 864 4801 τὸ
891 4751 936 4809 ἐξ
960 4754 1056 4819 ἀμ]
1091 4757 1471 4823 Schneidewin.;
1494 4765 1606 4826 φασὶ
1630 4764 1684 4814 τὸ
1717 4769 1779 4823 ὡς
1803 4767 1849 4822 ἐξ
1880 4768 1925 4817 ἀ.

369 4817 469 4903 ἐὺς
494 4834 628 4879 φασιν
650 4818 814 4882 (φασὶν
843 4823 999 4885 CPp.)
1018 4828 1082 4880 ὠς
1099 4827 1153 4876 τὸ
1173 4827 1209 4876 ἐ.
1233 4828 1280 4876 ἀ.
1306 4830 1494 4893 reliqui.
1524 4858 1583 4869 -—
1600 4835 1820 4900 ἐκδεῖρον]
1846 4838 1925 4887 ἐκ·

370 4902 496 4950 οερον
516 4886 704 4950 abcdeq
720 4917 785 4930 -
804 4889 936 4953 μνᾶς]
960 4898 1103 4953 μῆνας
1123 4898 1221 4947 Ac.
1244 4927 1308 4939 -
1326 4900 1560 4967 ἀπολῦειν]
1579 4906 1750 4967 Coray.
1767 4943 1782 4970 ,
1807 4908 1919 4957 ἀπο-

2014 3364 2121 3400 rum
2149 3365 2281 3403 curae
2309 3353 2626 3416 incumbunt,
2650 3354 2778 3404 sicut
2803 3355 2949 3404 etiam
2978 3355 3274 3417 Colophonii.

2018 3508 2408 3559 antecedentibus
2423 3509 2594 3574 jungit.
2617 3514 2689 3561 De
2718 3525 2769 3561 re
2795 3512 2859 3560 cs.
2887 3511 3060 3561 AElian.
3081 3515 3142 3562 V.
3165 3515 3225 3562 H.
3251 3515 3332 3574 lv,
3359 3519 3376 3562 1
3400 3532 3413 3563 2
3439 3515 3577 3576 Λέγει

2016 3592 2082 3633 τις
2113 3578 2252 3640 νόμος
2278 3582 2554 3630 Λευκανῶν·
2583 3581 2664 3630 ἐὰν
2695 3582 2828 3639 ἡλίου
2852 3583 3066 3639 δύναντος
3092 3582 3312 3645 ἀφίκηται
3343 3585 3463 3640 ξένος
3494 3587 3574 3633 καὶ

2017 3649 2253 3711 παρελθεῖν
2274 3651 2466 3715 ἐθελήσῃ
2486 3653 2548 3708 εἰς
2573 3653 2741 3715 στέγην
2757 3653 2879 3710 τινὸς
2892 3689 2905 3714 ,
2925 3653 3025 3702 εἶτα
3047 3654 3109 3716 μή
3127 3653 3306 3711 δέξηται
3320 3655 3397 3703 τὸν
3416 3655 3575 3718 ἄνδρα,

2016 3722 2289 3781 ζημιοῦσθαι
2318 3722 2457 3771 αὐτὸν
2480 3723 2559 3771 καὶ
2588 3723 2776 3786 ὑπέχειν
2810 3724 2938 3779 δίκας
2956 3730 3037 3783 τῆς
3056 3724 3349 3785 κακοξενίας,
3376 3725 3474 3786 ἐμοὶ
3495 3725 3573 3774 ὅο-

2016 3793 2114 3848 κεῖ,
2139 3791 2218 3838 καὶ
2243 3795 2309 3853 τῷ
2332 3790 2566 3855 ἀφιγμένῳ
2581 3793 2660 3840 καὶ
2693 3798 2759 3855 τῷ
2778 3791 2908 3856 ξενίῳ
2927 3792 3021 3844 Διί.
3055 3819 3108 3829 -—
3132 3792 3226 3842 ἀπὸ
3246 3799 3329 3842 τοῦ
3353 3793 3572 3858 μεγάλου]

2018 3861 2182 3922 ΑΟΡΡ
2203 3872 2222 3914 ,·
2268 3860 2317 3909 in
2353 3861 2550 3924 reliquis
2593 3862 2901 3924 omittuntur,
2938 3861 3279 3926 abundantque
3322 3863 3411 3913 nisi
3461 3876 3576 3914 cum

2017 3930 2210 3978 Koelero
2236 3932 2419 3980 statuas
2436 3945 2517 3981 sex
2537 3931 2710 3994 digitos
2729 3932 2942 3981 Lamisco
2958 3931 3114 3982 fuisse.

2077 4002 2206 4050 xxi.
2243 4000 2562 4066 Σαμοθρᾴκης]
2610 4001 2958 4052 Schneidewin.
3003 4016 3031 4053 e
3067 4001 3218 4053 schol.
3268 4001 3421 4065 Apoll.
3473 4003 3574 4055 sive

2018 4067 2213 4118 Aristot.
2262 4068 2320 4116 fr.
2376 4073 2494 4132 1713
2536 4070 2812 4134 Σαμοθρᾴκη
2850 4083 2961 4134 vgo.
2987 4072 3128 4123 -Ἡ
3169 4069 3397 4134 Σαμοθρ.]
3431 4073 3571 4123 artic.

2017 4152 2117 4188 om.
2147 4141 2200 4189 C.
2222 4159 2285 4174 -
2307 4140 2565 4205 Λευκανία]
2588 4141 2841 4192 Λευκωσία
2865 4155 2960 4192 sec.
2998 4144 3300 4194 Aristotelem
3321 4143 3339 4204 (
3358 4142 3417 4191 sr.
3453 4148 3530 4194 171
3553 4146 3570 4208 )

2017 4221 2095 4272 ap.
2128 4208 2279 4259 schol.
2308 4210 2526 4272 Apollon.
2554 4214 2738 4275 Fragm.
2775 4225 2932 4274 geogr.
2957 4214 3221 4264 Matritens.
3260 4226 3336 4275 ap.
3372 4211 3573 4261 lriarten

2020 4278 2171 4329 codd.
2203 4280 2379 4329 Matrit·
2417 4284 2464 4340 1,
2495 4287 2586 4330 305
2623 4302 2634 4331 z
2674 4281 2940 4344 Λεύκοφρυς
2964 4285 2994 4343 ἡ
3023 4289 3101 4333 νῦν
3119 4282 3574 4345 Τένεδος,Ὑδροῦσα

2017 4351 2047 4405 ἠ
2073 4352 2152 4397 νῦν
2176 4350 2305 4406 Κὲως
2320 4386 2335 4411 ,
2364 4352 2619 4400 Λευκανί
2631 4370 2662 4400 α
2687 4355 2716 4410 ἡ
2735 4355 2814 4400 νῦν
2833 4353 3131 4418 Σαμοθρᾴκη.
3157 4355 3273 4403 Haec
3297 4353 3494 4402 sortasse
3512 4365 3574 4402 ex

2019 4419 2118 4480 ipso
2148 4420 2409 4470 Heraclide.
2438 4422 2598 4471 schol.
2620 4425 2742 4472 ven.
2773 4421 2824 4471 ll.
2846 4441 2913 4486 ω,
2935 4427 2993 4474 78
3024 4426 3070 4473 et
3096 4423 3314 4473 Eustath.
3343 4435 3388 4486 p.
3427 4426 3572 4484 1340,

2022 4493 2074 4538 li
2100 4490 2405 4556 ιΣαμοθρᾴκη
2425 4493 2734 4543 Λευκωνία
2756 4493 2974 4558 πρότερον
2999 4495 3206 4542 ἐκαλεῖτο
3219 4531 3234 4555 ,
3254 4493 3355 4542 εἶτα
3373 4494 3464 4542 ὑπὸ
3484 4495 3574 4542 Σα-

2018 4558 2137 4621 μίων
2155 4559 2429 4622 οἰκισθεῖσα,
2446 4561 2512 4611 ὥν
2525 4562 2583 4612 τὰ
2602 4564 2757 4629 σκάφη
2776 4565 2934 4614 αὐτόθι
2951 4564 3244 4629 αἰχμάλωται
3265 4567 3476 4627 Θρῇσσαι
3491 4580 3572 4612 κα·

2015 4629 2265 4689 τὲκαυσαν,
2287 4631 2561 4695 Σαμοθρᾴκη
2581 4634 2868 4698 ὠνόμασται.
2894 4637 3016 4692 Quae
3037 4634 3240 4698 genuina
3260 4634 3411 4683 forma
3429 4633 3574 4684 fuerit

2016 4696 2146 4746 dictu
2179 4697 2388 4749 difficile.
2414 4731 2476 4743 -
2496 4702 2670 4767 λευκὴ]
2691 4704 2814 4768 deq,
2846 4706 3013 4765 λευκὴν
3050 4704 3235 4767 reliqui.
3261 4731 3324 4740 —-
3346 4702 3492 4753 Samii
3525 4707 3572 4754 in

2019 4768 2391 4818 Samothraciam
2407 4770 2672 4834 migrarunt
2690 4775 2828 4825 annis
2848 4782 2939 4826 209
2958 4777 3064 4837 post
3079 4776 3249 4825 Troica
3261 4812 3277 4836 ,
3292 4776 3414 4824 teste
3431 4773 3572 4837 Apol·

2018 4838 2185 4887 lodoro
2206 4838 2265 4889 sr.
2298 4845 2398 4891 180.
2422 4839 2495 4891 Cf.
2519 4845 2706 4894 Mulier.
2733 4847 2854 4896 Min.
2877 4859 2926 4908 p.
2954 4852 3028 4896 65.
3051 4849 3158 4896 452.

2078 4910 2230 4958 ΧΧΙῘ.
2266 4914 2308 4959 1.
2340 4910 2600 4978 Μάγνητες]
2623 4918 2661 4965 Α
2688 4917 2752 4976 0,
2776 4915 2905 4965 οὗτοι
2940 4915 3129 4978 reliqui.
3161 4943 3222 4952 -
3255 4915 3336 4964 καί
3360 4932 3452 4965 που
3472 4915 3572 4980 καὶ]

368 4958 495 5006 πλεῖν
518 4956 689 5019 codd.;
710 4959 789 5008 ἐᾶν
813 4961 1034 5012 ἀποπλεῖν
1066 4965 1270 5029 Koeler.;
1290 4969 1512 5027 λαὸὁντας
1531 4974 1753 5025 ἀποπλεῖν
1772 4975 1925 5028 Sinte-
2016 4981 2080 5039 A;
2100 4979 2200 5027 ὅθεν
2228 4980 2306 5029 καὶ
2331 4982 2444 5031 cett.
2460 5006 2525 5018 —-
2541 4983 2652 5046 φησί
2671 5000 2682 5012 ·
2709 4985 2858 5034 κλαίω
2882 4985 2982 5035 θαλ.
3004 4986 3059 5035 οὐ
3081 4981 3174 5050 τὰ]
3196 4988 3322 5036 ACP
3340 4989 3386 5034 et
3408 4999 3570 5049 margo

356 5023 456 5074 nis.
492 5029 563 5076 De
583 5040 636 5079 re
657 5028 717 5077 ct'.
738 5029 962 5083 Nicolaus
982 5035 1119 5084 Dam.
1143 5036 1201 5085 t'r.
1234 5044 1347 5100 1013
1374 5041 1562 5093 Mulier.
1587 5046 1717 5095 Min.
1743 5058 1791 5108 p.
1814 5052 1922 5098 282.

428 5098 557 5146 XIX.
589 5098 794 5163 ὀπώρας]
816 5106 852 5151 Α
865 5113 886 5158 ,·
909 5101 1097 5168 ὀπώραν
1122 5107 1310 5170 reliqui.

2012 5060 2076 5112 p,·
2098 5050 2208 5111 φησὶ
2231 5050 2292 5098 τὰ
2307 5051 2570 5115 Μαγνήτων
2589 5055 2714 5103 κακά
2735 5053 2922 5118 reliqui.
2945 5057 3121 5106 Versus
3141 5056 3470 5106 Archilochius
3486 5067 3568 5117 ap.
3589 5101 3594 5118 ,

2017 5117 2311 5168 Heraclidem
2338 5122 2502 5182 procul
2525 5121 2672 5171 dubio
2698 5123 2974 5186 corruptus;
3000 5123 3314 5174 emendarunt
3342 5138 3452 5174 eum
3479 5120 3570 5172 viri

429 5167 532 5217 ΧΧ·
566 5170 610 5219 οἱ
642 5170 690 5219 δὲ
712 5170 792 5238 Λ·]
822 5162 953 5231 ΑΟ.)
985 5177 1215 5226 Λευκανοὶ
1239 5179 1422 5243 reliqui.
1460 5183 1580 5234 cod.
1614 5187 1655 5236 A
1678 5185 1783 5236 haee
1807 5199 1920 5238 cum
2011 5187 2138 5237 doen
2164 5202 2191 5238 e
2213 5189 2445 5241 strabone
2460 5194 2587 5254 xiv,
2612 5204 2661 5254 p.
2686 5196 2803 5255 648,
2828 5193 2910 5243 ubi
2938 5193 3226 5258 ιἎρχίλοχος
3245 5195 3295 5244 ει
3309 5195 3395 5253 ἤδη
3415 5193 3572 5257 φαίνε-
