4016 5916
465 382 574 436 392

1616 366 2039 427 HECATAEL’S
2081 364 2487 425 ABDERITA.‘

452 502 833 567 καταλελύσθαι
864 501 1131 563 affligam
1160 501 1285 581 παρ’
1318 504 1486 566 αὐτοῖς
1515 499 1605 566 τὰς
1632 500 1882 579 πατρίους
1905 504 2006 555 τῶν
2047 526 2057 562 ι
2095 498 2301 563 τούτους
2327 500 2479 577 ἱερεῖς
2507 495 2765 564 ἀπέδειξε·
2796 494 2889 566 τὴν
2915 495 2968 554 δὲ
2989 494 3253 576 διατριὸὴν
3279 494 3454 564 ἔταξεν
3480 500 3672 556 αὐτῶν

453 598 579 652 θεῶν
607 592 781 668 τιμάς.
869 591 930 666 (2)
952 589 1128 665 ’Ὅπερ
1157 590 1202 646 οἱ
1226 592 1316 658 τῆς
1339 586 1514 667 χώρας
1552 589 1771 663 ἐγγενεῖς
1807 585 2007 643 ὑπέλα-

453 681 563 752 6ον,
591 680 677 738 ἐὰν
715 680 796 755 μὴ
827 676 942 743 τοὺς
980 674 1298 755 ἀλλοφύλους
1353 673 1811 751 μεταστήσωνται,
1840 671 2007 750 κρίσιν

452 771 548 826 οὐκ
579 767 786 825 ἔσεσθαι
813 766 914 822 τῶν
944 765 1136 821 κακῶν.
1223 756 1392 826 Εὐθὺς
1428 750 1516 818 οῦν
1558 759 2006 836 ξενηλατουμένων

452 860 556 913 τῶν
582 854 887 921 ἀλλοεθνῶν,
921 853 967 908 οἱ
986 851 1076 925 μὲν
1098 847 1499 928 ἐπιφανέστατοι
1526 847 1615 905 καὶ
1652 845 2007 927 δραστικώτα-

452 967 534 1001 τοι
562 939 936 1019 συστραφέντες
962 937 1316 1016 ἐξερρίφησαν,
1363 932 1431 1001 ὥς
1449 935 1579 1002 τινές
1606 956 1778 1014 φασιν,
1815 935 1886 1000 εἷς
1915 930 2011 1004 τὴν

454 1029 689 1090 Ἐλλάδα
712 1027 802 1085 καί
838 1048 978 1091 τινας
1005 1025 1206 1104 ἐτέρους
1231 1021 1447 1096 τόπους,
1483 1021 1685 1102 ἔχοντες
1719 1020 2012 1098 ἀξιολόγους

454 1116 743 1197 ἡγεμόνας,
770 1106 841 1172 ὧν
866 1119 1082 1191 ἡγοῦντο
1109 1111 1311 1177 Δάναος
1332 1111 1420 1169 καὶ
1452 1110 1666 1187 Κάδμος
1693 1113 1794 1167 τῶν
1837 1106 2007 1166 ἄλλων

456 1203 881 1283 ἐπιφανέστατοι·
912 1205 939 1259 ὁ
961 1198 1035 1259 ’δὲ
1059 1196 1217 1264 πολὺς
1259 1196 1388 1263 λεὼς
1416 1194 1649 1263 ἐξέπεσεν
1691 1198 1761 1262 εἷς
1799 1193 1895 1265 τὴν
1920 1199 2010 1253 νῦν

454 1290 780 1367 καλουμένην
810 1287 1087 1363 Ἰουδαίαν,
1108 1287 1165 1344 οὔ
1195 1285 1370 1364 πόρρω
1395 1281 1487 1360 μὲν
1511 1282 1752 1358 κειμένην
1785 1285 1875 1353 τῆς
1905 1284 2006 1341 Αἰ-

454 1379 652 1458 γύπτου
668 1422 686 1454 ,
721 1377 988 1442 παντελῶς
1021 1371 1075 1432 δὲ
1099 1372 1289 1452 ἔρημον
1310 1363 1467 1429 οὖσαν
1498 1374 1613 1428 κατ’
1645 1369 1864 1435 ἐκείνους
1893 1367 2008 1435 τοὺς

453 1467 682 1545 χρόνους.
768 1464 831 1543 (3)
855 1462 1067 1539 Ἥγεῑτο
1086 1459 1139 1517 δὲ
1160 1465 1268 1538 ,τῆς
1288 1457 1525 1522 ἀποικίας
1570 1461 1597 1514 ὃ
1625 1454 2011 1536 προσαγορευό-

457 1535 608 1629 μενος
636 1556 857 1622 Μωσῆς,
883 1548 1125 1630 φρονήσει
1148 1569 1203 1605 τε
1225 1545 1315 1604 καὶ
1342 1543 1550 1625 ἀνδρεία
1579 1543 1711 1603 πολὺ
1733 1545 2007 1625 διαφέρων.

458 1632 624 1705 Οὗτος
643 1639 697 1697 δὲ
716 1635 1139 1711 καταλαὸόμενος
1164 1633 1256 1703 τὴν
1284 1632 1482 1712 χώραν,
1523 1632 1684 1698 ἄλλας
1733 1654 1787 1689 τε
1836 1631 2012 1697 πόλεις

458 1731 627 1787 ἔκτισε
650 1726 739 1784 καὶ
758 1724 850 1796 τὴν
874 1729 961 1781 νῦν
991 1714 1148 1779 οὖσαν
1169 1719 1598 1801 ἐπιφανεστάτην,
1626 1717 2012 1795 ὀνομαζομένην

463 1814 823 1894 Ἱεροσόλυμα.
847 1809 1116 1888 Ἱδρύσατο
1147 1806 1199 1866 δὲ
1225 1808 1313 1865 καὶ
1350 1806 1408 1864 τὸ
1437 1805 1666 1883 μάλιστα
1685 1809 1811 1884 παρ’
1841 1809 2015 1872 αὐτοῖς

459 1903 751 1977 τιμώμενον
770 1897 929 1976 ἱερόν,
957 1896 1045 1954 καὶ
1070 1894 1162 1962 τὰς
1191 1892 1346 1971 τιμὰς
1373 1893 1463 1952 καὶ
1483 1893 1744 1970 ἁγιστείας
1768 1898 1859 1950 τοῦ
1878 1893 2013 1952 θείου

460 1987 719 2055 κατέδειξε
740 2031 755 2058 ,
783 1983 958 2043 καὶτὰ
982 1982 1117 2041 κατὰ
1154 1981 1248 2051 τὴν
1294 1980 1559 2039 πολιτείαν
1591 1978 1929 2054 ἔνομοθέτησέ
1955 2002 2013 2037 τε

460 2077 551 2133 καὶ
572 2074 788 2140 διέταξε.
873 2073 1044 2134 Διεῗλε
1068 2070 1121 2127 δὲ
1144 2070 1203 2128 τὸ
1221 2071 1412 2140 πλῆθος
1431 2071 1501 2134 εἷς
1522 2066 1720 2126 δώδεκα
1746 2066 1906 2148 φυλὰς
1928 2066 2013 2125 διὰ

461 2163 520 2221 τὸ
548 2163 633 2220 τὸν
663 2165 694 2218 ά
732 2161 875 2238 ιθμὸν
897 2164 1075 2217 τοῦτον
1098 2156 1415 2216 τελειότατον
1445 2156 1739 2232 νομίζεσθαι
1758 2154 1848 2212 καὶ
1880 2153 2003 2231 σύμ-

463 2272 629 2330 φωνον
659 2186 791 2307 cizan
825 2251 901 2327 τῷ
949 2245 1137 2318 πλήθει
1179 2249 1280 2304 τῶν
1324 2247 1501 2319 μηνῶν
1532 2246 1635 2300 τῶν
1674 2240 1761 2299 τὸν
1781 2241 2014 2300 ἐνιαυτὸν

464 2335 924 2418 συμπληρούντων.
1013 2336 1073 2412 (4)
1115 2332 1358 2409 Ἀγαλμα
1383 2329 1437 2388 δὲ
1468 2332 1596 2389 θεῶν
1627 2329 1685 2387 τὸ
1724 2330 1932 2387 σύνολον
1956 2330 2013 2386 οὗ

461 2422 813 2496 κατεσκεύασε
830 2420 917 2480 διὰ
942 2419 1002 2479 τὸ
1029 2418 1102 2497 μὴ
1143 2418 1364 2496 νομίζειν
1400 2414 1835 2498 ἀνθρωπόμορφον
1883 2405 2013 2474 εἶναι

462 2513 551 2570 τὸν
571 2511 702 2583 θεόν,
739 2511 875 2568 ἀλλὰ
910 2508 997 2566 τὸν
1026 2505 1333 2586 περιέχοντα
1373 2504 1467 2576 τὴν
1492 2508 1588 2582 γῆν
1618 2503 1828 2582 οὗρανὸν
1861 2501 2014 2577 μόνον

466 2593 597 2657 εἶναι
621 2598 732 2656 θεὸν
762 2596 853 2655 καὶ
879 2598 981 2653 τῶν
1009 2593 1141 2652 ὅλων
1164 2594 1357 2671 κύριον.
1442 2590 1555 2658 Τὰς
1583 2589 1637 2648 δὲ
1665 2590 1839 2656 θυσίας
1864 2589 2014 2662 ἐξηλ-

463 2683 728 2761 λαγμένας
760 2681 1110 2750 συνεστήσατο
1126 2683 1227 2738 τῶν
1247 2677 1393 2758 παρὰ
1416 2687 1520 2745 τοῖς
1542 2677 1715 2744 ἄλλοις
1742 2678 1906 2735 ἔθνεσι
1924 2675 2015 2735 καὶ

464 2769 556 2838 τὰς
581 2769 715 2828 κατὰ
741 2769 824 2828 τὸν
857 2768 964 2847 βίον
1003 2765 1231 2845 ἀγωγάς·
1266 2764 1351 2825 διὰ
1376 2765 1477 2846 γὰρ
1505 2765 1599 2837 τὴν
1636 2763 1770 2822 ἰδίαν
1804 2763 2016 2834 ξενηλα-

467 2857 584 2915 σίαν
607 2853 955 2931 ἀπάνθρωπόν
984 2878 1096 2912 τινα
1122 2854 1212 2912 καὶ
1253 2852 1510 2929 μισόξενον
1543 2852 1650 2931 βίον
1692 2851 2013 2928 εἰςηγήσατο.

467 2942 745 3011 Ἔπιλέξας
772 2942 826 3001 δὲ
854 2945 955 3001 τῶν
990 2941 1185 3020 ἀνδρῶν
1221 2940 1335 3006 τοὺς
1382 2938 1751 3020 χαριεστάτους
1795 2939 1883 2998 καὶ
1910 2942 2015 3015 μά-

466 3035 623 3091 λιστα
646 3028 1014 3106 δυνησομένους
1033 3034 1121 3086 τοῦ
1143 3028 1441 3100 σύμπαντος
1462 3027 1628 3095 ἔθνους
1651 3023 2015 3105 προΐστασθαι,

467 3200 804 3249 submoverent
822 3232 836 3257 ,
867 3198 1081 3266 futurum
1111 3202 1162 3246 ut
1193 3198 1330 3246 malis
1356 3211 1599 3259 nunquam
1628 3200 2016 3247 exonerarentur.

469 3278 643 3326 Statim
672 3276 813 3338 igitur
834 3274 1043 3337 expulsis
1066 3275 1266 3323 aliarum
1290 3275 1537 3323 nationum
1571 3274 1843 3325 hominibus
1860 3312 1874 3334 ‚
1909 3288 2019 3338 pars

466 3354 758 3403 nobilissima
776 3354 823 3403 et
837 3353 1117 3402 strenuitate
1128 3352 1231 3401 aliis
1249 3356 1480 3415 praestans
1497 3389 1510 3414 ,
1531 3353 1816 3402 eximiorum
1837 3354 2018 3404 ducum

468 3433 691 3495 auspiciis
711 3431 761 3480 in
784 3431 1047 3490 Graeciam,
1072 3433 1128 3479 ut
1151 3430 1423 3492 perhibent,
1449 3433 1498 3480 et
1522 3429 1613 3480 alia
1636 3430 1858 3494 ‹juaedam
1881 3433 2015 3494 loca,

465 3511 612 3560 variis
631 3511 808 3573 jactata
826 3509 1011 3559 casibus
1026 3547 1039 3569 ‚
1070 3508 1309 3570 pervenit,
1333 3508 1508 3572 quibus
1526 3512 1718 3560 Danaus
1734 3514 1783 3561 ct
1806 3511 2019 3562 Cadmus

465 3600 568 3649 proe
580 3587 750 3638 ceteris
761 3585 1010 3636 clarissimi
1028 3588 1278 3649 praeerant.
1330 3589 1445 3635 Pars
1455 3589 1616 3636 autern
1632 3588 1793 3649 populi
1808 3589 2019 3638 maxima

468 3665 519 3712 in
540 3665 746 3723 terram,
769 3677 880 3727 quae
911 3666 938 3712 J
944 3661 1080 3712 udaea
1113 3675 1242 3712 nunc
1268 3665 1485 3724 vocatur,
1518 3664 1580 3712 ab
1602 3667 1802 3727 AEgypto
1824 3666 2018 3728 quidem

473 3743 599 3791 baud
625 3744 761 3805 longe
782 3743 1022 3805 dissitam,
1046 3744 1096 3791 at
1121 3742 1317 3792 omnino
1335 3744 1626 3805 temporibus
1645 3741 1739 3794 iuis
1755 3745 2017 3810 desertam,

470 3819 644 3877 rejecta
664 3822 751 3868 est.
817 3819 885 3880 (3)
905 3818 1118 3869 Coloniae
1140 3819 1284 3881 buius
1306 3820 1479 3869 ductor
1502 3824 1604 3870 erat
1624 3823 1777 3872 Moses
1793 3822 2017 3885 qnidam,

469 3899 527 3944 ut
556 3896 841 3960 appellatur,
873 3894 1102 3958 sapientia
1142 3899 1190 3945 et
1215 3895 1494 3946 fortitudine
1526 3899 1735 3947 maxime
1760 3899 2018 3950 excellens.

473 3976 521 4021 ls
545 3974 774 4034 occupata
795 3971 983 4035 regione
1005 3985 1154 4036 quum
1180 3972 1322 4023 urbes
1341 3973 1484 4035 alias,
1506 3976 1611 4024 tum
1630 3988 1740 4037 quae
1765 3989 1893 4025 nunc
1917 3977 2018 4025 cla-

470 4050 655 4099 rissima
672 4053 745 4100 ost
758 4087 773 4110 ,
795 4049 1118 4112 Hierosolyma
1132 4087 1146 4111 ‚
1170 4064 1228 4099 ac
1243 4052 1477 4114 templum
1498 4051 1593 4113 ibi,
1615 4053 1743 4115 quod
1766 4053 1814 4102 in
1832 4066 2019 4103 summa

467 4127 561 4176 illis
581 4126 882 4176 veneratione
898 4127 1120 4187 liabetur,
1145 4126 1377 4177 condidit.
1439 4132 1562 4177 Tum
1591 4120 1799 4178 numinis
1819 4129 2022 4179 bonoroe

467 4205 518 4253 et
537 4203 834 4252 caerimonias
849 4216 1092 4252 sacrorum
1108 4203 1297 4264 docuit;
1316 4205 1459 4254 etiam
1478 4204 1820 4268 rempublicam
1844 4205 2024 4266 legibus

467 4280 721 4343 instruxit,
742 4282 886 4343 atque
904 4280 950 4328 in
971 4280 1185 4329 ordinem
1205 4284 1389 4330 certum
1409 4281 1603 4345 redegit.
1667 4282 2020 4333 multitudinem

467 4359 517 4405 in
540 4356 792 4405 duodecim
812 4357 967 4406 tribus
984 4356 1170 4418 divisit,
1188 4358 1319 4419 quod
1346 4365 1600 4408 numerum
1625 4358 1753 4408 bunc
1775 4360 2022 4422 perfectis·

468 4436 643 4481 simum
673 4446 801 4495 esse,
829 4446 885 4482 ac
917 4434 1189 4495 mensibus,
1222 4434 1303 4496 qui
1334 4447 1513 4484 annum
1540 4436 1719 4484 faciunt
1752 4436 2019 4500 integrum,

469 4509 752 4573 respondere
789 4510 1097 4561 existimaret.
1186 4514 1251 4575 (4)
1293 4515 1353 4562 At
1378 4512 1557 4562 nullam
1596 4512 1790 4562 omnino
1820 4512 2020 4563 deorum

467 4587 723 4649 imaginem
757 4590 1027 4638 statuamve
1065 4588 1343 4649 fabricavit,
1380 4589 1513 4651 quod
1553 4590 1601 4638 in
1642 4589 1787 4640 deum
1825 4591 2021 4641 minime

469 4663 640 4713 cadere
667 4665 871 4714 sormam
896 4665 1183 4726 humanam,
1219 4666 1301 4715 sed
1326 4668 1503 4716 coelum
1530 4667 1648 4729 hoc,
1682 4668 1812 4731 quod
1840 4671 2019 4719 terram

469 4740 844 4804 circumquaque
869 4742 1044 4802 ambit,
1078 4743 1233 4792 solum
1263 4742 1405 4792 deum
1434 4757 1536 4793 esse
1560 4748 1828 4809 cunctaque
1851 4742 1900 4795 in
1932 4761 2019 4809 po-

468 4819 641 4866 testate
665 4817 1107 4880 haberejudicaret.
1173 4820 1522 4870 sacrificiorum
1553 4826 1715 4873 autem
1737 4822 1860 4877 ritus
1881 4825 2018 4875 vitae·

469 4892 567 4954 que
605 4894 958 4945 conformandae
996 4909 1181 4947 morem
1221 4897 1291 4947 ita
1323 4896 1557 4962 instituit,
1595 4903 1651 4951 ut
1686 4914 1715 4950 a
1747 4903 2017 4952 ceterarum

469 4969 679 5029 gentium
712 4970 939 5021 institutis
975 4974 1229 5035 plurimum
1269 4960 1572 5039 discreparet:
1664 4981 1787 5028 Nam
1827 4982 2020 5041 propter

470 5047 623 5104 gentis
651 5061 751 5097 suae
772 5049 1103 5111 relegationem
1135 5050 1441 5103 inhumanam
1461 5054 1702 5115 quandam
1729 5059 1777 5104 et
1810 5056 2018 5119 inhospi-

468 5121 615 5170 talem
638 5124 751 5174 vita·
776 5126 1006 5176 rationem
1030 5129 1267 5191 praecepit.
1331 5130 1471 5181 Viros
1489 5136 1718 5194 proetcrea
1748 5134 2019 5195 gratiosissi-

2099 585 2326 662 γίνεσθαι
2347 582 2546 663 nepti-i>
2559 583 2695 663 ἱερὸν
2714 582 2910 648 καὶτὰς
2932 587 3025 640 τοῦ
3049 587 3162 642 θεοῦ
3186 584 3338 659 τιμάς
3361 607 3416 641 τε
3445 585 3538 642 καὶ
3566 591 3670 643 θυ-

2097 671 2232 739 σίας.
2321 671 2386 751 (ι)
2419 671 2555 738 Τοὺς
2583 669 2765 737 αὐτοὺς
2798 670 2851 728 δὲ
2881 670 2968 728 καὶ
3004 671 3250 739 δικαστὰς
3277 671 3509 740 ἀπέδειξε
3549 678 3668 732 τῶν

2098 759 2355 836 μεγίστων
2375 759 2608 838 κρίσεων,
2641 757 2729 816 καὶ
2749 756 2842 828 τὴν
2866 762 2968 816 τῶν
2988 755 3159 835 νόμων
3183 759 3392 818 καὶτῶν
3416 761 3548 818 ἐθῶν
3567 785 3668 839 :pu-

2097 846 2262 917 λακὴν
2309 845 2499 913 τούτοις
2544 845 2792 927 ἐπέτρεψε
2808 868 2821 881 ·
2861 845 2938 903 διὸ
2967 845 3056 903 καὶ
3096 845 3315 924 βασιλέα
3359 846 3452 925 μὲν
3483 848 3666 924 μηδέ-

2098 956 2226 992 ποτε
2252 938 2356 992 τῶν
2380 933 2660 1005 Ἰουδαίων,
2694 932 2789 1004 τὴν
2833 933 2888 994 δὲ
2933 938 3023 992 τοῦ
3066 935 3291 1005 πλήθους
3330 936 3670 1014 προστασίαν

2100 1020 2327 1079 δίδοσθαι
2357 1020 2439 1078 διὰ
2485 1019 2676 1088 παντὸς
2702 1023 2776 1100 τῷ
2814 1021 3046 1080 δοκοῦντι
3076 1024 3178 1079 τῶν
3201 1021 3379 1102 ἱερέων
3404 1021 3658 1102 φρονήσει

2099 1108 2187 1165 καὶ
2233 1112 2391 1187 ἀρετῇ
2418 1107 2678 1187 προέχειν.
2727 1110 2923 1167 Τοῦτον
2969 1106 3021 1166 δὲ
3060 1110 3523 1188 προσαγορεύουσιν
3571 1114 3670 1189 ἅρ-

2100 1194 2279 1275 χιερέα
2293 1242 2309 1269 ,
2329 1195 2419 1253 καὶ
2437 1196 2723 1271 νομίζουσιν
2749 1198 2921 1261 αὑτοῖς
2944 1195 3158 1275 ἄγγελον
3186 1194 3414 1273 γίνεσθαι
3439 1202 3542 1255 τῶν
3564 1205 3665 1257 τοῦ

2101 1286 2214 1341 θεοῦ
2236 1283 2661 1364 προςταγμάτων.
2749 1284 2810 1359 (6)
2846 1286 3042 1343 Τοῦτον
3071 1282 3124 1341 δὲ
3154 1282 3290 1341 κατὰ
3328 1284 3421 1349 τὰς
3460 1285 3664 1356 ἐκκλη-

2102 1368 2215 1436 σίας
2242 1368 2445 1437 καὶτὰς
2469 1369 2629 1434 ἄλλας
2654 1369 2890 1437 συνόδους
2913 1370 3067 1449 φησὶν
3092 1369 3319 1451 ἐκφέρειν
3353 1370 3419 1428 τὰ
3440 1395 3665 1450 παραγ-

2106 1456 2394 1535 γελλόμενα
2416 1501 2431 1529 ,
2460 1456 2548 1516 καὶ
2575 1456 2704 1537 πρὸς
2727 1463 2876 1516 τοῦτο
2895 1457 2953 1515 τὸ
2974 1456 3124 1537 μέρος
3143 1456 3302 1526 οὕτως
3325 1459 3549 1526 εὗπιθεῖς
3571 1461 3664 1537 γί-

2099 1550 2276 1603 νεσθαι
2318 1542 2434 1611 τοὺς
2480 1542 2792 1618 Ἰουδαίους,
2830 1544 2964 1604 ὥστε
3006 1549 3333 1624 παραχρῆμα
3371 1544 3669 1614 πίπτοντας

2101 1631 2187 1691 ἐπὶ
2212 1629 2307 1703 τὴν
2328 1635 2422 1710 γῆν
2454 1632 2745 1712 προςκυνεῖν
2771 1630 2856 1690 τὸν
2885 1632 3078 1700 τούτοις
3105 1632 3450 1710 ἐρμηνεύοντα
3476 1636 3663 1713 ἀρχιε-

2103 1719 2212 1798 ρέα.
2236 1718 2666 1798 Προςγέγραπται
2696 1719 2748 1777 δὲ
2774 1719 2862 1777 καὶ
2882 1724 2985 1787 τοῖς
3004 1720 3175 1796 νόμοις
3204 1719 3289 1777 ἐπὶ
3313 1722 3557 1792 τελευτῆς
3577 1724 3662 1781 ὅτι

2103 1810 2298 1876 Μωσῆς
2325 1805 2547 1872 ἀκούσας
2585 1811 2676 1865 τοῦ
2713 1811 2828 1865 θεοῦ
2876 1807 2998 1866 τάδε
3044 1809 3181 1885 λέγει
3227 1810 3332 1874 τοῖς
3362 1807 3657 1877 Ἰουδαίοις.

2103 1891 2423 1964 Ἐποιήσατο
2446 1894 2491 1960 δ’
2524 1896 2551 1950 ὁ
2596 1892 2871 1969 νομοθέτης
2907 1897 3008 1952 τῶν
3051 1918 3108 1952 τε
3151 1895 3446 1967 πολεμικῶν
3491 1894 3667 1974 ἔργων

2099 1978 2298 2050 πολλὴν
2321 1978 2561 2059 πρόνοιαν
2590 1979 2680 2038 καὶ
2725 1977 2843 2048 τοὺς
2871 1981 3009 2047 νέους
3031 1980 3317 2058 ἠνάγκαζεν
3341 1984 3521 2040 ἀσκεῖν
3562 1986 3658 2040 ἀν·

2102 2066 2274 2149 δρείαν
2289 2090 2345 2125 τε
2369 2065 2458 2125 καὶ
2477 2066 2754 2150 καρτερίαν
2773 2068 2861 2127 καὶ
2886 2069 2944 2127 τὸ
2964 2069 3172 2128 σύνολον
3192 2067 3456 2146 ὑπομονὴν
3481 2069 3665 2142 πάσης

2101 2152 2464 2220 κακοπαθείας.
2547 2158 2609 2230 (7)
2639 2154 2902 2215 Ἐποιεῖτο
2949 2154 3003 2214 δὲ
3045 2157 3134 2214 καὶ
3163 2155 3434 2235 στρατείας
3474 2159 3545 2223 εἷς
3588 2159 3660 2218 τὰ

2101 2241 2444 2319 πλησιόχωρα
2471 2244 2573 2299 τῶν
2602 2245 2759 2300 ἕθνῶν
2778 2287 2794 2318 ,
2819 2242 2909 2301 καὶ
2954 2241 3153 2313 πολλὴν
3191 2244 3660 2320 κατακτησάμενος

2101 2326 2278 2406 χώραν
2312 2327 2767 2407 κατεκληρούχησε
2784 2375 2799 2401 ,
2831 2338 2936 2396 τοῖς
2963 2327 3059 2406 μὲν
3082 2329 3308 2397 ἰδιώταις
3335 2331 3475 2398 ἴσους
3501 2333 3659 2404 ποιή-

2110 2433 2202 2480 σας
2224 2414 2445 2493 κλήρους
2464 2459 2481 2489 ,
2510 2423 2613 2481 τοῖς
2641 2416 2688 2473 δ’
2705 2419 2895 2495 ἱερεῦσι
2916 2417 3174 2492 μείζονας,
3196 2416 3280 2475 ἵνα
3304 2417 3666 2495 λαμὸάνοντες

2107 2500 2508 2581 ἀξιολογωτέρας
2530 2502 2804 2579 προςόδους
2830 2502 3209 2584 ἀπερίσπαστοι
3233 2509 3462 2582 συνεχῶς
3475 2528 3660 2584 προςε·

2108 2587 2326 2667 δρεύωσι
2349 2593 2459 2656 ταῖς
2484 2595 2575 2647 τοῦ
2595 2594 2709 2649 θεοῦ
2737 2598 2931 2667 τιμαῖς.
2956 2592 3069 2650 Οὐκ
3089 2590 3205 2662 ἐξῆν
3228 2593 3280 2650 δὲ
3302 2602 3405 2659 τοῖς
3431 2593 3664 2659 ἰδιώταις

2105 2674 2221 2743 τοὺς
2244 2676 2396 2742 ἰδίους
2426 2676 2646 2756 κλήρους
2671 2679 2884 2751 πωλεῖν,
2907 2676 3046 2741 ὅπως
3066 2678 3142 2755 μή
3177 2703 3311 2746 τινες
3334 2678 3418 2737 διὰ
3445 2682 3662 2739 πλεονε·

2107 2760 2216 2831 ξίαν
2241 2762 2574 2842 ἀγοράζοντες
2599 2764 2715 2832 τοὺς
2737 2764 2957 2843 κλήρους
2981 2765 3257 2824 ἐκθλίὸωσι
3281 2765 3398 2833 τοὺς
3440 2769 3654 2846 ἀπορω-

2105 2848 2281 2930 τέρους
2303 2850 2393 2909 καὶ
2419 2852 2873 2921 κατασκευάζωσιν
2897 2854 3245 2931 ὀλιγανδρίαν.
3272 2854 3334 2930 (s)
3363 2857 3654 2934 Τεκνοτρο·

2107 2942 2218 3022 φεῗν
2245 2964 2301 2999 τε
2328 2939 2586 3019 ἦνάγκαζε
2614 2938 2732 3009 τοὺς
2775 2940 2863 3002 ἐπὶ
2889 2944 2982 3013 τῆς
3020 2938 3227 3022 χώρας·
3256 2941 3346 3001 καὶ
3374 2942 3444 3000 δι’
3479 2942 3662 3023 ὀλίγης
3691 2941 3696 2946 ’

2108 3028 2342 3100 δαπάνης
2361 3029 2742 3111 ἔκτρεφομίνων
2779 3034 2879 3089 τῶν
2913 3033 3133 3111 βρεφῶν,
3163 3030 3245 3089 ἀεὶ
3279 3030 3338 3089 τὸ
3372 3031 3517 3108 γένος
3556 3037 3662 3090 τῶν

2103 3212 2233 3259 moS,
2278 3200 2327 3248 et
2371 3199 2454 3260 qui
2495 3201 2620 3261 genti
2668 3200 2901 3249 universae
2939 3213 3139 3262 pra-esse
3182 3199 3392 3248 maxime
3443 3198 3660 3247 valerent

2101 3274 2301 3339 delegit,
2334 3288 2510 3338 eosque
2540 3277 2807 3326 sacerdotes
2826 3276 3020 3326 creavit.
3088 3276 3171 3326 llis
3190 3289 3366 3324 munus
3379 3275 3494 3325 illud
3509 3275 3662 3325 desti-

2103 3355 2262 3415 navit,
2288 3356 2343 3404 ut
2364 3358 2593 3417 perpetuo
2612 3355 2844 3417 templum
2864 3355 3095 3405 obeuntes
3116 3354 3192 3404 dei
3212 3354 3422 3403 cultibus
3443 3356 3491 3404 et
3509 3354 3657 3404 sacri·

2104 3430 2224 3480 ficiis
2240 3435 2563 3494 operarentur.
2632 3432 2698 3494 (5)
2721 3431 2922 3482 Eosdem
2943 3432 3260 3481 maximarum
3279 3445 3472 3494 quoque
3494 3445 3665 3483 rerum

2105 3506 2432 3570 disceptationi
2470 3507 2653 3569 judices
2683 3508 2918 3571 praetecit,
2949 3508 3204 3571 legumque
3237 3521 3293 3557 ac
3327 3508 3661 3559 institutorum

2105 3585 2368 3634 custodiam
2388 3584 2575 3635 illorum
2602 3584 2713 3635 fidei
2732 3584 2989 3635 commisit.
3055 3585 3285 3643 Quocirca
3304 3598 3552 3647 nunquam
3570 3588 3662 3637 Ju-

2105 3663 2219 3713 daeis
2234 3676 2388 3727 regern
2404 3664 2545 3714 misse
2563 3664 2715 3725 aiunt,
2732 3664 2811 3714 sed
2829 3664 3147 3714 multitudinis
3160 3664 3477 3726 gubernandm
3489 3676 3662 3713 curam

2105 3743 2153 3788 et
2188 3742 2471 3803 potestatem
2495 3742 2538 3791 ei
2567 3740 2689 3790 tradi
2717 3744 2945 3803 perpetuo
2962 3781 2976 3803 ‚
2999 3741 3082 3804 qni
3107 3742 3229 3790 inter
3255 3740 3519 3789 sacerdotes
3538 3754 3661 3802 pru·

2104 3817 2266 3868 dentia
2294 3820 2343 3869 et
2375 3820 2555 3869 virtute
2589 3818 2861 3881 praeceuere
2893 3818 3100 3869 videtur.
3185 3823 3317 3869 nunc
3353 3818 3658 3868 sacerdotem

2104 3896 2366 3959 principem
2383 3908 2625 3945 summum
2647 3894 2921 3958 pontificem
2939 3896 3203 3958 appellant3
3224 3896 3344 3943 bunc
3368 3907 3453 3955 pro
3473 3896 3658 3945 nuntio

2108 3976 2155 4023 et
2173 3972 2428 4035 interprete
2450 3972 2691 4036 jussorum
2712 3970 2788 4021 dei
2807 3972 3010 4033 babent3
3035 3975 3101 4034 (6)
3129 3973 3253 4022 bunc
3271 3970 3317 4018 in
3340 3969 3660 4023 concionibus

2107 4048 2309 4112 publicis
2322 4049 2522 4113 aliisque
2547 4047 2875 4111 congressibus
2893 4049 3118 4099 mandata
3138 4048 3335 4112 proferre
3351 4084 3365 4109 ,
3385 4049 3532 4110 atque
3559 4049 3658 4101 bac

2105 4125 2154 4173 in
2173 4128 2307 4187 parte
2323 4128 2421 4175 tam
2443 4125 2698 4188 morigeros
2715 4138 2817 4175 esse
2832 4126 2861 4174 J
2870 4124 3034 4176 udaeos
3047 4125 3290 4188 perbibent
3302 4161 3316 4186 ,
3337 4125 3393 4174 nt
3409 4127 3662 4189 extemplo

2107 4204 2168 4252 ad
2190 4206 2368 4254 terram
2396 4205 2615 4268 prostrati
2648 4217 2893 4253 sacrorum
2925 4204 3185 4254 antistitem
3202 4241 3215 4266 ‚
3244 4204 3434 4254 oracula
3455 4204 3531 4254 dei
3565 4207 3661 4256 sibi

2105 4281 2512 4343 interpretantem,
2529 4281 2743 4331 adorent.
2809 4286 2863 4333 In
2885 4280 2978 4331 tine
2990 4286 3151 4331 autem
3168 4280 3349 4343 legibus
3366 4281 3666 4346 adscriptum

2107 4363 2211 4408 aet:
2239 4362 2395 4409 Moses
2428 4374 2634 4410 sum-ron
2665 4374 2746 4409 ner
2780 4374 2883 4411 nm
2916 4373 3046 4411 mci-r
3070 4372 3261 4410 ιυυειε.
3329 4358 3659 4412 Adhaecmul·

2107 4439 2212 4486 tum
2234 4438 2377 4488 studii
2395 4452 2505 4488 cum
2525 4438 2690 4502 insigni
2710 4438 2962 4502 prudentia
2979 4438 3027 4488 in
3046 4452 3122 4489 res
3139 4430 3510 4501 bellicaeposuit
3529 4440 3660 4502 legis·

2107 4517 2248 4578 lator,
2281 4519 2331 4568 et
2350 4516 2550 4579 juvenes
2579 4516 2639 4568 ad
2663 4517 2963 4566 tolerantiam
2985 4519 3034 4567 et
3060 4515 3417 4576 fortitudinem,
3447 4516 3505 4565 ad
3533 4531 3660 4567 oon-

2106 4595 2330 4645 stantiam
2354 4594 2559 4658 denique
2591 4594 2639 4644 in
2660 4593 2884 4644 omnihus
2902 4593 3130 4645 aerumnis
3150 4592 3464 4644 exercendam
3483 4593 3659 4657 adegit.

2107 4674 2174 4735 (7)
2215 4672 2338 4731 Quin
2364 4672 2508 4721 etiam
2544 4670 2867 4735 expeditiones
2893 4672 2942 4720 in
2972 4674 3135 4734 gentes
3171 4670 3393 4719 finitimas
3418 4672 3662 4734 suscepit,

2107 4752 2377 4813 multosque
2408 4753 2548 4801 terrae
2583 4749 2708 4800 bello
2747 4750 2994 4813 acquisitae
3025 4752 3206 4799 tractus
3242 4747 3530 4798 hereditario
3563 4750 3668 4797 suis

2101 4827 2209 4889 jure
2227 4826 2533 4891 possidendos
2549 4827 2767 4877 attribuit
2785 4864 2800 4889 ,
2824 4828 2889 4876 ita
2907 4826 3103 4889 quidem
3115 4861 3129 4885 ,
3149 4827 3202 4875 ut
3233 4824 3432 4887 privatis
3449 4826 3664 4888 aequales

2104 4906 2246 4956 sortis
2263 4907 2421 4969 partes
2444 4907 2645 4966 taceret,
2677 4904 3002 4955 sacerdotibus
3033 4903 3235 4966 majores
3267 4920 3281 4951 ι
3313 4904 3371 4950 ut
3404 4903 3668 4964 ampliores

2105 4982 2413 5045 percipientes
2427 4981 2603 5033 reditus
2616 5018 2629 5041 ‚
2645 4981 2721 5031 dei
2739 4981 2946 5030 cultibus
2964 4980 3152 5030 assidue
3169 4980 3287 5029 citra
3299 4976 3665 5027 distractionem

2107 5058 2451 5109 incumberent.
2514 5062 2610 5109 Nec
2624 5058 2820 5121 privatis
2836 5058 2975 5107 sortis
2986 5071 3086 5107 suoe
3099 5054 3437 5120 patrimonium
3452 5055 3667 5105 vendere

2105 5135 2303 5198 licebat,
2325 5149 2385 5186 ne
2413 5135 2587 5199 aliqui,
2620 5134 2762 5185 emtis
2778 5147 2863 5198 per
2881 5133 3130 5184 avaritiam
3155 5130 3311 5182 fundis
3326 5129 3662 5189 hereditariis,
