4016 5916
584 449 653 497 Μ
1879 431 2150 492 fflPPYs
2193 433 2518 492 RHEGINI

650 571 735 624 De
747 585 807 622 re
817 567 949 622 vide
975 566 1196 623 Miiller.
1215 566 1365 621 Min.
1390 583 1451 639 p.
1478 564 1588 636 273
1606 575 1661 620 et
1681 567 1777 639 qui
1797 565 1874 620 ibi
1896 562 2127 618 laudan·

567 668 684 712 tur.
703 654 1131 728 Sumpserithaec
1142 670 1209 708 ex
1223 652 1543 731 ἀναγραφαῖς
1555 648 1854 729 Κορινθίων.
1865 651 2133 707 Graeciam

566 742 771 799 adiisse
818 742 1053 815 Hippyn
1078 750 1321 815 arguunt
1357 741 1525 796 etiam
1552 740 1846 814 Argolica,
1878 757 1948 794 ex
1997 737 2132 809 qui-

573 831 678 886 bus
721 847 845 904 quae
881 828 1202 883 referuntur
1233 826 1338 902 (fr.
1380 826 1481 902 8),
1524 828 1621 882 vix
1663 826 1891 882 aliunde
1929 825 2132 879 nisiex

575 937 676 974 ore
702 916 1053 973 sacerdotum
1085 913 1380 988 AEsculapii
1407 916 1640 987 accepit.
1674 914 1836 969 Idem
1864 914 1922 966 in
1950 911 2132 966 Chro-

575 1004 714 1059 nicis
747 1004 947 1058 seriem
984 1000 1353 1057 sacerdotum
1381 1001 1620 1055 Junonis
1648 1000 1867 1072 Argivae
1900 1009 2132 1053 enotare

568 1091 727 1146 'haud
754 1090 1019 1147 omiserit.
1048 1091 1233 1161 Atque
1260 1105 1329 1142 ex
1355 1088 1581 1160 Hippye
1600 1128 1616 1155 ‚
1655 1087 1763 1140 nisi
1791 1085 1976 1153 fallor,
2027 1102 2133 1156 pe-

572 1178 675 1233 tita
700 1188 827 1233 sunt
845 1219 862 1251 ,
890 1195 1012 1249 quae
1033 1176 1352 1230 Hellanicus
1371 1175 1428 1248 in
1455 1173 1851 1229 Sacerdotibus
1870 1174 2002 1226 Jun.
2034 1171 2127 1245 (fr.

574 1264 686 1341 26)
731 1264 987 1320 distincte
1030 1261 1202 1318 tradit
1231 1261 1303 1317 de
1341 1262 1691 1335 temporibus
1730 1261 2129 1334 migrationum

568 1340 919 1410 siculamni.

1336 1444 1390 1502 [ι.

656 1580 869 1635 Zenob.
898 1581 1014 1647 111,
1050 1584 1166 1645 (ια.
1153 1598 1165 1611 ·
1192 1579 1403 1657 Δῶρον
1445 1576 1496 1634 δ’
1533 1574 1565 1633 ὅ
1597 1599 1658 1633 τι
1699 1575 1781 1653 δῷ
1808 1595 1903 1638 τις
1945 1569 2128 1629 ἐπαί·

568 1689 668 1723 νει
708 1663 902 1735 :mm
944 1663 1126 1740 κόμμα
1175 1663 1286 1722 ἐστὶ
1323 1668 1568 1742 χρησμοῦ
1605 1685 1695 1721 του
1737 1657 1965 1726 δοθέντος
2003 1661 2122 1718 Μυ·

476 1764 483 1771 ”
581 1709 784 1832 σκελλῳ
825 1755 899 1831 τῷ
928 1721 1116 1829 viani,
1150 1754 1268 1809 καθ’
1310 1750 1367 1809 ὃν
1412 1750 1475 1820 δὴ
1523 1749 1708 1831 χρόνον
1742 1745 1996 1826 Κρόπιινα
2038 1747 2133 1804 οὐκ

568 1839 822 1917 ἐδούλετο
866 1837 1103 1912 οἰκίζειν,
1152 1836 1329 1910 [ἄλλα]
1364 1836 1631 1918 Σύόαριν,
1657 1834 1727 1901 ὥς
1754 1857 1909 1917 φησιν
1936 1831 2133 1900 Ἵππυς

581 1928 784 2001 (codd.
816 1921 1051 2001 Ἱππεύς)
1087 1926 1139 1982 ἐν
1167 1926 1242 1981 τῶ
1281 1922 1417 2003 Περι
1443 1922 1662 2004 χρόνων.
1695 1922 1846 1995 Φησὶ
1887 1919 1941 1980 δὲ
1969 1919 2131 1986 οὕτως

570 2014 716 2094 ἔχειν
743 2011 830 2071 τὸν
854 2009 1123 2092 χρησμόν·

638 2127 878 2177 Μύσκελλε
904 2125 1199 2190 βραχύνωτε,
1218 2124 1368 2188 παρἐκ
1384 2124 1487 2174 θεὸν
1504 2124 1627 2173 ἄλλα
1648 2122 1861 2187 ματεύων

637 2196 882 2259 κλαύματα
900 2195 1159 2259 θηρεύσεις·
1181 2195 1328 2258 δῶρον
1359 2196 1491 2245 δ’ὃτι
1504 2197 1572 2260 δῷ
1586 2198 1632 2259 (ὃ
1650 2199 1765 2258 διδῷ
1779 2200 1801 2244 ?
1812 2199 1830 2256 J
1843 2211 1912 2251 τις
1937 2195 2130 2246 ἐπαίνει.

572 2293 679 2354 Ἐκ
715 2291 922 2352 Ῥυπῶν
984 2293 1256 2349 oriundus
1306 2293 1601 2366 Myscellus
1652 2293 1818 2349 etiam
1871 2294 2135 2349 Straboni

572 2385 738 2453 VIII,
767 2401 828 2457 p.
862 2380 995 2452 387.
1029 2382 1099 2436 In
1125 2382 1390 2453 Excerpt.
1416 2381 1667 2436 vatican.
1687 2379 1928 2437 Diodori
1954 2378 2130 2456 (VIII,

585 2470 674 2545 17)
695 2511 711 2539 ‚
741 2471 841 2525 ubi
861 2468 1032 2524 fusius
1054 2485 1142 2523 res
1167 2468 1486 2540 exponitur,
1513 2477 1781 2540 corrupte
1809 2468 1887 2525 M.
1921 2466 2127 2543 Ἀχαῖος

569 2556 638 2612 ἐκ
662 2553 895 2633 Κρήτης.
922 2585 1001 2598 -
1023 2549 1322 2627 Κλαύματα
1349 2554 1515 2626 posui
1529 2572 1598 2609 ex
1622 2553 1884 2610 Diodoro
1907 2555 1947 2609 l.
1972 2556 2008 2608 l.
2033 2555 2132 2609 ubi

569 2640 858 2717 ,κλαύματα
911 2637 1224 2716 (κλάσματα
1269 2636 1498 2715 Strabo)
1555 2636 1855 2714 μαστεύεις,
1899 2639 2060 2718 δῶρον
2108 2638 2135 2698 ὃ

578 2728 703 2806 διδῷ
723 2726 833 2788 θε>ε
858 2724 1006 2785 αἴνει.
1024 2726 1279 2785 Zenobii.
1306 2726 1478 2782 codd.
1511 2723 1670 2795 ἄλλα,
1694 2727 1852 2800 quod
1870 2729 2131 2784 Leutsch.

578 2821 809 2871 mutavit
833 2817 890 2869 in
913 2812 1020 2870 οὐδ’
1042 2810 1172 2884 ἅλα,
1197 2812 1443 2869 conferri
1459 2812 1666 2885 jubens
1680 2815 1856 2869 schol.
1876 2815 1948 2871 ad
1963 2817 2134 2874 Hom.

574 2902 687 2957 Od.
720 2921 768 2979 ρ.
803 2900 937 2968 455.
972 2931 1051 2941 -
1078 2903 1318 2975 Tempus
1346 2902 1429 2955 rei
1456 2901 1547 2956 Ol.
1585 2918 1687 2972 17,
1726 2900 1760 2956 3
1789 2903 1903 2957 sive
1935 2922 2047 2974 710
2080 2922 2132 2960 a.

538 2992 639 3045 xC.
674 3009 785 3045 sec.
826 2991 1092 3044 Timaeum
1117 3007 1210 3062 ap.
1236 2990 1468 3061 Dionys.
1499 2989 1628 3043 Hal.
1659 2991 1746 3056 ΙΙ,
1776 3008 1837 3064 p.
1874 2990 2015 3060 3613
2043 2992 2133 3047 Ol.

582 3079 684 3148 18,
718 3096 741 3133 1
775 3096 882 3134 sec.
909 3076 1111 3133 Euseb.
1128 3077 1340 3132 Cliron.
1364 3078 1433 3134 V.
1452 3077 1699 3131 Fischer.
1730 3078 1907 3133 Tabb.
1934 3080 2133 3134 chron.

658 3331 970 3405 Antigonus
1020 3330 1161 3383 Hist.
1210 3329 1341 3383 Mir.
1394 3347 1443 3386 c.
1502 3345 1603 3383 121
1654 3326 1815 3402 (133)
1857 3330 1950 3388 ed.
1999 3332 2139 3386 We-

567 3431 765 3475 sterm.
803 3436 818 3473 :
845 3413 1037 3480 Ἵππυς
1064 3415 1270 3489 (codd.
1300 3410 1541 3491 Ἵππων)
1573 3411 1628 3471 δὲ
1667 3417 1697 3472 ὁ
1720 3412 1960 3492 Ῥηγῖνος
1987 3414 2138 3495 [περι

574 3507 676 3562 τῶν
700 3501 989 3582 λεγομένων
1011 3499 1182 3561 τόπων
1204 3499 1427 3580 φθείρειν
1449 3500 1513 3559 τὰ
1541 3500 1888 3580 ἐμπίπτοντα]
1906 3503 2134 3562 τοιοῦτόν

567 3615 627 3648 τι
650 3589 865 3669 γράφει·
892 3590 1048 3667 φησὶν
1080 3590 1132 3646 ἐν
1161 3586 1394 3660 Ἀθήναις
1418 3586 1505 3646 ἐπὶ
1538 3589 1791 3667 βασιλέως
1818 3588 2135 3651 Ἐπαινέτου

568 3675 974 3753 (Ὀλυμπιάδος
1009 3675 1159 3747 ἕκτης
1192 3675 1281 3734 καὶ
1309 3679 1647 3755 τριακοστῆς,
1676 3679 1729 3735 ἐν
1774 3669 1812 3754 ᾗ
1848 3676 2138 3757 Ἀρυτᾶμας

580 3761 769 3824 Λάκων
794 3772 914 3843 νικᾷ
941 3763 1176 3840 στάδιον)
1218 3766 1310 3834 τῆς
1343 3761 1587 3830 Σικελίας
1631 3766 1684 3822 ἐν
1715 3763 1969 3830 Παλίκοις
1990 3766 2136 3823 οἰκο-

572 3852 862 3926 δομηθῆναι
886 3849 1072 3927 τόπον,
1097 3851 1168 3916 εἷς
1191 3848 1246 3907 ὃν
1273 3849 1412 3916 ὅστις
1440 3849 1503 3908 ἂν
1526 3850 1756 3930 εἰσέλθῃ,
1782 3852 1826 3908 εἰ
1855 3850 1949 3927 μὲν
1978 3873 2138 3909 κατα·

573 3937 798 4012 κλιθείη,
841 3937 1215 4011 ἀποθνήσκειν,
1254 3939 1297 3995 εἰ
1335 3936 1389 3995 δὲ
1431 3937 1780 4018 περιπατοίη,
1829 3938 1975 3996 οῦδὲν
2025 3938 2136 3998 πά-

573 4046 619 4081 cr
646 4047 739 4083 ειν.

607 4047 785 4169 LHaec
827 4115 1254 4170 Westermanno
1308 4109 1733 4188 (Paradoxogr.
1778 4133 1840 4187 p.
1891 4115 2035 4191 XX)
2078 4127 2135 4173 et

568 4203 820 4257 Prellero
852 4201 963 4276 (De
994 4203 1281 4257 Hellanico
1316 4221 1375 4274 p.
1415 4200 1516 4278 38)
1549 4222 1579 4257 a
1610 4215 1805 4258 nostro
1838 4204 2018 4261 aliena
2044 4205 2129 4259 vi-

1315 4371 1372 4420 4.

643 4454 807 4511 Dono,
837 4449 977 4514 quod
1004 4453 1196 4515 datur,
1219 4455 1329 4504 esto
1356 4458 1621 4505 contentus
1644 4468 1657 4503 z
1688 4455 1928 4505 particula
1947 4456 2130 4506 oraculi

571 4528 801 4588 Mysceno
822 4528 921 4577 dati
943 4529 1122 4593 Rhypis
1139 4533 1363 4597 oriundo,
1395 4548 1495 4597 quo
1512 4536 1729 4597 tempore
1750 4549 1849 4584 non
1867 4537 2128 4586 Crotonem

569 4604 728 4653 voluit
745 4605 950 4656 condere
970 4608 1052 4657 sed
1085 4609 1285 4672 Sybarin
1299 4647 1314 4673 ,
1341 4616 1396 4661 ut
1418 4611 1598 4675 Hippys
1614 4612 1763 4662 tradit
1789 4613 1838 4662 in
1860 4613 2125 4665 chronici&

570 4688 622 4734 ‘Is
640 4684 889 4733 oraculum
920 4685 987 4735 ita
1004 4686 1179 4738 habere
1201 4688 1319 4741 dicit
1347 4710 1361 4742 ι

660 4758 896 4830 'nyscffle
922 4777 1130 4831 gibboso.
1149 4784 1309 4826 eontra
1324 4780 1397 4827 dei
1418 4784 1699 4829 voto-»mem
1718 4785 1808 4829 ana
1835 4787 2021 4842 peteme,

680 4844 874 4898 ejulatus
891 4846 1085 4902 quaeri„
1103 4845 1275 4893 donum
1294 4850 1421 4905 quod
1438 4851 1590 4907 datur,
1612 4855 1762 4898 ratum
1788 4854 1920 4900 habe.

1322 4925 1374 4976 5.

638 4998 820 5062 Hippys
841 5000 1083 5064 Rheginus
1094 5003 1190 5052 tale
1205 5004 1322 5066 quid
1342 5006 1517 5058 tradit.
1553 5011 1749 5061 Athenis
1770 5012 1838 5062 ait
1869 5014 1959 5064 sub
1988 5017 2127 5077 Ερω-

570 5077 691 5125 neto
706 5075 936 5128 archonte
963 5079 1189 5142 (Olymp.
1223 5085 1314 5144 46,
1336 5096 1434 5145 quo
1472 5087 1855 5150 Chrysoinachus
1874 5090 1995 5141 stad?
1998 5105 2030 5140 o
2057 5094 2128 5140 wi·

570 5154 673 5219 cit)
699 5153 968 5208 Palicorum
997 5158 1193 5208 sanum·
1178 5172 1228 5209 ιιι
1255 5160 1414 5211 Sicilia
1446 5164 1734 5215 mineatum
1754 5180 1882 5231 esse,
1910 5170 1957 5218 in
1989 5170 2124 5233 quod

2214 4840 2405 4902 tingant
2429 4859 2444 4890 ι

2223 561 2428 617 dentur
2462 572 2578 615 tum
2607 573 2845 635 propter
2887 581 3096 617 nomen
3120 558 3360 633 Ἵππων,
3392 574 3508 617 tum
3536 576 3778 638 propter

2221 649 2564 703 mentionem
2600 647 2965 721 Olympiadis.
3013 648 3126 704 Sed
3166 648 3240 704 de
3279 650 3548 723 Hippone
3579 653 3778 724 aliquo

2221 735 2563 789 mirabilium
2603 735 2693 788 vel
2741 734 2987 790 historiae
3033 736 3308 809 scriptore
3367 755 3486 791 non
3535 748 3774 794 comtat.

2220 821 2567 894 Olympiadis
2596 821 2798 875 notitia
2826 820 2898 874 ab
2928 821 3040 874 alio
3069 820 3202 876 addi
3239 823 3452 895 potuit,
3485 822 3721 879 sortasse
3749 844 3781 880 a

2219 901 2346 972 Mye
2381 910 2733 972 excerptore.
2777 900 2861 954 Ne
2890 899 3073 954 dicam
3102 898 3174 954 de
3220 901 3491 956 Charonis
3525 902 3782 959 historiis

2218 989 2728 1061 Xenophontisque
2806 987 3138 1055 Hellenicis,
3198 990 3460 1044 excitasse
3523 989 3770 1047 sufficiat

2217 1074 2537 1129 Diodorum
2561 1073 2676 1147 (11,
2705 1067 2803 1149 30)
2824 1114 2840 1142 ,
2871 1075 2968 1147 qui
2987 1073 3256 1145 Dejoeem
3276 1078 3574 1131 secundum
3599 1079 3782 1134 Hem-

2216 1162 2401 1216 dotum
2435 1163 2525 1218 Ol.
2566 1180 2663 1231 17,
2696 1179 2728 1214 a
2758 1179 2996 1235 regnum
3023 1161 3290 1235 adeptum
3319 1180 3432 1218 esse
3459 1162 3652 1220 docet.
3699 1167 3785 1220 Ne

2217 1248 2502 1303 archontis
2541 1250 3133 1303 commemorationem
3176 1251 3389 1323 Hippyi
3427 1250 3780 1322 abjudicem,

2218 1353 2454 1390 moveor
2491 1353 2633 1392 voce
2675 1331 2957 1412 βασιλέως,
2988 1353 3112 1409 quae
3167 1338 3458 1410 antiquum
3486 1350 3782 1394 auctorem

2217 1434 2274 1477 et
2296 1434 2550 1478 exterum
2572 1423 2863 1479 hominem
2900 1423 3116 1498 prodit.
3142 1424 3359 1497 Quodsi
3386 1435 3542 1483 recte
3572 1429 3779 1496 statui,

2218 1509 2445 1584 colligas
2465 1509 2627 1583 inde,
2654 1510 2886 1566 Athenis
2911 1512 3146 1585 Hippyn
3172 1528 3279 1584 per
3301 1523 3520 1584 tempus
3541 1514 3782 1586 aliquod

2218 1607 2491 1651 versatum
2531 1615 2664 1652 esse.
2695 1597 2954 1653 Ceterum
2981 1617 3111 1653 cum
3151 1600 3404 1654 Corsinio
3441 1616 3512 1653 ex
3553 1601 3783 1655 Eusebii

2218 1683 2510 1739 Chronicis
2542 1683 2953 1739 emendandum
2993 1695 3074 1741 est
3102 1682 3337 1758 Ὀλυμπ.
3369 1680 3522 1753 ἕκτης
3547 1685 3640 1743 καὶ
3662 1708 3783 1742 τετ-

2217 1772 2566 1847 ταρακοστῆς,
2590 1771 2643 1827 ἐν
2664 1760 2700 1847 ᾗ
2712 1767 3079 1849 Χρυσόμαχος.
3104 1775 3188 1828 De
3210 1774 3478 1846 Epaeneto
3499 1775 3783 1831 archonte

2219 1860 2699 1930 praeterNostrum
2716 1877 2906 1914 nemo.
2936 1860 3162 1916 Verba.
3199 1859 3329 1937 Περὶ
3352 1860 3455 1915 τῶν
3480 1857 3781 1935 λεγομένων

2219 1942 2335 2002 κτλ.
2358 1962 2429 2000 ex
2447 1947 2701 2019 margine
2725 1947 2784 2000 in
2803 1957 3018 2001 textum
3031 1947 3310 2021 irrepsisse
3328 1958 3490 2020 puto.
3508 1979 3589 1990 —
3607 1949 3783 2004 AEdi-

2221 2030 2411 2086 ficium
2451 2031 2523 2087 ad
2574 2032 2893 2087 Palicorum
2933 2032 3116 2090 fontes
3167 2044 3504 2090 exstructum
3553 2035 3783 2090 Aristo—

2225 2119 2356 2174 teles
2373 2121 2504 2175 Mir.
2535 2122 2702 2175 Ausc.
2727 2138 2778 2175 c.
2808 2118 2883 2176 58
2905 2118 3045 2176 dicit
3062 2117 3383 2197 δεκάκλινον,
3405 2119 3600 2177 decem
3624 2134 3784 2178 toros

2221 2206 2474 2280 longum
2506 2208 2576 2261 In
2615 2206 2936 2262 universum
2968 2206 3041 2263 de
3068 2209 3383 2263 Palicorum
3416 2209 3650 2264 historia
3688 2209 3785 2264 adi

2219 2293 2287 2347 G.
2320 2293 2744 2347 Hermannum
2730 2312 2787 2346 ιιι
2828 2292 3211 2349 dissertatione
3251 2297 3336 2350 De
3362 2296 3608 2369 AEschyli
3649 2297 3784 2351 AEt-

2218 2381 2349 2435 naeis
2395 2378 2637 2456 (1837),
2682 2381 2814 2435 coll.
2853 2383 3102 2437 Prellero
3136 2381 3208 2437 ad
3255 2384 3546 2438 Polemon.
3599 2383 3673 2438 fr.
3711 2402 3777 2458 p.

2235 2485 2339 2537 127
2369 2486 2494 2540 sqq-

2973 2596 3028 2652 6.

2302 2749 2584 2805 Plutarch.
2605 2751 2692 2805 De
2714 2750 2880 2805 Orac.
2911 2748 3024 2805 des.
3048 2769 3098 2806 c.
3129 2752 3202 2808 23
3229 2771 3290 2826 p.
3319 2758 3432 2817 422
3456 2754 3566 2807 E.:
3587 2748 3786 2818 Ιππυς

2222 2831 2278 2892 δὲ
2301 2836 2328 2890 ὁ
2355 2831 2593 2911 Ῥηγῖνος
2623 2823 2709 2911 (οὓ
2731 2832 2996 2911 μέμνηται
3022 2833 3229 2901 Φανίας
3254 2837 3282 2891 ὃ
3309 2833 3561 2915 Ἐρέσιος)
3588 2840 3786 2917 ἱστορεῖ

2225 2919 2375 2990 δόξαν
2406 2912 2538 2979 εἶναι
2563 2919 2759 2993 ταύτην
2786 2919 3056 3002 Πέτρωνος
3077 2920 3167 2981 καὶ
3190 2920 3369 3000 λόγον,
3393 2925 3464 2990 ὥς
3482 2923 3667 2984 ἑκατὸν
3692 2925 3786 2985 καὶ

2224 3007 2541 3087 ὀγδοήκοντα
2566 3031 2658 3067 και
2678 3015 2813 3089 τρεῖς
2831 3008 3054 3085 κόσμους
3079 3008 3256 3082 ὄντας,
3279 3010 3601 3085 ἁπτομένους
3619 3014 3718 3072 δ’
3689 3016 3787 3072 αλ-

2224 3094 2396 3167 λήλων
2424 3095 2560 3155 κατὰ
2581 3099 2864 3176 στοιχεῖον·
2895 3096 2927 3154 ὅ
2949 3119 3000 3155 τι
3029 3095 3091 3169 δὴ
3132 3100 3272 3156 τοῦτ’
3295 3097 3434 3170 ἐστὶ,
3462 3098 3598 3158 κατὰ
3626 3124 3786 3159 στοι-

2223 3206 2364 3262 χειον
2414 3182 2696 3256 ἅπτεσθαι,
2738 3181 2812 3260 μὴ
2843 3185 3277 3265 προσδιασαφῶν,
3310 3186 3434 3262 μηδ’
3471 3186 3637 3260 ἄλλην
3662 3188 3784 3247 τινὰ

2224 3268 2544 3341 πιθανότητα
2572 3270 2908 3350 προσάπτων.

2303 3362 2491 3417 Brevis
2505 3360 2826 3434 hujusmodi
2859 3361 3058 3416 notitia
3084 3361 3271 3417 cadit'
3256 3383 3316 3417 ιιι
3339 3364 3513 3420 libros
3536 3366 3784 3422 Chroni-

2225 3467 2457 3518 corum,
2486 3450 2547 3502 in
2573 3448 2777 3521 quibus
2808 3448 3110 3504 litei-ariam
3147 3449 3465 3520 historiam,
3500 3471 3625 3508 eam
3653 3474 3781 3511 ma·-

2223 3538 2399 3607 xime‚
2429 3555 2552 3611 quae
2576 3536 2648 3591 ad
2666 3536 2837 3592 Italos
2852 3547 3046 3610 poetas
3068 3547 3125 3592 et
3150 3538 3518 3612 philosophos
3539 3554 3781 3615 spectat,

2227 3642 2346 3678 non
2367 3625 2678 3699 neglectam
2699 3623 2861 3681 fuisse
2888 3623 3184 3697 probabile
3207 3637 3305 3681 est.
3331 3628 3498 3682 Plura
3519 3627 3592 3683 de
3612 3647 3783 3684 mun-

2225 3710 2310 3772 dis
2347 3711 2455 3766 illis
2497 3708 2770 3784 triquetra
2810 3708 2994 3786 figura
3018 3711 3243 3784 positiS,
3284 3713 3358 3767 ita
3386 3725 3450 3767 ut
3487 3715 3546 3767 in
3586 3716 3785 3787 quovis

2224 3797 2395 3852 latere
2438 3809 2615 3853 essent
2656 3797 2974 3871 sexaginta,
3025 3800 3085 3853 in
3112 3800 3312 3872 quovis
3360 3801 3572 3875 ang-ulo
3607 3821 3778 3867 unus,

2224 3884 2344 3959 lege
2380 3885 2533 3958 apud
2566 3886 2747 3958 ipsum
2791 3885 3153 3941 Plutarchum
3186 3886 3224 3945 l.
3269 3888 3305 3942 l.

2856 4082 3181 4105 --οκθῠ-

2218 4367 2479 4431 ingressum
2495 4402 2514 4430 ‚
2541 4366 2580 4416 si
2607 4365 2919 4429 decuma-it,
2952 4367 3113 4431 mori,
3135 4367 3176 4418 si
3193 4368 3544 4432 ambulaverit,
3563 4371 3664 4430 pati
3700 4370 3772 4418 ni·

2217 4444 2304 4494 hil.

2957 4530 3011 4581 6.

2277 4608 2370 4660 Sed
2405 4610 2583 4673 Hippys
2607 4611 2878 4675 Rheginum,
2901 4612 3040 4675 eujus
3064 4615 3282 4664 meminit
3317 4614 3520 4664 Phanias
3549 4613 3766 4674 tursius,

2221 4684 2346 4735 hanc
2371 4686 2441 4736 ait
2459 4686 2733 4749 opinionem
2763 4700 2822 4737 ac
2854 4689 3140 4740 sententiam
3163 4704 3268 4740 esse
3301 4691 3545 4753 Petronis,
3567 4690 3770 4740 Mundus

2217 4774 2320 4812 esse
2338 4765 2531 4812 centum
2556 4763 2798 4826 octoginta
2813 4765 2913 4814 tres
2927 4801 2943 4827 ,
2974 4766 3057 4828 qui
3076 4778 3178 4816 sese
3205 4767 3410 4817 invicem
3437 4767 3680 4817 elemento
3694 4769 3769 4815 at·

2472 4840 2589 4903 quid
2628 4843 2794 4892 autem
2821 4842 2887 4892 sit
2908 4847 3158 4894 contactus
3192 4844 3377 4895 ratione
3397 4845 3763 4908 elementi,non

2216 4918 2455 4980 explioet;
2471 4933 2627 4983 neque
2658 4921 2921 4984 quiequam
2947 4921 3078 4971 aliud
3103 4922 3296 4987 uljicit,
3323 4923 3456 4987 quod
3483 4937 3585 4975 rem
3602 4925 3771 4988 prob·-

2215 4995 2360 5045 bilem
2382 4995 2542 5047 iaciat.
