4016 5916
526 387 636 437 212

524 514 626 573 τοῖς
644 510 814 564 τοῦτο.
840 501 871 532 ¹⁷⁴
892 500 1066 562 Ὅταν
1096 499 1150 559 δὲ
1173 498 1528 581 κρατήσωσιν,
1561 494 1848 572 ἀπάγουσιν
1871 497 1939 561 εἷς
1958 493 2073 570 ὄρος

523 594 556 667 ἢ
585 591 700 659 τοὺς
741 594 938 649 ἑαυτῶν
965 586 1195 669 χώρους,
1232 590 1386 645 κάκεῖ
1415 588 1692 644 ἑστιῶνται
1727 580 2074 660 ἡμέραςὲξή-

523 702 677 738 κοντα
706 675 931 755 (πλείους
951 674 1052 754 γὰρ
1081 677 1174 733 οὒκ
1198 670 1381 753 ἔξεστι)
1402 696 1415 709 ·
1442 670 1532 731 καὶ
1556 668 1762 729 δίδωσίν
1792 671 1838 726 οἳ
1866 673 1893 727 ὃ
1918 667 2071 747 φιλή-

523 788 629 847 τωρ
652 767 844 835 ἐσθῆτα
879 763 968 822 καὶ
990 763 1124 821 ἄλλα
1150 764 1290 841 δῶρα
1315 759 1404 821 καὶ
1432 764 1570 839 βοῦν.

602 874 647 914 ο.
682 854 997 911 Διαιτῶνται
1026 849 1079 909 δὲ
1111 852 1317 930 Κρῆτες
1344 846 1535 914 πάντες
1560 844 1844 921 καθήμενοι
1863 842 2072 924 θρόνοις.

522 939 578 999 Ἄ
589 962 801 1020 ρχονται
818 936 870 997 δὲ
894 942 997 996 τῶν
1026 937 1451 1018 παρατιθεμένων
1478 932 1580 991 ἀπὸ
1597 938 1699 992 τῶν
1729 932 1898 1001 ξένων.
1926 930 2077 990 Μετὰ

526 1027 579 1086 δὲ
610 1026 726 1094 τοὺς
764 1025 930 1093 ξένους
974 1028 1048 1105 τῷ
1093 1026 1304 1103 ἄρχοντι
1339 1020 1537 1080 διδόασι
1574 1019 1832 1099 τέσσαρας
1869 1017 2075 1098 μοίρας·

527 1114 652 1192 μίαν
686 1113 803 1191 μὲν,
836 1113 901 1185 ἣν
944 1113 1036 1172 καὶ
1076 1120 1181 1177 τοῖς
1221 1111 1426 1182 ἄλλοις,
1466 1107 1708 1188 δευτέραν
1745 1106 1799 1165 δὲ
1829 1104 2078 1186 ἀρχικὴν,

526 1202 702 1283 τρίτην
731 1204 786 1263 δὲ
813 1206 902 1260 τοῦ
931 1198 1105 1275 οἴκου,
1140 1196 1391 1276 τετάρτην
1430 1194 1483 1253 δὲ
1507 1198 1609 1254 τῶν
1642 1196 1858 1253 σκευῶν.
1898 1192 2079 1253 Καθό-

526 1294 618 1349 λου
644 1289 698 1347 δὲ
721 1287 891 1358 πολλὴ
920 1284 1284 1365 φιλανθρωπία
1313 1284 1417 1349 τοῖς
1443 1281 1605 1351 ξένοις
1630 1281 1767 1340 ἐστὶν
1798 1284 1849 1340 ἐν
1872 1279 2080 1361 Κρήτῃ,

528 1377 618 1434 καὶ
652 1379 721 1443 εἷς
746 1373 1024 1456 προεδρίαν
1049 1373 1349 1433 καλοῦνται.

608 1485 654 1523 7.
700 1460 830 1524 ι’Ότι
852 1460 967 1528 τοὺς
1000 1457 1238 1525 Εἵλωτας
1275 1455 1732 1517 κατεδουλώσαντό
1759 1480 1883 1516 ποτε
1911 1460 2081 1518 Λακε-

531 1549 810 1627 δαιμόνιοι,
834 1547 1098 1610 Θεσσαλοὶ
1124 1544 1179 1604 δὲ
1197 1546 1313 1612 τοὺς
1336 1545 1581 1612 πενέστας
1600 1546 1626 1569 *
1646 1547 1675 1577 ⁴¹

996 1678 1103 1737 IV.
1150 1676 1618 1736 ΚΥΡΗΝΑΙΩΝ.

615 1816 858 1895 Κυρήνην
880 1815 1038 1895 ᾤκισε
1072 1813 1286 1885 Βάττος,
1313 1811 1366 1878 ὃς
1402 1812 1638 1870 ἐκαλεῖτο
1665 1810 1909 1890 πρότερον
1944 1809 2083 1889 Ἀρι-

535 1903 800 1974 στοτέλης·
829 1907 921 1973 τῆς
939 1902 994 1959 δὲ
1016 1898 1215 1968 Πυθίας
1236 1897 1431 1958 Βάττον
1452 1897 1607 1957 αὐτὸν
1628 1896 1870 1968 εἰπούσης
1885 1942 1899 1968 ,
1921 1896 2085 1974 ὄνομα

535 1998 682 2050 τοῦτο
720 1989 960 2069 ἔσχηκεν.
997 1981 1164 2056 Οὗτος
1183 1979 1334 2060 ἦλθεν
1359 1991 1430 2053 εἷς
1460 1985 1691 2067 Δελφοὺς
1722 1986 1953 2065 περὶτῆς
1988 2009 2089 2066 φω-

536 2085 622 2150 νῆς
650 2077 986 2154 πευσόμενος·
1018 2068 1088 2148 ἧν
1120 2073 1221 2155 γὰρ
1263 2075 1599 2155 ἰσχνόφωνος.
1636 2076 1745 2133 Τοῦ
1770 2073 1824 2130 δὲ
1856 2079 1973 2131 θεοῦ
2004 2097 2089 2132 κε·

535 2166 767 2233 λεύοντος
785 2165 971 2234 κτίζειν
1000 2163 1224 2237 Λιὸύην,
1256 2162 1314 2221 τὸ
1345 2163 1439 2240 μὲν
1471 2165 1675 2243 πρῶτον
1700 2160 1933 2242 ὁρμήσας
1964 2164 2088 2232 ἠδυ-

537 2253 726 2325 νάτησε
739 2253 767 2283 ⁴⁸
793 2263 819 2291 *
836 2263 864 2291 *

616 2363 658 2401 2.
687 2340 960 2423 Φερετίμα
994 2340 1081 2418 δὲ,
1108 2344 1142 2412 ἡ
1178 2339 1353 2419 μήτηρ
1391 2338 1726 2419 Ἀρκεσιλάου
1746 2382 1762 2412 ,
1788 2336 2091 2396 ἐὸασίλευσε

536 2425 750 2507 χαλεπὴ
788 2426 880 2486 καὶ
927 2425 1214 2507 περίεργος.
1268 2427 1585 2502 Πολεμοῦσα
1623 2432 1745 2504 γοῦν
1784 2425 1911 2506 πρὸς
1948 2428 2089 2503 Βαρ-

540 2515 749 2588 καίους,
782 2515 1022 2573 λαὸοῦσα
1057 2513 1151 2585 τὴν
1190 2512 1421 2592 Βάρκην,
1461 2512 1577 2579 τοὺς
1601 2513 1697 2591 μὲν
1741 2512 1931 2593 ἄνδρας
1973 2517 2094 2570 ἀνε-

540 2603 846 2677 σκολόπισε,
890 2605 992 2659 τῶν
1042 2599 1095 2658 δὲ
1133 2604 1391 2678 γυναικῶν
1434 2600 1550 2668 τοὺς
1595 2600 1823 2679 μαστοὺς
1857 2598 2092 2678 ἐξέτεμε·

540 2692 652 2766 μετ’
687 2691 743 2747 οὗ
772 2687 905 2746 πολὺ
928 2687 981 2745 δὲ
1003 2691 1142 2755 ζῶσα
1167 2687 1461 2759 κατεσάπη.

617 2796 659 2835 3.
726 2773 926 2840 Βάττος
978 2774 1056 2835 δὲ(
1082 2772 1416 2832 ἐδασίλευσεν
1473 2778 1500 2832 ὁ
1546 2774 1704 2842 καλὸς
1754 2774 2094 2854 καλούμενος,

540 2861 758 2939 ἕὸδομος
775 2859 847 2919 ὢν
873 2860 978 2918 ἀπὸ
1007 2866 1096 2919 τοῦ
1120 2860 1345 2939 πρώτου.

618 2971 664 3010 4.
714 2948 1045 3029 Ἀρκεσιλάου
1070 2945 1124 3007 δὲ
1156 2946 1537 3027 βασιλεύοντος,
1562 2949 1741 3018 λευκὸς
1777 2948 1932 3031 κόραξ
1976 2950 2095 3033 ἐφά-

541 3060 633 3108 νη,
655 3033 777 3114 περὶ
809 3026 866 3094 οἶ
894 3034 1064 3112 λόγιον
1095 3028 1156 3107 ἦν
1182 3036 1435 3114 χαλεπόνι
1473 3039 1841 3117 Δημοκρατίας
1869 3039 1922 3097 δὲ
1947 3063 2096 3118 γενο-

543 3121 728 3200 με’νης,
762 3121 957 3189 Βάττος
983 3123 1054 3189 εἷς
1079 3121 1396 3202 Ἑσπερίδας
1415 3121 1577 3182 ἐλθὼν
1606 3124 1829 3184 ἀπέθανε
1849 3148 1861 3161 ·
1891 3125 1982 3184 καὶ
2001 3126 2095 3199 τὴν

543 3208 772 3292 κεφαλὴν
807 3211 965 3270 αὐτοῦ
993 3209 1238 3278 λαὸόντες
1262 3211 1658 3271 κατεπόντισαν.

622 3319 668 3357 5.
714 3295 888 3368 Νόμος
928 3289 990 3370 ἦν
1032 3295 1148 3366 τοὺς
1194 3297 1494 3366 πολυδίκους
1527 3300 1616 3358 καὶ
1654 3300 2095 3382 κακοπράγμονας

545 3384 646 3445 ὑπὸ
673 3389 774 3444 τῶν
800 3384 995 3466 ἐφόρων
1024 3385 1375 3466 προάγεσθαι,
1408 3386 1497 3446 καὶ
1527 3392 1741 3466 ζημιοῦν
1770 3390 1977 3458 τούτους
2001 3392 2096 3450 ’καὶ

549 3472 764 3550 ἀτίμους
782 3477 967 3534 ποιεῖν.

1038 3612 1110 3672 V.
1158 3616 1601 3676 KOPlNOlQN.

625 3746 872 3827 Κόρινθος
906 3746 1113 3830 Ἐφύρα
1151 3750 1398 3831 πρότερον
1441 3754 1674 3811 ἐκαλεῖτο
1709 3753 1867 3832 μέχρι
1907 3756 2095 3836 Κορίν-

1853 360 2336 424 HERACLIDES

2161 499 2344 558 Quodsi
2378 499 2435 548 iis
2455 511 2578 561 quos
2602 510 2763 549 amare
2783 496 3045 546 instituunt
3063 497 3277 559 raptione
3295 497 3433 558 potiti
3464 499 3603 561 sunt,
3625 499 3721 549 ab·

2162 586 2348 635 ducunt
2373 599 2455 635 eos
2477 586 2527 634 in
2545 588 2756 634 montem
2778 587 2866 633 aut
2887 584 2938 632 in
2960 596 3097 646 agros
3113 597 3228 633 suos
3241 620 3254 643 ‚
3273 583 3436 647 ibique
3453 588 3722 636 convivan-

2161 676 2242 724 tur
2263 672 2325 721 ad
2355 672 2455 722 dies
2475 672 2722 734 sexaginta
2747 670 2985 734 (ulterius
3003 671 3130 721 enim
3154 684 3252 720 non
3269 671 3443 734 lieet);
3463 676 3608 736 atque
3635 675 3724 727 dat

2161 765 2347 813 amator
2369 775 2519 825 puero
2545 763 2728 812 vestem
2746 761 2934 825 aliaque
2960 761 3086 811 dona
3108 764 3160 811 et
3181 760 3373 811 bovem.

2225 862 2272 905 6.
2307 858 2557 906 cretenses
2574 868 2741 906 ornnes
2769 855 2896 905 sellis
2917 855 3176 906 insidentes
3194 856 3358 906 cibum
3376 857 3592 921 capiunt.
3618 866 3723 910 Au-

2163 942 2410 1004 spicantur
2432 945 2594 993 autem
2612 956 2641 992 a
2664 943 2919 1006 peregrinis
2932 943 3098 1005 epulas
3114 944 3352 1006 appositas
3372 944 3721 1000 distribuendo.

2167 1032 2280 1079 Post
2301 1043 2382 1080 eos
2395 1031 2614 1080 archonti
2631 1033 2862 1094 quattuor
2881 1031 3122 1093 portiones
3140 1031 3408 1094 largiuntur
3432 1053 3444 1083 ι
3466 1048 3612 1084 unam
3632 1036 3724 1085 sic·

2167 1117 2235 1166 uti
2256 1117 2453 1180 reliquis
2465 1156 2481 1181 ,
2503 1119 2704 1168 alteram
2729 1119 2894 1180 utpote
2911 1118 3127 1167 archonti
3145 1156 3161 1177 ,
3180 1120 3371 1169 tertiam
3387 1120 3578 1171 familiae
3596 1123 3722 1186 ejus,

2167 1208 2391 1267 quartam
2409 1205 2535 1255 unde
2550 1204 2893 1268 supellectilem
2917 1208 3067 1267 paret.
3096 1210 3188 1255 om
3198 1208 3310 1256 nino
3335 1211 3496 1257 autem
3516 1212 3725 1260 Creten-

2167 1306 2243 1342 ses
2265 1293 2466 1343 multam
2485 1292 2743 1355 peregrinis
2773 1293 3125 1342 humanitatem
3145 1295 3398 1352 exhibent,
3425 1297 3726 1360 primamque

2167 1380 2329 1430 sedem
2350 1380 2406 1430 iis
2426 1380 2661 1430 deserunt.

2230 1472 2277 1517 7.
2312 1466 2659 1517 Lacedaemonii
2681 1467 2874 1518 Helotes
2891 1468 3007 1518 olim
3031 1468 3080 1518 in
3110 1468 3394 1519 servitutem
3420 1470 3725 1535 redegerunt,

2172 1554 2383 1606 Thessali
2403 1569 2517 1605 vero
2533 1557 2758 1605 Penestas
2781 1556 2808 1582 *

2581 1683 2688 1743 lV.
2731 1684 3305 1745 CYRENAEORUM.

2239 1821 2409 1870 Battus
2425 1857 2439 1881 ‚
2468 1822 2677 1882 Cyrenoe
2704 1819 2940 1880 conditor,
2968 1821 3102 1882 prius
3119 1814 3401 1871 'Aristotelis
3423 1823 3616 1873 nomine
3638 1837 3731 1887 ap-

2174 1907 2379 1970 pellatus
2415 1908 2522 1957 suit.
2558 1910 2816 1970 Postquam
2852 1920 2968 1957 vero
3003 1921 3032 1956 a
3071 1908 3239 1970 Pythia
3272 1910 3434 1957 Battus
3460 1911 3734 1971 appellatus

2175 1994 2279 2054 est,
2298 1994 2471 2044 exinde
2489 1994 2538 2043 id
2557 1995 2766 2044 nominis
2785 1995 2995 2044 retinuit.
3016 1995 3162 2045 Venit
3180 1996 3302 2044 enim
3323 1997 3526 2058 Delphos
3546 2010 3733 2046 oracu-

2178 2082 2278 2130 lum
2297 2081 2358 2131 de
2387 2094 2503 2131 voce
2525 2083 2858 2144 consulturus;
2886 2082 3066 2132 scilicet
3089 2083 3293 2145 linguam
3314 2084 3613 2133 haesitantem
3635 2086 3736 2134 ha·

2178 2169 2338 2218 bebat.
2404 2169 2614 2219 Jubente
2636 2168 2726 2219 deo
2749 2170 2799 2219 in
2827 2170 3022 2233 Libyam
3049 2172 3250 2233 migrare
3266 2208 3279 2230 ,
3305 2171 3436 2220 irrito
3470 2171 3518 2221 id
3548 2178 3736 2223 conatu

2177 2256 2315 2306 initio
2337 2259 2555 2307 tentavit.
2580 2258 2607 2285 *
2627 2260 2652 2284 *
2674 2260 2701 2285 *

2244 2353 2288 2395 2.
2315 2345 2612 2408 Pheretima,
2645 2346 2868 2395 Arcesilai
2897 2349 3067 2408 mater,
3099 2347 3310 2409 regnavit
3327 2380 3352 2409 ,-
3371 2348 3547 2398 semina
3570 2349 3738 2399 admo·

2180 2433 2298 2481 dum
2331 2431 2564 2494 crudelis,
2590 2431 2776 2494 justum
2799 2433 2999 2483 modum
3035 2433 3084 2483 in
3125 2434 3348 2484 omnibus
3380 2434 3630 2485 excedens.
3664 2440 3737 2485 Ea

2181 2520 2361 2569 bellum
2390 2519 2565 2568 faciens
2587 2520 2812 2583 Barcoeis,
2834 2533 2985 2582 quum
3007 2523 3187 2571 Barcen
3210 2525 3519 2586 occupasset,
3540 2523 3667 2573 viros
3686 2523 3738 2573 in

2181 2621 2373 2657 crucem
2407 2609 2528 2669 egit,
2560 2606 2840 2657 mulieribus
2871 2622 3103 2658 mammas
3128 2610 3415 2671 amputavit.
3484 2613 3588 2673 Ipsa
3618 2624 3736 2660 vero

2184 2708 2279 2744 non
2297 2695 2452 2744 multo
2473 2698 2578 2757 post
2605 2694 2714 2743 viva
2733 2695 2987 2758 putredine
3005 2699 3289 2758 consumpta
3307 2698 3395 2749 est.

2245 2789 2291 2832 3.
2327 2784 2494 2831 Battus
2516 2782 2729 2843 regnavit
2764 2784 3078 2844 cognomento
3116 2783 3335 2847 Pulcher,
3364 2785 3591 2847 septimus
3606 2785 3738 2835 vide-

2171 2863 2295 2921 licet
2316 2884 2344 2919 a
2363 2869 2518 2933 primo
2544 2870 2720 2931 (Batto
2735 2870 2772 2932 ).

2247 2962 2293 3008 4.
2323 2958 2562 3009 Arcesilao
2597 2960 2852 3022 regnante,
2892 2960 3031 3008 albus
3053 2961 3270 3022 apparuit
3303 2973 3509 3022 corvus,
3541 2961 3602 3010 de
3638 2975 3739 3024 quo

2184 3059 2326 3109 grave
2367 3046 2608 3096 serebatur
2637 3046 2904 3095 oraculum.
2942 3050 3104 3104 Quum
3134 3046 3196 3096 ad
3235 3048 3416 3096 statum
3458 3049 3740 3111 popularem

2186 3133 2453 3196 respublica
2483 3133 2773 3194 devenisset,
2810 3136 2978 3183 Battus
3004 3134 3065 3183 ad
3093 3136 3378 3197 Hesperidas
3407 3137 3645 3198 profectus
3667 3137 3738 3187 ibi

2184 3220 2382 3283 oppetiit
2399 3221 2631 3283 mortem;
2661 3223 2807 3283 caput
2828 3221 2930 3283 eius
2949 3221 2997 3270 in
3017 3235 3150 3271 mare
3172 3222 3519 3273 demerserunt.

2250 3315 2292 3358 5.
2325 3310 2424 3358 Lex
2459 3309 2562 3357 erat
2582 3310 2634 3356 ut
2663 3308 2842 3357 multas
2869 3310 3215 3359 controversias
3245 3314 3492 3360 moventes
3514 3312 3562 3360 et
3591 3311 3740 3361 malas

2183 3408 2350 3445 causas
2372 3397 2564 3457 agentes
2593 3395 2655 3445 ab
2673 3395 2866 3457 ephoris
2896 3396 2958 3445 ad
2971 3396 3208 3458 iudicium
3229 3397 3598 3460 adducerentur,
3617 3399 3740 3448 mul·

2184 3485 2357 3546 ctaque
2378 3483 2436 3531 iis
2453 3484 2761 3546 irrogaretur,
2785 3495 2843 3533 ac
2865 3483 3065 3533 infames
3083 3485 3270 3534 tierent.

2601 3620 2674 3680 V.
2717 3619 3324 3682 CORINTHIORUM.

2245 3764 2505 3814 Corinthus
2539 3764 2674 3826 prius
2714 3765 2905 3827 Ephyra
2944 3765 3193 3815 dicebatur
3235 3779 3385 3828 usque
3427 3765 3485 3814 ad
3521 3769 3743 3828 tempora

548 3837 666 3910 θου,
693 3835 780 3914 ἀφ’
798 3827 858 3892 οὗ
876 3836 1104 3912 τοῦνομα
1133 3836 1305 3916 ἔσχεν.
1330 3839 1675 3900 Ἔὸασίλευσε
1701 3842 1755 3901 δὲ
1782 3842 1871 3900 καὶ
1898 3843 2110 3925 Βάκχις·
2183 3852 2401 3901 Corinthi
2422 3851 2559 3914 regis,
2580 3864 2719 3914 aquo
2741 3851 2909 3902 deinde
2924 3866 3098 3903 nomen
3113 3853 3322 3916 sumpsit.
3347 3856 3557 3914 Regnum
3577 3853 3741 3903 tenuit

548 3924 574 3978 ὁ
602 3919 769 4000 τρίτος
785 3965 801 3996 ,
825 3922 995 3999 χωλὸς
1023 3923 1112 3981 καὶ
1135 3925 1340 3996 εὐτελὴς
1360 3925 1452 3997 τὴν
1478 3926 1611 4008 ὄψιν,
1632 3930 1803 3995 καλῶς
1832 3926 1883 3987 δὲ
1915 3929 2093 4010 ἅρχων
2139 3979 2145 3994 ,
2183 3943 2325 3990 etiam
2348 3944 2542 3992 Bacchis
2565 3945 2762 4005 tertius,
2781 3945 2863 4007 qui
2887 3945 2977 3995 etsi
3002 3946 3200 3995 claudus
3221 3947 3268 3994 et
3289 3943 3543 4006 deformis,
3564 3947 3731 3995 tamen

547 4093 640 4143 τοῖς
666 4090 720 4136 τὸ
755 4090 858 4150 περὶ
900 4089 1007 4144 τοὺς
1035 4089 1206 4152 ἔρωτας
1224 4090 1438 4154 νόμιμον.
1467 4094 1538 4143 Οὐ
1574 4093 1660 4156 γὰρ
1690 4097 1844 4144 πειθοῖ
1869 4098 2091 4159 κατεργά·

547 4161 699 4212 ζονται
718 4157 823 4212 τοὺς
846 4158 1100 4221 ἐρωμένους
1113 4196 1127 4218 ,
1149 4160 1246 4208 ἀλλ’
1269 4166 1456 4227 ἁρπαγῇ
1474 4164 1574 4213 κτλ.
1594 4191 1657 4201 -
1675 4168 1718 4214 οἱ
1734 4168 1760 4213 ὁ
1778 4168 1868 4227 φιλ.
1894 4167 2001 4230 ]sic
2028 4173 2062 4217 A
2083 4185 2097 4228 ;

2190 4103 2312 4149 Min.
2343 4115 2391 4162 p.
2419 4106 2529 4160 340,
2559 4109 2668 4153 359.
2690 4130 2753 4138 —
2781 4109 2817 4152 1.
2846 4105 2900 4153 τὸ
2923 4105 3005 4165 μὲν
3028 4104 3236 4168 πρῶτον]
3261 4107 3444 4166 BCP9;
3464 4105 3518 4153 τὸ
3554 4111 3741 4167 πρῶτον

2188 4169 2270 4230 μὲν
2319 4176 2389 4231 Α;
2414 4171 2469 4219 τὸ
2505 4177 2690 4234 πρῶτον
2727 4174 2913 4234 reliqui.
2943 4199 3006 4210 —·
3026 4174 3309 4237 ἠδυνάτησε]
3341 4173 3561 4233 ,ἠδυνάτης
3582 4178 3741 4232 ABG,-

548 4226 716 4287 reliqui
740 4240 838 4274 om.
861 4230 922 4275 ot.
942 4253 1005 4267 -
1026 4233 1071 4276 6.
1090 4228 1369 4292 καθήμενοι]
1390 4231 1690 4294 ἐγκαθήμενοι
1713 4235 1839 4295 conj.
1869 4239 2096 4298 Corayus.
2189 4239 2358 4290 ultima
2381 4241 2514 4290 vocis
2537 4242 2674 4291 litera
2695 4241 2837 4293 sicuti
2858 4245 3104 4305 sequentia
3119 4246 3167 4294 in
3182 4245 3344 4295 codice
3366 4245 3624 4307 archetypo
3643 4258 3742 4295 rna·

547 4297 617 4343 De
645 4307 695 4342 re
714 4295 771 4343 cl‘.
795 4297 963 4357 Pyrgio
985 4309 1063 4356 ap.
1092 4297 1261 4346 Athen·
1288 4302 1369 4359 IV,
1391 4313 1435 4360 p.
1468 4304 1571 4362 143,
1598 4307 1649 4352 E.
1672 4303 1859 4353 Miiller.
1885 4309 2006 4355 Dor.
2035 4309 2096 4368 It,

548 4378 593 4426 p.
614 4369 721 4414 270.
753 4393 817 4406 --
838 4364 1109 4430 προεδρίαν]
1133 4379 1202 4417 sc.
1226 4370 1276 4417 in
1306 4368 1432 4419 ludis
1455 4373 1504 4420 et
1526 4372 1771 4422 conviviis.
1794 4401 1859 4410 —
1893 4380 1944 4426 7.
1966 4377 2093 4428 ὅτι...

547 4434 795 4499 πενέστας]
812 4449 912 4485 om.
935 4441 1084 4493 AM,-
1106 4437 1155 4487 in
1180 4442 1275 4502 Pp.
1302 4440 1526 4503 leguntur
1553 4442 1613 4491 ad
1633 4443 1812 4493 calcem
1837 4446 1894 4495 t'r.
1915 4454 1961 4508 23
1979 4448 2027 4496 in
2042 4461 2096 4510 p.

546 4506 711 4553 tamen
728 4504 873 4553 etiam
898 4505 987 4554 hoc
1020 4506 1127 4556 loro
1146 4509 1335 4558 exstant
1357 4510 1439 4558 sed
1476 4523 1623 4559 manu
1650 4515 1859 4564 secunda
1882 4516 2096 4567 inducta.

550 4593 574 4617 «ι
609 4572 753 4623 Sedes
769 4573 869 4636 ipsa
890 4589 1039 4637 quam
1056 4577 1203 4627 verba
1222 4578 1271 4627 in
1290 4580 1423 4630 libris
1442 4584 1607 4632 tenent
1629 4585 1926 4635 Heraclidem
1943 4591 2100 4652 arguit

547 4641 608 4691 de
631 4642 838 4693 Clarotis
858 4647 1160 4696 Cretensium
1184 4648 1400 4699 locutum
1428 4665 1547 4701 esse.
1584 4657 1708 4715 Ergo
1739 4655 1777 4704 si
1812 4670 1907 4707 non
1931 4659 2098 4721 plura,

550 4711 678 4758 certe
702 4713 874 4774 Κρῆτες
896 4713 947 4763 δὲ
977 4716 1083 4774 τοὺς
1124 4718 1374 4782 Κλαρώτας
1390 4720 1683 4774 interierunt.
1712 4727 1829 4775 Rem
1849 4729 2101 4780 confirmat

552 4777 750 4862 photius
774 4793 823 4828 v.
853 4784 1160 4848 Κλαρῶται
1177 4801 1189 4814 ·
1224 4791 1454 4854 μέτοικοι,
1473 4794 1536 4849 ὡς
1561 4796 1866 4856 Μαριανδυνοὶ
1886 4798 1933 4846 ἐν
1959 4800 2097 4863 Ἥρα·

550 4847 681 4908 κλειᾳ
711 4850 792 4896 καὶ
818 4851 1016 4909 Εἵλωτες
1040 4855 1087 4903 ἐν
1109 4859 1424 4922 Λακεδαίμονι
1444 4864 1525 4911 καὶ
1558 4863 1608 4912 ἐν
1627 4867 1858 4930 θετταλίᾳ
1879 4870 2098 4919 πενέσται

551 4926 629 4964 και
639 4917 908 4983 καλλικύριοι
922 4921 970 4970 ἐν
984 4926 1310 4987 Συρακούσαις.
1333 4950 1356 4974 υ
1373 4932 1808 4998 Schneidewinus,
1824 4938 1968 4987 etiam
1983 4940 2101 4991 alios

551 4983 753 5035 laudans
774 4991 917 5039 testes
938 4991 999 5040 de
1019 5006 1071 5043 re
1095 4996 1356 5047 notissima.

614 5047 698 5095 IV.
733 5048 854 5098 Vide
885 5051 1084 5114 Tin-ige,
1111 5057 1202 5106 Res
1240 5061 1453 5121 Cyrenes
1487 5063 1664 5123 (nasu.
1699 5067 1862 5130 1828);
1898 5070 2098 5122 Boeckh.

555 5115 689 5179 13pr.
715 5118 901 5169 Pindar.
922 5136 971 5185 p.
1001 5130 1090 5174 265
1121 5139 1252 5190 sqq.;
1287 5131 1473 5184 muller.
1504 5137 1624 5184 Dor.
1659 5137 1731 5199 11,
1762 5149 1813 5199 p.
1859 5143 1944 5189 173
1967 5153 2098 5205 sqq.;

2187 4307 2303 4356 dore
2316 4309 2390 4357 vel
2404 4310 2646 4359 vermibus
2656 4311 2910 4375 absumpta
2921 4313 2968 4361 fu
2973 4313 3062 4363 isse
3071 4315 3311 4374 videntur,
3322 4316 3545 4364 monente
3555 4315 3745 4364 Schnei-

2186 4376 2393 4427 dewino.
2413 4408 2474 4420 -
2494 4385 2540 4428 2.
2556 4381 2822 4445 Φερετίμα]
2845 4382 3056 4444 abcdf95
3076 4385 3308 4448 Φερετίμη
3327 4386 3514 4446 reliqui.
3532 4389 3743 4446 sequens

2187 4447 2235 4495 δὲ
2262 4462 2364 4498 om.
2397 4447 2594 4512 adsum
2630 4452 2729 4514 inp
2764 4452 2825 4501 ad
2864 4454 3126 4516 marginem
3153 4458 3370 4506 notatur.
3394 4456 3648 4504 Pheritima
3671 4457 3745 4505 est

2189 4521 2342 4568 mater
2361 4519 2584 4569 Arcesilai
2615 4523 2695 4571 ΙΙΙ.
2732 4521 2986 4572 Historiam
3010 4523 3120 4573 vide
3146 4537 3226 4587 ap.
3265 4525 3500 4574 Herodot.
3524 4528 3607 4585 lv,
3634 4531 3739 4574 162.

2189 4593 2296 4636 202.
2315 4595 2436 4651 2053
2464 4589 2674 4651 Polyaen.
2698 4593 2827 4653 VIII,
2859 4596 2936 4643 47.
2967 4622 3030 4633 —
3049 4595 3155 4643 πολ.
3182 4593 3323 4657 γοῦν]
3343 4600 3457 4655 γοῦν
3478 4607 3577 4642 om.
3597 4596 3654 4642 A.
3677 4623 3741 4635 —·

2188 4656 2396 4705 λαὸοὖσα
2414 4656 2515 4720 τὴν]
2532 4661 2639 4709 λαὸ.
2659 4661 2805 4720 δὲτὴν
2824 4663 3052 4713 ABCPd.
3071 4690 3135 4701 —
3150 4669 3196 4713 3.
3221 4661 3412 4728 Βάττος]
3429 4663 3459 4712 b
3473 4666 3521 4713 el
3541 4664 3742 4713 sortasse

2193 4725 2277 4788 ΒΓ,
2309 4727 2472 4789 βάττος
2491 4742 2634 4791 supra
2655 4732 2833 4793 scripto
2855 4749 2904 4792 η,
2929 4738 2984 4794 ας
3011 4729 3182 4793 Βῆττος
3206 4733 3399 4795 reliqui;
3436 4733 3597 4795 paullo
3621 4733 3744 4782 infra

2189 4797 2360 4851 Βαττὸς
2391 4799 2533 4860 ABG,
2553 4797 2726 4857 Βᾶττος
2750 4799 2805 4862 d,
2828 4801 2999 4860 Βάττος
3023 4803 3054 4854 b
3071 4806 3122 4853 et
3154 4815 3322 4865 margo
3353 4816 3411 4866 μς
3434 4805 3606 4861 Βῆττος
3629 4805 3741 4852 reli-

2186 4865 2291 4927 qui.
2313 4895 2374 4907 -
2389 4870 2435 4915 4.
2457 4868 2746 4934 Ἑσπερίδας]
2766 4870 3014 4936 Ἑσπερίδα
3033 4888 3089 4937 p.
3113 4873 3363 4937 Ἑσπερίαν
3384 4874 3432 4923 b.
3453 4903 3517 4915 —
3536 4879 3584 4923 5.
3606 4873 3743 4935 νόμος

2188 4933 2277 4998 ἣν]
2296 4939 2334 4985 Α
2355 4939 2457 4992 Be,-
2476 4953 2521 4986 ν.
2540 4939 2588 4988 δὲ
2607 4939 2664 4999 ἦν
2683 4939 2867 5002 reliqui.

2250 5008 2309 5055 V.
2345 5005 2546 5072 Βάκχις]
2587 5010 2816 5074 Clavier.;
2843 5011 3046 5075 Βάκχιος
3086 5016 3327 5076 Corayu83
3365 5015 3560 5075 βακαῖος
3591 5015 3715 5062 ABG
3726 5032 3746 5071 ,-

2190 5074 2414 5138 βακχαῖος
2455 5078 2642 5140 reliqui.
2669 5107 2733 5120 --
2767 5081 2794 5127 ὀ
2834 5081 3014 5146 τρίτος]
3049 5084 3310 5132 articulum
3350 5095 3450 5130 om.
3483 5079 3746 5136 ABCcdef.

2190 5145 2345 5207 Vulgo
2403 5148 2597 5198 Bacchis
2632 5151 2707 5200 est
2752 5151 2972 5213 quintus
3021 5166 3108 5202 rex
3146 5152 3530 5203 Corinthiorum.
3584 5154 3748 5210 Quare

2317 5367 2344 5377 ὴ
