4016 5916
459 451 568 500 18⁸

457 566 740 649 Πριηνεὺς,
774 568 1026 645 Πιττακῷ
1065 562 1410 639 Ἀντιμενίδας
1437 562 1526 620 καὶ
1556 563 1815 633 Ἀλκαῖος,
1846 562 2008 621 Ἀνα-

460 656 653 736 ξαγόρᾳ
675 656 931 721 Σωσίὸιος
996 651 1085 710 καὶ
1118 649 1385 729 Σιμωνίδῃ
1413 649 1742 727 Τιμοκρέων.

1019 782 1448 842 ΠΑΡΟΙΜΙΑΙ.

539 915 831 995 Παροιμίαι
855 914 904 971 α’
923 918 1068 971 inter
1085 915 1289 987 scripta
1312 916 1412 969 Ar.
1439 923 1717 967 memorat
1733 913 2015 985 Diogenes

458 1008 707 1064 Laertius
746 1008 815 1073 V,
847 1004 941 1059 26.
984 1002 1265 1076 Expressis
1297 1001 1481 1054 verbis
1521 1000 1854 1071 opusculum
1902 1000 2012 1053 hoc

459 1112 733 1166 nusquam
760 1091 1042 1157 laudatur.
1072 1089 1374 1159 Putarique
1404 1087 1575 1160 possit
1604 1088 1873 1141 seriorem
1905 1086 2012 1140 ali-

460 1196 629 1253 quem
680 1177 982 1252 proverbia
1026 1193 1150 1247 quae
1191 1175 1250 1227 in
1281 1168 1492 1227 Politiis
1539 1172 1639 1245 (fr.
1692 1191 1713 1226 1
1732 1190 1819 1227 10.
1883 1172 2010 1244 139.

469 1267 596 1332 143.
625 1266 754 1332 167,
785 1282 835 1317 a.
878 1262 1007 1317 168.
1048 1279 1171 1331 170.
1218 1260 1346 1330 176.
1384 1257 1510 1313 181.
1561 1258 1690 1330 193.
1722 1259 1764 1332 ),
1795 1259 2012 1313 Rheto-

460 1354 591 1407 ricis
613 1363 668 1407 et
698 1350 904 1405 Ethicis
930 1347 1299 1420 philosophus
1325 1347 1525 1419 passim
1553 1345 1813 1413 adducit,
1833 1345 2007 1399 colle-

459 1441 599 1512 gisse
630 1448 686 1492 et
711 1437 813 1491 sub
843 1434 1154 1489 Aristotelis
1181 1434 1408 1485 nomine
1444 1431 1700 1488 edidisse.
1733 1434 1808 1485 At
1846 1431 2011 1484 etiam

460 1525 589 1580 data
617 1537 787 1596 opera
806 1520 1158 1577 Aristotelem
1178 1518 1478 1591 proverbia
1492 1528 1746 1572 tractasse
1761 1517 1936 1588 liquet
1946 1535 2014 1571 ex

463 1611 733 1665 Athenaeo
751 1611 828 1676 11,
858 1626 917 1680 p.
952 1606 1052 1678 60,
1084 1606 1142 1673 C,
1173 1605 1271 1658 ubi
1292 1607 1367 1659 ita
1389 1622 1402 1657 t
1426 1600 1794 1682 Κηφισόδωρος
1822 1604 1849 1657 ὃ
1877 1601 2008 1659 Ἰσο-

461 1694 678 1773 κράτους
702 1690 936 1769 μαθητὴς
960 1676 1012 1748 ἐν
1046 1698 1152 1755 τοῖς
1172 1687 1310 1746 κατὰ
1332 1687 1716 1767 Ἀριστοτέλους
1743 1686 2013 1766 (τέσσαρα

463 1783 508 1840 δ’
548 1781 657 1839 ἐστὶ
702 1786 868 1838 ταῦτα
901 1777 1117 1855 βιὸλία)
1164 1778 1380 1855 ἐπιτιμᾷ
1407 1779 1481 1852 τῷ
1525 1772 1819 1855 φιλοσόφῳ,
1857 1774 1926 1839 ὡς
1954 1775 2012 1831 οὐ

461 1868 739 1937 ποιήσαντι
776 1865 934 1942 λόγου
961 1862 1098 1931 ἄξιον
1134 1862 1194 1919 τὸ
1222 1862 1507 1940 παροιμίας
1537 1865 1792 1942 ἀθροῖσαι.
1831 1895 1908 1905 -
1930 1863 2010 1919 Cf.

462 1957 772 2014 Aristotelis
798 1955 1067 2010 sententia
1113 1972 1205 2025 ap.
1245 1954 1533 2025 Synesium
1580 1955 1815 2007 Encom.
1860 1954 2012 2010 Calv.

465 2043 541 2117 59
565 2044 657 2100 ed.
698 2044 873 2097 Turn.
923 2059 938 2093 z
973 2039 1097 2102 Πῶς
1119 2035 1162 2093 δ’
1192 2036 1309 2114 οὐχὶ
1339 2036 1492 2115 σοφὸν
1519 2041 1552 2107 ἡ
1588 2036 1867 2115 παροιμία,
1894 2036 2014 2113 περὶ

462 2119 534 2185 ὧν
561 2125 916 2206 Ἀριστοτέλης
934 2122 1107 2204 φησὶν,
1137 2120 1214 2180 ὅτι
1243 2126 1473 2188 παλαιᾶς
1502 2123 1599 2179 εἰσι
1633 2122 1933 2203 φιλοσοφίας
1961 2125 2016 2180 ἐν

461 2217 576 2279 ταῖς
605 2211 872 2290 μεγίσταις
891 2207 1175 2287 ἀνθρώπων
1195 2212 1405 2287 φθοραῖς
1438 2195 1765 2285 ἀπολομέῖης
1789 2211 2015 2286 ἔγκατα-

463 2300 732 2375 λείμματα
774 2296 1126 2376 περισωθέντα
1176 2293 1261 2352 διὰ
1286 2294 1565 2370 συντομίαν
1592 2294 1682 2352 καὶ
1723 2294 2013 2366 δεξιότητα.

463 2390 548 2444 Cf.
596 2387 1007 2444 Schneidewin.
1050 2384 1272 2439 Praeiat.
1321 2383 1393 2437 ad
1418 2385 1785 2456 Paroemiogr.
1835 2403 1893 2457 p.
1934 2385 2013 2438 11.

464 2477 723 2531 Ceterum
766 2472 887 2527 fieri
926 2471 1087 2526 facile
1113 2480 1299 2542 pojest
1336 2480 1398 2523 ut
1436 2488 1580 2523 unus
1621 2470 1708 2524 vel
1750 2472 1891 2525 alter
1934 2472 2017 2524 lo-

465 2581 595 2629 cus,
622 2580 790 2634 quem
811 2559 1028 2614 Politiis
1055 2557 1316 2623 attribui,
1343 2574 1375 2610 e
1404 2556 1839 2610 Proverbiorum
1870 2557 2018 2610 libro

465 2651 671 2721 petitus
691 2649 779 2704 sit.
794 2644 1058 2718 Superest
1072 2661 1217 2697 unus
1231 2644 1387 2697 locus
1403 2658 1573 2713 quem
1590 2643 1682 2696 hic
1703 2642 2014 2697 exhibebo:

1178 2729 1309 2782 280.

546 2820 863 2887 Eustathius
890 2817 963 2872 ad
982 2818 1151 2873 Hom.
1185 2816 1382 2888 Odyss.
1404 2818 1473 2882 V,
1502 2814 1614 2880 408
1648 2832 1662 2871 :
1687 2812 1756 2872 ‘0
1784 2811 1837 2870 δὲ
1869 2813 2021 2880 αὐτὸς

469 2907 585 2978 (sc.
615 2906 907 2960 Pausanias
950 2898 1501 2978 3111111111.)λέγεικα“ι
1546 2900 1624 2956 ὅτι
1668 2899 2022 2980 Ἀριστοτέλης

468 2993 666 3068 ἱστορεῖ
710 2992 893 3064 λοιμοῦ
923 2986 1275 3067 κατασχόντος
1305 2987 1395 3046 καὶ
1424 2987 1661 3067 κοράκων
1687 2992 1892 3047 πολλῶν
1932 3014 2018 3067 γε·

470 3075 700 3153 νομένων
738 3073 855 3142 τοὺς
881 3073 1178 3154 ἀνθρώπους
1205 3073 1513 3154 θηρεύοντας
1538 3073 1720 3140 αὐτοὺς
1750 3075 1840 3133 καὶ
1866 3099 2020 3157 περι-

470 3162 811 3241 καθαίροντας
839 3162 1102 3226 ἐπαοιδαῖς
1125 3162 1330 3241 ἀφιέναι
1352 3164 1546 3228 ζῶντας
1563 3161 1652 3218 καὶ
1672 3160 1928 3238 ἐπιλέγειν
1945 3167 2021 3242 τῷ

1521 393 2007 491 Ams‘ro'rsstis
2060 417 2550 492 FRAGMENTA.

2183 567 2437 620 Socrates
2463 561 2602 619 Hist.
2632 564 2836 618 Eccles.
2870 566 2983 633 111,
3017 566 3113 641 23,
3143 586 3203 639 p.
3241 565 3345 620 165
3370 564 3458 622 cd.
3479 566 3648 622 Pan-ts.

2111 651 2254 706 1686
2285 672 2296 705 :
2332 650 2450 708 Οὔκ
2477 646 2810 726 αἰσχύνονται
2829 649 3054 716 πολλοὺς
3077 649 3376 729 ἀνθρώπους
3406 651 3647 710 ἀποθεώὲ-

2065 746 2076 753 ”
2101 757 2282 800 σαντες
2309 734 2399 791 καὶ
2427 732 2529 792 εἴθε
2552 757 2613 810 γε
2638 732 2736 792 κᾶν
2755 735 3013 813 χρηστοὺς
3030 735 3119 794 τὸν
3140 738 3333 817 τρόπον
3360 736 3395 808 ἢ
3425 737 3650 802 δικαίους

2102 818 2135 890 ἢ
2176 819 2471 900 σώφρονας,
2505 822 2640 878 ἀλλὰ
2670 824 2949 898 ἀνάγνους,
2973 822 3205 894 ἀδίκους,
3237 821 3369 900 μέθῃ
3399 824 3649 881 δεδουλω-

2104 906 2312 982 μένους,
2360 905 2655 986 Ἡρακλέας
2701 908 2834 987 φημὶ
2871 908 2961 966 καὶ
2998 909 3275 975 Διονύσους
3304 910 3394 966 καὶ
3431 909 3651 979 Ἀσκλη-

2102 992 2274 1059 πιούς·
2303 994 2418 1051 καθ’
2445 984 2516 1050 ὧν
2567 999 2793 1073 συνεχῶς
2820 996 2874 1052 ἐν
2910 996 3017 1061 τοῖς
3040 997 3197 1053 αὐτοῦ
3230 994 3399 1072 λόγοις
3446 995 3651 1070 ὀμνύων

2105 1078 2346 1145 Λιὸάνιος
2372 1082 2464 1138 οὐκ
2488 1079 2819 1159 αἰσχύνεται·
2842 1071 2914 1138 ὧν
2954 1080 3072 1148 τοὺς
3101 1081 3395 1161 ἀρσενικοὺς
3438 1081 3527 1137 καὶ
3559 1086 3652 1152 θη-

2103 1165 2285 1232 λυκοὺς
2310 1165 2501 1246 ἔρωτας
2526 1169 2571 1223 εἰ
2601 1166 3090 1246 ἀπαριθμησαίμην,
3123 1168 3319 1248 μακρὸς
3346 1172 3473 1242 ἡμῖν
3503 1168 3654 1226 ἔσται

2104 1257 2132 1309 ὁ
2161 1257 2254 1322 τῆς
2297 1252 2675 1332 παρεκόάσεως
2719 1254 2901 1331 λόγος·
2928 1254 3145 1333 ἀρκέσαι
3178 1255 3234 1311 δὲ
3275 1260 3439 1311 ταῦτα
3461 1258 3655 1332 γνῶναι

2104 1340 2357 1398 ἐθέλουσιν
2382 1345 2411 1397 ὁ
2430 1339 2493 1398 Ἀ
2511 1339 2811 1420 ριστοτέλ
2828 1364 2928 1407 ους
2952 1345 2999 1400 Π
3015 1340 3206 1407 έπλος
3235 1340 3323 1399 καὶ
3343 1342 3653 1402 δΔιονυσίου

2107 1427 2367 1508 Στέφανος
2407 1426 2497 1485 καὶ
2534 1427 2778 1504 Ῥηγίνου
2809 1431 2838 1484 ὁ
2861 1426 3230 1503 Πολυμνήμων
3254 1426 3345 1485 καὶ
3373 1432 3474 1486 τῶν
3507 1450 3656 1500 ποιη-

2103 1517 2204 1570 τῶν
2230 1513 2288 1571 τὸ
2310 1516 2524 1585 πλῆθος.
2556 1514 2634 1571 Ex
2667 1517 2899 1571 Socrate
2913 1516 3110 1571 eadem
3134 1519 3338 1589 repetit
3373 1519 3656 1591 Nicepho-

2106 1622 2197 1669 rus
2225 1602 2361 1671 Hist.
2391 1606 2544 1660 Eccl.
2574 1604 2652 1670 X,
2679 1602 2776 1676 36,
2799 1605 2915 1660 vol.
2935 1605 2980 1671 1,
3009 1623 3070 1676 p.
3096 1604 3170 1676 89
3197 1605 3368 1658 Paris.
3409 1603 3571 1660 1630.

2183 1690 2497 1744 Eustathius
2517 1690 2588 1745 ad
2613 1691 2681 1745 11.
2703 1692 2767 1757 Β,
2786 1709 2842 1763 p.
2870 1689 3004 1757 285,
3028 1697 3099 1755 αἰ,
3125 1693 3292 1748 Rom.
3316 1709 3329 1743 τ
3357 1687 3582 1768 Ἱστορεῖ
3599 1690 3655 1748 δὲ

2105 1777 2133 1831 ὃ
2165 1774 2319 1837 αὐτὸς
2359 1773 2652 1853 Πορφύριος
2678 1775 2768 1833 καὶ
2808 1772 2887 1831 ὅτι
2928 1774 3280 1854 Ἀριστοτέλης
3328 1774 3653 1855 σύγγραμμα
3701 1790 3707 1796 ’

2105 1861 2662 1940 πραγματευσάμενος,
2694 1859 2820 1941 ὅπερ
2849 1862 3039 1932 ἐκλήθη
3087 1861 3372 1935 Πέπλος,
3409 1868 3658 1939 γενεαλο-

2104 1949 2218 2025 γίας
2237 1972 2291 2006 τε
2313 1947 2575 2025 ἡγεμόνων
2587 1947 2793 2016 ’ἐξέθετο
2814 1948 2904 2006 καὶ
2931 1951 3058 2006 νεῶν
3080 1948 3312 2007 ἑκάστων
3330 1950 3544 2029 ἀριθμὸν
3561 1954 3654 2011 καὶ

2105 2035 2483 2111 ἐπιγράμματα
2512 2037 2581 2101 εἰς
2628 2034 2840 2106 αὐτοὺς,
2884 2035 2918 2092 ἃ
2944 2035 3030 2093 καὶ
3063 2036 3417 2117 ἀναγράφεται
3457 2042 3486 2095 ὁ
3515 2040 3655 2115 Πορ-

2106 2122 2280 2202 φύριος
2306 2125 2359 2179 ἐν
2382 2129 2485 2187 τοῖς
2502 2124 2572 2187 εἰς
2608 2121 2694 2179 τὸν
2726 2120 2993 2200 εΌμηρον,
3044 2121 3190 2178 ἁπλᾶ
3218 2122 3343 2180 ὄντα
3372 2123 3462 2181 καὶ
3505 2124 3652 2181 οὐδέν

2105 2231 2156 2265 τι
2191 2205 2335 2286 παχὺ
2375 2207 2467 2265 καὶ
2490 2208 2802 2287 φλεγμαῖνον
2839 2208 3055 2285 ἔχοντα·
3112 2207 3319 2288 δίστιχα
3364 2209 3418 2267 δὲ
3465 2207 3530 2266 τὰ
3557 2210 3656 2270 ὅλα

2106 2298 2275 2352 ἐκεῖνα
2306 2294 2429 2374 δίχα
2457 2300 2548 2353 τοῦ
2579 2294 2813 2374 ῥηθέντος
2842 2297 2913 2361 εἰς
2938 2297 3027 2351 τὸν
3064 2292 3289 2355 Αἴαντα.

2186 2385 2400 2456 Quibus
2419 2386 2744 2439 testimoniis
2761 2386 2802 2439 si
2818 2384 3069 2455 junxeris
3096 2386 3403 2459 fragmenta
3435 2392 3621 2461 operis
3638 2432 3654 2458 ‚

2108 2471 2336 2543 colligas
2396 2470 2706 2526 fabularem
2735 2470 2806 2525 de
2832 2471 2942 2525 diis
2972 2476 3028 2526 et
3063 2473 3333 2528 heroibus
3371 2476 3658 2531 historiam

2109 2558 2169 2611 in
2195 2557 2371 2629 Peplo
2395 2559 2702 2630 expositam
2730 2576 2845 2612 esse
2873 2576 3040 2630 prosa
3064 2562 3340 2628 oratione,
3373 2563 3447 2615 itu
3474 2574 3656 2617 tamen

2109 2654 2172 2696 nt
2196 2644 2543 2717 singulorum
2589 2645 2826 2699 heroum
2848 2646 3091 2700 historiae
3132 2649 3475 2719 epigramma
3517 2650 3655 2703 sub-

2103 2727 2317 2799 jectum
2358 2741 2522 2799 esset,
2565 2733 2804 2803 patriam
2839 2732 3270 2804 uniuscujusque
3308 2743 3364 2787 et
3405 2745 3662 2807 parentes

2111 2816 2421 2888 mortisque
2475 2835 2649 2889 genus
2679 2818 2871 2889 paucis
2915 2819 3416 2891 comprehendens.
3461 2824 3663 2877 Versus

2112 2903 2196 2954 isti
2216 2904 2568 2958 memoriales
2598 2904 2761 2958 fuisse
2797 2905 2857 2957 in
2877 2922 3041 2958 usum
3083 2905 3385 2976 juventutis
3415 2910 3658 2979 putandi

2110 3000 2254 3045 sunt.
2283 2992 2502 3044 Horum
2526 3009 2622 3045 eos
2644 2993 2741 3063 qui
2768 2993 3082 3047 Homericis
3094 2993 3355 3047 heroibus
3372 2994 3659 3050 illustran-

2113 3074 2198 3129 dis
2229 3086 2406 3129 essent
2432 3088 2782 3149 excerpserat
2810 3078 3184 3151 Porphyrium
3224 3096 3294 3132 ex
3338 3081 3661 3155 Porphyrio

2113 3161 2461 3234 deprompsit
2487 3164 2819 3231 Eustathius‚
2845 3166 2942 3237 qui
2955 3183 3130 3237 quum
3148 3167 3330 3239 ipsum
3351 3169 3665 3225 Aristotelis

469 3250 668 3329 λοιμῷ·
698 3249 875 3328 φεῦγ’
920 3249 978 3314 ἐς
1017 3246 1336 3326 κόρακας.
1366 3251 1501 3306 Aliae
1530 3252 1817 3322 proverbii
1844 3253 2023 3325 expli-
2114 3248 2320 3302 librum
2359 3267 2476 3304 non
2499 3250 2752 3319 vidisset,
2778 3261 2988 3306 temere
3013 3254 3344 3324 persuasisse
3375 3255 3479 3309 sibi
3505 3256 3663 3312 vide-

472 3340 719 3395 cationes
748 3339 784 3393 l.
806 3339 846 3394 l.
875 3336 1206 3405 afferuntur,
1240 3355 1478 3409 quarum
1515 3355 1625 3391 una
1660 3339 1904 3410 pertinet
1950 3339 2022 3393 ad
2087 3346 2205 3402 ,tur
2232 3336 2630 3408 epigrammata
2655 3339 2878 3392 nonnisi
2912 3338 2986 3392 ad
3009 3339 3180 3395 duces
3202 3343 3533 3397 Homericos
3563 3362 3666 3398 na-

470 3426 759 3481 historiam
795 3426 1126 3480 Boeotorum
1159 3425 1545 3478 Thessalorum
1583 3443 1597 3478 :
1636 3423 1940 3489 Παυσανίας
1968 3422 2027 3481 δέ
2111 3421 2379 3493 viamque
2398 3423 2707 3496 catalogum
2729 3426 3077 3502 pertinuisse.
3101 3428 3225 3481 Alia
3241 3427 3490 3498 ejusdem
3508 3431 3664 3503 Pepli

472 3532 628 3589 φησιν
666 3508 745 3567 ὅτι
767 3512 1009 3574 Βοιωτοῖς
1037 3507 1299 3587 ἔχρησενὸ
1319 3507 1428 3574 θεὸς
1456 3507 1575 3566 ἔνθα
1605 3508 1781 3567 λευκοὶ
1808 3509 2026 3588 κόρακες

2114 3509 2512 3580 epigrammata
2556 3511 2829 3564 nescimus
2882 3529 2914 3565 a
2964 3530 3213 3583 quonam
3238 3525 3497 3588 excerpta
3530 3518 3665 3572 Ste-

474 3599 648 3662 αὗτοῖς
669 3599 910 3676 ὀφθῶσιν,
939 3599 1047 3653 ἐκεῖ
1078 3596 1359 3654 κατοικεῖν·
1389 3595 1581 3661 ἰδόντες
1605 3587 1694 3654 οὗν
1720 3607 1848 3676 φησι
1869 3596 2029 3674 κόρα·
2113 3594 2330 3665 phanus
2362 3595 2573 3649 invenit
2595 3597 2656 3648 in
2680 3595 2878 3651 codice
2911 3599 3259 3656 Florentino.
3290 3602 3412 3655 Alia
3448 3604 3668 3658 Tzetzes

473 3697 568 3740 κας
607 3673 919 3750 πετομένους
957 3673 1078 3753 περὶ
1122 3672 1211 3731 τὸν
1263 3674 1636 3751 Παγασητικὸν
1686 3678 1897 3746 κόλπον,
1937 3673 2026 3740 οὓς

475 3761 664 3819 ἄκακοι
692 3762 870 3827 παῖδες
897 3759 1192 3840 ἕγύψωσαν,
1218 3758 1430 3838 ᾤκησαν
1458 3764 1593 3828 ἐκεῖ,
1622 3762 1934 3827 καλέσαντες
1964 3760 2025 3818 τὸ

472 3847 664 3928 χωρίον
709 3846 984 3928 Κόρακας,
1024 3847 1236 3927 ὕστερον
1279 3844 1331 3905 δὲ
1364 3849 1566 3913 Αἰολεῖς
1597 3847 1903 3913 ὶκὸαλόντες
1930 3850 2023 3905 αὖ·

474 3934 590 4002 τοὺς
613 3934 846 4012 ἔπεμπον
876 3935 982 3992 ἐκεῖ
993 3933 1110 4001 τοὺς
1137 3935 1594 4015 φυγαδευομένους.
1625 3938 1711 3995 Cf.
1729 3939 1959 3993 Photius
1973 3948 2030 3991 et

476 4025 671 4080 Suidas
687 4044 740 4080 v.
771 4020 858 4087 Ἐς
886 4019 1132 4101 κόρακας.
1162 4024 1327 4078 Plura
1354 4023 1449 4078 dat
1475 4026 1801 4079 Leutschius
1826 4025 1898 4080 ad
1926 4026 2034 4078 Pa-

478 4125 640 4166 roem.
666 4114 724 4179 1,
754 4130 813 4184 p.
864 4110 935 4182 78
982 4130 1067 4183 sq.
1100 4110 1185 4166 Cf.
1212 4113 1376 4165 etiam
1403 4110 1812 4169 Schneidewin.
1835 4111 1871 4166 l.
1907 4113 1945 4165 Ι.
1973 4113 2031 4164 in

477 4197 691 4271 praefat.
715 4217 776 4272 p.
818 4199 926 4255 111.

1043 4335 1425 4426 [nssnAoz.
1458 4331 1479 4407 J

560 4460 647 4514 De
663 4459 811 4514 libro
839 4460 1199 4514 Aristotelico
1222 4498 1237 4524 ,
1269 4458 1367 4530 qui
1394 4452 1602 4519 Πέπλος
1625 4457 1749 4530 (vel
1781 4453 1983 4512 Πέπλοι
2006 4456 2025 4531 )

482 4546 825 4613 inscribitur,
848 4547 1160 4600 testimonia
1181 4554 1397 4600 exstant
1424 4544 1539 4598 duo
1559 4545 1743 4597 haecce
1775 4563 1788 4597 τ
1990 4549 1993 4554 “

485 4707 690 4756 aemulus
723 4709 956 4768 cercops3
989 4706 1214 4757 destincte
1245 4711 1408 4757 autem
1449 4706 1790 4769 Xenophanes;
1832 4706 2035 4756 Pindaro

487 4783 601 4831 item
621 4791 732 4830 cum
750 4782 1059 4842 Amphimene
1075 4785 1174 4832 Coo
1187 4784 1428 4834 contentio
1445 4783 1534 4832 ruit
1546 4819 1561 4845 ,
1580 4783 1765 4832 Thaleti
1785 4797 1899 4831 cum
1921 4784 2034 4832 Phe·

490 4857 659 4919 1001ᾱο
674 4893 690 4918 ,
710 4857 961 4920 Bianthue
982 4871 1095 4907 cum
1112 4860 1278 4909 salaro
1301 4860 1540 4920 Priwaem
1562 4859 1748 4908 Pittaco
1767 4871 1878 4906 cum
1897 4859 2034 4909 Anti-

489 4933 678 4984 menide
693 4936 744 4982 et
777 4932 963 4995 Atcaeo,
996 4939 1289 4997 Anaxagorae
1326 4947 1439 4985 cum
1478 4935 1660 4985 sosibio
1673 4971 1686 4994 ,
1712 4934 2037 4997 Sunonidique

491 5022 605 5059 cum
639 5009 985 5060 Titum-monte.

2115 3682 2174 3733 in
2200 3682 2422 3735 scholiis
2452 3684 2762 3737 Homericis
2779 3684 3011 3755 praebet.
3041 3683 3183 3740 Hinc
3204 3688 3434 3741 collecta
3460 3689 3666 3744 deinde

2116 3769 2176 3820 in
2203 3769 2572 3841 Anthologias
2615 3770 2961 3842 migrarunt3
2992 3774 3317 3845 nuperrime
3341 3786 3523 3829 autem
3557 3779 3666 3831 exi-

2116 3854 2286 3907 miam
2316 3855 2379 3908 iis
2407 3872 2637 3927 operam
2674 3859 2895 3910 navavit
2920 3858 3381 3914 Schneidewinus
3406 3864 3422 3932 (
3446 3863 3499 3914 in
3545 3861 3669 3916 Phi-

2118 3940 2310 4012 lologo
2339 3942 2486 4005 1846
2509 3942 2616 3995 fasc
2670 3961 2801 4015 1‚p.
2831 3962 2854 3996 1
2882 3961 3008 4016 sqq.
3027 3942 3069 4017 )‚
3097 3945 3586 4020 idemqueprimus
3607 3950 3667 4003 in

2118 4029 2393 4082 rationem
2426 4029 2594 4082 totius
2613 4031 2800 4101 operis
2817 4029 3126 4085 ac'curatius
3148 4034 3451 4105 inquisivit.

2197 4116 2320 4169 Jam
2348 4115 2503 4186 quod
2529 4112 2813 4170 auctorem
2857 4119 3082 4184 attinet,
3110 4119 3566 4175 Schneidewinus
3603 4141 3664 4195 p.

2127 4221 2195 4255 10
2244 4203 2320 4255 ita
2358 4202 2526 4256 habet
2576 4222 2590 4255 τ
2639 4227 2662 4249 «
2692 4203 2850 4275 Pepli
2877 4206 3090 4259 mentio
3128 4224 3248 4259 non
3293 4205 3355 4259 fit
3396 4209 3454 4261 in
3481 4209 3670 4264 indice

2071 4283 2079 4334 Ι
2117 4289 2452 4361 scriptorum
2477 4288 2786 4342 Aristotelis
2808 4299 2900 4356 σος
2930 4307 3098 4360 quem
3119 4293 3396 4365 Diogenes
3411 4296 3665 4370 Laertius

2119 4374 2374 4445 reliquit3
2405 4391 2600 4428 verum
2620 4376 2908 4428 rettulitin
2922 4395 3218 4432 numerum
3243 4381 3568 4451 Anonymus
3591 4381 3663 4435 ab

2119 4458 2345 4532 AEgidio
2391 4462 2650 4532 Menagio
2698 4461 2946 4533 primum
2984 4463 3167 4518 editus
3215 4465 3366 4539 apud
3403 4466 3666 4522 Buhlium

2120 4547 2287 4601 Arist.
2320 4548 2469 4619 Opp.
2502 4559 2637 4604 tom.
2673 4551 2730 4614 1,
2759 4567 2816 4621 p.
2855 4549 2927 4615 64
2959 4566 2974 4606 t
3018 4549 3247 4608 Πέπλον.
3282 4553 3438 4607 Idem
3465 4555 3669 4608 iterum

2681 4714 3136 4774 PROVERBm.

2835 4828 2959 4878 280.

2188 4919 2489 4983 Aristoteles,
2539 4924 2772 4973 Pausania
2815 4926 2966 4986 toete,
3014 4928 3205 4986 narrat,
3259 4931 3391 4988 peste
3429 4932 3674 4989 grassante

2125 5008 2279 5056 quum
2316 4998 2450 5046 corvi
2487 4997 2705 5048 adessent
2738 5000 2993 5062 permulti,
3032 5001 3250 5051 homines
3284 5016 3368 5052 cos
3409 5003 3589 5064 cepisse
3623 5009 3675 5054 et

2126 5073 2378 5132 purgantes
2398 5073 2800 5125 incantationibus
2829 5075 3065 5126 dimisisse
3086 5077 3250 5138 vivos,
3276 5078 3523 5144 simulque
3549 5082 3672 5143 poeti

2127 5147 2333 5198 dixisse:
2355 5154 2490 5213 Fuqc
2516 5152 2588 5201 ad
2609 5165 2798 5201 corvos.
