4016 5916
1232 420 1832 482 AMELESAGonAs
1874 401 2502 484 CHALCEDONJUS.'
3064 378 3077 388 ⁹
3393 438 3457 489 aa

350 552 437 610 Ex
473 553 675 609 eodem
720 554 990 608 Democle
1042 552 1267 607 fluxerit
1302 554 1701 608 historiuncula
1753 555 1823 608 dc
1914 553 2060 609 doro
2085 553 2186 630 (fr.
2221 555 2318 629 2),
2345 557 2590 611 Maximo
2616 558 2815 629 Tyrio,
2845 558 3137 626 Clementi,
3162 540 3454 632 llesycliiO.

264 644 611 716 Pygelorum
640 642 952 715 originibus
969 660 1060 713 ap.
1091 639 1354 695 Strabon.
1376 643 1530 709 xlv,
1570 660 1627 714 p.
1657 642 1773 715 639
1806 661 1819 695 ε

266 728 493 802 Πύγελα
532 724 824 805 πολίχνιον,
868 724 1002 804 ἱερὸν
1037 724 1157 803 ἔχον
1197 725 1492 805 Ἀρτέμιδος
1516 725 1824 806 Μουνυχίας

266 822 285 891 (
308 820 388 873 cf.
422 816 648 872 Mfiller.
678 818 815 871 Dor.
848 818 896 883 1,
917 834 978 888 p.
1013 814 1118 871 381
1144 812 1180 892 )‚
1202 812 1398 893 ἵδρυμα
1420 812 1821 891 Ἀγαμέμνονος,

260 902 573 979 οἰκούμενον
609 900 711 959 ὑπὸ
744 899 931 977 μέρους
977 903 1080 958 τῶν
1108 899 1303 958 ἐκείνου
1331 901 1498 957 λαῶν·
1527 899 1826 977 πυγαλγέας

262 989 372 1067 γάρ
393 1012 535 1055 τινας
556 988 648 1047 καὶ
676 987 912 1067 γενέσθαι
933 986 1024 1045 καὶ
1043 988 1298 1057 κληθῆναι
1314 1009 1326 1023 ·
1345 986 1636 1063 κάμνοντας
1656 988 1700 1044 δ’
1725 985 1825 1044 ὑπὸ

261 1081 363 1135 τοῦ
392 1076 700 1152 παθήματος
717 1077 1033 1150 καταμεῖναι
1048 1074 1135 1132 καὶ
1158 1074 1332 1152 τυχεῖν
1352 1073 1540 1132 οἰκείου
1559 1074 1708 1132 τοῦδε
1733 1079 1822 1131 τοῦ

262 1163 617 1239 ὀνόματοςτὸν
628 1163 800 1221 τόπον.
818 1163 903 1221 Cf.
928 1161 1127 1218 Suidas
1143 1175 1198 1220 et
1214 1161 1395 1236 Etym.
1415 1161 1490 1220 Μ.
1506 1183 1561 1217 v.
1583 1160 1818 1237 Πύγελα.

264 1255 450 1308 Porro
474 1254 839 1327 Pygelensem
874 1260 1161 1306 auctorem
1188 1262 1416 1325 tangere
1454 1250 1680 1305 videtur
1710 1254 1824 1305 De-

262 1342 502 1395 mettius
516 1338 777 1412 Scepsius
793 1378 809 1406 ‚
843 1338 1203 1409 antiquorum
1224 1337 1499 1392 librorum
1521 1347 1820 1404 scrutator,

260 1444 355 1499 ap.
382 1424 574 1482 Strab.
600 1427 735 1494 ΧΠ,
761 1443 826 1498 p.
851 1422 958 1479 551
989 1442 1004 1478 ε
1030 1420 1165 1487 Τοὺς
1192 1421 1310 1500 περὶ
1342 1419 1554 1498 Πύγελα
1582 1420 1823 1497 λέγοντας

258 1508 357 1576 τὰς
387 1509 677 1587 Ἀμαζόνας
724 1506 920 1585 μεταξὺ
977 1506 1200 1587 Ἐφέσου
1251 1507 1342 1566 καὶ
1386 1507 1698 1586 Μαγνησίας
1731 1507 1822 1567 καὶ

262 1597 505 1675 Πριήνης
522 1600 772 1678 φλυαρεῖν
790 1597 944 1676 φησὶν
964 1598 991 1652 ὁ
1014 1594 1329 1674 Δημήτριος.
1352 1599 1493 1654 Nam
1512 1614 1626 1652 suae
1659 1599 1820 1670 quis—

256 1708 374 1763 que
394 1689 599 1761 patriae
640 1688 820 1743 Ionici
854 1687 943 1740 isti
966 1687 1266 1761 scriptores
1295 1685 1454 1741 sedes
1475 1689 1822 1740 Amazonum

254 1775 552 1830 vindicare
593 1774 923 1842 studebant,
950 1774 1031 1827 uti
1061 1784 1277 1828 constat
1303 1773 1375 1828 de
1404 1769 1634 1846 Ephoro
1666 1784 1723 1828 et
1750 1773 1825 1828 de

256 1864 383 1937 ipso
408 1864 728 1919 Demetrio.

1000 1988 1094 2068 (2)

338 2142 644 2199 Athenaeus
658 2142 756 2208 IV,
781 2159 843 2213 p.
879 2146 1011 2214 174,
1033 2141 1107 2196 F:
1133 2134 1510 2212 Ὀνομᾶζονται
1530 2133 1584 2194 δὲ
1604 2139 1650 2194 οἱ
1672 2135 1819 2195 αὐλοὶ

261 2224 465 2305 γίγγροι
490 2225 597 2283 ὑπὸ
622 2227 724 2283 τῶν
752 2224 1014 2283 Φοινίκων
1043 2226 1147 2282 ἀπὸ
1174 2227 1276 2281 τῶν
1304 2221 1424 2302 περὶ
1451 2218 1666 2283 Ἄδωνιν
1688 2223 1820 2302 θρή-

258 2336 391 2371 νων·
411 2312 503 2371 τὸν
526 2311 631 2394 γὰρ
656 2311 877 2371 Ἄδωνιν
906 2311 1132 2391 Γίγγρην
1160 2312 1366 2370 καλεῖτε
1394 2313 1538 2386 ὑμεῖς
1560 2313 1609 2369 οἱ
1635 2310 1819 2370 Φοίνι·

260 2423 377 2477 κς,
396 2404 469 2466 ὣς
484 2401 683 2479 ἱστορεῖ
713 2398 1091 2476 Δημοκλείδης.

350 2515 373 2537 ι
406 2488 589 2563 Hujus
611 2489 957 2545 Democlidae
979 2489 1131 2562 apud
1153 2490 1431 2543 neminem
1458 2487 1631 2543 alium
1652 2505 1817 2542 men-

260 2579 475 2631 tionem
500 2577 704 2631 factam
735 2594 849 2631 esse
873 2577 1129 2649 reperi03
1160 2576 1265 2629 nisi
1290 2575 1520 2629 sortasse
1556 2572 1706 2628 idem
1750 2574 1821 2627 sit

260 2664 560 2717 Democloe
585 2663 992 2737 Phigalensis...
1015 2664 1154 2717 Nam
1182 2661 1327 2716 idem
1351 2680 1462 2716 esse
1477 2678 1687 2714 nomen
1709 2660 1817 2714 du·

258 2750 395 2821 plici
431 2751 537 2804 sub
578 2749 789 2817 forma,
832 2751 1128 2805 Democles
1170 2760 1227 2804 et
1254 2747 1614 2805 Democlides
1657 2746 1819 2802 facile

258 2836 457 2892 credas
477 2838 740 2910 exemplo
767 2838 1031 2891 Timoclis
1047 2848 1102 2892 et
1127 2833 1450 2891 Timoclidis
1469 2835 1728 2906 oratoriS,
1746 2833 1819 2888 de

262 2942 381 2996 quo
418 2942 475 2979 v.
496 2924 802 2980 Ruhnken.
833 2921 973 2979 Hist.
1000 2925 1123 2979 crit.
1155 2942 1243 2980 or.
1273 2943 1333 2997 p.
1378 2941 1398 2977 ι
1418 2922 1485 2977 16
1507 2921 1598 2977 ed.
1617 2921 1808 2977 Reisk.

266 3013 283 3082 i
309 3030 365 3084 p.
392 3011 461 3081 57
493 3012 589 3067 ed.
622 3011 955 3087 Frotscher')
990 3023 1047 3065 et
1076 3008 1290 3083 Hesych
1356 3012 1415 3064 in
1459 3007 1816 3081 Δημοκλεῖδαι

260 3099 394 3152 coll.
426 3117 557 3153 cum
583 3095 769 3153 Suidae
788 3094 1168 3170 Δημοκλείδας.
1200 3121 1222 3145 »
1293 3091 1817 3153 Scnwmonaeusnn.

340 3188 656 3255 Democlae‚
682 3187 871 3241 nescio
887 3187 1006 3259 qui,
1032 3184 1290 3241 laudatur
1309 3185 1368 3237 in
1387 3181 1572 3238 indice
1593 3192 1810 3236 auctor.

272 3270 435 3328 Plinii
464 3272 565 3326 lib.
598 3273 713 3326 XII
755 3283 814 3327 et
832 3272 1070 3328 XXXV.
1118 3301 1199 3313 —
1228 3272 1384 3325 Alius
1411 3280 1491 3324 est
1522 3269 1817 3324 Democles

262 3360 479 3426 rhetor,
519 3359 891 3431 Theophrasti
918 3357 1079 3426 disc.,
1118 3358 1463 3413 adversarius
1491 3357 1813 3411 Democha-

262 3448 357 3502 ris,
376 3447 661 3501 Plutarch.
692 3448 747 3502 X
769 3448 926 3502 Orat.
951 3465 1011 3519 p.
1043 3445 1175 3513 842,
1196 3447 1279 3514 D;
1309 3446 1545 3500 Timaeus
1572 3442 1642 3497 fr.
1678 3450 1809 3512 140,

262 3534 360 3588 ubi
408 3533 770 3590 Democlides
805 3531 1032 3601 dieitur,
1070 3533 1231 3587 sicuti
1271 3550 1362 3604 ap.
1413 3531 1648 3602 Dionys».
1683 3531 1810 3584 Din.

270 3633 407 3677 tom.
430 3623 502 3690 V,
535 3640 597 3695 p.
626 3620 767 3694 659,
804 3619 895 3686 133
934 3619 1082 3676 idem
1127 3630 1208 3674 est
1251 3638 1379 3673 curn
1423 3618 1692 3673 archonte
1718 3618 1807 3673 01.

273 3709 398 3777 ωδ,
420 3727 473 3766 1.
499 3712 565 3766 V.
594 3707 827 3763 Ruhnk.
846 3708 885 3760 l.
911 3708 950 3760 l.
967 3708 1376 3762 Woetermann.
1405 3705 1600 3761 Gesclt.
1617 3707 1676 3762 cl.
1708 3708 1802 3761 Gr.

264 3795 527 3850 Beredtk.
557 3795 593 3868 S
621 3796 726 3861 54,
767 3814 826 3848 n.
877 3793 970 3847 31.
998 3823 1078 3836 -
1113 3795 1410 3849 Democles
1451 3793 1816 3866 philosophus

261 3886 462 3940 citatur
474 3901 567 3958 ap.
588 3884 960 3939 commentat.
981 3879 1196 3936 Horatii
1219 3900 1276 3954 p.
1301 3880 1408 3954 139
1420 3880 1513 3934 ed.
1537 3880 1817 3953 Cruquius

272 3975 367 4027 161
384 3993 437 4027 1.
463 4003 541 4014 —
567 3973 724 4027 Alios
742 3970 1039 4025 Democles
1074 3968 1145 4024 ad
1174 3987 1278 4024 nos
1302 3968 1441 4022 nihil
1471 3969 1814 4040 pertinentes

263 4078 313 4113 v.
338 4061 395 4114 in
414 4057 613 4133 Steph.
629 4059 793 4115 Thes.
824 4075 867 4114 s.
891 4075 947 4112 v,

856 4219 1213 4245 ψ

424 4349 1009 4410 AMELESAGORAS
1070 4349 1645 4407 CHALCEDOMUS.

340 4524 655 4578 Postremus
680 4521 831 4575 inter
851 4521 1178 4592 scriptores,
1209 4521 1449 4592 quiante
1470 4519 1678 4573 bellum
1704 4520 1812 4575 Pe-

264 4609 721 4683 loponnesiacum
752 4604 1049 4661 floruerint
1065 4647 1081 4673 ,
1112 4624 1145 4661 a
1164 4607 1435 4679 Dionysio
1460 4606 1497 4659 l.
1523 4605 1557 4660 l.
1579 4605 1814 4678 ponitur

268 4690 702 4770 Ἀμιλησαγόρας.
732 4692 944 4748 Eadem
966 4693 1208 4748 nominis
1224 4692 1403 4747 forma
1420 4704 1497 4746 est
1516 4689 1669 4764 apud
1687 4693 1810 4745 An-

267 4787 511 4857 tigonum
563 4778 917 4856 carystium(
944 4777 1015 4835 fr'.
1053 4799 1076 4835 1
1107 4784 1128 4856 )
1170 4791 1225 4835 et
1268 4780 1614 4835 scholiastam
1648 4779 1812 4832 Euri-

266 4872 405 4944 pidis
434 4871 540 4944 (fr.
568 4888 601 4924 α
624 4871 677 4938 );
714 4878 915 4923 contra
938 4864 1316 4946 Μελησαγόρας
1334 4867 1541 4922 dicitur
1564 4866 1806 4939 Apollo·
1899 4887 2018 4935 tom.
2044 4887 2088 4943 Ι,
2111 4897 2158 4946 p·
2181 4887 2271 4933 456
2287 4919 2302 4944 »
2339 4889 2411 4933 19.

992 5037 1087 5096 (2.)

1915 641 2096 713 Major
2121 645 2287 697 etiam
2319 642 2391 697 de
2416 644 2598 716 patria
2621 644 3028 718 Amelesagorae
3068 649 3461 703 sententiarum

1911 730 2163 787 varietas.
2194 731 2336 784 Nam
2360 730 2631 803 Dionysio
2660 730 2817 785 audit
2842 731 3280 807 Chalcedoniu53
3303 735 3464 789 Anti·-

1910 834 2064 889 gono
2088 827 2168 871 est
2187 818 2215 872 6
2243 814 2502 887 Ἀθηναῖος
2525 819 2553 872 6
2576 813 2670 886 τὴν
2691 814 2888 875 Ἀτθίδα
2915 816 3307 898 συγγεγραφώς
3325 840 3462 875 eun-

1914 902 2044 956 dem
2065 903 2343 977 denique,
2371 915 2438 959 ut
2478 914 2643 978 puto,
2680 906 2954 959 Maximus
2978 907 3110 978 Tyr.
3138 907 3312 979 (Diss.
3346 908 3417 962 23
3447 914 3458 979 )

1914 989 2001 1043 his
2030 990 2282 1065 designat
2306 992 2491 1046 verbis
2515 1011 2528 1045 ε
2561 987 2802 1066 Ἐγένετο
2830 989 2920 1046 καὶ
2945 988 3074 1100 civ->gp
3104 990 3458 1062 Ἀθήνησιν

1913 1071 2333 1142 Ἐλευσίνιος
2358 1075 2520 1153 ὄνομα
2555 1074 2963 1154 Μελησαγόρας·
2992 1100 3138 1144 ουτος
3176 1080 3236 1136 οὗ
3273 1078 3461 1158 τέχνην

1912 1161 2112 1236 μαθὼν,
2142 1163 2258 1222 ἀλλ’
2281 1165 2341 1222 ἐκ
2370 1167 2581 1242 νυμφῶν
2606 1162 2827 1242 κάτοχος
2863 1163 2972 1239 θείᾳ
3009 1164 3193 1244 μοίρᾳ,
3221 1165 3373 1249 σοφὸς
3399 1158 3462 1237 ἦν

1910 1248 2000 1306 καὶ
2030 1250 2300 1325 μαντικὸς,
2323 1254 2391 1317 ὡς
2436 1255 2465 1308 6
2494 1250 2783 1320 Ἀθηναίων
2812 1251 2979 1325 λόγος.
3031 1252 3288 1328 [Quibus
3327 1257 3463 1311 insi-

1908 1350 2055 1395 stens
2067 1341 2266 1415 aliquis
2286 1360 2493 1396 nomen
2513 1342 2754 1396 hominis
2775 1339 3169 1417 Μελισσαγόρας
3192 1341 3259 1415 (a
3285 1343 3462 1415 μελίσ-

1910 1428 2344 1503 σαις,η)ἠφ]ιὼ·,
2365 1446 2419 1482 ν.
2446 1428 2527 1481 St.
2555 1428 2715 1483 Thes.
2734 1446 2775 1482 s,
2800 1447 2851 1483 ν.
2872 1428 2891 1502 J
2910 1429 3072 1485 fuisse
3098 1430 3459 1507 suspicetur.]

1909 1542 1988 1557 —-·
2011 1515 2415 1588 Amelesagoroe
2456 1516 2727 1569 Maximus
2766 1516 2804 1569 l.
2840 1516 2877 1569 1.
2917 1515 3174 1589 adjungit
3214 1517 3460 1587 ejusdem

1908 1599 2117 1656 indolis
2131 1603 2282 1658 viros
2302 1600 2694 1676 Epimenidem
2716 1602 3034 1658 Cretensem
3053 1613 3110 1658 et
3126 1605 3459 1660 Proconne-

1907 1688 2052 1741 sium
2073 1690 2364 1746 Aristeam.
2393 1689 2770 1744 Posteriorem
2807 1689 3106 1762 Dionysius
3132 1687 3250 1745 llal.
3286 1688 3456 1761 (Jud.

1909 1774 1981 1828 de
2012 1775 2185 1833 Thuc.
2228 1795 2278 1829 c.
2315 1774 2427 1848 23)
2462 1793 2592 1830 cum
2618 1773 2829 1830 Cadmo
2871 1775 3087 1829 Milesio
3145 1778 3456 1848 componit,

1908 1861 2224 1917 adulterina
2276 1862 2469 1921 diceus
2501 1880 2674 1935 opera
2724 1880 2847 1934 quae
2875 1862 2978 1917 sub
3013 1864 3334 1918 nominibus
3362 1883 3459 1918 co·

1908 1966 2036 2003 rum
2063 1948 2572 2005 circumferrentur.
2595 1946 2717 2003 Huc
2739 1949 3025 2021 pertinent
3052 1949 3364 2022 theogoniae
3389 1951 3459 2003 ab

1908 2038 2123 2091 Aristea
2149 2047 2204 2090 et
2229 2037 2403 2092 Abari
2429 2036 2608 2090 soluta
2637 2036 2892 2089 oratione
2915 2034 3131 2107 scriptae
3151 2076 3166 2101 ‚
3207 2047 3290 2102 et,
3336 2055 3458 2109 quae

1908 2122 2226 2194 Epimenidi
2263 2121 2689 2197 affingebantur,
2714 2131 2972 2176 tractatus
3016 2119 3144 2197 Περὶ
3184 2123 3457 2198 χρησμῶν,

1910 2205 2192 2285 Μυστήρια
2213 2207 2334 2285 περὶ
2355 2209 2562 2275 θυσιῶν,
2597 2209 2740 2263 liber
2762 2205 2893 2283 Περὶ
2916 2208 3005 2275 τῆς
3029 2207 3083 2262 ἐν
3108 2206 3290 2284 Κρήτῃ
3316 2210 3461 2265 πολι-

1906 2292 2047 2354 τείας
2077 2314 2223 2351 nova
2251 2296 2492 2352 dialecto
2512 2297 2696 2351 Attica
2726 2306 3007 2362 exaratuS‚
3039 2304 3094 2350 et
3120 2298 3165 2350 si
3188 2314 3298 2369 qua
3322 2308 3452 2350 sunt

1906 2384 2012 2437 alia
2042 2381 2124 2455 (*).
2160 2378 2315 2456 Opus
2346 2383 2521 2437 simile
2552 2383 2727 2449 illius,
2758 2381 2917 2453 quod
2952 2380 3083 2457 Περὶ
3123 2384 3309 2438 θυσιῶν
3339 2396 3458 2438 erat

1907 2469 2213 2525 sacerdotis
2251 2472 2554 2540 Cretensi5‚
2581 2469 2653 2524 ad
2681 2469 3126 2542 Amelesagoram
3170 2482 3458 2525 auctorem

1905 2558 2144 2612 relatum
2170 2575 2283 2612 esse
2302 2576 2519 2612 censeo.
2537 2558 2676 2611 Nam
2710 2556 3083 2629 fragmentum
3109 2558 3356 2629 primum
3377 2571 3458 2612 est

1907 2642 1979 2697 de
1999 2643 2133 2699 cista
2153 2644 2379 2715 mystica
2402 2641 2751 2696 Erichthonii
2780 2640 2871 2716 (de
2894 2659 3004 2713 qua
3028 2644 3194 2698 etiam
3218 2644 3462 2699 Andron*

1906 2729 1964 2783 in
1991 2747 2092 2783 suo
2124 2724 2258 2802 Περὶ
2281 2729 2467 2784 θυσιῶν
2494 2729 2640 2782 libro
2666 2727 2903 2801 dixerat)
2923 2749 2939 2798 ;
2962 2729 3176 2801 reliqua
3196 2730 3312 2785 duo
3340 2750 3458 2803 spe-

1906 2826 2059 2869 ctant
2083 2813 2294 2869 fabulas
2317 2814 2822 2870 Attico-Cretenses
2849 2832 2978 2869 cum
3000 2814 3276 2886 Apollinis
3302 2817 3456 2870 cultu

1904 2911 2057 2955 arcte
2084 2901 2425 2973 conjunctas.
2449 2904 2634 2973 Atque
2654 2901 2798 2955 solas
2820 2903 3030 2956 Atticas
3048 2900 3260 2955 fabulas
3279 2914 3337 2956 et
3364 2921 3453 2958 re-

1905 2986 2141 3061 ligiones
2174 3006 2244 3043 eo
2286 3006 2460 3062 opere
2498 2998 2754 3043 tractatas
2799 3007 2949 3057 esse,
2988 2988 3181 3043 titulus
3211 2989 3455 3060 indicat,

1905 3092 2074 3146 quem
2110 3094 2179 3130 ex
2207 3077 2290 3129 sui
2327 3076 2510 3130 saeculi
2544 3075 2770 3149 ingenio
2799 3077 2964 3148 ponit
2995 3077 3328 3150 Antigonus,
3379 3109 3457 3118 --

1905 3159 2086 3216 Porro
2115 3173 2330 3217 constat
2361 3161 2432 3216 de
2467 3161 2757 3216 itineribus
2796 3161 3153 3217 sacerdotum
3199 3166 3424 3220 Aristeae
3437 3206 3464 3232 ‚.

1902 3248 2266 3322 Epimenidis,
2296 3249 2556 3304 aliorum.
2576 3249 2726 3303 Num
2746 3249 2881 3303 hinc
2901 3249 3265 3322 explicandus
3285 3249 3457 3313 Chal,-

1900 3336 2161 3390 cedonius
2174 3333 2624 3408 Amelesagoras?
2642 3334 2961 3392 Chalcedon
2983 3336 3205 3390 colonia
3216 3347 3335 3391 erat
3347 3335 3398 3390 Μ
3407 3357 3460 3391 e·

1901 3422 2216 3494 garensium
2247 3421 2363 3494 (Ol.
2388 3422 2511 3492 26),
2539 3439 2683 3494 quos
2698 3423 2914 3477 Cereris
2932 3433 2988 3477 et
3007 3423 3288 3497 Apollinis
3304 3424 3458 3479 cultu

1902 3507 2098 3561 Atticis
2120 3507 2429 3561 simillimos
2457 3506 2619 3562 fuisse
2641 3509 2843 3562 scimus
2865 3505 2973 3584 (cf.
2999 3506 3216 3562 Miiller.
3246 3496 3378 3566 Dor.
3409 3512 3456 3574 Ι,

1899 3613 1960 3666 p.
1991 3593 2136 3666 230,
2170 3593 2430 3663 321311‚
2464 3612 2523 3666 p.
2559 3594 2700 3666 169,
2732 3593 2827 3668 2).
2858 3590 2939 3648 Eo
2976 3594 3145 3668 igitur
3171 3604 3329 3674 ταῖς
3361 3614 3460 3650 no,

1902 3692 2015 3736 ster
2033 3700 2091 3736 se
2109 3682 2432 3748 contulerit,
2466 3681 2626 3735 sicuti
2645 3682 3034 3753 Metapontum
3051 3681 3313 3754 migravit
3331 3683 3458 3736 Ari-

1902 3779 2060 3824 steas.
2087 3769 2308 3823 Incerta
2324 3768 2472 3834 haec,
2497 3785 2600 3821 nec
2633 3769 2837 3821 certius
2864 3765 3081 3839 aliquid
3126 3766 3197 3821 de
3238 3777 3458 3840 tempo-

1904 3856 2060 3910 ribus
2083 3856 2488 3929 Amelesagorae
2511 3865 2754 3909 statuere
2778 3855 2927 3909 licet.
2953 3855 3337 3910 vetustissimis
3380 3856 3458 3909 hi-

1904 3944 2123 3997 storicis
2152 3943 2531 4015 antiquiorem
2560 3941 2812 3996 habitum
2849 3959 2962 3997 esse
2991 3941 3219 4015 colligas
3246 3960 3313 3996 ex
3342 3944 3460 3997 Cle·

1904 4041 2093 4086 mente
2128 4029 2544 4098 Alexandrino,
2595 4027 2693 4102 qui
2733 4030 2809 4083 ita
2860 4029 2917 4084 in
2956 4030 3165 4084 Strom.
3227 4031 3331 4096 vl,
3383 4047 3414 4081 2
3432 4071 3447 4096 ,

1904 4137 1964 4191 p.
1986 4118 2098 4188 267
2123 4120 2287 4191 (tom.
2301 4119 2385 4173 111
2404 4159 2421 4187 ,
2440 4137 2500 4192 p.
2524 4137 2544 4171 1
2562 4137 2581 4171 1
2596 4136 2627 4172 2
2653 4117 2841 4171 Klotz.
2863 4117 2879 4192 )
2906 4132 2920 4173 ζ
2951 4111 3337 4192 Μελησαγόρου
3353 4112 3452 4191 γὰρ

1907 4204 2091 4284 ἔκλεψε
2132 4203 2350 4283 Γοργίας
2378 4205 2407 4261 ὁ
2447 4203 2716 4268 Λεοντῖνος
2755 4199 2844 4260 καὶ
2887 4200 3130 4277 Εὔδημος
3177 4200 3367 4268 Νάξιος
3407 4203 3455 4259 οἱ

1905 4290 2178 4370 ἱστορικοί,
2204 4291 2296 4348 καὶ
2318 4289 2406 4348 ἐπὶ
2427 4288 2625 4355 τούτοις
2655 4291 2683 4347 6
2705 4287 3084 4366 Προκοννήσιος
3113 4286 3272 4359 Βίων,
3298 4286 3455 4354 ὅςκαὶ

1904 4376 1970 4434 τὰ
2001 4376 2220 4456 Κάδμου
2249 4382 2341 4436 τοῦ
2381 4378 2608 4435 παλαιοῦ
2639 4374 2956 4456 μετέγραφεν
2989 4374 3454 4453 κεφαλαιούμενος,

1905 4464 2215 4546 Ἀμφίλοχός
2233 4488 2288 4523 τε
2308 4465 2398 4523 καὶ
2417 4465 2749 4546 Ἀριστοκλῆς
2770 4462 2859 4521 καὶ
2884 4461 3210 4539 Ἀναξιμένης
3226 4462 3314 4520 καὶ
3330 4460 3456 4520 Ἥ).-

1965 4606 2029 4668 (*)
2062 4605 2306 4666 Ejusmodi
2331 4618 2475 4667 opera
2502 4607 2609 4654 orta
2632 4617 2733 4653 oese
2767 4617 2824 4651 ex
2843 4602 3136 4653 carminibus
3154 4601 3320 4665 epicis,
3346 4615 3456 4664 qum

1902 4676 2047 4725 rebus
2067 4675 2389 4737 geographicis
2420 4677 2469 4724 et
2495 4673 2825 4735 mythologicis
2847 4673 3021 4723 referta
3040 4686 3155 4722 mox
3186 4673 3234 4721 in
3266 4685 3454 4735 prosam

1898 4745 2165 4794 orationem
2193 4744 2423 4793 dissoluta
2456 4744 2578 4803 sint,
2619 4742 2929 4805 probabiliter
2954 4742 3122 4791 statuit
3157 4741 3299 4792 Rode.
3331 4741 3452 4791 nist.

1899 4827 2030 4877 poen.
2054 4813 2143 4863 Gr.
2176 4817 2291 4863 tom.
2328 4815 2379 4874 1,
2403 4827 2451 4875 p.
2491 4817 2610 4874 478,
2645 4819 2700 4872 2,
2733 4812 2838 4861 coll.
2867 4812 3013 4860 Ulrici
3049 4812 3169 4860 Hist.
3195 4825 3324 4873 ροσε.
3365 4815 3450 4868 Gr,

1904 5031 2108 5081 Adonim
2137 5029 2224 5080 vtis
2262 5028 2509 5081 Phoenices
2544 5030 2739 5090 Gingiin
2771 5030 2981 5090 iocans,
3015 5031 3068 5078 ut
3099 5028 3244 5077 tradit
3276 5032 3470 5078 Demo-1-

324 5123 643 5172 :cantantur
678 5118 812 5168 tihiae
843 5133 871 5166 a
903 5116 1203 5180 Phoeniciluts
1237 5117 1407 5176 qinon·
1441 5129 1469 5162 a
1501 5114 1681 5163 threnis
1709 5114 1810 5162 sive
1901 5109 2048 5160 clides
2078 5107 2464 5168 (Damoclem).

272 5197 709 5256 [amnuo-ittam,
738 5194 919 5258 quilius
942 5193 1164 5244 Adonidis
1190 5193 1433 5242 interitum
1467 5191 1659 5242 deflent.
1690 5193 1807 5239 bam
