4016 5916
876 165 903 186 ι

521 420 1201 526 ἙπΑᾱΜΕΝἰἈ
1260 413 1517 501 TRIA
1576 413 1640 498 E
1701 408 2029 495 conl).
2087 401 2530 508 PETrrA,
2593 401 2848 512 QUAE
2905 398 3575 488 DICAEARCHO

1588 584 2010 671 Ascmssl
2063 580 2515 668 SOLENT.
3223 553 3234 566 “

2010 935 2105 1010 59.

973 1079 1019 1133 Ε
1060 1076 1323 1134 CODICE
1362 1072 1785 1129 PARISIENSE
1825 1068 2054 1125 REGIO
2093 1068 2170 1122 N⁶
2212 1065 2576 1123 CCCCXLIII
2617 1064 3139 1119 SUPPLEMENTI.

593 1271 815 1351 [ΠΕΡΙ
856 1269 1013 1330 ΤΩΝ
1056 1268 1151 1327 EN
1194 1265 1469 1325 ΕΛΑΑΔΙ
1516 1259 1894 1337 ΠΟΛΕΩΝ.]

543 1421 815 1487 Ἐντεῦθεν
844 1425 915 1490 εἷς
959 1419 1018 1479 τὸ
1047 1419 1328 1491 Ἀθηναίων
1358 1416 1552 1475 ἔπεισιν
1596 1413 1758 1473 ἄστυ·
1807 1411 1919 1479 ὁδὸς
1962 1409 2017 1469 δὲ

454 1518 638 1587 ἡδεῖα,
666 1508 1028 1592 γεωργουμένη
1058 1517 1230 1579 πᾶσα,
1258 1504 1452 1585 ἔχουσά
1485 1499 1584 1582 [τι]
1612 1507 1674 1582 τῇ
1697 1500 1811 1581 ὄψει
1834 1498 2018 1583 φιλάν-

457 1608 692 1683 θρωπον.
722 1599 793 1659 Ἥ
819 1598 874 1656 δὲ
900 1595 1049 1662 πόλις
1074 1593 1205 1674 ξηρὰ
1235 1603 1415 1668 πᾶσα,
1455 1593 1548 1650 οὐκ
1577 1590 1816 1670 εὔυδρος,
1846 1590 2022 1655 κακῶς

467 1686 931 1769 ἐρρυμοτομημένη
970 1683 1055 1742 διὰ
1097 1680 1192 1752 τὴν
1220 1679 1561 1761 ἀρχαιότητα.
1608 1680 1677 1738 At
1706 1673 2020 1753 μὲνπολλαὶ

466 1781 569 1836 τῶν
594 1778 767 1835 οἰκιῶν
791 1773 1041 1843 εὐτελεῖς,
1070 1769 1242 1847 ὀλίγαι
1284 1767 1339 1827 δὲ
1376 1765 1655 1846 χρήσιμαι.
1687 1761 2018 1833 Ἀπιστηθείη

466 1863 510 1920 δ’
541 1861 605 1921 ἂν
647 1859 885 1939 ἐξαίφνης
910 1857 1012 1916 ὑπὸ
1054 1859 1156 1915 τῶν
1204 1852 1359 1924 ξένων
1403 1850 1763 1933 θεωρουμένη,
1798 1852 1844 1909 εἰ
1883 1847 2020 1919 αὐτή

469 1953 608 2009 ἔστιν
636 1955 669 2020 ἡ
715 1944 1200 2026 προσαγορευομένη
1234 1945 1337 2001 τῶν
1379 1940 1663 2012 Ἀθηναίων
1692 1938 1866 2006 πόλις·
1909 1936 2021 2015 μετ’

468 2039 525 2096 οὗ
573 2036 702 2095 πολὺ
754 2035 808 2094 δὲ
856 2031 1178 2100 πιστεύσειεν
1219 2029 1280 2088 ἄν
1330 2052 1422 2095 τις.
1466 2027 1674 2111 ’ῼδεῖον
1716 2029 1819 2084 τῶν
1862 2027 1912 2083 ἐν
1956 2028 2022 2102 τῇ

473 2122 749 2202 οἰκουμένῃ
799 2121 1103 2179 κάλλιστον·
1154 2116 1362 2195 θέατρον
1412 2114 1705 2191 ἀξιόλογον,
1750 2111 1887 2190 μέγα
1931 2111 2021 2169 καὶ

466 2210 765 2286 θαυμαστόν
783 2228 796 2241 ·
829 2208 1041 2278 Ἀθηνᾶς
1068 2203 1236 2283 ἱερὸν,
1263 2200 1570 2278 πολυτελὲς,
1604 2200 1859 2279 ἀπόψιον,
1885 2197 2024 2265 ἄξιον

466 2306 616 2373 θεᾶς,
664 2301 691 2355 ὁ
751 2293 1067 2371 καλούμενος
1120 2289 1433 2370 Παρθενὼν,
1504 2288 1872 2367 ὑπερκείμενον
1932 2291 2023 2343 τοῦ

460 2385 714 2463 θεάτρου·
761 2382 994 2461 μεγάλην
1032 2377 1358 2450 κατάπληξιν
1400 2380 1541 2436 ποιεῖ
1575 2384 1679 2442 τοῖς
1724 2378 2027 2455 θεωροῦσιν·

466 2472 802 2548 Ὀλύμπιον,
850 2467 1091 2546 ἡμιτελὲς
1137 2465 1259 2543 μὲν,
1307 2463 1630 2536 κατάπληξιν
1675 2465 1720 2521 δ’
1769 2461 1889 2540 ἔχον
1930 2459 2026 2530 τὴν

468 2563 562 2632 τῆς
584 2557 877 2634 οἰκοδομίας
904 2555 1238 2636 ὑπογραφὴν,
1265 2553 1535 2632 γενόμενον
1565 2552 1612 2610 δ’
1636 2550 1697 2608 ἂν
1727 2550 1990 2629 βέλτιστον
2008 2591 2024 2618 ,

468 2647 615 2728 εἴπερ
634 2644 967 2714 συνετελέσθη
980 2665 994 2680 ·
1010 2642 1272 2719 γυμνάσια
1293 2641 1410 2720 τρία
1426 2685 1442 2712 ,
1462 2637 1772 2715 Ἀκαδημία,
1792 2634 2029 2706 Λύκειον,

470 2733 835 2811 Κυνόσαργες,
882 2728 1055 2786 πάντα
1103 2726 1427 2805 κατάδενδροί
1465 2748 1521 2783 τε
1549 2728 1639 2783 καὶ
1672 2731 1775 2789 τοῖς
1820 2719 2032 2800 ἐδάφεσι

471 2819 650 2890 ποώδη
669 2863 685 2890 ,
723 2817 898 2896 χόρτοι
941 2816 1277 2879 παντοθαλεῖς
1319 2810 1611 2893 φιλοσόφων
1656 2810 2032 2878 παντοδαπῶν,

470 2910 643 2987 ψυχῆς
680 2904 880 2963 ἀπάται
918 2901 1008 2960 καὶ
1048 2899 1398 2967 ἀναπαύσεις·
1439 2897 1626 2979 σχολαὶ
1662 2895 1880 2968 πολλαὶ,
1921 2893 2034 2953 θέαι

478 3001 729 3071 συνεχεῖς.

553 3099 598 3138 2.
644 3077 732 3138 Τὰ
776 3068 1020 3153 γινόμενα
1061 3077 1120 3131 ἐκ
1164 3079 1255 3144 τῆς
1299 3078 1395 3151 γῆς
1441 3071 1612 3130 πάντα
1663 3071 1894 3145 ἀτίμητα
1940 3071 2032 3129 καὶ

476 3169 658 3245 πρῶτα
705 3167 767 3241 τῇ
803 3161 1005 3240 γεύσει,
1041 3164 1210 3241 μικρῷ
1240 3159 1293 3219 δὲ
1323 3158 1670 3238 σπανιώτερα.
1709 3158 1847 3217 Ἀλλ’
1872 3161 1905 3228 ἡ
1929 3160 2032 3215 τῶν

479 3252 628 3321 ξένων
675 3250 909 3316 ἑκάστοις
946 3246 1361 3325 συνοικειουμένη
1404 3250 1516 3314 ταῖς
1540 3245 1833 3323 ἐπιθυμίαις
1865 3244 2026 3323 εὐάρ-

467 3361 666 3416 -μοστος
706 3334 947 3417 διατριὸἢ
992 3339 1300 3416 περισπῶσα
1326 3334 1418 3405 τὴν
1444 3331 1670 3391 διάνοιαν
1709 3332 1793 3391 ἐπὶ
1821 3331 1881 3390 τὸ
1904 3331 2024 3412 ἄρέ·

1990 3418 2001 3439 2

2406 1248 2549 1329 [DE
2593 1250 2922 1311 GRAECIAE
2965 1249 3355 1328 URBIBUS.]

2172 1404 2294 1455 ilinc
2336 1404 2544 1453 Athenas
2577 1402 2711 1453 ducit
2756 1404 3100 1467 (Eleusinia)
3146 1403 3250 1465 via,
3279 1417 3495 1465 arumna,
3531 1406 3668 1455 culta

2107 1494 2235 1554 tota,
2278 1490 2628 1540 humanitatem
2664 1502 2765 1552 prae
2797 1477 2864 1540 se'
2885 1490 3057 1540 ferens.
3089 1493 3196 1553 lpsa
3227 1490 3343 1539 urbs
3379 1491 3481 1539 tota
3504 1490 3668 1552 sicca,

2108 1593 2264 1643 neque
2282 1578 2420 1642 aquis
2441 1578 2566 1628 bene
2594 1578 2855 1637 instructa,
2884 1591 3042 1640 neque
3078 1580 3210 1627 recte
3245 1577 3362 1627 item
3399 1577 3446 1626 in
3480 1580 3671 1640 plateas

2109 1671 2241 1718 secta
2284 1666 2348 1716 ob
2388 1667 2696 1715 vestutatem.
2739 1667 2987 1714 Domuum
3028 1665 3273 1728 pleraeque
3312 1649 3458 1725 viles,
3496 1679 3670 1727 paucae

2108 1753 2391 1805 commodae.
2442 1752 2603 1802 Primo
2635 1752 2797 1802 statim
2828 1754 3024 1814 aspectu
3047 1752 3188 1814 plane
3218 1751 3496 1802 dubitarent
3527 1766 3670 1815 pere·

2111 1843 2262 1907 grini,
2288 1854 2350 1891 an
2369 1842 2476 1891 haec
2493 1843 2616 1890 esset
2635 1840 2715 1889 illa
2735 1840 2974 1889 celebrata
2999 1839 3361 1889 Atheniensium
3380 1839 3497 1890 urbs
3516 1860 3529 1889 ε
3549 1854 3673 1892 mox

2111 1935 2276 1981 tamen
2312 1929 2449 1979 facile
2478 1926 2649 1991 aliquis
2684 1926 2866 1976 credat.
2903 1924 3093 1976 Odeum
3128 1925 3193 1975 ibi
3226 1926 3446 1976 omnium
3473 1928 3522 1977 in
3548 1928 3672 1980 orbe

2110 2021 2345 2070 terrarum
2369 2016 2775 2080 pulcherrimum;
2794 2014 3036 2064 theatrum
3071 2013 3383 2064 memorabile
3409 2015 3670 2066 mirandae·

2111 2121 2208 2171 que
2226 2103 2586 2168 magnitudinis3
2608 2102 2836 2152 Minerva}
2857 2102 3022 2151 fanum
3048 2102 3416 2164 sumptuosum,
3441 2115 3468 2152 e
3487 2102 3676 2165 longin-

2113 2209 2212 2258 quo
2250 2192 2561 2255 conspicuum
2606 2190 2792 2252 deaque
2825 2188 3187 2250 dignissimum,
3224 2188 3354 2252 quod
3399 2190 3672 2241 Parthenon

2117 2283 2292 2332 vocant
2304 2316 2320 2342 ,
2341 2281 2528 2331 theatro
2543 2277 2876 2341 superjacenS,
2895 2277 3133 2326 intuentos
3156 2278 3206 2326 in
3237 2289 3460 2339 magnam
3479 2278 3671 2341 rapiens

2116 2369 2504 2428 admirationem3
2548 2364 2851 2429 Olympium,
2883 2364 3269 2426 semiperfectum
3298 2364 3419 2415 illud
3450 2365 3672 2428 quidem,

2118 2457 2199 2508 sed
2233 2458 2491 2506 structurae
2524 2453 2841 2504 delineatione
2876 2454 3120 2515 stuporem
3154 2451 3418 2516 incutiens,
3454 2453 3675 2503 futurum

2123 2558 2236 2594 vero
2274 2542 2748 2607 praestantissimum,
2793 2539 2834 2590 si
2879 2540 3148 2603 perfectum
3199 2540 3389 2603 fuisset;
3430 2542 3678 2603 gymnasia

2123 2633 2245 2690 tria,
2284 2629 2570 2691 Academia,
2605 2631 2845 2690 Lyceum,
2879 2629 3200 2690 Cynosarges,
3230 2628 3391 2678 omnia
3423 2628 3678 2678 arboribus

2126 2721 2175 2769 ot
2192 2719 2295 2768 solo
2324 2717 2568 2780 gramineo
2587 2716 2842 2777 decorata,
2869 2714 2998 2764 horti
3030 2714 3240 2766 virentes
3256 2716 3495 2766 variorum
3518 2716 3679 2779 philo-

2120 2807 2380 2870 sophorum
2395 2841 2409 2866 ,
2437 2804 2581 2854 animi
2603 2802 2943 2854 delectationes
2962 2803 3401 2867 recreationesquez
3427 2804 3557 2854 feriae
3574 2804 3682 2868 plu-

2124 2894 2282 2953 rimoe3
2306 2892 2579 2955 spectacula
2599 2890 2888 2954 frequentia.

2189 3073 2234 3115 2.
2263 3067 2470 3115 Fructus
2487 3060 2628 3113 terrae
2645 3064 3026 3125 inaestimabiles‘,
3047 3077 3365 3126 magnamque
3381 3064 3558 3114 habent
3574 3078 3682 3115 ma·

2125 3127 2348 3186 vitatem,
2372 3127 2532 3188 paullo
2567 3128 2729 3174 tamen
2771 3127 2973 3175 rariores
3000 3128 3130 3174 suut.
3158 3125 3322 3189 [Hinc
3361 3139 3552 3187 mamm
3590 3130 3674 3176 in·

2125 3188 2382 3238 commoda
2411 3194 2703 3236 nascuntur
2736 3187 3066 3249 prole-carus,-
3093 3186 3377 3236 durissima
3403 3190 3560 3237 etiam
3597 3190 3679 3237 in·

2127 3250 2446 3313 quitinorum
2480 3248 2706 3297 conditio
2731 3250 2783 3298 ec
2819 3250 3030 3303 cantum
3067 3260 3167 3297 non
3200 3247 3457 3311 servilia]
3497 3252 3680 3298 Verum

2127 3311 2486 3374 peregrinorum
2519 3308 2691 3358 animis
2707 3308 2999 3359 oblivionem
3021 3309 3268 3358 servitutis
3301 3310 3442 3359 affert
3463 3309 3679 3360 studium

2131 3375 2278 3434 atque
2300 3384 2444 3433 opera
2466 3384 2614 3431 quam
2635 3372 2681 3419 in
2703 3371 2872 3431 rebuss,
2893 3383 3004 3434 quoe
3034 3371 3133 3420 suis
3158 3369 3404 3419 desideriis
3425 3376 3538 3420 sunt
3557 3385 3675 3421 con-

480 3449 600 3485 σκον
627 3425 790 3497 λήθην
819 3428 910 3495 τῆς
939 3422 1171 3489 δουλείας
1200 3421 1486 3500 ἕργᾶζεταῑ·
1516 3417 1676 3480 Ἔστι
1706 3419 1758 3478 δὲ
1786 3427 1905 3485 ταῖς
1943 3442 2038 3494 μεν
2131 3437 2388 3492 sentaneae,
2413 3436 2611 3494 ponunt.
2646 3432 2895 3481 Plebecula
2925 3434 3090 3481 autem
3126 3433 3411 3494 spectaculis
3445 3436 3493 3481 et
3523 3433 3686 3482 otiosis

1211 3594 1298 3646 59.

549 3733 590 3772 ι.
625 3721 828 3785 ἐπεισιν]
863 3722 1001 3783 quis?
1031 3719 1223 3769 viator?
1247 3720 1430 3769 ἐπίασιν
1463 3718 1589 3780 conj.
1617 3719 1763 3778 Gaii„
1785 3715 1915 3780 quod
1940 3730 2037 3771 non

482 3792 636 3856 magis
657 3792 841 3854 placet3
866 3793 981 3840 εἰσὶν
1002 3791 1076 3839 vel
1106 3788 1368 3838 ἐστὶν’ἆστυ
1387 3788 1555 3838 στάδια
1578 3788 1624 3851 μ’
1646 3787 1719 3837 vel
1746 3786 1807 3847 ν’,
1836 3787 2038 3848 Stepha-

483 3875 592 3924 nus,
614 3860 674 3911 ad
690 3858 1050 3910 similitudinem
1068 3858 1271 3907 aliorum
1296 3857 1439 3919 hujus
1456 3858 1623 3919 fragm.
1642 3857 1887 3915 locorum;
1913 3854 2038 3903 idem

485 3932 612 3993 coni.
644 3933 892 3991 Osannus,
921 3929 1065 3978 missa
1086 3931 1250 3977 tamen
1276 3939 1392 3976 voce
1418 3926 1554 3976 ἄστυ.
1590 3925 1778 3989 Reliqui
1810 3925 1946 3975 editt.
1974 3924 2040 3973 nil

487 3999 770 4062 dijudicant.
791 4002 972 4049 Auctor
990 4000 1169 4057 noster,
1189 3999 1335 4060 puto,
1355 3996 1745 4060 proficiscebatur
1768 3996 1817 4043 in
1841 3997 2032 4043 antece.

485 4084 515 4120 a
534 4068 848 4132 Peloponnesi
872 4067 1071 4128 finibuS‚
1100 4080 1309 4129 quorum
1336 4069 1386 4115 in
1410 4067 1651 4116 mentione
1682 4064 1896 4115 subsistit
1920 4065 2041 4113 Dio·

486 4140 609 4203 nysii
646 4140 963 4202 fragmentum
982 4138 1233 4187 metricum
1249 4175 1263 4199 ,
1295 4137 1424 4199 quod
1453 4136 1499 4186 in
1521 4137 1687 4186 codice
1707 4138 1926 4186 nostrum
1951 4147 2041 4183 ex-

488 4211 706 4272 cerptum
742 4208 960 4271 proxime
996 4207 1251 4256 antecedit.
1285 4213 1319 4256 A
1358 4206 1681 4268 Peloponneso
1718 4204 1798 4252 via
1835 4200 2045 4252 ducebat

490 4284 706 4342 Megara,
736 4279 849 4328 hinc
882 4277 1103 4337 Eleusin,
1126 4277 1238 4326 hinc
1258 4276 1338 4325 via
1364 4289 1499 4325 sacra
1526 4277 1576 4324 et
1602 4287 1789 4323 amoena
1818 4273 2042 4322 Athenas,

490 4351 769 4413 scripserim
795 4349 937 4411 igitur
963 4366 977 4399 ι
998 4349 1199 4397 ἐντεῦθεν
1217 4350 1279 4404 εἰς
1298 4349 1352 4397 τὸ
1370 4346 1618 4405 Ἀθηναίων
1639 4346 1743 4405 (vel
1764 4346 1827 4400 εἷς
1849 4346 1931 4402 τήν
1949 4343 2014 4393 Ἀ.
2030 4378 2045 4404 ,

490 4420 568 4470 vel
601 4421 672 4475 stc·
702 4420 784 4475 τὰς
822 4419 1032 4477 Ἀθήνας)
1066 4417 1393 4467 Ἐλευσινία
1434 4416 1593 4466 ἐστὶν
1621 4416 1753 4475 ὁδὸς,
1791 4415 1922 4472 ἡδεῖα
1944 4415 2047 4463 κτλ.

491 4516 558 4528 -
582 4489 666 4555 [τι]
682 4488 841 4538 addidi
873 4502 902 4538 e
929 4487 1055 4549 conj.
1078 4488 1323 4550 Stephani.
1358 4513 1420 4523 —
1449 4485 1753 4548 ἀπιστηθείη]
1787 4484 2016 4546 stephan.
2033 4520 2046 4545 ,

496 4559 778 4617 ἁποστηθείη
797 4558 969 4608 codex.
997 4584 1054 4594 --
1072 4559 1190 4606 πολὺ
1212 4555 1293 4621 δὲ]
1316 4558 1364 4606 δὲ
1388 4557 1438 4606 in
1461 4556 1596 4606 editt.
1613 4555 1759 4605 deest.
1785 4582 1840 4591 —
1859 4554 2050 4616 ᾠδεῖον]

496 4629 885 4679 Hemsterliusius
912 4628 1023 4690 (ap.
1060 4628 1341 4689 wesseling.
1366 4624 1607 4677 Probabit.
1629 4637 1673 4687 p.
1708 4627 1817 4687 335)
1847 4626 1896 4674 et
1917 4625 2051 4673 Bois-

498 4698 664 4750 sonad.
694 4697 785 4757 (ad
815 4697 1046 4746 llolstenii
1081 4702 1199 4760 Epp.
1225 4698 1288 4747 ad
1313 4698 1411 4746 div.
1438 4709 1486 4759 p.
1521 4696 1632 4755 14);
1657 4696 1811 4744 codex
1838 4714 1850 4744 ε
1872 4695 1962 4743 ὧδε
1979 4694 2051 4754 ἦν.

500 4767 670 4828 Ratio,
708 4779 804 4829 qua
831 4770 1255 4817 monumentorum
1289 4767 1501 4817 recensio
1531 4765 1868 4826 introducitur,
1891 4767 2055 4827 aperte

499 4836 791 4900 excerptoris
820 4837 905 4886 est.
928 4866 991 4878 --
1013 4836 1163 4902 μέγα]
1203 4838 1497 4901 Steplianus;
1531 4836 1646 4899 μετὰ
1670 4836 1837 4885 codex.
1867 4838 2055 4892 Quam·

500 4920 649 4971 quam
679 4906 826 4955 ettam
852 4906 972 4967 μέγα
993 4907 1060 4955 sic
1090 4905 1298 4968 positum
1322 4907 1375 4956 li.
1405 4906 1437 4955 l.
1475 4905 1742 4966 claudicat;
1779 4904 1943 4953 malim
1974 4906 2055 4952 καὶ

498 4977 624 5041 μέγα
654 4974 919 5037 θαυμαστόν
956 4974 1035 5023 vel
1067 4977 1244 5037 μεγέθει
1277 4978 1320 5025 θ.
1354 5002 1417 5012 -
1454 4976 1695 5031 πολυτελὲς
1732 4973 1959 5037 ἀπόὸιον]
1989 4975 2060 5023 sie

501 5045 683 5106 codem
707 5061 759 5094 π.
791 5042 1077 5094 &ammosa
1096 5046 1308 5107 Steplian
1345 5047 1395 5095 et
1416 5045 1668 5105 Holsten.;
1699 5045 1909 5094 ἄποπτον
1928 5046 2054 5093 Gro-

2124 3584 2342 3646 proxime
2373 3582 2557 3631 accedit
2595 3584 2643 3630 et
2680 3582 2968 3644 comparatis
3001 3581 3200 3630 vocibus
3231 3582 3430 3643 ἄποψις.
3463 3583 3683 3646 ἐπόψιος,

2126 3655 2325 3715 ὑπόψιος
2355 3654 2537 3716 optime
2563 3651 2851 3701 defenditur.
2890 3654 3117 3700 Ceterum
3155 3650 3317 3700 malim
3343 3653 3441 3710 τῆλ’
3483 3652 3686 3714 &vrci-{nov

2125 3724 2202 3772 vel
2228 3724 2338 3777 ἑκὰς
2362 3722 2448 3771 ἀπ.
2477 3724 2532 3770 lu
2552 3723 2760 3769 mentem
2781 3720 2924 3770 etiam
2950 3721 3081 3770 venit
3112 3720 3159 3768 in
3177 3721 3414 3774 πολυτελὲς
3438 3720 3687 3770 &arieto-0

2130 3793 2328 3842 fortasse
2347 3790 2499 3841 latere
2528 3792 2739 3840 πολυτελ.
2760 3791 3123 3854 Ἑκατόμπεδον.
3139 3817 3202 3831 --
3219 3783 3349 3852 θεᾶς]
3380 3790 3482 3844 θέας
3509 3790 3685 3840 codex.

2127 3887 2190 3897 -
2218 3858 2569 3923 ὑπερκείμενον]
2597 3860 2665 3909 sic
2701 3859 2882 3922 codem
2911 3877 2999 3917 ..ος
3039 3860 3197 3920 editu
3235 3857 3448 3907 mutandi
3480 3863 3691 3910 necessi·

2129 3933 2278 3980 tatem
2321 3930 2555 3980 desidero.
2601 3956 2666 3965 —
2704 3931 2787 3987 τὴν
2839 3947 2881 3978 τ.
2925 3947 2969 3979 ο.
3002 3926 3295 3993 ὑπογραφὴν]
3343 3929 3408 3983 εἰς
3441 3930 3523 3985 τήν
3554 3930 3688 3991 conj.

2130 4001 2425 4063 Stephanus:
2458 4001 2835 4057 καταπληκτικὴν
2877 4000 3244 4061 (καταπλήξιμον
3277 4012 3320 4047 s.
3359 3999 3696 4059 καταπληκτήν

2131 4072 2333 4120 Salmas.
2351 4069 2367 4129 )
2383 4070 2421 4120 δ’
2445 4069 2521 4132 ἔχ.
2541 4070 2624 4127 τήν
2646 4087 2691 4119 τ.
2712 4085 2758 4118 ο.
2779 4071 2822 4118 ὑ.
2861 4070 3199 4130 casaubonu83
3217 4067 3493 4125 κατάπληξιν
3521 4070 3562 4117 δ’
3582 4070 3695 4132 ἔχον

2132 4140 2274 4190 ἰδόντι
2291 4141 2373 4199 τὴν
2392 4142 2508 4199 etc„
2524 4138 2716 4189 Jacobs.
2735 4138 2783 4188 in
2801 4141 3040 4202 Boettigeri
3055 4139 3258 4189 Amalth.
3273 4138 3436 4189 careri
3456 4138 3530 4187 liis
3541 4140 3696 4189 omni-

2132 4209 2224 4259 bus
2258 4220 2424 4273 posse,
2443 4208 2708 4272 praesertim
2732 4207 2782 4257 in
2800 4211 3027 4271 excerpto
3049 4210 3212 4259 nostro
3226 4245 3241 4272 ,
3269 4212 3432 4258 monet
3455 4212 3694 4259 Osannus.

2131 4305 2197 4316 —
2211 4277 2478 4344 βέλτιστον]
2494 4278 2830 4342 ἀνυπέρδλητον
2845 4279 3093 4341 proposuit
3115 4279 3307 4348 Jacobs.
3326 4309 3390 4322 —
3407 4278 3564 4343 χόρτοι
3583 4296 3696 4327 παν·

2133 4347 2365 4412 τοθαλεῖς]
2387 4362 2494 4398 meo
2522 4347 2738 4412 periculo
2759 4348 2953 4410 scripsi3
2977 4347 3132 4397 codex
3160 4367 3174 4397 ι
3199 4348 3350 4411 ἑορταὶ
3373 4349 3693 4410 παντοδαπὴ

2135 4421 2188 4469 at
2229 4419 2388 4481 inepta
2411 4419 2461 4468 h.
2503 4418 2536 4467 l.
2568 4417 2750 4468 mentio
2783 4416 3015 4468 festorum
3059 4418 3480 4481 philophosornm‚
3513 4418 3695 4468 etiamsi

2138 4488 2280 4538 fuisse
2314 4489 2571 4550 putaveris.
2610 4486 2752 4545 Quod
2794 4500 2917 4537 uuus
2958 4487 3169 4538 sentiens
3203 4488 3515 4538 Gasaubonus
3552 4488 3700 4537 verba

2140 4561 2380 4620 transponi
2398 4559 2554 4606 voluit
2573 4559 2703 4607 hunc
2721 4559 2769 4607 in
2788 4557 2987 4607 modum
3006 4572 3017 4604 z
3041 4557 3193 4620 ἑορταὶ
3212 4558 3502 4605 παντοδαπαὶ
3515 4592 3530 4618 ,
3549 4559 3702 4620 ψυχῆς

2140 4627 2420 4689 ἀνάπαυσις,
2441 4628 2701 4692 φιλοσόφων
2723 4628 3031 4678 παντοδαπῶν
3050 4628 3218 4689 σχολαὶ
3236 4627 3402 4676 πολλαὶ
3416 4662 3433 4686 ,
3463 4628 3561 4675 θέαι
3581 4644 3699 4677 συν-

2141 4701 2277 4761 εχεῖς.
2316 4698 2536 4747 Attamen
2573 4697 2965 4760 philosophorum
2989 4698 3169 4746 mentio
3201 4696 3286 4745 vix
3312 4696 3574 4759 separanda
3599 4701 3704 4748 erat

2144 4768 2207 4817 ab
2224 4767 2684 4817 commemoratione
2704 4766 2969 4817 Academiae
2984 4802 2998 4826 ‚
3023 4766 3194 4828 Lycei,
3215 4765 3517 4828 Cynosargis.
3542 4768 3704 4817 Verba

2143 4838 2294 4899 ψυχῆς
2313 4836 2396 4886 ἀπ.
2415 4838 2496 4885 καὶ
2528 4838 2602 4887 ἀν.
2623 4836 2900 4887 Holstcnius
2919 4834 3166 4898 transponi
3193 4836 3349 4884 voluit
3370 4840 3478 4897 post
3498 4838 3596 4885 θέαι
3621 4852 3670 4886 σ.
3687 4871 3705 4899 ,

2145 4904 2228 4955 ubi
2250 4908 2364 4955 sane
2380 4906 2567 4969 aptiora
2589 4906 2758 4956 forent.
2791 4935 2854 4947 -
2884 4904 3195 4967 ἀναπαύσεις]
3224 4907 3412 4967 Marx.;
3446 4905 3707 4963 ἀνάπαυσις

2145 4974 2323 5035 oedex,
2342 4974 2426 5025 sed
2444 4988 2559 5024 mox
2584 4974 2882 5029 ἀναπαύσεις.

2208 5052 2254 5094 2.
2289 5046 2387 5094 ἀλλ’
2405 5047 2437 5105 ἡ
2453 5051 2546 5095 τῶν
2565 5043 2730 5108 ξένων]
2748 5044 2908 5104 editt,
2928 5044 3083 5100 ξεινῶν
3105 5043 3276 5094 codex.
3299 5049 3419 5103 Quoe
3438 5048 3708 5107 sequuntur

500 5128 649 5178 ποῇς
672 5113 871 5177 ἄπόψιον
899 5113 1150 5164 Dubnerus
1181 5126 1317 5165 meus
1347 5116 1602 5178 proponit,
1643 5113 1774 5176 quod
1798 5112 1861 5162 ad
1882 5112 2060 5163 tradita
2148 5124 2300 5175 usque
2324 5112 2384 5162 ad
2409 5127 2457 5162 v.
2497 5115 2817 5163 διδασκαλεῖον
2851 5113 3093 5175 explicatu
3116 5112 3427 5177 difficillima,
3453 5118 3503 5165 et
3537 5116 3712 5178 procul

2052 5217 2127 5277 25

2143 5222 2170 5279 ἱ
