4016 5916
516 432 522 437 -
618 413 798 481 xixa
1272 395 1369 452 Εκ
1411 394 1566 454 ‘ruz
1608 369 2413 457 ιΣτοΡιᾹΣΔῐοΝΥΣιοΥ
2453 399 3118 463 summussos..

617 525 814 603 μεστὰ,
852 524 943 584 καὶ
976 524 1156 601 λόγους
1198 522 1394 591 διεξιὼν
1430 522 1666 590 αὐθάδεις
1693 523 1822 604 ὑπὲρ
1858 527 2070 583 ἑαυτοῦ·
2098 521 2153 591 ὅς
2248 526 2482 576 sactorum
2506 529 2796 591 arrogantia,
2825 532 2930 579 tum
2964 531 3262 582 sermonssms
3277 545 3399 595 qnos
3417 532 3477 581 de
3506 545 3557 583 se
3577 533 3795 596 jactabat

612 639 670 690 γε
698 618 901 693 πρῶτον
942 611 1034 687 μὲν
1061 612 1392 686 καθεζόμενος
1427 611 1514 668 ἐπὶ
1552 610 1783 690 βήματος
1809 617 2118 691 περιφανοῦς
2135 655 2153 687 ,

612 703 787 779 ὥσπερ
819 699 928 766 ἔθος
953 698 1091 757 ἐστὶν
1126 699 1230 764 τοῖς
1259 698 1350 764 τὰς
1389 696 1552 776 ἀρχὰς
1570 698 1797 776 ἔχουσιν,
1838 698 2155 777 ἐχρημάτιζε

614 791 719 854 τοῖς
744 793 1042 866 προσιοῦσιν
1073 787 1139 844 δι’
1166 784 1367 863 ἡμέρας
1402 786 1520 866 περὶ
1544 786 1637 857 τὴν
1662 786 1971 857 σιτοδοσίαν,
1997 784 2152 843 ἐκὸα·

610 877 714 933 λὼν
751 880 844 946 τῆς
871 877 1028 950 τιμῆς
1052 872 1242 944 ταύτης
1274 871 1360 930 τὸν
1390 871 1764 951 ἀποδειχθέντα
1791 871 2027 953 ὕπαρχον
2055 872 2154 930 ὑπὸ

608 968 700 1032 τῆς
725 964 935 1040 βουλῆς·
956 961 1133 1019 ἔπειτα
1157 959 1260 1038 [δὲ]
1287 961 1515 1038 συνεχεῖς
1533 958 1833 1035 ποιούμενος
1853 958 2150 1029 ἐκκλησίας,

610 1053 702 1108 οὐκ
729 1049 785 1107 ὃν
809 1051 861 1106 ἐν
878 1048 979 1106 ἔθει
1001 1046 1282 1122 Ῥωμαίοις
1305 1045 1514 1116 ἰδιώτην
1529 1045 1809 1116 ἐκκλησίαν
1827 1053 2154 1122 συναγαγεῖν,

608 1134 777 1194 πολλὰ
825 1134 918 1211 μὲν
964 1140 1052 1192 τοῦ
1096 1132 1346 1193 Μινυκίου
1376 1132 1655 1212 κατηγόρει
1687 1133 1813 1212 πρὸς
1855 1134 1943 1191 τὸν
1971 1134 2153 1207 δῆμον,

608 1227 677 1289 ὡς
718 1221 882 1298 ὄνομα
912 1221 1150 1302 φέροντος
1179 1222 1342 1299 ἀρχῆς
1385 1218 1560 1296 μόνον,
1591 1218 1736 1299 ἔργον
1762 1220 1815 1278 δὲ
1851 1218 1991 1278 οὐδὲν
2018 1222 2151 1278 ἀπο·-

609 1311 906 1387 δειξαμένου
927 1310 1031 1375 τοῒς
1066 1308 1279 1379 πένησιν
1308 1306 1596 1387 ὠφέλιμον·
1635 1306 1804 1365 πολλὰ
1829 1305 1882 1365 δὲ
1909 1305 2024 1372 τοὺς
2049 1329 2149 1363 πα-

606 1399 825 1477 τρικίους
855 1395 1096 1454 διέὸαλλε
1127 1395 1255 1474 πρὸς
1276 1394 1362 1452 τὸν
1401 1395 1586 1469 δῆμον,
1610 1396 1682 1460 ὡς
1707 1398 1875 1452 ταῦτα
1898 1394 2150 1474 πράττον-

605 1510 697 1551 τας
725 1483 785 1561 (a)
809 1484 861 1551 ἐξ
888 1475 958 1543 ὧν
988 1483 1155 1560 ὀλίγος
1177 1504 1233 1539 τε
1256 1483 1346 1539 καὶ
1371 1480 1570 1547 οὐδενὸς
1586 1480 1720 1548 ἄξιος
1751 1484 1779 1538 ὁ
1801 1482 1961 1556 δῆμος
1984 1480 2153 1556 ἔσται,

607 1573 695 1630 καὶ
718 1570 830 1631 οὐδὲ
858 1571 943 1629 ἐπὶ
966 1569 1189 1648 σιτοδεία
1219 1568 1464 1648 φροντίδα
1490 1570 1589 1626 τῶν
1613 1567 1819 1646 ἀπόρων
1838 1566 2053 1646 ἔχοντας
2070 1570 2154 1626 οὗ·

608 1660 792 1734 δεμίαν
837 1657 954 1717 οὔτε
998 1662 1144 1736 κοινῇ
1183 1656 1381 1735 πάντας
1408 1654 1523 1712 οὕτε
1566 1653 1674 1734 ἰδίᾳ
1719 1653 1839 1720 τοὺς
1871 1653 2150 1724 δυνατοὺς,

606 1746 821 1802 πάντων
854 1744 943 1821 (ιο)
971 1742 1201 1819 μάλιστα
1244 1740 1355 1800 δίον
1381 1738 1562 1805 αὐτοὺς
1583 1738 1824 1819 χρήμασί
1856 1762 1913 1797 τε
1935 1738 2028 1796 καὶ
2050 1739 2153 1796 σώ-

608 1854 788 1907 μασιν,
833 1829 1009 1905 ὥσπερ
1055 1827 1205 1895 αὐτὸς
1254 1827 1348 1899 δὴ,
1389 1831 1724 1899 κακοπαθεῖν,
1758 1825 1850 1885 καὶ
1899 1825 2152 1884 πάντοθεν

610 1919 899 1993 ἐπεισάγειν
925 1922 991 1996 τῇ
1022 1916 1170 1974 πόλει
1193 1914 1283 1982 τὰς
1309 1913 1499 1993 ἀγοράς
1515 1934 1527 1952 ·
1549 1913 1693 1984 ἠξίου
1723 1936 1779 1972 τε
1805 1912 1932 1992 πρὸς
1958 1914 2025 1970 τὰ
2050 1917 2153 1971 τῶν

608 2008 780 2063 ἄλλων
826 2005 953 2085 ἔργα
993 2002 1280 2081 πατρικίων
1326 2002 1394 2060 τὰ
1448 2004 1532 2081 ὑφ’
1580 2004 1763 2059 ἑαυτοῦ
1816 2001 2153 2077 πραττόμενα

607 2092 884 2168 ἐξετάζειν,
900 2095 970 2158 ὡς
985 2089 1116 2149 πολὺ
1136 2089 1227 2148 καὶ
1245 2088 1304 2146 τὸ
1327 2097 1431 2146 πᾶν
1453 2088 1692 2157 ἀλλήλων
1708 2086 2032 2167 διαφέροντα.
2058 2088 2150 2164 (tt)

608 2177 863 2245 Ἐκείνους
916 2175 1009 2254 μὲν
1059 2175 1160 2256 γὰρ
1208 2175 1352 2234 οὐδὲν
1391 2177 1449 2233 ἐκ
1476 2178 1577 2232 τῶν
1604 2171 1744 2231 ἰδίων
1780 2176 1852 2240 εἰς
1890 2172 1948 2230 τὸ
1986 2172 2153 2231 κοινὸν

610 2265 981 2330 ἀναλίσκοντας
1013 2263 1087 2321 ἔτι
1129 2263 1219 2321 καὶ
1251 2262 1346 2334 τὴν
1373 2260 1628 2337 δημοσίαν
1655 2264 1752 2337 γῆν
1780 2257 2152 2341 σφετερισαμέ-

604 2375 720 2418 νους
758 2351 918 2410 πολὺν
968 2351 1056 2429 (12)
1099 2349 1199 2421 ἤδη
1239 2352 1567 2426 καρποῦσθαι
1613 2346 1814 2425 χρόνον,
1875 2345 2055 2404 ἑαυτὸν
2099 2343 2154 2402 δὲ

606 2442 708 2499 τῶν
732 2438 993 2514 δημοσίων
1009 2436 1151 2496 οὐδὲν
1173 2435 1361 2514 ἔχοντα
1388 2434 1465 2493 ἔτι
1487 2433 1577 2492 καὶ
1598 2434 1691 2505 τὴν
1715 2431 1963 2514 πατρῴαν
1988 2452 2155 2490 κατα-

605 2527 845 2602 χορηγεῖν
870 2526 1046 2584 οὗσίαν
1062 2525 1133 2589 εἰς
1162 2523 1403 2602 βοήθειαν
1426 2524 1531 2579 τῶν
1553 2519 1790 2600 ἀπόρων·
1827 2520 1917 2578 καὶ
1945 2517 2153 2576 ἐπειδὰν

606 2612 673 2669 τὰ
697 2614 821 2671 ὄντα
847 2609 1200 2689 καταναλώσῃ
1221 2653 1237 2680 ,
1270 2608 1594 2684 δανείσματα
1615 2612 1875 2665 ποιεῖσθαι
1902 2605 2048 2685 παρὰ
2070 2607 2152 2684 φί-

608 2698 730 2770 λων,
753 2699 899 2758 οὐδὲν
920 2698 1013 2778 (ιε)
1045 2693 1643 2771 ἀντικαταλλαττόμενον
1672 2698 1762 2764 τῆς
1788 2691 2041 2764 τοσαύτης
2070 2716 2151 2774 φι-

606 2786 843 2861 λοτιμίας
872 2787 951 2843 ὅτι
994 2782 1068 2861 μὴ
1106 2781 1201 2854 τὴν
1228 2779 1495 2852 πολιτικὴν
1523 2778 1741 2852 εὔνοιαν,
1768 2772 1829 2851 ἧς
1853 2777 1967 2837 οὐδὲ
1991 2779 2077 2837 τὸν
2101 2777 2154 2846 ἐξ

610 2870 892 2949 ἀνθρώπων
932 2872 1151 2928 πλοῦτον
1197 2871 1434 2944 ἡγεῖσθαι
1471 2863 1792 2943 τιμιώτερον.
1822 2867 1892 2925 Οἱ
1938 2863 1992 2922 δὲ
2034 2865 2152 2944 περὶ

610 2956 762 3015 αὐτὸν
787 2960 1096 3022 συνεστῶτες
1117 2952 1197 3012 ἀεὶ
1229 2957 1440 3031 σωτῆρα
1469 2949 1559 3010 καὶ
1585 2950 1787 3032 πατέρα
1819 2949 1910 3010 καὶ
1936 2949 2149 3022 κτίστην

610 3044 901 3101 ἀπεκάλουν
933 3042 1022 3122 (1⁴)
1054 3047 1145 3113 τῆς
1178 3040 1447 3120 πατρίδος·
1487 3038 1578 3097 καὶ
1616 3038 1711 3109 τὴν
1756 3038 1850 3115 μὲν
1892 3037 2150 3110 ὑπατικὴν

607 3129 837 3196 ἐξουσίαν
868 3130 1116 3188 ἐλάττονα
1139 3127 1293 3207 χάριν
1318 3126 1354 3197 ἢ
1379 3124 1514 3184 κατὰ
1540 3126 1598 3184 τὸ
1627 3124 1835 3204 μέγεθος
1859 3129 1962 3183 τῶν
1987 3124 2149 3206 ἔργων

609 3219 768 3275 αὐτοῦ
813 3215 1119 3293 γενήσεσθαι
1169 3214 1400 3273 δοθεῖσαν
1450 3212 1747 3292 ἀπέφαινον,
1782 3212 1917 3290 ἄλλῃ
1959 3210 2015 3269 δέ
2051 3233 2151 3270 τινι

605 3304 798 3380 μείζονι
826 3303 917 3362 καὶ
943 3307 1164 3382 λαμπρᾷ
1188 3306 1316 3379 τιμῇ
1344 3308 1560 3373 κοσμεῖν
1581 3298 1756 3370 ἠξίουν
1782 3299 1954 3371 αὐτὸν,
1978 3299 2044 3369 ἣν
2059 3297 2150 3357 καὶ

603 3390 824 3467 τὸγένος
851 3388 950 3458 ἕξει
993 3390 1053 3448 τὸ
1082 3388 1133 3456 ἐξ
1164 3386 1381 3448 ἐκείνου.
1410 3385 1506 3453 “Ως
1534 3388 1589 3444 δὲ
1613 3385 1704 3444 καὶ
1729 3385 1824 3456 τὴν
1845 3384 2020 3465 τρίτην
2040 3385 2150 3453 ἔξο-

604 3479 688 3536 δον
715 3476 1061 3552 ποιησάμενος
1097 3475 1185 3534 ἐπὶ
1222 3473 1291 3533 τὰ
1328 3473 1729 3552 παραθαλάττια
1760 3477 1853 3544 τῆς
1898 3471 2148 3544 Ἰταλίας,

603 3562 663 3621 ἔκ
693 3587 748 3621 τε
775 3564 960 3639 Κύμης
983 3562 1075 3622 καὶ
1102 3566 1204 3621 τῶν
1225 3560 1344 3641 περὶ
1381 3561 1615 3630 Μίσηνον
1638 3558 1861 3636 λιμένων
1908 3558 2147 3635 σιτηγοὺς

607 3651 834 3715 ὁλκάδας
868 3650 1008 3726 ἄγων
1032 3647 1231 3714 πολλὰς
1268 3647 1615 3705 κατέπλευσεν
1644 3647 1713 3712 εἷς
1741 3644 1981 3721 Ὠστίαν,
2003 3644 2033 3703 ὃ
2060 3650 2152 3717 τῆς

605 3735 816 3811 Ῥώμης
842 3736 979 3795 ἐστὶν
1001 3736 1244 3806 ἐπίνειον,
1268 3733 1357 3791 καὶ
1382 3733 1676 3803 κατέπλησε
1695 3734 1782 3808 (ιε)
1804 3739 1916 3799 ταῖς
1939 3742 2150 3812 τροφαῖς

604 3823 694 3894 τὴν
718 3825 894 3899 πόλιν,
926 3825 994 3888 ὥς
1031 3820 1193 3897 μηδὲν
1215 3820 1290 3878 ἔτι
1321 3824 1412 3889 τῆς
1439 3817 1660 3898 ἀρχαίας
1687 3819 1951 3899 εὐετηρίας
1978 3819 2151 3900 διαφέ·

601 3933 724 3987 ρειν,
754 3909 891 3975 ἅπας
939 3914 967 3968 ὁ
997 3910 1156 3985 δῆμος
1192 3908 1391 3983 ἕτοιμος
1426 3898 1513 3983 ἦν,
1553 3908 1599 3963 εἰ
1626 3906 1822 3982 γένοιτο
1849 3912 1939 3975 τῆς
1973 3906 2148 3987 ψήφου

597 3995 770 4075 κύριος
799 3995 880 4054 ἐπ’
912 3994 1297 4075 ἀρχαιρεσίαις,
1322 3991 1424 4050 εἴτε
1452 3991 1701 4050 ὑπατείαν
1725 3994 1824 4052 εἴτε
1856 3994 2020 4063 ἄλλην
2033 3992 2147 4050 τινὰ

603 4083 758 4158 τιμὴν
786 4081 981 4159 μετίοι,
1007 4081 1224 4158 μηδενὸς
1253 4080 1682 4159 ἐπιστρεφόμενος
1706 4079 1796 4158 (ιο)
1829 4079 1961 4156 μήτε
1984 4079 2145 4156 νόμου

598 4168 882 4234 κωλύοντος
936 4168 1061 4242 μήτ’
1125 4165 1304 4247 ἀνδρὸς
1363 4164 1782 4241 ἐναντιουμένου,
1815 4167 2141 4246 χαρίζεσθαι.

599 4258 785 4314 Ταῦτα
823 4260 1041 4334 ὁρῶντες
1080 4256 1128 4314 οἱ
1177 4253 1550 4333 προεστηκότες
1587 4257 1680 4324 τῆς
1721 4252 2145 4333 ἀριστοκρατίας,

598 4340 695 4398 καὶ
733 4341 851 4399 οὔτε
892 4340 1185 4415 ἐπιτρέπειν
1215 4339 1471 4408 ἀξιοῦντες
1512 4338 1628 4399 οὔτε
1672 4339 1890 4398 κωλύειν
1928 4338 2145 4415 δύναμιν

600 4427 827 4505 ἔχοντες,
859 4429 912 4484 ἐν
937 4430 1104 4506 πολλῇ
1138 4427 1329 4492 πάντες
1353 4418 1490 4498 ἦσαν
1518 4427 1739 4506 ἀθυμία·
1767 4426 1856 4501 καὶ
1892 4426 1970 4485 ἔτι
2003 4423 2145 4501 μᾶλ-

596 4516 687 4571 λον
721 4513 1160 4592 διεταράχθησαν,
1186 4516 1363 4585 ἐπειδὴ
1390 4513 1691 4572 κωλυόντων
1720 4512 1996 4585 ἐκκλησίας
2024 4533 2145 4569 συν-

600 4600 743 4678 άγειν
795 4599 948 4657 αὐτὸν
999 4599 1088 4658 καὶ
1132 4602 1446 4681 δημηγορεῖν
1489 4605 1593 4660 τῶν
1635 4625 1691 4660 τε
1728 4601 2016 4682 δημάρχων
2054 4600 2145 4659 καὶ

596 4686 831 4758 ὑπάτων,
854 4687 1161 4768 συστραφεὶς
1199 4691 1227 4745 ὃ
1250 4690 1413 4762 δῆμος
1438 4689 1660 4756 ἐκείνους
1684 4689 1779 4765 μὲν
1813 4688 2057 4757 ἐξέὸαλεν
2083 4690 2140 4745 ἐκ

2243 619 2600 680 superbissimis.
2623 627 2741 672 Nam
2757 628 3011 689 conspicuo
3027 628 3193 678 sedens
3208 629 3255 677 in
3269 631 3508 692 suggestu,
3525 632 3597 680 uti
3617 630 3796 692 publici

2243 714 2546 797 magistratus
2571 719 2752 781 solent,
2772 723 2986 784 quotidie
3006 725 3343 776 accedentibus
3363 726 3425 776 de
3442 727 3795 778 frumentorum

2244 809 2498 875 larfitione’
2530 831 2755 880 responsa
2781 819 2954 882 dabat,
2990 822 3143 882 ejecto
3173 824 3306 885 quasi
3338 827 3395 877 L.
3431 825 3641 875 Minucio
3654 862 3669 885 ,
3711 827 3795 889 qui

2241 912 2434 963 senatus
2450 914 2639 966 decreto
2656 918 2909 980 praesectus
2922 932 3126 970 annonae
3144 923 3331 971 creatus
3352 924 3455 971 erat
3470 940 3486 984 ς
3505 922 3677 973 deinde
3693 936 3795 974 cre·

2243 1005 2351 1054 bras
2376 1008 2627 1059 conciones
2648 1009 2829 1060 babens
2852 1011 3161 1075 (quanquam
3189 1016 3442 1063 conciones
3468 1014 3642 1065 babere
3664 1016 3796 1079 apud

2242 1109 2483 1158 Romanos
2496 1108 2716 1158 nonlicet
2729 1109 2957 1172 privato),
2971 1111 3136 1161 multis
3145 1112 3408 1162 Minucium
3419 1112 3543 1175 apud
3558 1115 3795 1176 populum

2240 1205 2524 1267 accusabat,
2551 1208 2718 1269 utpote
2740 1207 2824 1270 qui
2849 1220 3026 1258 nomeu
3059 1212 3247 1260 tantum
3280 1212 3586 1274 magistratus
3613 1227 3716 1276 prm
3739 1228 3795 1265 ae

2244 1303 2384 1353 ferret
2395 1339 2411 1366 ,
2431 1317 2551 1366 opus
2567 1306 2849 1367 pauperibus
2863 1306 2979 1357 utile
2995 1308 3217 1359 edidisset
3234 1310 3422 1359 nullum
3439 1327 3454 1372 3
3475 1312 3629 1361 multa
3643 1312 3794 1362 etiam

2242 1404 2292 1451 in
2325 1402 2550 1463 patricios
2573 1402 2722 1463 sevit,
2749 1403 2928 1466 quippe
2964 1404 3051 1467 qui
3088 1406 3140 1456 id
3174 1408 3369 1470 agerent
3396 1410 3456 1458 ut
3480 1408 3540 1458 ad
3572 1410 3795 1471 paucita-

2242 1507 2340 1554 tem
2357 1498 2589 1562 populum
2606 1498 2871 1563 redigerent
2892 1514 2950 1549 ac
2967 1484 3250 1565 potestatem
3268 1503 3373 1565 ejus
3389 1504 3689 1568 frangerent,
3706 1507 3794 1569 qui

2243 1599 2294 1647 in
2321 1599 2456 1647 tanta
2481 1610 2686 1648 annome
2715 1599 2915 1649 caritate
2945 1613 3208 1663 pauperum
3244 1614 3412 1651 curam
3450 1615 3513 1653 ne
3543 1604 3795 1655 minimam

2241 1694 2432 1756 quidem
2457 1693 2712 1755 baberent,
2733 1707 2887 1757 neque
2908 1695 2960 1744 in
2974 1698 3220 1747 communi
3246 1711 3440 1760 omnes,
3458 1712 3617 1763 neque
3634 1701 3794 1763 μήτε·

2242 1785 2329 1836 tim
2360 1786 2562 1849 divites,
2590 1799 2866 1852 quanquam
2895 1787 3108 1837 omnium
3139 1789 3348 1839 maxime
3374 1791 3462 1841 bos
3491 1793 3795 1854 potissimum

2242 1884 2432 1935 deceret
2452 1886 2620 1948 opibus
2634 1885 2735 1936 suis
2749 1888 2799 1935 et
2819 1887 3057 1948 personis,
3079 1888 3149 1937 uti
3169 1888 3270 1951 ipse
3287 1889 3506 1940 videlicet
3523 1927 3538 1953 ,
3558 1891 3674 1942 nibil
3695 1906 3794 1942 non

2243 1985 2355 2047 pati,
2379 1987 2435 2035 ut
2456 1983 2668 2047 undique
2685 1985 2924 2035 flumenta
2940 1985 2991 2035 in
3009 1986 3176 2036 urbem
3196 1987 3633 2040 introducerentur.
3697 1995 3794 2042 De·

2243 2082 2388 2145 nique
2407 2081 2564 2133 studia
2580 2082 2888 2145 patriciorum
2906 2096 3022 2133 cum
3047 2086 3144 2136 suis
3160 2085 3309 2147 ipsius
3328 2087 3470 2136 rebus
3490 2088 3634 2148 gestis
3656 2099 3794 2137 eom·

2242 2194 2440 2247 parans,
2460 2194 2607 2243 quam
2624 2179 2811 2231 diversa
2832 2183 2884 2230 et
2899 2182 3042 2245 plane
3059 2182 3296 2237 contraria
3316 2183 3406 2234 sibi
3423 2188 3580 2234 esent
3596 2184 3795 2235 dernen-

2242 2278 2392 2325 strare
2420 2273 2712 2324 instituebat.
2775 2274 2890 2324 lllos
2911 2274 3041 2325 enim
3067 2288 3164 2325 non
3191 2276 3336 2325 modo
3363 2276 3426 2325 de
3455 2278 3557 2327 suis
3577 2278 3628 2327 in
3663 2292 3793 2328 rem·

2243 2372 2481 2437 publicam
2513 2370 2633 2422 nibil
2663 2370 2930 2435 expendere
2946 2409 2961 2434 ,
3002 2370 3083 2422 sed
3119 2372 3266 2423 etiam
3299 2372 3523 2435 publicos
3561 2387 3792 2437 usurpare

2241 2479 2401 2530 agros,
2428 2479 2490 2515 ex
2515 2465 2667 2527 lisque
2690 2477 2720 2515 a
2742 2465 2895 2514 multo
2923 2464 3036 2515 inde
3065 2466 3282 2528 tempore
3303 2465 3488 2515 fructus
3514 2468 3789 2530 Μοῖρα-ος

2240 2572 2293 2608 se
2312 2571 2426 2607 vero
2451 2571 2547 2607 non
2573 2557 2716 2607 modo
2742 2557 2860 2607 nihil
2884 2557 2995 2607 boni
3023 2558 3200 2620 publici
3224 2557 3427 2620 babere,
3452 2558 3538 2608 sed
3571 2563 3794 2621 paternas

2241 2649 2383 2698 etiam
2400 2662 2514 2711 opes
2533 2661 2724 2711 erogare
2745 2648 2795 2698 in
2813 2649 3046 2697 auxilium
3065 2648 3364 2712 indigorum3
3387 2652 3437 2699 et
3457 2651 3690 2701 exhausta
3707 2653 3791 2702 be·

2243 2736 2442 2786 reditate
2459 2736 2684 2799 pecunias
2709 2738 2901 2785 mutuas
2927 2736 2989 2785 ab
3019 2736 3187 2785 amicis
3216 2749 3317 2787 esse
3342 2740 3649 2800 sumpturum
3666 2776 3682 2799 ,
3705 2752 3806 2793 nec.

2240 2829 2500 2892 quidquam
2522 2842 2608 2892 pro
2630 2832 2766 2879 tanta
2782 2829 3068 2878 liberalitate
3092 2841 3144 2878 se
3162 2830 3322 2892 petere
3340 2834 3512 2892 proeter
3530 2833 3689 2894 populi
3714 2832 3793 2881 be·

2240 2925 2558 2977 nevolentiam
2570 2961 2586 2988 ,
2604 2927 2749 2987 quam
2768 2923 2991 2974 omnibus
3014 2922 3194 2973 divitiis
3213 2923 3434 2975 humanis
3447 2924 3790 2988 prael'erendam

2242 3037 2342 3074 esse
2358 3025 2586 3074 censeret.
2611 3024 2734 3073 ‘rum
2762 3022 3122 3072 circumstantes
3146 3025 3437 3071 servatorem
3466 3024 3516 3071 et
3537 3026 3721 3090 patrem
3743 3026 3793 3071 et

2240 3115 2534 3167 conditorem
2545 3115 2712 3178 patriae
2726 3114 3022 3177 appellitare,
3036 3115 3181 3175 atque
3190 3114 3490 3163 consularem
3509 3118 3791 3177 potestatem

2240 3209 2398 3271 dicere
2422 3208 2658 3257 minorem
2689 3207 2791 3256 l'ore
2819 3219 2967 3269 quam
2991 3219 3078 3268 pro
3099 3205 3280 3269 accepti
3303 3205 3519 3255 beneficii
3551 3207 3790 3270 magnitu-

2238 3299 2349 3349 dine
2365 3300 2563 3362 gratiam
2575 3315 2590 3357 ;
2608 3299 2713 3349 aliis
2725 3297 3009 3360 quibusdam
3028 3296 3289 3358 maioribus
3302 3297 3791 3363 splendidioribusque

2238 3390 2508 3441 ornandum
2524 3390 2786 3440 bonoribus
2801 3402 2930 3451 esse,
2961 3371 3046 3452 qui
3063 3389 3208 3439 etiam
3227 3388 3287 3439 ad
3313 3389 3581 3452 prosapiam
3602 3389 3706 3452 ejus
3721 3404 3791 3442 es-

2240 3485 2347 3535 sent
2364 3484 2656 3545 perventuri.
2695 3483 2790 3534 Ubi
2810 3483 3032 3545 deinceps
3046 3484 3194 3531 etiam
3216 3482 3358 3531 tertio
3384 3483 3553 3532 itinere
3574 3483 3624 3532 in
3647 3483 3789 3534 mari·

2242 3571 2355 3618 tima
2380 3571 2528 3620 ltaliae
2543 3570 2790 3632 suscepto,
2809 3582 2838 3619 e
2860 3571 3028 3618 cumin
3045 3570 3096 3618 et
3114 3568 3279 3618 Miseni
3301 3567 3533 3629 portubus
3554 3581 3664 3618 cum
3689 3569 3789 3619 rru-

2239 3657 2485 3707 mentariis
2504 3656 2705 3706 navibus
2724 3654 2944 3718 plurimis
2965 3656 3013 3704 in
3033 3654 3219 3705 Ostiam
3232 3690 3247 3716 ,
3275 3654 3408 3716 qnod
3428 3658 3594 3705 Romae
3621 3656 3788 3705 navale

2238 3746 2309 3795 est
2321 3778 2336 3804 ,
2361 3744 2680 3806 innavigaret,
2699 3756 2757 3792 ac
2776 3745 2911 3792 tanta
2925 3755 3128 3792 annonas
3149 3742 3282 3804 copia
3306 3742 3475 3791 urbem
3494 3743 3789 3805 requierebant

2238 3831 2354 3880 nibil
2375 3831 2585 3894 pristinas
2601 3831 2922 3894 proventuum
2939 3828 3174 3879 felicitatis
3189 3828 3393 3890 amplius
3408 3827 3786 3878 desideraretur:

2237 3921 2344 3968 tum
2366 3931 2482 3967 vero
2506 3917 2708 3981 populus
2729 3917 2981 3966 universus
3002 3914 3334 3977 pollicebatur,
3352 3914 3546 3976 quando
3570 3915 3620 3963 in
3641 3915 3788 3977 ωας·-

2238 4006 2477 4054 stratuum
2491 4004 2722 4053 electione
2738 4015 2886 4065 penes
2901 4003 3056 4065 ipsum
3075 4000 3296 4063 stiffi-agia
3311 4003 3483 4060 essent,
3504 4001 3604 4050 sive
3622 4014 3788 4051 consu·

2239 4092 2385 4139 larem
2401 4090 2504 4140 sive
2517 4089 2659 4138 aliam
2675 4100 3035 4151 quamcumque
3052 4086 3254 4149 Spurius
3267 4085 3544 4148 dignitatem
3558 4087 3787 4146 ambiret,

2237 4179 2358 4226 banc
2375 4189 2452 4238 se,
2480 4176 2596 4225 nibil
2620 4177 2872 4224 mrantem
2888 4187 3044 4237 neque
3060 4175 3188 4236 leges
3203 4176 3421 4224 vetantes
3445 4187 3606 4235 neque
3627 4174 3782 4225 bomi-

2234 4276 2317 4312 nes
2338 4263 2661 4325 obstrepentes
2673 4298 2687 4322 ,
2705 4261 2748 4310 ei
2767 4262 3139 4323 gratificaturum
3154 4273 3271 4310 esse.
3299 4262 3418 4309 Haec
3432 4259 3653 4311 videntes
3668 4261 3785 4323 opti·

2234 4349 2434 4399 matium
2465 4347 2696 4412 principes
2724 4361 2878 4412 quum
2922 4360 3078 4410 neque
3116 4346 3375 4397 concedere
3409 4347 3590 4397 vellent
3633 4361 3786 4409 neque

2234 4439 2425 4494 possent
2446 4434 2674 4496 impedire
2688 4470 2704 4495 ,
2723 4434 2773 4483 in
2796 4448 2985 4485 summa
3009 4447 3177 4483 omnes
3198 4433 3510 4496 perplexitate
3527 4435 3784 4484 *asaban-

2233 4524 2332 4571 tur.
2396 4528 2466 4571 Ac
2483 4534 2600 4570 mox
2625 4521 2676 4570 in
2707 4520 2860 4582 maius
2877 4524 3019 4571 aucta
3046 4521 3319 4570 animorum
3347 4522 3671 4570 consternatio
3687 4521 3783 4581 est,

2234 4607 2317 4658 ubi
2345 4608 2563 4659 tribunos
2600 4607 2940 4671 consulesque,
2974 4621 3037 4658 ne
3070 4608 3324 4659 conciones
3363 4609 3552 4658 Maelius
3588 4609 3785 4660 liaberet

2232 4694 2571 4758 prohibituros,
2590 4707 2617 4744 e
2638 4695 2740 4744 l'oro
2762 4695 2896 4758 plebs
2911 4695 3213 4746 tumultuans
3229 4695 3387 4757 ejecit,
3401 4708 3556 4758 eoque
3573 4698 3782 4747 multum

594 4868 671 4916 ξος
702 4851 783 4899 ἔτι.
804 4851 920 4901 Dein
940 4851 1047 4899 cod.
1068 4853 1444 4914 ὺπεριφανίας.-
1459 4860 1507 4906 9.
1525 4854 1904 4917 πράττοντας]
1924 4855 2202 4917 πράττοντες
2233 4855 2283 4902 et
2313 4865 2429 4901 mox
2461 4853 2643 4915 ὀλίγους
2678 4853 2849 4904 codex.
2869 4881 2932 4891 —··
2955 4861 3027 4903 10.
3064 4853 3318 4916 πάντων]
3338 4856 3508 4910 παντὸς
3531 4854 3704 4905 codex.
3724 4884 3786 4895 —

605 4929 677 4971 lt.
696 4923 806 4971 Post
834 4932 996 4969 vocem
1016 4921 1283 4984 διαφέροντα
1305 4924 1353 4971 iu
1375 4923 1539 4972 eadem
1564 4924 1688 4972 linea
1706 4925 2008 4984 sequuntur:
2034 4923 2152 4983 μετὰ
2173 4923 2222 4972 δὲ
2242 4927 2359 4985 τρεῖς
2377 4923 2408 4979 ἡ
2428 4924 2645 4985 τέτταρας
2666 4927 2716 4972 et
2739 4924 2921 4984 reliqna
2951 4924 3232 4985 Polybiane,
3254 4936 3364 4985 quoe
3382 4922 3606 4973 dedimus
3622 4937 3782 4987 supra.

600 4991 918 5040 continentur
936 4991 1041 5039 baec
1062 4990 1212 5038 nostri
1231 4990 1407 5041 codicis
1433 4992 1570 5042 lineis
1600 4998 1664 5043 53
1680 5028 1695 5052 ,
1718 5005 1829 5054 quae
1850 4992 1898 5041 in
1922 4991 2116 5048 codice,
2142 5003 2203 5038 ex
2225 5004 2323 5054 quo
2347 4994 2509 5040 nostra
2538 4992 2773 5053 descripta
2794 4994 2906 5042 sunt
2922 5028 2937 5052 ,
2957 5005 3106 5042 unum
3131 4993 3393 5055 implebant
3416 4991 3600 5042 solium.
3622 4995 3784 5046 codex

597 5067 760 5111 facer.
781 5060 975 5120 singulis
994 5059 1115 5109 soliis
1131 5060 1277 5110 linens
1293 5062 1535 5124 sexaginta
1567 5064 1794 5112 continet.
1814 5088 1877 5098 —
1898 5068 1968 5111 12.
1998 5078 2035 5109 π
2048 5077 2074 5109 ο
2088 5059 2211 5122 λὺν]
2244 5063 2470 5119 πολλὴν...
2505 5063 2667 5111 ἑαυτὸν
2701 5064 2750 5111 δὲ
2779 5065 2861 5121 τήν
2897 5063 3171 5123 δημοσίων..
3192 5068 3546 5124 καταχωρηγεῖν
3581 5064 3693 5114 cod.
3724 5093 3784 5102 -

603 5136 658 5179 13
691 5129 899 5192 .οὗδὲν]
916 5130 1044 5179 οὐθὲν
1082 5129 1133 5177 h.
1153 5129 1185 5178 Ι.
1206 5129 1373 5179 codex.
1391 5154 1455 5167 -
1479 5135 1553 5180 1⁴.
1574 5130 1769 5194 ἀπεκ.]
1788 5132 1927 5180 ἀποκ.
1945 5129 2127 5190 codex3
2147 5143 2257 5180 mox
2279 5131 2511 5181 ἐλάττωνα
2529 5131 2595 5182 id.
2617 5159 2672 5169 -—
2699 5139 2769 5183 15.
2792 5133 3049 5189 κατέπλη
3065 5132 3152 5197 σε]
3179 5129 3388 5182 ὠστίαν..
3409 5133 3625 5184 ἐπίνεον..
3651 5137 3781 5186 κατί-

596 5215 749 5250 παυσε
768 5200 935 5250 codex.
951 5225 1015 5237 —
1037 5206 1110 5250 ld.
1132 5200 1638 5265 ἐπιστρεφόμενος]
1658 5201 1971 5263 ἐπιτρέποντος
1990 5197 2098 5247 cod.
