4016 5916
548 425 657 478 106

538 536 698 617 εἶναι,
727 540 815 601 καὶ
839 539 990 598 ὁσίων
1019 538 1110 598 καὶ
1137 540 1286 618 ἱερῶν
1330 536 1580 615 ἐξηγητὰς
1603 544 1709 603 τοῖς
1738 535 1913 601 ἄλλοις
1936 536 2086 592 πολί·

540 653 654 694 ταις
673 673 690 706 ,
738 627 914 707 ὥσπερ
945 628 1013 692 εἰς
1040 624 1151 684 ἴσον
1208 623 1497 695 κατέστησε
1516 670 1530 695 ,
1566 622 1684 701 δόξῃ
1718 622 1811 700 μὲν
1843 625 2090 701 εὖπατρι·

539 718 662 793 δῶν,
691 715 843 795 χρεία
878 713 932 773 δὲ
964 712 1267 793 γεωμόρων,
1299 711 1484 783 πλήθει
1517 709 1571 770 δὲ
1621 714 1724 769 τῶν
1765 712 2090 790 δημιουργῶν

539 806 809 883 ὑπερέχειν
839 801 1144 861 δοκούντων.
1225 798 1352 860 εὈτι
1381 799 1433 857 δὲ
1464 801 1665 878 πρῶτος
1695 797 1937 857 ἀπέκλινε
1964 797 2091 877 πρὸς

537 891 625 949 τὸν
647 891 823 970 ὄχλον,
856 892 925 955 ὣς
948 887 1301 968 Ἀριστοτέλης
1327 886 1483 965 φησὶ,
1507 885 1596 944 καὶ
1617 888 1786 968 ἀφῆκε
1807 884 1867 943 τὸ
1890 907 2090 966 μοναρ·

539 979 676 1059 χεῖν,
708 970 841 1036 ἔοικε
878 982 1156 1054 μαρτυρεῖν
1190 974 1280 1032 καὶ
1300 972 1544 1053 εΌμηρος
1571 976 1623 1031 ἐν
1657 976 1785 1031 νεῶν
1809 971 2087 1053 καταλόγῳ

543 1065 725 1144 μόνους
743 1063 1035 1136 Ἀθηναίους
1060 1063 1224 1139 δῆμον
1245 1059 1689 1141 προσαγορεύσας.

617 1158 684 1213 V.
741 1152 1112 1226 Hermann.§
1160 1171 1231 1225 97
1260 1172 1276 1221 3
1308 1152 1659 1207 Schoemann.
1700 1151 1740 1205 l.
1790 1151 1829 1204 l.
1876 1169 1938 1224 p.
1978 1149 2082 1215 164

538 1260 652 1316 sq„
698 1254 755 1298 et
810 1243 897 1297 De
951 1241 1192 1295 comitiis
1238 1241 1360 1296 init.
1393 1240 1476 1295 Cf.
1530 1237 1855 1294 Heraclides
1908 1240 2075 1293 Pont.

539 1331 607 1385 fr.
648 1349 697 1399 1,
734 1350 783 1384 1.

617 1420 698 1473 De
730 1431 835 1472 avo
864 1415 1059 1471 Thesei
1099 1414 1319 1469 Pittheo
1354 1432 1410 1468 v.
1438 1412 1510 1470 fr.
1541 1413 1636 1487 96.
1668 1413 1903 1468 Photius
1942 1415 2082 1469 Lex.

535 1525 590 1578 p.
621 1523 750 1579 192,
777 1503 844 1558 13
871 1522 926 1558 v,
960 1499 1317 1559 Κυσολάκωνε
1350 1498 1592 1578 Μελαίνῃ
1614 1496 1833 1576 (Ἑλένῃ
1861 1519 2082 1556 correx.
2107 1550 2113 1555 .

535 1591 839 1647 Ruhnken.
870 1591 930 1645 in
950 1594 1112 1646 Auct.
1147 1588 1227 1644 ad
1257 1587 1495 1661 Hesych.
1523 1584 1540 1662 )
1570 1583 1671 1664 γὰρ
1701 1583 1909 1655 Θησεὺς
1927 1584 2088 1651 οὕτως

537 1679 646 1755 (sc.
683 1690 946 1751 tanquam
975 1675 1261 1753 παιδικοῖς)
1296 1671 1588 1753 ἐχρήσατο,
1614 1676 1681 1739 ὡς
1706 1672 2081 1752 Ἀριστοτέλης.

533 1772 742 1824 Verum
776 1765 855 1822 ibi
880 1777 949 1820 ex
972 1764 1249 1837 Hesychio
1276 1782 1332 1818 v.
1365 1759 1686 1820 Κυσολάκων
1715 1780 1826 1836 pro
1857 1760 2088 1840 Ἀριστο-

532 1851 684 1923 τέλης
713 1852 1106 1926 reponendum
1135 1847 1494 1928 Ἀρίσταρχος,
1520 1864 1786 1915 monente
1808 1852 2086 1907 Ruhnke-

536 1942 634 1994 nio
655 1941 695 1994 l.
726 1940 761 1994 l.
781 1965 859 1980 —-
884 1939 1053 1994 Codri
1079 1939 1403 1994 Aristoteles
1416 1938 1592 1993 verbo
1615 1938 1938 1993 meminitin
1960 1938 2081 1994 Pol.

535 2029 605 2095 V,
629 2026 693 2097 8,
725 2033 781 2102 1.,
805 2027 903 2082 ubi
923 2027 1000 2081 ait
1027 2045 1040 2079 z
1063 2025 1153 2080 Ad
1174 2027 1382 2100 regiam
1408 2025 1736 2099 dignitatem
1755 2027 1932 2081 evecti
1958 2038 2085 2082 sunt

534 2116 582 2171 οἱ
635 2112 729 2189 μὲν
769 2109 904 2171 κατὰ
950 2112 1179 2190 πόλεμον
1227 2109 1552 2178 κωλύσαντες
1594 2109 1868 2184 δουλεύειν,
1909 2109 2085 2193 ὥσπερ

537 2198 749 2283 Κόδρος.

1278 2329 1332 2384 3.

601 2493 871 2553 Schol.in
892 2496 1109 2551 Platon.
1141 2493 1378 2549 Axioch.
1404 2512 1461 2566 p.
1492 2490 1601 2557 465
1634 2492 1788 2547 Bekk
1813 2511 1826 2546 ε
1851 2491 2082 2571 Ἀριστο-
2154 2542 2158 2555 ,

527 2582 680 2655 τέλης
709 2579 868 2661 φησὶ,
911 2584 1002 2639 τοῦ
1038 2577 1162 2637 ὅλου
1195 2578 1423 2648 πλήθους
1458 2576 1765 2657 διῃρημένου
1796 2577 2082 2650 Ἀθήνησιν

530 2667 601 2736 εἴς
629 2692 686 2725 τε
710 2666 823 2733 τοὺς
852 2665 1106 2744 γεωργοὺς
1144 2662 1372 2730 καὶτοὺς
1401 2662 1737 2743 δημιουργοὺς
1754 2708 1769 2735 ,
1796 2664 1960 2744 φυλὰς
1987 2668 2081 2725 αὖ·

532 2758 635 2813 τῶν
658 2744 789 2813 εἶναι
804 2753 1081 2833 τέσσαρας,
1106 2754 1209 2810 τῶν
1233 2748 1288 2808 δὲ
1308 2751 1480 2830 φυλῶν
1504 2750 1728 2821 ἑκάστης
1750 2750 1932 2831 μοίρας
1951 2741 2085 2810 εἶναι

531 2848 699 2920 τρεῖς,
752 2837 811 2905 ἃς
856 2838 1094 2919 τριττύας
1146 2860 1203 2895 τε
1244 2838 1460 2895 καλοῦσι
1508 2836 1599 2895 καὶ
1627 2836 1876 2917 φρατρίας
1896 2881 1912 2909 ,
1952 2838 2082 2898 ἑκά-

535 2951 659 3000 στης
688 2925 742 2986 δὲ
781 2922 976 2985 τούτων
1004 2924 1281 3007 τριάκοντα
1310 2914 1440 2982 εἶναι
1465 2922 1617 3002 γένη,
1662 2923 1721 2983 τὸ
1763 2922 1815 2982 δὲ
1843 2923 1986 3002 γένος
2024 2929 2083 2987 ἐκ

527 3014 805 3093 τριάκοντα
835 3010 1053 3072 ἕκαστον
1074 3014 1271 3092 ἀνδρῶν
1288 3012 1609 3070 συνεστάναι.
1630 3010 1859 3078 Τούτους
1886 3011 1949 3085 δὴ
1967 3014 2083 3082 τοὺς

526 3104 597 3168 εἷς
618 3099 682 3158 τὰ
703 3098 826 3178 γένη
856 3099 1197 3178 τεταγμένους
1213 3097 1460 3176 γεννήτας
1494 3100 1761 3158 καλοῦσιν.

613 3186 706 3255 Εἷς
734 3211 788 3246 τε
823 3186 941 3253 τοὺς
963 3187 1220 3265 γεωργοὺς
1249 3185 1480 3253 καὶτοὺς
1515 3188 1682 3266 δημ.]
1715 3193 1862 3249 Num
1904 3196 1963 3249 in
1997 3194 2084 3249 his

528 3295 659 3332 vere
683 3270 1034 3333 Aristotelica
1057 3278 1346 3333 scholiasta
1367 3276 1588 3333 dederit
1625 3296 1828 3349 necne,
1853 3280 2082 3340 difficile

525 3376 606 3420 est
627 3364 958 3437 dijudicata.
981 3366 1174 3421 Putari
1203 3367 1351 3422 enim
1379 3367 1550 3442 possit
1580 3384 1911 3424 memorasse
1949 3369 2071 3424 Ari·

520 3453 776 3508 stotelem
798 3454 988 3527 potius
1013 3462 1123 3508 tres
1134 3454 1335 3528 populi
1363 3452 1589 3509 ordines
1610 3456 2067 3527 Eupatridarum,

522 3541 938 3596 Geomororum
953 3541 1471 3615 etDemiurgorum‚
1491 3540 1560 3595 de
1577 3542 1782 3615 quihus
1791 3544 2070 3599 Plutarch.

523 3627 684 3680 Thes.
713 3645 763 3680 c.
799 3625 870 3682 25
905 3625 1007 3700 (fr.
1039 3626 1123 3696 α),
1151 3639 1206 3682 et
1234 3628 1435 3682 Pollux
1461 3629 1625 3697 VIII,
1661 3648 1720 3683 11
1741 3648 1762 3684 ι
1799 3650 1813 3684 :
1846 3626 1986 3706 Τρία
2017 3625 2072 3686 δὲ

522 3700 585 3781 ἦν
613 3709 680 3767 τὰ
711 3711 827 3782 ἔθνη
856 3711 1051 3783 πάλαι,
1084 3712 1408 3793 Εὗπατρίδαι
1431 3756 1448 3788 ,
1478 3713 1523 3771 Γ
1525 3714 1770 3793 εωμόροι,
1801 3720 2065 3793 Δημιουρ-

520 3796 622 3875 γοί.
649 3803 716 3857 V.
733 3802 1083 3857 Schoemann.
1115 3805 1200 3858 De
1221 3803 1437 3860 comitt.
1461 3802 1661 3859 Athen.
1680 3823 1737 3878 p.
1763 3806 1867 3874 IV;
1891 3808 2070 3881 Ilgen.

523 3888 611 3942 De
640 3887 765 3943 trib.
809 3888 938 3943 Ath.
968 3907 1031 3961 p.
1063 3887 1167 3956 623
1198 3891 1505 3944 Hermann.
1542 3888 1578 3947 l.
1606 3890 1643 3945 l.
1674 3890 1708 3965 S
1736 3889 1851 3965 98,
1880 3889 1947 3960 8,
1981 3893 2073 3946 cui

519 3986 671 4029 recte
698 3993 755 4030 se
771 3975 980 4031 habere
1009 3974 1182 4030 verba
1203 3977 1508 4031 scholiastae
1529 3976 1825 4048 videntur-3
1870 3978 2068 4034 Schoe-

517 4080 706 4116 mann.
736 4063 967 4136 Antiqq.
994 4081 1053 4136 p.
1086 4061 1193 4117 166
1213 4082 1338 4136 sqq.

518 4225 759 4275 incondita
782 4225 1006 4276 evaderet
1029 4229 1078 4276 et
1099 4228 1297 4278 confusa
1312 4265 1327 4290 ,
1355 4227 1440 4278 sed
1469 4229 1653 4290 primus
1676 4229 1901 4280 discrevit
1930 4243 2066 4281 seor-

514 4313 623 4351 sum
652 4301 905 4366 patricios,
943 4302 1172 4366 agricolas
1207 4307 1257 4355 et
1276 4303 1483 4367 opifices.
1511 4307 1670 4368 Atque
1686 4319 1836 4368 quum
1860 4306 2070 4370 patriciis

511 4395 591 4443 Jns
620 4382 925 4433 concessisset
963 4396 1040 4433 res
1074 4383 1262 4435 divinas
1300 4384 1637 4447 cognoscendi,
1676 4386 1979 4448 magistratus
2003 4399 2067 4436 ex

514 4474 603 4510 suo
623 4461 789 4511 ordine
812 4461 1033 4525 creandi,
1058 4464 1107 4513 et
1131 4466 1186 4513 ut
1208 4463 1333 4526 leges
1354 4463 1604 4525 docerent,
1625 4476 1759 4514 sacra
1775 4467 1825 4515 et
1843 4465 2066 4516 cau-imo-

515 4538 618 4589 ntus
641 4539 834 4600 reliquis
851 4539 1039 4590 civibus
1062 4540 1508 4605 interpretarentur,
1531 4544 1667 4606 quasi
1686 4543 1744 4593 ad
1762 4545 2064 4608 aequahilita·

513 4617 612 4664 tem
633 4615 879 4665 constituit
906 4618 1283 4681 rempublicam,
1311 4620 1442 4683 quod
1476 4620 1704 4684 dignitate
1726 4622 1938 4685 patricii,
1963 4623 2062 4673 uti-

516 4691 653 4740 litate
687 4692 934 4754 agricolae,
972 4694 1179 4745 artifices
1221 4709 1423 4746 numero
1457 4697 1734 4748 viderentur
1772 4701 2061 4762 proecellere.

513 4770 636 4817 Nam
658 4780 769 4816 eum
793 4768 1001 4829 primum
1024 4769 1166 4822 tuis—e
1185 4772 1234 4821 in
1259 4772 1445 4835 plebem
1460 4812 1474 4837 ,
1513 4777 1570 4825 ut
1596 4779 1764 4825 auctor
1787 4779 1858 4826 est
1875 4777 2062 4829 Aristo·

515 4845 632 4895 teles
650 4882 665 4908 ,
695 4858 982 4908 propensum
1018 4850 1067 4898 et
1102 4848 1401 4902 dominatum
1435 4854 1735 4918 deposuisse,
1775 4856 1938 4907 testari
1964 4861 2062 4907 Ho-

514 4934 701 4971 merum
719 4936 912 4986 qnoque
935 4922 985 4973 in
1005 4927 1208 4978 Navium
1232 4931 1458 4995 catalogo
1478 4931 1496 4993 (
1513 4947 1559 4982 v.
1585 4938 1671 4983 547
1684 4933 1703 4996 )
1730 4937 1955 5000 apparet,
1979 4938 2061 4999 qui

513 5001 643 5051 solos
670 5001 976 5053 Athenienses
993 5007 1226 5067 populum
1247 5013 1407 5060 vocat.

1608 407 2113 468 ARISTOTELIS
2156 407 2649 467 FRAGMENTA.

2251 538 2335 591 De
2365 538 2563 591 ceteris
2592 535 2743 592 conf.
2764 537 2964 590 Pollux
2993 538 3159 605 vul,
3198 556 3219 591 1
3238 555 3257 591 1
3277 555 3298 591 1
3338 556 3352 591 ε
3383 533 3517 596 Ὅτε
3549 537 3725 613 μέντοι

2171 619 2409 700 τέτταρες
2431 612 2564 692 ἦσαν
2587 624 2640 678 αἳ
2657 620 2843 700 φυλαὶ,
2865 622 2933 687 εἰς
2955 619 3071 698 τρία
3099 620 3235 700 μέρη
3265 622 3462 696 ἑκάστη
3486 624 3720 705 διῄρητο,

2170 707 2258 765 καὶ
2288 706 2346 765 τὸ
2371 707 2528 786 μέρος
2556 712 2706 766 τοῦτο
2723 709 2955 766 ἐκαλεῖτο
2975 705 3176 788 τριττὺς
3195 707 3286 766 καὶ
3314 711 3449 775 ἔθνος
3476 711 3567 769 καὶ
3590 734 3725 793 <ppet-

2171 794 2307 874 τρία·
2325 793 2547 853 ἑκάστου
2576 794 2630 853 δὲ
2659 794 2829 862 ἔθνους
2856 794 2978 872 γένη
3004 794 3286 875 τριάκοντα
3319 794 3372 865 ἐξ
3397 797 3595 876 ἀνδρῶν
3630 823 3717 859 το-

2172 883 2394 954 σούτων,
2414 882 2448 940 ἃ
2469 884 2703 941 ἐκαλεῖτο
2729 884 3007 963 τριακάδες
3028 885 3095 959 (v
3118 882 3475 943 Schoemann.
3498 892 3632 947 Ant.
3658 911 3718 964 p.

2175 991 2286 1048 209
2316 970 2356 1045 J.
2392 968 2501 1030 Καὶ
2539 973 2586 1029 οἱ
2636 969 2941 1050 μετέχοντες
2984 975 3074 1028 τοῦ
3113 969 3311 1047 γένους,
3348 977 3589 1050 γεννῆται
3631 976 3724 1033 καὶ

2168 1056 2537 1133 ὁμογάλακτες,
2555 1056 2688 1136 γένει
2709 1055 2803 1134 μὲν
2826 1061 2884 1115 οὐ
2909 1056 3282 1137 προσήκοντες,
3303 1060 3361 1117 ἐκ
3386 1058 3441 1117 δὲ
3462 1064 3555 1132 τῆς
3571 1064 3723 1121 συνό·

2172 1145 2262 1202 δου
2288 1144 2423 1203 οὕτω
2449 1143 2964 1225 προσαγορευόμενοι.
2989 1148 3038 1205 Τ
3042 1144 3126 1224 ρία
3152 1143 3205 1204 δὲ
3223 1136 3288 1218 ἦν
3307 1144 3371 1204 τὰ
3393 1145 3511 1219 ἔθνη
3535 1149 3723 1222 πάλαι,

2169 1233 2498 1313 εὐπατρίδαι,
2528 1233 2817 1313 γεωμόροι,
2839 1232 3160 1314 δημιουργοί.

2248 1323 2665 1397 Harpocration
2697 1341 2710 1378 ε
2740 1323 2785 1381 Γ
2787 1324 2993 1392 εννῆται
3019 1322 3067 1378 οἱ
3098 1324 3189 1378 τοῦ
3227 1321 3384 1379 αὐτοῦ
3403 1322 3576 1399 γένους
3603 1345 3723 1382 κοι-

2169 1412 2465 1473 νωνοῦντες·
2487 1405 2810 1488 διῃρημένων
2829 1404 2930 1488 γὰρ
2953 1405 3196 1466 ἁπάντων
3214 1410 3317 1465 τῶν
3339 1409 3563 1468 πολιτῶν
3583 1410 3724 1469 κατὰ

2172 1493 2303 1573 μέρη
2324 1538 2339 1565 ,
2364 1493 2431 1553 τὰ
2451 1492 2546 1571 μὲν
2575 1497 2758 1575 πρῶτα
2782 1495 2871 1554 καὶ
2894 1494 3114 1573 μέγιστα
3151 1493 3286 1576 μέρη
3317 1497 3594 1557 ἐκαλοῦντο
3622 1523 3720 1579 φυ-

2168 1583 2284 1653 λαὶ,
2307 1581 2507 1654 ἑκάστη
2528 1581 2582 1641 δὲ
2619 1581 2756 1664 φυλὴ
2777 1587 2932 1664 τριχῇ
2953 1582 3194 1665 διῄρητο,
3218 1582 3308 1642 καὶ
3332 1585 3566 1644 ἐκαλεῖτο
3595 1586 3715 1645 ἕκα-

2170 1691 2288 1727 στον
2314 1667 2467 1749 μέρος
2489 1668 2686 1728 τούτων
2714 1670 2915 1749 τριττὺς
2941 1670 3031 1728 καὶ
3057 1670 3282 1751 φρατρία
3300 1717 3315 1742 ,
3336 1673 3492 1730 πάλιν
3530 1674 3584 1733 δὲ
3613 1678 3721 1732 τῶν

2168 1759 2427 1836 φρατριῶν
2447 1756 2642 1830 ἑκάστη
2667 1756 2881 1837 διῄρητο
2911 1759 2982 1824 εἰς
3008 1756 3132 1836 γένη
3154 1759 3223 1829 λ’,
3247 1757 3297 1827 ἐξ
3324 1749 3397 1817 ὧν
3427 1762 3480 1818 αἱ
3500 1762 3689 1841 ἷερωσύ
3705 1797 3721 1806 ·

2168 1866 2252 1901 ναι
2295 1846 2351 1902 αἱ
2381 1843 2614 1910 ἑκάστοις
2649 1844 3011 1926 προσήκουσαι
3056 1846 3386 1925 ἐκληροῦντο.
3474 1846 3631 1907 Ἔστι
3664 1850 3723 1908 δὲ

2166 1928 2312 2009 παρὰ
2342 1930 2547 1996 πολλοῖς
2572 1933 2673 2013 τῶν
2705 1931 2934 2013 ῥητόρων
2963 1931 3210 2010 τοῦνομα,
3236 1936 3307 2000 ὡς
3327 1932 3417 1992 καὶ
3445 1937 3722 2012 Δημοσθέ-

2164 2040 2254 2088 νης
2276 2019 2327 2075 ἐν
2349 2021 2414 2097 τῇ
2439 2016 2564 2096 πρὸς
2584 2018 2906 2092 Εὗὸουλίδην
2927 2020 3096 2102 ἐφέσει
3123 2022 3177 2100 (§
3200 2018 3338 2099 67).
3371 2021 3559 2089 Ἰσαῖος
3588 2024 3634 2081 δ’
3664 2028 3721 2082 ἐν

2166 2108 2243 2186 τῷ
2283 2104 2404 2186 περὶ
2453 2110 2543 2164 τοῦ
2571 2104 2957 2189 Ἀπολλοδώρου
2991 2107 3184 2190 κλήρου
3226 2110 3244 2187 (
3266 2111 3298 2185 §
3331 2110 3419 2170 13.
3467 2111 3556 2171 15.
3611 2134 3677 2186 17
3702 2113 3718 2189 )

2166 2184 2281 2259 roll<
2317 2200 2576 2271 συγγενεῖς
2623 2195 2871 2273 γεννήτας
2913 2195 3210 2273 ὠνόμασεν·
3244 2199 3340 2276 οὐχ
3380 2200 3430 2255 οἱ
3460 2205 3723 2278 συγγενεῖς

2168 2279 2342 2357 μέντοι
2370 2282 2548 2350 ἅπλῶς
2577 2282 2666 2341 καὶ
2695 2286 2741 2342 οἱ
2765 2283 2817 2352 ἐξ
2842 2282 3062 2362 αἵματος
3085 2284 3330 2365 γεννῆταί
3356 2310 3413 2345 τε
3437 2288 3522 2346 καὶ
3543 2290 3602 2346 ἐκ
3627 2296 3721 2348 τοῦ

2167 2372 2321 2428 αὐτοῦ
2342 2367 2517 2449 γένους
2538 2373 2844 2452 ἐκαλοῦντο,
2869 2373 2985 2433 ἀλλ’
3015 2377 3062 2433 οἱ
3083 2373 3133 2443 ἐξ
3155 2377 3322 2454 ἀρχῆς
3337 2377 3409 2441 εἷς
3429 2374 3495 2433 τὰ
3524 2377 3714 2437 καλού·

2167 2479 2297 2533 μενα
2341 2457 2462 2535 γένη
2490 2460 2947 2537 κατανεμηθέντες.
2975 2461 3266 2542 Φιλόχορος
3289 2461 3343 2520 δὲ
3368 2466 3419 2521 ἐν
3443 2467 3508 2544 τῇ
3537 2465 3583 2522 δ’
3614 2467 3719 2545 (fr.

2167 2565 2234 2620 91
2255 2544 2428 2626 lomi
2464 2545 2712 2628 πρότερον
2741 2547 3105 2627 ὁμογάλακτας
3138 2548 3482 2628 ὀνομάζεσθαι
3508 2549 3592 2619 οὓς
3627 2560 3719 2612 νῦν

2163 2631 2409 2710 γεννήτας
2431 2635 2698 2697 καλοῦσιν.

2918 2733 2971 2792 [ι.

2244 2864 2658 2937 Harpocration
2685 2882 2699 2922 :
2726 2865 2884 2943 Τριτ
2901 2862 3009 2930 τύς
3036 2864 3145 2922 ἐστι
3167 2862 3228 2923 τὸ
3248 2864 3416 2944 τρίτον
3436 2863 3588 2944 μέρος
3622 2869 3719 2938 τῆς
3751 2902 3759 2907 -

2164 2948 2354 3028 φυλῆς·
2390 2947 2525 3021 αὕτη
2552 2949 2654 3031 γὰρ
2680 2950 2922 3032 διῄρηται
2965 2954 3035 3020 εἷς
3056 2951 3175 3033 τρία
3206 2952 3366 3033 μέρη,
3390 2958 3589 3033 τριττῦς
3620 2956 3716 3015 καὶ

2162 3035 2283 3107 ἔθνη
2312 3037 2403 3094 καὶ
2429 3038 2680 3119 φρατρίας
2700 3084 2716 3114 ,
2739 3039 2809 3107 ὥς
2837 3063 2993 3120 φησιν
3022 3039 3372 3122 Ἀριστοτέλης
3394 3043 3447 3100 έν
3473 3044 3538 3121 τῇ
3563 3040 3717 3114 Ἀθη·

2163 3122 2319 3182 ναίων
2337 3123 2592 3205 πολιτεία.
2616 3127 2824 3184 Eadem
2850 3130 3099 3186 Photius.

2242 3377 2265 3455 [
2284 3380 2516 3435 Aristot.
2533 3377 2656 3435 Pol.
2672 3382 2754 3454 11,
2767 3401 2823 3456 9,
2844 3402 2882 3457 9
2910 3377 3227 3460 εΔράκοντος
3247 3378 3301 3438 δὲ
3318 3378 3470 3456 νόμοι
3482 3378 3576 3458 μέν
3593 3382 3715 3452 εἰσι,

2164 3462 2397 3545 πολιτείᾳ
2428 3465 2473 3521 δ’
2498 3463 2805 3546 ὑπαρχούσῃ
2829 3467 2947 3534 τοὺς
2976 3466 3164 3545 νόμους
3191 3466 3373 3539 ἔθηκεν
3390 3492 3404 3505 ·
3425 3467 3554 3527 ἴδιον
3575 3469 3622 3525 δ’
3658 3472 3714 3527 ἐν

2165 3559 2273 3619 τοῖς
2294 3551 2467 3628 νόμοις
2491 3551 2636 3611 οὗδέν
2657 3556 2794 3612 ἐστιν
2809 3552 2840 3612 ὅ
2851 3577 2901 3612 τι
2925 3554 3015 3613 καὶ
3037 3554 3215 3632 μνείας
3232 3553 3373 3623 ἄξιον
3391 3554 3529 3628 πλὴν
3552 3560 3585 3627 ἡ
3610 3577 3715 3634 χα-

2161 3636 2385 3710 λεπότης
2425 3636 2510 3696 διὰ
2548 3638 2609 3696 τὸ
2639 3643 2731 3711 τῆς
2769 3640 2966 3719 ζημίας
2991 3641 3220 3720 μέγεθος.
3266 3645 3527 3701 Ceterum
3562 3645 3714 3702 hunc

2162 3732 2350 3785 locum
2377 3730 2628 3803 spurium
2658 3748 2771 3785 esse
2798 3742 2949 3787 recte
2977 3742 3163 3788 censet
3178 3733 3551 3808 Goettlingius.
3575 3731 3600 3810 ]

2926 3857 2982 3917 5.

2242 3978 2401 4033 Idem
2459 3995 2474 4034 τ
2532 3973 2699 4035 Ἐπὶ
2747 3973 3123 4056 Παλλαδίῳ.
3181 3975 3527 4055 Δικαστήριόν
3572 3978 3711 4036 ἔστιν

2166 4060 2305 4121 οὕτω
2347 4062 2690 4140 καλούμενον,
2731 4064 2801 4128 ὡς
2840 4059 2930 4119 καὶ
2959 4061 3313 4141 Ἀριστοτέλης
3345 4067 3397 4122 ἐν
3426 4062 3713 4135 Ἀθηναίων

2158 4230 2315 4279 Attica
2338 4231 2387 4280 in
2409 4230 2615 4281 rusticos
2631 4232 2680 4280 et
2701 4229 2943 4292 operarios
2973 4229 3173 4280 divisam
3207 4244 3334 4293 esse;
3352 4231 3508 4281 trihus
3537 4244 3709 4282 eorum

2156 4319 2257 4357 esse
2289 4309 2519 4370 quattuor
2550 4307 2872 4370 (Geleontes,
2899 4306 3150 4370 Hopletes,
3176 4307 3491 4371 Argadenses,
3522 4309 3711 4371 AEgico-

2158 4387 2378 4450 renses);
2410 4386 2628 4438 tribuum
2669 4385 2963 4448 singularum
3008 4387 3170 4436 ternas
3216 4399 3317 4437 oese
3359 4389 3547 4450 partes,
3585 4402 3713 4451 quas

2155 4463 2360 4527 Trittyes
2381 4464 2483 4514 sive
2519 4461 2760 4512 phratrias
2785 4462 3047 4528 appellent,
3073 4463 3297 4526 phi-atriae
3334 4463 3713 4528 uniuscujusque

2154 4542 2318 4604 gentes
2361 4552 2465 4591 esse
2490 4539 2722 4601 tricenam
2741 4539 2950 4604 singulas
2975 4543 3139 4603 gentes
3169 4540 3385 4589 virorum
3412 4542 3711 4604 (patrumfa-

2154 4616 2333 4679 milias)
2369 4629 2473 4667 esse
2491 4616 2783 4667 tricenorum
2807 4633 2822 4679 ;
2840 4630 2922 4668 eos
2939 4619 3102 4668 autem
3125 4617 3211 4680 qui
3233 4617 3294 4666 ad
3313 4630 3457 4667 unam
3476 4617 3710 4668 eandem-

2154 4708 2249 4760 que
2264 4697 2453 4759 gentem
2474 4696 2769 4760 pertineant,
2793 4695 3021 4760 appellari
3051 4696 3286 4760 γεννήτας.

2213 4861 2392 4925 Trittys
2410 4859 2566 4911 tribus
2581 4861 2723 4911 tertia
2741 4873 2851 4924 pars
2872 4863 2969 4923 est3
2992 4873 3106 4910 nam
3118 4859 3274 4910 trihus
3291 4859 3340 4909 in
3361 4861 3458 4910 tres
3471 4858 3709 4909 dividitur

2152 4941 2333 5000 partes,
2363 4952 2482 5000 quas
2511 4938 2671 5001 trittys
2698 4938 2798 4988 sive
2821 4942 2984 5001 gentes
3007 4937 3109 4989 sive
3144 4935 3381 5000 phratrias
3402 4936 3600 4999 dicunt,
3632 4939 3708 4988 uti

2152 5017 2294 5066 tradit
2322 5016 2599 5070 Arisbtetes
2624 5017 2674 5066 in
2701 5017 2874 5069 Athen.
2904 5020 3020 5079 Rep.

575 5163 852 5215 Aristoteles
896 5166 1038 5230 dien,
1082 5167 1358 5222 universam
1393 5175 1555 5237 populi
1601 5178 1956 5230 multitudinem
2010 5179 2057 5231 in
2101 5185 2111 5236 t
2217 5180 2295 5231 Ad
2322 5180 2644 5232 Palladium.
2684 5180 2923 5232 Judicium
2956 5181 3027 5231 est
3050 5179 3122 5230 sic
3153 5182 3408 5241 vocatum,
3446 5176 3519 5228 nti
3553 5178 3711 5229 etiam
