4016 5916
394 311 507 360 222

1736 234 2215 345 fleuACLIDES

391 450 556 507 κτωρ,
581 426 671 493 τὰς
694 426 857 499 γαλᾶς
877 421 1078 481 δάκνειν
1104 417 1281 493 αὐτὸν,
1305 415 1396 475 καὶ
1419 414 1579 496 πέρας
1601 417 1945 493 διαποροῦντα
2033 433 2195 470 msnm
2222 430 2347 478 esse,
2367 417 2488 467 adeo
2517 417 2571 466 ut
2598 415 2791 466 tandem
2812 427 3025 464 animum
3048 413 3346 476 despondens
3378 414 3468 464 sibi
3502 414 3602 479 ipsi

392 514 573 575 ἑαυτὸν
601 515 819 573 ἀνελεῖν.

812 659 1019 721 XXXI.
1066 655 1527 716 XAAKMEQN.

472 799 788 881 Κατῴκισαν
815 797 868 855 δὲ
898 794 988 852 καὶ
1018 791 1264 860 Κλεωνὰς
1293 793 1576 858 Χαλκιδεῖς
1606 794 1658 851 ἐν
1686 794 1763 871 τῷ
1784 787 1948 871 Ἄθῳ,

318 895 329 907 ’
395 887 763 958 ἐξαναστάντες
786 884 836 952 ἐξ
869 882 1179 957 Ἐλυμνίου,
1204 884 1272 948 ὣς
1308 880 1400 955 μὲν
1437 880 1825 957 μυθολογοῦσιν,
1852 876 1951 935 ὑπὸ

394 981 556 1054 μυῶν,
581 973 631 1033 οἳ
651 973 715 1032 τά
741 973 787 1029 τ’
818 971 954 1030 ἄλλα
978 969 1256 1039 κατήσθιον
1286 971 1454 1027 αὐτῶν
1481 967 1571 1025 καὶ
1599 966 1684 1024 τὸν
1713 966 1945 1045 σίδηρον.

398 1062 460 1145 (a)
487 1063 663 1139 Νόμος
690 1061 742 1118 δὲ
774 1051 834 1131 ἦν
857 1058 1174 1119 Χαλκιδεῦσι
1200 1056 1273 1132 μὴ
1298 1054 1450 1135 ἄρξαι
1474 1052 1607 1132 μηδὲ
1632 1052 1953 1133 πρεσὸεῦσαι

395 1149 639 1230 νεώτερον
668 1150 797 1207 ἑτῶν
824 1144 1166 1215 πεντήκοντα.

754 1295 996 1355 XXXII.
1046 1289 1590 1351 ΚΕΦΑΛΑΗΝΩΝ.

478 1425 572 1498 ’Ἐν
604 1432 936 1516 Κεφαλληνία
962 1429 1280 1511 Προμνήσου
1308 1428 1413 1495 υἱὸς
1436 1427 1722 1506 ἐκράτησε,
1748 1426 1837 1485 καὶ
1859 1450 1952 1506 χα-

398 1525 553 1591 λεπὸς
582 1514 666 1596 ἦν,
702 1520 792 1581 καὶ
820 1519 998 1600 ἑορτὰς
1025 1518 1182 1577 πλέον
1219 1519 1357 1576 δυοῖν
1389 1517 1481 1575 οὐκ
1509 1514 1808 1596 ἐπέτρεπεν,
1844 1513 1954 1573 οὐδ’

399 1615 452 1671 ἐν
499 1611 647 1670 πόλει
688 1610 983 1667 διαιτᾶσθαι
1027 1604 1182 1664 πλέον
1231 1602 1430 1684 ἡμέρας
1475 1602 1600 1661 δέκα
1643 1608 1731 1660 τοῦ
1777 1600 1952 1679 μηνός.

403 1699 471 1779 (2)
499 1697 610 1765 Τάς
632 1720 687 1755 τε
716 1695 869 1775 κόρας
893 1693 993 1768 πρὸ
1012 1698 1099 1751 τοῦ
1118 1690 1465 1769 γαμίσκεσθαι
1492 1689 1642 1757 αὐτὸς
1662 1688 1955 1765 ἐγίνωσκεν.

400 1785 658 1864 Ἀντήνωρ
694 1782 748 1842 δὲ
789 1780 967 1841 λαὸὼν
1019 1778 1231 1860 ξιφίδιον
1271 1779 1362 1838 καὶ
1397 1777 1693 1856 γυναικείαν
1735 1781 1956 1848 ἐσθῆτα,

401 1871 742 1949 ἐνδυσάμενος
788 1872 857 1935 εἷς
902 1866 995 1939 τὴν
1045 1866 1221 1940 κοίτην
1265 1865 1561 1924 ἀπέκτεινε·
1597 1864 1688 1924 καὶ
1734 1869 1761 1923 ὃ
1798 1865 1959 1940 δῆμος

402 1959 553 2019 αὐτὸν
594 1956 836 2034 ἐτίμησε·
863 1954 951 2014 καὶ
986 1954 1220 2034 ἡγεμόνα
1257 1951 1578 2026 κατέστησε·
1602 1950 1690 2010 καὶ
1727 1955 1760 2021 ἡ
1800 1951 1956 2031 κόρη,

399 2044 528 2125 ὖπὲρ
557 2037 620 2116 ἧς
645 2043 796 2110 αὐτὸς
820 2044 981 2122 εἰσῄει
1000 2089 1016 2119 ,
1047 2040 1289 2112 ἐπικλεὴς
1311 2040 1529 2121 ἐγένετο.

479 2152 521 2190 a.
570 2135 924 2211 Μαρτυρεῖται
948 2127 1001 2188 δὲ
1026 2128 1116 2188 καὶ
1136 2131 1194 2187 ἐκ
1210 2127 1503 2208 Τυρρηνίας
1530 2128 1772 2204 Ὅμηρος
1790 2148 1956 2205 παρα·

398 2217 578 2277 6αλεῖν
627 2221 697 2285 εἰς
744 2216 1112 2297 Κεφαλληνίαν
1160 2215 1251 2276 καὶ
1280 2214 1521 2286 Ἰθάκην,
1573 2213 1656 2272 ὅτε
1700 2212 1790 2271 καὶ
1841 2211 1957 2278 τοὺς

398 2304 690 2387 ὀφθαλμοὺς
715 2304 921 2385 λέγεται
950 2306 1295 2383 διαφθαρῆναι
1317 2301 1560 2373 νοσήσας.

864 2454 1134 2514 ΧΧΧΙῙῙ.
1184 2452 1484 2512 ΡΟΔΙΩΝ.

481 2592 662 2654 Ῥόδον
705 2592 799 2664 τὴν
846 2596 1000 2662 νῆσον
1033 2590 1090 2648 τὸ
1128 2589 1350 2648 παλαιὸν
1396 2587 1679 2669 κεκρύφθαι
1723 2587 1956 2665 λέγουσιν

399 2681 499 2740 ὑπὸ
526 2685 619 2750 τῆς
646 2678 944 2749 θαλάσσης,
978 2670 1305 2751 ἀναφανῆναι
1334 2674 1387 2733 δὲ
1431 2677 1643 2755 ὕστερον
1691 2672 1960 2751 ξηρανθεῖ-

400 2790 517 2829 σαν.
545 2768 822 2827 Ἐκαλεῖτο
849 2764 904 2822 δὲ
928 2764 1245 2844 Ὀφιοῦσσα,
1275 2760 1361 2819 διὰ
1388 2761 1447 2819 τὸ
1477 2765 1670 2834 πλῆθος
1698 2763 1799 2818 τῶν
1822 2760 1960 2819 ἐνόν-

399 2878 500 2912 των
530 2852 712 2912 ὄφεων.

840 2984 1109 3044 XXXlV.
1157 2984 1523 3045 ΕΦΕΣΙΩΝ.

480 3115 706 3195 Ἔφεσον
746 3111 1002 3187 κληθῆναί
1038 3137 1193 3194 φασιν
1229 3113 1333 3173 ἀπὸ
1371 3123 1494 3190 μιᾶς
1520 3116 1622 3173 τῶν
1649 3113 1959 3191 Ἀμαζόνων·

401 3206 449 3262 οἱ
490 3203 544 3262 δὲ
576 3202 679 3261 ἀπὸ
716 3207 806 3261 τοῦ
848 3201 932 3260 τὸν
979 3200 1247 3280 Ἡρακλέα
1292 3202 1405 3267 ταῖς
1452 3200 1725 3276 Ἀμαζόσιν
1766 3204 1960 3283 ἐφεῖναι

399 3289 465 3350 τὰ
490 3290 597 3349 ἀπὸ
629 3289 882 3361 Μυκάλης
905 3287 999 3355 ἕως
1024 3287 1276 3359 Πιτάνης.

399 3460 492 3510 cbo
512 3459 705 3521 (Timol.
721 3459 785 3519 ο).
808 3461 854 3508 ls
863 3470 981 3505 num
996 3456 1122 3506 idem
1145 3455 1207 3505 slt
1221 3468 1333 3504 cum
1352 3456 1518 3504 nostro
1528 3467 1623 3504 non
1636 3455 1788 3518 magis
1807 3456 1960 3519 liquet

398 3541 545 3592 quam
555 3542 652 3592 quo
666 3527 932 3590 pertineant
947 3527 1036 3575 ista
1052 3540 1063 3573 ε
1082 3526 1358 3587 ἐπιορκήσας
1380 3525 1459 3574 τὸν
1473 3529 1567 3574 τῶν
1582 3526 1832 3588 Κορινθίων
1849 3527 1959 3576 aad·

398 3598 702 3662 φυγεστόλον.
721 3597 943 3647 Attamen
961 3599 1112 3658 'quum
1130 3595 1436 3644 Locrensium
1463 3608 1535 3644 res
1555 3608 1665 3644 cum
1691 3595 1831 3644 rebus
1856 3597 1959 3645 Dio-

397 3668 523 3732 nysii
532 3670 639 3718 tum
652 3667 962 3716 senioristum
977 3665 1181 3728 junioris
1193 3666 1327 3715 arcte
1340 3667 1608 3726 conjunctae
1618 3669 1792 3728 essent,
1812 3664 1956 3715 etiam

399 3738 756 3789 Corinthiorum
800 3738 958 3799 partes
996 3737 1045 3784 in
1081 3735 1138 3785 iis
1167 3735 1399 3798 quasdam
1427 3736 1573 3785 fuisse
1598 3747 1628 3785 a
1658 3736 1761 3784 veri
1800 3738 1957 3797 specie

396 3822 495 3858 non
519 3807 761 3858 abhorret.
783 3807 1124 3869 cognationem
1150 3819 1295 3867 quam
1324 3808 1583 3855 Locrenses
1600 3817 1712 3854 cuni
1735 3805 1956 3868 Dionysio

398 3879 765 3939 contraxerant,
794 3877 1138 3939 rempublicam
1166 3889 1335 3925 eorum
1356 3875 1617 3938 perdidisse
1648 3878 1812 3926 monet
1846 3878 1954 3925 Ari—

397 3949 591 3998 stoteles
625 3951 688 4009 V,
715 3955 772 4009 6,
796 3952 822 3998 7
851 3948 941 4006 (fr.
971 3947 1108 4009 231).
1144 3950 1211 3995 De
1234 3945 1442 4008 Dionysii
1462 3946 1665 4007 junioris
1687 3946 1737 3994 in
1756 3950 1958 3996 Locren·

396 4031 472 4068 ses
489 4019 713 4069 mulieres
730 4016 1023 4067 contumelia
1043 4028 1091 4064 v.
1109 4016 1369 4065 Clearchus
1386 4028 1462 4077 ap.
1486 4017 1657 4065 Athen.
1678 4030 1727 4077 p.
1757 4020 1865 4078 541,
1886 4020 1923 4065 C
1943 4055 1957 4079 ,

397 4089 569 4140 AElian.
607 4091 697 4146 lx,
731 4093 778 4137 8.
814 4089 1042 4137 Ceterum
1082 4085 1301 4135 mustelae
1336 4087 1486 4135 nostri
1518 4085 1611 4135 loci
1634 4087 1845 4134 incausa
1865 4086 1964 4136 fue-

398 4160 511 4207 runt
536 4170 622 4206 cur
651 4157 1016 4219 sublungeretur
1034 4154 1203 4206 similis
1222 4155 1433 4204 narratio
1454 4155 1515 4206 de
1539 4155 1754 4204 muribus
1775 4156 1962 4205 Chalci-

399 4226 636 4277 densium.
666 4252 732 4264 -
763 4224 923 4291 πὲρας]
967 4228 1084 4282 AG}
1123 4225 1250 4281 τέλος
1296 4223 1483 4287 reliqui.
1531 4249 1597 4262 -
1638 4225 1963 4289 διαποροῦντα]

398 4295 659 4358 ἀποροῦντα
687 4297 739 4345 0.

458 4366 633 4414 xxxi.
669 4362 930 4428 Χαλκιδ]
952 4367 1029 4427 Pp
1038 4376 1059 4420 ,·
1078 4375 1178 4413 om.
1194 4363 1307 4412 cett.
1326 4362 1479 4412 Etiam
1500 4363 1547 4411 in
1571 4376 1705 4425 seqq.
1730 4375 1883 4425 usqne
1901 4364 1962 4413 ad

400 4433 456 4481 l‘r.
485 4437 539 4483 37
563 4434 611 4482 in
632 4433 739 4482 cod.
772 4448 805 4484 α
822 4466 836 4488 ,
859 4447 1012 4496 usque
1032 4432 1093 4482 ad
1116 4433 1172 4482 l‘r.
1196 4437 1255 4482 38
1274 4432 1324 4481 in
1339 4433 1447 4481 cod.
1472 4433 1685 4482 btitulus
1697 4435 1769 4482 est
1783 4433 1959 4482 nullus,

397 4505 465 4550 Ac
485 4501 702 4552 similiter
729 4501 777 4551 in
809 4502 1005 4565 reliquis
1028 4501 1170 4551 codd.
1188 4536 1203 4562 ,
1236 4501 1307 4549 uti
1332 4501 1537 4551 videtur.
1565 4502 1698 4550 -ἐν
1728 4507 1796 4566 τῷ
1828 4502 1963 4567 Ἄθῳ]

397 4570 549 4628 ACd‚·
579 4574 622 4620 oi
647 4572 694 4621 ἐν
721 4575 788 4633 τῷ
813 4572 934 4634 Ἄθῳ
964 4572 1151 4634 reliqui.
1172 4597 1232 4607 —
1253 4571 1354 4628 ἐξ...
1380 4571 1733 4636 μυθολογοῦσιν]
1761 4574 1889 4623 AGP
1914 4577 1964 4622 et

398 4652 560 4701 margo
580 4652 633 4701 p.
650 4655 665 4698 3
682 4651 779 4688 om.
803 4639 987 4702 reliqui.
1010 4670 1069 4682 —
1087 4644 1158 4690 De
1175 4640 1371 4691 Cleonis
1391 4641 1439 4690 in
1461 4641 1585 4691 Atho
1608 4645 1773 4691 monte
1800 4654 1850 4690 v,
1878 4645 1960 4692 lle·

398 4708 554 4758 rodot.
582 4710 796 4769 V11‚22;
818 4709 1035 4771 Thucyd.
1062 4713 1149 4772 lv,
1181 4711 1486 4772 109;Strabo
1506 4714 1620 4772 vn,
1638 4724 1687 4774 p.
1719 4717 1826 4762 331.
1862 4712 1963 4775 Ely-

397 4778 583 4826 mnium
599 4815 613 4840 ,
642 4778 882 4839 Stephano
908 4780 1136 4841 Byzantio
1158 4782 1307 4842 toste,
1341 4783 1415 4831 est
1434 4787 1574 4840 νῆσος
1599 4782 1795 4839 Εὐὸοίας
1829 4785 1963 4833 πόλιν

398 4847 593 4909 ἔχουσα.
624 4846 922 4896 Callistratus
953 4860 1029 4908 ap.
1057 4850 1206 4899 schol.
1237 4851 1375 4901 Arist.
1401 4854 1508 4900 Pac.
1538 4857 1656 4902 1126
1683 4852 1799 4901 dicit
1818 4851 1962 4902 τόπον

400 4915 614 4972 Εὖὸοίας·
650 4916 723 4964 Cs-
745 4915 909 4976 steph,
932 4919 1071 4967 Thes.
1102 4931 1141 4969 s.
1181 4933 1228 4970 v.
1262 4921 1554 4984 Echymnia
1590 4922 1712 4972 inter
1743 4925 1960 4985 Strymo·

398 4999 508 5034 nem
545 4987 593 5034 et
622 4984 746 5035 Atho
787 4987 878 5035 sita
911 4990 1201 5038 memoratur
1235 5003 1311 5052 ap.
1356 4992 1530 5041 Melam
1572 4994 1644 5054 ll,
1675 4995 1745 5052 ll,
1773 4999 1830 5054 2,
1878 4993 1961 5042 ubi

398 5055 632 5120 corrigere
655 5054 957 5120 Elymnium
990 5063 1275 5110 censuerunt
1302 5061 1566 5111 Tzscbuck.
1592 5064 1642 5112 et
1674 5062 1854 5113 Berkel.
1902 5062 1965 5113 ad

2035 521 2233 558 manum
2263 505 2477 556 inferret.

2352 653 2509 716 XXX
2517 657 2563 714 1.
2611 651 3260 714 CHALCIDENSIUM.

2100 794 2427 845 condiderunt
2465 793 2612 842 etiam
2648 792 2850 843 Cleonas
2885 791 2936 839 in
2970 791 3095 840 Atho
3133 790 3491 854 Chalcidenses,
3510 792 3608 855 qui

2040 882 2260 945 Elymnio
2283 895 2313 931 a
2335 880 2557 931 muribus
2582 880 2654 942 (ut
2673 879 2833 929 fabula
2852 877 3014 942 babet)
3034 877 3157 940 pulsi
3182 879 3365 928 suntet
3388 879 3606 942 reliquas

2039 984 2205 1021 eorum
2233 983 2310 1020 res
2339 971 2389 1020 et
2419 970 2598 1018 serrum
2633 965 3011 1017 corrodentibus.
3035 964 3104 1030 (2)
3133 968 3234 1016 Lex
3261 968 3424 1016 autem
3464 967 3602 1030 apud

2041 1057 2376 1108 Chalcidenses
2410 1055 2539 1117 erat,
2568 1068 2629 1105 ne
2659 1054 2961 1117 magistratus
2992 1054 3070 1105 vel
3087 1053 3232 1118 legati
3255 1068 3453 1105 munere
3480 1055 3596 1105 siin-

2041 1149 2249 1209 geretur,
2274 1144 2360 1207 qui
2390 1144 2527 1194 annis
2547 1142 2891 1206 quinquaginta
2913 1142 3070 1191 minor
3094 1146 3235 1193 esset.

2375 1296 2612 1355 xxxn.
2663 1294 3250 1354 CEPHALLENUM.

2106 1446 2160 1491 ln
2192 1440 2496 1502 Cephallenia
2519 1438 2646 1489 filius
2672 1439 2911 1489 Promnesi
2942 1439 3186 1501 regnavit,
3221 1439 3378 1503 homo,
3399 1438 3610 1489 immifis

2042 1532 2091 1579 et
2111 1542 2265 1591 asper,
2281 1528 2364 1590 qui
2380 1527 2566 1577 civibus
2583 1526 2684 1577 suis
2703 1525 2888 1576 nonnisi
2910 1526 3009 1576 duo
3025 1514 3265 1576 'concessit
3284 1527 3401 1576 festa
3413 1564 3427 1589 ,
3443 1540 3610 1590 neque

2044 1618 2093 1666 in
2117 1616 2237 1666 urbe
2254 1614 2424 1678 degere
2444 1627 2640 1677 quoque
2658 1627 2819 1664 mense
2844 1614 2971 1663 ultra
2989 1613 3092 1663 dies
3112 1612 3296 1665 decem.
3324 1614 3392 1676 (2)
3412 1614 3608 1664 Puellae.

2045 1706 2301 1766 antequam
2327 1704 2533 1766 nuptum
2548 1700 2796 1763 darentur,
2815 1701 2916 1764 ipse
2939 1700 3180 1763 cognovit.
3202 1703 3413 1751 Antenor
3428 1705 3592 1751 antem

2049 1791 2246 1855 quidam
2264 1793 2457 1854 sumpto
2475 1789 2630 1853 gladio
2647 1792 2699 1839 et
2717 1789 2848 1839 veste
2865 1788 3091 1838 muliebri
3118 1789 3164 1838 in
3185 1788 3341 1839 cubile
3360 1790 3607 1851 ingressus

2045 1892 2158 1928 eum
2193 1878 2399 1928 necavit.
2430 1876 2755 1935 Quamobrem
2790 1874 2841 1924 id
2874 1875 3070 1925 honoris
3104 1877 3384 1926 consecutus
3412 1877 3510 1938 est,
3539 1880 3598 1925 ut

2045 1967 2262 2029 princeps
2277 1979 2308 2014 a
2329 1965 2507 2029 populo
2525 1965 2781 2014 crearetur.
2800 1962 2930 2021 Quin
2944 1964 2991 2012 et
3009 1963 3168 2025 puella
3179 1995 3198 2026 ,
3213 1976 3296 2026 pro
3324 1975 3420 2025 qua
3437 1963 3518 2013 ille
3535 1963 3603 2012 ad

2045 2057 2304 2117 tyrannum
2321 2052 2581 2115 ingressus,
2608 2051 2870 2100 honoribus
2894 2050 3067 2100 affecta
3084 2051 3169 2100 ast.

2109 2148 2154 2191 3.
2187 2142 2442 2191 'testantur
2471 2139 2616 2190 etiam
2635 2141 2898 2189 Homerum
2923 2151 2983 2189 ex
3002 2138 3262 2202 Tyrrhenia
3283 2138 3333 2187 in
3353 2138 3608 2202 Cephalle-

2047 2230 2177 2279 niam
2194 2231 2244 2279 et
2264 2228 2477 2302 Ithacam
2496 2225 2737 2288 traiecisse
2752 2263 2768 2289 ,
2792 2238 2891 2289 quo
2922 2226 3139 2289 tempore
3163 2224 3333 2275 morbo
3357 2208 3615 2291 correptus»

2049 2317 2214 2367 oculos
2235 2314 2446 2365 amisisse
2469 2313 2663 2364 dicitur.

2416 2453 2686 2513 XXXIlI.
2733 2452 3222 2512 RHODIORUM.

2111 2597 2334 2647 Rhodum
2355 2597 2555 2647 insulam
2575 2597 2827 2659 perhibent
2843 2596 3109 2660 antiquitus
3124 2596 3174 2646 in
3189 2598 3308 2647 mari
3324 2597 3564 2647 delituisse
3589 2616 3602 2645 t

2049 2686 2213 2748 postea
2238 2684 2496 2733 arefactam
2521 2683 2781 2734 emersisse.
2805 2685 2942 2734 Dicta
2960 2686 3124 2734 autem
3141 2683 3274 2733 initio
3292 2683 3524 2748 ophiussa
3541 2683 3614 2735 ol>

2050 2771 2408 2822 multitudinem
2432 2774 2706 2834 serpentum
2724 2809 2739 2834 ,
2763 2771 2915 2834 quiin
2935 2784 2990 2822 ea
3013 2770 3166 2821 exorti
3190 2773 3345 2822 erant.

2417 2984 2683 3046 XXXIV.
2729 2985 2876 3045 EPH
2888 2983 3250 3046 ESIORUM.

2112 3122 2349 3184 Ephesum
2379 3121 2557 3172 dictam
2585 3121 2720 3172 aiunt
2738 3123 2818 3171 alii
2840 3122 3088 3173 a'nomine
3119 3123 3371 3185 cujusdam
3404 3128 3614 3175 Amazo-

2053 3223 2187 3273 num,
2209 3210 2289 3259 alii
2313 3223 2342 3259 a
2359 3211 2507 3261 verbo
2526 3212 2723 3275 ἐφεῖναι,
2742 3211 3038 3273 concedere,
3063 3212 3194 3274 qnod
3217 3214 3442 3264 Hercules
3464 3219 3613 3264 Ama·

2051 3297 2247 3347 zonibus
2281 3298 2408 3349 lianc
2441 3297 2682 3361 regionem
2716 3311 2746 3347 a
2787 3298 2971 3360 Mycale
2998 3299 3060 3347 ad
3083 3299 3283 3350 Pitanen
3306 3303 3608 3352 concesserit.

2053 3458 2217 3520 steph.
2259 3457 2293 3506 l.
2331 3458 2364 3506 l.
2379 3495 2396 3521 ‚
2435 3458 2619 3508 seducti
2650 3458 2717 3508 illi
2740 3460 2902 3508 nostro
2929 3459 3037 3509 loco
3050 3497 3064 3522 ‚
3101 3459 3183 3509 ubi
3217 3460 3447 3510 edebatur
3477 3465 3521 3511 οἱ
3563 3463 3616 3511 ἐν

2054 3527 2194 3590 ΙἈθῳ.

2117 3601 2308 3648 xxxii.
2345 3597 2589 3663 Ksp.]om.
2607 3599 2743 3663 Cabq
2753 3619 2772 3661 ,-
2791 3602 3070 3664 Κεφαλήνων
3092 3602 3142 3650 d.
3160 3627 3222 3666 ·.···
3237 3601 3583 3665 Κεφαλληνίᾳ]ῠ
3597 3639 3616 3664 ,

2055 3670 2346 3732 Κεφαλληνία
2367 3672 2479 3719 cett.
2513 3695 2579 3707 —
2606 3670 2916 3735 ΙΙρομνήσου]
2950 3672 3112 3722 Fuerit
3149 3673 3414 3734 Πρωνήσου.
3439 3671 3610 3733 steph.

2053 3742 2163 3801 ByZ.
2187 3739 2403 3802 εΚράνιοι
2417 3775 2432 3800 ,
2449 3740 2576 3796 πόλις
2596 3741 2642 3788 ἐν
2665 3741 2953 3804 Κεφαλληνίᾳ
2975 3747 3032 3806 τῇ
3051 3743 3197 3804 νήσῳ.
3213 3740 3488 3804 Τετράπολις
3509 3743 3558 3791 δὲ
3578 3745 3610 3799 ἠ

2052 3815 2189 3868 νῆσος
2208 3810 2300 3858 ἀπὸ
2322 3815 2415 3859 τῶν
2440 3811 2647 3873 Κεφάλου
2665 3812 2859 3873 παίδων,
2881 3813 2922 3862 ll
2935 3813 3183 3876 ρονήσου
3197 3847 3211 3872 ,
3231 3810 3404 3874 Σάμου,
3419 3813 3614 3869 ΙΙήλεως

2054 3879 2524 3942 (Πρωνουσσάμα
2560 3881 2800 3938 συπήλεως
2833 3882 2939 3931 cod.
2969 3881 3204 3944 Rhodig.).
3231 3879 3441 3944 Κρανίου.
3471 3882 3614 3942 Apud

2055 3948 2337 3998 Strabonem
2357 3952 2418 4008 X,
2437 3963 2486 4010 p.
2510 3951 2600 3999 455
2618 3949 2845 3998 scribitur
2863 3951 3130 4013 Πρώνησος.
3148 3950 3282 4015 Apud
3300 3950 3512 4013 Thucyd.
3534 3954 3576 4001 11
3591 3988 3612 4012 ,

2057 4025 2115 4067 30
2129 4018 2300 4068 incolae
2318 4019 2520 4068 audiunt
2539 4021 2782 4083 Προνναῖοι
2796 4057 2809 4080 ,
2827 4021 3089 4083 (πρόνναιοι
3105 4058 3120 4083 ,
3142 4026 3350 4086 προναῖοι
3365 4058 3379 4083 ,
3399 4023 3611 4084 πρόναιοι

2056 4100 2156 4135 var.
2177 4088 2323 4148 lect.);
2339 4101 2415 4150 ap.
2435 4090 2590 4152 Etym.
2608 4091 2671 4138 Μ.
2690 4102 2736 4152 p.
2756 4094 2862 4150 507,
2881 4095 2937 4140 28
2957 4109 2969 4138 ε
2991 4091 3184 4154 Πρόνοοι
3195 4106 3210 4151 ;
3229 4091 3506 4153 Lycophron
3520 4096 3605 4142 791

2057 4159 2196 4206 vocat
2231 4157 2466 4222 Πρωνίους
2479 4194 2493 4218 ,
2511 4157 2734 4221 Polybius
2749 4163 2808 4216 V,
2825 4163 2852 4208 3
2865 4196 2880 4221 ,
2902 4167 2928 4209 3
2952 4160 3268 4222 Πρὸννους.-
3282 4160 3509 4225 ἑπικλεὴς]
3523 4165 3617 4211 Co·

2055 4237 2211 4287 rayus;
2224 4226 2461 4288 ἑπικ).ε’ως;
2483 4231 2549 4283 C}
2567 4227 2753 4284 πίκλεος
2763 4227 2828 4278 ab
2838 4242 2858 4285 ,⁶
2872 4229 2944 4278 ἐπὶ
2955 4230 3085 4286 κλέος
3101 4231 3200 4279 Pet
3211 4230 3378 4294 reliqui
3390 4230 3549 4289 codd„
3562 4234 3616 4279 ut

2054 4293 2268 4354 videtum
2290 4297 2530 4359 ἐπίκληρος
2550 4296 2800 4348 Blancard.
2817 4298 2878 4346 ad
2900 4299 3068 4350 Thom.
3090 4304 3212 4364 Mag.
3231 4314 3281 4364 p.
3304 4305 3411 4361 345,
3426 4306 3482 4350 C.
3502 4301 3584 4350 Sin
3597 4327 3613 4338 -

2054 4369 2175 4414 tenis
2191 4368 2241 4415 et
2259 4367 2662 4417 Schneidewinus.
2676 4375 2793 4417 -2.
2815 4375 3126 4433 μαρτυρεῖται,
3145 4370 3215 4420 bd
3227 4385 3246 4427 ,·
3265 4377 3483 4433 μαρτυρεῖ
3498 4374 3610 4420 cett.

2056 4462 2108 4470 -
2133 4439 2211 4484 καὶ
2230 4435 2413 4495 Ἰθάκην
2434 4440 2581 4494 ACP;
2602 4451 2700 4488 om.
2727 4439 2914 4503 reliqui.
2938 4466 3003 4477 --
3019 4440 3095 4490 ὅτε
3113 4442 3191 4490 καὶ
3216 4441 3341 4504 τοὺς]
3357 4442 3489 4503 abqp
3500 4455 3520 4496 ,·
3540 4442 3618 4490 ὅτε

2053 4506 2156 4561 τοὺς
2186 4507 2373 4569 reliqui.
2399 4510 2468 4557 De
2487 4521 2538 4558 re
2573 4520 2619 4556 ν.
2653 4509 2752 4558 vit.
2780 4513 2966 4560 Homer.
3001 4511 3473 4561 Pseudo-Hermoton
3495 4524 3538 4560 c.
3567 4515 3613 4571 7;

2055 4574 2292 4624 Welcker.
2323 4577 2454 4638 Cycl.
2477 4589 2526 4639 p.
2562 4579 2676 4636 189,
2698 4577 2783 4640 qui
2806 4577 2934 4626 hunc
2952 4581 3203 4629 centonem
3223 4593 3250 4629 e
3275 4580 3537 4629 Heraclidis
3555 4579 3618 4628 li·

2054 4643 2141 4693 bro
2170 4647 2279 4709 Περὶ
2303 4646 2509 4709 Ὀμήρου
2531 4648 2745 4695 assutum
2769 4659 2871 4696 esse
2891 4648 3191 4709 opinabatur.
3590 4695 3595 4699 .

2115 4717 2333 4764 xxxlll.
2368 4714 2627 4781 Ῥοδίων]
2653 4717 3001 4766 Schneidewin.
3032 4718 3234 4775 Ῥόδος
3273 4722 3522 4768 Peruscus.
3547 4721 3618 4768 De

2054 4797 2105 4833 re
2119 4797 2166 4852 v.
2190 4784 2375 4834 Pindar.
2406 4785 2483 4835 01.
2506 4788 2592 4835 Vll
2606 4820 2621 4847 ,
2644 4790 2747 4847 1143
2773 4785 2964 4835 Diodor.
2981 4790 3039 4846 V,
3057 4793 3116 4836 56
3137 4787 3296 4849 ibique
3315 4787 3618 4849 interpretcs;

2058 4853 2259 4916 Polyzeli
2280 4854 2446 4904 Rhodii
2468 4856 2526 4904 l'r.
2553 4861 2592 4905 1.

2113 4926 2330 4974 XXXlV.
2364 4923 2667 4990 Ἐφεσίων]
2704 4926 2999 4975 Schneidew.
3035 4926 3234 4987 Ἔφεσος
3257 4930 3505 4977 Peruscus.
3545 4929 3620 4976 De

2055 5006 2106 5041 re
2124 5007 2170 5042 v.
2195 4993 2460 5055 Stephanus
2481 4997 2592 5057 Byz.
2623 5008 2670 5042 v.
2690 4995 2919 5057 'Epeo-om
2942 4997 3098 5056 atym.
3121 4998 3186 5045 M.
3207 5009 3253 5058 p.
3275 5000 3365 5047 402
3380 5033 3394 5058 ,
3417 5004 3470 5057 8;
3495 4999 3616 5047 Pau·

2055 5064 2209 5114 sanias
2227 5066 2316 5114 vn
2330 5101 2344 5125 ‚
2368 5071 2423 5126 23
2453 5067 2504 5113 Ε.
2529 5064 2673 5114 Guhl.
2698 5065 2959 5127 Ephesiaca
2975 5077 3021 5128 p.
3049 5068 3128 5114 99.
