4016 5916
1682 419 2178 486 FRAGMENTA.

397 537 559 595 Idem
586 541 666 598 ib.
697 559 748 598 c.
785 538 818 596 5
839 584 855 612 ,
894 560 962 596 ιο
1001 561 1015 596 :
1049 537 1364 618 Ἀριστείδης
1398 538 1451 599 δὲ
1485 538 1581 611 τὴν
1608 540 1879 621 ἐπώνυμον

3411 450 3518 502 30⁷

1969 548 2260 629 ἐψηφίσατο
2287 551 2527 630 δραχμὴν
2555 553 2775 636 ἑκατέρα
2814 557 2965 625 τάξαι
2991 562 3093 617 τῶν
3127 564 3405 639 γυναικῶν.
3439 567 3520 625 Cf.

318 625 466 692 εὐθὺς
480 625 650 704 ἀρχὴν
670 616 809 703 ἦρξε.
833 627 1027 686 Καίτοι
1045 626 1201 706 φησιν
1223 631 1250 686 ὁ
1271 625 1557 708 Φαληρεὺς
1579 629 1880 711 Δημήτριος
1969 641 2171 698 Athen.
2200 642 2371 712 XIII,
2397 661 2460 716 p.
2495 640 2628 718 555,
2656 649 2736 718 A,
2767 647 2868 702 ubi
2893 646 3110 704 eadem.
3137 651 3279 708 Vide
3302 664 3422 711 not.
3449 654 3518 708 ad

316 711 467 790 ἄρξαι
502 713 592 770 τὸν
628 714 790 793 ἄνδρα
831 713 1015 792 μικρὸν
1049 714 1338 794 ἔμπροσθεν
1371 714 1716 776 τοῦθανοίτου
1745 719 1878 794 μετὰ

312 801 408 869 τὴν
438 803 491 858 ἐν
525 802 821 867 Πλαταιαῖς
845 799 1040 880 μάχην.
1070 801 1162 860 Ἕν
1180 801 1235 859 δὲ
1255 811 1368 870 ταῖς
1396 806 1720 882 ἀναγραφαῖς
1745 804 1879 882 μετὰ

315 887 409 964 μὲν
433 888 824 960 Ξανθιππίδην,
851 889 928 968 ἐφ’
965 881 1022 947 οὗ
1048 887 1342 966 Μαρδόνιος
1358 890 1568 962 ἡττήθη
1594 893 1878 951 Πλαταιᾶ-

313 997 395 1032 σιν
413 1019 428 1050 ,
453 976 558 1032 οὐδ’
587 974 863 1052 ὁμώνυμον
894 974 1213 1054 Ἀριστείδην
1236 980 1287 1036 ἐν
1309 978 1448 1036 πάνυ
1470 979 1679 1046 πολλοῖς
1697 978 1875 1040 λαὸεἷν

313 1061 455 1133 ἔστι,
488 1061 622 1138 μετὰ
645 1062 698 1122 δὲ
728 1063 1033 1140 Φαίνιππον,
1062 1064 1141 1140 ἔφ’
1170 1054 1229 1122 οὗ
1257 1065 1351 1136 τὴν
1374 1068 1428 1124 ἐν
1450 1068 1739 1146 Μαραθῶνι
1769 1069 1876 1145 μοί·

310 1172 413 1228 χην
451 1149 650 1221 ἐνίκων,
684 1150 828 1218 εὐθὺς
853 1150 1167 1232 Ἀριστείδης
1195 1151 1373 1231 ἄρχων
1398 1154 1808 1235 ἀναγέγραπται.

392 1239 560 1310 Quod
597 1240 668 1295 ad
716 1239 882 1317 ἀρχὴν
921 1241 1074 1297 illam
1122 1242 1378 1298 Aristidis
1412 1246 1684 1317 pertinet,
1721 1257 1878 1320 patet

312 1328 676 1383 Plutarchum
701 1331 970 1401 cogitasse
998 1329 1070 1384 de
1098 1329 1340 1385 Aristide
1368 1332 1639 1388 archonte
1670 1329 1875 1389 ἐπωνύ-

316 1437 423 1491 μῳ.
456 1415 627 1485 Quod
671 1416 740 1470 ab
772 1417 892 1488 ipso
923 1418 1242 1486 Demetrio,
1274 1414 1541 1495 ἀρχόντων
1572 1419 1876 1498 ἀναγραφῆς

313 1513 577 1570 auctore,
609 1504 853 1558 alienum
881 1504 1047 1557 fuisse
1071 1514 1191 1559 tum
1218 1523 1325 1578 per
1345 1525 1403 1562 se
1433 1507 1733 1579 probabile
1768 1521 1874 1577 est,

308 1600 430 1644 tum
444 1589 705 1663 pluribus
723 1589 967 1645 ostendit
989 1590 1287 1646 Boeckhius
1310 1593 1370 1646 in
1389 1593 1876 1650 Commentatione

310 1680 396 1733 De
424 1679 789 1733 archontibus
814 1677 1306 1753 pseudeponymis.
1331 1681 1400 1735 Et
1419 1682 1651 1737 omnino
1678 1683 1876 1755 saepius

308 1766 517 1820 sactum
548 1776 628 1820 est
675 1777 739 1821 ut
782 1767 857 1834 ii,
901 1765 998 1838 qui
1030 1765 1195 1820 aliam
1246 1786 1660 1842 quamcumque
1706 1765 1874 1845 ἀρχὴν

315 1865 719 1923 exercuerant,
756 1852 1023 1926 eponymi
1054 1856 1332 1910 numerati
1359 1855 1488 1910 sint.

1048 1987 1136 2043 15.

389 2119 551 2173 Idem
582 2119 658 2173 ib.
716 2138 766 2173 e.
829 2137 926 2187 27,
968 2125 997 2183 l.
1040 2118 1389 2193 εΔημήτριος
1436 2117 1481 2172 δ’
1540 2119 1567 2172 δ
1593 2115 1873 2196 Φαληρεὺς

312 2203 402 2262 καὶ
433 2201 751 2281 Ἱερώνυμος
792 2207 819 2261 ὁ
848 2201 1049 2271 Ῥόδιος
1089 2203 1179 2261 καὶ
1209 2201 1548 2282 Ἀριστόξενος
1577 2207 1605 2261 ὁ
1634 2202 1875 2280 μουσικὸς

308 2290 397 2350 καὶ
424 2290 783 2367 Ἀριστοτέλης
813 2290 888 2367 (εἰ
918 2289 981 2362 δὴ
1005 2289 1064 2348 τὸ
1094 2289 1257 2369 Περὶ
1297 2291 1530 2364 εὖγενε
1550 2289 1610 2346 ία
1630 2313 1653 2356 ς
1674 2288 1873 2368 βιόλίον

310 2382 363 2438 ἐν
387 2386 497 2445 τοῖς
520 2378 749 2454 γνησίοις
771 2377 1151 2456 Ἀριστοτέλους
1169 2377 1371 2454 θετέον)
1392 2381 1653 2457 ἱστοροῦσι
1675 2375 1874 2456 Μυρτὼ

309 2467 619 2546 θυγατριδῆν
647 2463 959 2544 Ἀριστείδου
982 2463 1256 2545 Σωκράτει
1283 2467 1359 2543 τῷ
1382 2468 1525 2544 σοφῷ
1545 2469 1870 2537 συνοικῆσαι,

310 2554 537 2631 γυναῖκα
570 2551 663 2628 μὲν
694 2551 871 2632 ἑτέραν
903 2550 1099 2631 ἔχοντι,
1121 2550 1317 2623 ταύτην
1349 2549 1392 2609 δ’
1423 2550 1740 2610 ἀναλαὸόντι
1767 2575 1871 2630 χη-

312 2640 562 2721 ρεύουσαν
602 2637 688 2697 διὰ
724 2639 906 2697 πενίαν
937 2637 1029 2699 καὶ
1066 2642 1167 2697 τῶν
1207 2637 1503 2716 ἀναγκαίων
1550 2638 1874 2715 ἐνδεομένην.

314 2729 456 2808 Πρὸς
482 2725 577 2800 μὲν
600 2717 687 2785 οὖν
717 2727 923 2793 τούτους
943 2730 1131 2792 ἱκανῶς
1154 2730 1182 2785 ὁ
1214 2725 1495 2792 Παναίτιος
1525 2727 1577 2784 ἐν
1606 2734 1712 2792 τοῖς
1734 2729 1875 2807 Περὶ

315 2815 629 2895 Σωκράτους
655 2814 970 2893 ἀντείρηκεν.
995 2812 1064 2873 ‘O
1088 2811 1143 2872 δὲ
1170 2810 1453 2892 Φαληρεὺς
1478 2815 1530 2872 ἓν
1553 2814 1629 2892 τῷ
1658 2814 1874 2890 Σωκρά-

307 2928 386 2963 τει
414 2903 542 2983 φησὶ
568 2903 906 2979 μνημονεύειν
935 2900 1247 2982 Ἀριστείδου
1279 2901 1614 2983 θυγατριδοῦν
1644 2890 1701 2960 εὗ
1725 2901 1869 2978 μάλα

309 2991 510 3064 πένητα
536 2991 867 3070 Λυσίμαχον,
891 2989 945 3057 ὃς
969 2989 1149 3049 ἑαυτὸν
1181 2992 1240 3048 ἐκ
1262 2990 1502 3049 πινακίου
1530 2988 1664 3057 τινὸς
1679 2991 1874 3071 ὀνειρο-

313 3084 546 3157 κριτικοῦ
596 3077 741 3155 παρὰ
789 3079 847 3137 τὸ
899 3078 1153 3157 Ἰακχεῖον
1201 3077 1479 3157 λεγόμενον
1536 3076 1871 3153 καθεζόμενος

309 3168 511 3227 ἔδοσκε.
542 3169 625 3243 Τῇ
655 3164 708 3223 δὲ
744 3167 901 3247 μητρὶ
930 3166 1019 3225 καὶ
1050 3170 1114 3244 τῇ
1152 3165 1346 3238 ταύτης
1379 3167 1577 3246 ἀδελφῇ
1622 3165 1863 3246 ψήφισμα

308 3254 513 3335 γράψας
556 3252 750 3333 δωρεὰν
792 3253 965 3314 ἔπεισε
1001 3254 1087 3313 τὸν
1137 3256 1301 3330 δῆμον
1344 3253 1540 3313 διδόναι
1585 3252 1869 3334 τριώὸολον

311 3343 539 3412 ἑκάστης
568 3340 785 3421 ἡμέρας.
819 3341 983 3410 Αὐτὸς
1004 3341 1185 3420 μέντοι
1206 3347 1234 3401 ὃ
1258 3341 1555 3420 Δημήτριος
1582 3343 1869 3418 νομοθετῶν

308 3522 487 3571 niagno
507 3507 635 3556 malo
655 3506 894 3558 vindicare
911 3509 1071 3560 studet
1093 3530 1105 3560 ι
1126 3510 1237 3559 huic
1256 3510 1383 3559 enim
1411 3522 1508 3558 non
1530 3508 1731 3557 domum
1758 3511 1868 3557 tan·

306 3592 416 3638 tum
443 3586 589 3636 fuisse
607 3585 700 3646 ait,
720 3585 802 3635 sed
820 3587 963 3636 etiam
982 3588 1136 3638 minas
1151 3588 1447 3651 septuaginta
1471 3586 1601 3650 apud
1622 3588 1866 3638 Critonem

309 3669 361 3717 in
386 3668 567 3716 t'oenore
586 3666 775 3727 positas.

373 3743 543 3793 Statim
567 3742 739 3793 deiude
763 3743 988 3795 Aristides
1004 3745 1335 3808 magistratum
1359 3757 1651 3806 eponymum
1680 3745 1821 3806 gessit
1852 3765 1863 3793 ι

309 3833 589 3884 quanquam
603 3822 873 3870 Demetrius
892 3822 1147 3872 Phalereus
1159 3822 1319 3883 paullo
1333 3825 1444 3871 ante
1462 3825 1670 3870 mortem
1686 3836 1744 3870 ac
1762 3825 1869 3884 post

310 3900 576 3949 Platoeense
589 3898 810 3960 proelium
830 3898 923 3948 hoc
941 3899 1123 3949 tactum
1138 3898 1277 3948 dicat.
1294 3898 1439 3960 Atqui
1457 3899 1503 3947 in
1517 3900 1871 3949 commentariis

309 3988 341 4025 a
361 3974 707 4038 xanthippida,
727 3976 817 4026 sub
839 3990 937 4040 quo
967 3975 1029 4026 ad
1062 3978 1265 4027 Plataeas
1286 3977 1442 4026 victus
1464 3977 1535 4027 ost
1567 3978 1868 4039 MardoniuS,

311 4069 374 4104 nc
391 4054 541 4107 alium
561 4054 753 4117 quidem
774 4056 924 4105 ullum
945 4055 1029 4120 qui
1048 4055 1268 4107 Aristidis
1287 4069 1461 4104 nomen
1477 4057 1640 4105 tulerit
1659 4057 1870 4107 invenire

310 4134 436 4183 inter
462 4137 561 4182 tam
590 4133 766 4183 multos
795 4135 936 4194 licen
965 4140 1073 4199 post
1096 4134 1393 4197 Plianippum
1410 4172 1425 4195 ‚
1453 4135 1541 4185 sub
1576 4149 1674 4198 quo
1711 4139 1868 4184 Mara-

311 4210 478 4259 thonia
509 4211 710 4260 victoria
747 4215 881 4273 parta
913 4215 986 4262 est
999 4248 1013 4274 ,
1044 4213 1207 4262 statim
1243 4211 1499 4262 Aristidem
1539 4213 1869 4273 magistratum

310 4287 505 4349 gessisse
528 4291 803 4340 annotatur.

1050 4398 1136 4449 15.

372 4489 648 4538 Demetrius
668 4488 943 4549 Phalereus,
964 4488 1283 4551 Hieronymus
1301 4488 1538 4555 Rhodius,
1566 4488 1872 4539 Aristoxenus

311 4568 542 4623 musicus,
562 4569 611 4615 et
630 4567 908 4617 Aristoteles
925 4568 981 4629 (si
997 4567 1193 4630 quidem
1210 4568 1330 4617 liber
1346 4567 1408 4617 de
1430 4568 1729 4630 ingenuitate
1745 4568 1869 4621 inter

311 4645 415 4705 ejtts
438 4644 668 4705 genuinos
688 4645 837 4694 libros
855 4644 1019 4695 haberi
1049 4644 1211 4704 debet)
1234 4649 1456 4707 narrant,
1479 4649 1745 4708 Myrtonem
1774 4647 1871 4695 tilia

312 4723 532 4775 Aristidis
550 4726 730 4785 natam,
752 4722 959 4773 Socratis
976 4724 1201 4785 sapientis
1223 4737 1422 4774 uxorem
1434 4725 1597 4786 fuisse,
1618 4726 1700 4788 qui
1715 4739 1869 4787 quum

311 4801 457 4851 aliam
482 4800 679 4849 liaberet
699 4801 746 4849 in
766 4800 1101 4863 matrimonio,
1124 4800 1323 4849 viduam
1348 4815 1453 4851 eam
1472 4806 1519 4852 et
1546 4816 1742 4865 egenam
1764 4817 1870 4853 sus·

310 4878 507 4939 ceperit,
525 4879 702 4926 Contra
723 4878 810 4926 lios
826 4876 941 4927 satis
965 4880 1036 4927 est
1054 4891 1081 4926 a
1103 4878 1316 4927 Panaetio
1335 4878 1517 4929 dictum
1537 4879 1584 4928 in
1604 4879 1663 4928 iis
1682 4893 1791 4941 quoe
1809 4879 1872 4931 de

312 4958 513 5005 socrate
552 4955 756 5017 scripsit.
799 4955 1071 5005 Demetrius
1105 4954 1232 5004 idem
1276 4956 1323 5004 in
1361 4960 1558 5008 Socrate
1601 4958 1871 5008 meminisse

312 5045 365 5081 se
382 5033 448 5081 ait
471 5032 758 5094 Lysimachi,
780 5033 877 5083 tilia
892 5032 1107 5083 Aristidis
1124 5033 1220 5082 nati
1239 5032 1501 5085 admodum
1518 5034 1739 5098 pauperis
1754 5070 1769 5097 ,
1788 5037 1871 5097 qui

314 5112 493 5161 tabella
512 5111 720 5173 quadam
743 5113 1086 5162 insomniorum
1101 5112 1466 5174 significationes
1487 5115 1759 5164 continente
1778 5117 1872 5165 sre-

315 5192 423 5252 tus,
449 5189 511 5237 ad
532 5191 783 5239 laccheum
801 5190 970 5241 sedens
988 5203 1091 5240 sese
1106 5190 1292 5239 aluerit.
1316 5194 1420 5255 lpse
1443 5193 1713 5241 Demetrius
1734 5206 1872 5255 roga-

317 5265 500 5317 tionem
527 5266 669 5329 tulit,
689 5270 745 5319 ut
765 5267 907 5318 matri
927 5266 1031 5330 ejus
1052 5270 1099 5319 et
1130 5270 1400 5321 materterae
1424 5269 1537 5320 doni
1563 5269 1753 5320 nomine
1782 5283 1865 5333 po-

1969 727 2316 785 Callisthenis
2333 729 2403 788 fr.
2444 749 2462 783 ι
2476 730 2532 785 6.

2704 857 2724 892 ι
2737 839 2790 898 6.

2045 965 2328 1023 Plutarch.
2354 969 2716 1026 Demosthen.
2748 990 2796 1026 c.
2820 990 2857 1044 9
2888 988 2902 1029 ε
2941 968 3095 1029 Ἐπεὶ
3123 972 3321 1048 τόλμαν
3343 996 3402 1052 γε
3430 975 3519 1033 καὶ

1966 1047 2152 1128 θάρσος
2192 1051 2239 1107 οἳ
2277 1050 2541 1130 λεχθέντες
2574 1053 2661 1111 ὑπ’
2704 1056 2861 1114 αὐτοῦ
2901 1055 3046 1134 λόγοι
3082 1061 3182 1117 τῶν
3220 1061 3521 1142 γραφέντων

1968 1137 2167 1210 μᾶλλον
2209 1128 2367 1217 εἶχον,
2411 1139 2460 1198 εἴ
2500 1163 2550 1196 τι
2595 1143 2673 1199 δεῖ
2718 1143 2978 1202 πιστεύειν
3020 1144 3380 1223 Ἐρατοσθένει
3432 1150 3521 1208 καὶ

1963 1223 2251 1305 Δημητρίῳ
2273 1230 2347 1305 τῷ
2376 1228 2619 1307 Φαληρεῖ
2655 1228 2745 1286 καὶ
2772 1236 2877 1297 τοῖς
2913 1241 3179 1308 κωμικοῖς.
3220 1223 3321 1294 ²32·ae
3352 1234 3521 1316 Ἐρα-

1965 1311 2207 1384 τοσθένης
2231 1313 2325 1390 μέν
2355 1337 2508 1388 φησιν
2536 1314 2689 1373 αὐτὸν
2720 1319 2772 1374 ἐν
2798 1318 2902 1384 τοῖς
2929 1319 3096 1397 λόγοις
3127 1323 3397 1401 πολλαχοῦ
3431 1346 3517 1402 γε·

1965 1398 2170 1476 γονέναι
2215 1397 2591 1480 παράὸακχον·
2630 1406 2658 1460 ὁ
2698 1402 2750 1462 δὲ
2797 1405 3079 1486 Φαληρεὺς
3129 1407 3217 1467 τὸν
3265 1409 3518 1491 ἔμμετρον

1964 1488 2155 1545 ἐκεῖνον
2189 1483 2338 1568 ὅρκον
2375 1488 2568 1567 ὀμόσαι
2594 1489 2717 1550 ποτὲ
2752 1492 2881 1574 πρὸς
2907 1492 2994 1551 τὸν
3025 1495 3208 1572 δῆμον,
3233 1496 3412 1577 ὥσπερ
3442 1500 3520 1556 ἐν·

1965 1578 2274 1635 θουσιῶντα·

2024 1689 2106 1738 Μὰ
2125 1694 2228 1752 γῆν,
2260 1691 2324 1754 μὰ
2342 1693 2534 1755 κρήνας,
2554 1693 2619 1756 μὰ
2637 1695 2903 1758 ποταμοὺς,
2927 1698 2991 1758 μα
3010 1697 3206 1760 νάματα.

1964 1788 2096 1843 Haec
2128 1802 2186 1846 et
2209 1808 2366 1864 seqq.
2395 1792 2620 1848 sortasse
2640 1812 2670 1848 e
2688 1794 2846 1848 libris
2873 1793 3004 1872 Περὶ
3033 1797 3307 1875 ῥητορικῆς
3324 1803 3516 1874 petita.

1964 1876 2130 1931 Plura
2160 1879 2327 1933 etiam
2376 1878 2445 1934 de
2476 1881 2852 1937 Demosthene
2876 1882 3082 1939 dixerit
3113 1886 3174 1940 in
3203 1887 3357 1943 libris
3387 1886 3520 1967 Περὶ

1964 1960 2321 2042 δημαγωγίας.

2699 2101 2789 2151 ις.

2043 2200 2205 2255 Idem
2237 2200 2315 2255 ib.
2349 2219 2398 2258 c.
2440 2220 2501 2256 11
2538 2220 2552 2256 t
2591 2202 2718 2266 Τοῖς
2745 2199 2798 2257 δὲ
2829 2206 3141 2277 σωματικοῖς
3184 2205 3520 2281 ἐλαττώμασι

1969 2284 2214 2356 τοιαύτην
2247 2288 2437 2364 ἐπῆγεν
2463 2286 2711 2360 ἄσκησιν,
2744 2290 2815 2354 ὥς
2841 2292 2868 2347 ὁ
2904 2290 3187 2371 Φαληρεὺς
3218 2293 3516 2372 Δημήτριος

1962 2375 2181 2452 ἱστορεῖ,
2212 2373 2378 2451 λέγων
2416 2375 2572 2432 αὐτοῦ
2605 2375 2963 2452 Δημοσθένους
2993 2379 3197 2437 ἀκούειν
3226 2381 3522 2459 πρεσὸύτου

1960 2461 2225 2538 γεγονότος
2241 2484 2253 2497 ·
2270 2460 2365 2531 τὴν
2386 2461 2481 2537 μὲν
2501 2461 2754 2541 ἀσάφειαν
2775 2463 2866 2521 καὶ
2885 2464 3209 2543 τραυλότητα
3237 2472 3328 2539 τῆς
3350 2469 3515 2545 γλώτ-

1961 2572 2055 2620 της
2089 2548 2414 2617 ἔκόιοίζεσθαι
2459 2550 2560 2608 καὶ·
2589 2550 2857 2630 διαρθροῦν
2900 2555 2970 2618 εἰς
3010 2552 3069 2611 τὸ
3107 2555 3277 2630 στόμα
3317 2555 3516 2638 ψήφους

1958 2634 2331 2713 λαμόάνοντα,
2362 2636 2450 2695 καὶ
2482 2636 2653 2715 ῥήσεις
2695 2637 2807 2714 ἅμα
2836 2638 3078 2716 λέγοντα·
3117 2633 3213 2711 τὴν
3255 2641 3310 2700 δὲ
3339 2644 3512 2724 φωνὴν

1960 2726 2014 2783 ἐν
2052 2732 2157 2790 τοῖς
2194 2723 2399 2803 δρόμοις
2438 2723 2790 2802 γυμνάζεσθαι
2826 2727 2913 2784 καὶ
2956 2736 3069 2795 ταῖς
3108 2729 3235 2809 πρὸς
3279 2731 3344 2790 τὰ
3384 2733 3514 2809 σιμὰ

1962 2811 2317 2892 προσὸάσεσι,
2362 2813 2747 2893 διαλεγόμενον,
2779 2813 2870 2872 καὶ
2904 2814 3087 2893 λόγους
3123 2816 3295 2896 τινὰς,
3333 2819 3366 2890 ἢ
3407 2821 3518 2879 στί-

1960 2923 2114 2982 γους,
2157 2899 2268 2977 ἅμα
2305 2904 2380 2980 τῷ
2421 2901 2680 2977 πνεύματι
2716 2903 3056 2985 πυκνουμένῳ
3101 2906 3515 2987 προφερόμενον·

1961 2969 2094 3048 εῖναι
2131 2990 2175 3046 δ’
2205 2990 2348 3069 αὐτῷ
2391 2987 2526 3067 μέγα
2562 2990 2851 3069 κάτοπτρον
2886 2991 3049 3065 οἴκοι,
3089 2993 3179 3051 καὶ
3208 2994 3333 3072 πρὸς
3367 3002 3518 3057 τοῦτο

1962 3077 2051 3144 τὰς
2089 3076 2308 3153 μελέτας
2333 3077 2385 3144 ἐξ
2414 3077 2646 3145 ἐναντίας
2673 3078 2950 3155 ἱστάμενον
2985 3081 3261 3160 περαίνειν.
3293 3082 3515 3163 Λέγεται

1961 3165 2025 3238 δ’,
2058 3162 2328 3244 ἀνθρώπου
2355 3164 2722 3240 προσελθόντος
2759 3167 3000 3244 δεομένου
3040 3164 3382 3249 συνηγορίας,
3423 3175 3514 3231 καὶ

1962 3251 2229 3320 διεξιόντος
2258 3256 2324 3320 ὡς
2346 3252 2446 3311 ὑπό
2482 3275 2572 3312 του
2597 3253 2752 3313 λάὸοι
2775 3256 3011 3334 πληγάς·
3041 3285 3064 3309 σι
3091 3257 3247 3317 Ἀλλὰ
3283 3259 3345 3317 σύ
3376 3284 3462 3338 γε,
3492 3290 3514 3313 2»

1964 3337 2126 3420 <peimi
2169 3337 2255 3398 τὸν
2303 3339 2664 3418 Δημοσθένην,
2709 3370 2732 3392 α
2768 3341 2980 3417 τούτων,
3027 3333 3099 3401 ‹iiv
3139 3344 3333 3424 λέγεις,
3372 3346 3516 3408 οὐδὲν

1958 3506 2099 3570 pulus
2121 3506 2169 3555 in
2199 3507 2408 3569 singulos
2425 3507 2527 3557 dies
2544 3511 2642 3557 tres
2668 3508 2836 3558 obolos
2861 3509 2994 3559 daret
3017 3530 3029 3559 :
3057 3510 3182 3561 idem
3203 3515 3363 3563 tamen
3389 3514 3518 3578 leges

1956 3584 2110 3633 serens
2148 3582 2390 3647 decrevit,
2424 3587 2478 3633 ut
2519 3585 2688 3634 harum
2737 3587 3017 3635 feminarum
3061 3589 3252 3651 utrique
3287 3589 3516 3641 drachma

1956 3659 2171 3724 quotidie
2197 3660 2497 3723 penderetur.

2698 3772 2780 3821 16.

2019 3870 2132 3919 Plus
2153 3869 2282 3918 enim
2315 3869 2525 3919 audaciae
2557 3873 2704 3931 atque
2728 3869 3028 3920 confidentiae
3065 3872 3210 3921 dicim
3233 3875 3335 3934 eJus
3367 3889 3513 3938 quain

1955 3946 2148 4009 scriptae
2172 3946 2413 3996 orationes
2434 3947 2733 4007 habuerunt,
2759 3947 2799 3998 si
2821 3947 3018 4010 quidem
3051 3952 3380 4014 Eratostheni,
3416 3956 3510 4003 De·

1956 4024 2129 4072 metrio
2157 4025 2412 4083 Phalereo,
2438 4026 2485 4073 et
2506 4025 2713 4074 comicis
2730 4024 2986 4075 credimus.
3022 4029 3360 4079 Eratosthenes
3383 4032 3510 4080 enini

1955 4113 2082 4162 saepe
2101 4112 2212 4149 eum
2237 4101 2303 4149 ait
2324 4103 2446 4150 inter
2469 4101 2725 4151 dicendum
2757 4102 2917 4153 surore
2939 4103 3208 4166 abreptum.
3237 4109 3510 4157 Demetrius

1954 4191 2068 4228 eum
2089 4178 2237 4227 veluti
2261 4178 2490 4227 divinitus
2513 4180 2774 4242 percitum,
2791 4178 3120 4241 juramentum
3149 4183 3269 4232 illud
3298 4187 3516 4236 numeris

1956 4256 2352 4318 comprehensum
2368 4255 2552 4317 jurasse
2577 4255 2636 4305 ad
2658 4257 2889 4319 populum
2911 4278 2924 4307 ι

2056 4360 2240 4413 Adiuro
2259 4362 2440 4414 terram,
2457 4356 2619 4409 tontes.
2642 4360 2811 4415 latices,
2834 4359 3032 4406 numina.

2693 4473 2777 4525 17.

2020 4567 2242 4629 corporis
2259 4570 2422 4616 autem
2455 4567 2581 4618 vitiis
2598 4570 2652 4619 ιιι
2675 4568 2965 4629 mederetur,
3000 4569 3274 4632 hujusmodi
3296 4588 3410 4625 usus
3440 4582 3511 4628 est

1956 4643 2325 4705 exercitatione,
2356 4648 2411 4694 ut
2448 4644 2643 4708 quidem
2681 4648 2949 4698 Demetrius
2975 4649 3232 4699 Phalereus
3254 4664 3314 4701 ex
3337 4653 3440 4715 ipso
3461 4669 3512 4705 se

1951 4723 2054 4784 Jam
2069 4736 2181 4773 sene
2196 4723 2434 4773 audivisse
2452 4723 2684 4786 perhibet.
2703 4727 2971 4788 Assumptis
2983 4727 3033 4776 in
3051 4740 3106 4777 os
3128 4731 3320 4780 calculis
3335 4769 3348 4792 ,
3367 4735 3511 4784 verba

1957 4802 2099 4853 simul
2123 4803 2307 4865 aliquot
2343 4803 2573 4865 recitanti,
2609 4804 2927 4855 haesitantiam
2965 4810 3012 4856 et
3053 4808 3312 4859 balbutiem
3339 4812 3510 4875 lingua:

1957 4881 2180 4931 correxit.
2201 4883 2384 4931 Vocem
2400 4881 2523 4931 inter
2541 4884 2829 4935 currendum
2849 4886 3091 4951 exercuit,
3109 4888 3325 4953 interque
3342 4904 3509 4943 ascen·

1957 4960 2168 5010 (lendum
2195 4974 2282 5023 per
2304 4960 2503 5011 acclivia
2530 4962 2721 5013 locutus
2745 4968 2841 5024 est,
2870 4965 3109 5029 simulque
3135 4967 3511 5023 increbrescente

1957 5038 2124 5101 spiritu
2141 5050 2305 5087 versus
2342 5038 2525 5102 aliquot
2545 5045 2630 5089 aut
2647 5043 2905 5093 sententias
2923 5045 3137 5106 protulit.
3171 5046 3311 5096 Domi
3343 5048 3508 5101 habuit

1959 5128 2180 5178 magnum
2200 5117 2464 5179 speculum.
2476 5132 2538 5167 ex
2557 5120 2758 5169 adverso
2773 5122 2874 5183 ejus
2892 5126 3022 5173 stans
3036 5124 3299 5176 declamare
3322 5129 3504 5179 solitus.

1957 5197 2135 5244 Ferunt
2165 5195 2308 5245 etiam
2337 5195 2516 5245 bomini
2548 5196 2738 5248 cuidam
2764 5199 2827 5249 ad
2852 5215 2903 5251 se
2933 5202 3142 5268 venienti
3175 5205 3509 5266 patrocinium·

1958 5287 2049 5337 que
2067 5274 2274 5337 petenti,
2300 5274 2434 5338 quod
2451 5277 2699 5340 vapulasse
2716 5291 2745 5328 a
2762 5278 2972 5342 quodam
2994 5295 3045 5333 se
3066 5280 3245 5334 diceret
3256 5321 3273 5347 ‚
3301 5298 3501 5348 respon·
