4016 5916
474 354 591 405 426

472 476 599 532 Indi
628 485 826 550 putant
853 472 1257 547 septentriones
1284 490 1472 528 versus
1495 471 1784 545 habitare3
1809 471 1882 525 ita
1911 471 2023 526 alio

468 564 678 637 mod0,
709 581 877 635 quam
912 580 1015 635 per
1037 562 1336 633 scriptores
1362 577 1553 614 rerum
1583 557 1905 613 Indicarum
1935 557 2024 613 sa-

471 650 618 706 bella
634 652 731 706 ista
754 652 810 704 in
831 649 1180 703 occidentem
1195 647 1418 702 videtur
1432 644 1681 704 translata
1695 663 1830 720 esse,
1848 663 2024 718 quum

466 739 542 794 ab
574 740 692 793 aliis
724 736 1092 810 scriptoribus
1114 734 1285 789 iidem
1322 734 1576 787 homines
1604 733 1661 785 in
1685 733 2027 805 septentrio-

471 827 584 882 nali
608 828 849 899 Europae
873 834 1030 898 parte
1049 823 1411 877 collocentur.
1440 822 1583 876 Plin.
1614 818 1679 876 H.
1708 821 1894 876 N.1v.
1929 838 2023 889 27.

472 912 538 984 5,
569 915 714 970 Mela
744 915 849 982 111,
884 914 937 981 6,
971 910 1174 966 Isidor.
1203 911 1311 978 XI,
1357 908 1409 966 3.
1439 911 1521 964 Ex
1557 908 1651 977 iis,
1691 908 1789 980 qui
1828 907 2024 962 Indica

468 1004 948 1075 conscripserunt,
1012 993 1366 1053 En‘otocoetas
1418 997 1634 1069 primus
1694 996 2025 1050 memoravit

460 1092 669 1147 Ctesias
706 1089 831 1145 Ind.
867 1087 931 1143 31
956 1129 971 1157 ,
1012 1095 1129 1141 tum
1165 1085 1335 1141 Duris
1378 1103 1461 1158 ap.
1510 1084 1649 1139 Plin.
1682 1084 1756 1141 H.
1797 1083 1869 1137 N.
1919 1084 2024 1138 vll

471 1197 525 1249 2,
561 1177 657 1233 23.

546 1289 571 1314 ι
598 1265 919 1321 Brahmanae
943 1262 1019 1334 (οἱ
1057 1257 1355 1340 φιλόσοφοι)
1394 1259 1733 1333 Megasthcni
1755 1276 2024 1313 narrave-

468 1363 629 1422 rant,
671 1355 733 1406 in
778 1352 941 1407 India
988 1369 1100 1405 esse
1148 1346 1216 1406 Ὠ
1233 1344 1443 1404 κ’ύποδ
1455 1369 1485 1401 α
1501 1368 1550 1417 ς,
1596 1341 1771 1401 ἵππων
1823 1345 2022 1419 μᾶλλον

467 1437 731 1504 ἀπιόντας.
760 1443 938 1511 Quam
968 1439 1213 1493 fabulam
1246 1436 1498 1492 Indicam
1526 1453 1669 1503 esse,
1701 1452 1771 1488 ex
1807 1451 1876 1488 eo
1902 1434 2023 1488 Ra-

467 1526 714 1598 majan'ae
742 1529 870 1581 loco
905 1535 1172 1600 apparet,
1213 1543 1384 1597 quem
1416 1523 1590 1578 modo
1632 1521 2020 1589 laudavimus3

460 1634 580 1687 quo
611 1617 777 1671 etiam
797 1633 1005 1668 nomen
1025 1607 1314 1674 Ὠκύποδες
1337 1612 1663 1684 explicatur.
1682 1611 1824 1664 Nam
1845 1628 2021 1681 quum

464 1702 592 1757 Indi
620 1714 838 1777 partem
872 1700 1155 1773 quandam
1190 1700 1501 1754 Citatarum
1536 1708 1868 1770 nuncupent
1894 1696 2020 1750 dca-

452 1792 648 1863 pce-las
682 1792 719 1844 i.
753 1808 805 1845 e.
848 1785 1164 1862 μονόποδας,
1196 1788 1291 1858 qui
1328 1797 1510 1848 tamen
1544 1803 1655 1840 esse
1682 1785 1902 1839 veloces
1930 1784 2020 1837 di-

464 1889 689 1946 cuntur,
729 1895 939 1932 nomen
984 1894 1109 1930 cum
1151 1883 1280 1947 apta
1323 1874 1567 1946 quadam
1633 1873 2024 1945 paronomasia

464 1964 843 2038 Megasthenes
886 1982 1029 2019 voce
1074 1958 1364 2024 Ὠκύποδες
1426 1960 1594 2014 vertit
1664 1957 1755 2033 ζ’).
1827 1960 2023 2030 Neque

464 2052 816 2125 Monopodes
846 2052 1032 2106 Ctesiae
1058 2050 1287 2118 desunt,
1326 2047 1423 2121 qui
1454 2045 1606 2119 apud
1642 2045 1782 2103 Plin.
1809 2046 1933 2112 VII,
1963 2063 2020 2116 2,

471 2158 534 2209 17
564 2140 682 2194 haee
722 2139 893 2193 refert
935 2159 947 2193 :
996 2141 1139 2192 Item
1177 2136 1459 2190 hominum
1506 2152 1714 2206 gemas,
1751 2136 1848 2205 qui
1881 2133 1949 2186 M
1960 2152 2020 2186 o-

460 2247 498 2280 12
513 2229 696 2281 ocoli
739 2238 1083 2295 vocarentur,
1128 2225 1365 2297 singulis
1400 2223 1643 2281 cruribus
1661 2261 1676 2288 ,
1709 2224 1869 2273 mira?
1888 2238 2020 2293 pcr-

463 2319 705 2369 niritatis
746 2316 829 2368 ad
856 2317 1074 2380 saltum,
1115 2313 1438 2385 eosdemque
1459 2309 1766 2382 Sciapodas
1792 2310 1984 2361 vocari
1995 2347 2008 2372 ‚

458 2405 673 2475 quadiu
690 2408 901 2474 masore
914 2414 1052 2456 cestu
1071 2401 1225 2454 humi
1242 2406 1486 2466 jacentes
1500 2399 1743 2469 resupini
1754 2395 1947 2448 ambra
1962 2412 2022 2448 se

454 2492 658 2562 pedam
669 2503 972 2564 protegant
980 2510 1001 2556 ,-
1028 2508 1135 2544 non
1170 2489 1331 2560 longe
1348 2505 1441 2541 eos
1479 2506 1517 2538 a
1545 2484 1888 2555 Tt·0gloc{rtis
1932 2476 2018 2557 (**)

458 2578 665 2636 abesse.
696 2580 829 2650 Quae
861 2576 1247 2649 Ecapadarum
1281 2585 1335 2629 et
1369 2572 1705 2645 Sciapodum
1740 2569 2016 2637 confusi0,

458 2666 642 2720 solum
671 2685 739 2719 ex
763 2664 1123 2719 similitudine
1149 2663 1440 2716 nominum
1465 2659 1717 2732 pendere
1744 2657 1987 2711 videtur.

543 2777 565 2800 n
590 2755 783 2824 Neque
800 2754 981 2805 minus
995 2752 1201 2804 mirum
1225 2759 1303 2802 est
1320 2748 1378 2802 id
1403 2746 1560 2820 quod
1577 2745 1647 2799 de
1676 2745 1805 2798 feris
1831 2745 2019 2798 homi—

460 2840 625 2893 nibus
661 2838 891 2892 tradidit
938 2836 1042 2912 (fr.
1078 2835 1150 2890 30
1180 2855 1217 2890 a
1261 2847 1317 2890 et
1353 2833 1479 2907 31).
1515 2835 1670 2887 Hanc
1705 2832 1870 2884 etiam
1898 2849 2017 2884 rem

458 2928 660 2982 Ctesias
702 2927 863 2999 prior
905 2925 1171 2980 retulerat
1210 2921 1338 2979 Ind.
1381 2921 1412 2995 §
1465 2919 1556 2977 31.
1601 2918 1682 2976 Cf.
1717 2919 1892 2973 Solin.
1942 2916 2014 2972 52

456 3017 638 3068 Tzetz.
684 3015 824 3070 Chil.
860 3014 978 3081 VII,
1040 3010 1193 3080 768,
1222 3010 1369 3066 Geth·
1401 3008 1509 3078 lx,
1543 3014 1596 3072 [t-
1630 3009 1883 3077 Quorum
1911 3007 2016 3060 ho-

459 3103 671 3155 minum
695 3101 839 3154 inter
861 3098 1167 3155 Alexandri
1194 3099 1424 3152 comites
1446 3098 1596 3150 Baeto
1621 3095 1721 3169 (fr.
1752 3092 1827 3169 3.)
1860 3114 2016 3149 men·

461 3190 672 3242 tionem
694 3187 924 3259 secitap.
942 3187 1085 3240 Plin.
1106 3187 1171 3239 H.
1188 3186 1256 3239 N.
1275 3185 1400 3252 VII,
1419 3201 1475 3237 2.
1504 3181 1558 3240 3.
1596 3181 1790 3236 Eidem
1818 3183 2015 3255 appel-

461 3274 650 3329 lantur
676 3275 983 3346 Antipodes
1010 3284 1065 3327 et
1096 3274 1244 3327 inter
1272 3282 1462 3346 gentes
1487 3269 1834 3344 AEthiopicas
1862 3287 2013 3323 enu—

444 3358 660 3417 ‘merari
690 3362 891 3416 solent.
937 3360 1019 3416 Cf.
1053 3360 1185 3426 Isid.
1227 3358 1388 3433 Orig.
1434 3359 1551 3429 XI,
1587 3355 1641 3410 3.
1678 3356 2016 3429 Opinionem

457 3450 607 3505 illam
630 3449 783 3522 apud
808 3448 980 3503 Indos
999 3449 1355 3503 vernaculam
1378 3446 1540 3500 fuisse
1559 3487 1574 3515 ,
1600 3464 1718 3498 non
1746 3444 1921 3499 modo
1947 3464 2016 3498 ex

456 3556 528 3592 eo
553 3546 823 3611 apparet,
860 3536 1018 3609 quod
1049 3537 1211 3590 multi
1241 3535 1576 3608 scriptores,
1604 3551 1849 3606 quorum
1880 3533 2018 3586 alius

454 3628 568 3680 alio
594 3645 712 3680 non
731 3644 859 3679 usus
883 3637 993 3692 est,
1024 3624 1215 3679 dehac
1240 3643 1300 3678 re
1327 3624 1673 3677 consentiant
1691 3662 1705 3688 ,
1735 3620 1829 3675 sed
1851 3622 2016 3673 ctiam

453 3746 614 3795 λώτιοι
631 3746 678 3807 ),
701 3744 1038 3794 os’l’acarn'ae
1063 3745 1122 3806 (i.
1146 3758 1188 3792 e.
1224 3743 1453 3806 χειλώτιοι
1470 3742 1507 3801 ),
1539 3741 1860 3803 pdn’icarnae
1884 3739 1941 3801 (i.
1969 3754 2013 3788 e.

453 3816 737 3879 χειρώτιοι),
757 3814 818 3864 de
836 3816 985 3876 quibu
1006 3850 1007 3857 .
1028 3816 1088 3862 cs.
1112 3816 1238 3862 Ctae.
1265 3812 1366 3861 [nd.
1388 3811 1416 3874 §
1441 3816 1517 3860 31.

514 3886 625 3947 (***)
650 3884 1021 3946 Ecapddarum
1047 3897 1140 3932 non
1156 3896 1260 3931 rara
1280 3883 1327 3930 in
1344 3882 1486 3944 epicis
1504 3880 1794 3929 carminibus
1813 3878 1865 3929 sit
1885 3893 2014 3927 men·

453 3956 521 4006 tio
544 3969 619 4006 ex.
639 3969 680 4004 c.
711 3974 723 4004 ε

518 4026 726 4076 Mahab‘.
770 4028 841 4084 11,
888 4028 1187 4073 1837—1838
1215 4042 1227 4071 z
1262 4022 1336 4071 Ibi
1372 4023 1613 4081 conspexi
1652 4022 1723 4069 Di
1733 4019 2017 4082 ophthal-

453 4109 578 4145 mos
625 4094 1172 4156 Trioplzthalmos,
1214 4095 1378 4140 Melo
1398 4089 1555 4151 popli
1573 4093 1594 4138 l
1612 4088 1894 4148 halmOS,
1922 4092 2014 4151 qui

448 4169 614 4216 variis
650 4179 675 4215 e
713 4164 1003 4225 reqionibus
1043 4163 1362 4213 advenerant
1381 4196 1394 4221 ,
1421 4186 1485 4196 —-
1520 4159 1806 4221 Anthrop
1821 4172 1893 4221 op
1908 4159 2011 4208 Ιια-

448 4249 557 4297 yos
580 4239 630 4285 et
660 4233 1061 4294 Monopodes.

515 4306 1048 4357 Hariv.9:>4o-9541:
1088 4301 1377 4351 Proeclili
1421 4300 1698 4362 capillis
1731 4301 2002 4354 erectiS,

453 4381 618 4440 niqris
655 4380 704 4425 et
741 4376 874 4425 albis
890 4411 902 4433 ,
940 4373 1117 4422 robore
1152 4372 1545 4434 elephantorum
1577 4371 1747 4420 decem
1786 4371 1920 4419 mill.
1959 4373 2012 4419 ec

448 4447 704 4510 procellae,
722 4443 1079 4501 ,tlonoclzeiren
1099 4444 1185 4491 Mo
1202 4455 1231 4489 η
1246 4454 1308 4503 op
1320 4441 1486 4499 odem,
1504 4443 1638 4490 Mon
1652 4454 1680 4488 o
1691 4454 1728 4502 p
1744 4439 1807 4489 lli
1821 4441 1887 4489 al
1904 4443 2007 4502 mi,

450 4519 542 4579 qui
569 4529 662 4564 ora
691 4516 967 4564 trementia
992 4512 1185 4561 liabent
1206 4514 1301 4559 etc.

513 4586 676 4635 Hariv.
698 4588 847 4635 9553:
875 4584 1014 4632 Mo‘n
1027 4581 1257 4644 apodes
1277 4584 1329 4631 el
1355 4580 1595 4643 Dipodes,
1620 4581 1713 4629 alii
1735 4581 2006 4642 Bicipiles,

450 4657 721 4707 Macilenli
743 4656 838 4703 etc.

511 4726 585 4774 cr.
611 4724 816 4774 Μάιον.
856 4726 914 4782 n,
946 4727 1079 4772 1173.
1124 4725 1210 4781 m,
1240 4725 1418 4781 16137,
1448 4719 1608 4769 nativ.
1635 4722 1778 4780 2444,
1806 4723 2002 4769 Asa-es.

449 4796 578 4843 Vnt.
605 4800 710 4844 338.
734 4795 837 4843 Alio
864 4792 1056 4842 nomine
1080 4792 1141 4841 ab
1166 4791 1292 4840 Indis
1319 4792 1553 4839 vocantur
1572 4788 1724 4838 eidem
1744 4788 2005 4837 ecali'ara-

452 4865 565 4913 n'oe.
590 4866 671 4913 As.
699 4867 805 4912 Res.
826 4866 953 4912 Vlll.
976 4865 1083 4911 340.
1545 4854 1553 4862 ’

510 4934 603 4993 θ’)
636 4933 953 4995 Troylodylae
970 4931 1029 4980 ad
1057 4945 1137 4980 eas
1180 4930 1417 4993 pertinent
1460 4932 1640 4990 genteS,
1660 4927 1866 4989 quasalii
1887 4926 2003 4976 scri-

456 5006 613 5067 ptores
639 5004 893 5065 AEthiopiae
907 5038 921 5060 ,
944 5001 1093 5051 Indiae
1131 5001 1211 5050 alii
1235 4999 1601 5061 adscripserunt.⁴
1630 4997 1800 5047 indicis
1840 4997 2007 5046 litteris

448 5071 644 5120 minime
662 5068 848 5129 desunt,
883 5070 1055 5132 quibus
1072 5070 1371 5132 appellantur
1390 5067 1776 5130 91²·i9c1hvarcis,
1809 5067 1843 5118 i.
1870 5080 1915 5117 e,
1951 5069 2004 5116 in

450 5143 707 5191 montanis
732 5143 968 5190 cavernis
996 5142 1233 5190 eirenem.
1253 5137 1458 5188 Mahab’.
1487 5141 1571 5200 vl,
1590 5141 1695 5189 375.

1817 337 2348 399 MEGASTHENIS

2114 490 2184 527 ex
2220 473 2416 528 litteris
2443 473 2678 542 Indicis;
2708 474 2919 547 pluries
2947 475 3096 529 enim
3127 477 3184 529 in
3212 478 3384 549 epicis
3413 481 3750 534 carmini-

2112 561 2219 616 bus
2240 573 2755 618 commemorantur
2770 556 3337 638 papi-'Adangulajas,
3381 586 3566 639 quam
3605 588 3746 623 *co-

2115 666 2238 704 cem
2272 650 2677 706 accuratissime
2723 651 3102 724 Megasthenes
3135 655 3362 708 nomine
3403 655 3739 712 ὀπισθοδέ-

2115 737 2297 801 κτυλος
2325 739 2602 794 convertit
2632 735 2722 814 (Ἴ.

2200 851 2223 874 α
2258 827 2467 882 Plinius
2489 825 2693 881 deinde
2733 827 2928 882 scribit
2950 825 3110 900 (vll,
3140 846 3195 898 α,
3245 825 3347 903 15)
3375 847 3570 901 genus
3603 831 3732 885 lm·

2116 917 2323 968 minum
2358 915 2630 987 capitibus
2652 918 2903 984 caninis,
2917 911 3178 982 serarum
3199 917 3445 988 pellibus
3471 921 3676 972 velari
3691 964 3708 984 ,

2109 1020 2211 1074 pro
2237 1019 2360 1055 voce
2385 1004 2648 1056 latratum
2671 1003 2849 1068 edere,
2881 1003 3157 1074 unguibus
3175 1017 3456 1059 armatum
3481 1020 3718 1062 venatu

2116 1099 2170 1141 et
2211 1094 2448 1162 aucupio
2501 1093 2658 1147 vesci.
2704 1090 2839 1161 Quae
2884 1091 3161 1159 narr-atie,
3201 1093 3245 1145 si
3285 1092 3550 1147 Solinum
3623 1093 3712 1149 52

2112 1176 2387 1247 sequaris,
2407 1176 2775 1250 Megasthenis
2800 1187 2897 1234 est.
2945 1177 3140 1250 Neque
3169 1179 3228 1231 in
3251 1178 3352 1234 hac
3374 1191 3549 1253 gente
3586 1181 3720 1237 de—

2114 1263 2439 1334 scribenda,
2481 1283 2650 1337 quam
2685 1265 2913 1319 nomine
2938 1261 3298 1341 Κυνοκέφαλοι
3335 1269 3708 1339 appellavit,

2116 1351 2318 1406 Ctesias
2347 1352 2498 1407 deest
2517 1393 2531 1420 ,
2557 1351 2684 1409 Ind.
2714 1370 2814 1421 20,
2835 1353 2980 1407 Plin.
3012 1353 3051 1406 l.
3078 1352 3118 1408 l.
3151 1354 3426 1408 Sanscrite
3453 1375 3708 1411 nuncu-

2114 1450 2323 1511 pantur
2350 1439 2720 1509 Canamuc'as
2753 1458 2795 1496 S.
2830 1439 3153 1508 Cva'mac'a‘s
3175 1440 3215 1497 i.
3247 1458 3298 1494 e.
3338 1441 3704 1520 xqvottpo'aco-

2115 1545 2201 1582 ποι
2222 1546 2267 1582 s.
2291 1523 2646 1604 κυνοκέφαλοι.
2677 1529 2773 1580 As.
2796 1528 2920 1581 Res.
2951 1528 3101 1582 VIII.
3136 1525 3208 1581 33
3226 1546 3247 1581 1
3265 1569 3279 1583 .
3363 1530 3559 1584 Mores
3585 1549 3710 1585 au-

2116 1624 2228 1669 tem
2287 1617 2654 1672 barbararum
2710 1617 2960 1690 gentium
3006 1616 3202 1688 saepius
3250 1626 3362 1671 tam
3407 1619 3702 1674 immanes

2114 1701 2525 1771 describuntur,
2578 1720 2667 1757 ex.
2713 1721 2761 1759 c.
2810 1703 3030 1758 Mahab'
3075 1703 3152 1771 11,
3211 1702 3356 1758 1865
3389 1723 3403 1761 ε
3454 1706 3706 1762 Cim‘tas

2112 1796 2397 1864 conspicio,
2438 1796 2536 1864 qui
2553 1793 2831 1863 radicibus
2847 1793 3171 1865 plantarum
3202 1806 3500 1861 vescuntur,
3543 1800 3694 1869 pel-

2114 1879 2251 1931 libus
2266 1876 2481 1947 ferinis
2508 1881 2738 1945 inclutos,
2762 1877 2938 1946 saedis
2973 1880 3213 1932 moribus
3229 1921 3245 1948 ‚
3256 1877 3691 1955 scedis-quesa-

2110 1970 2226 2020 ctis.
2259 1965 2344 2024 Cf.
2367 1965 2590 2022 Mahab.
2610 1968 2745 2036 VII,
2773 1964 2923 2037 6867
2954 1984 3069 2039 seq.

2196 2077 2223 2104 ι
2246 2056 2506 2109 Astomos
2523 2055 2581 2108 in
2609 2054 2766 2108 libris
2781 2053 2992 2108 Indicis
3017 2055 3353 2122 memorari,
3381 2055 3694 2114 ostendere

2111 2132 2367 2195 nondum
2405 2159 2698 2214 possumus
2724 2157 2880 2213 aeque
2921 2151 3088 2213 atque
3133 2143 3489 2214 AmycteraS,
3534 2162 3690 2216 quos

2113 2245 2224 2283 esse
2246 2228 2386 2282 dixit
2408 2225 2743 2304 παμφάγους,
2768 2225 3092 2306 ὠμοφάγους,
3117 2225 3516 2304 ὀλιγοχρονίους.
3555 2234 3692 2305 Ipsa

2113 2325 2296 2370 tamen
2319 2316 2488 2372 verba
2523 2317 2909 2389 descriptionis
2926 2327 3052 2371 sunt
3078 2316 3421 2372 documento
3441 2361 3456 2388 ,
3485 2321 3690 2394 Mega-

2109 2403 2359 2458 sthenem
2387 2403 2661 2458 Indorum
2689 2406 3037 2459 narrationes
3055 2416 3304 2459 secutum
3327 2423 3464 2460 esse.
3497 2410 3687 2464 Voces

2112 2482 2260 2534 enim
2290 2480 2566 2560 παμφάγος
2596 2495 2932 2555 ceteraeque,
2966 2484 3169 2557 quibus
3203 2487 3534 2555 Amyctcras
3568 2486 3682 2541 de-

2109 2570 2351 2642 scripsit,
2394 2570 2463 2625 ab
2504 2589 2610 2625 usu
2649 2571 2919 2625 sermonis
2957 2572 3120 2645 graeci
3155 2583 3385 2626 remotae
3418 2584 3547 2626 sunt
3571 2615 3585 2641 ,
3625 2586 3688 2628 et

2111 2675 2390 2713 conversae
2414 2677 2482 2714 ex
2510 2659 2781 2713 sanseritis
2808 2659 3054 2713 vocilius.
3087 2660 3192 2716 Ex.
3223 2678 3298 2727 c.‚
3325 2678 3502 2731 quum
3537 2681 3684 2718 voce

2110 2742 2389 2823 παμφάγος
2426 2747 2602 2803 Graeci
2643 2765 2878 2820 perraro
2902 2757 3153 2815 utantur,
3182 2747 3334 2819 apud
3365 2747 3542 2803 Indos
3581 2769 3680 2816 ea-

2110 2832 2238 2887 dem
2264 2852 2378 2887 vox
2399 2845 2477 2888 cst
2493 2833 2824 2907 pervulgata
2841 2873 2855 2901 ,
2879 2844 2935 2886 et
2957 2834 3157 2887 usitata
3176 2845 3306 2887 sunt
3332 2837 3680 2908 cognomina

2110 2918 2478 2977 barbararum
2525 2922 2775 2995 gentium
2816 2919 3150 2975 sarvab'axa
3171 2962 3185 2990 ‚
3242 2921 3680 2998 viqvab'dg'ana

2112 3010 2175 3082 (i.
2226 3028 2275 3067 e.
2319 3005 2660 3087 παμφάγος),
2699 3009 2788 3062 vel
2846 3007 3316 3076 mdmab'dxaca,
3382 3010 3679 3084 Antis-'Apin

2097 3101 2398 3170 ρι’ςίτιίςὶη,
2424 3098 2692 3168 craiy‘cicla
2717 3093 2738 3171 (
2760 3097 2797 3149 ἰ.
2832 3114 2879 3151 e.
2906 3092 3231 3152 carnivorus
3263 3093 3390 3173 (μ).

2193 3211 2216 3235 «
2247 3189 2327 3241 Ea
2353 3204 2477 3259 quae
2503 3185 2604 3240 uni
2632 3185 3066 3241 Monoculorum
3095 3187 3247 3260 genti
3285 3189 3522 3259 propria
3564 3206 3680 3244 esse

2170 3308 2235 3366 ζ’)
2264 3306 2334 3355 cf.
2364 3305 2568 3356 MahAb‘.
2592 3309 2655 3367 X,
2681 3309 2924 3355 452—457
2951 3326 2962 3337 ·
2987 3306 3065 3355 Ibi
3088 3307 3536 3368 conspiciebantur
3581 3308 3677 3357 ltet-

2107 3391 2253 3427 oeasae
2289 3381 2339 3427 el
2373 3376 2602 3427 Picdlc’oe
2637 3379 2804 3431 varii,
2842 3390 3050 3426 carnem
3084 3377 3368 3426 humanam
3403 3382 3674 3441 vorantes,

2104 3452 2407 3508 sanquinem
2429 3447 2673 3501 bibentes,
2709 3450 2970 3507 inqentes,
2988 3446 3163 3506 susci,
3194 3451 3368 3495 saxeis
3390 3448 3633 3498 dentibus
3653 3481 3671 3504 ,

2111 3520 2278 3567 tauris
2310 3518 2534 3572 similes,
2572 3517 2779 3579 capillis
2804 3516 3064 3575 horridis,
3098 3517 3264 3578 lonqis
3293 3519 3536 3567 inslrucli
3560 3531 3673 3567 con·

2105 3587 2246 3642 cleis,
2273 3585 2613 3649 pentapocles,
2635 3589 2876 3636 ventriosi
2895 3621 2910 3645 ,
2934 3586 3195 3647 opisllio
3212 3585 3491 3648 dactyli,
3516 3601 3672 3650 aspe-

2107 3660 2153 3706 ri
2174 3689 2188 3711 ,
2239 3657 2518 3717 desormeS,
2566 3670 2680 3706 voce
2733 3656 2997 3714 horribili,
3049 3658 3317 3717 campanis
3365 3656 3672 3719 retibusque

2108 3731 2374 3787 instructi,
2401 3730 2564 3790 myris
2583 3726 2904 3788 miliaribus,
2915 3724 3246 3785 formidolosi
3259 3761 3275 3786 ,
3294 3725 3657 3787 crudelissimi,

2108 3799 2258 3849 vulla
2281 3798 2522 3848 horribili
2545 3813 2562 3847 .·
2586 3800 2847 3860 varioeque
2865 3795 3204 3846 Rcixasarum
3239 3797 3417 3850 former
3439 3795 3509 3843 ibi
3537 3806 3656 3843 con·

2104 3869 2467 3931 spiciebanlur.
2531 3870 2600 3917 Ec
2623 3868 2720 3916 alii
2739 3878 2898 3930 quum
2925 3870 3232 3926 sanquinem
3250 3864 3509 3921 bibissent,
3544 3863 3658 3912 loeli

2103 3940 2410 3988 catervatim
2442 3934 2739 3995 saltabant,
2779 3936 3015 3985 collocuti
3055 3936 3215 3991 talia,
3255 3954 3278 3977 ιι
3307 3932 3391 3981 boc
3410 3934 3485 3981 εει
3521 3936 3656 3993 opli-

2103 4021 2272 4068 mum,
2300 4009 2679 4067 clarissimum,
2702 4005 3082 4055 dulcissimum.
3107 4024 3130 4048 u
3199 4008 3281 4054 Sic
3302 4001 3657 4065 colloqueban-

2107 4082 2195 4128 tur
2212 4079 2294 4128 illi
2317 4081 2559 4127 vorantes
2583 4076 2866 4125 medullam
2884 4112 2898 4135 ‚
2914 4088 3027 4125 ossa
3041 4112 3055 4134 ,
3074 4077 3398 4137 sanquinem,
3419 4073 3660 4134 adipem,

2104 4151 2332 4200 hostium
2363 4159 2575 4197 carnem
2613 4147 2947 4207 devorantes,
2984 4145 3152 4195 cruda
3185 4157 3344 4195 carne
3379 4146 3664 4207 vescentes,

2103 4232 2262 4272 carne
2285 4221 2530 4269 viventes.

2166 4291 2253 4353 (**)
2278 4290 2354 4339 Cs.
2375 4285 2574 4337 Mabab'.
2589 4289 2710 4348 xli,
2734 4293 2856 4338 6956
2877 4308 2888 4335 :
2910 4285 3100 4336 Cddrce
3122 4286 3370 4335 dicuntur
3389 4299 3494 4335 esse
3521 4300 3668 4349 pam·

2100 4362 2256 4423 pleayi
2275 4370 2487 4420 semper,
2515 4357 2719 4406 nullius
2735 4356 2880 4417 facti
2912 4360 3170 4418 aperies,
3197 4359 3419 4417 impuri,
3451 4359 3499 4404 et
3518 4370 3666 4418 quem

2093 4437 2251 4482 locum
2275 4428 2574 4479 laudavimus
2603 4427 2648 4476 in
2674 4430 2773 4476 not.
2797 4426 3108 4477 antecedente
3131 4426 3420 4475 camivoros
3441 4440 3551 4476 esse
3569 4431 3660 4478 Pa·

2089 4504 2238 4562 daeoz,
2253 4503 2354 4563 iam
2376 4498 2644 4548 Herodotus
2665 4499 2752 4560 ΙΙΙ,
2769 4502 2831 4548 99
2845 4499 3084 4547 retulerat.
3103 4496 3370 4559 Omopiiagi
3383 4511 3493 4547 esse
3510 4499 3658 4549 iidem

2089 4576 2307 4625 videntur
2328 4574 2472 4630 atque
2492 4569 2571 4630 qui
2591 4569 2734 4631 vulgo
2757 4569 3056 4630 appellantur
3079 4567 3380 4631 Agriophagi.
3405 4569 3658 4620 Interdum

2096 4640 2264 4691 iisdem
2300 4637 2526 4697 vocibus,
2557 4634 2734 4696 quibus
2758 4634 2858 4696 ipsa
2891 4634 3083 4682 nomina
3116 4632 3330 4693 gentium
3362 4629 3664 4691 significent,

2096 4711 2348 4772 scriptores
2366 4719 2517 4769 quum
2539 4703 2687 4754 indici
2703 4706 2810 4753 tum
2834 4702 2991 4753 Graeci
3010 4704 3228 4749 utuntur.
3298 4701 3368 4748 ita
3389 4698 3522 4759 apud
3559 4700 3662 4747 Pli-

2096 4782 2227 4830 nium
2247 4783 2332 4839 Vl,
2362 4784 2439 4837 35,
2467 4779 2518 4827 17
2557 4774 2671 4837 (qui
2690 4772 2824 4823 locus
2841 4772 3030 4822 videtur
3048 4770 3108 4820 ad
3131 4768 3314 4819 indiam
3334 4768 3496 4829 potius
3513 4781 3665 4830 quam

2096 4850 2158 4901 ad
2177 4849 2459 4911 AEtliiopiam
2478 4842 2722 4907 spectare)
2744 4845 3070 4892 memorantur
3089 4842 3261 4900 Niyrae
3277 4876 3292 4898 ,
3313 4850 3540 4901 quorum
3568 4850 3662 4885 rex

2095 4933 2260 4972 unum
2273 4919 2478 4969 oculum
2493 4915 2685 4967 habeat
2703 4918 2756 4963 in
2766 4913 2969 4974 fronte,
2987 4909 3317 4971 Aqrioplzaqi,
3343 4910 3473 4955 Pam
3478 4907 3662 4968 ptumi,

2097 4987 2547 5052 Anthropophaqi,
2586 4983 2880 5048 cynamolyi
2926 4981 3157 5041 (caninis
3185 4976 3502 5039 capilibics);
3531 4990 3663 5039 pars

2097 5060 2338 5127 quoedam
2363 5058 2664 5120 AEthiopum
2692 5054 2908 5105 locustis
2938 5054 3141 5101 lantum
3163 5051 3321 5103 vivit,
3349 5049 3390 5095 ii
3424 5046 3662 5110 quam-a·

2093 5136 2336 5200 qesimum
2358 5140 2555 5179 annum
2581 5129 2700 5177 vitoe
2719 5137 2817 5175 non
2838 5122 3107 5173 excedunt.
