4016 5916
1226 369 1964 432 LACEDAEMOEIORUM
2013 374 2498 440 RESPUBLICA.

3346 399 3456 450 12⁴)

280 528 392 587 ραν.
438 504 537 564 Ἐν
580 503 726 584 μέσῳ
756 502 809 562 δὲ
855 502 1046 563 τούτων
1081 503 1175 571 τὰς
1210 503 1489 576 ἐκκλησίας
1527 496 1676 584 ἦγον,
1710 505 1826 565 οὔτε
1923 510 2019 565 stis
2032 530 2216 569 sermo
2240 517 3218 598 erat.CeterumWelckero(Trilog.
3239 542 3296 598 p.
3319 543 3466 600 290,

273 591 556 651 παστάδων
585 594 751 650 οὐσῶν
776 589 892 650 οὔτε
913 591 1074 663 ἄλλης
1092 590 1227 657 τινὸς
1246 595 1594 663 κατασκευῆς.

1008 706 1102 766 80.

351 821 633 878 Plutarch.
668 822 910 895 Lycurg.
941 839 991 878 c.
1024 818 1098 875 28
1125 839 1141 874 ε
1185 817 1256 878 Ἡ
1285 815 1338 875 δὲ
1367 816 1664 894 καλουμένη
1705 841 1830 897 κρυ·

272 905 400 963 πτία
432 904 562 985 παρ’
596 906 795 977 αὐτοῖς,
840 904 945 983 εἴγε
973 903 1037 976 δὴ
1075 903 1166 963 καὶ
1208 910 1358 964 τοῦτο
1396 908 1499 963 τῶν
1530 905 1829 985 Λυκούργου

268 990 666 1068 πολιτευμάτων
708 989 761 1049 ἕν
806 994 945 1050 ἐστιν
963 1036 982 1067 ,
1028 993 1099 1058 ὡς
1147 990 1509 1072 Ἀριστοτέλης
1548 992 1790 1073 ἱστόρηκε
1809 1038 1827 1068 ,

266 1075 462 1146 ταύτην
490 1075 551 1134 ἂν
580 1075 661 1149 εἴη
691 1078 781 1135 καὶ
808 1079 884 1158 τῷ
913 1076 1166 1138 Πλάτωνι
1185 1076 1307 1159 περὶ
1334 1081 1427 1150 τῆς
1445 1079 1707 1146 πολιτείας
1736 1079 1827 1138 καὶ

269 1168 358 1222 τοῦ
384 1162 564 1244 ἀνδρὸς
585 1163 956 1243 ἕνειργασμένη
980 1163 1153 1233 δόξαν.

345 1252 506 1308 Idem
543 1252 684 1309 ibid.
732 1271 749 1312 ε
791 1249 1151 1331 Ἀριστοτέλης
1192 1250 1247 1309 δὲ
1289 1250 1520 1327 μάλιστά
1564 1277 1690 1335 φησι
1734 1252 1825 1312 καὶ

266 1336 382 1405 τοὺς
403 1337 615 1419 ἐφόρους
632 1382 650 1411 ,
677 1335 800 1397 ὅταν
826 1340 899 1404 εἰς
937 1336 1032 1409 τὴν
1064 1337 1231 1420 ἀρχὴν
1259 1344 1563 1399 καταστῶσι
1583 1345 1786 1420 πρῶτον

260 1429 368 1492 τοῖς
403 1422 604 1485 Εἵλωσι
638 1423 1006 1504 καταγγέλλειν
1035 1425 1283 1502 πόλεμον,
1328 1424 1467 1495 ὅπως
1495 1419 1734 1507 εὖαγὲςῇ

264 1513 486 1571 ἀνελεῖν.
504 1514 588 1571 Cf.
610 1511 833 1573 Miiller.
855 1516 989 1571 Dor.
1014 1515 1090 1584 11,
1113 1513 1208 1579 43.
1232 1513 1337 1570 125
1351 1536 1367 1585 ;
1391 1515 1523 1586 310,
1550 1517 1608 1574 6.
1629 1519 1819 1572 Manso

257 1603 467 1677 Sparta
493 1619 554 1675 p.
592 1607 693 1667 141
728 1620 850 1675 sqq.
871 1603 1179 1659 Hermann.
1207 1604 1440 1676 Antiqq.
1469 1603 1502 1677 S
1527 1603 1600 1669 48
1620 1645 1636 1673 ,

339 1690 602 1746 Ceterum
630 1688 703 1743 de
729 1687 937 1746 Laced.
971 1690 1115 1761 Rep.
1137 1688 1267 1743 vide
1291 1690 1620 1763 ampliorem
1647 1709 1817 1763 quam

253 1787 325 1832 ut
342 1777 665 1832 exscribere
688 1777 856 1831 velim
882 1776 1316 1849 disputationem
1348 1778 1406 1831 in
1440 1779 1610 1834 Arist.
1642 1775 1813 1835 Polit.

253 1866 348 1934 11,
378 1864 449 1934 6,
482 1883 504 1918 1
533 1882 684 1937 sqq„
709 1864 836 1918 coll.
865 1865 957 1933 ῙῙ,
987 1863 1043 1932 3,
1074 1865 1296 1938 1031v,
1325 1862 1381 1933 5,
1415 1867 1640 1935 1131v,
1675 1885 1731 1940 7,
1758 1872 1812 1935 [⁸3

255 1954 364 2021 111,
385 1971 444 2026 9,
468 1970 525 2008 2.
547 1953 633 2007 De
647 1951 876 2025 singulis
891 1950 1224 2025 quibusdam
1240 1951 1371 2006 vide
1391 1953 1487 2020 IV,
1517 1971 1554 2026 9
1574 1993 1590 2021 ,
1625 1972 1693 2007 1o
1711 1951 1815 2031 (de

255 2043 523 2113 Lycurgo
546 2038 604 2094 ἐκ
631 2039 733 2093 τῶν
757 2033 927 2111 μέσων
951 2037 1175 2093 πολιτῶν
1199 2037 1542 2115 legislatore)
1564 2041 1673 2109 311,
1696 2060 1749 2111 7,
1784 2061 1806 2096 1

258 2123 365 2197 (de
399 2128 662 2199 Lycurgo
710 2126 771 2179 in
807 2125 992 2195 Creta,
1019 2135 1084 2179 ut
1123 2124 1347 2195 serunt,
1376 2124 1474 2180 diu
1508 2137 1727 2181 morato
1758 2127 1775 2202 )
1794 2149 1810 2198 ;

253 2213 333 2280 11,
364 2230 420 2279 a,
462 2232 531 2267 1o
563 2211 669 2287 (de
692 2210 987 2287 syoeitiis);
1015 2213 1153 2281 vll,
1185 2230 1251 2282 2,
1281 2209 1314 2265 5
1350 2211 1457 2287 (de
1480 2212 1813 2271 educatione

255 2298 633 2375 puerorum);
661 2300 752 2369 11,
795 2317 828 2354 α
849 2341 865 2369 ,
897 2296 930 2353 5
962 2296 1070 2376 (de
1100 2301 1387 2354 communi
1429 2312 1720 2355 servorum
1757 2313 1814 2357 et

256 2404 534 2459 equorum
574 2381 987 2461 possessione);
1020 2388 1087 2454 V,
1129 2385 1199 2456 6,
1223 2405 1256 2440 a
1290 2385 1394 2460 (de
1427 2386 1577 2441 bello
1598 2389 1810 2443 Messe-

254 2474 416 2528 niaco
442 2485 497 2528 et
519 2475 741 2546 Tyrtaeo
766 2472 817 2547 );
840 2475 904 2543 V,
924 2491 983 2546 9,
1014 2490 1037 2526 1
1066 2470 1155 2545 (de
1171 2472 1543 2546 Theopompo
1566 2474 1810 2548 ephoros

253 2560 606 2635 instituente)
626 2581 642 2630 ;
666 2562 734 2630 V,
760 2561 815 2629 6,
841 2581 863 2616 1
900 2558 1003 2635 (de
1025 2556 1333 2615 Partheniis
1350 2561 1573 2615 Tarenti
1604 2562 1809 2617 condi-

255 2646 536 2722 toribus);
564 2650 634 2716 V,
676 2667 698 2702 1
720 2691 737 2718 ‚
773 2646 805 2702 5
835 2644 936 2724 (de
976 2647 1265 2719 Lysandro
1292 2643 1589 2725 βασιλείαν,
1626 2648 1808 2723 deque

255 2735 520 2789 Pausania
544 2731 776 2812 ἐφορείαν
806 2735 1097 2806 antiquare
1121 2734 1489 2811 tentantibus)
1508 2754 1524 2810 ;
1543 2737 1645 2791 VII
1661 2777 1678 2806 ,
1707 2755 1728 2790 1
1744 2736 1804 2809 3,

263 2819 326 2875 13
361 2820 378 2896 (
405 2822 538 2876 item
563 2820 634 2876 de
656 2822 919 2876 Pausania
947 2816 985 2896 ).

978 2937 1074 2998 81.

331 3065 561 3120 Photius
603 3067 742 3121 Lex.
792 3083 805 3118 ε
839 3061 1112 3134 Πελάται,
1158 3063 1205 3120 οἱ
1236 3051 1405 3139 μισθῶ
1448 3061 1802 3137 δουλεύοντες,

252 3150 362 3209 brt)
396 3149 457 3209 τὸ
481 3149 563 3229 (l.
591 3149 695 3207 ἀπὸ
726 3151 851 3223 τοῦ)
883 3147 1079 3226 πέλας,
1116 3148 1289 3227 ἰγγύς·
1334 3125 1439 3208 οἷον
1478 3149 1688 3230 ἔγγιστα
1720 3150 1803 3209 διὰ

249 3239 433 3295 πενίαν
474 3235 787 3317 προσιόντες.
831 3234 1205 3315 Ἀριστοτέλης.
1246 3238 1334 3296 Cf.
1363 3238 1541 3296 schol.
1586 3240 1801 3297 Platon.

248 3326 642 3400 Euthyphron.
664 3344 725 3399 p.
751 3325 862 3396 327
883 3324 1060 3383 Bekk.
1097 3342 1111 3381 ε
1146 3321 1388 3394 Πελάτης
1410 3326 1438 3380 δ
1454 3322 1568 3380 ἀντὶ
1598 3327 1801 3404 τροφῶν

249 3415 521 3493 ὑπηρετῶν
539 3411 630 3470 καὶ
655 3409 1055 3491 προσπελάζων,
1072 3410 1177 3468 ἀπὸ
1198 3414 1290 3468 τοῦ
1312 3409 1476 3477 πέλας
1494 3410 1612 3483 ἤτοι
1637 3411 1803 3489 ἐγγύς,

252 3499 487 3559 ἐκαλεῖτο
516 3500 544 3555 ὁ
572 3499 637 3556 δι’
657 3495 851 3556 ἔνδειαν
875 3494 1123 3573 προσιὼν,
1152 3496 1352 3574 μίσθιος
1388 3495 1444 3556 δὲ
1470 3500 1759 3579 ὑπηρετῶν.

327 3591 410 3644 Ex
438 3586 995 3643 Lacedaemoniorum
1021 3587 1168 3661 Rep.
1194 3587 1313 3642 haec
1335 3588 1511 3661 petita
1545 3606 1659 3644 esse
1683 3605 1802 3644 non

250 3674 559 3731 contendo.
585 3675 726 3729 Nam
751 3669 976 3729 πελάται
1006 3683 1062 3734 et
1089 3674 1306 3729 Helotae
1335 3673 1601 3729 dicuntur
1628 3673 1797 3749 (Plu-

249 3764 429 3820 tarch.
471 3760 643 3836 Agid.
696 3759 770 3835 6)
822 3772 878 3817 et
919 3762 1159 3819 Clarotae
1189 3761 1535 3817 Cretensium
1587 3761 1798 3836 (Dion.

245 3852 373 3907 Hal.
407 3853 475 3906 A.
506 3851 579 3905 R.
613 3865 672 3921 p.
705 3845 852 3917 388,
881 3845 1028 3924 33),
1058 3867 1131 3903 ne
1163 3848 1346 3904 dicam
1393 3847 1464 3903 de
1498 3847 1803 3926 προσπελά-

244 3959 357 4001 ταις
393 3934 699 3992 ArcadiciS.
735 3932 1005 3991 Poterant
1033 3937 1199 3991 etiam
1229 3938 1659 3992 commemorari
1687 3937 1789 3992 ubi

246 4024 317 4080 de
343 4024 510 4078 thetis
531 4020 956 4077 Atheniensium
995 4023 1085 4078 vel
1110 4022 1180 4078 de
1219 4023 1603 4079 Thessalorum
1632 4042 1801 4097 pene·

244 4185 431 4236 cionem
466 4185 631 4248 fluvii,
671 4186 910 4249 Babycam
957 4187 1116 4250 pontis
1153 4201 1327 4237 nomen
1363 4200 1465 4237 oese
1504 4190 1674 4236 auctor
1705 4191 1792 4237 est.

245 4265 427 4313 florum
454 4262 506 4312 in
527 4261 685 4312 medio
707 4263 958 4312 conciones
977 4262 1198 4328 agebant,
1222 4278 1373 4327 quum
1397 4276 1553 4326 neque
1578 4265 1793 4326 porticus

245 4353 399 4403 neque
418 4340 542 4389 alius
561 4339 691 4390 ullus
707 4342 964 4404 apparatus
979 4343 1122 4390 esset.

305 4507 517 4571 crypuoe
551 4517 746 4569 quoque
781 4503 952 4553 auctor
980 4424 1239 4566 8Loycurgus
1272 4503 1361 4553 suit
1379 4541 1394 4567 ,
1431 4504 1488 4554 ut
1520 4503 1797 4554 Aristoteles

245 4582 586 4713 Ἢῐείεε
624 4660 841 4724 inprimis
879 4661 1052 4709 auctor
1091 4661 1166 4709 est
1192 4603 1432 4721 Ερὴδῖοε,
1474 4658 1559 4708 ubi
1586 4659 1795 4721 primum

245 4739 571 4802 magistratum
589 4736 864 4800 occipiunt,
881 4736 1063 4787 bellum
1084 4735 1334 4787 Helotibus
1347 4735 1555 4786 indicere
1570 4772 1586 4799 ,
1603 4739 1658 4785 ut
1678 4736 1796 4785 citra

246 4817 519 4881 religionem
542 4815 573 4865 ii
595 4814 747 4865 occidi
761 4815 960 4878 possint.

307 4981 511 5042 Peiatae,
548 4978 632 5043 qui
671 4980 892 5030 mercede
929 4897 1171 5040 seaeiunn
1206 4992 1383 5029 nomen
1423 4976 1735 5028 derivandum
1768 4991 1798 5028 a

243 5072 272 5107 a
295 5071 416 5107 voce
453 5059 624 5117 πέλας,
646 5056 679 5106 i.
714 5070 758 5107 e.
782 5070 955 5120 prope,
981 5058 1038 5106 ut
1066 5055 1264 5105 πελάται
1289 5056 1387 5107 sint
1425 5053 1646 5118 proxime
1677 5067 1788 5117 pro-

245 5141 351 5200 pter
374 5138 701 5200 paupertatem
728 5136 1023 5186 accedentes.
1044 5135 1335 5186 Aristoteles.

506 5235 788 5274 nacutxn
810 5236 932 5275 818⁶?-
951 5237 1033 5275 GR·
1062 5252 1116 5264 ⁴—
1143 5238 1250 5276 VOL·
1274 5240 1326 5276 ΙΙ.

1663 1610 1693 1668 l.
1729 1623 1816 1678 sq·
1905 1631 2142 1707 λέγοντος
2169 1634 2457 1693 κωλύεσθαι
2491 1637 2806 1713 ἀποδημεῖν,
2854 1641 2901 1696 οἱ

1921 594 2148 656 πελάται
2164 614 2293 656 sunt
2309 600 2511 670 ἐλάται,
2530 602 2869 678 βουπελάται.
2888 606 2973 664 Cf.
2994 609 3214 663 Miiller.
3235 612 3369 669 Dor.
3394 614 3469 681 11,

1923 688 2028 762 693
2054 689 2337 745 Ruhnken
2362 689 2435 743 ad
2457 691 2645 744 Timaei
2675 691 2809 749 Lex.
2836 711 2875 752 s,
2900 712 2956 750 v.

2653 799 2748 858 82.

1997 941 2458 1013 Harpocration:
2493 936 2606 997 Καὶ
2627 937 2749 1019 γὰρ
2772 937 2840 997 τὸ
2864 944 3103 1017 μηδένα
3128 947 3251 1001 τῶν
3276 946 3470 1025 μαχί-

1867 1042 1877 1094 1
1917 1047 2047 1099 μων
2077 1025 2229 1081 ἄνευ
2252 1027 2362 1095 τῆς
2399 1026 2523 1081 τῶν
2551 1025 2887 1104 ἀρχόντων
2914 1028 3184 1107 γνώμης
3219 1033 3466 1106 ἀποδη-

1916 1111 2080 1186 μεῖν.
2116 1109 2448 1191 Ἰσοκράτους
2476 1113 2528 1168 ἐν
2558 1112 2820 1193 Βουσίριδι
2847 1114 2906 1195 (§
2942 1118 3046 1193 18)
3078 1117 3196 1198 περὶ
3218 1121 3470 1178 Λακεδαι·

1915 1198 2106 1272 μονίων
2145 1203 2313 1256 ταῦτα
2351 1196 2617 1275 λέγοντος,
2648 1199 2825 1280 ῥητέον
2853 1201 2932 1260 ὅτι
2960 1204 3051 1263 καὶ
3078 1208 3126 1263 οἱ
3164 1203 3257 1272 τὰς
3284 1209 3465 1266 Λακευ

1913 1282 2192 1359 δαιμονίων
2239 1283 2498 1352 πολιτείας
2534 1286 2846 1367 γεγραφότες
2874 1287 2941 1347 τὰ
2968 1289 3123 1367 ὅμοια
3163 1291 3459 1371 εἰρήκασιν·

1797 1388 1821 1447 3
1910 1374 1938 1428 δ
1980 1371 2034 1428 δὲ
2079 1370 2435 1451 Ἀριστοτέλης
2476 1374 2569 1430 οὐκ
2611 1372 2799 1441 ἐξεῖναί
2839 1398 2993 1456 φησιν
3033 1378 3321 1455 ἀποδημεῖν
3359 1383 3466 1448 τοῖς

1763 1450 1823 1485 το
1910 1459 2366 1535 Λακεδαιμονίοις,
2385 1458 2523 1527 ὅπως
2543 1460 2617 1536 μὴ
2647 1461 2912 1530 ἐθίζωνται
2942 1463 3115 1522 ἄλλων
3136 1465 3305 1541 νόμων
3333 1457 3464 1526 εἶναι

1909 1545 2071 1624 φίλοι.
2114 1549 2225 1607 Τοῦ
2266 1545 2443 1625 μέντοι
2470 1547 2798 1629 Ἰσοκράτους
2840 1548 2957 1618 τοὺς
2984 1550 3251 1631 μαχίμους
3280 1553 3464 1631 μόνους

2939 1639 3059 1720 περὶ
3100 1640 3460 1721 Ἀριστοτέλην

1905 1718 2023 1787 τοὺς
2041 1720 2240 1787 πάντας
2268 1722 2705 1799 Λακεδαιμονίους
2732 1724 2905 1805 φασίν.

2629 1843 2723 1901 83.

1982 1957 2395 2028 Harpocration
2409 1976 2461 2013 V.
2486 1956 2547 2015 Μ
2558 1954 2588 2013 ο’
2603 1978 2720 2036 ρων
2743 1976 2759 2016 :
2784 1958 3136 2036 Συντάγματά
3151 1980 3263 2016 τινα
3276 1962 3462 2020 Λακω-

1902 2037 2022 2096 νικὰ
2062 2039 2197 2097 οὕτω
2240 2041 2509 2098 καλεῖται·
2548 2040 2824 2101 διείλεκται
2853 2042 2907 2102 δὲ
2940 2043 3279 2124 περὶτούτων
3316 2030 3463 2126 ’Apa-⁰

1903 2126 2148 2198 στοτέλης
2184 2130 2237 2185 ἐν
2273 2132 2338 2206 τῇ
2367 2129 2796 2207 Λακεδαιμονίων
2824 2132 3076 2212 πολιτεία.
3110 2131 3259 2205 Φησὶ
3284 2134 3338 2191 δὲ
3378 2136 3448 2198 ὡς

1903 2211 2001 2270 εἰσὶ
2043 2214 2203 2294 μόραι
2248 2217 2265 2291 (
2290 2214 2444 2295 μοίρα
2474 2219 2644 2277 codd.
2668 2217 2684 2297 )
2729 2216 2780 2286 ἒξ
2808 2219 3208 2297 ὠνομασμέναι,
3233 2220 3321 2278 καὶ
3349 2219 3458 2298 διῄ-

1904 2323 2087 2380 ρηνται
2111 2304 2181 2368 εἰς
2218 2300 2309 2369 τὰς
2339 2302 2502 2383 μόρας
2531 2306 2937 2383 Λακεδαιμόνιοι
2965 2307 3176 2374 πάντες.
3208 2308 3455 2388 Ξενοφῶν

1899 2390 1953 2447 δὲ
1978 2390 2032 2446 ἐν
2051 2394 2116 2469 τῇ
2140 2390 2402 2451 Λακώνων
2422 2391 2655 2473 πολιτείᾳ
2688 2394 2765 2470 (c.
2799 2415 2820 2450 1
2840 2415 2887 2466 1,
2916 2395 2982 2472 ί.)
3008 2394 3191 2474 φησίν·
3213 2421 3237 2446 ι
3258 2393 3452 2465 ἑκάστη

1899 2478 1953 2535 δὲ
1975 2481 2080 2535 τῶν
2120 2480 2399 2536 πολιτικῶν
2441 2482 2614 2558 μορῶν
2641 2477 2749 2558 ἔχει
2776 2479 3107 2561 πολέμαρχον
3138 2480 3225 2540 ἕνα
3243 2528 3261 2557 ,
3290 2482 3454 2558 λοχα-

1896 2563 2014 2643 γοὺς
2042 2565 2108 2638 δ’,
2131 2564 2517 2635 πεντηκοστύας
2540 2566 2613 2639 η’,
2651 2567 3021 2648 ἐνωμοτάρχας
3067 2569 3158 2635 ις’.
3193 2595 3216 2621 ν
3241 2569 3451 2625 Eadem

1896 2655 2094 2712 Suidas
2137 2665 2192 2709 et
2232 2655 2485 2713 Photius.
2524 2656 2628 2711 Ille
2667 2654 2776 2730 pro
2810 2655 2970 2736 μόραι
3000 2654 3053 2723 ἓξ
3078 2658 3249 2713 habet
3292 2653 3454 2734 μόραι

1894 2739 2024 2812 καὶ,
2062 2741 2296 2797 Photius
2338 2737 2498 2818 μόραι
2548 2740 2718 2817 ἑπτὰ,
2756 2762 3071 2819 perperam.
3110 2746 3197 2802 cf.
3248 2744 3443 2818 Steph.

1894 2830 2058 2885 Thes.
2073 2847 2130 2889 v,
2154 2824 2342 2905 Μόρα;
2366 2826 2667 2884 Hermann.
2689 2830 3155 2906 Staatsalterth.§
3185 2852 3292 2907 293
3312 2834 3452 2887 Miil-

1894 2919 1997 2976 ler.
2020 2919 2154 2974 Dor.
2184 2918 2257 2986 11,
2294 2915 2406 2972 236
2434 2935 2519 2991 sq.

2628 3029 2723 3095 84.

1974 3148 2212 3205 Photius
2237 3152 2369 3206 Lex.
2405 3168 2419 3208 ε
2446 3151 2493 3209 Λ
2511 3148 2590 3228 όχ
2600 3172 2659 3206 οι
2687 3150 3110 3227 Λακεδαιμονίων
3130 3152 3196 3226 δ’,
3222 3155 3291 3220 ὥς
3315 3153 3451 3235 Ἀρι-

1894 3235 2151 3315 στοφάνης
2167 3259 2181 3273 ·
2206 3234 2529 3308 Θουκυδίδης
2552 3236 2607 3294 δὲ
2629 3237 2695 3314 ε’,
2728 3236 3083 3318 Ἀριστοτέλης
3106 3239 3167 3309 ζ’.

1973 3325 2211 3399 Hesych.
2233 3333 2258 3382 ’τ
2294 3323 2458 3402 Λόχοι
2490 3324 2918 3400 Λακεδαιμονίων
2948 3326 3102 3407 φησὶν
3139 3326 3447 3409 Ἀριστοφά-

1892 3432 1983 3481 νης
2010 3409 2273 3492 τέτταρες·
2395 3408 2547 3468 πέντε
2567 3409 2668 3491 γάρ
2699 3417 2847 3483 εἰσιν,
2874 3409 2944 3478 ὥς
2963 3436 3120 3492 φησιν
3149 3413 3447 3493 Ἀριστοτέ-

1892 3499 2008 3570 λης.
2036 3502 2171 3572 Quae
2193 3518 2225 3555 e
2251 3500 2455 3556 Photio
2474 3500 2843 3558 emendanda.
2878 3502 3267 3576 Aristophanis
3291 3504 3450 3561 locus

1893 3599 1972 3644 est
1999 3591 2059 3642 in
2092 3589 2321 3661 Lysistr.
2353 3586 2464 3652 453
2498 3604 2514 3645 2
2543 3588 2682 3664 Παρ’
2710 3586 2839 3662 ἡμῖν
2874 3590 2972 3646 εἶσι
3000 3588 3153 3666 λόχοι
3186 3587 3434 3668 τέσσαρες

1894 3672 2149 3752 μαχίμων
2169 3671 2384 3750 ἀνδρῶν,
2410 3674 2482 3729 ad
2503 3692 2673 3747 quem
2709 3675 2901 3730 locum
2931 3679 3231 3751 respiciens
3263 3679 3440 3736 schol.

1891 3762 2140 3820 Acharn.
2178 3766 2323 3832 1074
2385 3759 2572 3833 (unde
2598 3779 2695 3815 sua
2717 3761 2889 3817 habet
2924 3762 3124 3819 Suidas
3153 3782 3210 3822 V.
3239 3762 3442 3841 Λόχοι)

1893 3861 2087 3904 monet
2118 3869 2133 3905 ι
2164 3843 2324 3926 Παρὰ
2367 3844 2422 3903 δὲ
2456 3846 2889 3922 Λακεδαιμονίοις
2926 3850 3156 3928 δπῆρχον
3197 3848 3444 3929 τέσσαρες

1891 3933 2041 4012 λόχοι
2061 3978 2079 4008 ,
2108 3923 2180 3998 οἶς
2211 3931 2463 4013 ἐκέχρητο
2494 3936 2521 3990 ὅ
2560 3931 2821 4011 βασιλεύς.
2858 3936 3099 3991 Eosdem
3135 3939 3330 3992 lochos
3375 3958 3441 3994 ex

1893 4025 2191 4081 Aristotele
2212 4024 2515 4078 memorari
2544 4022 2857 4096 probabilis
2885 4026 3153 4079 sententia
3177 4036 3256 4079 cst
3282 4026 3442 4081 Gras-

1961 4282 2238 4333 Aristoteles
2255 4295 2350 4331 non
2369 4283 2511 4332 licere
2536 4203 3037 4332 diciffiacedaemoniis
3052 4283 3356 4346 peregrinari,
3380 4298 3442 4334 ne

1887 4360 2090 4409 aliarum
2113 4360 2273 4422 legum
2292 4359 2450 4409 studio
2472 4363 2813 4410 assuescerent.
2832 4364 2958 4410 Dum
2974 4363 3207 4410 Isocrates
3227 4361 3296 4410 ait
3312 4362 3442 4411 solos

1891 4437 2122 4487 militares
2146 4437 2522 4500 peregrinatione
2539 4438 2805 4499 prohibitos
2828 4450 2955 4498 esse,
2976 4437 3256 4487 Aristoteles
3275 4451 3442 4488 omnes

1887 4512 2273 4563 Lacedaemonios
2292 4512 2424 4563 dicit.

2614 4609 2703 4660 83.

1949 4705 2100 4752 Morae
2135 4720 2148 4752 ε
2178 4701 2401 4752 cohortes
2435 4702 2660 4766 quaedam
2693 4702 2942 4753 Laconicae
2977 4702 3046 4752 sic
3078 4706 3343 4766 vocantur,
3379 4705 3441 4756 de

1886 4781 2062 4844 quibus
2091 4775 2277 4829 disse’rit
2313 4779 2592 4830 Aristoteles
2624 4780 2672 4829 in
2708 4783 2819 4831 Lac.
2859 4780 3134 4843 Republica.
3164 4781 3291 4831 Dicit
3322 4796 3439 4831 vero

1888 4873 2047 4910 moras
2072 4872 2172 4909 esse
2198 4871 2310 4921 sex,
2346 4860 2393 4908 in
2424 4872 2545 4922 quas
2571 4859 2781 4910 universi
2812 4859 3156 4911 Lacedaemonii
3193 4860 3436 4910 distributi

1889 4942 2006 4990 εἴη’.

2622 5036 2709 5087 84.

1948 5130 2096 5182 Lochi
2121 5130 2597 5182 Lacedaemoniorum
2615 5133 2727 5182 suut
2745 5132 2944 5194 septem,
2966 5130 3038 5179 uti
3054 5128 3337 5191 Aristoteles,
3348 5127 3434 5179 ait.

3140 5273 3165 5310 Ω
