4016 5916
1049 415 2053 556 CLEARCHUS
2140 410 2980 548 SOLENSIS.

514 871 811 928 Clearchus
836 867 902 942 (*)
929 870 1171 941 patriam
1192 867 1391 921 habuit
1417 866 1579 921 Solos
1598 905 1613 934 ,
1642 881 1761 919 non
1778 862 1983 918 Ciliciae
2081 857 2229 935 [16.
2278 855 2412 934 Περὶ
2434 856 2596 935 ᾠῶνῖ
2624 858 2701 914 1“1·.
2727 863 2796 927 74
2820 853 2887 932 a]

434 961 588 1014 illam
622 957 720 1013 sed
756 957 928 1029 Cypri
964 956 1195 1023 urbem,
1237 955 1321 1010 uti
1358 954 1473 1028 ipse
1514 963 1714 1007 auctor
1741 950 1988 1006 declarat

437 1046 508 1100 fr.
535 1043 608 1100 35
627 1084 643 1113 ,
667 1043 766 1098 ubi
797 1041 869 1096 de
897 1042 1065 1115 Cypri
1078 1041 1285 1115 regulis
1308 1040 1546 1112 loquens
1563 1038 1765 1092 iterum
1789 1054 1853 1090 ac
1881 1053 1983 1090 sae-

437 1133 565 1205 pius
592 1132 770 1186 utitur
792 1128 983 1184 verbis'
1003 1124 1130 1205 παρ’
1152 1125 1303 1201 ἡμῖν.
1334 1124 1502 1198 Cujus
1536 1126 1651 1179 vim
1686 1123 1985 1180 testimonii

438 1235 554 1274 non
575 1228 694 1274 erat
712 1236 813 1273 cur
836 1215 1191 1271 addubitaret
1208 1215 1241 1269 J
1247 1253 1263 1268 .
1280 1215 1344 1272 B.
1362 1216 1642 1271 Verraert.
1660 1213 1718 1266 in
1733 1211 1986 1267 Diatribe

436 1305 749 1382 inaugurali
779 1304 851 1359 de
889 1303 1159 1359 Clearcho
1187 1302 1402 1359 Solensi
1443 1299 1724 1375 (Gandavi
1762 1296 1984 1373 1828),

438 1412 502 1468 p.
535 1399 600 1463 4,
643 1403 946 1467 propterea
988 1390 1149 1464 quod
1188 1389 1487 1447 Clearchus
1528 1389 1742 1461 ubique
1794 1382 1989 1449 Σολεὺς

435 1481 777 1554 appellatur,
804 1480 1085 1552 Diogenes
1103 1479 1353 1534 Laertius
1384 1476 1460 1550 (1,
1490 1473 1557 1532 51
1592 1477 1608 1547 )
1639 1493 1778 1530 vero
1805 1473 1943 1529 dicit
1970 1492 1984 1527 z

438 1564 548 1623 Καὶ
581 1563 707 1622 εἰσὶν
734 1565 781 1621 οἱ
808 1559 900 1640 μὲν
930 1565 1065 1618 ἔνθεν
1095 1562 1195 1637 (sc.
1231 1581 1300 1618 ex
1335 1563 1477 1617 urbe
1516 1557 1758 1636 Ciliciae)
1790 1559 1987 1630 Σολεῖς,

439 1653 485 1709 οἳ
521 1652 567 1708 δ’
595 1648 699 1708 ἀπὸ
728 1648 943 1728 Κύπρου
963 1647 1161 1708 Σόλιοι.
1193 1648 1483 1722 Ejusmodi
1501 1649 1651 1705 enim
1679 1647 1987 1703 distinctio·

438 1759 537 1796 nes
599 1757 984 1814 saepenumero
1046 1748 1176 1793 sunt
1236 1738 1425 1792 inania
1494 1736 1990 1811 grammaticorum

438 1838 786 1896 commenta,
818 1838 874 1882 et
893 1824 1050 1900 quod
1078 1824 1151 1880 ad
1178 1823 1354 1879 modo
1382 1832 1751 1880 memoratam
1774 1822 1989 1891 attinet,

440 1926 632 1990 aperte
670 1916 915 1989 Diogeni
953 1913 1269 1988 refragatur
1311 1911 1625 1985 Stephanus
1664 1909 1988 1983 Byzantius,

436 2005 541 2078 qui
569 2003 641 2059 de
660 2003 804 2058 Solis
830 2002 1036 2060 Ciliciae
1063 2017 1379 2055 sermonem
1406 1998 1613 2054 faciens
1633 1997 1712 2054 ait
1742 2015 1756 2052 t
1789 1992 1992 2054 ὑπολί-

390 2137 395 2142 .
437 2112 531 2160 της
556 2087 747 2154 Σολεὺς
770 2086 860 2147 καὶ
889 2085 1097 2152 Σόλιος.
1127 2118 1208 2129 -
1234 2087 1501 2161 Magistro
1531 2085 1829 2142 Clearchus
1863 2102 1993 2140 usus

436 2188 519 2232 est
540 2177 865 2245 Aristotele,
888 2174 1046 2248 quod
1074 2184 1192 2229 tum
1217 2173 1336 2228 aliis
1353 2172 1492 2227 locis
1514 2171 1852 2240 declaratur,
1875 2181 1991 2227 tum

434 2280 574 2318 vero
598 2261 665 2318 fr.
698 2261 769 2328 46
796 2280 863 2317 ex
893 2261 1162 2317 Athenaeo
1192 2277 1254 2333 p.
1301 2277 1435 2333 701,
1455 2258 1643 2326 C,t1bi
1673 2276 1690 2314 1
1725 2254 1995 2335 Κλέαρχος

439 2349 468 2404 ὁ
493 2346 686 2413 Σολεὺς
714 2346 916 2412 οὐδενὸς
940 2344 1175 2425 δεύτερος
1193 2346 1295 2402 τῶν
1319 2348 1408 2401 τοῦ
1431 2346 1589 2423 σοφοῦ
1609 2341 1994 2422 Ἀριστοτίλους

440 2436 702 2509 μαθητῶν,
731 2446 788 2491 et
812 2435 1008 2510 fragm.
1033 2433 1140 2507 69,
1160 2433 1261 2488 ubi
1288 2434 1320 2488 J
1324 2432 1561 2505 osephus
1585 2430 1721 2487 dicit
1748 2450 1763 2486 t
1793 2427 1992 2507 Κλέαρ-

440 2542 531 2598 χος
558 2525 586 2579 ὁ
609 2519 986 2599 Ἀριστοτέλους
1017 2517 1089 2576 ὧν
1115 2517 1352 2594 μαθητὴς
1380 2517 1469 2575 καὶ
1496 2519 1599 2575 τῶν
1626 2519 1685 2575 ἐκ
1707 2516 1994 2596 περιπάτου

440 2605 728 2686 φιλοσόφων
759 2605 959 2671 οὐδενὸς
982 2603 1233 2684 δεύτερος.
1258 2609 1529 2663 Praeterea
1559 2606 1632 2663 de
1658 2608 1772 2662 vita
1801 2607 1994 2663 Clear-

436 2697 533 2749 chi
583 2696 723 2749 nihil
766 2705 1002 2751 constat.
1034 2724 1110 2737 —
1142 2694 1360 2767 Scripta
1409 2694 1663 2750 Clearchi
1697 2692 1996 2749 laudantur

436 2782 555 2837 11κο
587 2801 600 2835 :

527 2904 577 2940 1.
607 2881 748 2954 Βίοι,
776 2884 935 2939 libris
960 2885 1255 2939 minimum
1280 2886 1445 2956 VIII,
1473 2883 1545 2941 fr.
1584 2890 1793 2951 1—24.

562 3014 577 3030 .
621 2968 880 3048 Γεργίθιος
912 2972 1027 3045 (De
1054 2968 1515 3050 adulatoribus),
1542 2972 1611 3029 fr.
1648 2972 1744 3030 25.
1777 2973 1867 3031 26.

564 3097 578 3112 .
627 3055 758 3133 Περὶ
786 3054 986 3136 φιλίας,
1009 3058 1110 3115 lib.
1146 3059 1284 3116 min.
1316 3059 1409 3130 11,
1434 3058 1505 3113 sr.
1542 3058 1636 3114 30.
1672 3060 1766 3114 31.

565 3185 577 3197 .
621 3140 916 3221 Ἐρωτικά,
945 3145 1044 3199 lib.
1074 3146 1211 3199 min.
1243 3146 1329 3213 11,
1361 3145 1431 3203 sr.
1462 3145 1713 3212 32—42.

564 3270 578 3284 .
627 3226 907 3294 Πλάτωνος
930 3226 1209 3306 ἐγκώμιον,
1242 3231 1311 3287 fr.
1344 3232 1438 3297 43.

565 3360 579 3374 .
628 3314 763 3391 Περὶ
790 3318 894 3373 τῶν
923 3318 975 3374 ἐν
1012 3320 1077 3397 τῇ
1121 3315 1411 3393 Πλάτωνος,
1432 3315 1667 3397 πολιτείᾳ
1696 3322 1993 3395 μαθηματι-

678 3405 781 3469 κῶς
822 3401 1134 3481 εἰρημένων,
1163 3406 1232 3465 sr.
1262 3412 1357 3471 [24.

525 3512 577 3562 7.
612 3489 934 3570 Ἄρκεσιλᾶς,
955 3493 1026 3550 sr.
1065 3498 1135 3559 44
1159 3511 1210 3552 a.

523 3579 579 3637 8.
626 3576 757 3657 Περὶ
783 3581 1075 3656 παροιμιῶν
1102 3581 1204 3637 lib.
1239 3583 1326 3650 ΙΙ,
1352 3582 1421 3637 fr.
1456 3580 1711 3648 45—60.

523 3684 581 3738 9.
632 3662 763 3742 Περὶ
788 3663 984 3742 γρίφων
1018 3668 1119 3726 lib.
1152 3669 1244 3738 11,
1276 3667 1345 3723 fr.
1378 3667 1634 3724 61—68.

490 3770 578 3809 10.
624 3749 758 3828 Περὶ
785 3749 973 3823 ὕπνου,
998 3755 1098 3809 lib.
1124 3757 1259 3810 min.
1283 3757 1368 3824 11,
1395 3755 1468 3814 fr.
1496 3755 1591 3830 69.

490 3857 509 3892 1
530 3858 577 3893 1.
626 3834 758 3915 Περὶ
784 3834 1000 3917 νάρκης,
1029 3841 1097 3900 sr.
1124 3861 1218 3912 7o.

492 3943 579 3984 12.
629 3922 760 4003 Περὶ
783 3929 1030 3997 πανικοῦ,
1060 3928 1128 3984 fr.
1162 3947 1254 3999 71.

491 4011 579 4070 13.
627 4009 758 4089 Περὶ
787 4010 1063 4084 σκελετῶν,
1094 4014 1195 4072 lib.
1228 4016 1368 4074 min.
1406 4017 1495 4085 11,
1522 4015 1590 4074 fr.
1620 4034 1713 4086 72.

491 4105 578 4163 lli·
626 4096 761 4177 Περὶ
788 4101 891 4156 τῶν
912 4098 1159 4177 ἐνύδρων,
1188 4101 1259 4160 sr.
1290 4101 1379 4174 73.

490 4182 580 4242 15.
626 4180 761 4264 Περὶ
785 4186 954 4257 θινῶν,
982 4186 1052 4244 fr.
1086 4194 1183 4258 74.

521 2992 556 3373 ambi-»29

505 4331 570 4392 (Ἴ
611 4330 986 4394 Distinguendus
1005 4346 1034 4382 a
1054 4337 1219 4383 nostro
1237 4334 1467 4385 clearcho
1487 4336 1561 4384 est
1579 4335 1839 4384 Clearchus
1851 4333 1995 4383 comi·

442 4412 554 4459 cus,
579 4412 723 4462 quem
743 4402 966 4452 novimus
985 4416 1048 4453 ex
1062 4404 1291 4454 Athenaeo
1305 4407 1369 4455 vl
1384 4441 1399 4466 ‚
1421 4418 1469 4469 p.
1492 4411 1602 4466 2¹8,
1628 4407 1694 4465 [33
1718 4407 1803 4466 111,
1822 4417 1870 4466 p.
1888 4410 1993 4464 109,

444 4471 504 4530 n;
520 4472 602 4529 vi,
619 4482 667 4533 p.
690 4476 800 4532 ass,
820 4472 887 4533 εις
908 4475 970 4533 x,
988 4485 1037 4535 p.
1062 4477 1169 4534 420,
1190 4477 1412 4537 o;v111,
1431 4488 1479 4538 p.
1501 4477 1610 4535 304,
1632 4477 1801 4536 123111,
1817 4487 1866 4544 η.
1891 4478 1994 4536 107,

447 4542 508 4600 Ε;
534 4542 629 4602 ΙΧ,
648 4553 698 4603 p.
722 4546 830 4603 381,
853 4545 918 4602 Ε;
946 4546 995 4606 Ι,
1028 4557 1073 4606 p.
1107 4552 1153 4606 5,
1183 4547 1245 4607 83
1270 4544 1468 4595 Bekkeri
1488 4544 1665 4596 Aneod.
1690 4557 1741 4607 p.
1770 4550 1907 4595 1208.
1931 4548 1993 4594 V.

444 4609 648 4659 Meinek.
689 4613 875 4673 Fragm.
897 4614 1035 4662 Com.
1068 4617 1120 4674 1,
1140 4627 1190 4677 p.
1218 4620 1309 4666 490
1332 4619 1383 4664 et
1406 4618 1491 4676 lv,
1520 4628 1568 4677 p.
1599 4621 1705 4665 602.
1729 4639 1794 4652 -
1817 4616 1993 4664 Clear-

442 4677 569 4725 chus
593 4677 786 4737 rhetor,
815 4680 898 4741 qui
924 4680 1040 4730 olim
1064 4682 1301 4733 citabatur
1316 4696 1380 4733 ex
1410 4684 1588 4734 Rutilio
1615 4686 1749 4746 Lupo
1778 4683 1905 4745 init„
1924 4685 1998 4733 est

451 4739 744 4797 cenot-nares
758 4752 1035 4808 ‚monente
1077 4752 1377 4803 Rulinkenio.
1409 4776 1473 4791 —
1519 4753 1826 4814 Clearchus,
1850 4766 1997 4816 quem

444 4814 669 4866 Clemens
686 4817 820 4867 Alex.
855 4821 1031 4871 strom.
1060 4827 1072 4871 1
1094 4834 1171 4885 ,0.
1197 4830 1250 4872 13
1272 4823 1322 4871 in
1342 4822 1635 4873 Milesiorum
1655 4822 1903 4886 Didymaeo
1920 4837 1996 4874 se·

446 4884 635 4945 pultum
649 4884 782 4947 dicit,
802 4900 959 4951 neque
971 4893 1230 4943 statuarius
1247 4904 1403 4956 neque
1422 4893 1626 4956 scriptor
1643 4896 1742 4956 est,
1767 4894 1835 4944 uti
1854 4898 1997 4957 puta·

446 4955 579 5014 runt,
601 4954 683 5005 sed
701 4962 925 5020 corrupta
943 4973 1067 5022 von
1087 4962 1175 5026 legi
1189 4962 1331 5012 debet
1350 4962 1553 5027 Κλέοχος
1571 5000 1586 5024 ,
1613 4964 1687 5014 uti
1709 4964 1914 5014 monebo
1935 4964 1998 5013 ad

446 5022 693 5073 Maeandrii
730 5024 899 5089 fragm.
937 5034 983 5078 5.
1022 5030 1249 5092 Reliquos
1283 5030 1500 5081 homines
1514 5069 1530 5094 ,
1562 5032 1738 5094 quibus
1780 5028 1998 5082 Clearchi

445 5104 653 5155 nomen,
684 5106 930 5147 recensere
962 5098 1023 5148 ad
1055 5111 1144 5149 nos
1167 5099 1285 5150 1111111
1319 5101 1506 5151 attinet.
1533 5105 1596 5154 V.
1629 5104 1871 5153 Verraert.
1898 5098 1989 5150 1.1.

437 5173 496 5223 p.
522 5166 603 5213 111
634 5176 741 5228 sqq.

2099 945 2120 1022 [
2150 964 2239 1015 17.
2280 943 2520 1013 Tutatur]
2547 944 2618 999 fr.
2656 942 2797 1020 75.]

2154 1060 2373 1132 Scripta
2426 1077 2672 1132 quorum
2738 1058 2929 1112 titulos
2973 1057 3337 1138 ignoramus,
3393 1057 3524 1115 vide
3577 1060 3639 1115 in

2076 1145 2147 1203 fr.
2181 1145 2253 1216 76
2282 1163 2407 1219 sqq.
2439 1145 2524 1201 Cf.
2549 1155 2673 1201 not.
2711 1145 2784 1200 ad
2813 1143 2882 1202 sr.
2911 1149 2982 1210 44
3013 1162 3066 1198 a.

2156 1234 2313 1287 Inter
2341 1249 2545 1305 opera,
2570 1250 2693 1305 quae
2712 1230 2889 1286 modo
2919 1232 3325 1302 recensuImus,
3356 1251 3428 1289 ne
3455 1252 3637 1290 unum

2077 1319 2307 1394 quidem
2348 1330 2430 1375 est
2478 1319 2637 1392 qnod
2682 1320 3013 1375 historicum
3050 1318 3179 1390 jure
3235 1318 3424 1375 dicere
3484 1320 3634 1378 licet.

2077 1408 2295 1480 Quodsi
2327 1408 2692 1464 nihilominus
2718 1407 2988 1464 Clearcho
3017 1407 3210 1463 locum
3241 1409 3301 1462 in
3326 1407 3438 1464 hoc
3469 1409 3637 1463 volu·

2077 1497 2227 1552 mine
2260 1497 2661 1566 concessimus,
2687 1496 2770 1551 ita
2806 1506 2991 1551 tamen
3029 1504 3095 1549 ut
3132 1495 3473 1568 paucissimis
3512 1515 3637 1553 rem

2079 1583 2518 1652 absolveremus,
2564 1583 2744 1638 movit
2783 1600 2887 1637 nos
2930 1579 3089 1654 quod
3130 1592 3330 1638 auctor
3370 1583 3432 1636 in
3473 1583 3637 1638 libris

2081 1688 2209 1744 quae
2243 1668 2317 1724 ad
2355 1669 2768 1744 philosophiam
2796 1669 3066 1724 moralem
3101 1669 3386 1742 pertinent
3419 1668 3640 1725 doctri·

2082 1776 2211 1813 nam
2246 1775 2403 1812 suam
2432 1757 2738 1831 largissima
2766 1756 3158 1831 exemplorum
3183 1773 3252 1812 ex
3278 1756 3508 1813 historia
3532 1776 3637 1832 pe-

2081 1846 2315 1900 titorum
2333 1844 2498 1918 copia
2513 1844 2809 1900 illustravit
2830 1853 2999 1917 atque
3014 1842 3196 1916 major
3215 1861 3346 1917 pars
3360 1843 3636 1920 fragmen·

2082 1940 2271 1986 torum
2297 1932 2449 1987 istius
2467 1931 2623 1986 modi
2644 1932 2911 2004 exemplis
2937 1931 3262 1987 absumitur.

2161 2020 2505 2075 Historicum
2529 2018 2760 2093 quidem
2789 2036 2933 2092 opus
2961 2036 3076 2073 esse
3107 2018 3278 2074 videri
3305 2021 3480 2092 possit
3505 2020 3640 2093 plu·

2081 2106 2349 2180 rimisque
2373 2124 2487 2162 esse
2516 2108 2696 2161 visum
2731 2117 2812 2162 est
2842 2104 3013 2174 illud,
3046 2105 3205 2178 quod
3233 2100 3358 2163 moi·
3375 2107 3465 2162 vel
3501 2104 3637 2184 Περὶ

2086 2187 2210 2267 βίων
2232 2194 2573 2276 inscribitur.
2599 2196 2721 2266 Qua
2740 2194 2800 2248 in
2822 2195 3093 2249 sententia
3105 2194 3271 2249 etiam
3289 2197 3641 2252 Verraertius

2081 2282 2322 2354 perstitit
2347 2300 2406 2356 p.
2443 2280 2549 2338 115
2584 2301 2599 2337 2
2638 2306 2663 2331 α
2708 2281 2822 2337 Ubi
2852 2279 2981 2335 dico
3001 2321 3016 2348 ‚
3047 2281 3261 2354 inquit,
3300 2279 3634 2339 Clearchum

2085 2365 2218 2445 Περὶ
2249 2365 2373 2446 βίων
2400 2371 2706 2445 scripsisse,
2738 2369 2848 2425 hoc
2867 2370 3085 2424 nonita
3114 2369 3506 2443 accipiendum
3526 2382 3630 2441 est,

2084 2475 2148 2512 ac
2175 2457 2217 2511 si
2245 2458 2543 2532 scripsisset
2570 2457 2641 2514 de
2670 2456 2901 2513 diversis
2921 2457 3046 2512 vine
3070 2457 3400 2531 generibus,
3432 2459 3633 2535 Ost-›prg-

2084 2546 2228 2600 τικοῦ
2243 2585 2258 2614 ,
2281 2549 2591 2622 πρακτικοῦ,
2614 2542 2853 2615 ἡδονικοῦ
2870 2585 2887 2614 ,
2917 2543 3016 2600 sed
3044 2562 3174 2600 eum
3194 2546 3468 2621 scripsisse
3492 2565 3640 2620 opus

2085 2632 2440 2704 historicum,
2490 2628 2630 2709 βίους
2663 2631 2884 2711 ἀνδρῶν.
2934 2656 2959 2683 a·
3003 2631 3174 2704 Quod
3219 2650 3389 2705 quam
3427 2644 3638 2690 temere

2085 2719 2300 2775 dictum
2326 2722 2428 2790 sit,
2468 2720 2677 2776 docent
2712 2720 3053 2796 fragmenta,
3103 2739 3227 2793 quae
3258 2720 3333 2777 ad
3374 2721 3638 2777 ordinem

2086 2807 2366 2881 quendam
2395 2807 2724 2862 historicum
2759 2808 2874 2863 sive
2901 2808 3155 2864 virorum
3182 2807 3297 2863 sive
3325 2809 3491 2863 etiam
3522 2827 3638 2881 po-

2084 2895 2355 2970 pulorum
2404 2913 2671 2951 revocare
2732 2895 2937 2952 frustra
2983 2896 3301 2951 tentaveris.
3355 2897 3636 2952 Nimirum

2085 3002 2116 3039 e
2158 2984 2305 3039 libro
2330 2989 2524 3060 primo
2565 2984 2713 3040 inter
2753 2984 2860 3040 alia
2898 3002 3083 3040 sermo
3120 2993 3238 3039 erat
3277 2984 3350 3040 de
3383 2986 3638 3058 parasitis

2086 3070 2176 3143 (fr.
2200 3069 2271 3147 1),
2291 3090 2362 3127 ex
2377 3072 2615 3127 secundo
2632 3070 2866 3127 affertur
2883 3071 3144 3126 Euxitbei
3161 3071 3496 3145 Pythagorei
3512 3090 3634 3127 sen·

2085 3159 2258 3214 tentia
2276 3156 2346 3214 de
2361 3159 2546 3215 anima
2562 3177 2742 3232 poenae
2759 3177 2920 3215 causa
2944 3158 3175 3231 corpori
3198 3157 3251 3213 ἐν
3271 3158 3346 3236 τῷ
3369 3156 3517 3235 δεῦρο
3535 3156 3624 3237 βίᾳ

2084 3245 2296 3321 illigata
2331 3245 2516 3319 deque
2560 3247 2676 3301 vita
2700 3264 2879 3319 usque
2916 3244 2990 3300 ad
3016 3243 3327 3299 naturalem
3367 3244 3483 3317 ejus
3507 3247 3632 3302 exi-

2085 3342 2206 3388 tum
2229 3333 2525 3389 toleranda
2546 3333 2635 3408 (fr.
2668 3332 2756 3409 2).
2788 3334 3042 3389 Alterum
3071 3332 3334 3404 ejuslibri
3356 3333 3634 3408 fragmen·

2085 3431 2206 3475 tum
2233 3430 2313 3476 est
2340 3419 2413 3476 de
2440 3420 2875 3477 Lacedaemoniis
2901 3420 3099 3494 priscae
3123 3421 3249 3475 vitae
3281 3415 3473 3493 κόσμον
3503 3440 3636 3476 cum

2084 3508 2273 3563 enervi
2297 3508 2743 3582 permutantibus
2757 3509 2991 3563 mollitie
3007 3525 3071 3563 ac
3087 3507 3328 3563 luxuria.
3344 3508 3410 3562 In
3429 3508 3634 3563 eodem

2085 3606 2416 3670 argumento
2445 3606 2737 3651 versantur
2764 3613 2887 3668 quae
2916 3613 2947 3650 e
2979 3595 3338 3668 sequentibus
3364 3594 3520 3650 libris
3547 3614 3634 3650 su·

2084 3693 2336 3755 persunt.
2355 3686 2537 3741 Name
2557 3683 2704 3738 libro
2720 3687 2874 3738 tertio
2894 3681 3155 3738 laudatur
3169 3682 3534 3757 fragmentum
3558 3683 3633 3739 de

2084 3769 2379 3826 Parrhasio
2399 3772 2630 3844 aliisque
2644 3771 2799 3825 luxui
2822 3768 3027 3825 deditis
3048 3767 3137 3846 (rr.
3170 3766 3240 3841 4),
3264 3770 3409 3824 libro
3430 3783 3631 3842 quarto

2085 3858 2269 3930 agitur
2290 3855 2409 3934 περὶ
2435 3859 2632 3935 τρυφῆς
2657 3856 2986 3927 Medorum,
3023 3857 3310 3930 Lydorum
3326 3898 3342 3925 ,
3382 3857 3628 3910 Milesio-

2083 3961 2238 4012 rum,
2262 3944 2747 4018 Colophoniorum
2762 3985 2776 4012 ,
2802 3945 3157 4017 Scytharum,
3179 3943 3625 4014 Tarentinorum,

2083 4030 2334 4104 Dionysii
2353 4029 2594 4104 junioris
2622 4032 2711 4105 (fr.
2739 4030 2986 4107 5—1o);
3012 4031 3159 4086 libro
3179 4036 3363 4105 quinto
3386 4028 3454 4085 de
3474 4049 3629 4086 men·

2081 4118 2152 4173 sis
2163 4119 2362 4174 Siculis
2383 4121 2717 4193 sumptuosis
2742 4121 2828 4193 (sr.
2864 4140 2885 4175 1
2903 4122 2989 4194 1),
3014 4120 3086 4175 de
3108 4119 3400 4176 Cantabari
3430 4118 3592 4176 Persa
3609 4161 3624 4189 ‚

2083 4203 2155 4260 de
2212 4207 2402 4282 Sagari
2448 4207 2853 4281 MariandynO,
2896 4208 3027 4262 viris
3068 4207 3144 4262 ob
3197 4218 3419 4281 turpem
3456 4208 3630 4263 vitam

2083 4295 2504 4350 contemnendis
2522 4294 2623 4370 (sr.
2650 4314 2740 4365 12,
2765 4314 2786 4350 1
2801 4293 2887 4369 3),
2907 4305 2962 4349 et
2975 4294 3046 4349 de
3062 4296 3312 4351 Clearcbi
3335 4294 3630 4350 Eudaemo·

2081 4380 2193 4434 nici
2219 4380 2476 4460 ineptiis(
2497 4382 2567 4438 fr.
2600 4381 2717 4457 14).
2740 4382 2955 4454 Quibus
2984 4400 3015 4436 e
3038 4382 3184 4436 libro
3204 4393 3393 4438 ocem-o
3413 4382 3627 4438 accedit

2083 4466 2238 4521 locus
2268 4467 2341 4523 de
2360 4469 2569 4544 Gorgia
2597 4468 2672 4524 ob
2697 4468 3054 4524 sobrietatem
3077 4468 3485 4542 longaevissimo
3514 4468 3619 4542 (fr.

2091 4550 2223 4626 15).
2261 4550 2525 4627 Reliqua,
2562 4556 2767 4628 quibus
2795 4536 2923 4610 libri
2942 4573 3206 4609 numerus
3233 4573 3352 4610 non
3378 4554 3629 4630 additur,

2082 4639 2249 4715 longe
2289 4641 2533 4715 plurima
2572 4644 2632 4697 in
2689 4641 2888 4697 iisdem
2926 4650 3217 4697 versantur
3266 4642 3627 4716 argumentis.

2082 4727 2255 4782 Manu
2275 4728 2447 4803 igitur
2472 4730 2532 4784 in
2550 4747 2672 4784 eam
2692 4727 2953 4784 ducimur
2974 4728 3299 4783 sententiam
3313 4769 3330 4801 ,
3354 4738 3417 4782 ut
3444 4728 3630 4784 Clear-

2083 4811 2251 4868 chum
2282 4826 2542 4888 putemus
2574 4815 2633 4869 in
2664 4812 2800 4871 Βίων
2824 4832 2997 4888 opere
3021 4813 3237 4869 diversa
3264 4832 3470 4889 genera
3490 4814 3632 4869 vita·

2082 4917 2240 4969 rum,
2273 4901 2476 4975 quibus
2504 4900 2801 4977 indulgere
2834 4902 3090 4956 homines
3120 4899 3382 4971 student,
3414 4919 3481 4955 eo
3511 4920 3632 4956 ma·

2083 4988 2232 5042 xime
2256 4990 2491 5044 consilio
2523 4989 2897 5062 descripsisse,
2923 4997 2987 5043 ut
3007 4988 3121 5042 vim
3143 4987 3436 5043 salutarem
3462 5000 3632 5061 quam

2084 5072 2403 5130 sobrietatis
2425 5074 2701 5144 studium,
2734 5086 2787 5131 et
2809 5074 3182 5149 perniciosam
3207 5092 3376 5147 quam
3409 5074 3634 5131 luxuria

2090 5160 2320 5234 aliaeque
2356 5180 2542 5237 pravae
2581 5161 2909 5236 cupiditates
2950 5162 3009 5217 in
3048 5161 3333 5218 fortunam
3374 5163 3638 5218 virorum

1992 5255 2096 5308 302
