4016 5916
791 338 1970 553 AssisTOXENUS
2059 413 3166 567 TARENTINUS.

476 972 673 1028 Suidas
705 989 718 1024 :
747 964 1111 1046 Ἀριστόξενος,
1139 963 1244 1030 υἱὸς
1290 964 1522 1035 Μνησίου
1558 970 1649 1022 τοῦ
1687 964 1776 1023 καὶ
1822 966 1942 1041 (καὶ

399 1079 516 1115 om.
546 1057 762 1115 Eudoc.
790 1076 852 1131 p.
888 1052 987 1130 72)
1020 1051 1343 1130 Σπινθάρου,
1375 1056 1655 1127 μουσικοῦ,
1697 1051 1800 1110 ἀπὸ
1827 1051 1943 1112 Τά-

400 1167 577 1224 ραντος
604 1146 695 1212 τῆς
723 1139 969 1206 Ἰταλίας.
1001 1137 1286 1218 Διατρίψας
1311 1138 1358 1196 δ’
1394 1139 1446 1196 ἐν
1475 1137 1761 1218 Μαντινείᾳ
1799 1137 1941 1218 :ptio-

398 1254 551 1311 σοφος
578 1227 785 1307 γέγονε,
815 1225 904 1286 καὶ
933 1229 1153 1305 μουσικῇ
1180 1224 1473 1302 ἐπιθέμενος
1506 1227 1600 1283 οὔκ
1624 1225 1943 1305 ἠστόχησεν,

399 1317 652 1388 ἀκουστὴς
674 1320 762 1374 τοῦ
791 1337 846 1373 τε
869 1313 1064 1393 πατρὸς
1083 1312 1172 1371 καὶ
1210 1312 1468 1392 Λάμπρου
1492 1317 1581 1371 τοῦ
1607 1311 1941 1393 Ἐρυθραίου,

397 1398 507 1464 εἶτα
536 1402 822 1485 Ξενοφίλου
848 1406 938 1460 τοῦ
978 1399 1329 1478 Πυθαγορείου
1356 1402 1445 1459 καὶ
1476 1399 1619 1466 τέλος
1646 1399 1942 1480 Ἀριστοτί-

397 1496 541 1559 λους·
581 1494 651 1557 εἷς
682 1489 739 1548 ὃν
782 1487 1103 1547 ἀποθανόντα
1151 1486 1360 1566 ὅὸρισε,
1404 1486 1533 1546 διότι
1572 1484 1820 1544 κατέλιπε
1851 1489 1942 1556 τῆς

397 1582 585 1658 σχολῆς
608 1578 850 1655 διάδοχον
894 1574 1266 1655 Θεόφραστον,
1314 1576 1473 1633 αὗτοῦ
1515 1572 1665 1642 δόξαν
1707 1572 1939 1651 μεγάλην

400 1667 452 1724 ἐν
476 1670 580 1731 τοῖς
608 1667 886 1743 ἀκροαταῖς
905 1665 1012 1726 τοῖς
1040 1659 1417 1740 Ἀριστοτέλους
1445 1657 1669 1739 ἔχοντος.
1755 1657 1940 1736 Γέγονε

400 1754 447 1810 δὲ
488 1751 572 1809 ἰπὶ
611 1754 714 1809 τῶν
756 1747 1092 1828 Ἀλεξάνδρου
1133 1747 1221 1806 καὶ
1263 1751 1363 1805 τῶν
1405 1746 1684 1824 μετέπειτα
1711 1746 1942 1826 χρόνων,

395 1845 463 1905 ὥς
507 1831 638 1896 εἶναι
680 1838 784 1896 ἀπὸ
826 1835 952 1914 (ἐπὶ
987 1837 1226 1913 Bernh.)
1269 1839 1361 1907 τῆς
1406 1834 1507 1915 ρια’
1562 1834 1943 1911 Ὀλυμπιάδος,

396 1926 674 2006 σύγχρονος
701 1925 1004 2005 Δικαιάρχῳ
1039 1926 1113 2003 τῷ
1146 1922 1448 2001 Μεσσηνίῳ.

472 2016 800 2090 Spintharus
840 2012 943 2090 (¹¹¹),
993 2029 1163 2086 quem
1203 2029 1315 2066 una
1352 2029 1481 2065 cum
1521 2013 1856 2066 Aristoxeno
1888 2021 1943 2065 et

395 2103 720 2176 Xenophilo
735 2144 751 2171 ,
773 2102 894 2157 aliis
912 2102 1057 2155 inter
1081 2099 1409 2154 clarissimos
1428 2100 1668 2153 musicos
1692 2108 1945 2153 recenset

396 2193 646 2247 AElianus
672 2191 741 2245 N.
774 2192 880 2244 An.
924 2189 1013 2257 11,
1064 2205 1127 2242 11
1150 2228 1166 2255 ,
1204 2197 1367 2260 pater
1406 2186 1723 2241 Aristoxeni
1766 2187 1943 2240 nostri

404 2280 687 2333 Tarentini
706 2275 797 2350 (cf.
818 2276 1011 2349 Steph.
1032 2276 1096 2330 B.
1117 2293 1175 2330 v,
1199 2271 1397 2350 Τάρας)
1418 2273 1625 2329 dicitur
1645 2271 1795 2347 apud
1809 2274 1946 2328 Dio-

398 2382 593 2438 genem
624 2366 691 2419 L.
739 2364 827 2431 11,
870 2378 945 2416 ao
978 2359 1061 2437 (v.
1093 2361 1164 2416 fr.
1211 2359 1324 2435 26)
1362 2372 1417 2415 et
1443 2362 1672 2416 Sextum
1699 2361 1945 2433 Empiri-

398 2471 525 2506 cum
549 2450 691 2507 Adv.
722 2449 989 2505 mathem.
1019 2450 1095 2506 vl
1114 2490 1129 2518 ,
1149 2467 1207 2522 p.
1241 2446 1350 2519 357
1385 2444 1565 2521 (Καθὸ
1592 2443 1682 2503 καὶ
1712 2443 1946 2524 Ἀριστό-

398 2533 533 2602 ξενον
577 2534 665 2592 τὸν
715 2532 1009 2613 Σπινθάρου
1049 2532 1280 2610 ’λέγομεν
1327 2522 1457 2590 εἶναι
1504 2530 1806 2610 μουσικόν).
1859 2537 1945 2591 De

394 2626 603 2681 Mnesia
632 2621 859 2679 aliunde
884 2639 1003 2675 non
1043 2632 1278 2678 constat.
1324 2622 1651 2694 Vereorque
1680 2638 1750 2675 ne
1790 2621 1890 2674 ista
1924 2636 1939 2676 ε

400 2709 634 2780 Μνησίου
658 2713 748 2767 τοῦ
772 2706 862 2766 καὶ
892 2702 1184 2785 Σπινθάρου
1207 2708 1351 2763 male
1370 2726 1427 2762 se
1453 2707 1713 2763 habeant.
1739 2707 1946 2780 Saepius

398 2800 544 2854 enim
588 2796 652 2853 fit
690 2808 754 2852 ut
793 2816 861 2852 eo
901 2794 1076 2850 modo
1119 2795 1335 2850 diversa
1376 2793 1805 2869 conjungantur.
1844 2794 1948 2847 Di-

403 2885 643 2940 cendum
668 2882 825 2939 haud
856 2882 1027 2938 dubie
1070 2892 1189 2937 erat
1234 2902 1247 2936 :
1276 2877 1517 2950 Μνησίου
1559 2878 1593 2949 ἢ
1624 2875 1940 2955 Σπινθάρου.

399 2976 522 3029 Hoc
552 2993 689 3029 vero
716 2972 902 3028 nescio
931 2990 999 3026 an
1037 2970 1111 3025 ita
1145 2970 1216 3024 sit
1250 2968 1679 3043 explicandum,
1709 2978 1773 3023 ut
1796 2967 1944 3036 Μνη-

400 3057 512 3125 σίας
560 3078 854 3135 perperam
905 3057 977 3114 ad
1023 3058 1389 3115 Tarentinum
1438 3057 1715 3125 trahatur,
1767 3074 1944 3129 quum

397 3150 674 3221 pertineat
700 3147 771 3203 ad
795 3148 1189 3203 Aristoxenum
1212 3145 1537 3217 Cyrenaeum
1566 3141 1663 3218 (**)
1689 3143 1947 3217 philoso-

397 3236 576 3308 phum
590 3275 606 3302 ,
624 3234 907 3288 hominem
927 3231 1287 3287 delicatulum
1300 3272 1317 3301 ,
1339 3230 1411 3287 de
1430 3249 1548 3304 quo
1564 3250 1624 3286 v.
1652 3230 1949 3287 Athenaeus

401 3325 463 3391 I,
494 3340 555 3395 p.
600 3340 662 3391 7,
693 3331 748 3376 et
786 3322 883 3394 qui
918 3321 1249 3376 Athenaeum
1295 3321 1704 3393 exscripserunt
1749 3316 1948 3374 Suidas

401 3429 443 3466 s.
468 3428 522 3463 v.
556 3419 608 3463 et
632 3409 943 3463 Eustathius
970 3406 1040 3461 ad
1068 3406 1134 3462 11.
1166 3405 1225 3475 λ,
1246 3425 1302 3480 p.
1332 3404 1444 3461 868
1470 3405 1561 3463 ed.
1586 3400 1758 3463 Rom.
1785 3404 1948 3460 Certe

404 3496 669 3551 familiam
715 3494 874 3550 fuisse
913 3494 1315 3567 cyrenensem,
1345 3494 1404 3547 in
1442 3511 1552 3565 qua
1578 3494 1812 3548 Mnaseae
1837 3511 1949 3546 no-

402 3602 535 3637 men
555 3580 907 3648 occurrebat,
929 3589 1081 3654 patet
1107 3598 1137 3634 e
1156 3580 1423 3635 Pausania
1444 3580 1548 3648 vl,
1588 3577 1653 3634 13
1668 3619 1686 3649 ,
1716 3584 1772 3644 4.
1796 3578 1949 3635 Μνα·

406 3668 526 3733 σεάς
551 3688 686 3723 vero
730 3679 784 3723 et
814 3666 1049 3737 Μνησίας
1090 3678 1146 3721 et
1176 3663 1387 3735 Μησίας
1416 3664 1665 3738 ejusdem
1711 3666 1953 3720 nominis

403 3760 694 3813 varietates
722 3757 809 3813 vel
834 3755 1166 3829 corruptelae
1193 3764 1335 3810 sunt.
1365 3755 1431 3809 V.
1474 3752 1666 3826 steph.
1696 3752 1859 3808 Thes.
1886 3771 1936 3809 ν.

405 3842 673 3908 Μνασέας.

487 3934 743 3989 Ceterum
774 3931 1101 4004 Spintharus
1121 3930 1362 3985 Socratis
1394 3926 1792 3983 consuetudine
1824 3946 1954 3982 usus

407 4022 515 4079 est;
539 4010 934 4084 Spintharique
960 4009 1292 4063 auctoritate
1317 4009 1593 4077 Q’tuntur,
1616 4024 1738 4079 quae
1767 4006 1839 4062 de
1867 4007 1956 4061 in-

411 4098 543 4154 dole
586 4100 828 4154 Socratis
874 4106 1065 4153 narrat
1108 4097 1465 4152 Aristoxenus
1514 4094 1583 4153 fr.
1638 4093 1735 4151 28.
1798 4093 1955 4149 Idem

408 4187 735 4261 Spintharus
756 4184 962 4241 Thebis
989 4202 1118 4241 cum
1144 4183 1535 4258 Epaminonda
1567 4191 1814 4238 versatus
1841 4193 1953 4249 est,

410 4284 545 4329 teste
577 4273 877 4329 Plutarcho
916 4274 1002 4329 De
1026 4271 1168 4332 Gen.
1201 4271 1360 4328 Socr.
1394 4290 1444 4325 c.
1471 4270 1568 4340 23,
1597 4288 1656 4343 p.
1688 4268 1823 4342 592,
1850 4269 1896 4324 F
1939 4285 1954 4325 ε

411 4356 702 4438 Σπίνθαρος
736 4362 764 4417 δ
803 4358 1121 4437 Ταραντῖνος
1167 4355 1263 4413 οὐκ
1297 4354 1469 4433 ὀλίγον
1512 4357 1652 4430 αὐτῷ
1694 4352 1713 4430 (
1732 4355 1958 4428 Epami—

410 4447 649 4525 nondae)
675 4446 1041 4525 συνδιατρίψας
1065 4445 1282 4503 ἐνταῦθα
1304 4441 1489 4521 χρόνον
1520 4441 1598 4500 ἀεὶ
1627 4439 1793 4511 δήπου
1821 4437 1959 4516 λέγει

413 4531 597 4609 μηδενί
623 4556 697 4603 πη
725 4535 828 4590 τῶν
856 4532 972 4591 καθ’
1020 4530 1201 4590 ἑαυτὸν
1230 4528 1515 4611 ἀνθρώπων
1564 4526 1959 4607 ἰντετυχηκέναι

476 4700 538 4765 (’)
569 4704 630 4751 V.
666 4701 903 4752 Diaei-ibe
928 4701 992 4753 de
1018 4702 1345 4762 Aristoxeno,
1376 4698 1676 4763 philosopho
1700 4700 1952 4762 peripate-

414 4773 536 4830 eico,
560 4774 770 4822 auctore
791 4774 851 4822 G.
882 4776 936 4823 1..
961 4774 1165 4823 Manus.
1192 4770 1447 4821 Amstelod.
1480 4773 1611 4820 1793.
1635 4774 1683 4817 8.

476 4840 569 4902 (**)
593 4843 922 4891 munerantur
934 4844 1166 4905 μνεία-ω
1186 4840 1497 4892 Aristoxenus
1510 4838 1804 4891 Selinuntius
1822 4840 1961 4900 poeta

405 4922 489 4971 ap.
532 4910 855 4972 Hephaestion.
898 4909 1147 4961 Enchirid.
1190 4923 1238 4973 p.
1278 4912 1340 4960 45
1375 4910 1453 4960 ed.
1492 4909 1693 4971 θεῖοι-ἀ,
1720 4907 1959 4969 Aristoph.

414 4980 565 5030 schol.
589 4980 712 5030 Nub.
746 4983 856 5030 487.
880 4981 958 5032 Cf.
994 4981 1164 5044 fragm.
1202 4987 1281 5032 55.
1300 5010 1365 5025 -
1385 4981 1697 5030 Aristoxenus
1719 4974 1961 5039 medicus,

417 5049 674 5101 Alexandri
696 5049 944 5101 Philalethi
968 5050 1114 5113 disc„
1159 5050 1333 5114 saepius
1363 5051 1443 5100 ille
1477 5048 1699 5099 laudatus
1722 5061 1795 5110 an
1821 5048 1963 5096 Gale-

418 5131 536 5168 num
558 5121 609 5169 et
631 5119 836 5170 ccelium
867 5122 1190 5172 Aurelianum.
1213 5148 1274 5157 —
1295 5122 1426 5172 Alius
1442 5120 1637 5184 quidam
1657 5119 1966 5170 Aristoxenus

419 5201 499 5252 tp.
525 5188 677 5238 sobol-
703 5190 935 5254 Aristopli.
963 5193 1086 5241 Plut.
1118 5198 1223 5244 175.

2036 965 2168 1042 μήτε
2198 965 2408 1023 πλείονα
2437 965 2768 1042 γινώσκοντι,
2796 966 2919 1043 μήτ’
2949 967 3199 1027 ἐλάττονα
3228 970 3583 1050 φθεγγομένῳ.

2034 1056 2117 1111 Cf.
2146 1056 2369 1110 Jonsins
2402 1056 2521 1112 Scr.
2543 1058 2671 1113 hist.
2695 1058 2797 1132 ph.
2823 1059 2875 1126 1,
2908 1065 2996 1124 14.

2123 1165 2147 1192 α
2176 1143 2297 1215 Qua
2322 1142 2393 1200 de
2422 1162 2582 1200 causa
2605 1156 2703 1200 aut
2730 1162 2846 1218 quo
2878 1155 3135 1218 tempore
3162 1147 3502 1201 Mantineam
3531 1166 3602 1205 se.

2035 1230 2337 1284 contulerit
2376 1232 2770 1300 Aristoxenus,
2803 1230 2960 1305 quod
2983 1232 3192 1304 reliqui
3231 1244 3488 1289 auctores
3517 1233 3591 1290 de

2034 1334 2101 1370 eo
2121 1317 2310 1387 silent,
2335 1330 2490 1374 certo
2511 1319 2624 1374 dici
2643 1320 2860 1392 nequit.
2883 1321 3266 1375 Veruntamen
3286 1339 3407 1376 non
3424 1321 3591 1377 valde

2034 1421 2064 1456 a
2092 1422 2229 1459 vero
2257 1405 2443 1461 abesse
2469 1406 2734 1460 videntur
2763 1424 2888 1479 quae
2918 1405 3055 1461 dicit
3097 1405 3296 1461 Suidas
3337 1426 3350 1461 ε
3383 1426 3514 1462 nam
3541 1411 3588 1464 si

2035 1490 2174 1566 quid
2217 1492 2497 1564 conjicere
2532 1494 2724 1562 liceat,
2747 1493 3086 1549 Mantineam
3107 1496 3337 1567 petierit
3356 1493 3430 1550 ad
3465 1495 3586 1550 edi—

2032 1577 2290 1633 scendam
2313 1577 2592 1635 Arcadum
2612 1580 2904 1650 musicam,
2924 1581 3137 1655 quippe
3155 1581 3210 1634 hi
3225 1622 3242 1651 ,
3259 1591 3320 1636 ut
3339 1600 3406 1636 ex
3421 1580 3594 1637 histo-

2037 1665 2164 1719 ricis
2186 1666 2473 1735 novimus,
2507 1665 2676 1738 hujus
2704 1667 2837 1721 artis
2862 1666 3177 1739 peritissimi
3202 1666 3593 1743 habebantur;

2036 1769 2209 1823 quare
2237 1751 2307 1807 de
2344 1753 2409 1807 iis
2435 1753 2698 1828 Virgilius
2725 1753 2842 1810 Ecl.
2872 1753 2956 1824 X,
2985 1751 3054 1808 33
3082 1751 3218 1807 dicit
3248 1772 3262 1808 ε
3307 1753 3430 1810 Sole·
3452 1774 3593 1810 can-

2037 1849 2157 1894 tare
2175 1846 2351 1914 periti
2376 1841 2641 1896 Arcades.
2679 1865 2703 1888 u
2733 1843 2961 1909 an,
2989 1859 3050 1915 p.
3091 1860 3113 1896 1
3131 1860 3177 1896 1.
3207 1842 3461 1897 Fortasse
3487 1861 3583 1898 co·

2041 1939 2238 2000 gnatos
2266 1929 2324 1982 in
2350 1929 2741 2003 Peloponneso
2781 1927 3011 1997 habuit,
3041 1927 3102 1982 id
3126 1928 3286 2002 quod
3317 1930 3484 1984 etiam
3515 1929 3591 1985 de

2036 2015 2361 2070 Dicaearcho
2384 2017 2673 2072 statuimus
2704 2022 2787 2084 (v.
2817 2033 2946 2089 pag.
2975 2012 3088 2070 225
3116 2013 3166 2090 ),
3193 2032 3321 2069 cum
3358 2033 3472 2088 quo
3502 2016 3585 2070 sa-

2037 2102 2413 2158 miliaritatem
2462 2104 2668 2159 Nostro
2715 2103 3073 2157 intercessisse
3114 2102 3248 2157 inde
3277 2103 3586 2176 colligitur,

2037 2187 2194 2260 quod
2226 2190 2532 2245 Dicaearchi
2557 2189 2630 2246 ad
2668 2190 3069 2245 Aristoxenum
3098 2189 3388 2263 epistolam
3421 2207 3583 2244 com-

2035 2286 2312 2330 memorat
2333 2275 2528 2331 Cicero
2555 2276 2661 2348 Ep.
2684 2275 2757 2331 ad
2777 2279 2893 2335 Att.
2922 2275 3069 2344 XII,
3093 2274 3165 2330 32
3198 2272 3292 2350 (Ἴ.
3324 2277 3392 2330 In
3419 2275 3582 2330 Pelo·

2036 2381 2289 2436 ponneso
2318 2361 2524 2437 degens
2559 2363 2925 2419 Aristoxenus
2952 2363 3218 2417 convenit
3252 2361 3586 2433 Dionysium
3635 2372 3641 2378 ·

2029 2449 2314 2521 juniorem
2334 2494 2351 2527 ‚
2382 2451 2481 2524 qui
2508 2467 2656 2506 anno
2689 2447 2799 2514 343
2831 2467 2881 2507 a.
2910 2449 2974 2505 C.
3007 2448 3340 2505 Corinthum
3369 2447 3581 2503 abierat

2041 2537 2129 2612 (v.
2174 2537 2242 2594 fr.
2268 2558 2306 2613 9
2336 2549 2477 2595 extr.
2496 2532 2531 2612 ).

2123 2649 2147 2675 α
2176 2627 2449 2681 Praeterea
2476 2624 2759 2700 (Mahnius
2781 2621 2994 2697 pergit)
3028 2622 3288 2678 discimus
3309 2641 3378 2677 ex
3403 2623 3593 2680 verbis

2036 2711 2220 2768 Suidae
2247 2713 2641 2768 Aristoxenum
2676 2720 2947 2783 quattuor
2978 2709 3250 2764 habuisse.
3269 2711 3590 2783 magistros,

2036 2800 2281 2872 primum
2300 2810 2517 2873 patrem
2537 2817 2697 2853 suum
2713 2838 2729 2868 ,
2751 2808 2866 2852 tum
2881 2799 3186 2869 Lamprum
3205 2777 3555 2868 Erythraeui'u
3569 2836 3590 2866 ,

2038 2886 2244 2942 deinde
2269 2887 2653 2962 Xenophilum
2669 2926 2684 2954 ,
2717 2896 2773 2940 et
2796 2883 3040 2957 denique
3062 2883 3445 2942 Aristotelem.
3469 2885 3596 2938 Re-

2037 2975 2167 3030 licta
2189 2976 2363 3050 igitur
2385 2985 2618 3049 paterna
2647 2973 2940 3046 disciplina
2959 2973 3208 3046 primum
3234 2969 3434 3025 habuit
3457 2988 3591 3026 ma-

2038 3063 2272 3137 gistrum
2299 3066 2595 3138 Lamprum
2623 3060 3000 3133 E0·ehroeum.
3043 3059 3153 3114 Hic
3190 3059 3468 3131 Lamprus
3500 3059 3594 3112 vi·

2039 3148 2207 3206 detur
2221 3149 2420 3223 junior
2441 3151 2540 3205 illo
2570 3147 2853 3204 celebrato
2882 3148 3029 3202 inter
3065 3146 3272 3218 lyricos
3295 3154 3497 3218 poetas
3518 3145 3589 3200 ab

2039 3240 2373 3294 Aristoxeno
2403 3236 2557 3312 apud
2600 3234 2879 3292 Plutarch.
2914 3235 3000 3289 De
3041 3251 3179 3287 mus.
3209 3250 3270 3306 p.
3322 3239 3504 3301 1142,
3547 3232 3591 3286 B

2043 3325 2139 3399 (fr.
2174 3324 2300 3399 73).
2326 3327 2428 3382 Ille
2460 3325 2608 3380 enim
2637 3323 2788 3378 idem
2815 3321 3042 3376 videtur
3071 3331 3239 3392 atque
3268 3320 3313 3373 is
3331 3360 3346 3388 ,
3372 3318 3443 3374 de
3477 3336 3596 3393 quo

2039 3430 2095 3468 se
2133 3414 2401 3468 musicam
2443 3411 2700 3467 didicisse
2747 3408 3025 3484 professus
3066 3417 3146 3461 est
3199 3408 3454 3462 Socrates
3498 3424 3591 3480 ap.

2040 3493 2258 3557 Platon.
2288 3499 2348 3553 in
2369 3500 2681 3554 Menexeno
2723 3494 2811 3571 (c.
2844 3494 2899 3565 3,
2928 3513 2989 3568 p.
3015 3492 3153 3561 236,
3183 3493 3265 3567 A3
3289 3490 3361 3548 cf.
3389 3490 3593 3550 Athen.

2041 3588 2126 3641 XI
2149 3629 2165 3660 ,
2194 3605 2256 3660 p.
2295 3584 2431 3655 506,
2453 3583 2558 3661 F),
2581 3585 2791 3658 quique
2818 3581 3112 3655 Sophoclis
3137 3579 3402 3651 magister
3419 3579 3595 3632 musi-

2043 3690 2131 3729 ces
2157 3682 2213 3728 et
2245 3671 2483 3728 saltandi
2512 3673 2644 3727 artis
2669 3670 2833 3725 fuisse
2865 3666 3108 3722 videtur.
3137 3664 3268 3721 vid.
3301 3665 3600 3720 Athenaeus

2043 3761 2098 3827 1,
2129 3778 2190 3833 p.
2220 3777 2315 3828 ao,
2348 3760 2421 3828 F,
2445 3757 2622 3813 schol.
2664 3754 2932 3829 Sophocl.
2964 3754 3024 3807 in
3045 3751 3162 3824 ejus
3193 3752 3355 3828 Vita,
3399 3750 3592 3807 Fabri·
3673 3780 3682 3797 ·

2045 3847 2161 3902 cius
2179 3848 2241 3901 B.
2264 3846 2361 3905 Gr.
2392 3849 2447 3916 1,
2478 3864 2538 3920 p.
2561 3844 2673 3909 584
2691 3861 2824 3914 ,nec
2844 3860 2963 3896 non
2983 3841 3314 3912 interpretes
3332 3836 3405 3893 ad
3427 3838 3598 3893 verba

2044 3934 2183 4007 Nep.
2213 3934 2271 3987 in
2299 3935 2408 3990 Vit.
2450 3935 2650 4006 Epam.
2684 3949 2733 3988 c.
2776 3949 2798 3984 1
2841 3947 2857 3983 ι
2891 3926 3245 3984 Citharizare
3282 3936 3341 3980 et
3370 3936 3602 3980 cantare

2044 4020 2127 4075 ad
2147 4018 2478 4075 chordarum
2510 4037 2703 4074 sonum
2742 4018 2933 4073 doceas
2970 4025 3055 4069 est
3077 4031 3117 4068 a
3159 4014 3457 4084 Dionysio,
3502 4017 3600 4085 qui

2046 4126 2154 4164 ηοη
2195 4113 2397 4163 minori
2417 4104 2546 4179 suit
2572 4111 2627 4160 e’n
2663 4109 2872 4161 musIca
2908 4103 3123 4175 gloria,
3171 4117 3337 4173 quam
3376 4099 3599 4153 Damon

2046 4207 2146 4251 aut
2165 4198 2464 4270 LampmS,
2488 4213 2713 4270 quorum
2737 4191 3071 4267 pervulgata
3086 4197 3213 4241 sant
3233 4188 3460 4240 nomina
3483 4182 3594 4259 (¹¹⁴).

2046 4314 2127 4326 —
2153 4282 2507 4359 Xenophilus
2532 4283 2628 4355 qui
2659 4278 2864 4334 deinde
2892 4284 3261 4341 memoratur,
3293 4281 3375 4326 est
3394 4271 3603 4326 nobilis

2047 4372 2141 4427 ille
2167 4372 2542 4428 Chalcidensis
2562 4367 2960 4444 philosophus,
2986 4362 3143 4432 cujus
3174 4363 3347 4414 vitam
3385 4358 3597 4415 descri-

2047 4460 2215 4532 psisse
2255 4458 2481 4514 videtur
2523 4459 2640 4531 ipse
2682 4458 3040 4511 Aristoxenus
3086 4448 3170 4521 (v.
3219 4446 3290 4501 fr.
3355 4442 3472 4521 16).
3521 4476 3601 4488 —

2051 4549 2394 4602 Aristotelem
2418 4547 2737 4620 magistrum
2765 4537 3079 4597 Aristoxeni
3104 4534 3297 4605 suive,
3327 4550 3503 4606 quum
3533 4551 3600 4588 ex

2115 4763 2176 4824 (Ἴ
2211 4761 2344 4812 ldem
2386 4760 2554 4810 cicero
2583 4757 2759 4821 saepius
2792 4754 3134 4805 Aristoxenum
3172 4762 3284 4798 cum
3323 4747 3601 4797 Dicaearcho

2051 4832 2323 4895 componit,
2339 4828 2460 4879 utin
2482 4832 2635 4879 Tusc.
2660 4830 2706 4887 1,
2731 4824 2900 4886 18(1“ι·.
2916 4822 3005 4885 82)
3024 4822 3075 4870 et
3091 4820 3239 4883 Epist.
3262 4817 3324 4867 ad
3344 4820 3444 4867 Att.
3467 4820 3599 4876 vill,

2051 4908 2121 4954 4:
2153 4900 2518 4953 nica-archum
2557 4896 2847 4950 mehercule
2877 4895 2976 4944 aul
3012 4893 3372 4942 Aristoxenum
3411 4886 3598 4937 diceres

2052 4974 2271 5032 arcessi,
2289 4982 2390 5021 non
2424 4982 2589 5020 unum
2615 4969 2844 5017 omnium
2865 4962 3279 5028 loquacissimum
3308 4960 3359 5008 ee
3389 4960 3604 5008 minime

2053 5045 2237 5107 aptum
2259 5040 2332 5091 ad
2354 5039 2646 5091 dicendum.

2115 5112 2201 5175 θ’)
2220 5114 2472 5174 Lampmm
2491 5107 2853 5174 grammaticum
2864 5102 3211 5155 commemorat
3231 5099 3423 5150 Aristot.
3443 5099 3604 5159 Magn.

2057 5184 2225 5235 moral.
2255 5187 2325 5245 11,
2354 5187 2402 5233 7.

1952 5280 2067 5335 269
