4016 5916
474 312 593 361 428
792 333 799 338 ·
1823 301 2362 365 MEGASTHENIS

465 433 685 508 λειμῶσι
711 434 803 491 καὶ
825 436 987 493 τοῖσιν
1013 432 1226 490 ἕλεσινΕ
1206 429 1305 490 υπὸ
1333 431 1565 512 δένδρεσι
1597 431 1914 511 μεγάλοισιν·
1951 440 2023 492 ὧν
2187 451 2231 490 2.
2273 428 2513 508 Πέμπτ
2528 451 2594 488 ον
2614 428 2670 488 δὲ
2690 427 2835 507 γένος
2857 428 2996 489 ἐστὶν
3016 429 3252 490 Ἰνδοῖσιν
3271 431 3319 489 οἵ
3337 432 3760 508 πολεμισταὶ,

465 517 560 590 τὴν
607 517 758 590 σκιὴν
809 519 1047 599 Νέαρχος
1090 517 1232 630 λέγει
1258 522 1321 586 ἐς
1349 518 1500 578 πέντε
1527 520 1724 600 πλέθρα
1766 523 1817 579 ἐν
1846 519 2025 578 κύκλοι
2109 517 2299 590 πληθεῖ
2326 517 2419 595 μὲν
2459 514 2695 597 δεύτερον
2725 539 2790 593 με
2793 515 2858 574 τὰ
2895 515 3015 584 τους
3051 515 3338 596 γεωργοὺς,
3367 519 3652 598 πλείστῃ
3691 521 3758 579 δὲ

468 605 812 683 ἐξικνέεσθαι,
850 606 941 666 καὶ
985 607 1048 664 ἂν
1093 607 1184 664 και
1214 605 1424 687 μυρίους
1468 607 1765 686 ἀνθρώπους
1809 607 1911 666 ὑπὸ
1951 608 2027 665 §.vl
2113 604 2373 686 ἐλευθερίῃ
2393 627 2450 662 τε
2477 602 2567 661 καὶ
2588 602 2803 681 εὐθυμίῃ
2823 603 3208 683 ἕπιχρεόμενον·
3231 604 3322 663 καὶ
3339 596 3498 663 οὗτοι,
3536 609 3757 679 οἷο-κη-

468 694 664 771 δένδρεϊ
692 693 1016 762 σκιᾶζεσθαι·
1041 694 1332 764 τηλικαυτα
1356 683 1487 754 εἶναι
1508 699 1673 753 ταῦτα
1700 693 1767 752 τὰ
1791 694 2024 774 δένδρεα.
2112 689 2198 750 ταὶ
2219 691 2420 767 μούνων
2446 693 2549 748 τῶν
2569 692 2865 767 πολεμικῶν
2905 689 3067 769 ἔργων
3096 691 3215 751 εἰσί.
3250 693 3315 771 (a)
3343 691 3432 752 Τὰ
3461 691 3536 752 δὲ
3575 694 3758 753 ὅπλα

474 783 541 858 (8)
577 779 848 840 Σιτέονται
877 780 930 839 δὲ
958 781 1128 859 ωραῖα
1154 779 1245 839 καὶ
1271 778 1360 838 τὸν
1400 779 1577 859 φλοιον
1606 784 1707 839 τῶν
1754 780 2024 862 δένδρεων,
2113 777 2262 837 ἄλλοι
2283 781 2480 837 αὐτοῖσι
2501 776 2745 850 ποιέουσι,
2764 777 2854 836 καὶ
2872 775 3059 845 ἵππους
3079 779 3225 838 ἄλλοι
3244 777 3572 858 παρέχουσι
3595 805 3614 818 ·
3641 806 3755 840 και

469 867 662 944 γλυκύν
689 890 744 925 τε
773 867 895 925 ὄντα
926 866 1013 925 τὸν
1040 866 1213 946 φλοιὸν
1239 866 1327 925 καὶ
1348 866 1599 947 τρόφιμον
1637 873 1695 926 οὗ
1722 876 1864 945 μεῖον
1890 867 2028 948 ἤπερ
2114 865 2459 926 διακονέουσιν
2480 863 2566 924 ἐπὶ
2590 865 2939 943 στρατοπέδου
2963 863 3143 937 ἄλλοι,
3166 863 3216 923 οἳ
3242 864 3359 931 τούς
3385 889 3448 924 τε
3490 866 3754 935 ἵππους

472 959 526 1013 αἱ
556 954 776 1034 βάλανοι
801 958 904 1013 τῶν
932 953 1194 1033 φοινίκων.
2115 953 2314 1011 αὐτοῖσι
2332 951 2672 1031 θεραπεύουσι
2687 952 2780 1010 καὶ
2803 950 2870 1011 τὰ
2892 950 3030 1011 ὅπλα
3058 951 3425 1031 ἐκκαθαίρουσι
3451 955 3570 1012 καὶ
3603 955 3752 1020 τοὺς

550 1063 594 1103 a.
641 1041 939 1123 Δεύτεροι
964 1045 1007 1099 δ’
1030 1041 1114 1099 ἐπὶ
1137 1042 1394 1100 τούτοισιν
1414 1043 1460 1099 οἱ
1482 1042 1701 1122 γεωργοί
1723 1045 1871 1101 εἰσιν·
1890 1033 2033 1101 οὗτοι
2116 1038 2395 1119 ἐλέφαντας
2435 1038 2618 1117 ἄγουσι
2666 1039 2757 1099 καὶ
2796 1037 2863 1097 τὰ
2910 1037 3122 1118 ἅρματα
3165 1039 3451 1116 κοσμέουσί
3492 1065 3571 1100 τε
3633 1043 3748 1100 καὶ

470 1130 661 1201 πλήθεΐ
685 1129 942 1188 πλεῖστοι
945 1128 1124 1188 Ἰνδῶν
1151 1127 1341 1195 ἐόντες·
1364 1113 1452 1186 καί
1475 1129 1728 1188 τούτοισιν
1753 1127 1870 1187 οὔτε
1892 1128 2030 1188 ὅπλα
2114 1126 2484 1204 ἡνιοχεύουσιν.
2524 1128 2589 1204 (ι)
2623 1125 2781 1186 Αὐτοὶ
2813 1125 2869 1185 δὲ
2886 1170 2904 1203 ,
2926 1126 3035 1185 ἔστ’
3058 1125 3122 1185 ἂν
3152 1126 3245 1202 μὲν
3266 1126 3533 1204 πολεμέει
3577 1129 3701 1209 δίῃ
3721 1175 3743 1200 ,

473 1218 611 1274 ἔστιν
656 1215 814 1294 ἀρήια
853 1214 971 1274 οὔτε
999 1214 1146 1291 μέλει
1194 1213 1261 1273 τὰ
1301 1214 1527 1291 πολέμια
1565 1213 1713 1295 ἔργα,
1754 1216 1891 1274 ἀλλὰ
1935 1216 2030 1286 τὴν
2116 1212 2482 1291 πολεμέουσιν,
2505 1212 3434 1293 εἰρήνηςδὲγενομένηςεῦθυμέονται·
3456 1217 3745 1295 καέσφιν

471 1303 649 1382 χώρην
678 1294 819 1362 οὗτοι
839 1301 1164 1381 ἐργάζονται·
1188 1301 1415 1368 καὶτοὺς
1441 1302 1625 1382 φόρους
1645 1305 1779 1361 τοῖσι
1792 1325 1847 1361 τε
1876 1307 2031 1382 βασι·
2118 1302 2295 1408 μισθὸς
2323 1302 2381 1357 ἐκ
2409 1305 2497 1357 τοῦ
2529 1305 2700 1358 κοινοῦ
2727 1300 2940 1360 τοσόσδε
2974 1299 3219 1380 ἔρχεται,
3250 1304 3320 1368 ὥς
3360 1301 3456 1360 καὶ
3501 1303 3746 1369 ἄλλους

473 1392 621 1449 λεῧσι
642 1389 732 1448 καὶ
768 1394 889 1469 τῇσι
919 1390 1143 1461 πόλισιν,
1169 1389 1288 1447 ὅσαι
1316 1387 1593 1467 αὐτόνομοι
1612 1435 1627 1462 ,
1666 1382 1804 1449 οὗτοι
1835 1391 2034 1469 ἀποφέ-
2118 1385 2318 1466 τρέφειν
2348 1389 2438 1445 ἀπ’
2468 1389 2628 1446 αυτοῧ
2657 1387 2936 1467 εὐμαρέως.

477 1497 645 1558 ρουσι·
682 1478 766 1557 (ιο)
806 1477 897 1535 καὶ
921 1478 967 1534 εἷ
989 1475 1217 1553 πόλεμος
1251 1478 1301 1542 ἐς
1340 1476 1595 1546 ἀλλήλους
1634 1480 1796 1535 τοῖσιν
1823 1476 2033 1536 Ἰνδοῖσι
2230 1473 2521 1535 .”Ἐκτοι
2553 1475 2611 1533 δέ
2638 1478 2764 1534 εἰσιν
2788 1476 3024 1534 Ἰνδοῖσιν
3049 1477 3144 1534 οῖ’
3121 1474 3396 1535 επίσκοποι
3422 1479 3736 1554 καλεόμε-

454 1563 651 1643 ·τύχοι,
667 1567 770 1622 τῶν
785 1561 1142 1644 ἐργαζομένων
1156 1561 1252 1634 τὴν
1268 1567 1365 1640 γῆν
1382 1565 1439 1621 οὗ
1458 1562 1600 1640 θέμις
1620 1562 1738 1643 σφὶν
1760 1562 2033 1636 ἅπτεσθαι,
2119 1584 2212 1619 νοι.
2196 1496 2404 1622 15Ουτοι
2426 1565 2648 1643 ἐφορῶσι
2670 1560 2736 1621 τὰ
2758 1564 3001 1642 γινόμενα
3025 1561 3162 1621 κατά
3189 1584 3245 1620 τε
3267 1562 3361 1634 τὴν
3383 1564 3589 1644 χώρην
3620 1567 3732 1624 καὶ

476 1650 592 1710 οὐδὲ
608 1649 770 1722 αὐτὴν
788 1651 882 1722 τὴν
898 1655 995 1724 γῆν
1010 1649 1243 1728 τάμνειν·
1266 1647 1403 1708 ἀλλὰ
1424 1652 1471 1708 οἱ
1494 1650 1588 1727 μὲν
1607 1647 1922 1725 πολεμέουσι
1945 1651 2036 1708 και
2120 1645 2256 1706 κατὰ
2281 1646 2374 1714 τὰς
2395 1649 2604 1716 πόλιας·
2628 1649 2717 1707 καὶ
2743 1655 2908 1708 ταῦτα
2938 1648 3312 1728 ἀναγγέλλουσι
3334 1654 3411 1730 τῷ
3445 1653 3724 1729 βασιλεῖ,

478 1738 880 1798 κατακαίνουσιν
924 1738 1181 1810 ἀλλήλους
1219 1736 1362 1803 ὅπως
1385 1737 1611 1816 τύχοιεν,
1645 1740 1692 1797 οἱ
1721 1740 1774 1796 δὲ
1813 1736 2035 1807 πλησίον
2118 1732 2303 1813 ἵναπερ
2330 1735 2689 1813 βασιλεύονται
2708 1736 2857 1797 Ἰνδοὶ
2878 1782 2894 1813 ,
2916 1735 2951 1807 ἢ
2971 1745 3102 1795 τοῖσι
3124 1736 3344 1810 τέλεσιν,
3365 1735 3567 1818 ἵναπερ
3603 1742 3722 1797 αὖ·

478 1830 649 1886 αὒτῶν
690 1828 806 1885 κατ’
835 1825 1061 1904 ἡσυχίην
1088 1827 1298 1905 ἀροῦσιν
1324 1823 1359 1896 ἢ
1394 1828 1651 1904 τρυγῶσιν
1685 1823 1718 1896 ἢ
1759 1826 2034 1884 κλαδοῦσιν
2120 1820 2328 1898 τόνομοι
2346 1821 2471 1882 εἰσί·
2489 1823 2579 1882 καὶ
2597 1823 2850 1883 τούτοισιν
2870 1826 2927 1883 οὐ
2947 1823 3089 1901 θέμις
3107 1825 3294 1904 ψεῦδος
3317 1826 3576 1904 ἀγγεῖλαι
3599 1830 3718 1886 οὗ·

477 1913 512 1984 ἢ
542 1913 845 1993 θερίζουσιν.
2123 1909 2226 1967 δέν·
2250 1908 2368 1967 οὐδέ
2394 1934 2468 1976 τις
2495 1910 2670 1971 Ἰνδῶν
2698 1912 2869 1982 αἰτίην
2897 1910 3020 1990 ἔσχε
3044 1911 3384 2016 ψεύσασθαι...

562 2021 628 2062 ιι.
673 1999 899 2079 Τρίτοι
928 1998 985 2057 δέ
1009 2001 1136 2056 εισιν
1160 1997 1393 2057 Ἰνδοῖσιν
1420 2000 1468 2057 οἳ
1496 1998 1699 2075 νομέες,
1724 2001 1771 2057 οἱ
1798 2022 1956 2076 ποιμε
1942 1998 2010 2057 ἐν
2015 2024 2037 2066 ς
2197 2013 2245 2056 ο.
2289 1992 2625 2072 Ἐὅδομοι
2647 1995 2704 2055 δέ
2731 2001 2859 2056 εἰσιν
2880 1999 2928 2056 οἱ
2952 1996 3086 2077 ὑπὲρ
3103 2000 3204 2056 τῶν
3232 2002 3417 2057 κοινῶν
3445 2002 3717 2077 βουλευό-

478 2111 534 2146 τε
574 2088 663 2146 καὶ
708 2087 974 2167 βουκόλοι,
1002 2086 1092 2143 καὶ
1120 2077 1262 2144 οὗτοι
1290 2083 1407 2143 οὔτε
1451 2109 1589 2145 κατα
1616 2085 1799 2152 πόλιας
1833 2085 1951 2144 οὔτε
1982 2088 2037 2144 ἐν
2123 2085 2406 2159 μενοιὸμου
2425 2087 2500 2165 τῷ
2520 2082 2742 2162 βασιλέι,
2761 2084 2796 2158 ἢ
2813 2084 2949 2144 κατὰ
2964 2086 3249 2154 τᾶςπόλιας
3265 2086 3385 2146 ὅσαι
3402 2091 3714 2168 αὐτόνομοι

478 2180 595 2252 τῇσι
632 2173 868 2255 κώμῃσιν
903 2171 1144 2234 οἰκέουσι.
1178 2172 1416 2248 Νομάδες
1454 2171 1513 2230 τέ
1556 2175 1656 2231 εἶσι
1697 2172 1787 2232 καὶ
1830 2172 1930 2230 ἀνὰ
1968 2173 2033 2232 τὰ
2122 2169 2214 2228 σὺν
2232 2174 2380 2250 τῇσιν
2412 2175 2624 2252 ἀρχῇσι.
2663 2172 2723 2252 (7)
2746 2173 2950 2246 Πλήθεῖ
2966 2172 3058 2252 μὲν
3081 2174 3252 2251 ὀλίγον
3272 2175 3334 2235 τὸ
3356 2175 3501 2255 γένος
3533 2178 3714 2239 τοῦτό

479 2262 632 2343 οὔρεα
667 2261 981 2340 βιοτεύουσι·
1008 2258 1165 2341 φόρον
1191 2259 1244 2318 δὲ
1268 2282 1358 2318 και
1390 2252 1527 2318 οὗτοι
1558 2260 1661 2319 ἄπο
1683 2263 1783 2318 τῶν
1806 2258 2036 2330 κτηνέων
2123 2261 2231 2316 ἐστι
2240 2258 2431 2340 ,σοφίῃ
2456 2259 2619 2319 δὲκαὶ
2641 2259 2927 2334 δικαιότητι
2946 2264 3006 2320 ἐκ
3025 2261 3234 2321 πάντων
3252 2266 3705 2347 προκεκριμένον·

478 2350 819 2430 ἀποφέρουσι·
842 2372 929 2407 και
953 2348 1251 2428 θηρεύουσιν
1282 2338 1421 2405 οὗτοι
1451 2344 1549 2403 ἀνὰ
1580 2346 1675 2417 τὴν
1699 2344 1877 2427 χώρην
1897 2346 2036 2427 ὄρνι·
2122 2344 2261 2404 ἔνθεν
2279 2343 2330 2404 οἵ
2353 2369 2410 2405 τε
2435 2347 2677 2426 ἄρχοντες
2704 2349 2931 2408 αὖτοισιν
2963 2348 3287 2427 ἐπιλέγονται
3325 2352 3416 2411 καὶ
3454 2351 3576 2413 ὅσοι
3604 2378 3704 2416 νο·

477 2437 565 2504 od:
586 2460 643 2497 τε
665 2437 756 2496 καὶ
780 2437 936 2517 ἄγρια
956 2436 1127 2513 θηρία.
1370 2449 1373 2454 ’
2125 2456 2326 2513 μαρχαι
2349 2433 2437 2491 καὶ
2480 2434 2707 2516 ὕπαρχοι
2737 2434 2826 2494 καὶ
2850 2435 3306 2518 θησαυροφύλακές
3326 2463 3382 2499 τε
3406 2440 3497 2498 καὶ
3527 2464 3701 2523 erpa·

556 2529 690 2601 Cap.
737 2527 868 2584 xll.
909 2522 998 2583 Τέ
1007 2546 1079 2581 τα
1098 2544 1239 2600 ρτον
1269 2520 1324 2579 δέ
1363 2522 1472 2578 ἐστι
1501 2544 1561 2578 το
1589 2519 1953 2599 δημιουργικόν
1980 2543 2036 2579 τε
2120 2521 2428 2603 τοφύλακες,
2469 2522 2721 2603 ναύαρχοί
2766 2546 2822 2582 τε
2865 2523 2956 2583 καὶ
2997 2525 3213 2604 ταμίαι,
3254 2527 3343 2585 καὶ
3383 2531 3487 2586 τῶν
3540 2529 3695 2589 κατὰ

477 2634 567 2669 και
600 2610 893 2682 καπηλικὸν
935 2609 1095 2684 γένος.
1139 2606 1248 2668 Καὶ
1287 2599 1424 2665 οὗτοι
1466 2607 1751 2687 λειτουργοί
1778 2610 1914 2685 εἰσι,
1947 2631 2037 2666 και
2122 2609 2374 2689 γεωργίην
2397 2608 2560 2688 ἔργων
2580 2612 2872 2673 ἐπιστάται.

478 2698 633 2776 φόρον
656 2696 1001 2777 ἀποφέρουσιν
1027 2692 1131 2751 ἀπὸ
1153 2698 1256 2751 τῶν
1279 2693 1441 2802 ἔργων
1470 2697 1571 2752 τῶν
1596 2692 1873 2774 σφετέρων,
1898 2694 2036 2765 πλην
2200 2717 2245 2758 8.
2293 2696 2519 2773 Γαμέειν
2545 2696 2599 2757 δὲ
2631 2697 2682 2766 ἐξ
2717 2698 2801 2758 ἑτέ
2775 2723 2891 2776 ερου
2912 2699 3081 2778 γένεος
3107 2704 3163 2759 οὗ
3188 2700 3362 2779 θέμις,
3403 2693 3511 2761 οἶον
3552 2705 3697 2764 τοῖσι

478 2808 538 2862 γε
559 2786 620 2854 δὴ
646 2784 756 2842 ὅσοι
778 2808 845 2841 τα
869 2783 1040 2862 ἀρήια
1049 2780 1185 2839 ὅπλα
1206 2781 1482 2839 ποιέουσιν·
1508 2772 1645 2838 οὗτοι
1665 2782 1717 2839 δὲ
1738 2782 1828 2839 καὶ
1854 2782 2037 2859 μισθὸν

478 2872 539 2927 ἐκ
566 2893 656 2928 του
684 2892 851 2928 κοινου
874 2866 1389 2948 προσλαμβάνουσιν
1412 2867 1504 2927 Ἐν
1530 2867 1583 2925 δὲ
1611 2868 1778 2948 τούτῳ
1804 2874 1878 2948 τῷ
1900 2869 2038 2948 γένεϊ

475 2957 529 3017 οἵ
549 2983 604 3017 τε
631 2957 887 3035 ναυπηγοὶ
916 2958 1006 3016 καὶ
1026 2961 1073 3015 οἳ
1100 2954 1288 3014 ναυταί
1310 2957 1458 3028 εἰσιν,
1490 2950 1633 3016 ὅσοι
1630 2956 1768 3016 κατα
1792 2958 1909 3026 τους
1930 2982 2032 3018 πο-

476 3046 677 3123 ταμους
705 3045 955 3105 πλώουσι.

2123 2792 2426 2865 γεωργοῖσιν
2451 2787 2509 2843 ἐκ
2531 2790 2622 2843 τοῦ
2648 2788 3014 2898 δημιουργικοῦ
3032 2833 3047 2860 ,
3086 2787 3120 2859 ἢ
3158 2788 3406 2865 ἔμπαλιν·
3441 2789 3560 2848 ὠδὲ
3599 2791 3694 2850 δύο

2121 2868 2309 2950 τέχνας
2338 2872 2651 2944 ἐπιτηδεύειν
2673 2874 2760 2931 τὸν
2791 2874 2968 2951 αὐτὸν,
3007 2872 3122 2933 οὐδὲ
3162 2881 3314 2935 τοῦτο
3354 2876 3527 2953 θέμις·
3567 2879 3694 2937 ουδὲ

2123 2957 2356 3035 ἀμείὸειν
2385 2957 2436 3027 ἐξ
2465 2960 2641 3038 ἑτέρου
2668 2961 2838 3039 γένεος
2867 2963 2937 3029 εἷς
2960 2962 3149 3042 ἕτερον,
3179 2953 3285 3022 οἷον
3310 2965 3598 3045 γεωργικὸν
3626 2970 3690 3027 ἐκ

2121 3046 2303 3123 νομέος
2323 3049 2558 3127 γενέσθαι
2574 3095 2590 3127 ,
2619 3049 2654 3121 ἢ
2682 3050 2840 3127 νομέα
2860 3054 2919 3110 ἐκ
2946 3054 3338 3133 δημιουργικοῦ.
3380 3055 3451 3132 (o)
3477 3059 3691 3116 Meum

479 3313 625 3360 tantae
654 3311 990 3373 magnitudinis
1020 3324 1121 3361 esse
1152 3325 1234 3361 eas
1263 3312 1473 3361 arbores.
1542 3313 1610 3375 (8)
1642 3312 1898 3362 Fructibus
1919 3326 2035 3363 vero
2107 3322 2203 3357 ‹:·re
2268 3309 2328 3358 Hi
2352 3308 2513 3359 solum
2537 3307 2733 3358 bellicas
2764 3322 2841 3358 res
2866 3310 3113 3359 exercent.
3184 3308 3253 3370 (3)
3283 3312 3433 3357 Arma
3456 3306 3537 3356 alii
3566 3306 3689 3369 ipsis

479 3389 681 3438 maturis
708 3392 968 3437 vescuntur
990 3389 1342 3451 corticibusque
1377 3389 1631 3448 arborum,
1664 3403 1773 3451 quat
1798 3391 1845 3437 et
1871 3389 2037 3440 dulces
2107 3388 2397 3450 conficiunt,
2419 3389 2468 3439 et
2486 3400 2640 3451 equos
2662 3387 2743 3438 alii
2766 3389 3099 3452 suppeditant,
3120 3388 3437 3451 serviuntque
3463 3388 3535 3437 bis
3553 3386 3690 3450 apud

478 3466 590 3514 sunt
607 3466 656 3515 et
676 3466 813 3514 multi
833 3466 1111 3515 nutrimenti
1128 3466 1360 3529 ,perinde
1386 3469 1531 3530 atque
1544 3467 1810 3528 palmarum
1832 3467 2032 3516 tructuS.

540 3548 587 3590 9.
608 3539 881 3590 Secundum
895 3554 1041 3604 genus
1054 3541 1303 3591 bominum
1315 3543 1421 3604 post
1433 3542 1665 3603 sophistas
1674 3545 1786 3592 sunt
1795 3543 2032 3605 agricolae,

478 3617 770 3679 quiquidem
787 3631 989 3668 numero
1006 3619 1211 3681 reliquas
1228 3617 1456 3669 Indorum
1472 3619 1624 3668 tribus
1642 3619 1781 3682 longe
1795 3622 2033 3682 superant

478 3695 540 3745 ni
561 3706 716 3757 neque
733 3708 865 3745 arma
883 3697 1091 3759 babent,
1119 3697 1293 3759 quibus
1314 3697 1362 3746 in
1381 3696 1505 3746 bello
1518 3698 1735 3757 utantur,
1755 3710 1911 3759 neque
1926 3698 2034 3746 bel-

477 3773 595 3823 licas
621 3787 696 3824 res
734 3778 957 3826 curant·
976 3777 1056 3825 sed
1084 3788 1223 3839 agros
1257 3776 1449 3837 colunt,
1484 3776 1534 3824 et
1566 3775 1755 3838 regibus
1779 3775 2035 3838 liberisque

476 3852 679 3902 urbibus
711 3853 891 3902 tributa
913 3851 1153 3915 pendunt3
1196 3853 1293 3915 (to)
1318 3854 1365 3902 et
1396 3852 1436 3901 si
1470 3852 1695 3903 intestina
1730 3853 1856 3903 inter
1892 3853 2035 3903 Indos

477 3927 603 3978 bella
626 3929 863 3991 incidant,
883 3942 974 3978 nec
991 3929 1103 3978 licet
1122 3929 1355 3978 militibus
1378 3942 1549 3978 manus
1575 3929 1766 3991 injicere
1784 3930 2032 3993 agricolis,

477 4018 635 4068 neque
653 4007 808 4069 ipsum
831 4019 999 4068 agrum
1012 4008 1217 4055 vastare.
1238 4005 1327 4056 Sed
1347 4006 1425 4055 alii
1444 4007 1566 4055 inter
1590 4019 1642 4055 se
1661 4006 1839 4057 bellum
1864 4008 2035 4069 gerunt

477 4096 674 4145 seseque
696 4086 868 4132 mutuo
890 4081 1184 4132 interficiunt
1216 4082 1361 4145 prout
1397 4096 1473 4131 res
1500 4082 1609 4145 dat·
1646 4084 1726 4133 alii
1755 4084 1895 4147 juxta
1926 4084 2035 4134 illos

477 4160 735 4223 tranquille
753 4162 838 4209 aut
858 4162 1023 4221 arant,
1043 4162 1126 4208 aut
1149 4159 1307 4221 fruges
1324 4159 1582 4222 colligunt,
1602 4163 1688 4210 aut
1712 4174 1855 4223 poma
1881 4161 1941 4210 ab
1959 4173 2031 4210 ar-

476 4236 672 4286 boribus
693 4235 967 4293 decutiunt,
984 4238 1069 4284 aut
1084 4237 1222 4285 messi
1250 4238 1441 4288 vacant.

2124 3468 2279 3516 castra
2303 3466 2385 3517 alii
2400 3468 2527 3531 ,qui
2548 3468 2599 3517 et
2617 3480 2767 3531 equos
2791 3470 2964 3517 curant
2997 3470 3142 3530 atque
3167 3480 3302 3516 arma
3333 3471 3615 3530 extergant,
3637 3475 3686 3520 et

2122 3542 2399 3607 elephantos
2438 3544 2653 3607 ducunt,
2696 3545 2748 3595 et
2783 3557 2951 3594 currus
2996 3544 3240 3594 instruunt
3285 3557 3344 3594 ae
3389 3546 3683 3608 gubernant.

2124 3621 2190 3682 (4)
2229 3623 2324 3684 Ipsi
2351 3636 2495 3685 vero,
2525 3636 2676 3685 quum
2706 3621 2982 3672 bellandum
3011 3622 3378 3678 aet‚b011ant·
3419 3623 3683 3673 constituta

2122 3702 2283 3748 autem
2304 3712 2420 3762 paee
2432 3700 2700 3762 jucundam
2724 3702 2870 3763 atque
2905 3700 3109 3748 alacrem
3133 3700 3284 3749 vitam
3323 3699 3534 3761 degunt,
3567 3703 3685 3750 tan—

2121 3779 2323 3839 tumque
2340 3778 2559 3840 stipendii
2582 3778 2649 3828 eis
2672 3790 2733 3828 ex
2752 3778 2946 3841 publico
2964 3777 3123 3839 datur,
3148 3779 3203 3826 ut
3226 3790 3287 3827 ex
3311 3789 3368 3827 eo
3384 3778 3531 3827 etiam
3558 3779 3686 3829 alios

2123 3853 2371 3903 commode
2391 3855 2517 3905 alere
2538 3854 2734 3918 possint.

2186 3937 2230 3979 5.
2266 3932 2468 3981 Sextum
2490 3944 2638 3997 genus
2665 3933 2737 3982 est
2766 3932 3095 3993 episcoporum
3118 3930 3220 3980 sive
3238 3930 3600 3993 inquisitorum.
3627 3936 3686 3982 ut

2124 4011 2372 4058 vocantur.
2438 4010 2497 4059 Ηι
2517 4008 2700 4071 quidm
2718 4009 2843 4071 agris
2861 4010 3029 4070 agatur
3044 4007 3324 4070 inquirunt
3370 4020 3525 4071 eaque
3564 4010 3688 4073 regi-

2122 4087 2239 4147 buS,
2268 4087 2307 4137 si
2331 4102 2415 4151 per
2427 4101 2560 4148 reges
2577 4087 2918 4150 gubernantur,
2946 4087 3031 4136 aut
3051 4086 3431 4149 magistratibus,
3455 4087 3495 4136 si
3520 4087 3686 4137 liberae

2121 4162 2336 4213 civitates
2353 4166 2492 4226 sunt,
2517 4164 2818 4213 denuntiant
2889 4163 2973 4213 His
2999 4163 3069 4212 tas
3086 4176 3183 4212 non
3207 4166 3279 4213 est
3301 4163 3419 4211 salsa
3442 4176 3530 4225 pro
3551 4165 3683 4213 veris

2121 4240 2447 4291 denuntiare:
2480 4253 2636 4303 neque
2659 4239 2890 4290 Indorum
2913 4240 3167 4303 quisquam
3192 4239 3426 4290 mendacii
3463 4253 3682 4303 unquam

2121 4319 2371 4368 accusatus
2388 4320 2477 4370 est.

2182 4401 2228 4445 6.
2260 4395 2526 4457 Septimum
2545 4407 2692 4458 genus
2709 4396 2780 4445 est
2799 4408 2966 4445 eorum
2994 4394 3155 4458 quide
3173 4394 3316 4444 rebus
3342 4395 3401 4444 ad
3421 4406 3688 4445 commune

2120 4470 2468 4534 pertinentibus
2488 4471 2803 4523 consultant.
2830 4472 2978 4536 idque
3001 4472 3079 4521 vel
3098 4485 3210 4520 cum
3227 4484 3365 4533 rege,
3393 4472 3467 4520 vel
3489 4484 3573 4533 per
3595 4484 3683 4520 ur-

2120 4549 2204 4599 bes
2255 4562 2367 4611 quae
2412 4548 2575 4599 liberm
2628 4548 2883 4610 imperium
2934 4551 3100 4599 tenent
3150 4561 3261 4597 cum
3307 4547 3676 4610 magistratibus.

546 4322 617 4365 ιι.
642 4316 857 4365 Tertium
879 4328 1027 4378 genus
1048 4314 1274 4365 Indorum
1308 4317 1421 4364 sunt
1443 4318 1655 4377 pastores
1686 4317 1787 4366 site
1804 4317 2034 4379 opiliones

477 4392 577 4443 sive
596 4393 826 4453 bubulci,
859 4394 910 4442 et
944 4392 992 4440 hi
1027 4405 1183 4454 neque
1215 4393 1358 4443 urbes
1381 4406 1537 4454 neque
1558 4406 1703 4456 pagos
1740 4393 2032 4455 inhabitant,

476 4470 559 4520 sed
580 4470 877 4533 vagabundi
865 4484 912 4519 ιιι
940 4470 1184 4520 montibus
1200 4471 1403 4533 degunt,
1423 4470 1660 4521 tributum
1687 4482 1802 4519 vero
1825 4473 1872 4520 et
1897 4470 1945 4519 hi
1970 4485 2032 4522 ex

478 4550 706 4599 armentis
723 4552 772 4599 et
800 4561 971 4612 pecore
999 4549 1241 4613 pendunt,
1267 4562 1475 4613 avosque
1498 4552 1547 4600 et
1573 4550 1779 4613 agrestoe
1814 4551 1936 4600 feras
1952 4564 2032 4600 ve-

477 4628 673 4677 uantur.

539 4706 643 4753 ΧΠ.
679 4706 912 4764 Quartum
930 4717 1077 4767 genus
1094 4705 1167 4754 est
1191 4702 1415 4766 opificum
1434 4704 1483 4753 et
1500 4702 1866 4765 negotiatorum.
1898 4704 1959 4752 Et
1982 4702 2031 4753 bi

478 4792 679 4830 munera
702 4782 891 4843 publica
914 4783 1170 4845 praestant,
1202 4784 1348 4843 atque
1374 4794 1433 4831 ex
1465 4780 1690 4843 operibus
1719 4781 1817 4830 suis
1852 4780 2031 4830 tributa

478 4857 778 4919 persolvunt,
802 4859 861 4907 iis
895 4859 1105 4920 exceptis
1132 4859 1216 4921 qui
1248 4870 1383 4907 arma
1416 4857 1586 4907 bellica
1612 4857 1922 4907 fabricantur.
1989 4858 2029 4908 1i

479 4935 606 4984 enim
631 4937 776 4985 etiam
796 4950 853 4987 ex
874 4937 1064 5000 publico
1085 4936 1356 4987 mercedem
1373 4934 1654 4999 accipiunt.
1641 4935 1725 4985 ·in
1746 4935 1839 4985 boc
1859 4948 2032 4997 genere

478 5013 590 5062 sunt
615 5012 733 5062 fabri
750 5014 943 5063 navales
964 5015 1013 5063 et
1036 5017 1196 5063 nautae
1217 5015 1456 5076 quotquot
1473 5011 1670 5062 flumina
1692 5012 1933 5075 navigant.

544 5097 589 5142 2.
607 5092 836 5149 Quintum
860 5106 1009 5155 genus
1043 5095 1116 5144 est
1137 5093 1479 5144 militantium:
1504 5090 1815 5143 multitudine
1835 5092 2028 5155 quidem

2119 4630 2187 4690 (7)
2207 4629 2365 4691 Atque
2381 4627 2433 4676 hi
2463 4627 2654 4690 quidem
2677 4640 2879 4678 numero
2903 4627 3044 4690 pauci
3078 4628 3236 4677 sunt.
3257 4624 3342 4675 sed
3369 4624 3603 4686 sapientia
3619 4637 3679 4674 ae

2115 4704 2301 4766 iustitia
2333 4703 2528 4768 reliquis
2548 4707 2795 4767 praestant.
2861 4707 2937 4755 Ex
2959 4705 3054 4754 boc
3093 4715 3266 4765 genere
3301 4700 3607 4763 magistratus
3626 4704 3678 4750 et

2120 4781 2365 4843 regionum
2378 4781 2604 4843 praesidoe
2616 4782 2666 4832 et
2683 4782 2896 4844 praefecti
2918 4783 2967 4830 et
2997 4782 3255 4843 quaestores
3273 4791 3331 4827 ac
3348 4776 3598 4839 copiarum
3624 4780 3680 4827 et

2120 4857 2341 4907 classium
2360 4857 2612 4920 duees,a1:
2634 4859 2979 4922 dispensatores
3000 4858 3050 4908 et
3069 4868 3227 4905 rerum
3245 4855 3536 4905 rusticarum
3555 4866 3677 4902 exa·

2119 4938 2275 4986 ctores
2293 4934 2582 4997 deliguntur.

2180 5016 2225 5061 8.
2266 5012 2495 5076 coniugia
2527 5014 2650 5064 inter
2672 5013 2762 5063 bos
2787 5012 2976 5063 ordines
2997 5010 3264 5075 promiscua
3296 5004 3398 5057 fieri
3428 5008 3563 5057 nefas
3581 5010 3672 5058 αι.

478 3230 601 3281 dena
624 3231 873 3281 hominum
891 3231 1040 3281 millia
1053 3232 1144 3282 sub
1162 3232 1302 3282 unius
1324 3231 1507 3282 arboris
1525 3233 1694 3282 umbra
1726 3233 2034 3297 delitescam
2109 3229 2369 3280 erundum
2394 3232 2501 3293 post
2532 3230 2790 3294 agricolas,
2815 3230 2898 3280 sed
2924 3232 3135 3281 maxime
3156 3229 3362 3279 liberum
3397 3232 3546 3292 atque
3584 3229 3688 3277 ala-

2119 5096 2282 5153 Neque
2295 5088 2423 5139 euim
2441 5091 2554 5142 licet
2575 5090 2780 5154 exempli
2799 5103 2942 5142 causa
2954 5089 3171 5153 agricolae
3183 5098 3243 5137 ex
3260 5084 3487 5149 opificum
3504 5083 3683 5135 ordine
