4016 5916
423 3473 438 3489 .
534 3443 657 3492 hanc
674 3444 838 3492 vero*

546 371 660 422 306
1732 357 2112 418 CLEARCHI
2157 356 2518 418 SOLENSIS
2619 368 2628 378 '

540 497 673 572 αὑτῇ
725 488 1149 568 ξενοκτονούσης,
1194 489 1512 572 ἀμφοτέρους
1561 491 1808 563 ἐκόλασε,
1853 515 1939 549 τον
1996 489 2090 568 μὲν

542 583 627 637 ὑπ’
659 578 997 646 ἀπαιδευσίας
1023 577 1389 658 κεκωφημένον
1411 581 1510 635 τῶν
1533 574 1732 637 ὤτων.
1711 577 2010 650 ἐξελκύσας,
2040 577 2095 644 ὃς

542 666 627 725 διὰ
656 665 751 738 τὴν
780 671 867 726 τοῦ
900 670 1098 746 φρονεῖν
1128 665 1326 724 ἔνδειαν
1349 671 1438 724 τοῦ
1474 665 1682 723 πάντων
1720 663 2093 737 ἀναισθητοτά-

538 773 627 814 του
653 756 784 835 ζώου
811 753 904 826 τὴν
929 751 1226 830 ἐπωνυμίαν
1252 751 1399 833 ἔσχε·
1429 752 1523 822 τῦν
1552 750 1658 810 δὲ*

621 840 824 903 Γλυκὺν
864 842 1111 919 ἀγκῶνα]
1139 843 1221 900 Cf.
1260 844 1501 917 Hesych.
1541 862 1584 898 s.
1616 843 1679 901 h.
1704 861 1786 898 v·
1827 840 2097 922 Κλέαρχος

540 929 596 988 δι’
629 953 773 1009 φησι,
798 928 917 998 τους
948 929 1264 1007 Αἰγυπτίους
1287 926 1561 1008 ἑξυὸρίζειν
1592 930 1663 995 εἰς
1681 925 1772 995 τὰς
1803 930 1904 985 τῶν
1926 949 2095 984 κατα-

539 1017 815 1098 δεεστέρων
824 1017 1091 1128 γυναῖκας
1126 1014 1216 1075 καὶ
1249 1016 1562 1095 παρθενους,
1592 1013 1680 1073 καὶ
1707 1013 1795 1074 τὸν
1826 1014 2010 1087 τόπον,
2051 1017 2066 1047 ²

2178 488 2312 550 ὥστε
2330 490 2537 549 πάντων
2557 494 2658 550 τῶν
2677 488 2979 603 ἀνθρώπων,
3004 493 3074 558 εἷς
3095 489 3231 559 οὖς’
3203 489 3490 572 αφίκοιντο,
3509 496 3768 572 ἧκρωτη·

2182 577 2351 658 ρίαζον
2378 577 2471 645 τὰς
2499 582 2669 658 ῥῖνας·
2703 579 2792 658 ἀφ’·
2821 569 2891 636 ων
2914 580 3014 637 οῖ’
2985 577 3229 656 απόγονοι
3258 579 3612 657 μεταστάντες
3631 626 3648 657 ,
3679 585 3764 639 ἔτι

2181 688 2272 724 και
2301 690 2392 724 νυν
2426 665 2529 724 ἀπο
2552 671 2643 723 τοῦ
2673 665 2865 731 πάθους
2901 663 3082 745 ἔχουσι
3110 665 3204 738 τὴν
3233 665 3554 743 ἐπωνυμίαν.
3593 669 3667 727 At
3704 666 3762 724 δὲ

2178 762 2419 832 γυναῖκες
2464 756 2629 812 αὐτῶν
2671 751 2764 820 τὰς
2801 757 3031 833 Θρᾳκῶν
3076 757 3177 812 τῶν
3229 754 3353 835 πρὸς
3398 754 3628 835 ἑσπέραν
3659 752 3762 812 καὶ

2183 841 2368 920 ἄρκτον
2393 846 2495 900 τῶν
2515 840 2789 920 περιοίκων
2814 850 3060 920 γυναῖκας
3086 841 3379 901 ἐποίκιλλον
3407 841 3472 899 τὰ
3499 841 3766 914 σώματα,

2182 927 2419 1008 περόναις
2443 928 2681 1031 γραφὴνω
2677 928 2779 988 ἐνε
2734 952 2887 988 ισαι.
2909 924 3067 989 Ὅθεν
3095 928 3361 995 πολλοῖς”
3334 952 3496 988 ετεσιν
3528 928 3754 1009 ὕστερον

2043 1039 2096 1072 εν
2183 1016 2237 1071 αἱ
2266 1013 2587 1094 υὸρισθεῖσαι
2611 1017 2713 1072 τῶν
2737 1016 2965 1095 Θρακῶν
2983 1022 3219 1092 γυναῖκες
3244 1015 3382 1081 ἰδίως
3405 1015 3758 1096 ἐξηλείψαντο

538 1095 581 1186 ᾧ
615 1109 779 1164 ταῦτα
819 1104 1005 1183 ἔδρων,
1038 1102 1293 1179 ὀνομάσαι
1319 1101 1520 1162 Γλυκὺν
1541 1104 1771 1179 ἀγκῶνα.
1802 1105 1917 1160 Ubi
1939 1104 2095 1179 Αἷγυ·

537 1195 714 1261 πτίους
741 1195 1048 1269 Hesychius
1070 1212 1177 1268 pro
1203 1188 1404 1259 Λυδους
1419 1194 1582 1268 Ροιιιι
1597 1192 1831 1247 miscens
1854 1192 2090 1248 diversa.

535 1282 678 1338 Vide
704 1281 1018 1338 Zenobiam
1056 1282 1147 1350 ΙΙ,
1192 1297 1266 1354 92
1294 1279 1489 1353 ibique
1525 1280 1857 1353 interpretes
1892 1298 1950 1354 p.
1986 1278 2091 1348 55,

538 1369 671 1426 coll.
686 1387 748 1443 p.
777 1375 919 1439 470,
954 1387 984 1439 7
1014 1367 1225 1436 ει486,
1232 1366 1289 1425 6.
1314 1365 1399 1423 Cf.
1427 1366 1500 1425 fr.
1536 1384 1632 1423 αα.

2182 1099 2276 1171 τὴν
2328 1099 2620 1181 συμφοραν,
2678 1100 3249 1182 προσαναγραψάμεναι
3295 1101 3361 1161 τὰ
3419 1101 3583 1162 λοιπὰ
3654 1107 3756 1160 τοῦ

2181 1186 2408 1266 χρωτὸς,
2429 1186 2496 1244 ἵν’
2525 1190 2552 1246 ὃ
2581 1192 2673 1260 τῆς
2706 1186 2900 1262 ῧὸρεως
2929 1212 3018 1247 και
3049 1193 3140 1260 τῆς
3176 1190 3426 1269 αἰσχύνης
3452 1192 3538 1248 ἐπ’
3559 1192 3756 1258 αὖταις

2180 1273 2458 1354 χαρακτὴρ
2480 1277 2545 1341 εἷς
2564 1274 2824 1334 ποικιλίαν
2844 1276 3244 1356 καταριθμηθεὶς
3262 1277 3461 1356 κόσμου
3481 1301 3758 1357 προσηγο-

2183 1360 2268 1441 ρίᾳ
2295 1360 2545 1428 τοῦνειδος
2573 1362 2839 1445 ἐξαλείψῃ.
2873 1362 3094 1423 Πάντων
3123 1363 3177 1421 δὲ
3202 1362 3416 1431 οὕτωςε
3395 1364 3754 1445 υπερηιράνως

2180 1471 2306 1528 προε
2284 1448 2528 1521 ζστησαν,
2572 1448 2708 1508 ὥστε
2751 1450 2967 1509 οὐδένων
3013 1452 3238 1531 ἄδακρυς
3284 1456 3315 1523 ἡ
3359 1477 3454 1524 της
3505 1452 3752 1520 δουλείας

2181 1537 2433 1646 υπουργία
2452 1537 2725 1616 γιγνομένη
2740 1582 2756 1609 ,
2777 1537 3063 1618 διήγγειλεν
3084 1540 3155 1605 εἰς
3176 1538 3291 1606 τους
3319 1541 3751 1618 ἐπιγιγνομένους

2179 1623 2272 1694 τὴν
2304 1624 2406 1682 ἀπὸ
2436 1627 2648 1684 Σκυθῶν
2683 1629 2851 1707 ρἧιν,
2874 1624 2956 1685 οἵα
2984 1649 3059 1692 τις
3086 1617 3168 1697 ἦν.
3200 1625 3301 1687 Διὰ
3332 1626 3391 1684 τὸ
3413 1628 3611 1698 πλῆθος
3653 1634 3749 1686 οὖν

2179 1713 2281 1768 τῶν
2307 1715 2683 1791 κατασχουσῶν
2709 1711 2891 1779 αὐτους
2911 1716 3207 1822 συμφορῶν,
3236 1711 3347 1770 ἐπει
3373 1712 3520 1771 διὰ
3474 1737 3532 1772 το
3560 1712 3752 1781 πένθος

2184 1795 2294 1873 ἅμα
2329 1797 2417 1858 τόν
2448 1822 2503 1856 τε
2531 1802 2632 1857 τῶν
2666 1798 2788 1876 βίων
2820 1799 2973 1859 ὄλὸον
3010 1799 3099 1857 καὶ
3138 1799 3229 1866 τὰς
3255 1800 3420 1871 κόμας
3448 1801 3747 1881 περιεσπά-

2181 1853 2380 1956 σθησαν
2418 1885 2609 1952 παντὸς
2649 1886 2844 1958 ἔθνους,
2872 1889 2919 1945 οἱ
2964 1885 3059 1954 ἔξω
3097 1910 3190 1957 την
3237 1889 3315 1963 ε”φ
3358 1884 3503 1966 υὸρει
3545 1887 3750 1968 κούραν

2181 1973 2553 2033 ἀπεσκυθίσθαι
2578 1973 3018 2054 προσηγόρευσαν.
3055 2001 3078 2025 υ

2255 2183 2415 2239 Idem
2433 2185 2569 2251 XII,
2586 2201 2644 2257 p.
2671 2181 2807 2258 522,
2826 2186 2916 2239 D.
2939 2184 2990 2241 'l
2994 2180 3288 2260 αραντίνους
3307 2180 3363 2241 δέ
3384 2205 3508 2261 φησι
3528 2181 3752 2261 Κλεάρ·

2175 2290 2267 2346 χος
2291 2270 2343 2326 ἐν
2374 2269 2605 2348 τετάρτῳ
2624 2268 2781 2342 Βίων,
2810 2271 2876 2326 οἱ)
2880 2267 2976 2340 κὴν
2998 2292 3087 2326 και
3112 2269 3327 2344 δύναμιν
3351 2267 3751 2346 κτησαμένους,

2178 2358 2249 2421 εἷς
2282 2378 2521 2414 τοσουτον
2553 2379 2748 2436 τρυφης
2786 2355 3131 2437 προελθεῖν,“
3094 2380 3229 2415 ωστε
3275 2356 3363 2416 τὸν
3391 2356 3512 2416 ὅλον
3550 2362 3744 2438 χρῶτα

2177 2442 2640 2523 παραλεαίνεσθαι,
2661 2464 2754 2500 και
2787 2447 2878 2512 τῆς
2901 2442 3167 2524 ψιλώσεως
3193 2443 3385 2516 ταύτης
3401 2445 3506 2508 τοῖς
3535 2447 3739 2510 λοιποῖς

2176 2526 2510 2607 κατάρξαι.«
2545 2527 2796 2609 Ἐφόρουν
2828 2526 2883 2587 &i
2899 2574 2915 2606 ,
2937 2528 3094 2611 φησι,
3124 2528 3213 2588 καὶ
3239 2531 3483 2610 παρυφὴν
3508 2532 3742 2611 διαφανῆ

2176 2615 2389 2686 πάντες,
2419 2606 2497 2682 οἷς
2518 2621 2608 2673 νῦν
2637 2619 2664 2673 ὃ
2692 2618 2796 2674 τῶν
2796 2621 3087 2722 ,γυναικῶν
3117 2617 3396 2697 ἁδρύνεται
3440 2618 3562 2696 βίος.
3596 2619 3746 2677 Δεύ-

1288 1491 1344 1529 ’.ο

616 1602 777 1657 Idem
799 1603 1009 1675 XII,p.
1034 1599 1166 1669 524,
1186 1601 1267 1655 Β.
1289 1595 1624 1702 Κλέαρχοςδ’
1643 1619 1695 1653 εν
1720 1595 1977 1677 τετάρτῳ,
1998 1601 2090 1669 ζη-

537 1686 807 1753 λώσαντάς
836 1709 964 1766 φησι
992 1684 1110 1753 τους
1133 1684 1421 1755 Μιλησίους
1453 1685 1548 1755 τὴν
1590 1683 1935 1762 Κολοφωνίων
1971 1708 2097 1762 τρυ-

536 1775 660 1856 ψὴν,
689 1775 951 1833 διαδοῦναι
975 1773 1064 1831 καὶ
1098 1779 1201 1838 τοῖς
1227 1769 1635 1852 πλησιοχώροις,
1659 1770 1821 1830 ἔπειτ’
1849 1773 2094 1840 ὀνειδιζο-

537 1862 718 1940 με’νους
752 1861 918 1938 λέγειν
941 1865 1162 1927 ἑαυτοῖς·
1189 1886 1213 1913 c
1235 1858 1387 1919 Οἴκοι
1405 1858 1472 1917 τὰ
1500 1858 1736 1929 Μιλησια
1761 1858 2093 1939 κάπιχώρια,

535 1950 626 2010 καὶ
655 1949 801 2027 μὴ’ν
822 1952 896 2030 τῷ
919 1949 1133 2029 μέσῳ.»

1287 2052 1339 2110 8.

616 2184 778 2241 Idem
800 2186 951 2253 XII,
981 2202 1037 2257 p.
1071 2180 1217 2252 524,
1250 2183 1339 2239 C:
1373 2178 1481 2239 Και
1518 2201 1636 2258 περι
1667 2181 1881 2239 Σκυθῶν
1910 2177 1954 2236 δ’
1978 2177 2093 2249 ἑξῆς

534 2273 562 2328 ὁ
600 2269 868 2349 Κλέαρχος
912 2268 1035 2326 τάδε
1081 2270 1353 2348 ἱστορεῖ·
1329 2261 1561 2327 «Μόνον
1603 2266 1656 2324 δὲ
1684 2264 1859 2343 νόμοις
1905 2274 2091 2331 κοινοῖς

532 2361 738 2437 πρῶτον
763 2357 904 2424 ἔθνος
927 2359 991 2434 ἐχ
994 2355 1189 2436 ρήσατο
1207 2378 1267 2413 το
1286 2356 1519 2414 Σκυθῶν·
1543 2344 1654 2412 εἶτα
1676 2355 1834 2412 πάλιν
1857 2352 2089 2432 ἐγένοντο

531 2446 744 2504 πάντων
774 2443 1085 2504 ἀθλιώτατοι
1111 2446 1307 2523 βροτῶν
1337 2441 1422 2501 διὰ
1448 2441 1542 2513 τὴν
1567 2440 1734 2521 ὕόριν.
1758 2439 2089 2523 Ἐτρύφησαν

535 2531 628 2609 μὲν
656 2533 756 2612 γὰρ
793 2537 862 2597 ὡς
902 2529 1099 2596 οὐδένες
1127 2530 1319 2610 ἕτεροι,
1361 2533 1462 2588 τῶν
1508 2528 1716 2587 πάντων
1759 2527 1957 2610 εὐροίας
1999 2551 2089 2586 και

532 2618 758 2678 πλούτου
785 2618 876 2676 καὶ
898 2641 989 2687 της
1010 2619 1196 2687 λοιπης
1223 2615 1405 2684 αὐτους
1423 2616 1674 2696 χορηγίας
1697 2612 2083 2694 κατασχούσης.

536 2711 710 2767 Τοῦτο
726 2705 780 2763 δὲ
804 2706 959 2776 δῆλον
986 2706 1044 2762 ἐκ
1058 2707 1148 2775 τῆς
1163 2703 1240 2762 ἔτι
1253 2702 1433 2764 καὶνῦν
1445 2702 1823 2773 υπολειπούσης
1844 2702 1965 2785 περὶ
1974 2702 2088 2769 τοὺς

539 2792 795 2870 ἡγεμόνας
822 2794 991 2850 αὐτῶν
1023 2789 1234 2863 ἐσθητός
1261 2814 1315 2850 τε
1344 2790 1435 2850 καὶ
1469 2792 1682 2862 διαίτης.
1719 2789 2088 2870 Τρυφήσαντες

538 2879 624 2956 δὲ,
651 2903 741 2938 και
767 2879 999 2955 μάλιστα
1024 2876 1087 2949 δὴ
1111 2877 1411 2958 καιπρῶτοι
1444 2878 1654 2936 πάντων
1674 2882 1774 2935 τῶν
1803 2876 2087 2956 ὶνθρώπων

534 2926 624 3025 ἐπί
638 2989 696 3025 το
716 2976 910 3046 τρυφᾶν
931 2964 1268 3044 ὁρμησαντες,
1298 2968 1368 3032 εἰς
1394 2988 1546 3024 τουτο
1573 2966 1833 3044 προῆλθον
1857 2962 2083 3044 ῧόρεως,

2175 2723 2319 2782 τερον
2348 2701 2439 2758 δ’ε
2421 2703 2521 2760 υπὸ
2547 2725 2639 2774 της
2663 2725 2857 2782 τρυφης
2898 2704 2969 2770 εἰς
2996 2702 3142 2783 ὔὸριν
3189 2704 3562 2780 ποδηγηθέντες
3603 2705 3737 2762 ἀνά-

2176 2812 2360 2848 στατον
2393 2787 2517 2865 μίαν
2562 2789 2709 2848 πόλιν
2741 2787 3004 2869 Ἰαπύγων
3049 2791 3321 2863 ἐποίησαν,
3362 2789 3650 2871 Καρὸίναν,
3683 2792 3746 2861 ἐξ

2173 2869 2234 2948 ἧς
2263 2877 2451 2942 παῖδας
2482 2875 2571 2934 καὶ
2609 2875 2888 2958 παρθένους
2931 2900 3020 2936 και
3060 2878 3151 2944 τὰς
3195 2879 3247 2935 ἐν
3294 2880 3437 2956 ἀκμῇ
3478 2882 3738 2955 γυναῖκας

2176 2964 2500 3045 ἀθροίσαντες
2527 2967 2597 3031 εἷς
2618 2988 2683 3022 τα
2706 2967 2808 3023 τῶν
2837 2965 3181 3045 Καρὸινατῶν
3210 2964 3324 3045 ἱερὰ
3344 2968 3738 3037 σκηνοποιησά·

531 3208 736 3269 sumpsit
780 3225 793 3256 ι
833 3207 902 3256 ιιιι
934 3205 1155 3268 quidem,
1185 3205 1293 3255 rudi
1330 3205 1511 3255 homiui
1545 3208 1594 3255 et
1633 3205 1831 3267 stolido,
1862 3220 2002 3256 aures
2041 3208 2091 3256 in
2181 3209 2373 3259 illarum
2394 3210 2669 3260 inserentes.
2695 3214 2852 3269 Quare
2876 3211 3041 3261 multis
3063 3215 3172 3274 post
3200 3211 3606 3262 annisThracicae
3624 3225 3733 3262 mn·

534 3287 727 3347 longum
746 3284 1026 3344 extrahens3
1048 3283 1125 3333 cui
1137 3281 1396 3347 ,quoniam
1418 3296 1560 3334 sensu
1590 3284 1832 3333 communi
1868 3283 2087 3345 carebat,
2174 3286 2331 3362 lieres,
2348 3300 2459 3349 quae
2479 3299 2586 3336 eam
2601 3287 2941 3337 contumeliam
2959 3300 3112 3351 passm
3130 3290 3286 3351 erant,
3303 3288 3496 3351 proprio
3514 3289 3734 3351 quodam

2178 3355 2322 3413 modo
2350 3363 2635 3413 calamitatis
2651 3368 2816 3414 notam
2844 3364 3154 3427 deleverunt,
3174 3364 3409 3427 reliquam
3437 3366 3615 3415 etiam
3601 3379 3736 3415 insu·

2175 3452 2258 3502 per
2276 3443 2437 3489 cutem
2461 3442 2612 3491 totam
2631 3441 2832 3505 picturis
2849 3441 3179 3504 variegantesz
3200 3443 3254 3490 ut
3271 3440 3460 3503 injuriae
3481 3443 3532 3491 et
3553 3444 3732 3492 contii·

2176 3517 2332 3566 melloe
2373 3519 2488 3566 nota
2524 3531 2633 3579 quoe
2656 3517 2749 3568 illis
2773 3517 2950 3580 inerat,
2987 3518 3120 3567 varie
3157 3518 3498 3580 multiplicata,
3531 3522 3738 3571 ornatus

531 3362 840 3426 stupidissimi
859 3364 1075 3413 omnium
1096 3360 1374 3437 animalium
1400 3374 1662 3424 cognomen
1680 3361 1959 3424 impositum
1977 3365 2085 3411 est.

1278 3543 1330 3590 7.

592 3656 851 3707 Clearchus
898 3656 1070 3719 quarto
1126 3654 1248 3705 libro
1283 3655 1375 3717 ait,
1429 3655 1633 3705 Milesios
1682 3655 1999 3718 Colophonio:
2003 3668 2087 3704 um

531 3734 774 3784 luxuriam
811 3733 1088 3796 aemulatos,
1125 3732 1325 3782 eandem
1366 3731 1579 3782 tinltimis
1620 3733 1765 3781 etiam
1803 3732 2085 3793 tradidisse;

531 3812 702 3862 deinde
716 3826 869 3876 quum
884 3813 931 3861 id
942 3811 1036 3863 illis
1047 3812 1435 3875 exprobraretur,
1447 3810 1622 3862 dixisse
1637 3812 1761 3876 ipsos
1772 3811 1889 3863 sibi:
1904 3812 2085 3861 «Domi

530 3893 712 3944 Milesia
729 3895 778 3943 et
801 3893 980 3955 patria,
1006 3904 1104 3942 non
1126 3892 1177 3942 in
1195 3891 1418 3941 medio.»

2173 3594 2368 3643 nomine
2381 3592 2562 3645 deleret
2580 3595 2827 3658 probrum.
2843 3596 3040 3645 Cunctis
3048 3597 3208 3644 autem
3230 3595 3296 3643 ita
3310 3595 3514 3656 superbe
3533 3597 3735 3659 Scytbae

2172 3670 2494 3734 imperarunt,
2519 3674 2575 3721 ut
2600 3670 2845 3721 servitutis
2870 3670 3160 3731 ministeria,
3192 3684 3300 3733 qum
3329 3670 3505 3719 nemini
3537 3683 3638 3722 non
3665 3673 3736 3723 la·

2172 3746 2379 3799 crimosa
2400 3752 2563 3811 erant,
2582 3750 2725 3799 etiam
2748 3750 2949 3812 posteris
2970 3747 3174 3800 declara·
3183 3750 3287 3808 ent
3306 3747 3422 3810 quid
3435 3748 3552 3796 illud
3577 3749 3740 3801 suerit

2171 3824 2303 3887 quod
2329 3839 2364 3875 α
2393 3826 2596 3889 Scythis
2631 3826 2833 3876 dictum
2872 3828 3019 3889 vulgo
3055 3825 3203 3874 aiunt.
3230 3826 3424 3886 Propter
3453 3823 3735 3876 multitudi-

2171 3914 2282 3951 nem
2305 3900 2450 3965 igitur
2475 3903 2712 3953 malorum
2732 3916 2842 3965 quaa
2863 3903 2969 3953 illos
2985 3902 3292 3966 premebant,
3308 3898 3530 3962 qnoniam
3547 3899 3614 3949 ob
3639 3901 3730 3950 lu·

2170 3978 2304 4028 ctum
2322 3978 2464 4030 simul
2489 3979 2604 4030 vitae
2622 3978 2987 4029 commoditates
3008 3980 3057 4029 et
3081 3990 3234 4028 comae
3255 3975 3482 4039 cuiusque
3504 3974 3727 4027 circum-

2170 4054 2296 4106 circa
2313 4056 2475 4119 populi
2504 4055 2921 4118 abstrahebantur,
2955 4055 3137 4105 externi
3159 4054 3324 4118 populi
3349 4056 3592 4102 tonsuram
3611 4066 3740 4116 que

2170 4131 2226 4182 fit
2243 4132 2546 4182 contumeliae
2571 4146 2743 4194 causa,
2768 4132 3104 4181 ἀπεσκυθίσθαι
3127 4132 3378 4182 uocarunt.

1279 4017 1332 4068 8.

590 4136 773 4188 Ibidem
809 4136 980 4189 deinde
1010 4137 1175 4187 clear(
1177 4136 1269 4186 hus
1298 4135 1358 4185 de
1386 4135 1575 4199 Scythis
1596 4136 1702 4185 haec
1728 4133 1905 4185 tradit.
1931 4138 2083 4185 «Una

531 4216 712 4280 legibus
742 4216 1078 4266 communibus
1116 4216 1322 4279 primum
1354 4228 1442 4265 usa
1479 4216 1581 4265 erat
1615 4221 1729 4278 gens
1762 4214 2081 4276 Scytharum3

529 4293 702 4346 deinde
737 4307 902 4345 rursus
935 4292 1153 4342 omnium
1194 4292 1387 4342 fuerunt
1424 4291 1675 4342 miserrimi
1711 4290 1985 4341 mortalium
2020 4292 2083 4341 ob

530 4372 869 4423 contumeliam
902 4370 1236 4434 injuriamque.
1260 4370 1485 4420 Luxuriae
1509 4369 1635 4418 enim
1659 4367 1805 4418 dediti
1832 4370 1996 4429 erant,
2026 4371 2084 4420 ut

530 4458 672 4498 nemo
694 4450 814 4499 alius
842 4449 1046 4511 populus
1068 4448 1244 4510 magis,
1277 4460 1426 4510 quum
1445 4448 1657 4496 omnium
1679 4459 1838 4496 rerum
1858 4458 2082 4497 successu

529 4529 778 4575 uterentur
800 4530 847 4575 et
867 4526 944 4574 (ιιι
953 4525 1045 4574 itiis
1061 4524 1379 4587 omnibusque
1397 4523 1543 4587 copiis
1560 4523 1886 4573 abundarent.
1927 4528 2082 4587 Appa-

531 4605 603 4651 ret
626 4601 674 4650 id
710 4605 872 4651 autem
896 4603 1051 4652 etiam
1078 4615 1206 4651 nune
1239 4614 1298 4650 ex
1334 4601 1507 4651 vestitu
1532 4602 1581 4650 et
1608 4600 1721 4650 vitae
1757 4612 1957 4663 genere,
1981 4613 2127 4663 quo

531 4678 767 4740 hodieque
790 4678 938 4728 duces
969 4692 1135 4728 eorum
1170 4679 1392 4727 utuntur.
1420 4677 1669 4740 Voluptati
1703 4678 1847 4739 igitur
1868 4677 2080 4727 maxime

526 4756 698 4817 dediti,
732 4763 779 4806 et
806 4757 944 4819 primi
968 4758 1183 4806 onmium
1208 4753 1494 4806 hominum
1480 4771 1528 4805 ιιι
1557 4756 1802 4806 luxuriam
1825 4756 1996 4819 effusi,
2022 4770 2080 4806 eo

528 4831 758 4891 progressi
776 4834 887 4880 sunt
911 4832 1232 4894 contumeliae,
1258 4834 1309 4880 ut
1324 4844 1662 4896 ,quocumque
1677 4829 1920 4890 venirent,
1942 4846 2081 4885 nares

528 4905 778 4956 hominum
814 4907 1135 4960 decurtarent.
1175 4913 1393 4968 Quorum
1430 4912 1656 4973 nepotes,
1692 4912 1945 4973 postquam
1982 4909 2078 4958 alio

525 4980 823 5045 migrarunt,
847 4984 991 5034 etiam
1032 5000 1159 5035 nunc
1183 4987 1245 5036 ab
1272 5000 1328 5037 ea
1350 4984 1639 5036 contumelia
1670 4999 1846 5036 nomen
1878 4986 2073 5036 habent.

526 5062 711 5109 Uxores
737 5073 853 5110 vero
884 5060 1171 5124 Scytharum
1195 5077 1397 5126 corpora
1425 5064 1683 5113 mulierum
1704 5063 2073 5124 Thracicarum,

523 5149 689 5187 corum
705 5138 976 5201 Thracum,
998 5141 1080 5201 qui
1101 5139 1161 5189 ab
1175 5140 1420 5190 occidente
1438 5142 1486 5191 et
1504 5153 1533 5190 a
1549 5140 1870 5202 septentrione
1886 5140 2077 5202 Scythis

2922 4253 2975 4299 9.

2230 4365 2513 4416 Tarentinos
2546 4379 2693 4428 sero,
2726 4366 2792 4415 ait
2826 4370 2861 4415 c
2866 4367 3088 4416 learchns
3114 4366 3285 4428 quarto
3308 4364 3441 4415 libro
3471 4364 3730 4425 vitarum,

2170 4442 2319 4492 robur
2332 4446 2382 4493 et
2391 4443 2653 4506 potentiam
2673 4445 2855 4506 nactos,
2867 4456 2923 4493 eo
2943 4442 3147 4492 luxuriae
3168 4440 3484 4504 mollitieique
3508 4454 3732 4504 progres-

2168 4534 2247 4572 sos
2265 4535 2393 4584 esse,
2414 4526 2471 4573 nt
2487 4523 2639 4575 totius
2662 4523 2874 4586 corporis
2894 4524 3057 4571 cutem
3071 4520 3379 4584 laevigat-,ent
3404 4522 3452 4570 et
3471 4519 3616 4581 hujus
3637 4518 3728 4568 de-

2166 4599 2472 4663 glabrationis
2488 4602 2762 4665 exemplum
2779 4599 2884 4649 aliis
2898 4598 3122 4648 omnibus
3140 4597 3438 4661 praeirent«
3416 4595 3736 4645 «Gestabant

2169 4691 2286 4729 vero
2317 4678 2460 4728 etiam
2496 4692 2663 4730 omnes
2695 4677 2902 4743 (inquit)
2926 4674 3198 4740 splendidos
3227 4674 3441 4725 vestibus
3465 4676 3736 4737 praetextos

2172 4755 2373 4817 limboS,
2421 4756 2596 4819 quihus
2635 4770 2765 4806 nunc
2818 4754 3034 4805 luxuriat
3074 4753 3232 4803 mollis
3276 4752 3568 4802 feminarum
3605 4751 3726 4799 vita

2171 4833 2350 4883 Deinde
2370 4846 2399 4882 a
2436 4833 2627 4882 luxuria
2648 4833 2710 4882 ad
2737 4831 3082 4881 contumeliam
3106 4829 3432 4892 injuriamque
3453 4828 3728 4890 progressi,

2182 4922 2348 4960 eversa
2386 4909 2612 4973 Carbina,
2647 4922 2744 4958 uno
2776 4922 2838 4958 ex
2866 4908 3068 4970 Iapygiae
3101 4906 3241 4969 (sire
3263 4905 3481 4968 Apuliae)
3505 4902 3730 4965 oppidis,

2168 4999 2342 5050 pueros
2351 4988 2399 5036 et
2413 4987 2619 5048 virgines
2629 4986 2698 5035 et
2685 5000 2733 5034 ιιι
2746 4985 2860 5034 {lore
2870 4983 3026 5034 oetatis
3039 4983 3308 5032 matronas
3292 4994 3343 5030 ιιι
3354 4980 3729 5031 Carbinatarum

2167 5062 2365 5113 delubra
2389 5064 2762 5125 congregarunt,
2789 5061 2838 5111 ιιι
2871 5059 3081 5123 quibus·
3067 5073 3158 5122 ψῃ
3184 5056 3347 5109 sedem
3368 5056 3569 5121 figentes
3592 5054 3730 5105 nuda

535 3133 893 3183 concubuerant
936 3132 1144 3193 hospites
1186 3131 1505 3192 interficeret,
1546 3130 1607 3180 de
1646 3130 1881 3181 ambobus
1926 3144 2091 3194 penas
2179 3131 2370 3180 ιιιιιιιιιιι
2403 3135 2553 3192 sunt,
2578 3133 2909 3194 ιιιιιοςιιιιιιιι,
2940 3133 3124 3182 subulis
3141 3134 3353 3195 picturas
3369 3132 3600 3194 quasdam
3622 3135 3732 3184 cuti

2117 4656 2131 5174 Ι
2170 5142 2362 5191 illorum
2399 5153 2598 5203 corpora
2634 5141 2790 5190 totum
2814 5136 2942 5188 diem
2976 5134 3232 5199 spectanda
3254 5134 3607 5198 exposuerunt,
3639 5135 3736 5191 ut,
