4016 5916
568 400 685 451 568

564 517 700 593 γίαις
744 513 1047 593 πανοικεσίᾳ
1096 514 1229 590 μετὰ
1273 518 1374 573 τῶν
1423 514 1655 585 κτήσεων
1702 516 1960 590 (κτήνεων
2005 537 2111 574 em.
2185 553 2194 558 -

564 611 731 662 Buns.
751 604 770 682 )
793 608 885 661 οὐκ
913 602 1153 668 ἐλάττους
1177 601 1441 682 μυριάδων
1459 602 1608 669 ὄντας
1627 602 1789 660 εἴκοσι
1817 601 1907 660 καὶ
1925 601 2114 661 τεσσά-

562 715 665 767 ρων
687 692 795 748 ἀπὸ
830 695 922 760 τ’ἧς
951 690 1217 765 Αἰγύπτου
1244 690 1338 761 τὴν
1367 690 1557 769 ἔρημον
1587 693 1657 756 εἰς
1688 689 1882 767 Συρίαν
1906 691 2111 748 ὁδοιπο-

563 783 740 856 ρῆσαι.
763 775 1132 850 Φοὸουμένους
1152 775 1321 845 δὲτὴν
1340 775 1621 856 Ἀσσυρίων
1643 775 1943 834 δυναστείαν
1966 777 2112 856 (τότε

559 866 660 943 γὰρ
687 863 908 928 ἐκείνους
932 867 1021 934 τῆς
1062 862 1233 928 Ἄσίας
1267 863 1532 943 κρατεῖν),
1573 866 1627 920 ἐν
1654 867 1719 942 τῇ
1748 868 1837 920 νῦν
1875 863 2109 944 Ἰουδαία
2206 873 2318 932 ²24
2354 866 2485 940 (284
2502 868 2565 942 Ρ).

554 952 853 1028 καλουμένῃ
882 949 1031 1008 πόλιν
1055 951 1555 1028 οἷκοδομησαμένους
1573 948 1847 1017 τοσαύταις
1870 954 2115 1031 μυριάσιν

559 1039 839 1116 ἀνθρώπων
864 1037 1202 1117 ἀρκέσουσαν,
1241 1037 1580 1117 Ἱεροσόλυμα
1610 1040 1806 1114 ταύτην
1829 1039 2108 1118 ὀνομάσαι.

644 1126 749 1185 Ἐν
779 1125 942 1201 ἄλλῃ
984 1123 1054 1183 δέ
1072 1148 1200 1182 τινι
1236 1125 1445 1206 βίὸλῳ
1470 1131 1598 1184 τῶν
1628 1132 2114 1207 Αἰγυπτιακῶν

559 1212 813 1273 Μανεθὼν
838 1211 986 1271 τοῦτό
1014 1235 1168 1292 φησιν
1200 1213 1338 1280 ἔθνος
1356 1214 1470 1280 τοὺς
1491 1217 1836 1293 καλουμένους
1862 1215 2113 1293 ποιμένας

555 1299 920 1379 αἰχμαλώτους
950 1302 1002 1358 ἐν
1026 1308 1135 1365 ταῖς
1160 1303 1324 1379 ἱεραῖς
1363 1304 1532 1361 αὐτῶν
1569 1303 1769 1382 βίὸλοις
1789 1304 2108 1385 γεγράφθαι,

554 1386 717 1462 λέγων
743 1389 922 1465 ὀρθῶς.
1008 1387 1119 1446 Καὶ
1143 1386 1245 1465 γὰρ
1267 1392 1372 1453 τοῖς
1397 1389 1647 1448 ἀνωτάτω
1667 1391 1933 1471 προγόνοις
1960 1394 2111 1467 ἡμῶν

553 1474 614 1530 τὸ
654 1473 943 1549 ποιμαίνειν
979 1473 1192 1551 πάτριον
1227 1464 1289 1543 ἦν
1328 1474 1418 1532 καὶ
1463 1477 1739 1550 νομαδικὸν
1789 1476 1991 1557 ἔχοντες
2024 1478 2110 1536 τὸν

558 1560 665 1637 βίον
689 1561 849 1627 οὕτως
871 1561 1160 1620 ἐκαλοῦντο
1180 1562 1441 1638 ποιμένες.
1518 1565 1859 1644 Αἷχμᾶλωτοί
1879 1589 1935 1624 τε
1955 1565 2110 1624 πάλιν

553 1650 647 1706 οὐκ
670 1647 870 1726 ἀλόγως
897 1648 1001 1706 ὑπὸ
1026 1653 1129 1707 τῶν
1158 1650 1456 1727 Αἰγυπτίων
1480 1652 1864 1734 ἀνεγράφησαν,
1902 1654 2109 1724 ἐπειδή·

554 1757 650 1813 περ
686 1739 714 1790 ὁ
751 1735 996 1814 πρόγονος
1032 1740 1183 1812 ἡμῶν
1225 1737 1481 1809 Ἰώσηπος
1514 1741 1693 1799 ἑαυτὸν
1732 1741 1830 1821 ἔφη
1866 1741 1992 1822 πρὸς
2025 1742 2111 1799 τὸν

558 1821 777 1897 βασιλέα
811 1825 913 1879 τῶν
949 1822 1250 1899 Αἰγυπτίων
1286 1824 1623 1903 αἰχμάλωτον
1661 1816 1820 1900 εἶναι,
1861 1827 1953 1885 καὶ
1994 1828 2111 1895 τοὺς

556 1908 803 1986 ἀδελφοὺς
836 1910 906 1974 εἰς
930 1909 1024 1978 τὴν
1054 1909 1315 1986 Αἴγυπτον
1344 1910 1555 1990 ὕστερον
1582 1913 1952 1994 μετεπέμψατο
1969 1960 1986 1992 ,
2016 1920 2109 1974 τοῦ

554 1995 808 2071 βασιλέως
843 1997 1229 2076 ἐπιτρέψαντος.
1274 1997 1431 2058 Ἀλλὰ
1469 2000 1588 2080 περὶ
1620 2000 1715 2077 μὲν
1755 2002 1948 2060 τούτων
1986 2004 2106 2063 κτλ.

556 2083 714 2156 (vide
736 2086 803 2138 fr.
836 2083 964 2157 50).

636 2171 843 2225 Eadem
900 2191 967 2226 ex
1010 2172 1258 2246 Josepho
1305 2178 1589 2249 exscripsit
1637 2180 1838 2234 Euseb.
1899 2181 2107 2236 chron.

552 2261 711 2311 Arm.
739 2259 786 2325 1,
810 2279 860 2313 c.
890 2279 954 2313 21
979 2271 1033 2313 et
1056 2263 1231 2333 Praep.
1260 2263 1359 2316 Ev.
1380 2264 1457 2331 X,
1492 2264 1578 2320 13.
1602 2296 1677 2306 «-
1699 2267 1879 2321 Verba
1899 2264 1951 2320 ἐν
1974 2265 2108 2342 ἄλλῃ

555 2342 610 2399 δέ
638 2365 737 2400 τινι
765 2342 930 2422 βίὸλῳ
954 2349 1056 2402 τῶν
1079 2348 1471 2420 Αἰγυπτιακῶν,
1502 2353 1808 2407 Bunsenius
1835 2372 1893 2427 p.
1932 2352 2003 2418 45
2035 2355 2110 2408 ita

553 2433 837 2506 intelligit,
879 2446 942 2487 ut
978 2436 1375 2491 Manethonern
1410 2449 1639 2514 stamat,
1678 2459 1795 2494 non
1839 2440 2013 2496 modo
2055 2443 2110 2494 in

554 2521 792 2572 secundo
833 2521 958 2594 AEg.
1009 2522 1185 2590 libro,
1219 2523 1318 2577 sed
1356 2524 1485 2578 data
1524 2527 1815 2581 occasione
1844 2529 2010 2582 etiam
2053 2530 2109 2581 in

551 2607 737 2676 primo
769 2606 855 2660 vel
886 2609 1052 2662 tertio
1073 2608 1145 2664 de
1166 2610 1251 2664 his
1269 2612 1489 2668 locutus
1515 2614 1603 2671 sit.
1628 2614 1801 2686 Quod
1824 2633 1940 2669 non
1967 2634 2108 2688 pro-—

556 2691 826 2747 bandum.
852 2692 993 2749 Nam
1019 2713 1195 2767 quum
1223 2698 1419 2753 eadem
1445 2698 1561 2769 jam
1591 2699 1810 2755 dixerat
1834 2703 2110 2775 Iosephus

554 2778 661 2850 legi
684 2778 734 2832 ἐν
759 2776 903 2855 ἄλλῳ
932 2779 1258 2858 ἀντιγράφω,
1282 2797 1546 2841 monente
1566 2788 1835 2842 Boeckhio
1864 2805 1927 2860 p.
1970 2807 2105 2858 120,

552 2864 755 2920 frustra
794 2867 1141 2939 obloquente
1178 2871 1419 2939 Fruino‚
1452 2884 1645 2945 aperte
1685 2873 1884 2929 eodem
1932 2877 2110 2931 modo

556 2951 725 3005 verba
766 2950 820 3005 ἐν
850 2948 983 3026 ἄλλῃ
1009 2951 1107 3008 τινὶ
1151 2951 1317 3032 βίὸλῳ
1344 2958 1704 3034 intelligenda
1724 2971 1851 3015 sunt
1886 2961 1958 3016 de
1997 2964 2107 3017 alio

550 3038 799 3108 quodam
867 3040 1217 3096 Manethonis
1259 3043 1723 3117 AEgyptiacorum
1774 3050 2103 3121 exemplari.

554 3125 713 3177 Hanc
738 3142 873 3178 vero
897 3142 927 3178 a
963 3126 1159 3180 Judaeo
1184 3128 1433 3198 quodam
1472 3131 1862 3203 interpolatam
1887 3152 2000 3189 esse
2023 3154 2109 3191 res

549 3208 691 3281 ipsa,
716 3228 883 3282 quam
912 3213 1073 3275 affert
1098 3215 1370 3288 Josephus
1388 3256 1405 3287 ‚
1430 3216 1662 3275 suadere
1686 3219 1935 3287 videtur.

810 3353 1175 3410 DYNAS'HA
1218 3359 1497 3415 DECIMA
1538 3362 1839 3432 QUINTA.

1280 3486 1373 3549 43.

994 3610 1142 3664 SEC.
1192 3614 1647 3671 AFRICANUM.

629 3717 868 3788 Syncell.
902 3739 960 3792 p.
1001 3721 1067 3775 61
1097 3763 1117 3795 ,
1144 3728 1230 3779 A:

786 3814 1241 3887 Πεντεκαιδεκάτη
1274 3818 1546 3878 δυναστεία
1583 3822 1862 3898 ποιμένων.

622 3896 798 3965 γΗσαν
824 3907 876 3965 δὲ
897 3908 1066 3969 Φοίν
1083 3932 1212 3979 ικες
1237 3912 1400 3981 ξένοι
1422 3920 1651 3993 βασιλεῖς
1670 3918 1740 3990 ς’,
1766 3918 1816 3977 οἳ
1833 3919 1923 3977 καὶ
1947 3920 2101 3997 Μέμ-

544 4016 630 4072 φιν
656 3985 810 4065 εἶλον,
839 3995 890 4054 οἳ
910 3997 999 4055 καὶ
1029 3999 1082 4056 ἐν
1121 4003 1197 4079 τῷ
1228 4002 1477 4082 Σεθροΐτῃ
1502 4009 1646 4087 νομῷ
1678 4008 1827 4064 πόλιν
1868 4008 2100 4085 ἔκτισαν,

544 4080 635 4157 ἀφ’
657 4072 717 4149 ἧς
735 4083 1026 4160 ὁρμώμενοι
1045 4087 1360 4163 Αἰγυπτίους
1383 4092 1746 4171 ἐχειρώσαντο.
1774 4086 1882 4155 Ὧν
1903 4100 2104 4175 πρῶτος

546 4165 782 4238 Σαΐτης
825 4168 1157 4230 ἐδασίλευσεν
1199 4172 1291 4247 ἔτη
1336 4178 1419 4250 ιθ’,
1468 4179 1557 4257 ἀφ’
1594 4171 1652 4236 οἷ
1695 4182 1784 4239 καὶ
1826 4186 1854 4241 ὁ
1900 4182 2100 4254 Σαΐτης

544 4276 715 4329 νομος.

625 4348 675 4427 β’
699 4352 785 4409 Βν
804 4355 888 4409 ῶν
914 4354 1100 4430 (Brit-»v
1123 4379 1201 4418 m.
1229 4360 1379 4417 Βοῶν
1402 4364 1589 4437 Goar.)
1618 4362 1706 4434 ἔτη
1732 4365 1838 4439 μδ’.

622 4436 669 4512 γ’
703 4439 753 4495 Π
770 4460 890 4516 αχν
908 4438 981 4496 ἂν
1009 4443 1027 4516 (
1053 4445 1272 4521 Παχνᾶν
1297 4450 1391 4517 G„
1415 4447 1679 4527 Ἀπαχνᾶς
1700 4452 1928 4528 111.)ἔτη
1962 4453 2057 4520 ξα’.

622 4523 666 4580 δ’
698 4525 834 4582 Στα
853 4525 926 4583 διν
952 4527 1049 4598 ἔτη
1070 4529 1134 4589 ν’.

1674 388 2168 448 MANETHONIS
2210 388 2675 450 SEBENNYTAE.

2284 514 2322 573 ε’
2348 514 2406 574 Ἄ
2428 520 2628 596 ρχλης
2656 516 2746 586 ἔτη
2773 516 2879 593 μθ’.

2282 602 2333 668 ς’
2363 600 2422 661 ’Ἀ
2442 604 2635 684 φοὸις
2674 602 2931 683 (Ἄφωφις
2955 607 3068 682 m.)
3101 604 3191 676 ἔτη
3218 604 3319 674 ξεί.

2364 689 2533 767 Ὁμοῦ
2557 690 2649 763 ἔτη
2675 692 2820 751 «τπδ’.

2282 781 2366 837 Cf.
2399 783 2661 854 Excerpt.
2681 781 2847 837 Barb.
2872 799 2885 834 :
2914 783 3165 837 Potestas
3180 784 3658 842 Sebennitorum
3683 808 3824 848 anm

2930 953 3000 1013 [14
3011 989 3025 1002 ·

2689 1070 2835 1124 SEC.
2882 1071 3271 1130 EUSEBIUM.

2283 1202 2462 1259 Idem.
2483 1222 2542 1276 p.
2572 1203 2667 1272 61,
2690 1206 2744 1259 D
2767 1223 2780 1259 :
2807 1203 3260 1277 Πεντεκαιδεκάτη
3280 1205 3592 1266 δυναστεία
3620 1213 3674 1269 Δ
3690 1234 3822 1269 ιοσ-

2200 1288 2487 1346 πολιτῶν
2517 1289 2792 1364 βασιλέων,
2821 1289 2871 1349 οἳ
2894 1290 3234 1351 ἐδασίλευσαν
3265 1292 3357 1364 ἔτη
3383 1293 3496 1356 σν’.

2281 1379 2482 1433 Euseb.
2516 1378 2730 1438 Chron.
2770 1400 2830 1454 p.
2864 1399 2941 1454 99
2975 1398 2989 1438 τ
3024 1382 3470 1452 Quintadecima
3518 1390 3820 1460 dynastia

2201 1466 2634 1540 Diospolitarum
2655 1487 2873 1541 regum,
2906 1473 3005 1542 qui
3029 1484 3338 1541 regnarunt
3363 1481 3559 1529 annis
3593 1477 3772 1536 CCI..

2485 1613 2760 1669 DECIMA
2802 1616 3041 1670 SEXTA
3079 1617 3494 1678 DYNASTIA.

2937 1738 3030 1804 45.

2651 1868 2799 1925 SEC.
2849 1870 3305 1928 AFRICANUM.

2278 2000 2529 2070 Syncell.
2547 2018 2606 2071 p.
2629 2000 2725 2070 61,
2753 2003 2797 2056 C
2823 2021 2837 2054 :
2867 1999 3259 2072 Ἑκκαιδεκοὶτη
3290 2004 3602 2068 δυναστεία
3627 2011 3810 2088 ποιμέ·

2201 2105 2280 2148 νες
2304 2082 2453 2142 ἄλλοι
2484 2085 2712 2161 βασιλεῖς
2737 2084 2846 2143 w·
2870 2086 3212 2148 ἐὸασίλευσαν
3236 2090 3330 2161 ἔτη
3362 2095 3517 2172 ‘pm'-

2280 2173 2361 2230 Cf.
2389 2175 2714 2238 ExesBarb.
2743 2195 2755 2229 ε
2781 2179 3033 2232 Potestas
3053 2180 3528 2254 Memphimrum
3555 2209 3663 2246 an.
3693 2190 3802 2246 318

2242 2261 2394 2315 518?

2205 2259 2223 2334 (
2405 2257 2423 2334 )
2924 2374 3022 2435 46·

2683 2499 2828 2555 SEC.
2876 2501 3267 2557 EUSEBIUM.

2280 2632 2454 2688 Ideni.
2481 2650 2542 2704 p.
2570 2632 2659 2697 61,
2709 2635 2758 2686 D
2787 2649 2802 2689 :
2827 2629 3208 2703 Ἑκκαιδεκοίτη
3235 2635 3536 2699 δυναστεία
3559 2644 3792 2716 Θηὸαἷοι

2202 2718 2430 2792 βασιλεῖς
2454 2716 2493 2772 ε’
2522 2719 2591 2791 (l.
2620 2715 2731 2794 η’),
2759 2716 2809 2775 οἳ
2832 2718 2923 2776 καὶ
2947 2719 3293 2779 ἐόασίλευσαν
3320 2723 3419 2796 ἔτη
3445 2750 3481 2805 ρ
3510 2728 3586 2806 ζ’.

2277 2805 2477 2861 Euseb.
2522 2806 2731 2863 Clu-on.
2760 2826 2818 2879 p.
2864 2827 2941 2881 99
2974 2826 2989 2863 ε
3034 2810 3212 2863 Seaeta
3238 2813 3476 2870 decima
3512 2821 3786 2891 dynastia

2203 2890 2560 2946 Theba-orum
2593 2893 2649 2942 V
2667 2912 2882 2966 regum,
2922 2900 3019 2969 qui
3042 2912 3346 2970 regnatum
3380 2911 3572 2960 annis
3601 2910 3782 2965 CXC.

2275 2980 2350 3033 Hi
2369 2981 2497 3034 anni
2524 2998 2630 3053 190
2659 2982 3003 3055 respondent
3021 2984 3080 3038 in
3106 2986 3335 3042 Canone
3355 2991 3603 3049 Eusebii
3633 3002 3788 3052 annis

2197 3067 2500 3121 Abrahami
2537 3086 2784 3140 1—190.
2827 3071 2951 3124 Hoc
2992 3072 3198 3126 mirum
3228 3075 3418 3131 videri
3461 3084 3687 3152 possit,
3730 3098 3784 3139 nt

2195 3164 2358 3226 putes
2388 3154 2568 3228 ipsum
2605 3157 2902 3212 Eusebium
2943 3177 3063 3215 rem
3094 3161 3171 3214 ita
3204 3161 3545 3225 adornasse.
3586 3172 3785 3245 Neque

2198 3240 2255 3296 id
2273 3244 2728 3317 pernegaverim3
2755 3248 2838 3300 sin
2866 3248 3004 3321 quid
3027 3251 3349 3321 mutaverit,
3373 3253 3582 3312 fecisse
3609 3259 3672 3314 id
3693 3261 3780 3315 de-

2197 3331 2291 3384 bet
2313 3333 2365 3383 in
2387 3351 2496 3386 una
2511 3331 2886 3404 dynastiamm
2912 3338 3266 3408 sequentium
3283 3335 3374 3412 (in
3392 3341 3693 3415 dyn.x1x
3710 3349 3778 3419 ἓ).

2195 3417 2392 3471 Nostra
2417 3418 2560 3472 bene
2593 3437 2649 3475 se
2679 3420 2846 3475 habet
2865 3461 2881 3490 ,
2911 3424 3013 3477 nisi
3055 3423 3210 3496 quod
3233 3444 3342 3497 pro
3370 3431 3649 3505 quinque
3682 3432 3777 3507 (ε’)

2195 3506 2449 3576 regibus,
2483 3505 2717 3575 jubente
2741 3500 3008 3564 Boeckhio
3041 3530 3097 3583 p.
3123 3530 3238 3585 ²²9
3273 3532 3387 3586 sq„
3444 3523 3776 3591 reponendi

2193 3601 2319 3643 sunt
2343 3603 2474 3645 octo
2507 3589 2641 3668 (η’).
2672 3596 2755 3648 Ita
2801 3596 2950 3649 enim
2989 3606 3146 3651 vetus
3192 3599 3533 3658 Chronicon
3555 3646 3572 3674 ,
3623 3609 3776 3681 quod

2197 3689 2312 3730 tuni
2343 3677 2414 3731 de
2449 3679 2550 3734 hac
2589 3679 2839 3751 dynastia
2879 3692 3000 3737 tum
3028 3683 3496 3759 de‘sequentibus
3544 3692 3779 3749 dnobus

2194 3782 2319 3818 cum
2345 3766 2584 3820 Eusebio
2624 3770 2914 3826 consentit.
2947 3771 3114 3826 Unde
3137 3782 3329 3827 tamen
3351 3778 3601 3835 minime
3631 3802 3776 3838 con-

2191 3852 2443 3922 sequitur
2460 3854 2696 3908 alterum
2724 3855 2959 3911 hausisse
2998 3875 3065 3912 ex
3102 3860 3298 3918 altero.
3343 3864 3589 3921 Subesse
3625 3872 3774 3924 enim

2190 3937 2421 3993 hiscam
2473 3940 2824 3997 Manethonis
2870 3948 3278 4015 recensionem,
3328 3969 3444 4021 qua
3496 3973 3642 4011 usus
3699 3968 3774 4012 &t

2191 4025 2536 4096 Panodorus‚
2563 4047 2844 4101 quamque
2871 4049 2938 4085 ex
2955 4050 3023 4086 eo
3051 4035 3209 4087 novit
3243 4037 3575 4110 SyncelluS‚
3607 4063 3773 4099 coar·

2189 4113 2308 4183 guit
2328 4114 2706 4183 Syncellianus
2730 4136 2925 4191 regum
2950 4120 3244 4174 laterculus
3271 4123 3334 4176 in
3357 4143 3477 4196 quo
3513 4128 3774 4186 Pastori-

2188 4197 2294 4251 bus
2343 4199 2604 4270 dynastiae
2644 4203 2805 4257 XVII
2837 4208 3248 4276 praemittuntur
3288 4227 3454 4284 reges
3479 4226 3624 4269 octo
3673 4218 3768 4291 (hi

2188 4304 2243 4356 p.
2271 4304 2399 4353 101,
2430 4288 2472 4340 C
2500 4297 2556 4341 et
2577 4307 2637 4360 p.
2680 4289 2815 4359 103,
2839 4293 2952 4365 C):

2350 4388 2390 4430 Ι.
2438 4371 2507 4439 ιη’
2552 4370 2817 4448 Ῥαμεσὴς
2820 4418 3432 4441 ..........
3489 4406 3587 4444 an.
3635 4410 3693 4449 28

2344 4476 2387 4515 2.
2438 4456 2499 4514 ιθ’
2543 4456 2965 4537 Ῥαμεσσομενὴς
2973 4507 3342 4525 .......
3396 4516 3412 4529 .
3637 4498 3690 4536 ιε

2343 4563 2387 4601 3.
2436 4544 2482 4601 κ’
2526 4546 2831 4626 Οὐσιμᾶρης
2839 4594 3339 4613 .........
3391 4602 3408 4617 .
3631 4587 3682 4625 31

1536 4652 3756 4695 *Q

543 4700 627 4747 per
670 4690 975 4742 solitudinem
1004 4694 1053 4743 in
1087 4697 1275 4757 syriam
1312 4700 1583 4751 tetendisse.
1649 4705 1794 4760 Quod
1819 4707 1984 4755 autem
2005 4707 2096 4756 sibi

2189 4707 2316 4768 beri;
2357 4710 2501 4772 idque
2536 4716 2680 4762 recte.
2747 4717 2868 4765 Nam
2915 4718 3123 4781 antIquis
3154 4724 3548 4782 progenitoribus
3584 4736 3758 4783 nostris

542 4763 606 4811 ab
626 4766 922 4825 Assyriorum
943 4770 1214 4834 principatu
1227 4778 1496 4827 metuerent
1516 4780 1532 4841 (
1550 4783 1653 4828 tum
1668 4782 1794 4830 euim
1810 4782 1917 4832 illos
1938 4785 2095 4833 Asiam
2153 4778 2163 4789 ⁸
2190 4786 2397 4845 patrium
2419 4790 2520 4836 erat
2539 4803 2699 4851 greges
2717 4806 2908 4853 pascere
2934 4814 2945 4842 :
2968 4798 3017 4845 et
3050 4798 3315 4857 pascualem
3345 4808 3551 4863 agentes
3573 4810 3753 4871 vitam,

544 4841 801 4903 tenuisse),
826 4844 875 4892 in
907 4858 963 4895 ea
990 4860 1137 4909 quam
1170 4851 1308 4899 hodie
1340 4853 1565 4904 Judoeam
1589 4858 1884 4918 appellamus
1906 4858 2099 4922 regione
2189 4861 2300 4909 iude
2322 4866 2535 4923 pastores
2563 4867 2875 4919 vocabantur.
2939 4876 3210 4935 Rursusque
3230 4878 3410 4937 captivi
3439 4894 3543 4932 nun
3575 4889 3754 4937 temoee

546 4916 712 4965 urbem
734 4918 991 4971 aedificasse
1006 4958 1021 4982 ,
1044 4937 1157 4986 quae
1178 4928 1251 4975 tot
1284 4928 1532 4980 hominum
1556 4932 1705 4982 millia
1736 4940 1956 4997 caperet,
1981 4951 2095 4987 ean-

2188 4934 2235 4984 in
2255 4939 2585 5001 AEgyptiorum
2601 4943 2734 4993 libris
2747 4944 2863 4996 dicti
2879 4952 2993 4998 sunt
3009 4986 3024 5011 ‚
3039 4950 3265 5012 quoniam
3283 4957 3574 5016 progenitor
3592 4969 3753 5013 noster

544 4991 752 5051 demque
787 4996 1113 5060 Hierosolyma
1152 5005 1435 5057 nominasse.
1497 5010 1553 5058 ln
1595 5011 1689 5059 alio
1730 5024 1845 5061 vero
1885 5015 2095 5076 quodam
2184 5014 2425 5075 soseplms
2454 5016 2576 5084 «lixit
2600 5020 2659 5067 ad
2681 5024 3010 5084 AEgyptiorum
3043 5040 3226 5088 regem,
3248 5042 3300 5077 se
3326 5034 3589 5092 captivum
3624 5054 3750 5101 esse,

546 5080 707 5117 rerum
730 5072 1056 5133 AEgyptinrum
1075 5080 1334 5140 exemplari
1355 5085 1579 5133 manetho
1596 5085 1737 5148 dicit,
1762 5088 1885 5137 hane
1905 5095 2094 5152 gentem
2184 5091 2232 5137 et
2247 5092 2408 5151 mustea
2428 5091 2595 5145 fratres
2609 5094 2656 5145 in
2672 5101 2925 5161 AEgyptum
2946 5102 3162 5151 evocavit
3179 5106 3299 5167 regis
3315 5111 3586 5168 permissu.

547 5146 758 5204 pastores
788 5148 1103 5214 appellatam,
1132 5156 1346 5216 captivos
1378 5158 1426 5207 in
1453 5161 1601 5211 saeris
1626 5176 1823 5212 suorum
1847 5166 1979 5217 libris
2008 5168 2094 5217 lia-
