4016 5916
1750 372 2228 436 FRAGMENTA

322 538 511 576 secum
518 528 749 594 portant
772 519 1019 589 longiore
1047 517 1242 567 itinere
1256 553 1268 576 ,
1319 529 1391 565 ne
1417 511 1560 565 desit
1594 506 1832 580 olfactus
1863 526 1884 562 .·

323 613 582 685 graviore
589 607 768 681 paulo
789 605 953 659 odore
975 601 1133 656 haud
1147 596 1456 672 difficulter-
1478 602 1816 652 exanimari.

422 713 508 769 ¹9·
551 693 736 767 Supra
761 690 861 745 hos
900 700 1149 743 extrema
1177 692 1236 740 in
1257 695 1422 758 parte
1461 689 1724 740 montium
1762 686 1880 739 Tri·

323 782 599 859 spithami
636 782 998 852 Prgmaeique
1023 786 1330 841 narrantur,
1365 783 1551 828 ternas
1576 772 1886 847 spithamas

331 869 705 944 longitudine,
756 865 861 921 hoc
893 875 1002 930 est,
1037 873 1220 918 ternos
1245 861 1542 916 dodrantes
1567 878 1678 916 non
1715 879 1879 916 exce-

327 959 551 1024 dentes,
578 955 786 1010 salubri
800 954 940 1008 eceb>
962 968 1284 1026 semperque
1302 959 1580 1016 vernante,
1614 950 1885 1004 montibus

333 1048 408 1104 ab
451 1047 708 1121 aquilone
745 1047 1007 1119 oppositis
1048 1059 1073 1097 .-
1116 1058 1251 1116 quos
1292 1059 1333 1095 a
1373 1040 1600 1113 gruibus
1629 1036 1886 1106 infestari

330 1136 602 1190 Homerus
629 1150 838 1208 quoque
877 1130 1141 1205 prodidit.
1222 1130 1406 1183 Fama
1439 1139 1547 1196 est,
1591 1128 1886 1182 insidentes

331 1227 569 1276 arietum
596 1237 993 1294 caprarumque
1009 1218 1211 1283 dorsis,
1239 1226 1483 1271 armatos
1500 1218 1721 1287 sagittis
1749 1219 1886 1268 veris

333 1323 576 1384 tempore
619 1312 867 1364 universo
904 1310 1132 1380 agmine
1157 1305 1240 1360 ad
1277 1322 1434 1359 mare
1465 1303 1795 1358 descendere
1830 1313 1889 1357 et

329 1416 435 1453 ova
448 1399 740 1470 pullosque
764 1414 952 1451 earum
977 1396 1172 1449 alitum
1199 1409 1513 1448 consumere
1543 1409 1563 1445 .·
1589 1394 1758 1445 ternis
1782 1408 1886 1445 ex-

325 1484 663 1557 peditionem
686 1500 811 1538 eam
827 1482 1097 1537 mensibus
1115 1480 1336 1553 confici,
1357 1480 1524 1533 aliter
1525 1474 1739 1549 futun's
1755 1495 1882 1550 gre·

327 1571 497 1643 gibus
522 1589 633 1627 non
654 1575 855 1625 resisti.
942 1570 1124 1625 Casas
1152 1585 1336 1622 eorum
1368 1568 1477 1621 luto
1492 1569 1798 1639 pennisque
1830 1576 1886 1620 et

329 1677 550 1715 ovorum
570 1659 956 1734 putaminibus
980 1661 1237 1712 construi.
1325 1653 1684 1732 [Aristoteles
1704 1658 1761 1708 in
1788 1671 1883 1708 ca·

333 1753 512 1803 vernis
540 1753 712 1802 vivere
751 1748 1049 1821 Pygmoeos
1086 1745 1260 1800 tmdit
1300 1764 1320 1798 .-
1364 1753 1549 1798 cetera
1573 1744 1646 1797 de
1671 1742 1785 1811 leis,
1825 1754 1889 1797 ut

332 1837 575 1909 reliqui.]

416 1940 511 1976 22.
543 1917 783 2002 [Ctesias
804 1918 894 1995 (fr.
923 1919 1019 1994 81)
1041 1931 1257 1994 gentem
1278 1938 1352 1974 ex
1369 1917 1477 1986 his,
1498 1936 1626 1992 quoe
1636 1919 1884 1990 appelle·

334 2020 425 2063 tur
444 2010 731 2075 Pandore,
772 2014 828 2062 in
855 2008 1195 2064 convallibus
1213 2012 1380 2061 sitam
1393 2045 1413 2072 ‚
1450 2022 1630 2060 annos
1649 2005 1888 2060 ducenos

336 2100 503 2150 vicere
519 2137 534 2164 ,
566 2101 621 2149 in
648 2101 881 2167 juventa
924 2095 1167 2150 candido
1206 2095 1440 2167 capillo,
1494 2097 1591 2166 qui
1630 2097 1688 2145 in
1724 2110 1887 2147 sene-

334 2195 478 2239 ctute
515 2188 814 2257 nigrescat.
903 2181 1107 2238 Contra
1152 2183 1296 2236 alios
1340 2180 1729 2253 quadragenos
1777 2197 1887 2234 non

334 2271 600 2326 eoecedere
625 2289 802 2326 annos
804 2276 1029 2341 junctos
1049 2270 1358 2325 Macrobiis
1371 2309 1386 2336 ,
1413 2284 1641 2341 quorum
1644 2264 1890 2345 sem-inoe

334 2361 511 2414 semel
541 2364 780 2434 pariant
821 2378 842 2412 .·
885 2359 1052 2432 idque
1090 2369 1144 2412 et
1182 2354 1634 2429 Agatharchides
1682 2354 1881 2422 tradit;

327 2458 608 2524 praeterea
642 2449 858 2503 locustis
880 2465 973 2502 eos
998 2448 1083 2500 ali
1116 2457 1172 2500 et
1195 2462 1311 2500 esse
1331 2440 1625 2518 pernices]
1709 2436 1887 2497 Man-

335 2537 530 2591 dorum
561 2535 903 2608 (Pandarum
926 2531 1248 2608 Schwanb.)
1275 2550 1473 2587 nomen
1499 2536 1565 2585 iis
1581 2532 1737 2586 dedit
1767 2531 1886 2586 Cli-

340 2621 564 2678 tarchus
590 2635 648 2678 et
669 2622 1187 2695 Megasthenes,
1214 2631 1580 2694 trecentosque
1602 2636 1787 2675 eorum
1816 2623 1886 2672 vi·

336 2729 428 2766 cos
467 2723 817 2769 annumerat.
907 2712 1171 2765 Feminas
1220 2713 1454 2782 septimo
1507 2710 1698 2761 cetatis
1739 2724 1888 2760 anno

332 2815 546 2874 parere,
577 2810 854 2854 senectam
882 2798 1310 2871 quadragesimo
1341 2796 1609 2850 accidere.

1068 2914 1162 2979 34.

413 3021 789 3077 Plutarch.De
804 3020 907 3077 sac.
932 3021 991 3074 in
1012 3020 1144 3074 luna
1168 3037 1217 3076 c.
1240 3025 1333 3087 24,
1355 3037 1415 3091 p.
1440 3015 1629 3091 988,B
1644 3016 1719 3091 (p.
1746 3036 1767 3072 1
1785 3015 1892 3083 148

334 3108 540 3184 Didqt)
573 3106 720 3175 εΤὴν
745 3105 839 3182 μὲν
858 3104 961 3184 γὰρ
985 3102 1206 3175 Ἰνδικὴν
1237 3103 1401 3182 ῥίζαν,
1429 3103 1493 3175 ἥν
1521 3126 1646 3184 φησι
1672 3107 1727 3163 Μ
1743 3127 1765 3162 ε
1781 3128 1814 3183 γ
1830 3127 1891 3161 α-

337 3192 577 3263 σθένης
612 3191 734 3268 μήτ’
757 3191 1017 3258 ἐσθίοντας
1046 3189 1181 3270 μήτε
1219 3190 1459 3257 πίνοντας
1492 3191 1606 3249 ἀλλ’
1637 3192 1890 3270 ἀστόμους

3414 391 3529 440 425

1974 520 2154 564 merat
2175 507 2273 581 (fr.
2301 508 2374 564 30
2397 510 2519 564 init.
2535 505 2574 585 ),
2599 527 2742 581 quos
2761 508 2981 565 referta
3002 511 3235 585 gruibus
3260 512 3529 571 infestari.

1973 593 2043 650 1d
2067 594 2223 668 quod
2251 598 2530 652 Homerus
2550 597 2569 671 (
2589 597 2662 670 ll,
2689 599 2797 670 111,
2823 593 2911 671 6.)
2936 595 3008 651 de
3027 597 3294 672 Pyglnaeis
3322 602 3532 674 cogita·

1974 682 2056 737 vit
2081 701 2219 737 num
2243 699 2313 738 ex
2336 683 2499 739 India
2518 682 2633 754 jam
2658 684 2967 738 manaverit
2986 702 3193 754 necne,
3221 685 3278 743 h.
3309 686 3348 743 l.
3381 688 3530 742 inte-

1973 787 2139 844 grum
2170 770 2543 843 relinquatur.
2589 770 2815 826 Indicos
2859 780 3042 825 autem
3092 772 3378 846 Pygmaeos
3412 773 3528 845 jam

1974 858 2435 913 commemoravit
2444 857 2646 914 Ctesias
2654 857 2776 912 Ind.
2792 856 2877 932 (fr.
2892 855 2983 928 57,
3002 876 3022 911 1
3041 857 3108 932 ι),
3119 876 3288 931 quam
3297 860 3533 915 eandem

1972 944 2352 1000 narrationem
2374 963 2406 1000 a
2424 945 2613 1001 multis
2632 944 2999 1019 scriptoribus
3016 954 3142 1018 post
3169 947 3536 1021 Megasthenis

1975 1041 2231 1104 tempora
2255 1031 2553 1105 repetitam
2592 1031 2861 1087 videmus.
2943 1032 3072 1087 Indi
3101 1033 3386 1107 Pygmaeos
3421 1052 3536 1090 esse

1977 1117 2299 1173 Cirdtarum
2344 1127 2569 1193 gentem
2609 1118 2925 1173 existimant
2945 1158 2961 1187 ‚
3013 1137 3135 1191 quae
3185 1120 3381 1193 opinio
3421 1131 3534 1176 tam

1973 1202 2138 1260 firma
2168 1216 2248 1261 est
2272 1203 2426 1279 apud
2445 1223 2543 1260 eos
2560 1247 2576 1273 ,
2600 1216 2665 1260 ut
2687 1222 2827 1261 voce
2852 1210 3030 1261 εἰν-ἄτα
3055 1218 3112 1270 et
3132 1217 3354 1282 gentem
3385 1210 3533 1264 illam

1975 1302 2033 1345 et
2073 1308 2468 1364 quemcunque
2498 1291 2777 1365 pumilum
2815 1293 2931 1347 sive
2964 1293 3279 1367 Pygmaemn
3324 1296 3538 1370 signifi-

1976 1387 2124 1434 cent.
2154 1379 2239 1435 cf.
2264 1379 2548 1435 Vilsonem
2568 1398 2612 1434 s.
2638 1397 2695 1432 v.
2720 1379 2938 1434 Deinde
2957 1380 3167 1436 Cin-atas
3193 1399 3322 1436 cum
3349 1385 3535 1440 vultu·

1972 1465 2131 1520 ribus
2150 1465 2461 1538 aquilisque
2481 1484 2735 1541 pugnare
2760 1466 3084 1539 opinantur,
3107 1485 3275 1540 quam
3299 1482 3532 1544 propter

1972 1569 2095 1607 rem
2132 1547 2321 1608 Vis’n'i
2350 1553 2596 1625 aquilam
2623 1552 2852 1607 nomine
2878 1554 3150 1624 cirdtdcin
3181 1549 3199 1630 (
3222 1555 3256 1613 i.
3281 1572 3332 1609 e.
3361 1557 3531 1612 Circi-

1973 1650 2062 1694 tas
2077 1638 2313 1713 vorans)
2343 1639 2648 1713 appellant.
2675 1639 2746 1695 Et
2773 1656 2948 1711 quum
2975 1638 3171 1696 Ciratae
3200 1640 3273 1696 ad
3299 1645 3534 1719 Mongo-

1973 1725 2106 1781 licas
2143 1735 2334 1800 gentes
2370 1726 2720 1800 pertineant,
2761 1725 2891 1781 Indi
2927 1726 2988 1780 in
3019 1727 3127 1781 illis
3161 1726 3541 1787 describendis

1973 1811 2173 1868 faciem
2194 1813 2477 1887 Mongolis
2492 1813 2782 1886 propriam
2810 1813 2988 1868 multo
3009 1812 3411 1872 deformiorem
3437 1818 3538 1874 de-

1973 1900 2297 1972 pinxerunt.
2336 1901 2524 1972 Quare
2555 1900 2937 1974 Megasthenes
2969 1901 3156 1974 potuit
3196 1901 3384 1960 dicere
3413 1921 3429 1964 z
3467 1894 3538 1961 ὧν

1975 2003 2119 2049 τινας
2155 1982 2496 2065 &adut-129«,
2534 1982 2793 2050 ἀναπνοὰς
2822 1983 3037 2062 ἔχοντας
3082 1984 3235 2063 μόνον
3277 1987 3414 2068 ὑπὲρ
3448 1995 3536 2049 τοῦ

1976 2069 2230 2147 στόματος
2260 2072 2351 2148 (⁴²).

2056 2185 2080 2210 ιι
2101 2163 2243 2216 Tum
2269 2161 2603 2217 memoravit
2623 2161 3000 2236 Megasthenes
3018 2158 3407 2230 Ἐνωτοκοίτας.
3437 2170 3537 2223 Ne·

1978 2266 2092 2321 que
2120 2250 2212 2305 ille
2237 2249 2328 2306 vel
2365 2250 2460 2305 alii
2481 2249 2692 2320 Graeci,
2716 2250 2816 2305 sed
2842 2251 2946 2324 ipsi
2969 2248 3101 2307 Indi
3117 2252 3223 2307 sibi
3253 2251 3540 2310 finxerunt

1975 2338 2334 2393 Enotocoetas
2350 2377 2367 2406 ‚
2415 2337 2515 2411 qui
2570 2339 2834 2393 sanserite
2881 2351 3282 2414 nuncupantur
3318 2339 3536 2397 carn'a-

1972 2419 2331 2492 prdvdran'oe
2352 2424 2392 2482 i.
2413 2441 2464 2482 e.
2484 2428 2588 2498 qui
2619 2425 2847 2479 auribus
2865 2429 3028 2497 quasi
3051 2437 3357 2501 tegumento
3380 2442 3534 2484 utun·

1979 2520 2087 2568 tur.
2114 2510 2370 2582 Quorum
2385 2511 2600 2566 mentio
2622 2511 2681 2565 in
2707 2511 2878 2584 epicis
2905 2513 3242 2570 carminibus
3264 2534 3382 2570 non
3407 2535 3538 2572 raro

1980 2597 2280 2665 invenitur,
2311 2616 2382 2654 ex
2408 2616 2458 2655 c.
2495 2596 2737 2654 Mahab’.
2765 2599 2846 2666 11,
2901 2616 3081 2673 1170,
3127 2599 3304 2672 1875,
3336 2612 3392 2656 et
3429 2612 3540 2658 tam

1981 2696 2246 2741 consueta
2274 2695 2354 2741 est
2381 2684 2535 2759 apud
2574 2683 2748 2740 Indos
2774 2685 2892 2740 haec
2927 2687 3224 2760 cogitatio,
3259 2699 3322 2743 ut
3355 2689 3536 2764 ipsum

1979 2789 2190 2827 nomen
2217 2772 2514 2846 proprium
2541 2766 3080 2846 Carn'aprdvaran'd
3101 2777 3414 2849 reperiatur
3430 2780 3540 2833 Ma·

1976 2858 2127 2914 hab'.
2170 2861 2277 2929 IX,
2324 2858 2499 2926 2643.
2548 2861 2619 2914 Et
2650 2859 2712 2914 in
2747 2858 3072 2931 RamaJan'a
3115 2861 3272 2919 locus
3308 2864 3538 2938 quidam

1979 2956 2159 3004 exstat
2209 2947 2467 3003 nondum
2519 2946 2736 3017 editus,
2793 2964 2962 3021 quem
3012 2949 3198 3005 attulit
3238 2952 3533 3008 Lassenius

1983 3032 2282 3106 (Zeitscltr.
2311 3033 2375 3104 f.
2426 3037 2625 3090 Kunde
2665 3036 2726 3093 d.
2766 3036 3048 3109 Morgenl.
3090 3038 3167 3094 11.
3209 3038 3378 3114 4ο.),
3423 3057 3542 3112 quo

1979 3134 2366 3178 memorantur
2412 3124 2658 3190 Cirtitce,
2713 3142 2945 3197 quorum
2989 3125 3099 3179 alii
3141 3129 3199 3180 in
3246 3127 3539 3183 Mandara

1982 3221 2164 3264 monte
2184 3208 2463 3280 habitant,
2490 3213 2597 3265 alii
2619 3211 2846 3266 auribus
2861 3216 3024 3285 quasi
3043 3224 3357 3287 tegumento
3383 3226 3542 3269 utun-

336 3279 485 3345 ὄντας
504 3279 780 3359 ὓπὺτύφίῑν
803 3279 891 3338 καὶ
918 3283 1101 3355 θυμιᾶν
1127 3278 1216 3337 καὶ
1239 3276 1594 3360 τρέφεσθαῑτῇ
1614 3281 1772 3359 ὀσμῇ,
1796 3279 1891 3338 πό·
1984 3307 2092 3365 tur,
2132 3296 2447 3364 horribiles,
2497 3302 2673 3373 nigris
2694 3294 2990 3368 faciebus,
3041 3303 3278 3372 singulis
3316 3303 3540 3375 que‘dem

341 3374 424 3425 θεν
463 3367 522 3424 ἄν
565 3390 640 3433 τίς
668 3370 771 3425 ἐκεῖ
814 3366 1072 3447 φυομένην
1122 3365 1276 3425 λάὸῡῑ
1319 3366 1393 3444 μὴ
1443 3366 1761 3446 βρῑχθμὲνης
1799 3372 1889 3438 τῖς
1936 3385 1945 3459 1
1974 3385 2232 3457 pedibus,
2282 3396 2468 3439 tamen
2509 3390 2606 3459 qui
2637 3387 2889 3456 veloces,
2928 3388 3102 3441 deleri
3135 3406 3246 3443 non
3274 3401 3529 3462 possunt,

345 3452 564 3524 σελήνης
580 3476 595 3524 ;

418 3543 725 3597 Recensitis
742 3584 758 3610 ,
788 3560 911 3615 quae
938 3544 1316 3619 Megasthenes
1342 3543 1415 3598 de
1438 3544 1667 3617 populis
1691 3543 1896 3598 Indicis

1935 3466 1943 3587 Ι
1982 3476 2098 3526 viri
2132 3473 2463 3545 praevalidi,
2512 3471 2963 3549 anthropophagi
3001 3470 3120 3548 (¹⁸¹).
3151 3476 3270 3529 Hos
3311 3493 3541 3548 quoque

340 3630 533 3697 tradit,
548 3630 683 3684 utile
702 3641 757 3684 et
768 3628 1080 3701 jucundum
1101 3630 1373 3703 subjicere
1392 3649 1515 3704 quae
1535 3630 1607 3685 de
1625 3632 1711 3685 his
1729 3631 1897 3685 docet
1936 3592 1943 3703 Ξ
2045 3617 2108 3679 (*)
2123 3618 2194 3667 es·
2214 3619 2339 3667 αδ·
2359 3616 2504 3681 Ῑῦᾶ·5
2527 3624 2573 3667 ¹¹
2604 3619 2764 3668 Ξαῦτῠῖ
2780 3608 2970 3682 &impos
2982 3635 3031 3668 τί
3046 3620 3124 3667 ²⁴²²
3141 3618 3346 3683 αἶσχρὸἶ·
3368 3620 3537 3670 [Βίω-

338 3717 808 3774 Schwanbeckius
845 3736 907 3791 p.
940 3717 1013 3774 65
1058 3737 1181 3792 sqq.
1211 3743 1235 3768 κ
1253 3720 1498 3777 Primum
1524 3717 1898 3793 Megasthenes

1984 3689 2045 3735 H.
2061 3691 2119 3736 A.
2141 3688 2270 3746 xvt,
2287 3693 2345 3736 22
2364 3690 2424 3735 22:
2437 3693 2670 3751 πειρᾶται
2688 3690 2831 3752 πέραν
2845 3689 3000 3739 Ἰνδῶν
3019 3690 3144 3746 ἔθνος
3159 3690 3536 3755 σιμοὶτὰςρἴας.

1937 3710 1944 3841 Ι
1986 3755 2156 3818 Peripl.
2175 3768 2297 3805 mar.
2321 3757 2512 3819 Erythr.
2533 3771 2583 3819 p.
2601 3764 2660 3809 35
2679 3758 2830 3809 uuds.
2852 3761 3099 3823 ιΚιρρᾶδαι
3113 3795 3128 3819 ,
3142 3760 3270 3821 γένος
3280 3759 3538 3823 ἀνθρώπων

338 3805 590 3860 narravit
622 3804 734 3860 hoe
778 3823 793 3859 z
833 3799 970 3868 Τοὺς
1001 3800 1088 3860 τὸν
1126 3802 1400 3863 Καύκασον
1429 3804 1693 3869 οἰκοῦντας
1728 3806 1784 3862 ἐν
1825 3807 1897 3885 τῷ
1985 3826 2586 3890 εχτςολιμμένωντὴνρῖνα,
2603 3828 2794 3892 ἀγρίων.
2811 3830 2903 3891 Ipsi
2923 3828 3025 3879 Indi
3045 3829 3362 3879 interceteras
3379 3833 3546 3893 gentes

341 3891 547 3970 φανερῷ
586 3887 785 3960 γυναιξὶ
829 3889 1104 3967 μίσγεσθαι
1156 3890 1247 3948 καὶ
1292 3898 1637 3970 σαρκοφαγεῖν
1680 3891 1747 3949 τὰ
1793 3895 1893 3949 τῶν

340 3980 598 4055 συγγενῶν
615 3976 838 4053 σώματα
867 3979 968 4053 (fr.
1000 3998 1071 4051 27
1099 3991 1239 4036 extr.
1256 3981 1298 4057 ).
1324 3981 1648 4036 Herodotus
1671 4000 1899 4054 quoque

341 4068 575 4123 alterum
597 4066 668 4122 de
689 4068 909 4125 Calatiis
925 4077 981 4123 et
994 4068 1203 4124 Padaeis
1219 4068 1355 4143 (111,
1385 4068 1479 4124 38.
1505 4070 1641 4143 99),
1663 4070 1897 4124 alterum

342 4153 414 4210 de
442 4155 550 4209 alio
567 4154 814 4227 quodam
832 4155 1031 4210 Indico
1046 4156 1263 4230 populo
1283 4157 1528 4211 narravit
1549 4154 1695 4231 (ΙΙΙ,
1732 4176 1753 4211 1
1766 4177 1800 4211 o
1813 4177 1831 4212 1
1854 4154 1895 4233 ).

340 4242 501 4298 Idem
536 4244 755 4299 Marcus
791 4244 992 4299 Paulus
1038 4243 1188 4318 (111,
1239 4244 1335 4318 17)
1374 4245 1592 4315 retulit,
1627 4254 1682 4298 et
1718 4245 1901 4302 adhuc

341 4349 476 4404 gens
494 4332 553 4384 in
574 4329 789 4401 Vind'ja
814 4341 1007 4386 monte
1033 4330 1288 4385 habitans
1310 4341 1579 4404 cognatos
1606 4331 1901 4389 comedere

342 4418 571 4473 dicitur.
595 4418 679 4475 Cf.
706 4419 909 4473 Ritter.
933 4422 1103 4472 Asien
1121 4418 1178 4472 ΙΙ
1196 4462 1211 4487 ,
1242 4417 1372 4490 519.
1391 4419 1590 4490 Itaque
1610 4437 1719 4491 pro
1744 4430 1898 4476 certo

341 4504 675 4560 sumendum
701 4516 783 4560 est
799 4546 815 4573 ,
846 4506 988 4560 hanc
1012 4523 1131 4560 rem
1159 4504 1499 4579 Megastheni
1526 4523 1589 4560 re
1618 4523 1751 4560 vera
1771 4526 1904 4562 nar-

344 4603 522 4648 ratam
566 4611 708 4661 esse,
748 4595 1002 4666 quamvis
1042 4591 1324 4664 conjicere
1372 4593 1562 4662 liceat,
1599 4594 1661 4647 in
1694 4592 1892 4649 descri-

344 4679 531 4734 benda
571 4682 751 4755 gentis
785 4680 1091 4754 aboriginis
1130 4682 1471 4734 immanitate
1511 4680 1718 4750 Indos,
1760 4684 1900 4738 sicut

344 4768 554 4834 solent,
579 4765 815 4822 modum
844 4778 899 4822 et
920 4767 1212 4821 veritatem
1236 4769 1541 4822 excessisse.

423 4879 447 4903 ι
473 4854 691 4909 Deinde
724 4853 1214 4928 Pentaspithamos
1245 4865 1302 4908 et
1338 4854 1738 4929 Trispithamos
1754 4876 1895 4915 enu-
1942 4814 1950 4921 Ι

408 5104 570 5156 ludica
596 5107 677 5156 illa
703 5107 868 5170 radix,
890 5121 1040 5171 quam
1073 5026 1481 5172 affliegasthenes
1515 5122 1624 5171 eos,
1664 5109 1749 5172 qui
1786 5109 1900 5159 nihil

345 5182 494 5233 edant
510 5184 771 5250 bibantque
786 5223 802 5250 ,
822 5201 974 5251 quum
996 5201 1051 5238 os
1080 5201 1179 5238 non
1210 5188 1443 5252 habeant,
1475 5188 1639 5241 suffire
1656 5191 1801 5252 atque
1835 5189 1900 5238 ita

1939 3936 1945 3955 ,
1984 3909 2358 3947 commemorare
2381 3898 2536 3947 solent
2556 3899 2988 3962 K’ipit'andsa'cds
3010 3899 3043 3948 i.
3069 3912 3113 3948 e.
3135 3900 3265 3961 σιμοὶ
3287 3900 3370 3957 τὰς
3393 3902 3535 3964 ῥῖνας.

1985 3970 2067 4017 As.
2091 3970 2202 4017 Res.
2235 3970 2364 4018 vlu.
2401 3971 2512 4016 340.
2543 3971 2726 4018 Nomen
2766 3971 2985 4031 Scyrites
3019 3971 3154 4029 (var.
3175 3968 3212 4017 1.
3252 3970 3540 4031 Syr-icles),

1985 4036 2117 4155 qugd
2135 4037 2315 4087 Plinius
2335 4051 2398 4087 ex
2426 4039 2725 4100 Megasthene
2748 4038 2968 4100 tradidit,
2993 4038 3208 4100 paullum
3228 4036 3539 4100 depravatum

1986 4120 2034 4154 vn
2070 4120 2096 4156 e
2122 4120 2195 4156 ur.

2049 4176 2136 4240 θ’)
2162 4176 2365 4226 Mnbab'.
2389 4180 2453 4239 n,
2481 4181 2630 4227 117οε
2650 4179 2745 4236 Qui
2767 4180 2821 4225 tn
2837 4177 3024 4226 insulis
3047 4179 3268 4225 marinis
3291 4175 3540 4226 habitant

1986 4260 2156 4309 reyes,
2188 4259 2223 4295 a
2251 4247 2482 4297 barbara
2513 4250 2661 4310 qente
2681 4246 2929 4303 oriundi,
2965 4245 3212 4305 Nts’adoe‚
3237 4248 3288 4295 et
3320 4246 3542 4296 Anthro-

1984 4316 2238 4379 pophaqi,
2282 4315 2819 4380 Carn'oprdvaron'oe
2857 4318 2927 4373 (s.
2967 4316 3322 4376 Enotocoetae),
3361 4318 3413 4363 et
3449 4320 3540 4379 qui

1987 4387 2398 4450 Melanoprosopi
2437 4387 2794 4450 appellantur,
2832 4386 2898 4435 ab
2922 4386 3211 4436 hominibus
3228 4389 3279 4435 et
3305 4384 3534 4436 Rdxasts

1941 4462 1947 4533 j
1987 4456 2217 4507 oriundi.

2051 4530 2109 4576 ln
2135 4527 2412 4577 universum
2432 4527 2710 4590 pervulgata
2733 4528 2805 4577 est
2826 4526 2956 4591 apud
2988 4526 3130 4577 Indos
3159 4524 3347 4589 opinio,
3383 4529 3543 4589 gentoe

1988 4596 2218 4647 barbaras
2233 4598 2416 4660 magnis
2432 4597 2627 4646 auribus
2643 4610 2746 4647 esse
2763 4596 2985 4659 praeditas
3005 4611 3019 4646 z
3043 4597 3110 4646 ita
3131 4609 3227 4645 non
3251 4595 3394 4644 mado
3424 4610 3542 4646 ear·

1988 4664 2405 4728 n'apravoran'oe
2427 4668 2755 4716 memorantur
2772 4696 2834 4709 -
2865 4665 2992 4728 quod
3022 4665 3215 4729 quidem
3233 4677 3407 4715 nomen
3425 4678 3538 4714 con·

1990 4735 2124 4785 fundi
2141 4736 2280 4786 facile
2296 4738 2481 4799 potent
2500 4749 2612 4787 cum
2640 4749 2756 4787 voce
2774 4732 3277 4799 t'ormaprdvaran'a
3301 4734 3358 4793 (i.
3376 4748 3416 4784 e.
3439 4736 3540 4798 pel-

1990 4806 2114 4854 libus
2131 4805 2326 4855 indutus
2340 4808 2356 4866 )
2370 4833 2432 4846 -
2453 4806 2537 4856 scd
2561 4806 2704 4856 etiam
2725 4804 2962 4857 carn'icce
2978 4842 2993 4868 ,
3016 4804 3411 4861 lombacarn'ae‚
3437 4818 3544 4855 mn·

1990 4873 2258 4925 hacarn’oe
2286 4875 2353 4936 (i.
2376 4888 2404 4925 e
2449 4876 2789 4938 μεγαλὼτιοι),
2808 4876 3191 4926 us’t‘racarn’oe
3227 4876 3286 4937 (i.
3315 4889 3361 4925 e.
3388 4893 3538 4937 καμη·

1987 5026 2135 5075 odore
2165 5027 2314 5076 vitam
2350 5028 2617 5076 sustentare
2647 5039 2809 5085 suam,
2853 5026 2982 5076 unde
3025 5030 3136 5076 nata
3176 5026 3272 5076 illic
3311 5031 3522 5078 stimatm

1931 5063 1950 5248 Ι
1988 5119 2139 5169 quum
2166 5107 2298 5156 nulla
2317 5106 2478 5156 lunam
2498 5105 2642 5168 rigeat
2660 5105 2855 5165 pluviat
