4016 5916
517 392 634 441 ⁴28
1864 381 2404 445 MEGASTBENIS

506 512 726 587 λειμῶσι
752 513 844 570 καὶ
866 516 1028 571 τοῖσιν
1054 511 1268 570 ξ’λεσιν’
1248 509 1347 570 υπὸ
1375 510 1607 592 δένδρεσι
1640 512 1956 591 μεγάλοισιν·
1993 504 2065 571 (ἶιν
2229 531 2273 571 2.
2315 509 2408 574 Πέ
2418 534 2458 587 μ
2472 531 2596 569 πτο
2610 533 2636 567 ν
2657 509 2713 568 δὲ
2732 507 2877 588 γένος
2899 509 3039 568 ἐστὶν
3058 509 3294 570 Ἰνδοῖσιν
3313 512 3361 569 οἱ
3379 512 3756 589 πολεμισταὶ,

506 597 601 670 τὴν
648 597 799 669 σκιὴν
849 599 1090 679 Νέαρχος
1132 597 1273 677 λέγει
1313 601 1362 666 ἐς
1391 598 1542 658 πέντε
1569 599 1766 682 πλέθρα
1808 603 1860 659 ἐν
1888 599 2067 679 κύκλῳ
2152 599 2341 671 πλήθεΐ
2368 597 2461 675 μὲν
2501 594 2737 677 δεύτερον
2767 596 2900 673 μετὰ
2937 596 3057 663 τους
3094 596 3381 676 γεωργοὺς,
3409 599 3652 710 πλείστῃ
3689 603 3758 660 δὲ

510 685 854 761 ἐξικνέεσθαι,
891 687 982 745 καὶ
1026 687 1089 743 ἂν
1134 686 1226 744 καὶ
1255 685 1466 766 μυρίους
1510 687 1807 765 ἀνθρώπους
1851 687 1952 745 ὑπὸ
1993 688 2069 745 ἑνὶ
2155 684 2415 766 ἐλευθερίῃ
2436 707 2493 743 τε
2519 683 2609 742 καὶ
2630 682 2845 761 εὐθυμίῃ
2866 684 3251 763 ἕπιχρεόμενον·
3274 676 3444 743 καὶ
3383 708 3530 744 ουτοι
3559 690 3756 761 ἄσκη-

509 774 706 850 δένδρεῖ
732 774 1058 841 σκιάζεσθαι·
1083 775 1374 844 τηλικαῦτα
1398 763 1529 832 εἶναι
1550 797 1715 832 ταυτα
1742 772 1810 833 τὰ
1833 774 2065 854 δένδρεα.
2153 795 2241 830 ται
2261 772 2462 847 μούνων
2489 774 2592 828 τῶν
2611 771 2909 846 πολεμικῶν
2948 770 3111 850 ἔργων
3139 771 3258 832 εἶσί.
3293 772 3358 852 (a)
3386 772 3474 833 Τὰ
3499 771 3560 831 δὲ
3591 773 3756 834 ὅπλα

515 863 583 938 (8)
619 859 890 920 Σιτέονται
918 860 972 918 δὲ
1000 861 1169 939 ὡραῖα
1196 859 1286 919 καὶ
1313 859 1401 918 τὸν
1442 860 1620 938 φλοιον
1648 864 1749 919 τῶν
1796 859 2066 942 δένδρεων,
2155 858 2304 917 ἄλλοι
2325 861 2521 917 αὐτοῖσι
2542 857 2788 930 ποιέουσι,
2806 856 2897 917 καὶ
2914 855 3102 925 ἵππους
3121 859 3266 918 ἄλλοι
3287 858 3590 939 παρέχουσι
3607 885 3620 898 ·
3643 863 3756 921 καὶ

510 947 703 1024 γλυκύν
730 969 786 1005 τε
814 947 937 1006 ὄντα
967 946 1053 1006 τὸν
1082 947 1255 1027 φλοιὸν
1280 947 1369 1005 καὶ
1390 947 1641 1028 τρόφιμον
1680 952 1738 1007 οὗ
1764 957 1907 1026 μεῖον
1932 948 2070 1028 ἤπερ
2157 946 2501 1006 διακονέουσιν
2522 944 2608 1004 ἐπὶ
2632 945 2981 1023 στρατοπέδου
3006 943 3185 1017 ἄλλοι,
3209 943 3260 1003 οἳ
3284 945 3400 1012 τούς
3426 969 3488 1004 τε
3527 947 3756 1016 ἵππους

514 1038 569 1093 αἱ
597 1034 817 1114 βάλανοι
843 1037 946 1093 τῶν
975 1034 1235 1114 φοινίκων.
2158 1033 2356 1091 αὐτοῖσι
2374 1030 2714 1113 θεραπεύωσι
2731 1032 2822 1091 καὶ
2846 1029 2913 1091 τὰ
2934 1031 3072 1091 ὅπλα
3100 1033 3467 1112 ἐκκαθαίρουσι
3492 1035 3591 1093 καὶ
3617 1036 3756 1102 τοὺς

591 1143 635 1183 9.
683 1121 981 1202 Δεύτεροι
1005 1124 1049 1180 8
1071 1121 1156 1180 ἐπὶ
1179 1122 1436 1181 τούτοισιν
1456 1123 1503 1180 οἱ
1526 1123 1743 1202 γεωργοί
1766 1124 1913 1181 εἰσιν·
1932 1113 2074 1181 οὗτοι
2158 1118 2437 1199 ἐλέφαντας
2477 1118 2660 1198 ἄγουσι
2708 1119 2799 1178 καὶ
2838 1119 2905 1177 τὰ
2952 1118 3164 1198 ἅρματα
3207 1119 3493 1197 κοσμέουσί
3527 1145 3593 1180 τε
3642 1125 3755 1182 καὶ

513 1209 702 1280 πληθεί·
727 1209 983 1269 πλεῖστοι
988 1208 1166 1268 Ἰνδῶν
1193 1206 1383 1275 ἐόντες·
1406 1207 1493 1267 καὶ
1518 1209 1771 1268 τούτοισιν
1795 1207 1912 1268 οὔτε
1934 1208 2071 1267 ὅπλα
2157 1207 2526 1284 ἡνιοχεύουσιν.
2565 1209 2631 1284 (ι)
2665 1205 2824 1266 Αὐτοὶ
2855 1205 2947 1284 δὲ,
2968 1207 3077 1265 ἔστ’
3100 1205 3165 1265 ἂν
3194 1206 3288 1283 μὲν
3308 1206 3566 1285 πολεμέει
3600 1208 3750 1291 δέῃ,

514 1297 653 1354 ἔστὶν
697 1294 856 1375 ἀρήια
895 1294 1012 1354 οὔτε
1042 1295 1188 1372 μέλει
1237 1293 1304 1353 τὰ
1343 1293 1570 1371 πολέμια
1606 1293 1755 1375 ἔργα,
1796 1296 1933 1354 ἀλλὰ
1977 1295 2072 1366 τὴν
2159 1293 2525 1371 πολεμέουσιν,
2547 1294 2751 1373 εἰρήνης
2763 1293 2845 1352 δὲ·
2829 1293 3105 1373 γενομένης
3119 1294 3479 1372 εὐθυμέονται·
3497 1297 3600 1355 καί
3613 1321 3754 1376 σφιν

513 1382 691 1462 χώρην
720 1374 861 1442 οὗτοι
881 1382 1206 1462 ἐργάζονται·
1230 1405 1321 1440 και
1342 1381 1457 1448 τους
1483 1382 1667 1462 φόρους
1686 1386 1822 1441 τοῖσι
1834 1406 1890 1440 τε
1918 1387 2073 1462 βασι-
2160 1383 2337 1456 μισθὸς
2365 1382 2424 1438 ἐκ
2452 1385 2539 1438 τοῦ
2571 1403 2742 1440 κοινου
2770 1379 2982 1440 τοσόσδε
3016 1379 3227 1461 ἔρχεται
3244 1426 3261 1456 ,
3292 1384 3361 1448 ως
3401 1381 3499 1440 καὶ
3538 1382 3758 1451 ἄλλους

514 1473 663 1529 λευσι
684 1493 774 1528 και
809 1474 931 1549 τῇσι
961 1470 1185 1541 πόλισιν,
1210 1469 1330 1528 ὅσα(
1359 1467 1669 1546 αὐτόνομοι,
1707 1462 1846 1528 οὗτοι
1877 1471 2077 1549 ἀποφέ-
2160 1465 2419 1547 τρέφειν’
2389 1471 2480 1525 απ’
2511 1469 2670 1527 αὐτοῦ
2699 1468 2979 1546 εὐμαρέως.

518 1577 687 1638 ρουσι·
724 1559 808 1638 (ιο)
848 1556 939 1616 καὶ
963 1559 1009 1615 εἰ
1030 1556 1260 1634 πόλεμος
1294 1559 1345 1622 ές
1383 1557 1637 1627 ἀλλήλους
1676 1560 1838 1616 τοῖσιν
1866 1556 2075 1617 Ἰνδοῖσι
2238 1576 2286 1616 s.
2330 1552 2563 1615 Ἐκτοι
2596 1555 2653 1614 δέ
2680 1558 2806 1614 εἰσιν
2830 1556 3066 1614 Ἰνδοῖσιν
3090 1557 3186 1614 οἱ
3163 1554 3437 1616 επίσκοποι
3465 1559 3752 1636 καλεόμε-

516 1644 693 1724 τύχοι,
709 1647 810 1702 τῶν
828 1641 1184 1724 ἐργαζομένων
1198 1642 1294 1714 τὴν
1310 1667 1407 1720 γην
1423 1645 1482 1701 οὗ
1501 1643 1642 1720 θέμις
1662 1667 1780 1723 σφιν
1801 1642 2075 1715 ἅπτεσθαι,

519 1730 635 1790 οὐδὲ
651 1729 812 1802 αὐτὴν
830 1731 924 1802 τὴν
940 1735 1038 1804 γῆν
1051 1730 1285 1806 τάμνειν·
1308 1729 1444 1788 ἀλλὰ
1466 1733 1513 1789 οἱ
1536 1730 1630 1807 μὲν
1651 1728 1965 1806 πολεμέουσι
1986 1730 2078 1789 καὶ

521 1819 922 1878 κατακαίνουσιν
966 1818 1223 1889 ἀλληλους
1262 1816 1403 1884 ὅπως
1427 1817 1653 1898 τύχοιεν,
1686 1821 1733 1876 οἵ
1764 1820 1817 1877 δὲ
1856 1817 2076 1887 πλησίον

520 1910 691 1966 αὐτῶν
731 1909 848 1965 κατ’
878 1905 1102 1985 ἡσυχίην
1131 1904 1396 1984 iponem*
1366 1930 1401 1976 η
1436 1908 1692 1985 τρυγῶσιν
1727 1903 1760 1976 ἢ
1801 1906 2078 1964 κλαδουσιν

519 1993 553 2064 ἢ
584 1993 887 2072 θερίζουσιν.

604 2100 670 2143 n.
715 2080 837 2159 Τρί
848 2102 941 2138 τοι
970 2078 1026 2137 δέ
1050 2081 1178 2136 εἰσιν
1202 2077 1434 2138 Ἰνδοῖσιν
1462 2080 1510 2137 οἱ
1538 2079 1741 2186 νομέες,
1766 2081 1813 2137 οἳ
1840 2079 2080 2156 ποιμένες

518 2191 576 2227 τε
616 2168 705 2226 καὶ
750 2168 1017 2247 βουκόλοι,
1044 2188 1134 2224 και
1162 2157 1304 2223 οὗτοι
1332 2164 1448 2224 οὔτε
1494 2166 1630 2225 κατὰ
1658 2165 1841 2232 πόλιας
1876 2165 1993 2224 οὔτε
2025 2169 2080 2224 ἐν

520 2278 637 2332 τῃσι
674 2254 910 2335 κώμῃσιν
945 2251 1187 2313 οἰκέουσι.
1220 2252 1458 2328 Νομαδες
1495 2252 1554 2311 τέ
1598 2255 1698 2311 εἰσι
1738 2252 1829 2311 καὶ
1872 2252 1972 2310 ἀνὰ
2011 2253 2076 2311 τὸ.

521 2342 674 2424 οὔρεα
709 2342 1022 2421 βιοτεύουσι·
1049 2339 1207 2422 φόρον
1233 2339 1286 2397 δὲ
1310 2363 1400 2398 και
1432 2331 1569 2398 οὗτοι
1601 2339 1704 2398 ἀπὸ
1725 2343 1825 2397 τῶν
1848 2338 2078 2410 κτηνέων

521 2431 860 2510 ἀποφέρουσι·
884 2429 973 2488 καὶ
995 2428 1293 2509 θηρεύουσιν
1324 2418 1463 2485 οὗτοι
1493 2425 1591 2484 ἀνὰ
1622 2450 1717 2497 την
1741 2424 1919 2507 χώρην
1939 2425 2077 2507 ὄρνι-

519 2517 607 2584 θοὶς
629 2541 686 2577 τε
707 2517 857 2576 κα“ι”
822 2540 978 2597 αγρια
998 2515 1169 2595 θηρία.

598 2609 733 2682 Cap.
779 2607 910 2665 XII.
951 2602 1121 2664 Τέτα
1140 2624 1281 2681 ρτον
1311 2600 1366 2658 δέ
1404 2624 1515 2659 εστι
1543 2599 1603 2659 τὸ
1631 2599 1995 2680 δημιουργικόν
2023 2625 2078 2660 τε

519 2714 608 2749 και
642 2689 935 2762 καπηλικον
977 2688 1136 2764 γένος.
1180 2686 1289 2748 Καὶ
1329 2679 1466 2745 ουτοι
1508 2687 1793 2767 λειτουργοί
1819 2689 1955 2766 εἰσι,
1989 2711 2079 2746 και

520 2778 676 2857 φόρον
698 2777 1044 2857 ἀποφέρουσιν
1069 2773 1173 2832 ἀπο
1195 2778 1297 2833 τῶν
1321 2773 1484 2882 ἔργων
1512 2778 1612 2832 τῶν
1638 2772 1916 2854 σφετέρων,
1940 2774 2079 2846 πλήν

519 2889 579 2942 γε
601 2866 662 2934 δὴ
688 2865 799 2923 ὅσοι
820 2863 941 2921 τὰ’
911 2886 1083 2942 αρηια
1092 2860 1228 2920 ὅπλα
1249 2861 1523 2920 ποιέουσιν·
1550 2852 1686 2919 οὗτοι
1707 2862 1759 2919 δὲ
1780 2861 1869 2920 καὶ
1895 2862 2078 2940 μισθὸν

520 2953 581 3009 lx
608 2955 698 3010 τοῧ
724 2973 893 3010 κοινου
917 2946 1432 3029 προσλαμὸάνουσιν
1454 2947 1546 3009 Ἔν
1572 2947 1625 3007 δὲ
1653 2947 1819 3029 τούτῳ
1846 2954 1920 3009 τῶ
1942 2951 2081 3030 γένεϊ

518 3038 572 3097 οἵ
591 3062 647 3097 τε
673 3037 929 3115 ναυπηγοὶ
958 3062 1046 3097 και
1068 3040 1115 3095 οἱ
1143 3036 1329 3094 ναῦταί
1352 3039 1501 3109 εἰσιν,
1533 3035 1644 3097 ὅσοι
1673 3038 1810 3097 κατὰ
1834 3039 1951 3106 τους
1971 3064 2074 3099 πο-

519 3125 719 3203 ταμους
746 3125 997 3185 πλώουσι.

2162 1663 2254 1700 νοι.
2283 1634 2446 1702 Οὗτοι
2468 1645 2690 1724 ἐφορῶσι
2712 1641 2778 1701 τὰ
2799 1644 3042 1721 γινόμενα
3067 1665 3204 1701 κατα
3231 1665 3288 1701 τε
3309 1642 3403 1714 τὴν
3425 1644 3621 1724 χώρην
3648 1648 3748 1705 καὶ

2162 1727 2298 1785 κατὰ
2324 1727 2415 1795 τὰς
2437 1729 2646 1796 πόλιας·
2670 1753 2760 1788 και
2785 1752 2950 1788 ταυτα
2980 1729 3354 1808 ἀναγγέλλουσι
3375 1735 3452 1811 τῷ
3490 1733 3745 1810 βασιλέϊ,

2161 1812 2382 1894 ιναπερ
2372 1814 2731 1875 Βασιλεύονται
2752 1816 2900 1877 Ἰνδοὶ
2920 1815 3144 1895 ,ἢτοῑσι
3168 1816 3363 1875 τέλεσιν
3370 1816 3608 1900 ,ἵναπερ
3638 1823 3745 1879 αὖ·

2162 1901 2371 1979 τόνομοι
2388 1902 2514 1962 εἶσί·
2532 1904 2621 1963 καὶ
2640 1902 2892 1963 τούτοισιν
2913 1907 2969 1963 οὗ
2989 1903 3132 1981 θέμις
3149 1906 3335 1984 ψεῦδος
3358 1907 3616 1985 ἀγγεῖλαι
3637 1911 3701 1967 οὗ
3714 1943 3744 1953 -

2166 1989 2268 2048 δέν·
2292 1989 2410 2048 οὐδέ
2435 2014 2511 2056 τις
2538 1990 2712 2051 Ἰνδῶν
2740 1991 2912 2063 αἰτίην
2940 1991 3063 2071 ἔσχε
3086 1991 3398 2072 ψεύσασθαι.

2240 2093 2288 2136 ο.
2332 2072 2418 2135 ‘E
2433 2075 2468 2134 6
2480 2078 2666 2153 δομοι
2689 2075 2747 2136 δέ
2773 2081 2902 2136 εἰσιν
2922 2080 2970 2136 οἱ
2994 2076 3123 2158 ὑπὲρ
3146 2081 3247 2136 τῶν
3274 2081 3459 2137 κοινῶν
3489 2082 3749 2158 βουλευό-

2165 2185 2308 2238 μενοι
2320 2165 2448 2240 ὁμοῦ
2467 2167 2543 2245 τῷ
2562 2163 2783 2242 βασιλέι,
2803 2164 2992 2237 ἢκατᾶι
3006 2167 3100 2235 τὰς
3108 2165 3290 2234 πόλιας
3307 2167 3428 2226 ὅσαι
3445 2172 3745 2250 αὗτόνομοι

2165 2249 2256 2308 συν
2274 2254 2423 2330 τῇσιν
2454 2256 2665 2333 ἀρχῇσι.
2705 2252 2765 2332 (7)
2788 2253 2992 2325 Πλήθεῐ
3008 2253 3101 2332 μὲν
3124 2253 3294 2332 ὀλίγον
3314 2256 3375 2315 τὸ
3397 2255 3548 2336 γένος
3576 2261 3747 2321 τοῦτό

2164 2341 2274 2396 ἐστι
2283 2337 2473 2419 ,σοφίῃ
2498 2340 2551 2397 δὲ
2569 2339 2662 2399 καὶ
2684 2340 2970 2414 δικαιότητι
2988 2344 3049 2400 ἐκ
3066 2341 3276 2401 πάντων
3293 2347 3741 2427 προκεκριμένον·

2164 2424 2303 2485 ἔνθεν
2321 2424 2373 2484 οἵ
2396 2449 2453 2485 τε
2477 2427 2719 2507 ἄρχοντες
2746 2430 2974 2488 αυτοισιν
3006 2428 3330 2508 ἐπιλέγονται
3366 2433 3459 2491 καὶ
3497 2433 3621 2494 ὅσοι
3650 2459 3742 2497 νο·

2167 2515 2369 2593 μοίρχαι
2391 2537 2479 2572 και
2522 2514 2749 2596 ὕπαρχοι
2779 2516 2869 2574 καὶ
2892 2516 3348 2598 θησαυροφύλακές
3367 2542 3426 2579 τε
3449 2544 3545 2579 και
3575 2545 3740 2603 στρα-

2162 2601 2470 2684 τοφύλακες,
2511 2602 2763 2683 ναύαρχοί
2808 2626 2865 2662 τε
2907 2604 2998 2664 καὶ
3039 2604 3256 2683 ταμίαι,
3295 2607 3384 2666 καὶ
3425 2611 3534 2667 τῶν
3587 2611 3735 2671 κατὰ

2163 2688 2417 2769 γεωργίην
2440 2689 2602 2768 ἔργων
2622 2691 2914 2752 ἐπιστάται.

2242 2797 2288 2837 8.
2336 2776 2562 2853 Γαμέειν
2587 2776 2641 2836 δὲ
2674 2777 2723 2847 ἐξ
2759 2778 2933 2857 ἑτέρου
2953 2780 3123 2859 γένεος
3150 2784 3206 2840 οὗ
3229 2780 3405 2858 θέμις,
3447 2774 3560 2842 οἷον
3597 2786 3739 2846 τοῖσι

2165 2872 2469 2944 γεωργοῖσιν
2494 2867 2552 2923 ἐκ
2572 2870 2664 2925 τοῦ
2691 2867 3056 2947 δημιουργικοῦ
3074 2913 3089 2941 ,
3129 2868 3163 2940 ἢ
3201 2868 3450 2945 ἔμπαλιν·
3486 2871 3606 2930 οὐδὲ
3645 2872 3738 2931 δύο

2163 2949 2353 3032 τέχνας
2380 2952 2692 3025 ἐπιτηδεύειν
2715 2954 2803 3014 τὸν
2832 2955 3010 3032 αὐτὸν,
3049 2953 3165 3014 οὑδὲ
3205 2962 3357 3016 τοῦτο
3397 2955 3574 3035 θέμις·
3613 2961 3740 3020 οὐδὲ

2165 3038 2399 3116 ἀμείὸειν
2427 3039 2479 3108 ἐξ
2507 3040 2683 3118 ἐτέρου
2709 3041 2879 3120 γένεος
2910 3044 2980 3110 εἰς
3002 3042 3192 3123 ἕτερον,
3221 3034 3327 3102 οἷον
3352 3046 3644 3126 γεωργικὸν
3673 3052 3738 3108 ἐκ

2162 3127 2345 3205 νομέος
2365 3129 2633 3209 γενέσθαι,
2661 3129 2695 3202 ἢ
2723 3130 2882 3209 νομέα
2903 3135 2960 3191 ἔκ
2989 3134 3382 3213 δημιουργικου.
3423 3136 3496 3212 (a).
3521 3141 3643 3197 Μοῦ
3647 3161 3737 3197 νον

520 3393 667 3440 tantae
695 3391 1032 3454 magnitudinis
1062 3405 1164 3441 8888
1193 3406 1276 3443 888
1306 3393 1516 3443 arbores.
1585 3394 1652 3455 (8)
1684 3394 1940 3442 Fructibus
1961 3408 2077 3443 vero
2148 3403 2245 3438 ‹·re.
2311 3390 2371 3439 Hi
2394 3390 2554 3438 solum
2580 3387 2775 3438 bellicas
2806 3402 2882 3439 ¹·oe
2908 3391 3155 3439 exercent.
3225 3390 3296 3451 (3)
3326 3393 3476 3437 Arma
3499 3388 3583 3436 alii
3611 3388 3738 3450 ipsis

522 3469 723 3518 maturis
751 3472 1010 3518 vescuntur
1033 3470 1385 3532 corticibusque
1420 3469 1673 3528 arborum,
1706 3483 1816 3532 quac
1840 3472 1887 3518 et
1913 3470 2079 3520 dulces
2149 3469 2438 3530 conficiunt,
2461 3469 2511 3519 et
2528 3480 2681 3531 equos
2702 3469 2785 3519 alii
2808 3469 3142 3533 suppeditant,
3162 3468 3480 3532 serviuntque
3505 3470 3582 3519 bis
3601 3469 3740 3532 apud

520 3547 697 3595 suntet
717 3546 855 3594 multi
874 3546 1153 3596 nutrimenti
1172 3547 1403 3610 ,perinde
1430 3549 1573 3610 atque
1586 3547 1852 3609 palmarum
1874 3547 2074 3597 tructus,
2167 3548 2321 3597 castra
2346 3548 2456 3610 alii,
2484 3547 2568 3610 qui
2590 3550 2640 3597 et
2658 3561 2808 3611 equoe
2834 3551 3006 3598 curant
3040 3551 3185 3611 atque
3210 3561 3344 3597 arma
3374 3552 3658 3611 extergant,
3683 3556 3736 3603 et

582 3629 629 3672 9.
651 3620 923 3671 Secundum
937 3634 1084 3684 genus
1097 3622 1827 3685 hominumpostsopbistassunt
1837 3624 2075 3685 agricolae,
2164 3623 2440 3687 elephantos
2480 3624 2694 3687 ducunt,
2737 3626 2790 3675 et
2824 3638 2994 3675 currus
3037 3624 3283 3675 instruunt
3328 3638 3386 3675 ac
3429 3627 3732 3688 gubernant.

522 3697 813 3760 quiquidem
830 3712 1031 3749 numero
1049 3700 1253 3761 reliquas
1271 3699 1498 3749 Indorum
1514 3699 1667 3749 tribus
1684 3699 1824 3762 longe
1837 3703 2075 3763 superant.
2167 3702 2233 3762 (4)
2273 3703 2368 3766 Ipsi
2393 3715 2539 3766 vero,
2567 3716 2718 3767 quum
2748 3702 3025 3754 bellandum
3053 3704 3147 3757 est.
3186 3703 3418 3753 bellant·
3457 3704 3732 3755 constituta

520 3775 583 3825 m
604 3787 758 3838 neque
776 3789 908 3826 arma
925 3777 1133 3839 liabent,
1161 3777 1336 3840 quibus
1356 3777 1405 3826 in
1425 3778 1548 3826 bello
1561 3779 1777 3839 utantur,
1797 3791 1953 3840 neque
1968 3777 2075 3827 bel-
2164 3782 2325 3829 autem
2345 3793 2461 3842 pace
2475 3780 2741 3842 iucundam
2766 3782 2912 3842 atque
2947 3781 3152 3830 alacrem
3177 3780 3326 3830 vitam
3361 3779 3566 3840 degunt,
3604 3782 3730 3829 tan·

521 3854 637 3903 licas
662 3868 739 3904 res
777 3858 999 3906 curant.
1018 3856 1099 3906 sed
1128 3870 1265 3920 agros
1300 3856 1492 3917 colunt,
1526 3857 1578 3906 et
1609 3855 1797 3919 regibus
1822 3856 2077 3918 liberisque
2164 3860 2365 3919 tumque
2382 3858 2602 3920 stipendii
2625 3859 2692 3909 eis
2715 3871 2776 3908 ex
2794 3858 2989 3922 publico
3007 3858 3166 3921 datur,
3189 3862 3249 3908 ut
3269 3872 3326 3908 ex
3347 3870 3401 3906 eo
3417 3856 3559 3905 etiam
3588 3857 3728 3908 alios

520 3933 722 3982 urbibus
753 3933 934 3982 tributa
955 3933 1195 3996 pendunt3
1239 3934 1336 3995 (to)
1360 3935 1407 3983 et
1438 3933 1479 3983 si
1514 3932 1736 3983 intestina
1772 3934 1898 3983 inter
1934 3934 2078 3983 indos
2165 3934 2414 3983 commode
2433 3934 2560 3985 alere
2581 3934 2777 3998 possint.

520 3994 645 4059 bella
668 4010 906 4071 incidant,
926 4023 1016 4060 nec
1033 4010 1144 4059 licet
1165 4009 1398 4058 militibus
1421 4022 1591 4059 manus
1617 4010 1809 4072 injicere
1827 4010 2075 4073 agricolis,
2228 4017 2273 4059 5.
2309 4014 2510 4061 Sextum
2533 4025 2681 4077 genus
2707 4013 2780 4062 est
2810 4012 3139 4075 episcoporum
3161 4012 3264 4063 sive
3281 4009 3634 4073 inquisitorum
3659 4016 3730 4063 ut

520 4100 678 4149 neque
697 4088 852 4150 ipsum
874 4100 1041 4149 agrum
1056 4088 1259 4136 vastare.
1280 4085 1370 4136 Sed
1391 4085 1467 4135 alii
1488 4087 1609 4135 inter
1632 4099 1685 4136 se
1703 4086 1881 4137 bellum
1906 4089 2077 4150 gerunt
2167 4090 2414 4138 vocantur.
2481 4090 2541 4138 111
2560 4088 2708 4152 quid
2694 4102 2743 4138 18
2761 4089 2887 4152 agris
2903 4091 3071 4151 agatur
3088 4089 3364 4152 inquirunt,
3408 4100 3560 4150 eaque
3599 4090 3733 4151 regi-

520 4177 717 4227 seseque
739 4167 911 4213 mutuo
933 4162 1227 4213 interficiunt
1258 4164 1404 4226 prout
1440 4176 1516 4211 res
1542 4164 1651 4224 dat3
1689 4164 1769 4213 8111
1798 4164 1937 4227 juxta
1969 4164 2077 4214 illos

520 4241 778 4304 tranquille
796 4243 881 4290 aut
901 4242 1066 4301 arant,
1086 4241 1168 4288 aut
1193 4240 1350 4302 fruges
1367 4240 1624 4302 colligunt,
1645 4244 1731 4290 aut
1754 4253 1897 4304 poma
1924 4241 1984 4291 ab
2001 4254 2074 4290 ar·

519 4317 715 4368 boribus
736 4317 1010 4375 decutiunt,
1027 4320 1112 4365 aut
1126 4318 1265 4366 messi
1293 4319 1485 4369 vacant.

2164 4167 2281 4227 11118,
2310 4169 2349 4217 81
2374 4181 2457 4231 per
2468 4181 2603 4229 reges
2620 4168 2961 4232 gubernantur,
2988 4170 3073 4218 aut
3093 4168 3470 4230 magistratibus,
3495 4166 3535 4215 si
3556 4166 3733 4219 liberae

2164 4244 2380 4294 civitates
2396 4247 2536 4307 suut,
2561 4244 2861 4294 denuntiant.
2931 4244 3016 4294 1118
3042 4244 3113 4293 tas
3128 4257 3227 4293 non
3250 4247 3322 4293 881
3345 4244 3460 4292 salsa
3483 4256 3571 4305 pro
3592 4246 3730 4294 veris

2163 4321 2489 4370 denuntiare:
2523 4334 2679 4384 neque
2700 4321 2932 4371 Indorum
2956 4322 3209 4384 quisquam
3234 4320 3468 4371 mendacii
3506 4333 3728 4384 unquam

2163 4402 2414 4449 accusatus
2431 4401 2520 4450 881.

2225 4482 2271 4525 6.
2303 4476 2568 4539 Septimum
2587 4488 2735 4539 genus
2752 4477 2823 4527 est
2841 4489 3008 4527 eorum
3036 4476 3117 4538 qui
3137 4476 3197 4525 de
3216 4475 3359 4524 rebus
3385 4475 3443 4523 ad
3465 4486 3734 4525 commune

2163 4551 2511 4615 pertinentibus
2530 4553 2845 4603 consultant.
2873 4552 3019 4616 idque
3043 4553 3120 4602 vel
3140 4565 3253 4601 cum
3269 4564 3408 4614 rege,
3433 4552 3511 4601 vel
3533 4565 3618 4614 per
3639 4564 3732 4599 ur-

589 4404 660 4447 11.
685 4397 900 4446 Tertium
921 4408 1070 4458 genus
1092 4395 1317 4446 ludorum
1351 4399 1463 4446 sunt
1486 4398 1698 4458 pastores
1729 4396 1829 4445 8118
1846 4396 2076 4460 opiliones

520 4474 620 4524 sive
638 4473 869 4533 bubulci,
902 4474 952 4523 et
987 4473 1035 4521 bi
1071 4486 1228 4535 neque
1257 4472 1401 4523 urbes
1425 4486 1579 4535 neque
1601 4486 1746 4536 pagos
1783 4472 2075 4536 inhabitant,

519 4551 602 4601 sed
623 4551 920 4614 vagabundi'
907 4565 955 4601 18
983 4550 1227 4600 montibus
1243 4551 1446 4613 degunt,
1465 4551 1702 4600 tributum
1729 4563 1844 4600 vero
1867 4553 1915 4601 et
1940 4551 1989 4600 111
2013 4566 2075 4602 ex

521 4630 749 4679 armentis
766 4633 815 4680 et
843 4642 1013 4693 pecore
1042 4630 1284 4693 pendunt,
1308 4643 1518 4694 avesque
1540 4632 1590 4681 et
1616 4631 1822 4693 affestae
1857 4631 1979 4681 t'eras
1995 4645 2076 4681 ve·

520 4709 715 4758 uantur.

581 4787 686 4834 ΧΠ.
722 4786 955 4844 Quartum
972 4797 1121 4847 genus
1137 4785 1209 4835 881
1234 4783 1459 4846 opiticum
1477 4784 1527 4834 et
1544 4783 1910 4845 negotiatorum.
1940 4786 2001 4833 Et
2024 4783 2072 4832 bi

521 4873 721 4911 munera
742 4862 934 4924 publica
957 4862 1213 4925 praestant,
1245 4864 1391 4924 atque
1417 4874 1475 4911 ex
1508 4861 1732 4924 operibus
1762 4861 1860 4911 suis
1893 4861 2073 4911 tributa

520 4938 821 5000 persolvunt,
846 4940 903 4988 iis
937 4939 1147 5001 exceptis
1174 4939 1260 5001 qui
1291 4950 1425 4988 arma
1460 4938 1629 4988 bellica
1654 4938 1964 4988 fabricantur.
2034 4938 2071 4988 11

521 5015 649 5065 enim
674 5019 818 5066 etlam
838 5030 896 5067 ex
915 5016 1107 5081 publico
1129 5016 1398 5067 mercedem
1416 5014 1697 5079 accipiunt.
1683 5014 1766 5064 ·in
1788 5016 1881 5065 boc
1901 5029 2073 5078 genere

521 5094 632 5142 suut
657 5093 775 5143 tabri
794 5095 986 5145 navales
1006 5096 1056 5143 et
1079 5097 1239 5144 nautae
1259 5096 1498 5156 quotquot
1516 5092 1713 5142 1111811118
1734 5093 1974 5155 navigant.

586 5178 631 5222 2.
649 5173 878 5231 Quintum
901 5186 1051 5237 genus
1085 5176 1157 5224 881
1179 5173 1523 5224 militantium.
1547 5171 1858 5223 multitudine
1876 5171 2069 5235 quidem

2163 4630 2247 4679 bes
2298 4643 2410 4691 quae
2454 4630 2618 4680 liberoe
2672 4630 2925 4693 imperium
2975 4631 3143 4680 tenent
3191 4642 3302 4678 cum
3351 4628 3722 4690 magistratibus.

2162 4709 2230 4770 (7)
2252 4708 2476 4772 Atquebi
2505 4708 2698 4772 quidem
2721 4721 2922 4759 numero
2944 4708 3085 4771 pauci
3119 4709 3278 4756 sunt.
3299 4705 3384 4755 sed
3411 4704 3647 4767 sapientia
3665 4718 3726 4755 ac

2158 4784 2345 4847 justitia
2377 4785 2570 4849 reliquis
2591 4788 2837 4848 praestant.
2905 4786 2978 4835 Ex
3001 4785 3095 4834 boc
3135 4795 3308 4845 genere
3343 4782 3651 4844 magistratus
3671 4784 3726 4832 et

2163 4862 2408 4923 regionum
2422 4861 2646 4926 praesides
2658 4863 2709 4912 et
2726 4862 2937 4925 praetecti
2960 4863 3008 4911 et
3038 4861 3297 4923 quaestores
3315 4870 3373 4907 ac
3391 4859 3642 4919 copiarum
3670 4862 3730 4908 et

2161 4938 2384 4988 classium
2403 4938 2575 4999 duces,
2596 4952 2654 4989 ac
2677 4939 3020 5002 dispensatores
3040 4939 3090 4987 et
3110 4948 3269 4985 rerum
3287 4935 3582 4985 rusticarum
3601 4947 3724 4984 exa·

2161 5020 2318 5067 ctores
2336 5016 2624 5080 deliguntur.

2223 5098 2269 5143 8.
2309 5094 2537 5158 coniugia
2569 5094 2692 5144 inter
2714 5094 2802 5143 bos
2829 5093 3017 5143 ordines
3038 5091 3307 5155 promiscua
3339 5088 3442 5138 fleri
3473 5089 3609 5138 88188
3627 5092 3719 5139 est.

520 3312 642 3362 dena
666 3312 915 3361 bominum
934 3311 1082 3362 millia
1095 3313 1186 3362 sub
1203 3314 1345 3363 unius
1367 3312 1549 3362 arboris
1566 3313 1735 3363 umbra
1768 3312 2076 3377 delitescere;
2155 3311 2409 3361 erundum
2436 3314 2541 3374 post
2574 3310 2833 3374 agricolas,
2857 3312 2940 3361 sed
2966 3312 3177 3361 maxime
3198 3310 3405 3359 liberum
3441 3313 3594 3373 atque
3630 3310 3736 3359 818-

2162 5176 2324 5234 Neque
2337 5172 2466 5222 enim
2483 5171 2595 5222 licet
2617 5170 2823 5234 exempli
2841 5183 2983 5221 causa
2995 5168 3211 5233 agricolae
3224 5179 3284 5217 ex
3303 5165 3532 5229 opiticum
3549 5164 3731 5217 ordine
