4016 5916
1632 333 1731 393 DE
1775 336 2016 398 REBUS
2057 340 2422 404 PUBLlClS.

429 474 552 525 οων,
577 457 816 512 alterum
838 452 972 533 Περὶ
1006 456 1109 512 τῶν
1138 456 1191 513 ἐν
1214 453 1435 516 Ἑλλάδι
1469 457 1669 518 πόλεων
1691 461 1782 538 (v.
1810 484 1979 540 supra

425 562 484 616 p.
532 542 703 619 198).
753 544 1001 599 Titulum
1052 541 1186 622 Περὶ
1225 544 1498 603 πολιτειῶν
1537 550 1607 605 ab
1650 565 1979 627 excerptore

424 631 743 704 profectum
778 630 990 701 videri,
1026 650 1201 705 quum
1230 652 1349 689 non
1374 636 1673 709 probabile
1707 641 1777 694 sit
1801 643 1982 697 Hera-

426 718 633 773 elidem
677 730 881 792 praeter
921 738 1063 794 opus
1100 718 1233 799 Περὶ
1274 723 1378 778 τῶν
1418 723 1472 780 ἐν
1509 720 1730 782 Ἑλλάδι
1770 724 1977 785 πόλεων

423 823 670 860 seorsum
690 807 853 862 etiam
874 805 1148 873 Πολιτείας
1160 809 1452 883 scripsisse.
1468 813 1675 867 Verum
1691 815 1977 871 enimvero

425 905 712 949 auctorem
741 896 919 949 nostri
948 895 1125 951 libelli
1162 915 1282 952 non
1313 899 1431 971 ipsa
1461 901 1772 957 Heraclidis
1801 921 1975 978 opera

422 998 715 1054 usurpasse
754 981 844 1056 (id
880 983 1029 1037 enim
1070 983 1286 1040 ordinis
1322 985 1603 1044 desectum
1634 1006 1753 1043 non
1784 990 1978 1047 admit·

422 1070 612 1143 tere),
651 1068 750 1124 sed
783 1088 910 1125 oevo
945 1072 1149 1139 medio,
1196 1090 1370 1145 quum
1406 1075 1622 1151 integra
1669 1079 1978 1135 Heraclidis

424 1175 594 1231 opera
612 1156 829 1212 dudum
846 1159 1158 1232 periissent,
1181 1158 1491 1235 fragmenta
1513 1180 1713 1219 eorum
1721 1166 1811 1220 vel
1827 1167 1970 1221 eclo-

421 1263 515 1319 gas
536 1245 627 1300 hic
658 1245 773 1301 illic
796 1247 856 1300 in
890 1247 1054 1301 variis
1088 1246 1244 1302 libris
1277 1246 1519 1323 dispersa
1550 1251 1852 1326 collegisse.

422 1394 427 1403 ι
500 1332 747 1393 Caurus
769 1333 809 1388 l.
837 1333 876 1388 l.
905 1351 966 1408 p.
993 1330 1094 1410 ρνζ’
1125 1336 1201 1390 ita
1230 1335 1400 1391 habet
1428 1355 1442 1391 z
1470 1333 1705 1406 Λαλήσω
1731 1335 1849 1415 περὶ
1882 1342 1973 1395 τοῦ

421 1415 827 1495 συγγράμματος
855 1420 1011 1476 αὐτοῦ
1045 1419 1063 1497 (
1088 1417 1429 1499 Ἡρακλείδου
1448 1427 1539 1480 τοῦ
1569 1423 1855 1502 Ποντικοῦ)
1881 1428 1971 1482 τοῦ

425 1503 839 1583 ἒπιγραφομένου
870 1504 1006 1584 Περὶ
1033 1507 1325 1567 πολιτειῶν.
1351 1510 1444 1575 Εἷς
1478 1507 1545 1567 τὰ
1573 1507 1840 1587 σωζόμενα
1880 1510 1971 1569 καὶ

422 1591 725 1668 ἐκδιδόμενα
755 1591 858 1649 ἀπὸ
880 1597 1032 1651 τοῦτο
1059 1592 1279 1674 λείψανα
1314 1595 1397 1654 δὲν
1426 1596 1614 1676 ἔχομεν
1638 1595 1795 1656 πλέον
1824 1598 1969 1677 παρὰ

419 1678 638 1753 ἀληθινὰ
667 1678 887 1759 λείψανα
906 1724 922 1752 ,
962 1681 1052 1739 καὶ
1076 1681 1260 1760 σχεδὸν

1179 1837 1277 1885 ἀντὶ
1303 1838 1513 1901 φιλτάτης

509 1910 679 1966 μορφῆς
692 1941 707 1965 ,
724 1905 896 1953 σποδόν
915 1923 964 1955 τε
987 1908 1065 1955 καὶ
1087 1909 1224 1955 σκιὰν
1240 1908 1466 1971 ἀνωφελῆ.

494 2037 564 2090 Et
585 2038 773 2110 paullo
791 2048 918 2111 post
948 2058 961 2093 ε
986 2038 1077 2103 Εἰς
1103 2037 1272 2095 πολλὰ
1297 2036 1431 2118 μέρη
1461 2036 1697 2118 φαίνεται
1724 2037 1803 2097 ὅτι
1829 2037 1967 2106 ὅστις

416 2120 688 2196 ἑπέτεμε
713 2121 1663 2207 τὸσύγγραμμαῆσυνήθροισε
1686 2124 1763 2185 τὰ
1785 2129 1964 2208 εὓρη-

415 2206 517 2267 aiv
533 2230 608 2266 τα
632 2209 699 2267 λε
715 2208 859 2290 ίψαν
875 2234 907 2267 α
925 2210 1153 2286 ,ἤλλαξε
1174 2211 1264 2270 καὶ
1286 2211 1381 2283 τὴν
1397 2213 1584 2295 φράσιν
1605 2214 1695 2272 καί
1716 2208 1842 2273 ποτέ
1874 2213 1965 2273 καὶ

413 2293 510 2367 τὴν
539 2293 768 2355 ἐσκότισε
798 2294 861 2373 μὲ
889 2296 984 2369 τὴν
1023 2298 1297 2377 ἀσάφειαν.
1325 2301 1485 2358 Idem
1517 2314 1712 2376 postea
1738 2306 1795 2358 in
1819 2306 1960 2359 Pro-

415 2385 719 2460 legomenis
765 2387 836 2442 ad
877 2389 1187 2444 Aristotelis
1230 2390 1466 2446 Politica
1519 2390 1711 2465 (Paris
1758 2391 1899 2447 1821
1934 2389 1950 2468 )

413 2490 473 2545 p.
517 2469 567 2547 γ’
604 2475 789 2547 posuit
815 2474 930 2530 haec
967 2491 980 2531 :
1013 2471 1165 2532 Ἀπὸ
1190 2470 1300 2539 τὰς
1332 2480 1444 2533 τοῦ
1476 2474 1962 2554 Ἀριστοτέλους

412 2556 765 2624 πολιτείας
804 2558 1017 2616 πιθανὸν
1056 2556 1134 2616 ὅτι
1174 2559 1520 2636 συνηρανίσθη
1550 2560 1609 2619 τὸ
1639 2560 1959 2641 σύγγραμμα

411 2642 446 2715 ἢ
481 2645 679 2720 μᾶλλον
719 2644 871 2726 μέρος
899 2644 1308 2727 συγγράμματος
1342 2652 1435 2706 τοῦ
1467 2647 1812 2728 Ἡρακλείδου
1841 2649 1959 2729 περὶ

408 2733 681 2790 πολιτειῶν
704 2731 794 2791 καὶ
825 2733 957 2803 αὐτὴ
985 2738 1076 2791 τοῦ
1105 2739 1461 2810 Δαμασκηνοῦ
1490 2735 1751 2795 Νικολάου
1772 2740 1805 2807 ἡ
1842 2739 1959 2797 Πα-

409 2818 635 2900 ραδόξων
677 2824 803 2879 ἐθῶν
839 2820 1131 2899 συναγωγή.
1164 2826 1429 2880 Similiter
1472 2826 1856 2883 Gnassuorms
1898 2829 1957 2881 in

404 2910 589 2966 Jahns
607 2908 809 2967 Jahrb.
842 2909 1018 2986 1829,
1046 2922 1184 2968 tom.
1214 2913 1272 2968 X
1292 2954 1308 2983 ‚
1334 2931 1463 2988 2,p.
1498 2931 1604 2986 172
1637 2930 1653 2972 t
1680 2938 1704 2964 «
1737 2916 1959 2970 Recen-

405 3008 527 3053 sent
552 2998 683 3052 haelt
710 2997 822 3053 den
844 3000 1167 3055 Heraclides
1191 3002 1458 3057 Ponticus
1475 3001 1566 3056 fiir
1597 3004 1763 3057 einen
1788 3002 1952 3058 Com·

403 3086 614 3159 pilator
655 3085 752 3142 des
785 3088 1136 3156 Aristoteles,
1170 3086 1313 3143 oder
1354 3089 1622 3164 richtiger
1664 3088 1756 3144 die
1790 3100 1957 3145 unter

338 3171 345 3178 '
403 3176 611 3230 seinem
637 3176 851 3229 Namen
889 3175 1290 3232 vorhandenen
1330 3179 1664 3253 Fragmente
1692 3178 1784 3233 fiir
1822 3181 1948 3235 eine

406 3261 777 3336 mangelhafte
820 3262 1200 3337 Co‘⁸pilation
1245 3282 1342 3320 aus
1382 3263 1493 3320 den
1543 3266 1819 3321 Politieen
1858 3265 1957 3322 des

406 3348 749 3406 Aristoteles.
790 3373 814 3400 ι
864 3350 1117 3407 Eandem
1157 3353 1488 3408 sententiam
1516 3353 1682 3408 etiam
1715 3354 1953 3409 Sensu-

405 3453 669 3492 ntwmus
703 3438 1058 3510 amplectitur
1093 3449 1149 3493 et
1188 3437 1393 3494 additis
1421 3440 1760 3514 argumentis
1795 3458 1956 3495 com-

403 3525 648 3599 probare
678 3523 883 3582 studet.
924 3526 1149 3581 Etenim
1181 3536 1480 3599 postquam
1519 3545 1725 3601 genera
1762 3545 1951 3584 rerum

405 3629 528 3684 quae
554 3612 615 3665 in
652 3612 983 3667 Aristoteliis
1020 3610 1307 3669 Πολιτειῶν
1335 3614 1656 3689 fragmentis
1698 3613 1944 3671 afferun-

402 3708 516 3767 tur,
554 3699 858 3769 recensuit,
914 3697 986 3754 ad
1024 3701 1287 3755 Nostrum
1322 3719 1380 3756 se
1424 3711 1755 3757 convertens
1795 3704 1870 3758 ait
1928 3723 1943 3758 τ

410 3809 434 3833 α
466 3785 633 3840 Illum
687 3804 857 3860 quem
896 3797 1130 3842 conatus
1168 3806 1291 3844 sum
1318 3788 1601 3844 delineare
1639 3790 1950 3846 Aristotelii

403 3875 589 3946 operis
622 3873 876 3929 habitum
916 3884 1288 3948 ornatumque
1330 3876 1429 3947 qui
1465 3885 1652 3931 mente
1690 3894 1952 3951 compre-

398 3959 662 4016 henderit
682 4002 698 4028 ‚
724 3962 769 4016 is
790 3961 891 4016 ubi
919 3962 992 4016 ad
1016 3962 1410 4018 Heraclideum
1434 3962 1645 4017 librum
1672 3963 1945 4034 devertet,

401 4048 864 4121 comparabitque
893 4048 1068 4104 libelli
1099 4048 1257 4104 dotes
1285 4068 1413 4103 cum
1444 4051 1775 4104 Aristoteliis
1808 4052 1945 4120 illis,

396 4136 665 4209 pusillum
708 4136 952 4209 aliquem
992 4137 1348 4191 Aristotelem
1385 4147 1668 4211 agnoscet.
1709 4138 1947 4194 Tametsi

400 4234 670 4296 quantum
706 4233 981 4279 mutatum
1009 4224 1079 4280 ab
1110 4223 1236 4278 illo!
1265 4226 1378 4280 Pro
1419 4225 1640 4299 integro
1668 4234 1724 4280 et
1756 4224 1946 4280 valido

398 4331 644 4387 corpore
678 4314 863 4388 imago
896 4323 1151 4369 occursat
1175 4312 1424 4369 marcida
1456 4323 1511 4368 et
1535 4313 1895 4369 semimortua
1925 4331 1942 4372 ε

398 4400 565 4457 facies
604 4411 794 4456 tamen
820 4400 1117 4476 voltusque
1144 4402 1183 4456 ii
1202 4442 1218 4472 ,
1255 4411 1319 4457 ut
1355 4400 1427 4458 de
1451 4402 1686 4475 pristina
1717 4403 1946 4457 sanitate

397 4486 777 4559 conjecturam
804 4488 1008 4561 capias.
1039 4511 1065 4538 ο
1091 4518 1171 4531 —-

483 4599 507 4624 α
546 4573 821 4632 Gliscente
848 4576 1207 4633 multitudine
1232 4576 1512 4633 librorum
1548 4587 1828 4651 auctoque
1862 4577 1948 4632 le-

394 4661 564 4737 gendi
584 4663 1074 4738 cognoscendique
1088 4665 1284 4721 labore
1304 4684 1475 4739 quum
1496 4665 1739 4738 antiquis
1758 4664 1947 4719 homi-

392 4750 561 4807 nibus
580 4750 756 4806 multa
776 4751 1083 4807 multorum
1104 4754 1290 4826 ampla
1314 4753 1601 4808 volumina
1624 4749 1941 4807 difficiliora

396 4845 639 4894 tractatu
668 4849 724 4894 et
759 4839 1084 4895 molestiora
1109 4840 1458 4910 viderentur,
1490 4839 1703 4895 inventi
1728 4848 1943 4894 mature

391 4935 521 4981 sunt
542 4926 641 5000 qui
662 4925 888 4999 majoris
911 4926 1149 4983 ambitus
1164 4927 1370 5000 scripta
1392 4927 1448 4980 in
1475 4927 1755 5000 angustius
1774 4944 1942 4982 coar-

393 5020 577 5068 tarent
614 5014 803 5087 itaque
848 5013 920 5070 ad
953 5032 1211 5088 saporem
1245 5014 1400 5088 vulgi
1440 5012 1744 5069 redderent
1783 5012 1941 5068 habi·

390 5097 554 5160 liora.
606 5103 859 5176 Suntque
910 5104 1074 5160 multi
1128 5103 1425 5177 scriptores
1479 5095 1939 5179 πολυγραφώτεροι

3506 362 3618 413 203

2068 489 2136 525 eo
2165 471 2340 527 modo
2371 475 2599 529 concisi.
2621 475 2690 529 Et
2718 477 3022 532 Aristotelii
3049 478 3278 551 quidem
3317 480 3446 535 libri
3471 500 3620 554 quo·

2067 558 2217 611 niam
2266 558 2382 613 fere
2436 559 2767 633 grandiores
2818 574 3015 632 erant,
3066 563 3181 635 jam
3233 583 3267 620 a
3333 565 3624 641 discipulis

2067 646 2292 719 excerpi
2324 648 2494 720 coepti
2541 659 2697 717 sunt,
2741 667 2794 704 v.
2839 652 3130 724 Koppium
3181 652 3322 709 Mus,
3357 655 3613 711 Rhenan.

2066 732 2185 802 111,
2238 750 2270 787 2
2319 751 2384 806 p.
2443 751 2546 788 101
2595 752 2720 808 sqq.
2775 736 2865 791 Sic
2914 738 3248 811 amplissima
3287 740 3618 797 Politiarum

2065 818 2356 876 volumina
2391 820 2450 875 in
2481 838 2661 895 pauca
2698 824 3010 879 contulerat
3046 826 3233 880 nescio
3271 828 3395 899 quis
3438 829 3616 885 Hera·

2066 905 2257 964 clides.
2307 906 2417 963 Sed
2471 910 2739 981 quoniam
2784 912 2874 965 vel
2918 929 2982 967 ea
3027 922 3290 986 excerpta
3337 913 3620 971 inferioris

2064 994 2237 1048 aetatis
2256 996 2693 1069 magistellorum
2724 1009 2950 1072 captum
2975 999 3352 1071 excedebant,
3385 1000 3489 1056 suit
3517 1005 3614 1076 qui

2065 1079 2395 1137 Heraclidea
2445 1101 2641 1139 rursus
2706 1085 3095 1154 contraheret,
3152 1088 3325 1142 homo
3385 1091 3616 1146 nomine

2061 1166 2316 1240 ignotus,
2346 1168 2445 1224 sed
2476 1172 2770 1244 imperitus
2792 1174 3052 1246 profecto
3078 1184 3131 1228 et
3157 1175 3500 1247 antiquitatis
3520 1178 3615 1232 vix

2063 1256 2428 1314 mediocriter
2455 1278 2678 1333 gnarus.
2715 1262 2779 1316 Ei
2810 1261 3048 1317 debetur
3076 1261 3360 1334 quidquid
3386 1262 3498 1318 hoc
3536 1276 3616 1320 est

2065 1343 2271 1415 libelli,
2304 1363 2420 1418 quo
2449 1347 2567 1402 sere
2593 1347 2806 1403 librarii
2833 1347 3055 1402 ultimas
3081 1349 3327 1421 pagellas
3350 1349 3612 1405 codicum

2060 1431 2266 1486 AEliani
2295 1435 2422 1490 Var.
2458 1435 2599 1488 Hist.
2624 1436 2851 1507 explere
2883 1435 3029 1489 soliti
3055 1446 3202 1489 sunt.
3231 1437 3393 1490 Nunc
3417 1454 3484 1491 ex
3508 1438 3618 1493 hac

2060 1534 2380 1591 pannorum
2400 1521 2644 1576 exilitate
2668 1522 2988 1577 Aristotelia
3013 1522 3296 1595 opulentia
3327 1542 3470 1597 aegre
3495 1526 3610 1580 col·

2058 1605 2269 1677 ligitur.
2319 1607 2536 1681 Nempe
2573 1609 2785 1680 pariter
2821 1626 2889 1663 ex
2917 1608 3095 1663 Paulli
3135 1612 3400 1665 ramentis
3432 1614 3612 1669 Verrii

2059 1692 2241 1747 Flacci
2280 1694 2458 1765 coplae
2498 1705 2810 1751 censentur.
2854 1695 3170 1765 Summus,
3208 1705 3321 1750 tam
3362 1698 3610 1771 iniquam

2063 1778 2348 1835 fortunam
2373 1779 2539 1836 fuisse
2558 1823 2574 1851 ‚
2603 1793 2669 1836 ut
2695 1783 2784 1837 vel
2806 1784 2952 1838 Festi
2982 1784 3267 1857 epitomen
3289 1784 3454 1840 nobis
3476 1786 3612 1840 invi-

2051 1864 2254 1934 disset,
2288 1885 2398 1939 qua
2423 1885 2682 1942 magnam
2701 1880 2918 1943 partem
2942 1880 3156 1925 servata
3187 1871 3436 1925 laetamur
3463 1890 3477 1928 ι
3511 1892 3610 1927 ec-

2060 1953 2185 2024 quis
2232 1952 2303 2007 de
2337 1955 2518 2011 Verrii
2555 1955 2738 2009 Flacci
2771 1955 2997 2028 copiosa
3030 1966 3086 2011 et
3116 1956 3334 2012 erudita
3362 1957 3607 2031 disputa·

2056 2039 2210 2094 tione
2249 2057 2318 2095 ex
2355 2040 2532 2095 Paulli
2567 2042 2805 2114 penuria
2837 2039 3116 2113 judicium
3155 2043 3302 2098 serre
3339 2044 3612 2100 auderet?

2054 2126 2218 2181 Nunc
2235 2126 2401 2198 hujus
2427 2129 2693 2183 misellam
2717 2130 3044 2185 brevitatem
3073 2149 3198 2185 cum
3231 2131 3441 2186 lautitia
3461 2134 3605 2189 Festi

2053 2213 2504 2285 comparantibus
2513 2216 2693 2269 Verrii
2705 2215 2908 2285 Flacci,
2923 2234 2953 2271 a
2963 2234 3079 2289 quo
3089 2216 3206 2271 haec
3220 2214 3601 2289 defluxerunt,

2051 2297 2322 2354 laetissima
2342 2300 2569 2356 ubertas
2597 2303 2752 2375 quasi
2779 2320 2885 2376 per
2907 2302 3170 2357 nebulam
3208 2305 3492 2375 aspicitur.
3514 2306 3602 2361 Sic

2053 2385 2519 2442 Heraclideorum
2543 2400 2936 2463 excerptorum
2961 2391 3206 2463 epitoma
3231 2409 3356 2445 cum
3387 2393 3608 2447 Aristo·

2052 2473 2195 2527 teliis
2236 2474 2487 2547 reliquiis
2531 2477 2734 2532 collata
2775 2487 3039 2550 quantam
3077 2479 3136 2531 in
3173 2480 3391 2551 integro
3432 2498 3603 2552 opere

2049 2557 2345 2616 fecerimus
2366 2561 2642 2633 jacturam
2671 2564 3024 2619 manifestum
3053 2563 3260 2619 reddit.
3295 2588 3317 2613 ι»

2127 2647 2196 2700 In
2228 2649 2590 2721 sequentibus
2631 2650 3089 2705 Schneidewinus
3127 2661 3422 2724 postquam
3469 2655 3604 2708 vitia

2047 2737 2353 2804 recensuit,
2382 2737 2586 2809 quibus
2620 2739 2897 2812 Excerpta
2926 2738 3213 2807 laborant,
3237 2740 3421 2812 pergit
3452 2739 3602 2794 hunc

2046 2821 2104 2876 in
2125 2822 2358 2878 modum
2384 2841 2400 2881 τ
2425 2849 2450 2875 ιι
2477 2826 2561 2880 Ita
2580 2843 2753 2897 quum
2781 2826 3039 2897 profecto
3065 2843 3182 2880 non
3203 2824 3495 2899 magnifice
3527 2827 3599 2882 de

2045 2921 2375 2984 excerptore
2391 2912 2645 2983 sentiam,
2668 2912 2818 2968 idem
2837 2923 3023 2969 tamen
3037 2911 3324 2968 descivisse
3353 2913 3512 2968 illum
3528 2914 3598 2969 ab

2043 2998 2296 3053 instituto
2314 3000 2401 3055 vel
2416 3001 2822 3056 Aristotelisvel
2837 2999 3166 3068 Heraclidis,
3181 2999 3600 3072 disputationis-

2044 3103 2154 3157 que
2175 3086 2431 3142 ordinem
2452 3100 2508 3143 et
2521 3090 2796 3144 rationem
2813 3089 3069 3144 evertisse
3087 3088 3223 3141 mihi
3244 3105 3598 3160 nonpossum

2040 3173 2394 3243 persuadere.
2436 3176 2848 3249 Excerptorum
2874 3177 3025 3230 enim
3061 3186 3141 3230 est
3180 3174 3493 3230 ubertatem
3531 3173 3597 3231 li·

2040 3259 2279 3317 brorum
2325 3264 2811 3336 excerpendorum
2849 3274 3179 3332 extenuare,
3218 3264 3370 3318 salvo
3400 3263 3600 3319 ordine

2041 3366 2248 3405 rerum.
2279 3350 2437 3406 Ordo
2465 3361 2651 3406 autem
2672 3392 2688 3419 ,
2718 3360 2990 3423 quantum
3018 3351 3077 3404 in
3111 3351 3304 3424 paullo
3341 3350 3604 3423 locuple-

2044 3437 2280 3491 tioribus
2303 3439 2580 3511 excerptis
2604 3438 2968 3511 conspicitur,
3006 3438 3051 3492 is
3078 3448 3186 3508 est,
3211 3427 3277 3491 ut
3306 3439 3604 3509 praemissis

2040 3524 2464 3597 antiquitatibus
2485 3524 2831 3597 historiaque
2860 3524 3146 3579 civitatum
3172 3521 3377 3577 deinde
3405 3523 3478 3578 ad
3509 3526 3593 3579 in-

2038 3612 2231 3667 stituta
2268 3617 2323 3667 et
2356 3630 2544 3667 mores
2570 3623 2626 3667 ct
2664 3613 2709 3666 si
2751 3629 2862 3684 qua
2899 3620 3171 3684 praeterea
3208 3609 3598 3666 memorabilia

2037 3698 2388 3770 inciderunt,
2415 3696 2514 3754 fiat
2539 3698 2820 3754 transitus.
2870 3722 2895 3747 υ
2941 3696 3161 3753 Deinde
3201 3695 3274 3752 ad
3320 3714 3592 3752 summam

2030 3802 2155 3841 rem
2173 3786 2443 3843 accedens
2458 3785 2919 3843 Schneidewinus
2932 3785 3189 3840 evincere
3207 3782 3413 3854 studet,
3432 3784 3588 3858 quod

2035 3873 2325 3947 hucusque
2351 3874 2572 3930 nonnisi
2603 3873 2821 3947 posuit,
2852 3872 3062 3928 scilicet
3093 3870 3404 3927 Heraclidis
3444 3870 3594 3946 frag·

2034 3973 2220 4016 menta
2258 3962 2446 4017 omnia
2492 3961 2562 4015 ab
2605 3960 2902 4016 Aristotele
2937 3967 3166 4032 accepta
3196 3974 3329 4016 esse.
3360 3956 3429 4012 Id
3457 3977 3592 4014 vero

2036 4047 2406 4107 demonstrari
2432 4049 2510 4104 ait
2538 4065 2606 4103 eo
2625 4089 2642 4118 ,
2670 4046 2828 4120 quod
2859 4044 3192 4101 Heraclidea
3222 4063 3350 4100 cum
3370 4045 3594 4100 Aristo-—

2037 4138 2178 4193 teliis
2218 4148 2530 4212 congruant
2557 4136 2884 4207 ubicunque
2910 4134 3028 4189 ltaec
3055 4152 3182 4188 cum
3215 4133 3320 4186 illis
3353 4151 3587 4207 compo-

2034 4242 2170 4280 nere
2195 4223 2379 4280 adhuc
2403 4224 2588 4278 liceat.
2625 4222 2955 4278 Recensebo
2978 4221 3216 4295 singula.

2111 4312 2331 4386 Fragm.
2363 4330 2383 4365 1
2399 4351 2415 4379 ,
2439 4329 2462 4364 1
2501 4311 2666 4364 Iones
2684 4308 2755 4363 ab
2775 4310 2916 4363 Ione
2941 4325 3150 4362 nomen
3168 4306 3401 4362 habent.
3421 4305 3578 4362 Idem

2032 4398 2293 4453 novimus
2329 4416 2400 4454 ex
2441 4397 2760 4454 Aristotele.
2813 4427 2895 4439 —
2932 4397 3028 4452 Fr.
3084 4413 3107 4448 1
3132 4435 3147 4462 ,
3184 4393 3219 4449 6
3282 4393 3588 4448 Pisistratus

2036 4486 2108 4543 33
2148 4505 2323 4543 annos
2361 4486 2635 4561 regnavit.
2668 4484 2958 4540 Consentit
2998 4482 3321 4539 Aristoteles
3353 4482 3479 4536 Pol.
3514 4483 3582 4548 V,

2033 4593 2102 4649 9,
2129 4573 2225 4630 23.
2251 4606 2328 4617 —
2355 4575 2453 4631 Fr.
2502 4591 2535 4628 α
2554 4614 2570 4641 ,
2602 4578 2634 4638 Ι.
2669 4571 2910 4627 Charilai
2935 4587 3174 4643 regnum
3206 4568 3452 4640 tyrannis
3478 4585 3582 4640 ap-

2030 4663 2292 4735 pellatur,
2311 4672 2376 4717 ut
2394 4658 2546 4734 apud
2567 4661 2798 4715 Aristot.
2828 4658 2951 4716 Pol.
2979 4659 3047 4726 V,
3081 4674 3178 4723 to,
3215 4655 3271 4712 3.
3298 4657 3586 4728 Lycurgus

2031 4744 2284 4827 κρυπτίαν
2309 4748 2574 4815 instituit,
2601 4744 2760 4819 quod
2789 4744 2942 4799 idem
2965 4761 3034 4798 ex
3063 4742 3363 4798 Aristotele
3389 4760 3590 4796 narra-

2031 4848 2125 4892 tur
2145 4835 2216 4892 fr.
2247 4833 2341 4893 80.
2371 4833 2782 4891 Lacedaemonii
2824 4829 3213 4905 Terpandrum
3243 4847 3586 4904 magnopere

2030 4925 2421 4992 honorarunt,
2447 4923 2608 4978 sicuti
2638 4921 2813 4995 liquet
2837 4919 3003 4974 etiam
3031 4937 3100 4974 ex
3125 4919 3359 4974 Aristot.
3387 4916 3456 4973 fr.
3483 4915 3582 4985 87.

2033 5046 2108 5056 -
2132 5012 2227 5067 Fr.
2259 5010 2323 5080 3,
2362 5029 2385 5064 1
2429 5011 2613 5065 Minos
2637 5010 2855 5082 primus
2880 5006 3227 5064 Cretensium
3272 5004 3581 5076 legislator.

2027 5102 2113 5155 De
2152 5098 2348 5155 eadem
2377 5116 2439 5153 re
2477 5096 2798 5152 Aristoteles
2837 5095 2961 5151 Pol.
2998 5095 3090 5160 11,
3126 5112 3180 5162 7.
3211 5124 3287 5136 —
3313 5093 3408 5148 Fr.
3446 5090 3507 5150 5.
3547 5109 3584 5144 2
