4016 5916
477 414 551 464 ιο
1235 368 1241 375 ’
1557 397 1950 457 nassonoai
1997 396 2567 456 nssnxctssaxsls

578 542 714 591 Ἔστι
742 542 791 589 δέ
808 559 876 596 τις
895 540 1051 599 Νύση,
1068 540 1244 588 ὕπατον
1260 538 1396 601 κέρας
1420 537 1576 585 ἀνθέον
1590 538 1677 598 ὕλῃ
1690 572 1705 597 ,

577 613 718 669 τηλοῦ
751 610 993 672 Φοινίκης,
1014 610 1186 672 σχεδὸν
1209 608 1464 671 Αἰγύπτοιο
1481 606 1651 670 ῥοάων.

455 752 523 813 ‘O
553 751 606 810 δὲ
638 749 915 815 Καύκασος
957 747 1123 820 διήκει
1166 746 1271 806 ἀπὸ
1295 751 1387 819 τῆς
1415 745 1694 826 Ἀρμενίων
1718 746 1894 826 χώρας
1923 743 2019 810 ἕως

456 839 700 918 Κόλχων·
733 842 767 908 ἡ
799 835 852 894 δὲ
893 835 1158 916 Σερὸωνὶς
1182 833 1344 913 λίμνη
1377 833 1631 892 διάκειται
1653 833 1772 913 περὶ
1807 832 1867 891 τὸ
1893 836 1998 904 Πη·

456 928 657 988 λούσιον
686 930 777 997 τῆς
804 922 1095 1004 Αἰγύπτου.

533 1020 666 1072 Haec
704 1025 833 1070 sunt
880 1013 1229 1087 excerptoris
1281 1013 1426 1068 male
1468 1013 1879 1082 contrahentis,
1922 1022 2019 1066 aut

453 1105 647 1159 scribae
673 1104 772 1176 qui
798 1119 1010 1156 nomen
1035 1100 1248 1155 laudati
1283 1111 1468 1174 poetae
1493 1102 1831 1173 corruperit.
1881 1102 2018 1154 Eos-

456 1192 588 1247 dem
613 1209 803 1246 versus
831 1207 899 1245 ex
919 1189 1132 1262 hymno
1163 1188 1222 1241 in
1240 1188 1521 1242 Bacchum
1547 1189 1756 1260 petitos
1785 1199 1869 1242 ter
1892 1188 2019 1243 lau-

460 1279 556 1334 dat
587 1278 876 1334 Diodorus
917 1275 1014 1351 (1,
1050 1273 1140 1344 15,
1176 1294 1232 1345 73
1263 1277 1380 1344 111,
1413 1274 1510 1345 66,
1544 1275 1603 1344 33
1629 1277 1735 1344 IV,
1761 1294 1828 1343 2,
1859 1282 1912 1345 43
1942 1275 2015 1330 cf.

459 1367 792 1441 wesseling.
826 1377 965 1420 tom.
995 1365 1077 1433 11,
1096 1383 1156 1437 p.
1192 1361 1304 1418 556
1343 1361 1436 1417 ed.
1460 1363 1587 1436 Bip.
1616 1363 1633 1438 )
1659 1381 1727 1417 ex
1746 1363 2019 1435 Dionysio

454 1453 663 1507 scilicet
690 1452 1005 1525 Mytilenaeo
1024 1490 1040 1518 ,
1067 1466 1238 1522 quem
1268 1450 1556 1522 Apollonii
1588 1449 1880 1503 scholiasta
1913 1466 2015 1502 sae-

457 1540 580 1612 pius
608 1539 828 1605 excitat,
854 1537 1120 1609 cujusque
1139 1537 1481 1591 mentionem
1508 1536 1775 1590 excidisse
1803 1547 2017 1609 putem.

455 1627 552 1681 Sin
575 1641 762 1679 versus
800 1622 1130 1678 Herodorus
1153 1622 1372 1692 attulit,
1399 1624 1672 1696 quaeritur
1701 1641 1771 1677 an
1800 1641 1917 1677 non
1949 1622 2020 1676 sit

461 1721 660 1765 auctor
687 1709 821 1765 libri
844 1707 963 1787 περὶ
995 1705 1247 1786 Ὀρφέως.
1286 1711 1549 1765 Ceterum
1585 1708 1658 1763 cf.
1703 1709 2014 1764 Weichert.

459 1797 498 1851 l.
532 1797 571 1854 l.
590 1817 648 1872 p.
691 1795 795 1852 165
821 1815 907 1870 sq.

1194 1906 1290 1962 53.

537 2065 727 2122 Schol.
760 2063 955 2140 Apoll.
985 2064 1098 2120 Rh.
1130 2065 1237 2133 IV,
1284 2063 1354 2135 87
1404 2083 1420 2118 ι
1453 2060 1520 2120 Ὀ
1558 2060 1653 2138 μὲν
1679 2060 2018 2127 Ἀπολλώνιος

460 2151 593 2227 μετὰ
623 2150 680 2209 τὸ
711 2153 887 2230 φυγεῖν
927 2147 1020 2219 τὴν
1052 2148 1296 2219 Μήδειαν
1322 2151 1381 2206 ἐκ
1409 2153 1501 2206 τοῦ
1530 2147 1728 2219 Αἰήτου
1753 2148 1895 2207 οἴκου
1917 2173 2019 2207 πε-

456 2239 643 2311 ποίηκε
689 2234 1104 2317 ὑπιοχνουμένην
1153 2234 1213 2294 τὸ
1263 2240 1403 2303 κῶας
1443 2239 1517 2316 τῷ
1562 2235 1779 2296 Ἰάσονι·
1808 2242 1836 2296 ὁ
1872 2236 1926 2294 δὲ
1951 2236 2017 2294 τὰ

460 2324 817 2386 Ναυπακτικὰ
860 2323 1066 2405 γράψας
1108 2320 1520 2404 συνεκφέρουσαν
1568 2320 1731 2393 αὐτὴν
1778 2326 1916 2381 ποιεῖ
1955 2322 2015 2380 τὸ

1449 2409 1666 2488 ιείμενον
1679 2416 1769 2469 τοῦ
1791 2411 2014 2484 Αἰήτου·

1449 2500 1505 2566 {w
1531 2502 1635 2557 τῶν
1664 2498 2017 2577 Ἀργοναυτῶν

1449 2587 1639 2658 Αἰήτου
1656 2587 1741 2644 ἐπὶ
1769 2586 1828 2645 τὸ
1850 2591 1987 2654 κῶας
2004 2611 2018 2625 ·

1449 2671 1500 2731 ὸν
1545 2672 1800 2752 δράκοντα
1831 2675 1921 2731 καὶ
1959 2674 2017 2733 τὸ

1449 2758 1499 2817 ὃν
1528 2758 1582 2817 δὲ
1613 2759 1748 2843 δόλῳ
1796 2761 2018 2819 καλέσαι

1449 2948 1561 2994 ecto
1597 2936 1669 2994 cf.
1702 2938 2014 3014 Pherecyd.

1366 3097 1375 3102 .
1407 3097 1417 3103 .
1449 3024 1704 3103 ιναυτῶν]
1733 3028 1829 3082 vix
1855 3046 2015 3098 sana3

457 3114 710 3185 suspicor
735 3134 792 3185 μ.
829 3134 880 3169 τ.
916 3113 998 3171 ἄν.
1027 3135 1074 3171 τ.
1103 3110 1296 3189 ἀγρίων
1316 3111 1543 3191 ταύρων,
1576 3124 1863 3190 postquam
1890 3128 2018 3172 tau-

458 3218 552 3255 ros
579 3201 712 3256 istos
724 3200 862 3275 jugo
891 3201 1242 3256 submiserat.

1186 3361 1285 3423 54.

539 3515 701 3571 Idem
721 3517 820 3585 lv,
867 3514 940 3570 86
973 3534 987 3569 :
1020 3511 1088 3572 Ὀ
1136 3511 1231 3590 μὲν
1281 3512 1624 3580 Ἀπολλώνιος
1677 3512 1856 3581 νυκτός
1889 3537 2017 3595 φησι

461 3599 774 3679 πεφευγέναι
797 3599 892 3670 τὴν
921 3598 1163 3670 Μήδειαν
1196 3599 1283 3658 ἐπὶ
1314 3598 1411 3671 τὴν
1438 3605 1588 3673 ναῦν,
1633 3601 1830 3672 Αἰήτου
1860 3601 2015 3660 συνέ-

459 3690 597 3767 δριον
617 3688 821 3766 ἔχοντος
854 3687 1072 3767 Κόλχων
1097 3686 1215 3768 περὶ
1247 3690 1523 3768 διαφθορᾶς
1546 3692 1648 3747 τῶν
1676 3687 1858 3768 ἡρώων
1873 3713 1885 3725 ·
1908 3693 1935 3747 δ
1957 3689 2012 3746 δὲ

458 3774 523 3832 τὰ
540 3774 890 3834 Ναυπακτικὰ
903 3772 1202 3845 πεποιηκὼς
1219 3774 1318 3833 ὑπὸ
1332 3774 1630 3855 Ἀφροδίτης
1646 3775 1771 3857 φησὶ
1788 3775 1873 3833 τὸν
1889 3775 2018 3847 Αἰή-

520 3941 605 3990 Est
623 3942 747 4003 Nysa
763 3939 987 4003 quaedam
1000 3977 1014 4001 ,
1044 3952 1184 3988 mons
1206 3939 1489 4002 altissimus,
1516 3939 1710 3988 floridus
1727 3940 1844 3989 silva
1860 3978 1874 4002 ,

521 4019 740 4069 Phoenice
759 4020 925 4083 procul
940 4056 954 4081 ‚
974 4033 1121 4083 prope
1140 4020 1317 4070 fluenta
1342 4022 1530 4084 AEgypti
1551 4022 1686 4085 (Nili
1706 4022 1743 4084 ).

457 4100 696 4148 Caucasus
712 4112 828 4148 vero
854 4099 1060 4161 pertinet
1078 4099 1140 4149 ab
1153 4101 1491 4150 Armeniorum
1505 4104 1632 4149 terra
1651 4107 1802 4163 usque
1822 4099 1884 4148 ad
1903 4100 2015 4149 Col-

458 4176 572 4226 chos
584 4192 600 4237 ;
627 4176 851 4227 Serbonis
869 4178 1031 4225 autem
1051 4176 1186 4226 lacus
1199 4176 1321 4226 situs
1341 4178 1412 4227 est
1432 4176 1493 4227 ad
1513 4178 1754 4227 Petusium
1776 4178 1986 4240 AEgypti.

1179 4270 1268 4320 53.

520 4358 796 4409 Herodorus
828 4362 992 4410 narrat
1025 4362 1134 4423 post
1176 4362 1342 4412 tauros
1375 4361 1471 4424 (ab
1504 4362 1817 4426 Argonautis)
1855 4364 2017 4412 aratro

453 4436 646 4498 junctos
663 4441 879 4488 Iasonem
899 4439 960 4488 ad
976 4440 1127 4490 vellus
1152 4441 1215 4490 ab
1234 4443 1369 4491 AEete
1400 4442 1600 4492 missum
1619 4455 1719 4492 esse
1730 4458 1745 4503 ;
1770 4456 1827 4491 ac
1853 4445 2014 4504 prose-

459 4517 595 4565 ctum
622 4515 853 4566 occidisse
882 4517 1141 4568 draconem
1168 4522 1217 4568 et
1239 4519 1395 4569 vellus
1427 4522 1701 4583 apportasse
1731 4520 1791 4570 ad
1820 4523 2014 4583 AEeten;

457 4607 615 4655 regem
639 4607 751 4643 vero
769 4593 935 4644 dolum
959 4597 1274 4648 meditantem
1295 4601 1596 4661 Argonautas
1612 4613 1807 4650 vocasse
1825 4601 1886 4651 ad
1909 4615 2016 4650 con·

457 4671 659 4720 vivium.

1177 4757 1264 4807 54.

519 4841 920 4904 Naupacticorum
961 4847 1129 4894 auctor
1157 4859 1195 4903 a,
1222 4851 1408 4899 Venere
1437 4850 1505 4899 ait
1533 4851 1700 4900 AEeten
1725 4863 1836 4900 cum
1859 4855 2012 4914 Eury-

459 4920 555 4981 lyte
578 4932 731 4968 uxore
750 4919 878 4968 coire
903 4922 1172 4983 cupientem
1202 4924 1345 4975 ruisse
1363 4927 1666 4990 consopitum
1684 4964 1699 4989 ,
1720 4929 1912 4978 Colchis
1929 4929 2015 4992 qui

456 4988 585 5051 apud
605 5003 717 5038 eum
729 4993 1029 5039 coenaverant
1050 4990 1162 5040 item
1172 5005 1340 5043 somno
1359 4998 1606 5059 oppressis.
1632 4999 1821 5049 Etenim
1840 5013 2013 5051 navem

458 5068 841 5128 Argonautarum
867 5068 1024 5116 AEetoe
1043 5067 1293 5119 incendere
1310 5072 1517 5123 volebat.

520 5175 642 5220 Tum
662 5173 803 5235 igitur
823 5176 970 5225 AEetoe
997 5174 1285 5226 desiderium
1303 5178 1465 5237 injecit
1484 5184 1648 5233 Venus
1663 5183 1824 5234 divina

2106 550 2201 598 την
2231 531 2715 605 κατακοιμηθῆναι,
2752 511 3147 601 ἐπιθυμήσαντα
3176 528 3239 603 τῆ
3273 527 3429 583 αὗτοῧ
3459 524 3672 602 γυναικὶ

2110 614 2463 695 [Εὗρυλύτῃ]
2512 611 2882 692 συγγενέσθαι,
2912 612 3323 684 δεδειπνηκότων
3363 613 3489 693 παρ’
3524 615 3673 693 αὐτῷ

2105 706 2207 760 τῶν
2240 701 2462 782 Κόλχων
2491 702 2582 760 καὶ
2609 699 2947 778 κοιμωμένων
2964 724 2979 737 ·
3005 699 3088 758 διὰ
3118 699 3175 759 τὸ
3208 698 3485 779 βούλεσθαι
3514 701 3672 758 αὐτὸν

2106 795 2230 849 ναῦν
2261 788 2556 869 ἐμπρῆσαι·

2232 928 2304 986 Δή
2327 926 2425 976 τότ’
2447 927 2521 990 ἄρ’
2548 927 2697 989 Αἰήτῃ
2721 926 2864 975 πόθον
2880 924 3125 988 ἔμὸαλεδΐ
3150 925 3385 988 Ἀφροδίτη

2228 996 2493 1058 Εὖρυλύτης
2508 995 2713 1058 φιλότητι
2738 996 3004 1059 μιγήμεναι,
3024 996 3077 1056 ἧς
3102 996 3316 1058 ἀλόχοιο,

2228 1067 2460 1127 κηδομένη
2485 1066 2638 1128 φρεσὶν
2665 1064 2797 1129 ᾖσιν,
2822 1066 2949 1121 ὅπως
2973 1067 3071 1127 μετ’
3089 1066 3248 1114 ἄεθλον
3271 1065 3443 1123 Ἰήσων

2234 1138 2443 1200 νοστήσῃ
2461 1136 2642 1185 οἶκόνδε
2664 1136 2750 1185 σὺν
2774 1135 3066 1198 ἀγχεμάχοις
3082 1136 3335 1199 ἑτάροισιν.

2110 1255 2177 1315 Ὁ
2205 1256 2259 1314 δὲ
2286 1253 2486 1332 Ἴδμων
2518 1258 2709 1326 συνῆκε
2732 1252 2791 1312 τὸ
2819 1254 3057 1333 γεγονὸς,
3091 1254 3182 1312 καί
3210 1277 3362 1335 φησι·

2232 1369 2520 1431 Φευγέμεναι
2546 1364 2764 1433 μεγάροιο
2788 1369 2899 1426 θοὴν
2922 1369 2998 1416 διὰ
3018 1369 3163 1417 νύκτα
3180 1369 3417 1430 μέλαιναν·

2109 1465 2202 1536 τὴν
2232 1464 2285 1523 δὲ
2327 1465 2562 1536 Μήδειαν
2588 1463 2684 1536 τὴν
2717 1464 3038 1546 ποδοψοερίαν
3070 1462 3390 1535 ἀκούσασαν,
3441 1467 3672 1522 ἀναστᾶ-

2111 1577 2206 1611 σαν
2231 1551 2535 1634 ἐξορμῆσαι.
2573 1551 2735 1632 Λέγει
2762 1550 2923 1611 δὲκαὶ
2949 1552 3239 1633 Ἡρόδωρος
3261 1557 3445 1612 ταῦτα.

2845 1699 2939 1760 55.

2188 1853 2347 1908 Idem
2375 1805 2485 1925 Ili,
2518 1851 2675 1927 259:
2709 1848 3087 1928 εΗρόδωρος
3127 1851 3224 1927 (ἐν
3251 1853 3355 1915 τοῖς
3392 1849 3673 1929 Ἀργοναύ-

2109 1941 2257 2015 ταις)
2296 1941 2423 2018 ιρησὶ
2447 1937 2532 1995 διὰ
2566 1942 2659 2008 τῆς
2687 1939 2846 2007 αὐτῆς
2870 1937 3137 2009 θαλάσσης
3172 1940 3491 2010 ἐπανελθεῖν,
3515 1941 3581 1995 δι’
3611 1930 3673 2008 ἧς

2107 2026 2195 2085 καὶ
2221 2028 2569 2105 ἐπορεύθησαν
2596 2027 2665 2092 εἰς
2697 2025 2951 2104 Κόλχους.

2185 2117 2322 2171 Cum
2342 2114 2647 2170 Herodoro
2659 2114 2871 2170 faciunt
2887 2113 3213 2189 Sophocles,
3230 2114 3599 2171 Callimachus
3618 2124 3675 2171 et

2104 2203 2393 2258 Diodorus
2420 2203 2519 2261 lib.
2549 2205 2647 2272 lv,
2673 2204 2763 2257 vel
2785 2204 2975 2276 potius
2996 2204 3312 2276 Dionysius.
3345 2205 3412 2259 V.
3445 2204 3669 2262 Miiller.

2109 2292 2254 2345 Min.
2285 2310 2343 2364 p.
2380 2289 2514 2363 295.
2594 2285 2597 2288 ’

2184 2527 2347 2581 Idem
2374 2527 2451 2595 11,
2484 2524 2594 2581 815
2631 2545 2644 2580 ε
2676 2522 2807 2603 Περὶ
2836 2530 2925 2584 τοῦ
2951 2527 3002 2582 ἐν
3028 2526 3411 2606 Μαριανδυνοῖς
3442 2526 3666 2603 γενομέ-

2109 2635 2195 2670 νου
2240 2609 2463 2669 θανάτου
2493 2617 2583 2670 τοῦ
2611 2605 2858 2689 Ἴδμονος
2897 2611 2989 2670 καὶ
3033 2612 3328 2693 Ἡρόδωρος
3380 2615 3579 2694 ἱστορεῖ
3620 2617 3673 2672 ἐν

2114 2701 2217 2766 τοῖς
2243 2698 2362 2777 περὶ
2391 2698 2708 2778 Ἡρακλείας
2727 2744 2744 2775 ,
2770 2703 2839 2767 ὡς
2870 2701 3215 2780 Προμαθίδας
3240 2702 3370 2778 (vg.
3401 2702 3675 2782 Προμηθί-

2107 2789 2197 2852 δας
2220 2789 2237 2865 )
2272 2776 2410 2859 εἶπε,
2440 2787 2529 2845 καὶ
2555 2786 2764 2868 Νύμφις
2781 2789 2832 2846 ἐν
2860 2792 2935 2868 τῷ
2966 2789 3193 2866 (malim
3221 2793 3344 2859 τοῖς,
3375 2793 3668 2849 utincod.

2107 2875 2283 2933 Paris.
2305 2877 2324 2949 )
2357 2874 2705 2953 Ἡρακλείας,
2730 2878 2801 2942 ὡς
2821 2870 3016 2951 Ἴδμων
3037 2874 3139 2934 ὑπὸ
3163 2875 3282 2943 συὸς
3310 2877 3539 2954 ἐπλήγη.

2189 2961 2323 3041 Περὶ
2354 2962 2674 3042 Ἡρακλέους
2702 2966 2811 3041 legi
2834 2968 2954 3022 vult
2973 2966 3224 3041 Heynius
3241 2967 3316 3023 ad
3331 2968 3670 3041 Apollodor.

2110 3064 2248 3109 tom.
2281 3054 2355 3122 11,
2388 3071 2448 3126 p.
2478 3051 2613 3124 357.
2645 3054 2817 3124 Quod
2862 3073 2980 3109 non
3010 3066 3091 3110 est
3120 3058 3513 3112 necessarium.
3563 3058 3675 3112 Res

2107 3151 2327 3197 narrata
2342 3142 2599 3214 proxime
2612 3152 2825 3216 spectat
2836 3141 2907 3197 ad
2924 3144 3251 3198 Heracleam
3265 3144 3486 3218 urbem,
3502 3154 3674 3216 atque

2109 3238 2293 3284 totum
2339 3228 2490 3281 hunc
2540 3228 2733 3282 locum
2777 3227 2947 3284 fusius
2987 3231 3105 3285 sine
3133 3229 3309 3286 dubio
3341 3230 3673 3286 Herodorus

2110 3316 2387 3388 exposuit.
2430 3314 2512 3371 Cf.
2535 3316 2803 3390 Apollod.
2827 3318 2874 3384 l,
2902 3336 2958 3391 9,
2986 3318 3086 3386 23,
3119 3337 3170 3372 1.

2844 3460 2938 3533 57.

2187 3602 2347 3657 Idem
2373 3605 2449 3671 11,
2484 3602 2597 3667 848
2631 3622 2644 3656 :
2676 3599 2807 3679 Περὶ
2834 3599 2889 3658 δὲ
2921 3599 3009 3658 τὸν
3050 3600 3341 3682 ἀγριέλαιον
3369 3602 3456 3661 τὸν
3484 3605 3669 3662 ἐπιπε·

2110 3685 2307 3767 φυκότα
2331 3691 2405 3766 τῷ
2426 3684 2669 3763 Ἴδμονος
2695 3687 2845 3768 τάφῳ
2869 3686 3139 3747 ἐθέσπισεν
3169 3694 3195 3748 ὁ
3224 3689 3333 3756 θεὸς
3352 3692 3457 3758 τοῖς
3482 3695 3667 3769 Μεγα-

2116 3780 2258 3856 ρεῦσι
2277 3774 2366 3833 καὶ
2382 3776 2623 3844 Βοιωτοῖς
2651 3774 2746 3847 τὴν
2769 3775 2920 3835 πόλιν
2942 3776 3133 3836 κτίσαι·
3158 3778 3298 3858 λέγει
3314 3778 3369 3837 δὲ
3384 3779 3477 3851 τὴν
3498 3779 3668 3861 Ἡρά-

2169 3940 2431 4002 Eurylyten
2457 3940 2715 3989 concubitu
2734 3942 3052 4005 amplectendi
3084 3958 3286 3995 uxorem
3305 3958 3469 4009 suam,

2166 4032 2340 4068 curans
2357 4020 2518 4068 animo
2535 4033 2624 4069 suo
2640 4057 2655 4082 ‚
2682 4022 2736 4070 ut
2758 4024 2867 4083 post
2883 4027 3124 4072 certamen
3141 4028 3278 4073 lason

2167 4098 2491 4146 reverteretur
2508 4096 2708 4146 domum
2724 4110 2838 4147 cum
2856 4100 3075 4150 cominus
3099 4101 3420 4163 pugnantibus
3445 4103 3600 4153 sociis.

2106 4188 2276 4238 ldmon
2302 4202 2418 4238 vero
2443 4203 2544 4239 rem
2558 4190 2822 4253 intellexit,
2842 4190 3079 4256 jussitque

2166 4285 2325 4348 sugere
2340 4285 2485 4335 domo
2503 4286 2705 4336 celerem
2723 4300 2809 4349 per
2821 4290 3014 4338 noctem
3033 4293 3083 4339 et
3100 4293 3272 4341 ati-arn.

2103 4384 2228 4430 Tum
2261 4381 2477 4431 Medeam
2508 4382 2685 4444 pedum
2711 4383 2912 4446 strepitu
2937 4386 3103 4436 audito
3119 4424 3134 4449 ,
3154 4389 3416 4439 surrexisse
3434 4391 3484 4439 et
3505 4403 3662 4452 egres-

2102 4471 2205 4507 sam
2223 4471 2342 4508 esse.
2372 4458 2554 4509 Eadem
2576 4460 2852 4511 Herodorus
2868 4467 3047 4512 narrat.

2824 4544 2912 4594 55.

2165 4622 2440 4673 Herodorus
2458 4625 2507 4673 in
2526 4626 2809 4687 Argonautis
2829 4627 2946 4677 dicit
2969 4629 3162 4680 rediisse
3180 4644 3263 4681 eos
3280 4645 3307 4681 e
3327 4633 3557 4683 Colchide
3573 4650 3657 4698 per

2102 4700 2232 4749 idem
2251 4712 2385 4750 nuere
2397 4738 2411 4763 ,
2431 4713 2532 4763 quo
2564 4702 2784 4755 exierint.

2826 4789 2915 4840 56.

2173 4870 2245 4916 De
2268 4865 2469 4916 Idmone
2494 4867 2556 4916 ab
2576 4880 2693 4930 apro
2711 4870 2839 4932 apud
2872 4872 3207 4935 Mariandynos
3236 4875 3488 4925 interfecto
3518 4876 3660 4925 etiam

2105 4944 2380 4995 Herodorus
2409 4949 2574 4996 narrat
2609 4960 2708 5009 quo
2742 4950 2847 4998 loco
2878 4949 2940 5000 de
2976 4951 3203 5001 Heraclea
3245 4954 3391 5002 verba
3428 4954 3569 5016 facit,
3608 4959 3659 5004 ut

2102 5022 2434 5072 Promathidas
2452 5023 2545 5086 ait,
2572 5029 2623 5075 et
2646 5027 2877 5090 Nymphis
2891 5029 2940 5076 in
2959 5041 3102 5090 opere
3122 5029 3182 5078 ‹le
3199 5032 3441 5082 Heraclea.

2823 5109 2913 5159 57.

2164 5185 2301 5237 Circa
2327 5186 2588 5239 oleastrum
2608 5190 2657 5239 in
2678 5189 2885 5241 Idmonis
2911 5192 3099 5242 tumulo
3124 5196 3291 5247 uatum
3319 5195 3438 5247 deus
3463 5196 3659 5246 oraculo
