4016 5916
1394 424 1401 430 ’
1446 425 1805 487 vlTARUM
1857 429 2349 494 FRAGMENTA.

3380 452 3491 505 305

307 554 407 632 οὐχ
442 550 641 632 ἑτέραις
678 548 877 622 ἡδύνων
916 556 1079 609 ταῦτα
1116 561 1291 628 τιμαῖς
1326 554 1617 632 παρετίθει,
1642 554 1774 615 πολὺ
1803 555 1858 615 δὲ
1952 560 2083 641 Περὶ
2102 563 2228 641 βίων
2249 591 2273 615 σι
2300 562 2462 624 Λυδοὶ
2490 564 2690 643 (φησὶ)
2720 564 2805 625 διὰ
2826 566 3020 648 τρυφὴν
3040 571 3384 649 παραδείσους
3400 598 3502 633 κα-

309 639 506 714 μᾶλλον
537 635 689 704 αὐτὸς
723 635 1005 696 ἀπολαύειν
1036 640 1223 712 αὐτῶν,
1249 644 1367 697 νοῦν
1395 639 1556 719 ἔχων·
1586 646 1737 700 τοῦτο
1761 642 1856 719 μὲν

304 726 407 807 γάρ
432 728 569 784 ἔστιν
595 728 623 783 ὁ
653 723 957 802 λεγόμενος,
984 715 1129 801 οἶμαι
1144 773 1161 799 ,
1180 725 1271 785 καὶ
1298 725 1418 794 Διὸς
1444 727 1554 805 ἅμα
1587 728 1676 787 καὶ
1699 733 1862 808 βασι-

306 812 436 878 λέως
466 812 765 891 ἐγκέφαλος.
792 840 815 863 υ

388 903 547 961 Idem
561 903 704 972 XII,
721 920 782 976 p.
808 900 951 975 529,
966 904 1017 958 D
1042 920 1057 957 :
1081 899 1349 980 Κλέαρχος
1373 901 1454 974 δὲ,
1475 901 1595 982 περὶ
1618 908 1707 962 τοῦ
1728 907 1862 985 Περ-

304 991 413 1046 σῶν
435 985 692 1066 βασιλέως
732 985 1091 1064 διηγούμενος,
1118 984 1198 1045 ὅτι
1220 1014 1244 1040 n
1270 996 1373 1056 τοῖς
1416 991 1558 1068 αὐτῷ
1585 989 1863 1068 πορίσασιν

305 1074 407 1146 ἡδύ
431 1097 480 1132 τι
511 1078 696 1156 βρῶμα
727 1064 860 1132 ἆθλα
890 1073 1067 1146 ἐτίθει,
1089 1079 1206 1132 νοῦν
1233 1074 1374 1154 [οὐκ]
1404 1077 1564 1155 ἔχων·
1590 1083 1738 1136 τοῦτο
1760 1076 1861 1158 γάρ

308 1163 450 1220 ἐστιν
476 1165 504 1220 ὁ
539 1159 815 1238 λεγόμενος
838 1149 987 1237 οἶμαι
1012 1161 1135 1230 Διὸς
1166 1159 1277 1238 ἅμα
1304 1162 1393 1221 καὶ
1422 1162 1675 1241 βασιλέως
1701 1163 1863 1240 ἐγκέ-

310 1250 493 1328 φαλος·
513 1246 624 1306 ὅθεν
641 1251 670 1306 δ
684 1246 891 1306 πάντων
915 1249 1369 1325 εὐδαιμονέστατος
1396 1248 1861 1331 Σαρδανάπαλλος,

311 1339 441 1415 παρ’
465 1335 582 1394 ὅλον
606 1333 693 1394 τὸν
718 1334 828 1415 βίον
850 1334 1078 1412 τιμήσας
1097 1335 1190 1403 τὰς
1212 1336 1523 1405 ἀπολαύσεις
1539 1382 1555 1410 ,
1576 1336 1667 1396 καὶ
1694 1340 1863 1397 τελευ·

311 1424 473 1495 τήσας
496 1423 748 1482 δείκνυσιν
775 1424 826 1481 ἔν
858 1426 934 1501 τῷ
962 1426 1053 1481 τοῦ
1083 1422 1352 1500 μνήματος
1378 1421 1525 1504 τύπῳ
1544 1432 1651 1493 τοῖς
1673 1425 1865 1483 δακτύ-

311 1512 446 1582 λοις,
480 1507 588 1568 οἵου
616 1507 981 1586 καταγέλωτός
1021 1511 1157 1567 ἐστιν
1190 1508 1306 1577 ἄξια
1347 1509 1412 1567 τὰ
1441 1513 1543 1568 τῶν
1581 1508 1861 1591 ἀνθρώπων

312 1596 622 1676 πράγματα,
644 1597 738 1655 οὐκ
762 1594 880 1663 ἄξια
899 1593 1021 1654 ὄντα
1044 1594 1210 1677 ψόφου
1241 1597 1531 1673 δακτύλων,
1561 1596 1618 1656 ὃν
1639 1599 1860 1669 πεποίη-

308 1707 395 1741 ται
408 1686 464 1714 ”“’
479 1680 800 1760 ποιούμενος,
815 1682 891 1749 δὶς
909 1685 961 1741 ἐν
979 1686 1121 1762 χορῷ
1140 1683 1259 1761 (καὶ
1276 1686 1342 1750 ὥς
1361 1682 1525 1742 οὐδενὶ
1541 1687 1593 1743 ἐν
1607 1685 1831 1767 χώρῳὲ)
1851 1734 1864 1758 ,

310 1777 344 1841 ἡ
365 1770 567 1851 περὶτὰ
586 1770 747 1829 λοιπὰ
768 1769 989 1842 σπουδή.
1010 1769 1269 1831 Φαίνεται
1288 1763 1375 1829 οὖν
1396 1773 1484 1852 (φ.
1513 1771 1691 1848 μέντοι
1712 1776 1864 1848 οὗκὲ)

311 1857 572 1937 ἄπρακτος
585 1856 853 1935 γενόμενος
870 1855 1314 1937 Σαρδανάπαλλος
1331 1879 1345 1894 ·
1361 1858 1450 1917 καὶ
1468 1860 1569 1938 γὰρ
1590 1859 1863 1940 ἐπιγέγρα·

307 1946 608 2003 πταιαῦτοῦ
630 1947 703 2026 τῷ
728 1943 1001 2022 μνήματιι
1016 1944 1461 2024 Σαρδανάπαλλος
1489 1946 1865 2028 Ἀνακυνδαρά-

313 2030 408 2099 ξεω
432 2028 710 2110 Ἀγχιάλην
731 2030 900 2108 ἔδειμε
928 2029 1017 2090 καὶ
1040 2031 1247 2111 Ταρσὸν
1274 2035 1367 2111 μίῇ
1395 2031 1591 2113 ἡμέρῃ,
1616 2033 1750 2092 ἀλλὰ
1778 2040 1865 2092 νῦν

314 2117 576 2190 τέθνηκεν.
609 2145 635 2170 ²·

391 2208 671 2264 zenobius
692 2210 809 2280 111,
851 2215 918 2274 [μ
970 2228 986 2264 :
1029 2206 1174 2274 Διὸς
1211 2205 1612 2288 ἑγκέφαλοςς
1644 2208 1727 2269 ἐπὶ
1765 2213 1865 2267 τῶν

318 2290 715 2362 ἣδυπαθούντων
744 2296 778 2364 ἡ
802 2292 1060 2375 παροιμία
1092 2293 1355 2354 τέτακται.
1442 2295 1712 2375 Κλέαρχος
1737 2296 1788 2354 δὲ
1815 2301 1866 2355 ἐν

307 2383 387 2460 τῷ
413 2381 638 2462 πέμπτῳ
668 2382 684 2457 (
714 2378 1015 2462 τετάρτῳὲ)
1047 2380 1178 2461 Περὶ
1212 2381 1337 2460 βίων
1367 2380 1493 2464 φησὶ
1517 2383 1582 2440 τὰ
1609 2385 1866 2455 πολυτελῆ

313 2465 574 2546 βρώματα
611 2465 755 2547 παρὰ
785 2477 890 2536 τοῖς
914 2467 1147 2547 Πέρσαις
1171 2468 1290 2538 Διὸς
1312 2469 1403 2528 καὶ
1431 2469 1686 2548 βασιλέως
1723 2471 1867 2549 ἐγκέ-

314 2557 476 2635 φαλον
506 2558 799 2616 καλεῖσθαι.
840 2560 995 2614 Inter
1023 2560 1270 2633 reliquos
1294 2562 1390 2633 qui
1417 2561 1706 2634 proverbii
1748 2581 1865 2616 me*-

314 2646 631 2714 minerunt,
670 2643 924 2701 Clearchi
959 2647 1307 2704 mentionem
1341 2646 1470 2701 facit
1513 2647 1817 2720 Hesychius
1849 2666 1863 2701 z

311 2727 432 2794 Διὸς
451 2728 732 2811 ἐγκέφαλος
750 2774 767 2802 ,
793 2728 858 2801 ἣν
888 2729 1157 2810 Κλέαρχός
1181 2725 1334 2811 φησιν
1364 2733 1616 2811 εἰρῆσθαι,
1645 2724 1747 2789 οἷον
1782 2731 1867 2790 ἐπὶ

304 2818 411 2873 τῶν
437 2815 568 2894 ἄγαν
596 2814 759 2877 θείων.
788 2818 868 2876 Cf.
895 2819 964 2874 fr.
1004 2818 1072 2873 18

1054 2914 1088 2969 0·

388 3009 588 3065 Athen.
615 3009 748 3077 ΧΠ,
766 3027 826 3083 p.
852 3007 986 3082 515,
1012 3011 1051 3063 Ε
1073 3027 1085 3064 :
1116 3005 1387 3087 Κλέαρχος
1412 3008 1455 3062 δ’
1481 3008 1532 3064 ἕν
1562 3013 1625 3087 τῇ
1649 3007 1867 3088 τετάρτῃ

312 3184 469 3222 meros
489 3173 643 3222 tacere
677 3174 882 3236 agyrtas.
909 3193 933 3216 ι»
966 3176 1090 3222 Tum
1122 3173 1170 3222 in
1194 3187 1443 3237 progressu
1470 3175 1583 3226 libri
1608 3175 1675 3225 ait
1709 3191 1721 3223 ε
1750 3194 1775 3218 «ι
1802 3177 1865 3225 lis

314 3249 459 3335 igitur
489 3248 571 3311 qui
595 3247 915 3298 delicatiorem
948 3250 1157 3337 aliquem
1180 3251 1341 3300 cibum
1375 3252 1418 3300 ei
1439 3252 1860 3314 excogitaverunt,

315 3326 515 3387 praemia
537 3324 655 3374 dans
692 3326 898 3387 inventi,
930 3339 1026 3375 non
1058 3328 1162 3376 aliis
1200 3327 1460 3378 bonoribus
1490 3329 1718 3381 condiens
1738 3329 1869 3378 cibos

316 3404 437 3452 tales
472 3404 765 3466 apponebat,
798 3403 880 3454 sed
918 3405 1017 3468 ipse
1052 3405 1182 3455 solus
1211 3404 1285 3455 his
1316 3406 1590 3469 fruebatur;
1626 3420 1737 3469 quae
1767 3406 1868 3467 ejus
1908 3390 1913 3493 ἱ

313 3482 545 3544 sapientia
566 3485 685 3532 erat.
708 3486 809 3533 Hoc
830 3483 957 3533 enim
975 3486 1080 3545 est,
1103 3483 1289 3547 opinor,
1310 3483 1441 3547 quod
1466 3483 1642 3534 dicitur
1659 3488 1708 3535 et
1724 3487 1868 3535 Jovis

313 3558 453 3607 simul
473 3560 521 3608 et
542 3562 677 3621 reqis
699 3558 974 3610 cerebrum.
1005 3578 1031 3605 ι

381 3635 667 3698 clearchus,
710 3636 795 3686 ubi
829 3634 888 3686 de
929 3640 1181 3687 Persarum
1210 3651 1317 3701 rege
1349 3637 1494 3687 verba
1532 3638 1669 3699 facit,
1707 3640 1868 3702 aitque

322 3730 350 3754 ι
382 3711 457 3761 his
481 3710 564 3775 qui
600 3713 867 3762 suaviorem
899 3714 1106 3776 aliquem
1138 3714 1300 3764 cibum
1336 3715 1381 3764 ei
1422 3714 1712 3766 invenissent
1741 3729 1866 3779 prae·

1948 649 2393 727 τασκευασάμενοι
2426 695 2442 724 ,
2496 650 2586 709 καὶ
2645 654 2902 725 κηπαίους
2956 658 3138 724 αὐτοὺς
3190 659 3501 732 ποιήσαντες

1949 735 2398 820 ἐσκιατροφοῦντο,
2422 735 2803 819 τρυφερώτερον
2833 737 3155 818 ἡγησάμενοι
3179 743 3239 802 τὸ
3264 747 3389 821 μηδ’
3412 750 3502 805 αὐ·

1948 830 2054 890 τοῖς
2081 822 2213 893 ὅλως
2253 824 2547 884 ἐπιπίπτειν
2572 824 2667 894 τὰς
2687 831 2776 884 τοῦ
2816 826 2961 897 ἡλίου
3004 827 3180 905 αὐγάς.
3213 832 3320 891 Καὶ
3356 833 3503 902 τέλος

1949 908 2129 991 πόρρω
2170 911 2481 991 προάγοντες
2520 910 2743 993 ὕὸρεως,
2776 911 2870 980 τὰς
2908 916 3009 972 τῶν
3041 914 3213 974 ἄλλων
3250 926 3503 996 γυναῖκας

1948 996 2040 1055 καὶ
2056 997 2337 1079 παρθένους
2357 1001 2428 1068 εἷς
2443 999 2528 1058 τὸν
2542 1000 2702 1059 τόπον
2714 1000 2803 1059 τὸν
2825 999 2911 1059 διὰ
2929 999 3022 1073 τὴν
3041 1003 3226 1083 πρᾶξιν
3246 1004 3504 1080 Ἁγνεῶνα

1949 1082 2205 1156 κληθέντα
2245 1084 2547 1161 συνάγοντες
2573 1085 2798 1167 ὖὸριζον.
2888 1087 2993 1148 Καὶ
3029 1090 3174 1158 τέλος
3210 1091 3301 1160 τὰς
3333 1093 3505 1175 ψυχὰς

1950 1173 2384 1244 ἀποθηλυνθέντες
2403 1173 2693 1247 ἠλλάξαντο
2715 1174 2804 1234 τὸν
2826 1179 2929 1235 τῶν
2956 1182 3216 1255 γυναικῶν
3243 1179 3376 1259 βίον,
3406 1181 3506 1242 διό·

1950 1282 2049 1338 περ
2079 1260 2170 1319 καὶ
2203 1262 2423 1339 γυναῖκα
2454 1260 2699 1339 τύραννον
2741 1267 2769 1322 ὁ
2801 1262 2910 1341 βίος
2937 1262 3113 1346 εὕρετο
3152 1268 3341 1340 αὗτοῖς,
3375 1267 3503 1345 μίαν

1951 1352 2052 1405 τῶν
2087 1348 2445 1428 ὑδρισθεισῶν,
2469 1349 2751 1432 Ὀμφάλην
2768 1374 2779 1387 ·
2806 1351 2920 1424 ἥτις
2942 1351 3123 1432 πρώτη
3154 1355 3376 1436 κατῆρξε
3408 1357 3503 1434 μὲν

1949 1439 2045 1505 τῆς
2072 1436 2143 1502 εἷς
2171 1435 2367 1503 Λυδοὺς
2393 1436 2689 1514 πρεπούσης
2725 1438 2998 1518 τιμωρίας.
3042 1443 3093 1500 Τ
3094 1440 3121 1497 ὸ
3146 1439 3247 1519 γὰρ
3286 1443 3385 1502 ὑπὸ
3420 1467 3507 1521 γυ-

1952 1521 2125 1589 ναικὸς
2154 1521 2404 1602 ἄρχεσθαι
2435 1521 2795 1603 ὓὸριζομένους
2816 1524 3028 1603 σημεῖόν
3045 1528 3165 1586 ’ἔστι
3194 1526 3327 1608 βίας.
3350 1521 3505 1591 Οῦσα

1952 1599 2040 1668 οῦν
2062 1607 2153 1667 καὶ
2179 1608 2308 1682 αὐτὴ
2336 1610 2623 1678 ἀκόλαστος
2639 1655 2656 1689 ,
2678 1611 2768 1670 καὶ
2795 1612 3092 1691 ἀμυνομένη
3113 1613 3205 1683 τὰς
3227 1617 3507 1694 γενομένας

1953 1699 2085 1776 αὐτῇ
2132 1697 2378 1779 πρότερον
2427 1697 2629 1777 ὕὸρεις,
2659 1699 2762 1766 τοῖς
2802 1702 2853 1757 ἐν
2887 1704 2951 1780 τῇ
2988 1701 3138 1761 πόλει
3176 1700 3375 1771 δούλοις
3414 1703 3508 1774 τὰς

1951 1786 2054 1842 τῶν
2094 1786 2355 1843 δεσποτῶν
2400 1782 2680 1866 παρθένους
2714 1785 2981 1867 ἐξέδωκεν,
3023 1792 3076 1847 ἐν
3116 1779 3159 1870 ᾧ
3200 1789 3344 1872 τόπῳ
3380 1793 3507 1874 πρὸς

1954 1871 2161 1930 ἐκείνων
2207 1871 2454 1953 ὑδρίσθη·
2492 1876 2562 1941 εἷς
2607 1878 2787 1932 τοῦτον
2827 1865 2914 1932 οῦν
2954 1875 3336 1953 συναθροίσασα
3389 1886 3505 1954 μετ’

1957 1958 2221 2036 ἀνάγκης,
2266 1959 2666 2038 συγκατέκλεισε
2705 1970 2810 2029 τοῖς
2857 1960 3053 2030 δούλοις
3083 1963 3174 2032 τὰς
3209 1966 3501 2035 δεσποίνας.

1952 2043 2115 2107 Ὅθεν
2145 2049 2191 2104 οἱ
2217 2047 2410 2121 Λυδοὶ,
2439 2046 2497 2106 τὸ
2522 2047 2712 2128 πικρὸν
2745 2052 2838 2120 τῆς
2866 2048 3100 2129 πράξεως
3136 2053 3505 2133 ὑποκοριζόμε-

1953 2156 2057 2205 νοι,
2097 2131 2184 2190 τὸν
2235 2132 2391 2193 τόπον
2431 2136 2650 2194 καλοῦσι
2696 2135 2996 2213 [γυναικῶν
3041 2140 3265 2219 ἀγῶνα]
3311 2140 3505 2218 γλυκὶιν

1956 2222 2188 2297 ἀγκῶνα.
2275 2224 2359 2282 Οὔ
2392 2220 2546 2299 μόνον
2578 2222 2631 2281 δὲ
2665 2225 2851 2284 Λυδῶν
2881 2230 3119 2303 γυναῖκες
3149 2227 3326 2307 ἄφετοι
3356 2220 3506 2288 οὖσαι

1954 2312 2059 2376 τοῖς
2090 2311 2416 2388 ἐντυχοῦσιν,
2443 2310 2578 2369 ἀλλὰ
2611 2310 2702 2370 καὶ
2736 2315 2953 2392 Λοκρῶν
2977 2318 3078 2372 τῶν
3107 2314 3505 2397 Ἐπιζεφυρίων,

1956 2394 2031 2453 ἔτι
2060 2393 2114 2453 δὲ
2140 2400 2241 2454 τῶν
2270 2396 2389 2476 περὶ
2425 2396 2654 2477 Κύπρον,
2680 2396 2770 2456 καὶ
2794 2397 3001 2458 πάντων
3035 2400 3213 2467 ἁπλῶς
3240 2406 3342 2460 τῶν
3365 2405 3507 2461 ἑται-

1959 2487 2127 2563 ρισμῷ
2171 2484 2262 2551 τὰς
2292 2487 2488 2544 ἑαυτῶν
2517 2485 2678 2566 κόρας
2711 2486 3080 2567 ἀφοσιούντων,
3116 2492 3345 2559 παλαιᾶς
3373 2515 3510 2558 τινος

1956 2569 2154 2649 ὔὸρεως
2184 2572 2347 2630 ἔοικεν
2387 2563 2517 2630 εἶναι
2557 2572 2683 2652 πρὸς
2712 2574 2957 2645 ἀλήθειαν
2987 2576 3273 2656 ὑπόμνημα
3307 2577 3398 2637 καὶ
3433 2602 3505 2636 τι·

1960 2658 2155 2736 μωρία.
2186 2659 2327 2740 Πρὸς
2354 2659 2418 2730 ἢν
2440 2651 2511 2727 εἷς
2539 2664 2640 2719 τῶν
2668 2663 2849 2722 Λυδῶν
2880 2662 3085 2739 εὐγενὴς
3107 2666 3234 2742 ἀνὴρ
3255 2664 3508 2745 ὁρμήσας,

1955 2744 2045 2805 καὶ
2069 2751 2134 2826 τῇ
2160 2750 2284 2826 παρ’
2317 2749 2487 2814 αὐτοῖς
2508 2747 2677 2807 Μίδου
2713 2751 2954 2830 βασιλείᾳ
2982 2752 3267 2830 βαρυνθεὶς,
3296 2755 3386 2812 τοῦ
3410 2752 3506 2829 μὲν

1959 2833 2130 2893 Μίδου
2159 2837 2247 2891 ὑπ’
2280 2832 2554 2912 ἀνανδρίας
2582 2834 2672 2893 καὶ
2701 2839 2892 2915 τρυφῆς
2919 2835 3007 2893 καὶ
3040 2839 3091 2894 ἐν
3119 2838 3361 2919 πορφύρᾳ
3393 2863 3508 2897 κει·-

1956 2919 2111 2997 μένου
2148 2921 2236 2979 καὶ
2265 2929 2375 2988 ταῖς
2419 2920 2644 2999 γυναιξὶν
2677 2923 2728 2981 ἐν
2765 2924 2865 2990 τοῖς
2898 2926 3058 2992 ἱστοῖς
3096 2927 3509 3007 συνταλασιουρ-

1955 3015 2192 3085 γοῦντος,
2223 3009 2503 3084 Ὀμφάλης
2538 3008 2591 3067 δὲ
2629 3010 2825 3077 πάντας
2857 3010 2972 3077 τοὺς
2996 3012 3509 3087 συγκατακλιθέντας

1907 3205 1914 3227 =
1954 3177 2014 3225 tis
2035 3178 2223 3226 utentes
2237 3177 2454 3227 umbram
2470 3177 2774 3228 sectabantur
2785 3196 2801 3239 ;
2816 3179 3064 3229 delicatius
3082 3179 3434 3243 existimantes,
3458 3180 3500 3229 si

1910 3282 1911 3291 ι
1953 3252 2149 3302 omnino
2169 3254 2281 3303 solis
2309 3252 2452 3304 radiis
2474 3254 2619 3304 nullis
2641 3255 2912 3304 ferirentur.
2932 3255 3005 3305 Ad
3023 3259 3294 3306 extremum
3314 3270 3430 3307 vero
3449 3269 3509 3306 eo

1955 3333 2189 3395 progressi
2207 3335 2317 3383 sunt
2338 3334 2643 3383 contumelia!
2657 3371 2672 3395 ,
2697 3338 2754 3384 ut
2770 3334 2972 3384 aliorum
2989 3336 3220 3386 uxoribus
3240 3337 3290 3386 et
3317 3336 3508 3399 virgini-

1954 3409 2046 3458 bus
2071 3411 2257 3459 certum
2275 3410 2327 3458 in
2350 3409 2512 3459 locum
2532 3410 2709 3459 coactis
2723 3446 2739 3470 ,
2763 3410 2848 3473 qui
2864 3423 2927 3460 ex
2943 3424 3000 3460 ea
3017 3425 3070 3461 re
3102 3414 3329 3474 Hagneon
3346 3412 3504 3471 nomi-

1908 3542 1914 3563 Ι
1954 3487 2224 3547 natusest,
2265 3486 2364 3534 vim
2397 3476 2644 3536 inferrent.
2687 3486 2905 3549 Denique
2948 3487 3119 3536 animis
3144 3500 3299 3549 quum
3344 3491 3502 3538 essent

1954 3574 2147 3625 prorsus
2183 3561 2493 3623 effeminatis,
2545 3563 2732 3611 virilem
2777 3563 2926 3611 vitam
2970 3563 3190 3613 muliebri
3235 3566 3500 3614 mutarunt.

1908 3602 1913 3703 f
1956 3640 2124 3701 ltaque
2150 3638 2358 3699 reginam
2382 3638 2528 3687 etiam
2551 3638 2848 3701 tyrannicam
2874 3639 3122 3700 progenuit
3145 3638 3337 3688 illorum
3356 3646 3503 3704 netas,

1954 3728 2100 3765 unam
2119 3728 2178 3765 ex
2199 3714 2274 3765 bis
2292 3727 2403 3777 quse
2419 3715 2518 3765 vim
2532 3729 2684 3778 passae
2711 3717 2847 3765 erant
2857 3751 2874 3777 ‚
2898 3715 3166 3777 Omphalen
3186 3735 3199 3765 ι
3220 3729 3335 3778 quae
3349 3716 3507 3780 prima

316 3791 412 3839 mia
431 3790 564 3840 abeo
584 3792 822 3854 proposita
836 3805 952 3854 esse,
979 3791 1112 3857 (non)
1128 3792 1388 3856 prudenter
1401 3791 1625 3856 meieni&
1646 3795 1717 3844 est
1739 3793 1867 3843 enim
1909 3846 1914 3871 Ι
1954 3805 2124 3842 exorsa
2149 3794 2224 3841 est
2256 3792 2448 3841 meritas
2481 3805 2510 3840 a
2541 3789 2685 3854 L'ydis
2720 3806 2883 3855 poenas
2915 3792 3119 3853 exigere.
3155 3795 3274 3842 Nam
3311 3794 3505 3843 semina

318 3868 409 3916 hoc
423 3904 438 3930 ,
468 3871 585 3929 puto
600 3904 616 3930 ‚
636 3867 766 3931 quod
786 3868 960 3917 dicitur
980 3870 1113 3919 Jovis
1134 3869 1275 3919 simul
1302 3872 1352 3920 et
1382 3871 1505 3933 regis
1529 3869 1777 3920 cerebrum
1800 3890 1813 3920 ι
1840 3891 1864 3914 υ

316 3949 420 3996 baec
444 3946 614 3997 deinde
643 3946 837 4009 subjicit
870 3967 883 3997 ε
918 3967 944 3991 σι
984 3952 1145 4007 Quare
1177 3949 1392 3999 omnium
1421 3949 1720 4000 felicissimus
1759 3954 1865 4000 Sar·

319 4022 616 4085 danapallus,
632 4024 887 4085 postquam
902 4027 1004 4073 tota
1022 4025 1119 4074 vita
1132 4026 1401 4088 voluptates
1417 4025 1584 4087 coluit,
1600 4027 1742 4076 etiam
1763 4029 1869 4090 post

1910 3874 1913 3875 ’
1954 3868 2153 3931 imperio
2174 3880 2340 3930 parere
2351 3906 2366 3929 ,
2385 3882 2496 3930 quse
2510 3868 2799 3918 contumelia
2816 3868 2964 3918 afficit
2981 3869 3214 3930 subditos,
3229 3870 3344 3919 satis
3360 3884 3506 3933 argu·

1954 3947 2105 3997 menti
2138 3950 2212 3997 est
2239 3946 2422 4009 imperii
2449 3960 2534 4009 per
2561 3947 2657 3995 vim
2678 3947 2847 4008 parati.
2871 3949 2985 3996 Haec
3003 3946 3147 4009 igitur
3163 3961 3314 4010 quum
3337 3949 3505 4010 etipsa

1954 4040 2041 4089 per
2061 4040 2112 4076 se
2149 4027 2291 4076 feroci
2328 4029 2452 4076 esset
2473 4025 2693 4087 ingenio,
2736 4027 2785 4074 et
2811 4025 2977 4075 ulcisci
3007 4024 3153 4075 vellet
3193 4025 3505 4076 contumelias

324 4104 527 4150 mortem
563 4099 716 4149 soi-ma
753 4101 802 4149 in
837 4100 1089 4165 sepulcrali
1116 4106 1428 4153 monumento
1459 4116 1682 4167 expressa
1712 4105 1870 4168 digitis
1909 4086 1914 4109 ¹
1953 4104 2044 4154 sibi
2070 4104 2186 4153 olim
2212 4102 2394 4162 illatas,
2421 4102 2568 4151 servis
2589 4102 2740 4164 quiin
2767 4101 2960 4151 civitate
2979 4104 3115 4150 erant
3137 4100 3260 4150 filias
3285 4098 3506 4150 domino—

323 4177 559 4240 ostendit,
582 4190 730 4240 quam
759 4178 855 4227 sint
892 4178 1164 4229 deridendae
1196 4192 1363 4230 omncs
1385 4193 1459 4230 res
1494 4180 1745 4246 humanae,
1770 4196 1867 4231 non
1958 4194 2065 4229 rum
2076 4179 2380 4229 matrimonio
2391 4179 2553 4240 junxit
2573 4178 2804 4228 eodemin
2826 4178 3043 4239 loco,ubi
3068 4178 3168 4240 ipsa
3186 4178 3248 4226 ab
3272 4176 3364 4227 illis
3384 4190 3503 4226 con·

321 4254 483 4304 valere
500 4255 680 4305 scilicet
697 4254 950 4317 digitorum
968 4258 1230 4322 crepitum,
1249 4270 1393 4321 quem
1412 4258 1587 4309 faciens
1609 4273 1867 4323 repraesen-
1909 4228 1914 4269 ι
1956 4257 2207 4307 tumeliam
2229 4270 2364 4319 passa
2382 4258 2505 4306 erat.
2537 4259 2589 4304 ln
2612 4255 2741 4304 hunc
2769 4256 2928 4304 locum
2965 4268 3049 4317 per
3073 4253 3173 4303 vim
3192 4256 3500 4315 congregatas

316 4333 683 4394 tatur,etquam
696 4332 830 4382 nihili
841 4333 1122 4384 sitstudium
1138 4335 1263 4385 circa
1273 4335 1472 4397 reliqua.
1486 4339 1691 4398 Apparet
1705 4339 1868 4386 tamen
1953 4334 2170 4384 dominas
2206 4333 2440 4383 conclusit
2479 4345 2573 4381 una
2591 4345 2705 4381 cum
2736 4333 2902 4382 servis.
2933 4336 3092 4390 Quare
3120 4330 3237 4393 Lydi
3268 4330 3501 4379 acerbita-

318 4420 417 4457 non
452 4421 646 4471 prorsus
679 4409 796 4460 nihil
825 4423 986 4460 rerum
1010 4412 1205 4474 gessisse
1243 4411 1651 4474 Sardanapallum.
1675 4415 1865 4463 Etenim

324 4488 639 4535 monmnento
656 4485 760 4548 ejus
774 4488 994 4552 inscripta
1005 4488 1110 4538 haec
1121 4488 1263 4539 verbs
1277 4491 1420 4540 sunt:
1438 4506 1461 4531 «ι
1484 4489 1865 4553 Sardanapallus,

321 4562 710 4625 Anacyndaraxae
723 4562 862 4626 tilius,
881 4566 1136 4616 Anchialen
1148 4566 1360 4617 condidit
1373 4568 1421 4617 et
1434 4568 1633 4616 Tarsum
1648 4582 1742 4617 uno
1758 4569 1834 4619 die
1851 4589 1865 4619 ε

310 4643 372 4690 at
387 4654 516 4689 nuuc
529 4646 747 4692 mortuus
774 4646 860 4693 est.
883 4663 907 4688 ι

380 4721 523 4769 lovis
545 4720 809 4771 cerebrum
847 4741 860 4772 ε
888 4721 939 4771 in
961 4734 1044 4773 eos
1065 4722 1149 4784 qui
1175 4722 1307 4773 laute
1330 4723 1498 4773 vivunt
1517 4725 1727 4786 jactatur
1762 4738 1869 4787 pro·

320 4796 554 4847 verbium.
610 4798 868 4850 clearchus
903 4813 1046 4863 vero,
1078 4800 1202 4850 libro
1236 4801 1406 4865 quinto
1448 4803 1667 4852 Vitarum
1708 4803 1869 4853 scribit

1956 4414 2054 4461 tem
2091 4411 2159 4461 rei
2191 4409 2613 4474 indignitatemque
2628 4408 2776 4459 verbo
2799 4407 3050 4468 lenientes,
3071 4408 3234 4467 locum
3257 4407 3394 4456 illum
3414 4419 3506 4455 vo·-

1956 4490 2095 4547 cant,
2134 4487 2336 4539 dulcem
2370 4486 2618 4538 cubitum.
2649 4487 2748 4536 Nec
2783 4498 2898 4535 vero
2921 4483 3037 4534 sol-'e
3069 4483 3309 4547 Lydorum
3342 4483 3538 4533 mulie·-

1958 4580 2032 4615 res
2068 4564 2250 4614 libidini
2285 4562 2496 4625 cuiusvis
2539 4562 2833 4627 prostitutae,
2867 4560 2952 4611 sed
2990 4561 3041 4611 et
3081 4564 3345 4611 Locrorum
3391 4560 3506 4620 Epi-

1910 4668 1913 4679 ·
1955 4642 2290 4706 zephyriorum
2339 4643 2551 4703 itemque
2596 4641 2911 4703 Cypriorum,
2957 4640 3006 4689 et
3044 4638 3240 4687 omnino
3289 4636 3508 4687 omnium

1957 4720 2042 4781 qui
2066 4718 2348 4768 meretriciae
2372 4716 2706 4767 consuetudini
2737 4714 2857 4767 filias
2882 4728 2992 4765 suas
3018 4716 3316 4775 consecrant,
3337 4726 3509 4764 verum

1956 4797 1994 4845 si
2023 4796 2230 4857 qnaeris,
2263 4795 2487 4844 videntur
2507 4806 2608 4844 esse
2630 4792 2891 4842 admonitio
2930 4794 2980 4841 et
3015 4790 3136 4842 ultio
3171 4790 3385 4854 pristinae
3420 4803 3510 4840 cu·

318 4873 538 4937 opiparas
571 4888 628 4924 ac
659 4875 814 4928 lautas
828 4877 995 4940 epulas
1015 4876 1146 4940 apud
1162 4881 1329 4928 Persas
1346 4878 1481 4929 Jovis
1502 4882 1551 4929 et
1576 4878 1715 4941 Regis
1736 4893 1867 4929 cere·
1952 4873 2140 4936 jusdam
2173 4886 2284 4936 quae
2319 4872 2426 4922 illos
2457 4872 2656 4935 populos
2696 4870 2943 4921 afflixisset
2977 4868 3297 4920 contumeliae.
3324 4867 3510 4918 Adver-

320 4953 462 5001 brum
481 4954 756 5016 appellatas.
1066 5022 1100 5074 6

384 5099 646 5153 Clearchus
690 5107 867 5166 quarto
906 5104 1030 5153 libro
1064 5058 1135 5156 De
1175 5106 1284 5156 vitis
1315 5107 1380 5156 ita
1402 5108 1568 5157 scribit
1610 5127 1621 5156 ι
1664 5128 1687 5151 ιι
1718 5107 1867 5170 Lydi,

1956 4964 2039 5002 sus
2079 4950 2209 4999 illam
2243 4950 2383 5012 igitur
2419 4951 2614 4999 coortus
2653 4961 2777 4997 unus
2819 4960 2848 4998 e
2883 4948 3026 5010 Lydis
3047 4949 3122 4997 vir
3143 4945 3342 5008 nobilis,
3365 4945 3509 4996 Midas

1957 5028 2102 5078 etiam
2126 5026 2255 5089 apud
2289 5026 2417 5089 ipsos
2449 5025 2646 5088 imperio
2678 5024 2913 5087 offensus;
2947 5037 3098 5088 quum
3125 5023 3277 5074 Midas
3307 5022 3510 5085 ignavus

1959 5108 2007 5154 et
2036 5104 2217 5154 deliciis
2239 5106 2434 5165 torpens
2457 5103 2505 5151 in
2536 5101 2942 5165 purpurajaceret
2962 5139 2976 5164 ‚
3008 5104 3058 5152 et
3092 5115 3203 5151 cum
3227 5099 3510 5150 mulieribus

321 5176 437 5225 sitne
464 5179 663 5229 mollitie
684 5181 862 5242 soluti,
890 5181 1107 5231 viridaria
1133 5183 1428 5248 instruxere,
1451 5183 1624 5247 quibus
1643 5198 1729 5248 pro
1756 5184 1869 5233 hor·
1912 5222 1915 5225 2
1958 5181 2163 5232 lanificio
2181 5194 2373 5244 operam
2388 5179 2540 5241 daret,
2558 5180 2791 5244 Omphale
2809 5183 2972 5230 autem
2989 5192 3157 5230 omnes
3170 5179 3252 5242 qui
3276 5190 3390 5226 cnm
3411 5176 3516 5239 ipsa

516 5277 805 5316 maelmin
831 5274 952 5311 utsr.
978 5273 1060 5309 GR·
1092 5276 1152 5297 —‘
1180 5273 1287 5310 vot..
1308 5275 1363 5310 u.

3265 5266 3322 5307 2⁰
