4016 5916
1676 450 2177 512 FRAGMENTA.

418 608 848 668 DICAEARCHI
890 608 1189 665 SCRIPTA
1232 607 1785 665 PHILOSOPHICA.

588 719 591 724 ’
842 739 1019 798 nem
1062 737 1354 797 ΨΥΧΗΣ.

404 891 570 945 Hunc
600 887 788 962 operis
827 887 1051 942 titulum
1082 886 1308 942 duobus
1332 887 1471 942 locis
1500 898 1874 941 memoratum

328 976 518 1034 nabes·
561 976 719 1031 Alter
742 976 945 1050 legitur
977 994 1071 1048 ap.
1103 972 1388 1033 Plutarch.
1420 974 1564 1033 Λᾶν.
1591 974 1779 1032 Colot.
1817 993 1869 1029 c.

334 1072 427 1140 14,
448 1082 508 1138 p.
536 1083 558 1119 1
575 1083 597 1118 1
614 1062 704 1135 15,
720 1065 769 1120 A
786 1105 801 1133 ‚
828 1063 926 1118 ubi
947 1059 1273 1140 Δικαιάρχου
1296 1058 1361 1118 τὰ
1382 1059 1516 1140 Περὶ
1542 1061 1713 1139 ψυχῆς
1731 1064 1875 1118 inter

325 1171 391 1208 ea
416 1163 665 1207 veterum
702 1150 1173 1226 philosophorum
1202 1168 1376 1224 opera
1414 1160 1689 1219 recenset,
1716 1151 1768 1206 ἑν
1803 1139 1875 1215 οἷς

324 1237 451 1317 πρὸς
479 1235 542 1295 τὰ
570 1236 867 1317 κυριώτατα
894 1236 984 1293 καὶ
1014 1235 1235 1314 μέγιστα
1259 1238 1360 1293 τῶν
1389 1238 1618 1315 φυσικῶν
1647 1238 1868 1293 ὑπεναν-

325 1325 583 1402 τιούμενοι
640 1327 712 1405 τῷ
763 1323 1009 1384 Πλάτωνι
1059 1324 1148 1382 καὶ
1207 1323 1497 1403 μαχόμενοι
1552 1325 1866 1382 διατελοῦσι.

322 1417 481 1471 Alter
507 1427 588 1471 est
616 1416 677 1470 in
717 1416 1002 1472 Ciceronis
1036 1414 1209 1488 Epist.
1252 1413 1324 1469 ad
1360 1417 1479 1472 Att.
1522 1412 1699 1481 xm,
1736 1412 1806 1466 32
1855 1432 1868 1469 :

324 1528 346 1552 ι
376 1503 461 1560 Πε
479 1500 535 1579 pt
554 1503 803 1580 ψυχῆς,
835 1504 938 1570 ait,
966 1514 1216 1576 utrosque
1242 1504 1412 1556 velim
1438 1505 1642 1557 mittas.
1668 1526 1692 1548 ν
1714 1501 1873 1554 Patet

322 1590 451 1644 hinc
488 1589 624 1644 duas
659 1589 823 1644 fuisse
849 1599 1064 1662 parte53
1093 1607 1215 1661 quae
1253 1587 1544 1661 quomodo
1586 1585 1870 1642 adornatae

323 1675 530 1731 fuerint
558 1676 688 1751 ipsis
715 1674 988 1730 docemur
1015 1675 1354 1752 fragmentis».
1384 1676 1605 1731 Scilicet
1628 1685 1870 1746 utraque

323 1765 508 1836 operis
525 1781 655 1836 pars
683 1765 851 1818 ternis
874 1761 1337 1819 constabatlibris
1352 1785 1369 1835 3
1392 1763 1564 1820 altera
1594 1761 1873 1839 Κορινθια-

322 1848 433 1920 κός,
473 1851 643 1907 altera
671 1846 963 1915 Λεσὸιακός
994 1850 1107 1926 (sc.
1138 1847 1288 1926 λόγος
1313 1851 1331 1927 )
1365 1851 1436 1908 de
1463 1852 1624 1920 loce,
1667 1851 1724 1904 in
1752 1868 1868 1922 quo

323 1940 606 2012 colloquia
647 1941 896 1995 instituta
939 1949 1137 1995 auctor
1176 1938 1365 2015 fingit,
1397 1940 1673 2014 inscriptae
1711 1949 1869 1993 erant

325 2025 412 2098 (ν.
441 2029 511 2085 fr.
550 2027 623 2082 62
655 2039 710 2082 et
736 2024 834 2081 65.
861 2025 879 2101 )
907 2027 1167 2083 Ceterum
1202 2027 1319 2082 fuse
1353 2026 1634 2099 docteque
1665 2023 1736 2078 de
1763 2025 1868 2079 Di·

318 2115 551 2170 caearchi
581 2115 796 2188 placitis
820 2116 1052 2188 exponit
1085 2117 1335 2172 Osannus
1356 2116 1395 2173 l.
1425 2115 1465 2169 l.
1491 2133 1549 2189 p.
1577 2112 1781 2168 35434.

824 2246 1363 2306 ΚΟΡΙΝΘΙΑΚΟΣ.

1042 2366 1137 2423 62.

403 2487 598 2544 Cicero
623 2489 784 2544 Tusc.
814 2489 871 2557 Ι,
894 2505 943 2542 c.
976 2505 1043 2542 ιο
1076 2507 1089 2541 :
1122 2485 1485 2541 Dicoeaoehus
1510 2498 1693 2542 autem
1722 2507 1779 2542 en
1803 2508 1868 2544 eo

318 2579 591 2643 sermone,
630 2594 791 2649 quem
825 2573 1079 2633 Corinthi
1104 2573 1353 2629 habitum
1384 2575 1555 2629 tribus
1584 2575 1740 2630 libris
1766 2595 1864 2632 ex·

311 2667 508 2738 ponit,
562 2662 837 2718 doctorum
890 2662 1171 2717 hominum
1225 2662 1654 2735 disputantium,
1679 2667 1865 2736 primo

324 2751 461 2806 libro
490 2752 687 2806 multos
714 2752 991 2823 loquentes
1014 2746 1175 2820 facit
1186 2769 1208 2815 ;
1238 2749 1448 2803 duobus
1488 2748 1858 2804 Pherecraten

321 2839 598 2912 quendam
644 2837 971 2894 Phthiotam
1009 2855 1229 2903 senem,
1266 2854 1423 2910 quem
1460 2841 1549 2890 ait
1572 2856 1609 2889 a
1645 2837 1858 2891 Deuca-

324 2929 468 2983 lione
480 2937 679 2995 ortum,
705 2926 1060 2982 disserentem
1079 2925 1302 2993 inducit,
1328 2922 1479 2978 nihil
1504 2941 1620 2979 esse
1645 2929 1867 2981 omnino

323 3020 568 3070 animum
594 3027 653 3071 et
670 3014 775 3071 hoc
794 3032 910 3069 esse
934 3031 1131 3068 nomen
1153 3024 1321 3068 totum
1343 3017 1524 3079 inane,
1538 3008 1867 3086 frustraque

322 3105 597 3156 animalia
615 3113 671 3158 ee
687 3107 1001 3157 animantes
1023 3101 1305 3174 appellari
1314 3116 1335 3167 ;
1359 3117 1534 3173 neque
1557 3104 1616 3154 in
1642 3099 1866 3154 homine

325 3194 498 3243 inesse
516 3196 763 3246 animum
786 3190 888 3245 vel
909 3193 1160 3243 animam
1192 3205 1292 3242 nec
1318 3190 1376 3241 in
1418 3187 1620 3255 bestia,·
1651 3191 1862 3260 vimque

321 3294 537 3330 omnem
565 3295 714 3345 eam,
746 3296 855 3351 qua
876 3277 973 3335 vel
991 3292 1226 3350 agamus
1246 3272 1385 3348 quid
1413 3275 1500 3328 vel
1530 3278 1855 3341 sentiamus,

326 3368 384 3417 in
406 3365 655 3418 omnibus
666 3366 976 3439 corporibus
998 3367 1137 3422 vivis
1147 3363 1505 3436 aequabiliter
1524 3380 1640 3417 esse
1641 3359 1860 3433 fusam,

323 3468 427 3505 nec
451 3452 817 3525 separabilem
846 3472 882 3506 a
905 3469 1129 3526 corpore
1153 3468 1287 3518 esse,
1327 3455 1533 3524 quippe
1560 3468 1688 3523 quoe
1711 3451 1868 3503 nulla

323 3542 427 3607 sit,
449 3556 550 3593 nec
568 3544 643 3594 sit
664 3541 961 3614 quidquam
989 3543 1097 3594 nisi
1120 3558 1315 3612 corpus
1341 3556 1506 3592 unum
1527 3548 1584 3591 et
1600 3538 1857 3610 simplex,

3405 471 3515 522 265

2742 594 2797 653 [ι.

2045 717 2330 773 Nemesius
2369 720 2454 774 De
2482 727 2667 777 natur.
2694 719 2852 774 hom.
2882 738 2943 793 p.
2981 720 3055 776 68
3095 722 3188 779 ed.
3221 726 3464 780 Matthaei
3502 746 3517 783 z

1966 801 2286 882 Δικαίαρχος
2315 799 2368 860 δὲ
2404 804 2678 879 (animam
2715 804 2890 882 dixit)
2921 804 3173 884 ἁρμονίαν
3199 809 3300 865 τῶν
3331 807 3522 866 τεσσά-

1967 911 2070 968 ρων
2107 888 2406 969 στοιχείων,
2440 889 2553 948 ἀντὶ
2589 895 2678 949 τοῦ
2696 933 2714 963 ,
2739 899 2924 970 κρᾶσιν
2961 891 3052 950 καὶ
3089 894 3391 975 συμφωνίαν
3416 899 3520 954 τῶν

1965 975 2254 1055 στοιχείων.
2285 978 2365 1035 Οὐ
2387 974 2488 1056 γὰρ
2516 976 2611 1048 τὴν
2635 980 2695 1036 ἐκ
2725 980 2829 1034 τῶν
2855 976 3089 1057 φθόγγων
3120 979 3522 1055 συνισταμένην,

1965 1063 2101 1122 ἀλλὰ
2129 1063 2224 1135 τὴν
2255 1066 2308 1122 ἐν
2332 1067 2404 1144 τῷ
2430 1063 2638 1139 σώματι
2654 1067 2856 1144 θερμῶν
2879 1065 2971 1123 καὶ
2994 1069 3208 1146 ψυχρῶν
3236 1066 3326 1124 καὶ
3355 1071 3522 1148 ὑγρῶν

1964 1148 2053 1207 καὶ
2082 1148 2247 1230 ξηρῶν
2276 1150 2579 1232 ἐναρμόνιον
2603 1161 2790 1232 κρᾶσιν
2818 1151 2908 1210 καὶ
2939 1152 3246 1233 συμφωνίαν
3277 1153 3521 1232 βούλεται

1960 1236 2153 1313 λέγειν.
2206 1239 2376 1310 Δῆλον
2424 1237 2477 1296 δὲ
2513 1238 2593 1298 ὅτι
2628 1238 2719 1297 καὶ
2755 1239 2950 1298 τούτων
2997 1242 3046 1299 οἱ
3093 1239 3186 1317 μὲν
3235 1242 3384 1300 ἄλλοι
3423 1241 3519 1313 τὴν

1961 1323 2135 1404 ψυχὴν
2181 1326 2359 1385 οὐσίαν
2391 1317 2523 1384 εἶναι
2548 1326 2754 1405 λέγουσι
2773 1350 2786 1364 ·
2834 1326 3191 1403 Ἀριστοτέλης
3219 1329 3273 1387 δὲ
3313 1330 3402 1388 καὶ
3427 1337 3522 1389 Δι-

1961 1410 2216 1491 καίαρχος
2256 1411 2514 1473 ἀνούσιον.
2564 1415 2673 1472 Pro
2725 1415 3044 1495 Δικαίαρχος
3085 1419 3215 1474 libri
3268 1420 3522 1493 praebent

1962 1497 2262 1579 Δείναρχος.
2310 1503 2562 1560 Eandem
2603 1506 2846 1560 nominis
2888 1506 3311 1580 corruptionem
3350 1507 3523 1564 habes

1961 1608 2052 1662 ap.
2083 1591 2370 1645 Hermiam
2393 1593 2547 1648 IrriS.
2579 1593 2899 1666 philosoph.
2925 1613 2986 1668 p.
3023 1600 3134 1659 402
3167 1593 3263 1651 ed.
3302 1595 3519 1650 Martini

1965 1676 1982 1752 (
2006 1676 2076 1731 ad
2103 1678 2312 1732 calcem
2331 1679 2532 1733 Justini
2557 1677 2788 1752 Martyr.
2811 1677 2856 1756 ),
2879 1681 2977 1735 ubi
3007 1680 3078 1737 de
3100 1682 3296 1735 animae
3321 1692 3518 1737 natura

1958 1766 2258 1820 sententias
2300 1767 2587 1821 variorum
2625 1767 2863 1822 afferens
2901 1769 2980 1823 ait
3012 1786 3027 1823 ε
3066 1769 3115 1824 οἱ
3150 1763 3204 1823 δὲ
3243 1765 3519 1845 ἁρμονίαν,

1959 1848 2264 1929 Δείναρχος.

2039 1941 2124 1996 Cf.
2158 1941 2439 1998 Plutarch.
2477 1941 2628 1997 Plac.
2667 1943 2766 1998 Ph.
2802 1945 2898 2012 lv,
2926 1963 2993 2016 2,
3025 1943 3079 2001 5.
3119 1963 3181 2018 p.
3225 1942 3337 2002 898
3374 1962 3389 2002 :
3425 1945 3517 2002 Δι·

1961 2026 2215 2105 καίαρχος
2252 2026 2361 2108 (sc.
2408 2024 2712 2107 ἀπεφήνατο
2746 2024 2843 2097 τὴν
2881 2027 3085 2106 ψυχὴν)
3118 2028 3371 2107 ἁρμονίαν
3409 2033 3512 2087 τῶν

1961 2113 2229 2193 τεσσάρων
2266 2113 2560 2192 στοιχείων.
2605 2116 2815 2173 Eadem
2846 2117 3096 2173 Stobaeus
3124 2119 3241 2174 Ecl.
3280 2130 3414 2175 tom.
3460 2121 3518 2189 Ι,

1958 2221 2015 2277 p·
2048 2202 2181 2277 796·

2039 2288 2242 2346 Sextus
2267 2291 2483 2365 Empir.
2507 2290 2653 2350 Adv.
2680 2292 2850 2349 math.
2887 2295 3094 2367 v11,p.
3133 2291 3244 2356 438
3277 2310 3292 2350 t
3325 2291 3393 2347 Οἱ
3422 2289 3516 2366 μὲν

1964 2373 2128 2451 μηδέν
2153 2397 2281 2456 φασι
2321 2368 2450 2434 εἶναι
2496 2374 2660 2447 αὐτὴν
2694 2375 2825 2458 (τὴν
2867 2376 3079 2458 ψυχὴν)
3117 2375 3263 2457 παρὰ
3311 2377 3371 2436 τὸ
3406 2381 3518 2444 πῶς

1962 2461 2085 2542 ἔχον
2108 2465 2262 2541 σῶμα
2279 2506 2296 2536 ,
2327 2462 2564 2544 καθάπερ
2599 2467 2627 2521 ὁ
2654 2465 2990 2545 Δικαίαρχος.

2036 2552 2121 2610 Id.
2148 2553 2423 2626 Pyrrhon.
2454 2553 2704 2628 Hypoth.
2733 2556 2821 2624 11,
2849 2575 2900 2612 c.
2938 2555 2969 2611 5
3005 2575 3019 2609 ε
3052 2555 3122 2611 Οἱ
3153 2552 3248 2629 μὲν
3287 2551 3363 2628 μὴ
3387 2543 3520 2612 εἶναι

1958 2638 2054 2707 τὴν
2098 2635 2270 2719 ψυχὴν
2318 2636 2542 2719 ἔφασαν,
2587 2640 2657 2705 ὡς
2702 2640 2751 2696 οἱ
2797 2639 2915 2717 περὶ
2956 2638 3041 2697 τὸν
3083 2639 3379 2710 Μεσσήνιον
3424 2645 3516 2699 Δι-

1957 2724 2236 2802 καίαρχον.

2038 2817 2251 2873 Atticus
2281 2816 2598 2871 Platonicus
2625 2834 2715 2889 ap.
2749 2815 2954 2871 Euseb.
2999 2813 3097 2871 Pr.
3146 2818 3243 2872 Ev.
3285 2818 3418 2886 XV,
3462 2823 3518 2890 9,

1953 2922 2016 2978 p.
2050 2902 2196 2979 810,
2227 2906 2273 2960 A
2305 2922 2318 2961 z
2346 2899 2533 2981 Τούτῳ
2563 2901 2670 2979 (sc.
2711 2903 2784 2980 τῷ
2827 2898 3197 2981 Ἀριστοτέλει)
3251 2906 3522 2981 τοιγαροῦν

1955 2988 2200 3065 ἑπόμενος
2241 2987 2558 3067 Δικαίαρχος
2602 2987 2693 3047 καὶ
2741 2990 2857 3047 κατ’
2894 2989 3173 3049 ἀκόλουθον
3221 2989 3397 3057 ’ἱκανὸς
3443 2988 3515 3047 ὧν

1955 3080 2163 3156 θεωρεῖν
2189 3074 2416 3158 ἀνῄρηκε
2444 3074 2538 3146 τὴν
2566 3074 2689 3148 ὅλην
2719 3075 3003 3136 ὑπόστασιν
3032 3081 3124 3149 τῆς
3152 3080 3341 3158 ιΙωχῆς.

2034 3166 2359 3223 Tertullian.
2380 3167 2466 3221 De
2486 3167 2656 3223 anim.
2681 3185 2728 3223 c.
2767 3165 2832 3221 15
2861 3186 2875 3220 ι
2900 3169 3155 3243 Denique
3183 3173 3280 3242 qui
3314 3182 3526 3243 negant

1951 3255 2290 3329 principale,
2315 3257 2491 3328 ipsam
2502 3258 2670 3328 prius
2694 3258 2946 3309 animam
2973 3254 3101 3308 nihi
3105 3255 3128 3307 l
3154 3266 3475 3310 censuerunt
3493 3274 3514 3308 .-

1958 3344 2270 3398 Messenius
2295 3341 2504 3414 aliquis
2541 3341 2928 3409 Dicaearchus,
2963 3359 3038 3396 ex
3074 3342 3308 3397 medicis
3328 3354 3513 3396 autem

1965 3430 2221 3484 Andreas
2247 3440 2304 3482 et
2324 3429 2688 3501 Asclepiades
2708 3433 2789 3482 ita
2813 3427 3155 3482 abstulerunt
3161 3430 3485 3502 principale
3496 3473 3516 3500 ‚

1963 3519 2095 3571 dum
2122 3521 2179 3571 in
2197 3520 2381 3570 animo
2411 3520 2528 3588 ipso
2549 3516 2750 3569 volunt
2768 3532 2885 3571 esse
2901 3532 3111 3582 sensus,
3145 3533 3370 3588 quorum
3389 3520 3522 3568 vin-

329 3630 410 3678 ita
432 3625 767 3698 figuratum,
802 3637 864 3681 ut
900 3629 1292 3701 temperatione
1329 3637 1548 3680 natura?
1582 3628 1780 3697 vigeat
1816 3634 1875 3676 et
1959 3606 2186 3659 dicatur
2193 3604 2537 3679 principale.

324 3717 546 3771 sentiat.
574 3713 819 3770 Eandem
849 3717 974 3773 Dic.
1006 3715 1333 3770 sententiam
1369 3714 1563 3788 paucis
1609 3711 1785 3782 tangit
1812 3710 1871 3763 in

326 3800 487 3857 Tusc.
524 3802 580 3872 1,
606 3819 691 3857 11.
727 3800 821 3859 18.
849 3820 943 3861 22.
977 3800 1245 3857 Academ.
1274 3802 1373 3874 IV,
1407 3806 1501 3865 40.

1050 3906 1150 3963 63.

403 3982 739 4069 Iambliclius
761 4032 851 4087 ap.
868 4014 1150 4069 Stobaeum
1168 4012 1285 4069 Ecl.
1307 4022 1446 4067 tom.
1474 4013 1530 4080 1,
1553 4029 1612 4084 p.
1641 4012 1758 4080 870
1783 4008 1871 4065 ed.

329 4106 549 4160 Heeren
578 4121 592 4162 ε
623 4105 882 4160 Animam
908 4104 1167 4160 nonnulli
1195 4120 1308 4159 esse
1335 4102 1530 4158 dicunt
1557 4098 1615 4157 τὸ
1647 4104 1738 4157 τοῦ
1772 4097 1874 4157 σώ-

2516 3747 2966 3807 ΛΕΣΒῙΑΚΟΣ.

2694 3876 2790 3937 65.

2046 4012 2242 4068 Cicero
2282 4013 2443 4068 Tusc.
2488 4012 2544 4079 1,
2581 4008 2645 4064 31
2685 4025 2699 4067 ε
2731 4012 3019 4064 Acerrime
3059 4018 3243 4062 autem
3289 4007 3519 4059 delicia-.-

1966 4119 2133 4168 meoe,
2189 4097 2570 4166 Dicaearchus,
2623 4107 2816 4153 contra
2855 4095 3006 4150 hanc
3049 4094 3520 4150 immortalitatem

326 4212 491 4265 ματος
514 4188 592 4263 ὃν,
618 4188 797 4271 ὥσπερ
826 4188 886 4248 τὸ
928 4192 1317 4271 ἔμψυχοῧσθαι,
1343 4191 1475 4268 αὐτῇ
1512 4186 1564 4246 δὲ
1593 4185 1666 4264 μὴ
1706 4183 1873 4267 παρὸν
1963 4189 2240 4245 disseruit.
2276 4189 2339 4242 Is
2366 4190 2514 4241 enim
2539 4196 2647 4241 tres
2676 4184 2844 4239 libros
2867 4186 3112 4258 scripsit,
3148 4187 3243 4255 qui
3267 4180 3523 4235 Lesbiaci

328 4280 393 4355 τῇ
420 4281 563 4359 ψυχῇ
600 4277 776 4358 ὥσπερ
805 4277 1057 4360 ὑπάρχον,
1095 4268 1179 4337 οἷα
1219 4273 1283 4346 δὴ
1316 4274 1526 4354 λέγεται
1555 4273 1676 4356 περὶ
1702 4277 1874 4354 ψυχῆς
1961 4286 2247 4345 vocantur,
2279 4275 2430 4350 quod
2451 4274 2744 4344 Mytilenis
2757 4290 2936 4327 sermo
2956 4269 3218 4337 lwbetur5
3245 4274 3302 4322 in
3330 4268 3523 4341 quibus

324 4365 470 4446 παρὰ
509 4367 813 4448 Δικαιάρχῳ
845 4370 918 4445 τῷ
948 4363 1252 4444 Μεσσηνίῳ.
1299 4366 1384 4425 Cs.
1425 4363 1630 4422 Osan'n.
1670 4382 1729 4437 p.
1772 4363 1870 4422 51.

894 4585 997 4643 DE
1038 4583 1303 4643 ΑΝΙΜΑ.

817 4713 1394 4776 ΟΟΒΙΝΤΗῘΑΟΠὸ.

1049 4850 1139 4901 63.

394 4986 611 5037 Animam
649 4987 868 5037 nonnulli
890 4998 993 5036 esse
1023 4984 1189 5036 dicunt
1216 4988 1430 5051 corporis
1456 4988 1745 5051 principium
1774 4989 1875 5039 sive

326 5063 431 5112 ‘vim
450 5064 664 5125 vitalem,
696 5077 789 5112 non
810 5066 973 5113 tamen
999 5063 1069 5114 ita
1098 5066 1153 5113 ut
1182 5076 1268 5127 per
1289 5078 1339 5113 se
1368 5066 1418 5115 in
1440 5066 1599 5116 anima
1618 5066 1843 5115 consistat
1863 5083 1876 5126 ;

332 5140 487 5205 qualis
504 5142 578 5191 est
601 5140 869 5191 Dicaearchi
890 5138 1103 5191 Messenii
1123 5142 1373 5192 sententia.

1961 4366 2084 4422 vult
2108 4358 2334 4437 ej'ficere
2361 4366 2577 4417 animos
2601 4378 2720 4416 esse
2749 4360 3027 4413 mortales.

2697 4528 2768 4578 64

2030 4612 2336 4664 nica-archus
2357 4610 2568 4661 animam
2595 4622 2701 4660 esse
2733 4565 3032 4658 hei-moniam
3056 4608 3288 4668 quattuor
3310 4603 3520 4655 elemen-

1964 4693 2129 4742 torum
2146 4690 2282 4754 dicit,
2302 4690 2351 4740 id
2365 4693 2464 4753 est,
2483 4688 2749 4739 mixturam
2771 4689 2821 4736 et
2838 4688 3126 4735 concentum
3146 4683 3523 4743 elementorum;

1964 4782 2122 4833 neque
2141 4768 2272 4819 enim
2293 4780 2523 4819 sonorum
2545 4765 2845 4816 bonnoniam
2865 4763 2978 4826 ,sed
2998 4776 3106 4813 enm
3129 4761 3307 4826 quain
3323 4773 3527 4823 corpore
3640 4813 3643 4816 ,

1965 4850 2134 4897 nostro
2164 4848 2238 4895 est
2262 4844 2404 4895 calidi
2438 4846 2490 4895 et
2521 4843 2703 4907 trigldi,
2741 4842 2929 4893 humidi
2956 4843 3008 4892 et
3035 4841 3150 4892 sicci
3185 4840 3448 4889 mixturam
3475 4840 3526 4886 et

1967 4927 2256 4975 concentum
2277 4923 2545 4986 significare
2562 4922 2670 4972 vult
2705 4936 2718 4969 :
2753 4921 2982 4970 nimirum
3022 4913 3084 4971 e‘x
3124 4919 3200 4969 hic
3233 4917 3393 4969 anima
3411 4928 3526 4965 con·

1969 5002 2112 5052 natur
2130 5000 2395 5050 secundum
2413 5000 2671 5051 nonnullos
2683 4998 2877 5062 quidem
2895 4997 2960 5048 ita
2974 5034 2988 5060 ,
3007 5000 3062 5046 ut
3083 5010 3167 5061 per
3189 5008 3240 5047 se
3257 4990 3523 5046 substantia

1967 5080 2056 5141 sit,
2075 5076 2336 5128 secundum
2361 5076 2662 5128 Aristotelem
2677 5089 2793 5127 vero
2815 5078 2866 5126 et
2884 5074 3212 5126 Dicoearchum
3233 5072 3299 5122 ita
3311 5108 3325 5134 ,
3347 5075 3402 5120 ut
3424 5083 3522 5119 non

1967 5157 2027 5205 sit
2050 5155 2342 5217 substantia,
2361 5153 2379 5216 (
2396 5154 2489 5205 sed
2511 5154 2648 5204 nihil
2682 5156 2782 5204 nisi
2805 5152 3030 5216 effectus
3058 5153 3284 5215 corporis
3306 5148 3522 5199 elemen-

1973 5236 2141 5284 torum
2160 5233 2464 5285 harmonica
2478 5236 2680 5285 ratione
2696 5236 2882 5283 mixtor
2891 5244 2978 5283 um
3001 5233 3037 5295 ).
