4016 5916
491 422 602 473 380
1499 413 2080 474 NYMPHODORUS
2123 414 2685 478 SYRACUSANUS.

482 561 574 596 νοι.
596 540 742 595 Mela
764 542 849 594 De
872 540 956 593 sit.
989 540 1114 593 orb.
1139 540 1197 610 Ι,
1225 557 1310 611 19.
1338 538 1417 593 Cf.
1451 540 1640 612 Apoll.
1671 540 1783 595 Rh.
1809 540 1846 593 l.
1868 541 1905 597 l.
1930 541 2029 614 qui
2127 541 2285 620 δωρος
2303 539 2357 598 δὲ
2385 544 2413 597 ὁ
2438 539 2808 621 Ἀμφιπολίτης
2832 543 2885 599 ἐν
2912 539 3068 621 τρίτῳ
3098 540 3356 619 Νομίμων
3383 543 3559 613 Ἀσίας
3586 548 3681 610 τὸ,

480 629 645 682 etiam
668 627 881 699 reliqua
896 643 1025 698 quae
1046 626 1116 680 dc
1140 624 1497 699 Mossynoecis
1513 638 1703 682 narrat
1713 645 1780 681 ex
1797 628 1865 685 N.
1891 645 2034 681 sum·
2124 617 2276 685 Ἆπιν
2309 625 2396 684 τὸν
2429 631 2617 706 ταῦρον
2643 626 3027 698 τελευτήσαντα
3065 628 3154 686 καὶ
3194 630 3561 708 ταριχευθέντα
3608 638 3683 703 εἷς

476 715 671 786 pserit.
694 711 934 768 Diodor.
957 713 1108 782 XIV,
1123 711 1220 785 30,
1248 713 1506 785 7,ibique
1521 713 1845 789 wesseling.
1864 716 2033 770 Hem·

476 801 716 857 sterhus.
740 797 813 854 ad
837 797 1120 872 Aristoph.
1144 791 1362 870 Plut.p.
1387 798 1481 869 873
1499 798 1720 856 Berkel.
1743 799 1813 855 ad
1835 801 2028 874 Steph.

477 904 535 960 p.
566 885 702 951 564.

1212 983 1301 1036 17.

558 1069 748 1129 Schol.
799 1069 986 1142 Apoll.
1029 1070 1141 1128 Rh.
1180 1070 1297 1140 111,
1343 1087 1454 1124 202
1487 1085 1501 1125 :
1544 1064 1628 1126 T&
1655 1069 1756 1124 τῶν
1804 1067 2029 1145 ἀρσένων

476 1153 699 1229 σώματα
740 1155 799 1213 οὗ
839 1152 983 1229 θέμις
1026 1153 1250 1232 Κόλχοις
1285 1152 1400 1212 οὗτε
1429 1152 1596 1211 καίειν
1637 1151 1754 1211 οὔτε
1792 1155 2030 1212 θάπτειν·

480 1239 693 1319 βύρσαις
725 1239 780 1298 δὲ
808 1241 1015 1320 νεαραῖς
1038 1242 1292 1307 εἱλοῦντες
1316 1240 1548 1319 ἐκρέμων
1574 1243 1678 1298 τῶν
1701 1240 1927 1319 ἀρσένων
1963 1239 2031 1300 τὰ

477 1327 718 1405 σώματα,
742 1327 807 1386 τὰ
831 1328 885 1387 δὲ
919 1328 1078 1398 θήλεα
1105 1336 1171 1408 τῇ
1232 1332 1265 1346 ‘⁹
1292 1327 1544 1401 ἐδίδοσαν,
1565 1327 1635 1394 ὥς
1659 1350 1786 1408 φησι
1810 1328 2032 1409 Νυμφό-

476 1417 661 1495 δωρος,
698 1406 741 1494 ᾧ
780 1413 1100 1485 ἠκολούθησε
1140 1352 1266 1496 (gn
1267 1414 1407 1472 δοκεῖ
1435 1405 1580 1479 οὗτος
1620 1414 2028 1485 ἠκολουθηκέναι

477 1506 607 1564 cod.
632 1506 802 1563 Paris,
831 1507 873 1580 ).
907 1501 1163 1563 Σέὸονται
1191 1500 1243 1560 δὲ
1266 1502 1496 1580 μάλιστα
1522 1500 1738 1582 οὐρανὸν
1757 1502 1847 1560 καὶ
1870 1506 1985 1580 γῆν.

1207 1608 1297 1668 18.

565 1720 755 1776 Schol.
811 1721 1002 1793 Apoll.
1054 1720 1163 1779 Rh.
1210 1722 1308 1791 lv,
1359 1725 1505 1790 1470
1558 1738 1572 1773 :
1622 1716 1938 1797 Πολύφημος
1976 1720 2030 1775 ἐν

478 1803 660 1885 Μυσίᾳ
702 1803 1061 1886 καταλειφθεὶς
1111 1804 1281 1863 ἔκτισε
1333 1804 1481 1863 πόλιν
1532 1802 1679 1877 Κίον,
1729 1804 1821 1875 τὴν
1867 1801 2029 1871 οὕτως

474 1894 848 1967 ὀνομασθεῖσαν
886 1891 988 1949 ἀπὸ
1024 1896 1114 1949 τοῦ
1144 1892 1522 1974 παραρρέοντος
1550 1896 1810 1968 ποταμοῦ.
1843 1891 2027 1970 Μαχά-

476 2001 628 2056 μενος
658 1978 785 2059 πρὸς
818 1977 1071 2045 Χάλυὸας
1088 1970 1233 2046 οὗτος
1257 1978 1605 2051 ἐτελεύτησεν,
1628 1975 1698 2045 ὥς
1721 2002 1846 2059 φησι
1875 1981 2029 2055 Νυμ-

474 2065 721 2146 φόδωρος.
749 2065 877 2127 “Ort
902 2066 955 2125 δὲ
980 2064 1073 2137 τὴν
1106 2067 1232 2126 Κίον
1263 2065 1480 2140 ἔκτισεν,
1503 2066 1706 2147 εἴρηκεν
1735 2065 2029 2147 Αὖτόχαρις

474 2155 527 2210 ἐν
558 2151 750 2235 πρώτῳ
781 2152 1015 2234 Χρόνων.
1047 2157 1132 2214 cf.
1168 2158 1392 2213 Miiller.
1426 2158 1579 2214 Min.
1609 2174 1669 2230 p.
1702 2154 1837 2230 293.
1879 2158 2029 2212 Num

471 2242 591 2298 haec
628 2261 890 2317 quoque,
916 2243 1078 2299 sicuti
1114 2244 1359 2316 reliqua,
1396 2263 1519 2317 quae
1559 2243 1736 2298 schol.
1772 2243 1965 2315 Apoll.
1997 2260 2029 2296 e

470 2331 887 2404 Nymphodoro
934 2333 1099 2402 citat,
1142 2332 1212 2387 ad
1252 2333 1512 2387 Nomima
1559 2333 1908 2404 pertineant,
1955 2349 2027 2384 an

470 2437 503 2474 e
520 2422 745 2493 Periplo
768 2422 944 2494 petita
964 2421 1097 2491 sint,
1119 2422 1177 2474 in
1204 2421 1395 2476 medio
1422 2421 1706 2493 relinqu0.

942 2540 1177 2594 ‘LIBER
1218 2540 1551 2597 TERTIUS.

1202 2667 1294 2721 19.

557 2768 745 2825 Schol.
775 2768 1010 2824 Lucian.
1041 2767 1281 2839 Lexiph.
1320 2785 1370 2821 c.
1413 2766 1471 2832 6,
1500 2784 1559 2839 p.
1594 2763 1693 2820 151
1736 2765 1827 2822 ed.
1859 2767 2024 2819 Jaco-

466 2856 598 2912 bitz.
623 2873 638 2908 :
662 2851 716 2910 'A
734 2849 1026 2931 ὅυρτᾶκη
1049 2872 1063 2910 :
1084 2852 1361 2926 σκεύασμα
1386 2850 1700 2930 βαρὸαρικὸν
1723 2849 1805 2906 διὰ
1829 2850 2025 2929 καρδά-

465 2964 567 3017 μου
594 2938 685 2998 καὶ
706 2938 944 3020 πράσων.
973 2938 1325 3019 Νυμφόδωρος
1350 2938 1404 2996 δὲ
1425 2940 1475 2995 έν
1500 2937 1656 3018 τρίτῳ
1679 2936 2024 3016 Βαρὸαρικῶν

466 3026 638 3103 νόμων
680 3025 834 3106 φησὶν
863 3029 933 3094 ὡς
983 3028 1176 3104 λυτικῷ
1220 3030 1314 3097 τῆς
1359 3024 1556 3090 κοιλίας
1584 3028 1811 3104 χρῆσθαι
1850 3025 2017 3106 τούτῳ

465 3112 584 3179 τοὺς
615 3111 927 3192 βαρὸἀρους.

544 3205 630 3258 De
659 3196 930 3278 ἀὸυρτᾶκῃ
952 3201 1250 3257 Medorum
1290 3201 1362 3257 cf.
1397 3202 1749 3275 Theopomp.
1782 3201 1848 3256 sr.
1901 3200 2012 3272 337

465 3298 522 3345 et
536 3289 739 3362 steph.
762 3288 924 3344 Thes.
955 3306 998 3347 s.
1023 3308 1078 3347 v.

1197 3396 1292 3434 20.

540 3481 714 3539 Clem.
735 3481 897 3536 Alex.
919 3482 1125 3536 Strom.
1156 3482 1204 3550 1,
1234 3499 1326 3549 21,
1347 3498 1406 3553 p.
1444 3479 1553 3554 139
1572 3481 1726 3553 Sylb.
1756 3499 1770 3536 ε
1801 3478 2020 3557 Νυμφό-

1196 3650 1276 3700 17.

523 3747 726 3796 Marium
749 3760 947 3809 corpora
966 3761 1064 3799 non
1081 3748 1153 3798 sas
1167 3750 1238 3797 est
1253 3747 1383 3810 apud
1404 3738 1608 3799 'Colchos
1626 3761 1781 3810 neque
1802 3761 2016 3797 cremare

460 3838 617 3888 neque
647 3826 872 3888 sepelire5
900 3826 984 3877 sed
1000 3827 1142 3875 coriis
1164 3840 1330 3877 recens
1347 3827 1573 3877 detractis
1594 3828 1891 3877 involventes
1916 3839 2016 3877 sus·

461 3900 674 3965 pendunt
697 3901 902 3951 marium
926 3916 1152 3965 corpora,
1177 3904 1463 3954 seminarum
1482 3918 1597 3954 vero
1617 3906 1759 3954 teri-ze
1792 3904 2015 3953 commit-

459 3980 597 4040 tunt,
621 3979 693 4028 uti
720 3978 867 4028 tradit
895 3979 1286 4042 Nymphodorus„
1313 3994 1459 4043 quem
1490 3979 1768 4043 Apollonius
1787 3980 2015 4041 sequitur.

462 4058 564 4105 Prze
585 4057 753 4107 ceteris
776 4057 943 4107 Colchi
960 4060 1248 4107 venerantur
1264 4059 1413 4108 solem
1434 4061 1483 4109 et
1503 4064 1695 4109 terram.

1203 4142 1285 4192 18.

521 4227 837 4290 Polyphemus
858 4229 904 4277 in
923 4228 1069 4291 Mysia
1085 4229 1280 4279 relictus
1297 4231 1437 4280 Cium
1458 4230 1627 4280 urbem
1644 4231 1879 4293 condidit,
1904 4243 2014 4292 quae

456 4317 488 4352 a
518 4304 712 4356 flumine
744 4307 1094 4368 praeterfluente
1118 4308 1361 4358 nominata
1382 4312 1471 4358 est.
1536 4309 1674 4359 Diem
1697 4310 2017 4372 Polyphemus

458 4381 577 4430 obiit
595 4385 761 4432 contra
784 4383 1018 4446 Chalybes
1040 4397 1257 4447 pugnans
1273 4422 1288 4448 ,
1307 4386 1431 4435 teste
1452 4384 1806 4448 Nymphodoro.
1873 4386 2014 4435 cium

457 4471 572 4509 vero
599 4460 767 4510 urbem
791 4461 853 4510 ab
879 4476 936 4511 eo
959 4464 1200 4514 conditam
1228 4477 1356 4526 esse,
1385 4464 1532 4515 tradit
1556 4464 1835 4515 Autocharis
1857 4465 2012 4515 Chro-

456 4537 674 4588 nicorum
692 4539 813 4588 libro
831 4540 1004 4602 primo.

520 4707 753 4772 Abyrtace
769 4747 784 4772 ,
804 4708 1107 4759 barbaricum
1130 4710 1345 4760 edulium
1368 4723 1396 4759 e
1413 4710 1639 4761 cardamo
1662 4712 1709 4760 et
1727 4710 1881 4774 porris
1892 4723 2008 4759 cou-

458 4784 655 4837 sectum.
718 4787 1085 4851 Nymphodorus
1110 4800 1225 4839 vero
1244 4789 1292 4838 in
1313 4788 1452 4839 tertio
1478 4792 1808 4840 institutorum
1827 4789 2007 4841 Barba·

457 4860 664 4913 rlcorum
687 4864 754 4913 ait
772 4864 1003 4914 barbaros
1025 4878 1082 4913 eo
1105 4864 1166 4914 ad
1184 4865 1349 4915 alvum
1368 4864 1647 4917 solvendam
1673 4865 1762 4917 uti.

520 5035 888 5097 Nymphodorus
911 5036 1232 5098 Amphipolim
1252 5037 1311 5101 (?)
1349 5038 1639 5101 libro2tertio
1676 5041 2008 5090 institutorum

456 5109 580 5161 Asiae
594 5115 757 5161 narrat
784 5114 930 5174 Apim
952 5115 1145 5161 taurum
1164 5113 1263 5163 vita
1287 5112 1566 5165 defunctum
1584 5118 1633 5166 et
1655 5116 1744 5165 rite
1761 5116 2006 5167 conditum

2125 712 2276 793 σορὸν
2318 713 2652 772 ἀποτίθεσθαι
2688 718 2763 795 τῷ
2796 717 2904 795 ναῷ
2945 720 3036 774 τοῦ
3076 715 3367 792 τιμωμένου
3407 719 3681 796 δαίμονος,

2123 804 2396 860 κάντεῦθεν
2433 800 2696 881 Σορόαπιν
2726 804 2981 873 κληθῆναι
3017 802 3109 862 καὶ
3147 804 3388 882 Σάραπιν
3432 810 3682 888 συνηθείᾳ

2122 889 2220 946 τινὶ
2248 892 2351 947 τῶν
2371 888 2634 969 ἐγχωρίων
2662 887 2890 968 ὕστερον.
2917 892 3001 950 Cf.
3025 894 3208 967 Heyn.
3235 893 3308 949 ad
3335 898 3678 968 Apollodor.

2121 982 2209 1049 11,
2253 1000 2302 1049 1,
2348 999 2398 1049 1,
2431 980 2486 1038 6.
2529 990 2583 1035 et
2624 997 2765 1052 quos
2798 980 2986 1036 laudat
3021 984 3298 1055 Droysen.
3339 986 3673 1047 Hellenism.

2121 1068 2211 1137 11,
2240 1086 2301 1141 p.
2332 1074 2426 1134 41.

2849 1191 2943 1230 αι.

2379 1313 2631 1390 [LIBER
2671 1317 2993 1372 DECIMUS
3036 1318 3346 1386 TERTIUS
3362 1318 3417 1388 P]

2199 1467 2386 1523 Schol.
2409 1466 2583 1539 Soph.
2607 1464 2753 1523 OEd.
2784 1467 2844 1522 C.
2878 1465 2988 1537 337
3024 1485 3038 1521 t
3065 1466 3415 1546 Νυμφόδωρος
3438 1466 3491 1526 δὲ
3517 1470 3570 1527 ἓν
3599 1472 3674 1549 τῷ

2121 1551 2185 1629 ιγ’
2217 1552 2304 1629 [ἐν
2325 1555 2399 1631 τῷ
2429 1550 2477 1629 γ’
2504 1554 2672 1609 scrib.
2722 1552 2990 1630 videtur]
3015 1555 3115 1609 τῶν
3150 1555 3486 1634 [Νομίμων]
3520 1560 3671 1636 Bup-

2120 1638 2347 1717 ὄαρικῶν
2369 1638 2554 1719 γράφει
2573 1636 2757 1704 οὕτως’
2789 1665 2813 1690 ι
2831 1636 3012 1697 Ἔθεσι
3038 1635 3091 1696 δὲ
3112 1638 3179 1697 τὰ
3197 1640 3291 1718 μὲν
3312 1643 3581 1715 ἐναντίοις,
3605 1644 3674 1703 τὰ

2119 1726 2171 1784 δὲ
2192 1726 2384 1803 ὁμοίοις
2405 1730 2635 1806 χρῶνται
2657 1727 2755 1807 (sc.
2781 1728 2829 1784 οἱ
2851 1725 3164 1804 Αἰγύπτιοι)
3191 1732 3295 1795 τοῖς
3311 1726 3560 1803 εἝλλησι.
3591 1733 3672 1793 Τὸ

2119 1816 2211 1893 μὲν
2234 1815 2334 1895 γὰρ
2359 1815 2651 1883 ἐξίστασθαι
2684 1823 2787 1880 τοῖς
2814 1815 3181 1896 πρεσὸυτέροις
3211 1815 3327 1885 τοὺς
3349 1818 3628 1900 νεωτέρους
3649 1866 3667 1894 ,

2118 1902 2418 1984 ὁμοτρόπως
2459 1902 2549 1961 καὶ
2581 1906 2708 1979 ἡμῖν
2761 1905 3036 1976 διοικοῦσι,
3083 1906 3185 1962 τῶν
3224 1906 3268 1963 δ’
3298 1905 3470 1964 ἄλλων
3500 1909 3666 1968 οὐδέν.

2119 1991 2211 2049 Ἐν
2242 1989 2334 2066 μὲν
2374 1987 2474 2069 γὰρ
2504 1992 2608 2055 τοῖς
2651 1985 2913 2060 ’Ἕλλησιν
2962 1992 3012 2049 οἱ
3031 1990 3146 2066 ’μὲν
3187 1990 3366 2071 ἄνδρες
3401 1994 3538 2052 κατὰ
3570 1995 3669 2068 τὴν

2119 2075 2310 2158 ἀγορὰν
2351 2078 2724 2153 οἷκονομοῦσιν,
2767 2078 2821 2133 αἱ
2864 2076 2918 2134 δὲ
2959 2079 3195 2154 γυναῖκες
3238 2079 3377 2139 ἔνδον
3419 2079 3666 2156 μένουσαι

2117 2166 2600 2245 ταλασιουργοῦσιν·
2638 2167 2745 2223 ἐκεῖ
2790 2164 2843 2223 δὲ
2892 2167 2947 2223 αἱ
2989 2164 3082 2242 μὲν
3119 2171 3357 2242 γυναῖκες
3402 2171 3454 2226 ἐν
3503 2173 3668 2253 ἀγορᾷ

2116 2257 2464 2333 περιπατοῦσι
2487 2251 2579 2311 καὶ
2601 2251 3004 2325 καπηλεύουσιν,
3034 2255 3082 2311 οἱ
3110 2252 3165 2311 δὲ
3193 2252 3371 2332 ἄνδρες
3408 2256 3544 2314 κατὰ
3571 2255 3667 2328 τὴν

2117 2340 2282 2398 οἰκίαν
2314 2340 2630 2420 ὑφαίνουσιν.
2667 2338 2735 2399 Ὃ
2777 2338 2878 2418 γὰρ
2910 2337 3202 2419 Σέσωστρις
3239 2343 3514 2414 ἐκθηλῦναι
3555 2345 3671 2411 τοὺς

2118 2429 2307 2510 ἄνδρας
2340 2426 2645 2505 βουλόμενος
2661 2472 2676 2500 ,
2709 2425 2797 2484 ἅτε
2824 2426 3073 2504 μεγίστης
3099 2426 3277 2507 χώρας
3298 2430 3671 2507 γεγενημένους

2116 2514 2204 2574 καὶ
2228 2514 2449 2581 πολλοὺς
2472 2515 2649 2588 ὄντας,
2683 2513 2819 2580 ὅπως
2847 2513 2921 2591 μὴ
2962 2514 3335 2595 συστραφέντες
3357 2517 3440 2574 ἐπ’
3467 2520 3673 2595 ἰσομοι-

2119 2602 2231 2683 ρίαν
2260 2602 2553 2683 ὁρμῆσωσι,
2581 2602 2648 2661 τὰ
2684 2602 2779 2678 μὲν
2808 2600 3014 2661 ἐκείνων
3045 2601 3171 2683 ἔργα
3202 2605 3312 2671 ταῖς
3340 2606 3563 2683 γυναιξὶ,
3597 2607 3666 2667 τὰ

2116 2690 2168 2748 δὲ
2205 2695 2306 2749 τῶν
2348 2694 2602 2770 γυναικῶν
2641 2689 2847 2757 ἐκείνοις
2889 2689 3226 2771 προσέταξεν,
3268 2691 3352 2751 ἵνα
3399 2694 3473 2770 μὴ
3512 2694 3669 2772 μόνον

2115 2781 2215 2836 τῶν
2245 2778 2418 2836 ὅπλων
2446 2777 2802 2859 στερηθέντες,
2828 2776 2965 2836 ἀλλὰ
2999 2777 3088 2837 καὶ
3116 2778 3209 2850 τὴν
3238 2780 3411 2860 ψυχὴν
3436 2780 3535 2840 ὑπὸ
3562 2785 3665 2840 τῶν

2115 2864 2537 2941 ἐπιτηδευμάτων
2563 2863 2847 2938 ἀνεθέντες,
2875 2863 3110 2939 ἀσμένως
3138 2867 3223 2925 ἐπὶ
3248 2868 3352 2934 τοῖς
3377 2868 3671 2949 ὑπάρχουσι

2115 2952 2497 3029 καταμένωσιν.
2545 2951 2705 3013 Ὅθεν
2744 2952 2861 3019 τοὺς
2908 2951 3002 3031 μὲν
3044 2952 3221 3034 ψιλοὺς
3262 2947 3426 3031 εἶναι,
3469 2955 3561 3024 τὰς
3611 2956 3670 3016 δὲ

2116 3040 2311 3098 ἀνιέναι
2340 3039 2432 3107 τὰς
2476 3040 2657 3121 τρίχας
2694 3038 3005 3120 προσέταξε·
3043 3041 3133 3100 καὶ
3179 3041 3294 3109 τοὺς
3327 3041 3416 3119 μὲν
3445 3043 3531 3100 ἐπὶ
3559 3046 3668 3101 τῶν

2113 3130 2352 3208 κεφαλῶν
2381 3125 2548 3206 φέρειν
2577 3126 2639 3185 τὰ
2665 3127 2849 3207 φορτία
2865 3173 2881 3200 ,
2902 3125 2994 3195 τὰς
3014 3128 3067 3187 δὲ
3094 3129 3177 3187 ἐπὶ
3201 3133 3302 3187 τῶν
3321 3128 3470 3206 ὤμων
3495 3130 3666 3208 ἠνοίγ-

2117 3237 2264 3273 κασε.
2297 3211 2526 3273 Ἔπειτα
2555 3213 2608 3272 δὲ
2644 3214 2762 3281 τοὺς
2796 3215 2889 3291 μὲν
2920 3215 3262 3293 καθημένους,
3295 3216 3384 3283 τὰς
3415 3215 3469 3274 δὲ
3506 3216 3664 3297 ὀρθὰς

2113 3300 2342 3368 ἑστώσας
2378 3301 2565 3382 οὐρεῖν.
2609 3300 2716 3360 Καὶ
2756 3299 2871 3368 τοὺς
2904 3302 3042 3377 (τοῖς
3079 3304 3213 3378 Br.)
3254 3303 3348 3380 μὲν
3394 3304 3438 3381 β’
3476 3303 3668 3381 ἱμάτια

2111 3388 2390 3469 περιέὸαλε
2411 3433 2427 3463 ,
2457 3388 2550 3456 τὰς
2578 3390 2726 3465 (ταῖς
2762 3387 2895 3469 Br.)
2927 3388 2981 3447 δὲ
3020 3387 3099 3448 ἕν·
3131 3389 3516 3467 ὑπολαμόοίνων
3548 3389 3665 3467 ἅμα

2116 3478 2220 3542 τοῖς
2259 3475 2638 3552 ἐπιτηδεύμασι
2681 3465 2771 3533 καὶ
2810 3474 2901 3543 τὰς
2944 3475 3116 3556 ψυχὰς
3159 3479 3327 3536 αὐτῶν
3371 3478 3666 3549 ἐκθηλύνειν

2108 3644 2218 3692 hinc
2228 3643 2454 3706 appellari
2471 3647 2737 3706 Soroapim
2751 3681 2765 3705 ,
2781 3642 2910 3707 quod
2928 3656 3102 3692 nomen
3115 3642 3336 3707 deinceps
3348 3658 3436 3693 usu
3450 3645 3664 3708 quodam

2107 3719 2278 3782 linguae
2301 3719 2625 3782 indigenarum
2645 3719 2814 3770 abierit
2830 3719 2878 3768 in
2902 3722 3160 3782 Sarapim.

2166 3881 2532 3944 Nymphodorus
2571 3881 2692 3931 libro
2726 3801 2895 3931 ιενιῗο1
2907 3882 3245 3931 institutorum
3292 3882 3662 3933 Barbaricorum

2103 3960 2283 4009 scribit:
2309 3978 2332 4001 κ
2360 3959 2563 4021 AEgyptii
2581 3959 2795 4008 moribus
2812 3961 3032 4020 utuntur,
3052 3960 3134 4022 qui
3155 3959 3334 4011 Graecis
3351 3959 3525 4022 partim
3550 3974 3662 4010 con·

2102 4036 2234 4086 tran-ii
2262 4037 2437 4098 partim
2454 4035 2630 4085 similes
2643 4038 2773 4086 sunt.
2794 4038 2913 4085 Nam
2932 4036 3059 4097 quod
3078 4038 3278 4097 surgunt
3299 4037 3562 4087 senioribus
3577 4038 3658 4099 jn-

2049 4170 2050 4173 *
2102 4113 2277 4173 nioreS,
2292 4111 2338 4161 id
2354 4111 2548 4175 quidem
2568 4125 2679 4161 cnm
2694 4113 2974 4162 Nostrorum
2994 4126 3082 4161 usu
3102 4112 3312 4162 concinit
3329 4131 3343 4174 ;
3368 4116 3525 4163 cetera
3540 4128 3659 4163 vero

2101 4191 2260 4240 omnia
2279 4189 2519 4240 differunt.
2545 4189 2682 4252 Apud
2699 4191 2893 4239 Graeeos
2920 4189 3048 4239 enim
3073 4189 3162 4238 viri
3187 4190 3234 4238 in
3258 4192 3457 4240 macello
3475 4204 3552 4240 res
3569 4192 3657 4241 do-

2100 4268 2322 4317 mesticas
2339 4269 2537 4328 curant,
2565 4265 2787 4315 mulieres
2809 4265 2938 4315 domi
2959 4268 3207 4315 manentes
3233 4267 3393 4316 lanam
3415 4269 3656 4328 tractant3

2101 4346 2199 4394 illic
2215 4347 2376 4397 autem
2392 4345 2615 4394 mulieres
2623 4345 2672 4393 in
2687 4344 2789 4393 soro
2802 4344 3108 4393 deambulant
3121 4347 3170 4395 et
3191 4346 3374 4394 venalia
3391 4346 3661 4395 nundinam-

2098 4423 2198 4483 tur,
2220 4422 2309 4471 viri
2328 4423 2541 4472 texentes
2564 4420 2694 4469 domi
2711 4420 2937 4470 desident.
3000 4422 3240 4471 Nimirum
3258 4422 3482 4471 Sesostris
3506 4436 3658 4484 quum

2102 4498 2314 4548 virorum
2337 4498 2519 4547 animos
2540 4497 2811 4547 effeminare
2830 4497 2999 4560 vellet,
3015 4510 3076 4547 ne
3098 4511 3182 4560 per
3200 4500 3375 4548 terram
3395 4497 3658 4549 maximam

2099 4578 2308 4641 dispersa
2327 4579 2488 4641 ingens
2504 4592 2669 4627 eorum
2684 4576 2944 4628 multitudo
2963 4578 3112 4628 coiret
3130 4581 3179 4628 et
3192 4578 3315 4640 juris
3332 4578 3655 4642 aequalitatem

2098 4654 2313 4705 obtinere
2346 4653 2682 4716 contenderet,
2712 4654 2827 4704 viris
2861 4653 3020 4704 officia
3054 4655 3340 4715 mulierum,
3377 4655 3657 4705 mulieribus

2098 4731 2255 4782 officia
2274 4732 2490 4781 virorum
2512 4732 2767 4795 imposuit,
2791 4732 2908 4782 adeo
2931 4733 3104 4782 utnon
3126 4732 3270 4783 modo
3287 4732 3433 4783 armis
3451 4732 3623 4795 privati
3637 4769 3654 4795 ,

2097 4808 2180 4859 sed
2206 4809 2377 4859 animis
2400 4808 2542 4859 etiam
2567 4811 2759 4871 propter
2782 4809 2970 4870 negotia
2999 4808 3277 4871 quotidiana
3313 4808 3546 4870 relaxati,
3579 4810 3655 4859 lu·

2097 4887 2263 4935 beuter
2283 4886 2502 4949 prasenti
2526 4899 2684 4935 rerum
2709 4887 2837 4935 statu
2868 4886 3241 4947 acquiescerent.
3307 4888 3471 4944 Quare
3505 4887 3655 4936 etiam

2098 4966 2225 5014 viros
2258 4963 2456 5014 tondere
2487 4976 2704 5024 comam,
2741 4963 2964 5013 mulieres
2997 4962 3250 5014 demissam
3289 4976 3451 5026 gerere
3483 4962 3652 5025 iussin

2097 5054 2239 5104 porro
2259 5040 2364 5090 illos
2375 5043 2428 5090 ut
2447 5041 2618 5103 capite,
2638 5040 2724 5090 has
2738 5043 2789 5089 ut
2803 5038 3016 5089 humeris
3025 5052 3170 5089 onera
3183 5042 3446 5101 gestarent,
3467 5042 3650 5102 megin

2097 5118 2301 5181 denique
2341 5118 2593 5181 imperavit
2635 5120 2689 5167 ut
2735 5117 2804 5166 illi
2841 5116 3106 5179 mingereut
3144 5116 3362 5167 sedentes
3376 5155 3392 5178 ,
3421 5118 3499 5166 hae
3534 5132 3652 5167 vero

457 5187 627 5249 deponi
666 5187 714 5236 in
746 5188 957 5238 loculum
986 5188 1178 5253 (σορὸν)
1216 5189 1265 5239 in
1307 5191 1485 5253 templo
1520 5193 1597 5242 dei
1633 5192 2004 5253 lionoratissinii5
2047 5196 2053 5231 Ι
2095 5197 2299 5257 stantes3
2322 5198 2376 5245 ut
2403 5195 2470 5244 illi
2491 5194 2688 5258 pallium
2714 5192 2917 5256 duplex,
2941 5193 3131 5243 feminee
3156 5192 3356 5255 simplex
3376 5190 3655 5243 induerent.
