4016 5916
1482 416 2064 478 ATHENIENSIUM
2107 418 2587 480 RESPUBLICA.

377 546 659 603 Libellum
698 546 854 601 illum
894 547 1088 602 Meieri
1129 548 1364 604 Lutetiae
1396 549 1667 622 inspicere
1708 568 1827 605 non
1855 550 1926 605 li-

377 635 515 691 cuit.

1101 764 1198 825 33.

458 900 872 974 Harpocration
897 919 953 958 v.
984 895 1152 976 Κυρία
1182 898 1432 970 ἐκκλησία
1467 920 1481 959 :
1507 900 1655 967 Τίνες
1678 901 1732 960 δὲ
1754 905 1807 960 αἱ
1836 901 1929 962 κύ-

379 1005 486 1062 ριαι
521 982 825 1058 ἐκκλησίαι,
859 981 1216 1062 Ἀριστοτέλης
1251 983 1539 1054 δεδήλωκεν
1579 988 1634 1045 ἐν
1671 992 1737 1059 τῆ
1777 988 1923 1061 Ἀθη·

380 1068 540 1127 ναίων
575 1067 850 1150 πολιτείᾳ,
885 1066 1051 1145 λέγων
1092 1066 1207 1137 τοὺς
1247 1069 1517 1149 πρυτάνεις
1558 1053 1795 1152 συνάγειν
1833 1076 1928 1147 τὴν

387 1154 579 1234 βουλὴν
613 1154 703 1214 καὶ
742 1155 830 1213 τὸν
880 1155 1076 1233 δῆμον,
1115 1153 1210 1226 τὴν
1248 1154 1353 1233 μὶν
1406 1160 1597 1236 βουλὴν
1636 1161 1924 1242 ὁσημέραι,

375 1240 514 1313 πλὴν
527 1239 618 1300 ἐάν
640 1263 716 1307 τις
745 1238 996 1321 ἀφέσιμος
1034 1240 1246 1320 (ἄφετος
1266 1246 1507 1324 Pollux)
1537 1236 1574 1325 ᾖ
1596 1289 1612 1317 ,
1640 1247 1727 1305 τὸν
1756 1248 1810 1305 δὲ
1835 1249 1922 1318 δῆ-

385 1351 485 1409 μον
508 1327 747 1412 τετράκις
775 1332 867 1402 τῆς
888 1333 1200 1411 πρυτανείας
1221 1330 1460 1403 ἑκάστης.
1508 1360 1529 1381 ‹-
1559 1332 1926 1413 Προγρᾶφουσι

373 1416 462 1490 δὲ,
513 1416 664 1499 φησὶ,
709 1416 801 1476 καὶ
853 1416 1036 1497 κυρίαν
1060 1414 1364 1490 ἐκκλησίαν,
1387 1418 1441 1475 ἐν
1490 1408 1630 1496 ᾗδεῖ
1647 1419 1740 1486 τὰς
1764 1419 1929 1499 ἀρχὰς

381 1506 811 1585 ἅποχειροτονεῗν,
849 1502 902 1562 οἳ
927 1506 1135 1563 δοκοῦσι
1163 1505 1237 1580 μὴ
1261 1506 1433 1571 καλῶς
1460 1505 1656 1586 ἄρχειν,
1680 1506 1770 1565 καὶ
1807 1508 1924 1588 περὶ

382 1594 620 1673 φυλακῆς
641 1590 698 1652 δὲ
725 1597 816 1664 τῆς
832 1590 1029 1673 χώρας.
1051 1617 1075 1644 ²·
1091 1590 1203 1652 Καὶ
1220 1589 1311 1659 τὰς
1339 1593 1662 1670 εἰσαγγελίας
1681 1596 1735 1652 ἕν
1760 1594 1924 1673 ταύτῃ

380 1683 446 1757 τῇ
494 1678 665 1761 ἡμέρα
698 1677 815 1746 τοὺς
855 1677 1197 1759 βουλομένους
1244 1677 1502 1737 ποιεῖσθαί
1544 1701 1706 1759 φησι,
1740 1679 1831 1739 καὶ
1856 1679 1923 1739 τὰ

374 1765 511 1837 ἑξῆς.

456 1854 540 1913 Εκ
565 1856 1014 1931 Harpocratione
1031 1873 1129 1912 sua
1143 1854 1356 1910 habent
1375 1853 1690 1931 Photiusp.
1720 1875 1850 1931 191,
1879 1875 1927 1926 1,

379 1945 582 2001 Suidas
628 1955 684 2000 et
723 1947 909 2019 Etym.
953 1946 1037 2002 Μ.
1082 1962 1128 2000 s.
1175 1962 1232 2001 v.
1277 1942 1365 2000 cf.
1405 1944 1714 2018 Hesychius
1759 1954 1928 2017 atque

371 2032 576 2088 Pollux
621 2033 782 2102 VIII,
822 2032 928 2107 95,
984 2050 1156 2106 quem
1214 2049 1283 2086 ex
1339 2032 1641 2087 Aristotele
1688 2032 1928 2087 hausisse

373 2137 495 2175 non
535 2119 774 2175 dubium
802 2132 882 2176 est
915 2140 928 2175 :
966 2120 1090 2177 Τῶν
1126 2116 1171 2174 δ’
1212 2117 1499 2189 ἐκκλησιῶν
1545 2121 1577 2188 ἡ
1624 2113 1719 2192 μὲν
1743 2116 1926 2197 κυρία,

371 2205 428 2261 ἐν
461 2196 501 2282 ᾗ
545 2202 638 2272 τὰς
678 2204 843 2284 ἀρχὰς
887 2206 1370 2283 ἐπιχειροτονοῧσιν,
1427 2201 1573 2282 εἴπερ
1618 2205 1788 2270 καλῶς
1834 2204 1925 2283 ἅρ-

375 2313 583 2370 χουσιν,
611 2289 648 2363 ἢ
676 2293 1156 2371 ἀποχειροτονοῦσιν
1174 2312 1189 2327 ·
1214 2292 1267 2347 ἐν
1302 2281 1341 2369 ᾖ
1364 2288 1456 2347 καὶ
1479 2289 1569 2357 τὰς
1597 2291 1924 2368 εἰσαγγελίας

379 2385 410 2440 ὁ
431 2378 740 2460 βουλόμενος
770 2379 1119 2458 εἰσαγγέλλει,
1154 2378 1242 2437 καὶ
1264 2376 1357 2445 τὰς
1375 2376 1681 2459 ἀπογραφὰς
1709 2383 1811 2436 τῶν
1835 2380 1924 2451 δη-

378 2464 682 2542 μευομένων
725 2464 1196 2545 ἀναγιγνώσκουσιν
1234 2467 1282 2523 οἱ
1310 2462 1436 2545 πρὸς
1473 2472 1587 2531 ταῖς
1619 2464 1811 2543 δίκαις,
1835 2465 1926 2525 καὶ

371 2553 467 2619 τὰς
481 2548 654 2623 λήξεις
669 2556 770 2612 τῶν
789 2553 1014 2634 κλήρων.
1037 2551 1106 2612 Ἢ
1130 2548 1185 2610 δὲ
1216 2550 1428 2632 δευτέρα
1452 2550 1702 2623 ἐκκλησία
1729 2553 1925 2611 ἀνεῖται

372 2642 483 2709 τοῖς
526 2640 885 2722 βουλομένοις,
922 2638 1188 2719 ἱκετηρίαν
1230 2639 1482 2714 θεμένοις,
1526 2640 1694 2717 λέγειν
1761 2641 1923 2708 ἀδεῶς

375 2730 500 2811 περί
521 2754 578 2789 τε
603 2734 705 2789 τῶν
731 2729 873 2788 ἰδίων
902 2732 991 2789 καὶ
1027 2731 1128 2787 τῶν
1154 2727 1440 2804 δημοσίων.
1472 2726 1541 2787 Ἢ
1575 2725 1628 2784 δὲ
1656 2727 1805 2806 τρίτη
1832 2728 1924 2802 κή-

373 2817 485 2896 ρυξι
515 2818 604 2876 καὶ
628 2816 928 2898 πρεσὸείαις
952 2815 1087 2885 ἀξιοῖ
1121 2816 1486 2894 χρηματίζειν,
1511 2813 1595 2882 οὓς
1619 2817 1699 2873 δεῖ
1734 2816 1950 2897 πρότε·.

373 2928 462 2986 ρον
504 2905 608 2971 τοῖς
645 2903 954 2985 πρυτάνεσιν
990 2904 1273 2961 ἀποδοῦναι
1315 2900 1382 2962 τὰ
1420 2900 1730 2983 γράμματα.
1757 2901 1823 2963 Ἦ
1869 2900 1922 2963 δὲ

367 2992 597 3072 τετάρτη
625 2990 745 3070 περὶ
765 2993 917 3072 ἱερῶν
947 2988 1038 3049 καὶ
1066 2988 1241 3050 ὁσίων.

451 3083 736 3138 Pollucem
763 3081 1083 3136 festinanter
1101 3080 1388 3154 exscripsit
1412 3080 1589 3135 schol.
1607 3082 1667 3134 in
1684 3079 1921 3138 AEschin.

367 3172 434 3228 C.
468 3171 610 3226 Tim.
639 3187 698 3244 p.
735 3174 873 3238 ταῖς,
911 3185 935 3223 1
967 3210 985 3239 ,
1009 3187 1070 3243 p.
1104 3167 1217 3241 739
1243 3166 1435 3223 Reisk.
1463 3199 1541 3209 —
1582 3191 1605 3217 α
1643 3167 1812 3239 Quod
1850 3168 1922 3223 ad

374 3253 616 3335 φυλακὴν
649 3255 741 3323 τῆς
779 3249 981 3332 χώρας,
1025 3254 1096 3309 de
1139 3271 1249 3326 qua
1289 3252 1351 3306 in
1384 3251 1583 3330 κυρίαις
1626 3249 1923 3322 ἐκκλησίαις

375 3344 618 3399 relatum
645 3359 759 3398 esse
802 3341 1127 3398 Aristoteles
1153 3339 1372 3409 scribit,
1404 3339 1475 3395 de
1507 3358 1571 3396 ea
1613 3340 1926 3396 luculenter

369 3431 631 3488 disseruit
673 3421 972 3487 Boeckhius
1005 3427 1343 3504 (Urkunden
1372 3427 1509 3481 iiber
1545 3428 1605 3483 d.
1641 3427 1924 3484 Seewesen

373 3537 436 3594 p.
469 3516 612 3592 467)
633 3559 649 3587 ,
683 3516 887 3592 quibus
913 3514 1056 3572 illud
1082 3533 1260 3570 unum
1296 3513 1479 3583 addo,
1501 3514 1830 3588 pertinuisse
1854 3534 1922 3571 eo

367 3606 628 3680 inprimis
658 3600 985 3683 φυλακτήρια
1002 3644 1018 3672 ,
1049 3602 1110 3656 in
1147 3600 1351 3675 quibus
1370 3602 1578 3657 versari
1595 3603 1786 3658 solitos
1812 3621 1924 3658 esse

365 3692 660 3768 peripolos
679 3690 828 3747 idem
850 3689 1173 3747 Aristoteles
1191 3706 1282 3762 ap.
1309 3689 1641 3762 Harpocrat.
1672 3708 1726 3745 v.
1755 3685 1923 3766 Περί-

367 3778 530 3843 πολος
564 3777 581 3854 (
608 3777 679 3833 fr.
719 3774 827 3857 ao)
845 3787 1063 3846 narrat3
1092 3774 1151 3829 bi
1172 3776 1339 3844 enim,
1363 3785 1427 3829 ut
1445 3776 1520 3829 ait
1536 3776 1739 3831 Pollux
1764 3778 1922 3846 VIII,

379 3863 490 3921 105
509 3906 525 3934 ,
554 3860 833 3943 περιῄεσαν
851 3860 947 3933 τὴν
965 3859 1142 3941 χώραν
1173 3859 1528 3940 φυλάττοντες.
1554 3885 1576 3908 ¹·
1593 3863 1794 3920 Meier.
1812 3861 1853 3916 l.
1880 3863 1918 3916 l.

371 3953 634 4007 Ceterum
660 3951 765 4005 alia
787 3949 978 4020 tradit,
1000 3967 1184 4023 neque
1205 3967 1400 4022 unam,
1414 3948 1512 4004 sed
1540 3959 1651 4003 tres
1674 3949 1926 4003 ecclesias

369 4033 553 4114 κυρίας
580 4038 860 4113 agnoscit,
892 4035 1036 4092 adeo
1065 4046 1128 4090 ut
1157 4031 1342 4113 κυρίας
1366 4053 1483 4090 non
1513 4034 1824 4089 distinxerit
1850 4033 1920 4088 ab

375 4123 682 4180 ordinariis
732 4120 1012 4200 (ἐννόμοις)
1071 4124 1357 4192 omnibus,
1410 4121 1586 4177 schol.
1634 4119 1921 4194 Aristoph.

331 4225 350 4238 ·
371 4211 625 4267 Acharn.
663 4229 733 4285 ¹9
756 4209 774 4286 (
794 4210 948 4266 unde
963 4229 1061 4266 sua
1079 4209 1276 4266 Suidas
1299 4227 1344 4264 s.
1375 4227 1430 4266 v.
1454 4207 1475 4285 )
1499 4226 1513 4265 :
1551 4204 1670 4265 Εἰσὶ
1696 4201 1749 4262 δὲ
1783 4203 1923 4280 νόμι-

373 4316 468 4371 μοι
494 4294 768 4366 ἐκκλησίαι
797 4296 851 4351 αἱ
879 4292 1157 4370 λεγόμεναι
1197 4292 1409 4374 (κύριαι
1444 4294 1590 4350 adde
1618 4312 1684 4349 ex
1720 4293 1921 4370 Suida)

442 4549 565 4604 Quae
610 4544 788 4594 fuerint
830 4545 1084 4593 conciones
1124 4544 1304 4608 κύριαι,
1338 4557 1459 4607 quas
1489 4545 1690 4603 vocant,
1718 4541 1767 4591 in
1805 4544 1922 4604 Rep.

376 4621 737 4673 Atheniensium
769 4620 912 4670 docet
938 4620 1238 4682 Aristoteles,
1261 4621 1376 4670 dicit
1394 4634 1506 4670 vero
1534 4622 1761 4683 prytanes
1785 4631 1926 4668 sena·

375 4703 482 4750 tum
502 4706 550 4750 et
567 4701 799 4763 populum
826 4712 1115 4761 convocare,
1140 4701 1192 4750 et
1215 4703 1433 4749 senatum
1462 4699 1655 4761 quidem
1681 4697 1922 4760 quotidie,

373 4777 467 4828 nisi
494 4775 597 4826 dies
625 4777 837 4825 nefastus
854 4775 945 4837 sit;
967 4775 1200 4839 populum
1233 4788 1349 4825 vero
1374 4777 1545 4838 quater
1572 4775 1697 4824 intra
1717 4774 1926 4837 spatium

375 4852 753 4916 uniuscujusque
765 4851 1012 4915 prytanioe.
1042 4872 1066 4895 α
1089 4852 1396 4902 Prosci-ibunt
1422 4852 1582 4901 autem
1598 4850 1742 4901 etiam
1764 4851 1925 4915 κυρίαν

376 4931 657 4990 ἐκκλησίαν,
682 4930 730 4978 in
756 4943 854 4993 qua
879 4929 1183 4993 magistratus
1206 4928 1437 4990 abrogant
1459 4927 1544 4990 qui
1578 4929 1702 4978 male
1729 4941 1927 4978 munere

374 5023 466 5059 suo
486 5008 615 5071 magi
633 5007 905 5070 videantur,
924 5009 974 5057 et
999 5007 1059 5057 de
1081 5006 1281 5071 regionis
1298 5004 1515 5054 custodia
1534 5007 1695 5069 agunt.
1723 5026 1748 5050 n
1781 5008 1927 5056 Porro

377 5088 420 5136 si
433 5087 545 5150 quis
570 5086 764 5151 publice
791 5098 965 5136 nomen
984 5085 1186 5148 alicujus
1203 5084 1386 5134 deferre
1406 5082 1517 5133 velit
1531 5119 1546 5146 ,
1571 5085 1662 5135 hoc
1684 5098 1743 5134 eo
1760 5084 1838 5134 die
1858 5085 1927 5134 sa·

382 5176 496 5212 cere
515 5163 641 5212 licet.

3465 434 3571 485 117

2025 552 2158 626 τρεῖς
2181 553 2268 607 τοῦ
2299 547 2457 626 μηνὸς
2487 548 2787 623 Ἀθήνησιν,
2809 554 2841 621 ἡ
2868 547 3049 630 πρώτη
3078 553 3168 610 καὶ
3190 556 3225 623 ἡ
3251 550 3442 624 δεκάτη
3466 554 3559 612 καὶ

2020 640 2053 707 ἧ
2082 634 2314 718 τριακᾶς.
2348 635 2470 696 Εἰσὶ
2500 634 2557 695 δὲ
2585 636 2675 695 καὶ
2695 636 3015 718 πρόσκλητοι
3048 639 3395 717 συναγόμεναι
3430 642 3568 700 κατά

2018 746 2133 781 τινα
2179 720 2449 800 ἐπείγοντα
2500 721 2805 803 πράγματα.
2841 727 2910 784 At
2952 724 3047 800 μὲν
3093 716 3183 785 οὗν
3224 728 3436 803 νόμιμοι
3473 730 3566 797 καὶ,

2021 809 2308 890 ὡρισμέναι
2335 808 2614 881 ἐκκλησίαι
2642 808 2819 890 κύριαι
2853 810 3093 888 λέγονται
3112 855 3129 884 ,
3162 814 3231 878 ὡς
3258 811 3478 893 ἔφαμεν,
3514 818 3570 872 αἱ

2020 897 2075 955 δὲ
2104 896 2230 977 πρὸς
2252 894 2318 955 τὰ
2344 895 2715 975 κατεπείγοντα
2746 897 3091 975 συναγόμεναι
3116 896 3417 975 σύγκλητοι.
3440 905 3573 959 Haec

2018 987 2088 1042 ad
2111 998 2363 1059 tempora
2390 987 2703 1060 posteriora
2728 997 2980 1061 spectare
3003 988 3288 1047 videntur.
3313 989 3571 1045 Ceterum

2018 1093 2072 1131 v.
2093 1075 2544 1129 Schoemann.De
2560 1075 2798 1129 comitiis
2812 1092 2874 1148 p.
2902 1092 2978 1148 ²9
3005 1093 3157 1149 sqq.,
3179 1076 3412 1149 Antiqq.
3429 1076 3572 1148 juris

2017 1161 2175 1234 publ.
2228 1178 2289 1233 p.
2342 1160 2455 1215 226
2503 1179 2627 1235 sqq.
2674 1172 2731 1217 et
2774 1164 3083 1218 Hermann.
3140 1162 3559 1222 Staanalcereh.

2017 1249 2051 1322 §
2083 1240 2211 1317 148,
2244 1247 2435 1319 ibique
2462 1247 2734 1304 laudatos.

2738 1386 2833 1452 34.

2094 1520 2282 1575 Schol.
2311 1520 2601 1595 Aristoph.
2623 1522 2772 1577 Plut.
2804 1521 2917 1593 278
2947 1540 2961 1577 ε
2992 1520 3124 1600 Περὶ
3157 1525 3247 1579 τοῦ
3275 1523 3567 1602 παραδιδο·
3646 1588 3653 1595 ,

2018 1604 2172 1681 μένου
2220 1614 2325 1673 τοῖς
2379 1608 2624 1664 εἰσιοῦσιν
2680 1608 2750 1673 εἰς
2806 1605 2866 1664 τὸ
2915 1606 3245 1688 δικαστήριον
3298 1609 3566 1685 συμδόλου

2018 1690 2376 1770 Ἀριστοτέλης
2412 1694 2465 1750 ἔν
2499 1695 2564 1769 τῇ
2599 1690 2881 1764 Ἀθηναίων
2919 1692 3155 1772 πολιτείᾳ
3185 1691 3320 1751 οὕτω
3350 1694 3563 1775 γράφει·

2019 1805 2042 1829 n
2072 1780 2195 1846 Τοῖς
2231 1780 2332 1861 γὰρ
2369 1777 2716 1860 δικαστηρίοις
2750 1783 2943 1858 χρῶμα
2997 1780 3027 1811 ⁴*
3046 1779 3157 1810 *⁴³*
3184 1779 3565 1862 ἐπιγέγραπται

2014 1864 2094 1945 ἐφ’
2113 1866 2319 1950 ἑκάστῳ
2343 1866 2430 1926 ἐπὶ
2449 1869 2524 1946 τῷ
2554 1866 2825 1948 σφηκίσκῳ
2846 1870 2938 1938 τῆς
2967 1864 3185 1928 εἰσόδου.
3212 1864 3283 1929 Ὅ
3303 1867 3356 1926 δὲ
3385 1868 3563 1928 λαὸὼν

2014 1952 2107 2024 τὴν
2134 1955 2422 2036 βακτηρίαν
2450 1955 2647 2034 βαδίζει
2673 1956 2743 2020 εἰς
2766 1954 3096 2034 δικαστήριον
3116 1953 3175 2013 τὸ
3196 1954 3453 2037 ὁμόχρουν
3470 1956 3566 2034 μὲν

2014 2044 2079 2119 τῇ
2120 2042 2406 2124 βακτηρίᾳ,
2441 2040 2560 2120 ἔχον
2587 2040 2641 2099 δὲ
2680 2041 2739 2099 τὸ
2786 2040 2912 2099 αὐτὸ
2953 2042 3205 2123 γράμμα,
3247 2043 3376 2124 ὅπερ
3409 2046 3461 2104 ἓν
3497 2051 3563 2124 τῇ

2017 2127 2250 2209 βαλοίνῳ.
2274 2127 2526 2189 Ἐπειδὰν
2542 2126 2596 2187 δὲ
2619 2129 2848 2207 εἰσέλθῃ,
2869 2128 3275 2208 παρκλαμὸσίνει
3299 2129 3565 2208 σύμὸολον

2023 2215 2250 2296 δημοσίᾳ
2280 2215 2426 2297 παρὰ
2464 2221 2559 2274 τοῦ
2588 2215 2852 2295 εἰληχότος
2888 2215 3082 2288 ταύτην
3109 2215 3203 2287 τὴν
3234 2218 3423 2297 ἀρχήν.
3452 2244 3477 2269 ι

2093 2330 2116 2353 κ
2141 2307 2273 2361 Post
2296 2307 2512 2384 χρῶμα,
2550 2305 2621 2360 ab
2649 2305 3068 2361 Hemsterhusio
3086 2306 3231 2362 male
3256 2308 3317 2361 in
3339 2304 3563 2383 γράμμα

2014 2401 2288 2446 mutatum
2307 2432 2322 2460 ,
2353 2391 2609 2448 lacunam
2644 2391 2911 2447 indicavit
2951 2391 3243 2448 Dobraeus.
3278 2394 3414 2465 Quae
3445 2394 3563 2449 sor·

2012 2487 2149 2533 tasse
2171 2479 2248 2535 sic
2271 2489 2353 2534 est
2375 2477 2647 2552 explenda
2673 2489 2734 2533 ut
2752 2479 3046 2548 scribatur,
3068 2484 3171 2544 τοῖς
3191 2476 3290 2557 γὰρ
3316 2479 3565 2550 δικαστη-

2015 2562 2140 2643 ρίοις
2165 2563 2356 2643 χρῶμά
2387 2563 2444 2621 τε’
2476 2566 2614 2621 ἐστιν
2648 2564 2775 2621 ἴδιον
2806 2561 3013 2643 ἑκάστῳ
3034 2608 3051 2640 ,
3081 2563 3172 2622 καὶ
3195 2562 3417 2644 γράμμα
3444 2568 3565 2624 ἐπι-

2013 2648 2306 2729 γέγραπται
2351 2649 2439 2708 int
2483 2653 2559 2729 τῷ
2598 2649 2873 2731 σφηκίσκῳ
2906 2654 2998 2722 τῆς
3029 2648 3254 2708 εἰσόδου.
3306 2655 3437 2709 Nou
3483 2668 3566 2710 est

2012 2739 2238 2794 aliunde
2262 2739 2518 2813 cognitus
2537 2739 2630 2794 hic
2644 2758 2772 2795 usus
2789 2739 3049 2794 vocabuli
3074 2736 3383 2817 σφηκίσκος,
3403 2738 3561 2814 quod

2012 2827 2072 2880 in
2134 2822 2402 2904 σφηνίσκῳ
2448 2825 2780 2881 mutandum
2838 2825 3136 2880 videbatur
3189 2826 3560 2882 Schoemanno

2015 2912 2336 2989 (Dissertat.
2381 2914 2453 2968 de
2493 2918 2777 2970 sortitione
2802 2913 3059 2985 judicum
3097 2931 3190 2987 ap.
3248 2911 3452 2968 Athen.
3486 2913 3568 2968 ad

2012 3000 2181 3055 schol.
2221 3004 2387 3056 Arist.
2422 3001 2571 3056 Plut.
2606 3021 2654 3056 ν.
2687 3019 2822 3071 277.
2863 2999 3338 3075 Gryphiswaldioe
3374 2996 3561 3076 1820)

2010 3108 2072 3163 p.
2113 3088 2180 3144 15
2200 3130 2216 3156 ,
2257 3088 2403 3143 male
2434 3088 2575 3143 illud
2612 3107 2721 3162 pro
2752 3085 2963 3163 ἄέτωμα
2990 3106 3035 3147 s,
3062 3084 3209 3153 ἀετὸς
3242 3089 3558 3161 accipienti.

2008 3177 2372 3251 Super-cilium
2400 3180 2604 3245 januoe
2638 3176 3039 3248 interpretatur
3060 3167 3359 3230 Bebckhius
3387 3176 3558 3248 Corp.

2014 3264 2196 3317 Inscr.
2228 3263 2344 3317 vol.
2372 3263 2428 3329 Ι,
2452 3279 2510 3333 p.
2544 3261 2677 3326 341.
2705 3262 2844 3316 Mihi
2872 3280 2990 3315 non
3014 3262 3085 3316 de
3115 3272 3233 3317 toto
3261 3263 3565 3335 supercilio

2010 3347 2437 3422 intelligendum
2460 3364 2571 3401 esse
2599 3347 2840 3416 videtur,
2866 3346 2964 3401 sed
2992 3346 3065 3402 de
3089 3346 3272 3420 lapide
3292 3346 3383 3401 vel
3407 3348 3563 3421 ligno

2010 3433 2170 3507 quod
2192 3436 2250 3488 in
2279 3432 2468 3488 medio
2496 3433 2794 3505 supercilio
2824 3431 3008 3504 januae
3034 3432 3327 3505 paululum
3356 3435 3563 3488 eminet

2007 3521 2481 3594 superciliumque
2507 3519 2671 3573 cunei
2699 3519 2867 3573 instar
2885 3520 2943 3572 in
2961 3518 3099 3573 duas
3114 3529 3300 3592 partes
3318 3518 3518 3574 dividit
3541 3539 3557 3573 ε

2012 3606 2170 3680 quod
2199 3617 2255 3662 et
2294 3603 2578 3683 σφηκίσκος
2618 3614 2673 3660 et
2709 3602 2991 3682 σφηνίσκος
3024 3616 3154 3678 apte
3198 3604 3310 3661 dici
3354 3608 3560 3679 potuit.

2010 3696 2157 3750 Huic
2186 3695 2356 3769 igitur
2389 3711 2570 3748 cuneo
2605 3693 2867 3766 inscripta
2901 3691 3008 3746 suit
3045 3691 3208 3747 litera
3254 3691 3561 3764 dicasterii‚

2013 3779 2493 3858 quemadmodum
2519 3778 2694 3835 hodie
2717 3798 3014 3835 numerum
3050 3778 3256 3834 aedium
3283 3797 3400 3835 non
3424 3799 3557 3837 raro

2012 3866 2237 3921 inscribi
2254 3866 2528 3922 videmus·
2554 3891 2576 3914 ι
2596 3863 2981 3924 Dmnonrms.
2995 3898 3071 3909 -
3094 3862 3154 3921 τὸ
3174 3864 3452 3943 ὁμόχρουν]
3473 3868 3558 3926 Cs-

2012 3944 2189 4001 schol.
2217 3947 2381 4018 Vesp.
2420 3942 2565 4000 1105
2594 3963 2609 4000 τ
2647 3941 2911 4002 Ἐδίδοντο
2939 3941 2993 4000 δὲ
3020 3941 3110 4001 καὶ
3132 3942 3416 4022 βακτηρίαι
3452 3946 3557 4010 τοῖς

2012 4029 2278 4096 δικασταῖς
2292 4029 2535 4109 ὁμόχροοι
2550 4037 2652 4097 τοῖς
2667 4028 3032 4109 δικαστηρίοις,
3048 4028 3176 4087 ὅπου
3194 4029 3441 4097 ἑκάστους
3458 4031 3563 4089 εἷσ-

2010 4115 2249 4183 ελθόντας
2272 4117 2492 4186 δικάζειν
2506 4116 2608 4176 ἔδει
2635 4162 2652 4190 ,
2666 4114 2753 4174 ἵνα
2766 4115 2850 4174 τὸν
2863 4115 3278 4196 διαμαρτάνοντα
3301 4117 3559 4194 ἄπελέγξῃ

2011 4202 2069 4261 τὸ
2087 4207 2545 4284 χρῶμα.Βε]ιὶει·.
2560 4206 2773 4263 Anecd.
2791 4225 2850 4280 p.
2870 4225 3004 4275 220,
3026 4225 3045 4260 ι
3060 4225 3210 4276 7.-
3229 4232 3251 4255 ι
3268 4202 3383 4274 Τὴν
3396 4206 3559 4282 βάλα-

2012 4313 2095 4349 νον
2117 4293 2378 4368 glandem
2394 4295 2509 4349 sive
2527 4294 2818 4369 globulum
2844 4312 2956 4349 esse
2975 4293 3244 4363 arbitror,
3266 4295 3325 4347 in
3343 4312 3559 4349 summa

2074 4547 2145 4594 De
2169 4547 2346 4595 tessera
2362 4557 2508 4608 quam
2530 4543 2715 4607 iudices
2733 4544 2783 4593 in
2800 4543 3107 4592 dicasterium
3136 4543 3453 4606 ingredientes
3475 4557 3558 4594 ac-

2013 4621 2278 4684 cipiebant,
2316 4622 2595 4672 Aristoteles
2628 4620 2677 4669 in
2716 4623 2832 4683 Rep-
2872 4620 3229 4670 Atheniensium
3254 4621 3324 4670 sic
3347 4621 3512 4671 scribit
3543 4641 3557 4670 ι

2014 4717 2038 4740 α
2064 4697 2449 4760 Unumquodque
2462 4698 2765 4747 dicasterium
2779 4711 2921 4747 suum
2940 4697 3087 4746 habet
3103 4697 3313 4747 colorem
3326 4732 3341 4759 ,
3362 4699 3558 4760 (suam-

2017 4787 2113 4837 que
2148 4775 2362 4838 literam)
2391 4789 2502 4838 quae
2542 4776 2590 4824 in
2634 4775 2886 4838 supercilio
2915 4775 3075 4838 janum
3112 4774 3335 4838 inscripta
3366 4777 3559 4838 legitur.

2011 4851 2169 4901 Judex
2197 4864 2335 4913 vero,
2354 4853 2517 4901 sumto
2539 4851 2769 4914 scipione,
2806 4852 2856 4901 in
2879 4852 2926 4901 id
2949 4851 3209 4915 ingreditur
3228 4852 3561 4913 dicasterium,

2012 4927 2143 4990 quod
2174 4927 2341 4977 eodem
2375 4941 2473 4991 quo
2508 4927 2655 4991 scipio
2694 4928 2774 4978 ille
2805 4928 2966 4978 colore
2996 4930 3097 4989 est,
3138 4928 3435 4991 eandemque
3480 4930 3560 4979 ha·

2014 5007 2094 5055 bet
2127 5005 2335 5066 literam,
2371 5017 2482 5067 quoe
2517 5004 2675 5067 glandi
2706 5006 2928 5068 scipionis
2952 5005 3180 5068 inscripta
3206 5006 3295 5054 est.
3321 5008 3563 5067 ingressus

2014 5082 2183 5133 deinde
2210 5084 2436 5132 tesseram
2459 5081 2631 5145 acm‘pit
2666 5082 2727 5132 ab
2751 5095 2836 5146 eo,
2865 5082 2944 5131 cui
2976 5094 3156 5132 munus
3178 5081 3268 5131 boc
3299 5081 3472 5131 deman
3490 5083 3561 5130 ta-

2017 5163 2120 5210 tum
2141 5162 2230 5210 est.
