4016 5916
513 382 623 432 ⁴54

511 500 708 580 μαχίαν
740 500 849 560 ἀντ’
878 499 1101 571 αὖτῆς”
1064 522 1251 558 ωκισεν
1277 498 1362 557 ἐπὶ
1390 502 1465 578 τῷ
1487 498 1684 577 Ἰσθμῷ
1712 503 1803 569 τῆς
1825 498 2063 578 Θρακίας

507 587 860 668 Χερρονήσου.
890 590 973 646 cf.
1019 592 1222 646 Justin.
1249 590 1409 659 XVI,
1456 588 1523 656 33
1556 590 1837 645 Plutarch.
1861 589 2061 661 Pyrrh.

510 696 704 746 c.12;
737 680 1010 749 Droy.sen
1051 629 1528 748 Helleniwe.''.1,p
1564 673 1677 729 626
1695 692 1781 746 sq.
1808 673 1878 744 67
1851 692 1944 731 ο.

1268 804 1325 856 7.

592 902 874 956 Plutarch.
922 900 1119 973 Pyr'rh.
1150 919 1199 956 c.
1206 919 1299 1009 ·;·‘¹
1274 920 1303 938 ‘-
1312 920 1404 970 ,7,
1432 900 1503 955 de
1524 901 1730 973 proelio
1750 899 1824 953 ad
1844 898 2071 954 Pando-

512 991 697 1044 siam:
744 984 1007 1051 Διονύσιος
1048 982 1142 1059 μὲν
1177 976 1265 1043 ουν
1291 984 1450 1065 ὀλίγῳ
1487 988 1592 1042 τῶν
1633 983 2068 1060 πεντακισχιλίων

510 1075 601 1131 καὶ
644 1074 838 1152 μυρίων
879 1071 1159 1138 ἐλάσσονας
1186 1073 1364 1130 πεσεῖν
1404 1073 1599 1152 ἱστορεῖ
1633 1075 1736 1130 τῶν
1772 1070 2073 1147 Ῥωμαίων,

512 1159 817 1240 Ἱερώνυμος
837 1161 890 1217 δὲ
922 1157 1107 1234 μόνους
1126 1158 1565 1237 ἑπτακισχιλίους,
1590 1160 1692 1215 τῶν
1713 1156 1766 1215 δὲ
1787 1157 1905 1235 περὶ
1929 1155 2072 1236 Πύρ-

515 1271 598 1327 ρον
629 1250 657 1304 δ
679 1245 772 1322 μὲν
801 1245 1063 1312 Διονύσιος
1092 1245 1303 1326 μυρίους
1328 1244 1418 1304 καὶ
1459 1245 1770 1324 τρισχιλίους
1789 1289 1806 1322 ,
1835 1247 1864 1303 ὁ
1888 1241 1942 1302 δὲ
1969 1243 2073 1304 Ἱε-

514 1334 741 1413 ρώνυμος
763 1335 1035 1400 ἐλάττονας
1057 1336 1160 1393 τῶν
1186 1331 1636 1413 τετρακισχιλίων.

1266 1448 1319 1507 8.

589 1566 750 1620 Idem
796 1564 935 1622 ibid.
984 1583 1033 1619 c.
1069 1582 1168 1638 21,
1200 1562 1255 1633 6,
1273 1562 1342 1617 de
1371 1564 1575 1636 proelio
1614 1561 1686 1616 ad
1732 1558 2005 1618 Asculum
2052 1579 2067 1618 t

514 1650 616 1711 Ἐκ
636 1647 817 1708 τούτου
843 1648 1022 1729 μάχης
1045 1648 1205 1719 ἄλλης
1229 1650 1334 1706 τῶν
1363 1652 1686 1727 πραγμάτων
1717 1648 1858 1728 αὐτῷ
1892 1646 2076 1722 δεομέ-

512 1762 612 1797 νων
645 1733 922 1795 ἀναλαὸὼν
950 1733 1045 1807 τὴν
1076 1734 1323 1814 στρατιὰν
1354 1733 1572 1814 ἐχώρει,
1601 1757 1690 1792 και
1713 1733 1833 1815 περὶ
1852 1730 2072 1794 Ἄσκλον

511 1827 662 1884 πόλιν
685 1829 790 1891 τοῖς
807 1822 1091 1900 Ρωμαίοις
1108 1820 1339 1902 συνάψας
1367 1845 1456 1880 και
1494 1821 1794 1901 βιαζόμενος
1811 1845 1939 1902 προς
1966 1845 2073 1901 χω-

516 1912 600 1992 ρία
620 1910 853 1971 δύσιππα
871 1935 961 1969 και
981 1933 1215 1986 ποταμον
1232 1907 1403 1979 υλώδη
1428 1909 1517 1966 καὶ
1542 1908 1760 1989 τραχυν,
1774 1906 1952 1988 ἔφοδον
1971 1912 2073 1967 τῶν

512 1979 775 2080 θηρίωνώ
795 1996 1081 2076 λαὸόντων,
1091 1996 1225 2056 ὥστὲ
1241 1994 1524 2076 προσμῖξαι
1549 1999 1615 2074 τῇ
1641 1993 1885 2075 φάλαγγι,
1913 2018 2072 2074 τραυ·

515 2089 694 2163 μάτων
722 2088 926 2145 πολλῶν
968 2084 1257 2164 γενομένων
1283 2084 1372 2143 καὶ
1410 2086 1601 2162 νεκρῶν
1643 2080 1921 2155 πεσόντων,
1953 2080 2068 2141 τότε

515 2173 612 2252 μὶν
626 2173 852 2254 διεκρίθη
870 2172 1024 2253 μέχρι
1046 2172 1226 2239 νυκτὸς
1246 2170 1644 2249 ἀγωνισάμενος
1674 2174 1733 2246 (7)
1752 2172 1835 2248 Τῇ
1849 2168 1938 2227 δὲ*
1919 2192 2071 2227 υστε·

515 2262 640 2343 ραία
664 2264 983 2363 στρατηγῶν
998 2260 1068 2319 δι’
1094 2262 1295 2338 ὁμαλοῦ
1321 2257 1414 2330 τὴν
1443 2257 1620 2336 μάχην
1649 2255 1825 2315 θέσθαι
1853 2257 1941 2315 καὶ
1960 2257 2074 2324 τους

514 2349 799 2429 ἐλέφαντας
827 2352 879 2406 ἐν
902 2372 1006 2415 τοις
1032 2347 1208 2414 ὅπλοις
1229 2347 1465 2424 γενέσθαι
1493 2349 1596 2404 τῶν
1617 2343 1896 2421 πολεμίων,
1924 2343 2074 2452 προέ-

515 2437 648 2494 λαὸε
705 2435 795 2502 τὰς
841 2432 1131 2514 δυσχωρίας
1178 2436 1386 2515 φυλακῇ
1435 2432 1523 2491 καὶ
1569 2431 1739 2490 πολλὰ
1783 2430 2074 2508 καταμίξας

515 2522 874 2599 ἀκοντίσματα
910 2519 1001 2579 καὶ
1030 2517 1321 2596 τοξεύματα
1346 2522 1454 2586 τοῖς
1495 2517 1716 2626 θηρίοις,
1746 2519 1908 2595 ἕπηγε
1938 2515 2073 2591 μετὰ

517 2609 696 2692 ῥώμης
722 2609 813 2668 καὶ
844 2607 959 2689 βίας
988 2604 1189 2678 πυκνὴν
1219 2606 1311 2666 καὶ
1339 2604 1753 2683 συντεταγμένην
1790 2603 1885 2676 τὴν
1914 2603 2067 2662 δύνα-

517 2722 623 2774 μιν.
709 2699 755 2775 (a
757 2699 862 2775 )Oi
887 2694 941 2754 δὲ
977 2694 1236 2771 Ῥωμαῖοι
1254 2690 1348 2761 τὰς
1372 2692 1651 2757 διακλίσεις
1679 2689 1768 2749 καὶ
1806 2688 1899 2756 τας
1924 2692 2071 2747 ἀντι·

514 2780 836 2864 παραγωγὰς
856 2779 947 2847 τὰς
969 2777 1215 2859 πρότερον
1234 2781 1329 2838 οὔκ
1356 2776 1558 2860 ἔχοντες
1583 2776 1634 2845 ἐξ
1658 2774 1902 2834 ἐπιπέδου
1924 2798 2068 2833 συνε-

517 2870 733 2953 φέροντο
787 2867 926 2927 κατὰ
975 2864 1145 2943 στόμα
1190 2865 1281 2924 καὶ
1331 2865 1634 2931 σπεύδοντες
1677 2862 1912 2923 ὤσασθαι
1956 2861 2073 2930 τους

517 2957 758 3030 ὁπλίτας,
768 2955 907 3061 ..πρὶν
928 2953 1172 3026 ἑπιὸηναι
1199 2951 1266 3013 τὰ
1285 2951 1470 3060 θηρία,
1494 2949 1686 3019 δεινους
1710 2949 1830 3032 περι
1857 2947 1949 3018 τὰς
1973 2973 2071 3008 σα-

519 3045 702 3127 ρίσσας
731 3047 834 3101 τῶν
877 3041 1031 3124 ξιφῶν
1076 3043 1279 3120 ἀγῶνας
1323 3063 1462 3119 ειχον
1509 3040 1828 3119 αφειδουντες
1873 3040 2069 3095 ἑαυτῶν

517 3133 608 3191 καὶ
636 3129 694 3189 τὸ
733 3133 932 3210 τρῶσαι
965 3127 1064 3190 ,καὶ
1095 3127 1415 3186 καταὸαλεῖν
1443 3130 1684 3204 ὁρῶντες,
1720 3123 1781 3184 τὸ
1813 3122 1866 3183 δὲ
1890 3129 2071 3183 παθεῖν

519 3224 588 3286 εἰς
612 3214 760 3278 οὗδὲν
784 3216 1056 3294 τιθέμενοι.
1143 3213 1206 3295 (ο)
1223 3213 1414 3295 Χρόνῳ
1454 3211 1508 3273 δὲ
1531 3215 1709 3291 πολλῷ
1745 3210 1954 3288 λέγεται
1976 3207 2071 3288 μὲν

519 3305 657 3386 ἀρχὴ
682 3328 876 3384 τροπης
899 3304 1013 3362 κατ’
1044 3303 1198 3362 αὐτὸν
1228 3301 1464 3380 γενέσθαι
1503 3298 1589 3358 τὸν
1629 3299 1835 3379 Πύρρον
1864 3297 2070 3377 ἐπερεί-

516 3475 643 3537 juria
663 3475 808 3524 fuisse
839 3474 962 3523 inter
992 3474 1119 3535 ipsos
1145 3472 1205 3523 ad
1233 3472 1439 3521 reditum
1475 3473 1522 3519 in
1550 3471 1750 3533 gratiam
1768 3483 1900 3533 spem
1923 3469 2071 3518 inter·

516 3554 716 3603 clusam.
743 3552 835 3603 Sed
862 3542 1177 3616 Hieronymus
1198 3554 1247 3600 et
1272 3552 1385 3601 alias
1411 3551 1570 3601 forsan
1601 3549 1767 3599 habuit
1787 3561 1899 3598 cum
1936 3547 2071 3609 Lysi-

516 3629 689 3679 macho
710 3629 965 3679 simultatis
993 3642 1191 3693 causas,
1215 3630 1264 3678 et
1286 3641 1392 3677 eam
1417 3629 1581 3691 procul
1607 3627 1751 3676 dubio
1776 3626 2070 3687 maximam,

517 3705 650 3769 quod
667 3706 772 3768 ille,
805 3705 1150 3755 Cardianorum
1170 3705 1289 3754 urbe
1319 3718 1511 3764 eversa,
1535 3717 1623 3765 pro
1650 3716 1705 3754 ea
1725 3703 2069 3768 Lysimachiam

520 3784 569 3833 in
594 3783 772 3834 isthmo
790 3783 1008 3834 Thraciae
1027 3781 1305 3834 Chersonesi
1333 3781 1609 3832 condiderit.

1265 3890 1317 3939 7.

579 4002 635 4047 ιιι
656 3996 827 4060 proeiio
854 3996 916 4046 ad
961 3995 1240 4046 Pandosiam
1259 3995 1513 4059 Dionysius
1551 3996 1699 4047 refert
1731 3998 1892 4060 paullo
1911 3998 2071 4047 minus

518 4075 790 4140 quindecim
836 4075 1052 4126 millibus
1085 4079 1409 4126 Romanorum
1457 4076 1712 4139 cecidisse,
1751 4077 2072 4141 Hieronymus

473 4175 482 4183 ·
515 4156 705 4205 tantum
723 4153 904 4215 septem
924 4153 1099 4216 millia;
1118 4166 1147 4203 a
1166 4152 1332 4216 Pyrrhi
1349 4155 1484 4216 parte
1501 4155 1582 4205 ille
1597 4154 1854 4218 tredecim,
1878 4155 1956 4205 hic
1973 4168 2069 4205 non

518 4244 712 4294 prorsus
737 4232 967 4293 quattuor
988 4231 1155 4282 millia.

1268 4344 1322 4394 8.

579 4446 697 4497 inde
718 4448 953 4510 Pyrrhus,
980 4449 1123 4499 rebus
1146 4450 1350 4500 alterum
1379 4451 1696 4513 flagitantibus
1722 4454 1969 4516 proelium,
1995 4467 2072 4504 ca·

516 4524 616 4575 stra
635 4526 785 4576 movit
799 4531 848 4577 et
860 4526 921 4576 ad
941 4528 1166 4577 Asculum
1183 4527 1412 4591 oppidum
1431 4530 1561 4592 signa
1579 4544 1692 4581 cum
1709 4533 1935 4584 Romanis
1950 4546 2067 4583 oon-

517 4602 655 4664 tuiit‚
680 4616 740 4655 ac
769 4605 989 4657 redactus
1010 4605 1072 4655 ad
1094 4607 1199 4655 loca
1230 4607 1461 4670 equitatui
1497 4608 1688 4673 iniqua,
1719 4611 1848 4674 apud
1878 4624 2069 4662 amnem

518 4682 734 4745 rapidum
753 4687 801 4734 et
820 4686 956 4748 cujus
974 4685 1090 4749 ripae
1100 4689 1258 4737 essent
1273 4688 1479 4737 arbustis
1491 4689 1678 4753 obsitoe,
1696 4704 1844 4753 quum
1854 4692 2070 4755 elephan-

515 4761 579 4810 tis
598 4761 756 4812 aditus
771 4763 820 4811 in
837 4766 1100 4814 Romanam
1122 4766 1273 4816 aciem
1291 4780 1387 4816 non
1406 4770 1618 4832 pateret,
1637 4770 1800 4820 multis
1828 4772 2069 4836 utrimque

517 4841 777 4891 vulneratis
793 4844 843 4892 et
859 4842 1017 4904 coesis,
1035 4856 1134 4894 nox
1151 4845 1344 4895 tandem
1363 4847 1584 4909 proelium
1602 4849 1808 4900 diremit.
1867 4853 1935 4915 (7)
1978 4856 2068 4903 Po-

513 4916 679 4965 stridie
694 4919 749 4967 ut
782 4919 955 4980 aeqnali
986 4920 1093 4971 loco
1121 4934 1327 4985 pugnam
1358 4925 1705 4989 committeret,
1734 4929 2069 4992 elephantique

514 4992 564 5039 in
589 4993 827 5044 Romanos
846 4994 1028 5046 irruere
1054 5001 1274 5061 possent,
1305 5000 1538 5063 iniquiora
1556 5003 1662 5053 loca
1681 5005 1901 5067 praesidio
1920 5019 2066 5056 occu-

518 5070 680 5130 pavit,
720 5071 980 5135 multisque
1011 5075 1233 5127 velitibus
1263 5080 1313 5128 et
1346 5079 1598 5141 sagittariis
1630 5082 1754 5132 inter
1791 5085 2068 5147 elephantos

512 5144 767 5210 admixtis,
793 5146 951 5199 densis
968 5150 1213 5202 ordinibus
1238 5156 1499 5205 exercitum
1523 5157 1759 5221 ingentem
1782 5163 1936 5211 multa
1955 5177 2064 5213 cum

1661 370 2097 429 HIERONYMI
2140 370 2515 431 CARDIANI

2108 525 2118 560 ι
2157 523 2320 558 σαντα
2366 503 2472 566 τοῖς
2522 496 3013 577 ἀντιτεταγμένοις,
3058 498 3119 557 τὸ
3169 498 3223 558 δὲ
3278 501 3531 560 πλεῖστον
3593 504 3769 580 ἀλκῇ

2159 587 2248 645 καὶ
2277 587 2365 667 βία
2406 591 2506 645 τῶν
2531 590 2614 645 ἐλε
2592 586 2820 667 εφάντων
2860 587 3273 664 κατειργάσατο,
3316 587 3637 668 χρησασθαι
3676 595 3763 669 τῇ

2162 677 2320 754 ἀρετῇ
2343 672 2471 754 πρὸς
2498 672 2593 743 τὴν
2633 671 2812 751 μάχην
2837 676 2940 730 τῶν
2982 671 3263 749 Ῥωμαίων
3293 673 3368 750 μὴ
3398 674 3762 750 δυναμένων,

2164 761 2278 818 ἀλλ’
2297 739 2405 818 οἷον
2435 760 2600 841 ἐφόδῳ
2628 758 2858 836 κύματος
2885 757 2920 829 ἢ
2948 763 3164 834 σεισμοῦ
3187 760 3597 839 κατερείποντος
3622 765 3761 820 οἷο-

2166 844 2334 922 μένων
2355 848 2458 904 δεῖν
2485 845 2779 913 ἐξίστασθαι
2800 845 2933 922 μηδὲ
2961 844 3288 921 ὑπομένειν
3260 845 3567 926 απράκτους
3600 850 3758 907 ἄπο-

2166 934 2399 1004 θνήσκειν
2434 935 2486 992 ἔν
2528 936 2603 1014 τῶ
2630 932 2791 1009 μηδὲν
2836 932 3052 1013 ὠφελεῖν
3092 931 3265 991 πάντα
3308 932 3627 1013 πάσχοντας
3678 935 3761 995 τὰ

2166 1017 2541 1098 χαλεπώτατα.
2570 1021 2663 1097 (ιο)
2692 1022 2805 1091 Τῆς
2823 1017 2878 1076 δὲ
2899 1041 3064 1096 φυγης
3086 1021 3144 1076 οὗ
3168 1028 3373 1098 μακρᾶς
3394 1023 3466 1087 εἰς
3489 1020 3554 1079 τὸ
3576 1045 3763 1105 erpa·

2165 1105 2377 1164 τόπεδον
2393 1105 2711 1184 γενομένης,
2755 1106 3138 1186 ἑξακισχιλίους
3185 1109 3463 1166 ἀποθανεῖν
3479 1110 3617 1187 φησὶ
3631 1115 3756 1169 τῶν

2166 1193 2447 1270 Ῥωμαίων
2480 1192 2814 1274 Ἱερώνυμος,
2854 1195 2958 1251 τῶν
3000 1192 3056 1251 δὲ
3096 1193 3217 1274 περὶ
3263 1194 3469 1275 Πύρρον
3520 1199 3583 1254 ἐν
3626 1201 3755 1265 τοῖς

2169 1284 2452 1358 βασιλικοῖς
2476 1280 2879 1357 Ὑπομνημασιν
2904 1283 3047 1338 ἀνενε
3024 1285 3239 1360 χθηναι
3253 1283 3583 1360 τρισχιλίους
3614 1307 3753 1344 πεν-

2166 1367 2434 1434 τακοσίους
2458 1367 2547 1425 καὶ
2572 1366 2726 1425 πέντε
2751 1363 3078 1438 τεθνηκότας.
3111 1369 3196 1445 (ιι)
3230 1367 3297 1427 Ὁ
3325 1369 3506 1443 μέντοι
3532 1371 3751 1429 Διονύ-

2167 1477 2270 1518 σιος
2297 1451 2413 1512 οὔτε
2443 1452 2536 1511 δύο
2561 1475 2678 1534 περι
2700 1455 2921 1514 Ἄσκλον
2948 1453 3125 1534 μάχας
3151 1452 3267 1513 οὔτε
3297 1457 3747 1534 ὁμολογουμένην

2165 1535 2326 1612 ἧτταν
2348 1543 2546 1620 ἱστορεῖ
2562 1540 2799 1618 γενέσθαι
2820 1539 3123 1616 ’,Ρωμαίων
3149 1540 3286 1609 ἅπαξ
3310 1542 3365 1602 δὲ
3404 1543 3571 1623 μέχρι
3634 1548 3745 1606 δυ·

2167 1629 2313 1702 σμῶν
2351 1625 2498 1698 ἡλίου
2538 1626 2932 1706 μαχεσαμένους
2977 1625 3124 1712 μόλις
3160 1630 3538 1704 ἄπαλλαγηναι
3557 1675 3579 1708 ,
3637 1639 3747 1692 τοῦ

2169 1683 2374 1794 Πύρρου
2411 1711 2686 1791 τρωθέντος
2722 1715 2864 1792 ὑσσῷ
2895 1713 2982 1772 τὸν
3025 1711 3275 1793 βραχίονα
3316 1713 3411 1774 καὶ
3451 1714 3553 1787 τὴν
3588 1721 3743 1778 ἀπο-

2166 1800 2352 1870 σκευὴν
2384 1798 2495 1877 ἅμα
2519 1802 2785 1861 Σαυνιτῶν
2803 1799 3224 1879 διαρπασάντων,
3246 1803 3531 1861 ἀποθανεῖν
3562 1801 3624 1862 δὲ
3642 1808 3743 1868 καὶ

2170 1887 2375 1968 Πύρρου
2414 1886 2507 1946 καὶ
2542 1886 2822 1964 Ῥωμαίων
2864 1887 3052 1968 ἄνδρας
3092 1885 3223 1968 υπὲρ
3268 1889 3487 1968 μυρίους
3524 1915 3740 1953 arma-

2164 1974 2448 2054 κισ-χιλίους
2477 1972 2750 2053 ἑκατέρων.

2242 2082 2312 2136 In
2361 2082 2657 2155 postremis
2695 2099 2804 2155 pro
2852 2081 3118 2138 Σαυνιτῶν
3152 2079 3560 2160 διαρπασάντων
3606 2089 3741 2164 lege

2164 2164 2398 2224 Δαυνίων
2444 2166 2513 2235 δ.,
2549 2169 2633 2222 ιιιί
2664 2168 2825 2222 estin
2870 2167 3245 2241 descriptione
3283 2170 3453 2243 hujus
3488 2191 3740 2249 pugnae,

2165 2273 2331 2327 quam
2355 2271 2422 2310 ex
2441 2256 2631 2328 Diony
2633 2255 2694 2309 sii
2716 2255 2862 2309 libro
2881 2256 2998 2310 XX
3024 2257 3167 2310 inter
3189 2257 3322 2311 alias
3343 2259 3570 2334 eclogas
3594 2263 3745 2338 legis

2164 2340 2235 2395 ad
2247 2341 2452 2397 calcem
2478 2341 2624 2415 Opp.
2651 2341 2879 2414 Josephi
2901 2352 3035 2397 tom.
3050 2343 3125 2410 11,
3141 2361 3202 2416 p.
3228 2364 3257 2414 7
3282 2362 3410 2418 sqq.
3418 2346 3495 2401 ed
3501 2348 3738 2410 .Didot.

2161 2429 2606 2501 Descriptionem
2625 2447 2862 2503 pugnae,
2895 2448 3017 2502 quae
3054 2429 3146 2486 die
3188 2433 3443 2488 secundo
3472 2450 3743 2535 pugnata

2159 2525 2271 2585 est,
2303 2533 2374 2570 ex
2402 2517 2750 2589 Hieronymo
2785 2517 3019 2589 petitam
3042 2534 3188 2587 esse,
3216 2516 3459 2574 dubium
3488 2523 3592 2578 vix
3623 2539 3739 2596 at,

2160 2619 2335 2675 quum
2394 2603 2533 2657 nihil
2580 2602 2651 2658 de
2714 2621 2777 2658 ea
2848 2603 3053 2660 habeat
3111 2606 3446 2678 Dionysius,
3518 2623 3741 2682 praeter

2157 2688 2487 2762 Dionysium
2512 2707 2650 2744 vero
2690 2690 3101 2763 Hieronymum
3128 2693 3481 2764 potissimum
3514 2698 3576 2751 in
3618 2698 3735 2756 hac

2157 2775 2400 2830 historiae
2442 2786 2602 2849 parte
2642 2777 2973 2832 Plutarchus
3016 2790 3299 2851 sequatur.
3341 2782 3615 2838 Ceterum
3657 2787 3737 2843 ad

2159 2879 2282 2917 eam
2315 2863 2648 2936 Hieronymi
2676 2864 3047 2918 Historiarum
3067 2875 3319 2937 partem,
3348 2885 3473 2940 quae
3506 2882 3635 2926 erat
3659 2871 3735 2929 de

2157 2943 2441 3023 Pyrrhrin
2463 2949 2626 3006 Italia
2651 2948 2821 3006 rebus
2850 2951 3036 3025 gestis,
3059 2949 3355 3009 reserenda
3382 2972 3498 3011 esse
3521 2957 3736 3014 viden·

2158 3047 2251 3092 tur
2273 3054 2399 3111 quae
2418 3035 2490 3092 de
2509 3038 2777 3093 Romanis
2790 3039 3228 3112 antiquitatibus,
3252 3040 3381 3097 data
3401 3045 3731 3117 occasione,

2159 3124 2346 3179 obiter
2375 3126 2689 3198 exposuisse
2716 3135 2913 3180 auctor
2933 3134 3121 3181 noster
3142 3126 3547 3187 dicitur.1ta
3574 3134 3734 3190 enim

2164 3212 2459 3284 Dionysius
2484 3212 2559 3266 H.
2588 3217 2725 3265 Ant.
2748 3213 2821 3266 R.
2853 3214 2911 3280 Ι,
2943 3211 3024 3268 6:
3057 3213 3278 3290 Πρῶτον
3307 3211 3422 3290 μὲν,
3450 3213 3555 3272 ὅσα
3580 3215 3727 3293 κάμὲ

2163 3294 2378 3368 εἰδέναι,
2434 3293 2531 3364 τὴν
2576 3293 2885 3372 Ῥωμαϊκὴν
2932 3297 3298 3376 ἀρχαιολογίαν
3344 3301 3730 3381 ἐπιδραμόντος

2162 3467 2210 3515 vi
2234 3467 2282 3514 in
2302 3467 2486 3515 hostem
2504 3464 2660 3516 duxit.
2725 3465 2928 3514 Romani
2945 3466 3027 3529 qui
3046 3465 3237 3517 flectere
3253 3470 3304 3517 et
3320 3468 3383 3517 ab
3398 3468 3556 3519 altero
3574 3470 3729 3523 latere

2163 3545 2460 3606 irrumpere,
2494 3545 2553 3594 ut
2586 3544 2818 3606 superiori
2852 3556 3036 3607 pugna,
3059 3558 3157 3595 non
3190 3549 3408 3609 possent,
3432 3560 3462 3596 a
3482 3548 3693 3599 frome
3676 3564 3727 3601 m

2163 3621 2359 3683 planitie
2389 3633 2503 3671 cum
2525 3621 2742 3671 hostibus
2763 3626 3136 3672 concurrerunt·
3120 3636 3306 3687 ,quum
3339 3636 3458 3674 vero
3480 3626 3599 3676 ante
3618 3627 3725 3678 elo-

2163 3698 2453 3760 phantorum
2476 3697 2708 3761 impetum
2732 3698 3010 3762 phalangem
3045 3699 3243 3750 thndere
3266 3699 3598 3763 intenderent,
3635 3717 3724 3755 νο-

2162 3777 2358 3826 hemens
2384 3776 2475 3825 ruit
2499 3789 2666 3827 eornm
2696 3789 2880 3841 pugna,
2912 3778 3076 3840 gladiis
3096 3781 3265 3829 contra
3293 3779 3485 3831 sarimas
3512 3785 3721 3833 conten·

2161 3855 2412 3915 deutium,
2439 3868 2595 3918 neque
2616 3854 2730 3905 vitae
2763 3856 3058 3919 parcentium
3084 3869 3214 3920 suat,
3239 3857 3324 3908 sed
3349 3861 3409 3909 ut
3441 3859 3721 3911 sauciarent

2160 3936 2245 3982 aut
2270 3931 2530 3994 dejicerent
2552 3933 2770 3996 hostem,
2794 3933 2910 3983 nihil
2933 3933 3247 3984 sollicitorum
3277 3933 3395 3998 quid
3420 3936 3537 3999 ipsis
3560 3939 3718 3988 tieret.

2161 4011 2322 4065 Quum
2341 4008 2425 4058 diu
2444 4011 2568 4059 esset
2585 4012 2876 4072 pugnatum,
2899 4009 3007 4073 pelli
3026 4009 3219 4062 tandem
3237 4016 3517 4075 coeperunt,
3542 4018 3600 4064 ut
3624 4018 3719 4065 rer·

2160 4088 2259 4147 tur,
2287 4088 2336 4137 et
2360 4099 2417 4135 ea
2438 4089 2600 4151 parte,
2623 4100 2720 4149 qua
2770 4089 2977 4151 Pyrrhus
3004 4090 3105 4152 ipse
3135 4084 3356 4140 hostibus
3388 4093 3715 4157 repugnabam

2160 4164 2369 4214 maxime
2398 4167 2561 4214 autem
2592 4165 2953 4228 elephantorum
2974 4169 3143 4218 robore
3159 4171 3210 4219 et
3225 4170 3406 4232 impetu
3428 4174 3545 4221 sunt
3568 4173 3711 4235 pulsi,

2162 4255 2313 4305 quum
2337 4246 2531 4308 propter
2547 4256 2629 4295 eos
2662 4245 2839 4296 virtute
2858 4260 2944 4297 sua
2962 4247 3034 4297 uti
3058 4260 3157 4298 non
3182 4251 3403 4311 possent,
3432 4250 3515 4301 sed
3565 4252 3712 4303 veluti

2165 4321 2312 4371 fluctu
2344 4324 2429 4372 aut
2462 4324 2604 4374 terroe
2630 4326 2765 4375 motu
2796 4325 3067 4388 ingruente,
3094 4329 3361 4378 cedendum
3395 4329 3487 4380 sibi
3533 4330 3713 4382 intelli·

2158 4400 2356 4460 gerent,
2401 4411 2492 4449 nec
2522 4401 2853 4451 sustinendum
2880 4405 2936 4452 ut
2972 4403 3155 4454 intectis
3198 4404 3340 4455 rebus
3369 4407 3716 4459 occumberent

2160 4474 2393 4536 nulloque
2427 4476 2587 4526 fructu
2603 4478 2895 4527 atrocissima
2914 4480 3100 4542 quaevis
3122 4480 3399 4542 perferrent.
3466 4487 3601 4547 Fuga
3614 4499 3712 4535 nou

2159 4551 2298 4612 ionga
2322 4550 2438 4613 fuit,
2457 4554 2624 4604 castris
2643 4554 2692 4604 iu
2713 4556 2887 4606 vicinia
2903 4558 3081 4619 positis.
3107 4559 3254 4609 Miltia
3278 4562 3609 4613 Romanorum
3628 4578 3709 4614 sex

2158 4627 2383 4678 cecidisse
2405 4630 2720 4694 Hieronymus
2746 4631 2843 4694 ait;
2875 4646 2906 4683 a
2936 4637 3072 4696 parte
3086 4636 3253 4699 Pyrrhi
3273 4636 3420 4687 miliia
3452 4639 3547 4688 tria
3571 4641 3711 4704 quin·

2157 4706 2324 4765 gentos
2367 4705 2577 4770 quinque
2602 4708 2912 4772 occubuisse,
2941 4711 3006 4760 ita
3032 4725 3134 4763 osse
3161 4713 3211 4762 in
3233 4714 3387 4778 Regiis
3425 4719 3710 4772 annotatum

2145 4778 2526 4834 commentariis.
2592 4784 2845 4849 Dionysius
2870 4800 2959 4837 nec
2998 4788 3116 4839 duas
3147 4790 3207 4840 ad
3244 4792 3472 4842 Asculum
3498 4809 3708 4859 pugnas,

2158 4872 2245 4908 nec
2271 4862 2451 4910 certam
2474 4860 2535 4912 de
2560 4864 2785 4913 Romanis
2818 4866 3068 4917 victoriam
3088 4869 3266 4919 refert.
3303 4871 3451 4921 semel
3481 4885 3634 4936 usque
3651 4887 3710 4924 ac

2155 4946 2381 4985 occasum
2408 4937 2520 4988 solis
2550 4950 2701 5001 quum
2733 4942 2995 5002 pugnatum
3021 4944 3070 4992 et
3085 4942 3350 5005 brachium
3390 4946 3573 5020 Pyrrho
3612 4950 3709 5011 pilo

2157 5013 2463 5064 vulneratum
2486 5017 2636 5077 esset,
2658 5017 2897 5081 simulque
2931 5021 3218 5071 Samnitibus
3237 5021 3578 5085 impedimenta
3605 5029 3711 5088 ejus

2157 5089 2510 5155 diripientibus,
2557 5107 2683 5158 aegre
2721 5095 2982 5159 diremptos
3030 5097 3196 5159 suisse;
3236 5098 3301 5149 ab
3330 5103 3537 5164 utraque
3574 5107 3712 5167 parte

2157 5181 2371 5219 seorsum
2390 5182 2535 5234 supra
2567 5172 2835 5237 quindecim
2869 5176 3013 5225 millia
3034 5176 3299 5227 desiderata
3321 5177 3483 5230 misse.
