4016 5916
523 440 632 493 1⁴6

511 557 787 635 λεγόμενος
825 559 1065 638 βασιλεὺς
1091 562 1183 619 οὗκ
1210 558 1348 618 ἔστιν
1382 549 1536 633 εἶδος,
1565 560 1799 641 καθάπερ
1828 558 2063 638 εἴπομεν,

514 648 799 713 πολιτείας·
831 649 885 705 ἐν
917 646 1110 714 πάσαις
1137 645 1239 726 γὰρ
1264 646 1514 727 ὑπάρχειν
1539 646 1805 726 ἐνδέχεται
1837 670 2067 727 στρατη-

513 732 631 811 γίαν
654 728 837 807 ἀίδιον,
860 724 964 792 οἷον
997 737 1049 793 ἐν
1078 735 1405 817 δημοκρατίᾳ
1434 733 1523 793 καὶ
1559 733 1945 816 ἀριστοκρατίᾳ,
1975 732 2065 792 καὶ

523 821 708 880 πολλοὶ
736 826 969 881 ποιοῦσιν
1014 821 1104 880 ἕνα
1140 821 1316 903 κύριον
1352 827 1445 894 τῆς
1487 820 1815 893 διοικήσεως·
1853 822 2065 893 τοιαύτη

516 908 614 989 γὰρ
662 908 802 990 ἀρχή
854 909 929 976 τίς
975 913 1086 969 ἐστι
1125 909 1215 968 καὶ
1257 910 1374 989 περὶ
1425 908 1769 987 Ἐπίδαμνον,
1813 910 1900 968 καὶ
1946 909 2067 989 περὶ

514 994 780 1056 Ὀποῦντα
804 994 858 1055 δὲ
890 995 1025 1056 κατά
1051 1019 1101 1055 τι
1131 995 1285 1078 μέρος
1314 992 1592 1078 ἔλαττον.]

593 1085 717 1163 [Id.
747 1087 830 1145 ib.
863 1089 917 1158 1,
942 1093 997 1163 4,
1023 1098 1050 1144 4
1075 1105 1090 1144 2
1121 1083 1214 1145 Ἐν
1232 1084 1610 1166 Λοκροῗςνόμος
1630 1083 1738 1143 ἐστὶ
1754 1082 1828 1163 μὴ
1845 1086 2034 1143 πωλεῖν
2050 1129 2066 1157 ,

515 1171 603 1230 ἐὰν
635 1172 709 1248 μὴ
740 1172 963 1254 φανερὰν
1011 1172 1233 1252 ἀτυχίαν
1267 1171 1404 1250 δείξῃ
1456 1172 1848 1249 συμὸεὸηκυῖαν
1867 1217 1883 1249 ,
1909 1171 1985 1230 ἔτι
2015 1172 2068 1232 δὲ

514 1256 630 1326 τοὺς
653 1258 904 1328 παλαιοὺς
928 1258 1148 1339 κλήρους
1176 1259 1464 1329 διασώζειν.
1485 1260 1507 1338 ]
1548 1264 1697 1318 Num
1720 1262 1792 1318 de
1813 1263 2072 1336 Opuntiis

514 1368 585 1404 an
608 1349 681 1404 de
697 1350 1082 1424 Epizephyriis
1106 1350 1462 1423 potissimum
1496 1361 1696 1405 auctor
1717 1352 2067 1425 cogitaverit,

515 1434 815 1492 incertum.
830 1440 949 1493 Lex
972 1448 1347 1511 utrorumque
1367 1436 1595 1512 ingenio
1617 1437 2062 1495 accommodata.

513 1524 639 1579 Huc
681 1525 848 1598 posui
887 1525 1108 1595 locum,
1136 1526 1269 1598 quia
1310 1526 1421 1581 alio
1451 1525 1579 1580 loco
1604 1525 1713 1597 (11,
1756 1545 1812 1601 9,
1845 1523 1911 1602 5)
1940 1527 2071 1583 Ari-

513 1612 738 1666 stoteles
774 1611 845 1667 de
874 1613 1026 1667 Italis
1047 1612 1244 1668 Locris
1281 1613 1520 1685 loquens
1546 1630 1800 1686 expresse
1826 1612 2073 1686 appellat

516 1700 944 1775 Epizephyrios3
971 1701 1138 1755 tertio
1161 1700 1291 1755 loco
1318 1698 1421 1775 (V,
1454 1699 1510 1767 6,
1539 1703 1624 1771 7),
1647 1702 1744 1773 qui
1765 1700 1838 1755 ad
1857 1703 2071 1756 Locros

515 1786 922 1860 Epizephyrios
962 1788 1239 1860 pertinet,
1270 1788 1598 1860 simpliciter
1635 1787 1867 1860 quidem
1899 1788 2069 1843 Locri

513 1876 898 1944 nominantur,
916 1874 1011 1930 sed
1026 1893 1118 1930 res
1131 1885 1356 1931 narrata
1373 1875 1494 1930 talis
1507 1887 1607 1944 est,
1626 1886 1690 1930 ut
1704 1875 2072 1932 distinctionis

511 1974 647 2018 nota
671 1982 789 2018 non
811 1981 954 2036 opus
981 1973 1136 2019 esset.
1166 1964 1427 2019 Ceterum
1451 1963 1520 2021 cf.
1564 1964 1785 2019 Miiller.
1822 1965 1948 2019 Dor.
1973 1964 2033 2017 11
2051 2003 2067 2030 ,

513 2068 572 2123 p.
603 2068 738 2121 200,
761 2068 897 2125 229.
1340 2050 1345 2054 ’

1121 2187 1458 2247 ΦΩΚΕΩΝ.

1223 2335 1354 2395 124.

592 2445 766 2501 Clem.
799 2444 888 2505 Al.
907 2444 1113 2501 Sti-om.
1137 2445 1186 2512 Ι,
1209 2456 1269 2517 p.
1301 2440 1410 2507 334
1440 2443 1504 2499 Β.
1523 2460 1585 2515 p.
1613 2447 1747 2515 144,
1777 2439 1848 2496 35
1870 2441 2062 2514 Sylb.:

518 2526 832 2599 Ἐξήκεστός
853 2550 907 2586 τε
934 2531 961 2585 6
990 2526 1228 2589 Φωκέων
1252 2524 1499 2605 τύραννος
1526 2524 1616 2583 δύο
1644 2524 1943 2591 δακτυλίους
1971 2547 2060 2604 φο·

518 2619 620 2693 ρῶν
652 2613 1084 2693 γεγοητευμένους
1102 2658 1119 2688 ,
1139 2616 1216 2693 τῷ
1249 2612 1401 2694 ψόφῳ
1423 2615 1498 2691 τῷ
1522 2610 1649 2692 πρὸς
1673 2610 1927 2682 ἀλλήλους
1950 2611 2063 2689 διῃ·

510 2701 722 2759 σθάνετο
748 2698 866 2767 τοὺς
893 2698 1101 2782 καιροὺς
1129 2703 1230 2758 τῶν
1261 2699 1516 2778 πράξεων.
1552 2697 1828 2759 Ἀπέθανεν
1848 2699 1902 2757 δὲ
1928 2698 2069 2774 ὅμως

512 2787 865 2867 δολοφονηθεὶς
888 2787 1058 2847 καίτοι
1079 2785 1512 2866 προσημήναντος
1539 2791 1628 2844 τοῦ
1652 2784 1816 2866 ψόφου
1832 2830 1849 2859 ,
1875 2784 1943 2852 ὥς
1961 2809 2065 2868 φη-

512 2896 592 2931 σιν
623 2874 982 2955 Ἀριστοτέλης
1009 2876 1061 2933 ἓν
1086 2878 1152 2953 τῇ
1185 2871 1424 2936 Φωκέων
1464 2871 1723 2953 πολιτείᾳ.

1186 2967 1380 3053 [ια5.]

592 3063 860 3144 [Aristot.
890 3070 1013 3127 Pol.
1042 3071 1116 3142 V,
1141 3068 1197 3139 3,
1227 3073 1258 3133 l}
1293 3086 1308 3126 t
1340 3066 1435 3126 Ἐν
1470 3069 1749 3127 Φωκεῦσιν
1775 3063 1825 3133 ἐξ
1845 3067 2066 3138 ἐπικλή-

515 3173 606 3231 ρου
631 3152 862 3220 στάσεως
901 3151 1178 3231 γενομένης
1214 3152 1337 3233 περὶ
1375 3151 1625 3213 Μνασέαν
1653 3151 1739 3211 τὸν
1778 3153 2067 3225 Μνήσωνος

514 3238 715 3320 πατέρα
763 3240 853 3299 καὶ
901 3239 1209 3320 Εὐθυκράτη
1262 3242 1351 3298 τὸν
1398 3240 1766 3320 Ὀνομάρχου,
1807 3243 1840 3311 ἡ
1888 3242 2066 3309 στάσις

512 3326 644 3399 αὕτη
692 3327 830 3408 ἀρχὴ
873 3333 964 3387 τοῦ
1019 3330 1158 3410 ἱεροῦ
1203 3327 1436 3405 πολέμου
1485 3327 1714 3399 κατέστη
1761 3329 1864 3394 τοῖς
1922 3330 2066 3388 Φω-

509 3420 740 3486 κεῦσιν.]

499 3586 655 3643 -qlam
674 3582 894 3643 speciem.
919 3583 973 3630 ln
997 3581 1221 3631 omnibus
1237 3582 1363 3630 enim
1391 3580 1535 3631 rebus
1562 3580 1764 3643 publicis
1792 3581 2065 3642 contingere

510 3660 685 3722 potest,
701 3661 756 3708 ut
766 3659 828 3709 sit
837 3659 1092 3722 imperium
1109 3658 1220 3708 beili
1232 3662 1535 3723 perpetuum,
1551 3659 1698 3709 veluti
1712 3662 1759 3709 in
1773 3658 2065 3708 democratia

508 3731 559 3778 et
585 3729 632 3777 in
656 3729 955 3779 aristocratia
965 3745 981 3791 ς
1010 3731 1061 3780 et
1077 3729 1218 3779 multi
1253 3731 1333 3779 uui
1363 3731 1512 3780 totius
1543 3730 1610 3780 rei
1647 3730 1830 3779 bellicae
1860 3729 2063 3778 admini-

509 3805 720 3856 sti-andan
754 3808 1042 3868 potestatem
1065 3804 1302 3856 deserunt.
1330 3808 1446 3857 Tale
1472 3807 1598 3857 enim
1625 3804 1868 3870 quoddam
1907 3807 2059 3869 impe·

509 3884 635 3932 rium
653 3883 798 3934 habet
821 3884 991 3934 civitas
1013 3883 1402 3947 Epidamniorum
1421 3886 1470 3934 et
1495 3884 1813 3948 Opuntiorum
1825 3920 1841 3946 ,
1862 3884 1970 3934 haec
1989 3886 2064 3933 ta-

509 3975 619 4013 men
642 3962 800 4026 aliqua
819 3975 881 4013 ex
899 3964 1034 4027 parte
1055 3962 1354 4028 angustius]

1016 4059 1519 4120 PHOCENSIUM
1532 4105 1545 4119 .

1223 4187 1346 4238 124.

571 4295 831 4345 Execestus
850 4332 865 4357 ,
897 4292 1214 4344 phocensium
1249 4296 1480 4357 tyrannus
1497 4331 1512 4356 ,
1540 4293 1664 4345 duos
1692 4297 1882 4358 gestans
1905 4297 2062 4347 incan-

507 4375 634 4423 tatos
649 4373 871 4434 annulos,
893 4386 920 4421 e
942 4371 1121 4431 sonitu,
1142 4385 1286 4434 quem
1311 4371 1459 4421 collisi
1477 4372 1603 4421 inter
1618 4385 1669 4422 se
1691 4372 1916 4435 edebant,
1939 4375 2053 4424 scie-

507 4450 590 4500 bat
611 4452 829 4514 tempora
849 4462 1011 4499 rerum
1024 4448 1342 4512 gerendarum
1367 4469 1378 4498 z
1402 4448 1709 4500 nibilominus
1726 4450 1845 4500 obiit
1863 4450 1975 4500 doio
1990 4453 2065 4501 in-

507 4529 760 4589 tei-sectus,
781 4529 1002 4589 quamvis
1021 4527 1070 4577 id
1099 4528 1144 4577 ei
1170 4528 1537 4591 praenuntiasset
1557 4528 1765 4591 sonitus,
1788 4532 1846 4579 ut
1866 4530 1934 4580 ait
1960 4532 2064 4581 Ari-

508 4604 701 4653 stoteles
718 4605 765 4652 in
783 4608 899 4666 Rep.
929 4605 1259 4656 Phocensium.

1255 4690 1287 4739 2
1329 4722 1340 4733 .

571 4775 732 4829 Quum
746 4769 870 4832 apud
886 4771 1148 4821 Phocenses
1161 4687 1392 4835 eglpuilia
1407 4773 1530 4836 patri
1541 4773 1676 4824 diviti
1687 4774 1927 4837 superstiti
1941 4776 2066 4824 iuter

508 4851 749 4898 Mnaseam
772 4849 1008 4898 Mnesonis
1026 4853 1209 4911 patrem
1236 4852 1285 4900 et
1309 4852 1652 4914 Euthycratem
1675 4853 1967 4904 onomat-chi
1987 4865 2062 4903 se·

509 4925 629 5053 :1330
654 4927 819 4974 coorta
837 4927 986 4982 esset,
1012 4927 1120 4977 haec
1144 4927 1314 4978 seditio
1331 4928 1443 4979 belli
1462 4929 1584 4979 sacri
1599 4929 1917 4980 phocensibus
1934 4931 2064 4993 origo

1191 5086 1358 5151 [126]

573 5167 764 5226 Delphis
799 5170 903 5217 orta
935 5182 995 5218 ex
1026 5168 1258 5221 affinitate
1290 5171 1518 5222 dissensio
1555 5172 1660 5222 tous
1692 5175 1743 5222 et
1777 5172 2062 5237 principium

1592 430 2093 490 AsslsToTELls
2147 430 2642 492 FRAGMENTA.

2823 563 3013 642 [ue]

2231 672 2442 749 [Idem.
2474 675 2599 729 Pol.
2623 676 2692 745 V,
2723 673 2779 748 3,
2808 673 2839 729 3
2867 693 2881 732 ε
2916 671 3009 732 Ἐν
3035 672 3279 753 Δελφοῖς,
3309 676 3367 733 ἐκ
3393 677 3602 752 κηδείας
3625 701 3724 755 γε·

2154 757 2367 836 νομένης
2395 761 2668 839 διαφορᾶς,
2709 758 2848 838 ἀρχὴ
2878 764 3061 819 πασῶν
3090 761 3293 839 ἐγένετο
3332 765 3434 820 τῶν
3477 765 3723 824 στάσεων

2156 849 2258 904 τῶν
2288 844 2534 927 ὕστερον·
2564 850 2592 905 6
2631 844 2725 923 μὲν
2753 846 2855 928 γὰρ
2889 846 3255 924 οἰωνισάμενός
3286 874 3337 907 τι
3378 851 3721 932 σύμπτωμα,

2160 937 2228 1000 ὡς
2259 924 2411 1006 ἦλθεν
2439 932 2523 993 ἐπὶ
2558 932 2651 1006 τὴν
2677 933 2904 1016 νύμφην,
2928 936 2989 994 οὗ
3013 934 3195 995 λαὸὼν
3214 937 3479 1009 ἀπῆλθεν·
3506 943 3553 999 οἱ
3581 942 3628 999 δ’
3649 945 3729 1008 ὣς

2162 1020 2487 1102 ὓὸρισθέντες
2529 1020 2775 1082 ἐνέὸαλον
2813 1026 2918 1082 τῶν
2959 1025 3111 1104 ἱερῶν
3151 1024 3441 1104 χρημάτων
3484 1028 3720 1101 θύοντος,

2160 1109 2387 1168 κᾶπειτα
2404 1112 2472 1176 ὡς
2489 1107 2753 1190 ἱερόσυλον
2772 1108 3099 1172 ἀπέκτειναν.
3121 1115 3202 1173 Ct'.
3228 1116 3511 1175 Plutarch.
3537 1121 3721 1179 Praec,

2157 1199 2282 1254 Pol.
2318 1217 2369 1256 c.
2400 1197 2496 1269 32,
2534 1198 2600 1255 15
2640 1195 2778 1257 :'Ev
2807 1199 3025 1277 Δελφοῖς
3052 1203 3080 1257 6
3116 1198 3357 1277 μέγιστος
3394 1200 3600 1280 λέγεται
3628 1227 3717 1283 γε·

2156 1282 2328 1342 νέσθαι
2353 1284 2693 1363 νεωτερισμὸς
2712 1284 2814 1344 ὑπὸ
2833 1285 3103 1365 Κράτητος
3116 1332 3131 1359 ,
3155 1278 3215 1346 οὗ
3236 1289 3440 1365 μέλλων
3459 1291 3733 1372 θυγατέροέ

2158 1379 2345 1449 γαμεῖν
2373 1370 2649 1451 Ὀργίλαος
2675 1376 2704 1431 6
2727 1373 2992 1446 Φάλιδος,
3019 1366 3131 1433 εἶτα
3155 1381 3247 1433 τοῦ
3274 1381 3530 1458 κρατῆρος
3558 1380 3716 1438 αὐτο·

2160 1456 2338 1534 μάτως
2365 1458 2451 1516 ἐπὶ
2472 1465 2585 1525 ταῖς
2614 1460 2860 1527 σπονδαῖς
2895 1459 3052 1537 μέσου
3088 1460 3335 1541 ῥαγέντος
3352 1507 3366 1533 ,
3396 1465 3715 1544 οἰωνισάμε-

2158 1566 2274 1617 νος,
2324 1545 2415 1604 καὶ
2449 1543 2755 1604 καταλιπὼν
2796 1544 2889 1617 τὴν
2920 1546 3160 1627 νύμφην,
3206 1551 3407 1621 ἀπῆλθε
3451 1551 3583 1627 μετὰ
3623 1559 3717 1613 τοῦ

2156 1632 2378 1712 πατρός·
2409 1636 2436 1691 6
2476 1630 2532 1691 δὲ
2576 1633 2791 1714 Κράτης
2831 1633 3001 1712 ὀλίγον
3041 1634 3252 1718 ὕστερον
3289 1636 3491 1697 θύουσιν
3538 1641 3714 1707 αὐτοῖς

2157 1717 2437 1779 ὑποὸαλὼν
2482 1719 2696 1799 χρυσίον
2738 1743 2790 1778 τι
2835 1725 2938 1780 τῶν
2981 1724 3160 1802 ἱερῶν,
3202 1723 3581 1804 κατεκρήμνισε
3625 1727 3715 1787 τὸν

2157 1806 2435 1887 Ὀργίλαον
2477 1806 2568 1865 καὶ
2609 1806 2694 1865 τὸν
2725 1808 2947 1885 ἀδελφὸν
2992 1809 3232 1887 ἀκρίτους
3250 1854 3267 1883 ,
3307 1812 3397 1870 καὶ
3424 1812 3581 1871 πάλιν
3611 1818 3715 1873 τῶν

2157 1895 2317 1975 φίλων
2352 1894 2493 1962 τινὰς
2532 1893 2622 1953 καὶ
2655 1895 2883 1968 οἰκείων,
2925 1895 3244 1965 ἱκετεύοντας
3282 1900 3332 1956 ἐν
3361 1902 3436 1981 τῷ
3465 1904 3587 1981 ἱερῷ
3624 1906 3728 1973 τῆς.

2166 1981 2464 2062 Προναίας,
2517 1982 2719 2040 ἀνεῖλε·
2768 1984 2975 2042 πολλῶν
3024 1982 3085 2041 δὲ
3130 1983 3373 2043 τοιούτων
3416 1986 3755 2063 γενομένων’

2162 2068 2552 2136 ἀποκτείναντες
2580 2072 2628 2128 οἱ
2650 2070 2844 2151 Δελφοὶ
2865 2070 2951 2128 τὸν
2976 2069 3231 2151 Κράτητα
3256 2071 3345 2130 καὶ
3369 2071 3487 2139 τοὺς
3515 2096 3683 2132 συστα
3700 2108 3714 2121 -

2162 2157 2477 2229 σιάσαντας,
2509 2159 2690 2216 ἐκτῶν
2724 2157 3036 2238 χρημάτων,
3068 2160 3320 2237 ἐναγικῶν
3350 2182 3719 2241 προσαγορευ-

2160 2244 2368 2317 θέντων,
2398 2241 2516 2311 ‘robe
2545 2245 2689 2303 κάτω
2719 2243 2869 2312 ναοὺς
2899 2245 3367 2326 ἅνῳκοδόμησαν.]

2235 2375 2580 2435 ΑΙΤΩΛΩΝ.
2628 2377 3112 2438 ΛΚΑΡΝΑΝΩΝ.
3159 2379 3614 2442 ΛΕΥΚΛΔῘΩΝ.

2864 2528 2885 2563 1
2898 2528 2993 2580 27.

2235 2636 2437 2692 Strabo
2461 2639 2589 2706 VII,
2623 2656 2683 2710 p.
2719 2635 2832 2691 32r
2869 2657 2884 2695 ι
2926 2633 3054 2695 Ὀτι
3081 2633 3139 2694 δὲ
3162 2635 3417 2711 πλάνητες
3449 2638 3525 2715 (οἱ
3545 2637 3723 2698 Asna-

2154 2720 2257 2796 γες)
2286 2719 2375 2777 καὶ
2404 2721 2522 2797 μετ’
2550 2721 2755 2781 ἐκείνων
2791 2724 2923 2800 (τῶν
2958 2722 3177 2801 Καρῶν)
3211 2722 3300 2780 καὶ
3326 2720 3623 2802 χωρὶς,,καὶ
3649 2727 3722 2782 ἐκ

2153 2808 2406 2880 παλαιοῦ,
2456 2807 2547 2865 καὶ
2590 2810 2644 2866 αἱ
2688 2807 3066 2889 Ἀριστοτέλους
3116 2810 3385 2867 Πολιτεῖαι
3428 2808 3667 2879 δηλοῦσιν
3690 2835 3702 2847 ·

2156 2893 2207 2949 ἐν
2259 2890 2354 2969 μὲν
2405 2892 2506 2976 γὰρ
2551 2898 2616 2976 τῇ
2664 2893 2805 2955 Ἀκᾶ
2828 2896 3071 2977 ρνάνων
3116 2895 3274 2976 φησὶ,
3316 2894 3375 2953 τὸ
3416 2894 3509 2973 μὲν
3562 2896 3599 2954 ἔ·
3630 2920 3705 2955 ειν

2154 2982 2314 3050 αὐτῆς
2352 2978 2655 3062 Κούρητας,
2697 2982 2757 3042 τὸ
2794 2981 2848 3042 δὲ
2890 2981 3255 3063 προσεσπέριον
3296 2982 3546 3062 Λέλεγας,
3588 3007 3706 3044 ειτα

2154 3067 2456 3139 Τηλεὸόας·
2486 3072 2539 3128 ἐν
2569 3068 2623 3128 δὲ
2645 3074 2711 3149 τῇ
2740 3073 2842 3129 τῶν
2866 3074 3190 3144 Αἰτωλῶν,
3219 3069 3334 3137 τοὺς
3352 3076 3439 3128 νῦν
3464 3071 3701 3152 Λοκροὺς

2154 3154 2384 3231 Λέλεγας
2410 3158 2586 3214 καλεῖ·
2615 3158 2900 3238 κατασχεῖν
2922 3157 2975 3217 δὲ
2997 3157 3084 3218 καὶ
3110 3157 3203 3229 τὴν
3234 3156 3486 3217 Βοιωτίαν
3520 3156 3713 3226 αὐτοὺς

2155 3240 2308 3323 φησίν
2330 3263 2344 3277 ·
2373 3241 2562 3321 ὁμοίως
2590 3243 2643 3302 δὲ
2663 3244 2753 3303 καὶ
2772 3248 2824 3303 ἐν
2842 3249 2907 3325 τῇ
2937 3243 3342 3307 Ὀπουντίων
3370 3245 3461 3304 καὶ
3488 3247 3545 3305 Μ
3562 3268 3704 3324 εγα·

2152 3332 2340 3411 ρέων·
2387 3333 2441 3390 ἐν
2482 3331 2536 3391 δὲ
2576 3337 2641 3412 τῇ
2686 3335 3077 3395 Λευκαδίων
3116 3335 3206 3394 καὶ
3248 3333 3536 3414 αὐτόχθονα
3577 3333 3701 3393 τινὰ

2151 3416 2357 3496 Λέλεγα
2399 3418 2656 3495 ὀνομάζει,
2702 3419 2881 3481 τούτου
2923 3421 2978 3481 δὲ
3021 3423 3352 3501 θυγατριδοῦν
3398 3425 3447 3482 Τ
3449 3420 3694 3493 ηλεὸόαν.

2150 3579 2366 3631 omnium
2378 3617 2392 3644 ,
2409 3595 2519 3644 quae
2533 3585 2770 3645 posterius
2782 3587 2960 3634 coortae
2979 3587 3109 3647 sunt,
3123 3585 3411 3636 seditionum
3424 3586 3532 3635 ruit.
3549 3588 3705 3649 Spon-

2149 3670 2231 3708 sus
2244 3658 2371 3708 enim
2385 3659 2543 3709 nescio
2558 3658 2678 3722 quid
2691 3660 2865 3710 sinistri
2883 3659 2973 3710 sibi
2997 3660 3219 3723 portendi
3233 3663 3394 3712 omine
3410 3662 3533 3712 forte
3543 3662 3706 3712 oblato

2150 3738 2426 3799 auguratus,
2447 3749 2600 3799 quum
2614 3736 2676 3788 ad
2697 3750 2919 3800 sponsam
2936 3737 3158 3800 venisset,
3182 3750 3238 3788 ea
3263 3738 3509 3800 repudiata
3531 3738 3708 3790 disces—

2150 3815 2227 3866 sit.
2247 3818 2321 3867 llli
2338 3830 2454 3867 vero
2475 3817 2878 3868 utcontumeliam
2898 3820 3143 3881 acceptam
3169 3818 3532 3882 ulciscerentur,
3556 3819 3703 3869 inter·

2150 3907 2207 3945 ea
2231 3894 2349 3945 dum
2379 3896 2459 3947 ille
2493 3897 2811 3958 sacrificaret,
2834 3896 2895 3947 de
2928 3896 3223 3959 supellectile
3258 3910 3394 3948 sacra
3432 3896 3615 3961 aliquid
3643 3899 3697 3947 iu

2154 3972 2361 4022 canistra
2380 3972 2484 4034 eius
2508 3974 2695 4024 occulte
2712 3973 3048 4034 conjecerunt,
3068 3971 3242 4022 deinde
3260 3985 3376 4023 eum
3394 4011 3409 4035 ,
3430 3975 3488 4024 ut
3506 3974 3707 4024 sacrile-

2151 4063 2292 4112 gum,
2318 4052 2626 4100 necaverunt.

2397 4180 2845 4242 AETOLORUM
2861 4223 2877 4252 ‚
2943 4175 3425 4241 ACARNANUM
3440 4223 3455 4252 ,

2636 4273 3210 4336 LEUCADIOBUM.

2858 4428 2975 4478 127.

2212 4545 2416 4595 Multum
2442 4549 2636 4607 vagatos
2669 4559 2771 4596 esse
2798 4546 2990 4608 Leleges
3023 4543 3097 4592 vel
3126 4555 3223 4591 una
3258 4554 3371 4591 cum
3394 4541 3591 4592 Caribus
3623 4543 3707 4590 vel

2149 4622 2330 4684 absque
2341 4622 2397 4671 iis
2417 4620 2525 4671 inde
2542 4623 2604 4672 ab
2615 4621 2935 4685 antiquisimis
2953 4618 3249 4683 temporibus
3265 4619 3407 4668 etiam
3428 4615 3705 4666 Aristoteles

2150 4699 2198 4749 in
2220 4699 2401 4749 Politiis
2416 4698 2643 4749 declarat.
2679 4701 2870 4750 Etenim
2899 4699 2949 4750 in
2969 4703 3268 4749 Acarnanum
3282 4707 3381 4757 rep.
3402 4693 3494 4755 ait,
3512 4695 3705 4755 partem

2151 4778 2427 4829 Acarnaniae
2450 4780 2650 4829 curetes
2672 4780 2864 4840 tenere,
2895 4776 3239 4827 occidentalem
3271 4772 3490 4834 Leleges,
3518 4768 3694 4822 deinde

2149 4855 2394 4906 Teleboas.
2416 4858 2564 4905 Porro
2587 4856 2638 4904 in
2661 4855 2937 4906 AEtolorum
2958 4866 3059 4915 rep.
3084 4851 3169 4916 qui
3191 4862 3319 4901 nunc
3339 4852 3508 4900 Locros
3529 4845 3705 4897 dicun.

2148 4931 2229 4981 tur
2248 4933 2437 4995 Leleges
2462 4934 2707 4995 nominat3
2728 4932 2922 4984 eosdem
2941 4932 3087 4983 etiam
3122 4929 3354 4981 Boeotiam
3384 4925 3591 4977 tenuisse
3613 4926 3700 4977 ait.

2149 5009 2376 5059 Similiter
2392 5010 2441 5059 in
2453 5010 2777 5073 opuntiorum
2794 5011 2844 5060 et
2856 5009 3199 5072 Megarensium
3226 5007 3487 5069 rebusp.1n
3509 5006 3698 5054 Leuca-

2147 5086 2337 5136 diorum
2369 5100 2483 5137 vero
2518 5100 2617 5149 rep.
2651 5088 2796 5137 etiam
2831 5085 3210 5136 autochthonem
3242 5082 3483 5146 quendam
3531 5081 3709 5144 Lelega

2148 5166 2522 5226 commemorat,
2555 5164 2753 5228 ejusque
2787 5177 2815 5214 e
2840 5164 2938 5214 titia
2973 5165 3195 5225 nepotem
3219 5159 3512 5222 Teleboam,
3548 5158 3703 5216 hujus
