4016 5916
513 430 628 479 116

1522 414 2028 474 ARISTOTELIS
2070 414 2572 475 FRAGMENTA.

486 553 579 606 cui
611 551 927 622 displiceat,
957 547 1178 622 inquit,
1203 542 1297 615 τὴν
1321 544 1505 615 ξενίαν,
1535 558 1592 601 et
1617 547 1916 619 malit·pro
1956 564 2025 601 eo
2127 542 2268 603 σίτου
2288 589 2305 621 ,
2341 543 2472 622 [καὶ
2506 544 2626 623 περὶ
2652 543 2787 622 τῆς]
2824 543 3057 622 φυλακῆς
3088 545 3177 612 τῆς
3217 540 3418 620 χώρας,
3459 543 3549 602 καὶ
3586 543 3680 611 τὰς

488 638 720 693 rescribi
749 631 842 704 τὴν
870 633 1055 703 ξενίας,
1085 637 1168 690 uti
1187 638 1323 691 Lex.
1356 635 1592 691 Rhetor.
1622 652 1682 707 p.
1709 633 1821 688 238
1839 674 1855 703 ,
1879 631 1953 687 26
1977 634 2038 687 in

485 726 651 779 simili
697 742 859 778 causa
904 724 1076 778 habet
1113 722 1291 797 ἀγῶνα
1334 717 1529 791 ξενίας,
1571 722 1615 775 is
1647 731 1832 776 teneat
1868 716 2033 784 ξενίαν

489 811 683 866 eadem
724 810 1178 882 breviloquentia
1212 809 1427 864 dictum
1474 807 1657 863 videri
1701 826 1810 880 pro
1861 806 2037 881 ἀγῶνα

487 895 671 965 ξενίας,
700 908 763 952 ut
785 893 1023 972 προξενίαι
1044 906 1098 951 et
1123 892 1328 951 ἀτέλεια
1356 913 1464 968 pro
1487 891 1734 972 ψήφισμα
1751 890 2035 967 προξενίας,

490 981 725 1047 ἀτελείας
754 982 1063 1038 dicebatur.
1104 1008 1128 1032 D

565 1071 645 1127 Cf.
671 1072 1047 1144 Harpocratio
1068 1090 1124 1125 ν.
1153 1065 1441 1143 Ἥγεμονία
1458 1065 1791 1147 δικαστηρίου
1814 1066 2034 1127 εἌλλαι

492 1154 618 1233 πρὸς
659 1155 846 1221 ἄλλους
895 1158 993 1212 τῶν
1041 1154 1304 1233 ἀρχόντων
1353 1151 1702 1231 ἐλαγχάνοντο
1746 1153 1915 1229 δίκαι,
1946 1150 2039 1217 τὰς

492 1245 544 1301 δὲ
568 1242 937 1322 ἀπενεχθείσας
955 1244 1007 1299 αἱ
1038 1240 1198 1321 ἀρχαὶ
1218 1239 1354 1299 κατὰ
1381 1238 1468 1298 τὸν
1496 1242 1653 1310 αὐτῆς
1674 1240 1869 1310 ἑκάστη
1884 1239 2041 1315 νόμον

489 1332 695 1406 εἰσῆγον
724 1330 793 1394 εἷς
813 1327 1142 1406 δικαστήριον
1167 1324 1427 1403 ἡγουμένη
1456 1325 1545 1382 καὶ
1565 1330 1873 1404 προεστῶσα
1892 1371 1909 1401 ,
1935 1318 2042 1383 οἷον

489 1416 617 1495 πρὸς
646 1413 741 1493 μὲν
766 1414 851 1472 τὸν
878 1414 1108 1493 ἄρχοντα
1138 1416 1191 1472 αἱ
1216 1417 1316 1471 τῶν
1345 1413 1577 1491 ὀρφανῶν
1599 1412 1687 1471 καὶ
1707 1416 1809 1471 τῶν
1825 1412 2041 1483 ἐπικλή-

492 1526 612 1580 ρων,
631 1501 758 1581 πρὸς
786 1499 841 1559 δὲ
870 1501 956 1559 τὸν
986 1499 1205 1578 βασιλέα
1229 1502 1283 1558 αἱ
1311 1503 1403 1571 τῆς
1427 1498 1695 1577 ἀσεὸείας,
1725 1498 1851 1579 πρὸς
1874 1498 1929 1558 δὲ
1956 1500 2042 1558 τὸν

490 1587 823 1667 πολέμαρχον
847 1592 937 1645 τοῦ
966 1586 1285 1646 ἀποστασίου
1313 1584 1402 1645 καὶ
1427 1586 1780 1667 ἀπροστασίου
1797 1631 1812 1660 ,
1834 1587 1961 1668 πρὸς
1988 1587 2044 1645 δὲ

498 1675 613 1742 τοὺς
630 1672 941 1752 θεσμοθέτας
966 1677 1022 1732 αἱ
1038 1678 1129 1745 τῆς
1153 1673 1316 1742 ξενίας
1343 1696 1399 1731 τε
1416 1673 1505 1731 καὶ
1530 1673 1829 1754 δωροξενίας
1845 1675 1935 1733 καὶ
1951 1698 2045 1734 συ·-

496 1760 775 1843 κοφαντίας
822 1760 914 1819 καὶ
945 1759 1120 1840 δώρων
1159 1761 1249 1819 καὶ
1296 1759 1688 1842 ψευδεγγραφῆς
1721 1761 1809 1820 καὶ
1848 1760 2045 1842 ὖὸρεως

494 1849 584 1907 καὶ
617 1846 854 1925 μοιχείας
893 1846 982 1906 καὶ
1014 1847 1332 1926 βουλεύσεως
1371 1846 1463 1905 καὶ
1507 1848 1695 1908 ἄλλων.
1741 1853 1876 1923 Quae
1909 1853 2043 1906 item

496 1939 783 2012 exscripsit
826 1935 1024 1992 Suidas
1081 1957 1127 1993 s.
1184 1957 1242 1993 v.
1299 1939 1469 1995 Plura
1494 1933 1497 1937 ’
1541 1937 1614 1993 de
1679 1938 2043 1993 Thesmothe·

495 2026 564 2079 tis
588 2042 658 2079 ex
701 2022 904 2079 eodem
934 2023 1089 2079 haud
1136 2023 1310 2079 dubie
1335 2026 1637 2082 Aristotele
1654 2066 1672 2096 ‚
1709 2025 1806 2081 dat
1843 2026 2047 2083 Pollux

500 2113 664 2181 vm,
724 2109 816 2180 87,
865 2108 937 2165 88
984 2130 999 2166 ε
1053 2111 1124 2169 Οἱ
1175 2107 1270 2186 μὲν
1331 2110 1636 2188 θεσμοθέται
1688 2109 2045 2191 προγράφουσι

492 2195 617 2254 πότε
644 2196 722 2254 δεῖ
765 2194 988 2264 δικάζειν
1014 2197 1081 2255 τὰ
1110 2196 1421 2277 δικαστήρια
1442 2221 1455 2235 ·
1484 2197 1575 2257 καὶ
1603 2196 1695 2265 τὰς
1719 2197 2047 2276 εἰσαγγελίας

495 2281 913 2361 εἷσαγγέλλουσιν
943 2285 1014 2350 εἰς
1041 2283 1123 2342 τὸν
1148 2284 1312 2360 δῆμον
1338 2284 1429 2343 καὶ
1456 2283 1549 2352 τὰς
1570 2285 1913 2365 χειροτονίας,
1953 2284 2045 2343 καὶ

495 2370 587 2438 τὰς
614 2370 876 2452 προὸολὰς
905 2372 1168 2449 εἰσάγουσι
1196 2372 1284 2429 καὶ
1310 2371 1400 2439 τὰς
1420 2375 1523 2431 τῶν
1551 2371 1870 2452 παρανόμων
1905 2396 2049 2452 γρα-

497 2457 624 2538 φάς·
660 2459 750 2517 καὶ
793 2458 844 2518 εἴ
882 2483 960 2526 τις
999 2458 1073 2536 μὴ
1120 2458 1409 2531 ἐπιτήδειον
1449 2460 1609 2537 νόμον
1658 2461 1906 2541 γράψειε,
1950 2460 2042 2519 καὶ

497 2550 810 2625 στρατηγοῖς
837 2546 1065 2613 εὐθύνας.
1118 2545 1355 2607 Γίνονται
1383 2547 1436 2605 δὲ
1474 2546 1674 2628 γραφαὶ
1702 2548 1827 2627 πρὸς
1861 2547 2048 2615 αὐτοὺς

494 2632 672 2704 ξενίας,
690 2632 1011 2711 δωροξενίας,
1033 2631 1231 2711 δώρων,
1250 2633 1617 2714 συκοφαντίας,
1629 2635 2046 2715 ψευδοκλητείας,

496 2711 886 2798 ψευδεγγραφῆς
904 2764 920 2797 ,
954 2719 1293 2797 βουλεύσεως,
1323 2721 1597 2799 ἀγραφίου,
1624 2721 1884 2800 μοιχείας·
1908 2722 2047 2781 εἰσά-

496 2828 648 2881 γουσι
673 2807 727 2863 δὲ
753 2805 847 2863 καὶ
886 2805 1196 2880 δοκιμασίαν
1224 2814 1338 2873 ταῖς
1367 2808 1553 2885 ἀρχαῖς
1576 2850 1592 2879 ,
1631 2806 1722 2867 καὶ
1764 2807 1879 2877 τοὺς
1907 2811 2048 2868 ἀπε-

495 2890 879 2971 ψηφισμένους,
908 2890 998 2949 καὶ
1026 2890 1118 2957 τὰς
1146 2893 1203 2950 ἐκ
1228 2896 1318 2963 τῆς
1348 2895 1536 2972 βουλῆς
1562 2893 1935 2974 καταγνώσεις,
1956 2895 2048 2954 καὶ

495 2979 639 3042 δίκας
669 2975 952 3055 ἐμπορικὰς
980 2977 1069 3037 καὶ
1099 2977 1460 3053 μεταλλικὰς,
1486 2979 1578 3039 καὶ
1604 2979 1696 3039 ἐὰν
1736 2983 1914 3048 δοῦλος
1945 3005 2030 3041 κα·

496 3068 601 3129 κῶς
634 3062 857 3143 ἀγορεύῃ
886 3062 972 3122 τὸν
1021 3062 1304 3145 ἐλεύθερον,
1331 3065 1420 3123 καὶ
1449 3073 1562 3133 ταῖς
1603 3060 1790 3146 ἀρχαῖς
1825 3068 2048 3137 ἐπικλη-

500 3154 643 3228 ροῧσι
680 3147 747 3208 τὰ
781 3149 1090 3231 δικαστήρια
1127 3149 1194 3209 τὰ
1216 3151 1324 3209 ἴδια
1361 3150 1451 3211 καὶ
1487 3151 1554 3210 τὰ
1591 3151 1845 3229 δημόσια·
1869 3153 2048 3214 καὶτὰ

503 3235 744 3312 σύμὸολα
782 3236 846 3295 τὰ
887 3238 1013 3317 πρὸς
1040 3236 1130 3306 τὰς
1165 3238 1341 3307 πόλεις
1379 3245 1619 3320 κυροῧσι,
1654 3239 1743 3299 καὶ
1772 3240 1916 3309 δίκας
1951 3242 2046 3310 τὰς

499 3322 603 3381 ἀπὸ
632 3323 907 3400 συμὸόλων
935 3325 1224 3401 εἰσάγουσι,
1245 3325 1443 3393 καὶτὰς
1465 3330 1567 3384 τῶν
1592 3328 2046 3409 ψευδομαρτυρίων

493 3414 595 3469 τῶν
625 3410 675 3479 ἐξ
713 3412 908 3492 Ἀρείου
939 3412 1131 3490 πάγου.
1167 3416 1250 3472 Cf.
1310 3416 1540 3472 Photius
1581 3436 1639 3492 p.
1682 3417 1816 3489 670,
1854 3426 1918 3485 14
1952 3420 2071 3476 ed.-

493 3502 756 3572 Porson.‚
786 3502 1024 3558 Bekker.
1057 3504 1273 3558 Anecd.
1297 3507 1355 3574 I,
1383 3523 1443 3578 p.
1478 3503 1611 3570 264.

1231 3666 1324 3722 32.

572 3835 710 3888 Lex.
743 3834 981 3889 Rhetor.
1004 3852 1062 3907 p.
1092 3833 1240 3905 672,
1267 3854 1298 3889 2
1335 3837 1419 3894 :K
1440 3834 1589 3913 υρία
1618 3839 1649 3907 ἡ
1679 3838 2006 3910 ἐκκλησία
2030 3864 2044 3876 ·

498 3915 796 3997 Δημήτριος
824 3922 851 3976 ὁ
876 3916 1158 3999 Φαληρεὺς
1187 3921 1239 3977 ἐν
1267 3924 1341 4000 τῷ
1371 3920 1592 4002 δευτέρῳ
1617 3923 1749 4003 Περὶ
1773 3929 1866 3997 τῆς
1897 3925 2044 3998 Ἀθη·

500 4005 655 4062 ναίων
685 4004 984 4082 νομοθεσίας
1006 4004 1034 4036 ²*
1059 4008 1084 4032 ¹*
1121 4006 1216 4084 (15
1245 4009 1362 4066 fere
1391 4012 1496 4070 litt.
1526 4011 1800 4090 spatium)
1825 4013 2044 4072 πλεῖστα

495 4088 843 4168 ἐχρημάτιζεν
871 4088 905 4161 ἢ
928 4090 1148 4168 μέγιστα
1179 4095 1280 4150 τῶν
1316 4098 1526 4153 κοινῶν·
1553 4098 1670 4154 ἀλλ’
1697 4098 1813 4168 ἐνῆν
1849 4099 1935 4157 τὸν
1963 4101 2045 4158 δε·

505 4174 715 4251 δεμένον
741 4176 897 4257 φησίν
915 4200 929 4215 ·
960 4178 1173 4246 εἰκότως
1201 4178 1244 4236 δ’
1288 4178 1352 4238 ἄν
1381 4204 1456 4247 τις
1485 4184 1629 4263 αὐτῷ
1657 4186 2012 4260 ἐπιτιμήσειεν
2030 4210 2043 4225 ·

496 4269 539 4321 εἰ
572 4264 654 4341 (τί
669 4265 726 4344 Ρ)
758 4264 856 4344 γὰρ
885 4263 948 4323 ἂν
969 4267 1096 4326 πότε
1119 4267 1302 4347 κυρίας
1319 4270 1598 4340 ἐκκλησίας
1619 4270 1733 4337 τοὺς
1753 4270 2045 4345 Ἀθηναίους

497 4351 709 4426 νομίσαι
742 4353 794 4409 ἐν
822 4353 848 4379 *
875 4353 905 4384 ⁴*
938 4354 955 4431 (
992 4374 1061 4413 1o
1091 4356 1206 4413 sere
1234 4357 1385 4434 litt.)
1418 4355 1657 4432 ἐμίσθουν
1698 4359 1724 4384 ²*
1747 4359 1773 4384 ²*
1796 4362 1899 4437 (ιο
1927 4364 2046 4421 sere

497 4441 600 4494 litt.
618 4440 659 4512 ).
684 4435 922 4515 Ἄμεινον
947 4432 1036 4500 οὗν
1066 4441 1405 4522 Ἀριστοτέλει
1434 4443 1770 4526 [πείθεσθαι]
1788 4470 1801 4483 ·
1829 4445 1920 4514 τὰς
1943 4448 2045 4531 γὰρ

497 4521 662 4599 ἀρχὰς
685 4525 738 4582 ἐν
780 4534 894 4591 ταῖς
920 4528 1120 4607 κυρίαις
1167 4529 1466 4600 ἐκκλησίαις
1494 4531 1649 4612 φησὶν
1679 4533 2043 4614 [ἐπι]χειροτο-

494 4611 721 4682 νεῖσθαι,
743 4611 832 4670 καὶ
854 4612 947 4679 τὰς
962 4617 1289 4694 εἰσαγγελίας
1315 4616 1432 4695 [τὸν
1455 4618 1764 4698 βουλόμενον
1786 4628 2043 4683 ποιεῖσθαι

493 4700 607 4752 sive
635 4695 985 4776 εἰσαγγέλλειν
1005 4703 1051 4780 ],
1071 4702 1159 4762 καὶ
1184 4703 1250 4761 τὰ
1270 4705 1403 4763 ἄλλα
1424 4707 1440 4784 (
1459 4704 1550 4773 τὰς
1571 4706 1732 4775 ἄλλας
1751 4711 1913 4789 cod.)
1940 4715 2041 4770 τῶν

500 4781 795 4858 ἀναγκαίων
833 4789 1172 4864 χρηματίζειν
1201 4808 1215 4825 ·
1243 4791 1629 4872 [χρηματίζειν
1654 4792 1708 4853 δὲ
1736 4802 1756 4868 ]
1800 4795 1888 4854 καὶ
1915 4796 2042 4877 ’περὶ

2130 630 2433 711 ἀπογραφὰς
2475 633 2576 688 τῶν
2625 627 2989 706 δημευομένων
3031 627 3436 705 ἀναγιγνώσκειν
3471 631 3560 689 καὶ
3586 631 3680 698 τὰς

2128 717 2298 787 λήξεις
2325 718 2342 794 (
2370 715 2546 783 δείξεις
2565 720 2694 776 cod.
2717 719 2735 794 )
2761 719 2864 774 τῶν
2889 714 3123 793 κλήρων·
3153 713 3240 771 ἐπὶ
3270 712 3325 771 δὲ
3348 719 3442 785 τῆς
3484 718 3677 796 ὀστρα-

2128 803 2370 884 κοφορίας
2408 802 2824 884 προχειροτονίαν
2850 803 3109 875 δίδοσθαι,
3134 802 3178 859 εἶ
3202 802 3346 861 δοκεῖ
3368 800 3403 873 ἢ
3433 801 3507 879 μὴ
3541 807 3681 876 [εἷσ·

2129 890 2299 972 φέρειν
2332 889 2393 949 τὸ
2415 891 2667 969 ὄστρακον
2697 890 2744 969 ].

2213 980 2304 1036 Ad
2333 982 2450 1035 haec
2474 982 2715 1036 Meierus
2739 999 2800 1054 p.
2832 999 2899 1035 αι
2941 998 2954 1034 :
2989 1004 3014 1029 α
3043 980 3214 1035 Initio
3238 980 3390 1036 malo
3418 978 3573 1058 κυρία
3602 984 3683 1039 ἐκ·

2130 1063 2341 1135 κλησία.
2380 1099 2450 1110 -
2493 1069 2764 1123 Demetrii
2795 1067 3137 1123 Phalerensis
3169 1068 3415 1123 orationi
3440 1068 3683 1144 integri-

2130 1166 2297 1210 tatem
2307 1154 2552 1210 reddant
2577 1155 2853 1210 acutiores
2870 1175 2886 1224 3
2909 1174 3032 1227 quae
3052 1156 3200 1210 enim
3212 1156 3329 1227 ipse
3339 1159 3683 1229 perspexisse

2130 1244 2265 1297 mihi
2293 1241 2513 1310 videor,
2555 1260 2837 1315 perpauca
2887 1252 3044 1312 sunt,
3078 1243 3251 1297 veluti
3294 1242 3453 1315 quod
3480 1247 3683 1300 rescri-

2128 1330 2333 1402 pserim
2366 1348 2380 1383 ι
2406 1328 2628 1384 πλεῖστα
2653 1328 2769 1406 ἐχρ.
2787 1325 2894 1385 καὶ
2915 1325 3163 1404 μέγιστα;
3197 1329 3402 1385 deinde
3423 1334 3686 1388 restitue-

2130 1417 2267 1470 rim:
2288 1411 2665 1489 ἐπιτιμήσειεν·
2692 1410 2743 1470 τί
2774 1411 2873 1492 γὰρ
2900 1411 2961 1470 ἄν
2987 1436 3175 1472 ποτε...
3193 1413 3469 1489 νομίσειεν.
3494 1417 3684 1490 Quum

2135 1521 2271 1557 vero
2310 1498 2651 1578 χρηματίζειν
2677 1503 2924 1576 primum
2972 1503 3034 1558 in
3073 1512 3338 1576 prytanes
3384 1504 3579 1574 cadat,
3620 1506 3687 1562 id

2132 1600 2211 1644 est
2234 1591 2294 1643 in
2314 1598 2615 1663 prytanum
2635 1588 2931 1662 proedros,
2951 1609 3059 1663 qua
3069 1600 3225 1644 tenus
3248 1589 3307 1643 hi
3329 1591 3684 1663 potissimum

2138 1694 2267 1731 cum
2293 1675 2514 1749 populo
2547 1666 2785 1749 agebant
2817 1675 2925 1744 (sic
2963 1676 3109 1730 enim
3136 1676 3487 1732 concilianda
3517 1679 3686 1735 vide-

2135 1773 2225 1818 tur
2259 1763 2352 1818 lex
2378 1780 2469 1836 ap.
2517 1764 2681 1818 Dem.
2723 1763 2789 1820 C.
2828 1760 2963 1819 Mid.
3008 1781 3070 1836 p.
3106 1761 3241 1834 517,
3273 1782 3384 1837 qua
3422 1775 3688 1838 prytanes

2132 1848 2399 1921 jubentur
2430 1844 2788 1925 χρηματίζειν,
2819 1868 2948 1905 cum
2976 1850 3146 1923 ipsius
3171 1852 3408 1906 oratoris
3434 1853 3688 1926 explica-

2136 1939 2322 2011 tione,
2355 1939 2452 2010 qui
2473 1933 2588 2001 τοὺς
2617 1932 2893 2014 προέδρους
2914 1934 3258 2013 χρηματίζειν
3289 1937 3455 2008 dicit,
3481 1951 3546 1998 ut
3588 1941 3686 1996 hic

2136 2021 2364 2078 definite
2393 2021 2627 2093 dixerit,
2666 2023 2825 2095 quod
2852 2024 2911 2077 in
2945 2025 3066 2098 lege
3097 2026 3281 2080 miuus
3305 2038 3563 2082 accurate
3588 2028 3682 2084 si-

2134 2106 2456 2182 gnificatum
2479 2111 2578 2179 sit;
2606 2109 3049 2167 cf.Schoemann.
3080 2114 3311 2186 Antiqq.
3344 2131 3404 2186 p.
3438 2102 3573 2184 2‘21,
3603 2116 3684 2191 4),

2136 2195 2270 2251 dein
2306 2198 2366 2251 in
2402 2207 2655 2252 senatum
2683 2199 3121 2272 quingentorum
3168 2197 3282 2276 (sic
3320 2200 3681 2258 Demosthen.

2133 2286 2218 2338 De
2246 2302 2367 2339 cor.
2391 2303 2451 2358 p.
2486 2282 2624 2354 285,
2662 2303 2686 2338 1
2721 2303 2734 2339 t
2765 2283 2902 2361 Πρὶν
2925 2281 3120 2354 ἐκείνην
3154 2282 3229 2364 (i.
3263 2305 3315 2344 e.
3339 2284 3435 2356 τὴν
3463 2285 3685 2367 βουλὴν)

2133 2366 2457 2446 χρηματίσαι
2493 2369 2584 2426 καὶ
2627 2367 3028 2449 προδουλεῦσαι.
3071 2376 3316 2449 Lycurg.
3366 2375 3430 2431 C.
3471 2378 3682 2436 Leocr.

2147 2457 2180 2529 §
2223 2455 2321 2530 37,
2357 2452 2620 2532 βουλὴν...
2666 2462 3061 2535 χρηματιοῦσαν
3100 2457 3220 2535 περὶ
3271 2460 3523 2538 φυλακῆς.
3551 2465 3689 2520 Pol-

2134 2545 2250 2599 lux.
2279 2547 2450 2615 VIII,
2489 2551 2630 2621 144,
2669 2550 2704 2615 ἡ
2739 2542 2900 2623 βουλὴ
2930 2544 3352 2626 ἐχρημάτισεν),
3397 2549 3643 2625 denique
3666 2594 3684 2623 ,

2138 2643 2288 2688 certe
2317 2633 2471 2707 apud
2498 2637 2913 2709 grammaticos,
2942 2637 3189 2710 populus
3228 2639 3343 2711 ipse
3367 2681 3382 2708 ,
3409 2651 3689 2712 quatenus

2136 2738 2265 2774 cum
2290 2738 2358 2775 eo
2386 2722 2446 2775 in
2466 2723 2739 2779 concione
2764 2724 3056 2797 agebatur,
3082 2721 3420 2801 χρηματίζειν
3460 2724 3688 2783 dicatur

2139 2805 2155 2880 (
2180 2809 2379 2863 Pollux
2399 2810 2564 2878 VIII,
2587 2810 2662 2882 96
2686 2810 2702 2884 )
2735 2829 2750 2864 ε
2779 2812 2907 2866 satis
2934 2823 3167 2885 apparet
3191 2811 3348 2884 quod
3365 2811 3683 2883 subjectum

2133 2893 2206 2949 ad
2234 2892 2585 2973 ἐχρημάτισεν
2628 2897 3007 2970 desideretur,
3053 2917 3173 2953 non
3214 2917 3371 2973 posse
3416 2916 3528 2954 esse
3571 2902 3685 2957 m'si

2134 2993 2229 3038 aut
2250 2980 2343 3052 τὴν
2375 2981 2565 3062 βουλὴν
2592 2997 2689 3041 aut
2719 2982 2805 3042 τὸν
2835 2986 3018 3061 δῆμον,
3046 3006 3287 3061 quorum
3312 2997 3376 3041 ut
3394 2986 3505 3042 hoe
3522 3007 3683 3062 prae-

2138 3070 2310 3127 feram
2333 3113 2350 3145 ,
2378 3073 2561 3145 ipsun:
2594 3073 2798 3130 lemma
2830 3074 3021 3148 glossae
3055 3073 3350 3148 persuadet
3379 3092 3393 3128 :
3435 3076 3687 3148 spatium

2134 3158 2304 3230 igitur
2343 3160 2450 3216 XV
2487 3160 2779 3216 literarum
2813 3163 2890 3217 sic
2931 3162 3300 3237 suppleverim
3343 3157 3571 3239 [φησίν
3604 3188 3629 3212 α
3656 3166 3686 3220 ὃ

2136 3239 2229 3316 μὲν
2256 3242 2356 3322 γὰρ
2398 3244 2616 3320 δῆμος].
2657 3249 2867 3304 Verum
2896 3252 3062 3305 etiam
3104 3251 3165 3304 in
3193 3249 3377 3305 verbis
3415 3245 3532 3305 ἀλλ’
3562 3249 3684 3321 ἐνῆν

2133 3329 2218 3386 τὸν
2250 3331 2534 3406 δεδεμένον,
2575 3331 2752 3412 φησὶν,
2783 3336 2886 3390 ubi
2912 3337 3104 3392 malim
3130 3349 3286 3393 certe
3312 3333 3396 3392 τόν
3420 3358 3476 3393 τε
3500 3335 3685 3412 δῆμον,

2133 3422 2354 3492 gravius
2372 3421 2505 3476 latet
2524 3422 2680 3478 ulcus
2706 3439 2891 3498 neque
2914 3426 3144 3480 minima
3167 3426 3346 3495 labes3
3377 3444 3500 3499 qnae
3533 3428 3683 3482 enim

2134 3519 2261 3579 post
2289 3505 2443 3586 φησὶν
2485 3510 2770 3585 leguntur,
2800 3532 2920 3567 non
2952 3515 3226 3569 Demetrii
3264 3524 3427 3583 sunt,
3475 3514 3575 3570 sed
3611 3513 3686 3570 ad

2133 3596 2485 3650 Demetrium
2501 3598 2874 3654 refellendum
2897 3601 3205 3674 pertinent.
3244 3623 3268 3650 υ
3312 3631 3391 3642 -
3423 3603 3542 3676 Ego
3568 3603 3689 3657 De-

2134 3681 2398 3737 metrium
2423 3683 2531 3738 tale
2550 3683 2691 3757 quid
2714 3684 2915 3742 dixisse
2935 3688 3188 3761 suspicor
3217 3704 3232 3746 :
3269 3684 3465 3766 [Κυρία
3495 3687 3684 3757 ἐκκλη·

2139 3764 2255 3838 σία,
2300 3768 2395 3824 οὐκ
2422 3768 2474 3826 ἐν
2511 3759 2591 3847 ᾗ]
2619 3770 2842 3829 πλεῖστα
2884 3771 3230 3850 ἐχρημάτιζον
3263 3772 3298 3844 ἢ
3327 3772 3549 3850 μέγιστα
3577 3777 3684 3832 τῶν

2133 3857 2335 3926 κοινῶν,
2369 3856 2487 3914 ἀλλ’
2530 3859 2583 3915 ἐν
2621 3849 2775 3936 ᾖτὰς
2806 3860 2909 3916 τῶν
2942 3859 3304 3937 δημευομένων
3342 3861 3687 3940 [ἀπογραφὰς

2134 3939 2507 4018 ἀνεγίγνωσκον
2549 3943 2640 4004 καὶ
2666 3944 2733 4004 τὰ
2783 3946 3084 4023 μισθώσιμα
3114 3947 3428 4027 ἐμίσθουν]·
3475 3947 3687 4014 εἰκότως

2133 4029 2244 4088 δ’...
2282 4030 2632 4107 ἐπιτιμήσειε·
2676 4030 2757 4099 τίς
2795 4031 2896 4113 γὰρ
2940 4033 3002 4092 ἄν
3031 4056 3155 4093 ποτε
3189 4034 3372 4115 κυρίας
3405 4034 3685 4107 ἐκκλησίας

2132 4116 2436 4198 [καλέσαι]
2477 4117 2596 4186 τοὺς
2629 4118 2923 4191 Ἀθηναίους
2961 4121 3215 4197 νομίσειεν
3245 4122 3270 4202 [
3297 4127 3349 4182 ἐν
3377 4114 3459 4189 αἶς
3492 4119 3558 4179 τὰ
3590 4144 3682 4198 μι-

2134 4202 2372 4281 σθώσιμα
2396 4205 2420 4284 ]
2441 4206 2681 4283 ἐμίσθουν
2711 4206 2827 4287 [καὶ
2848 4209 2880 4239 ⁸
2904 4210 2933 4240 ³*
2953 4209 2983 4240 ⁴*
3003 4209 3046 4288 ].
3073 4206 3311 4285 Ἄμεινον
3342 4199 3428 4270 οὗν
3449 4210 3565 4268 κτλ.
3595 4242 3681 4255 -

2130 4294 2319 4368 Pergit
2346 4297 2589 4353 Meierus
2615 4315 2631 4352 ι
2665 4320 2692 4349 ι
2725 4296 2992 4356 Feliciori
3024 4300 3164 4355 mihi
3197 4301 3435 4376 contigit
3474 4317 3587 4356 esse
3620 4301 3683 4356 in

2132 4381 2443 4438 Aristotelis
2462 4382 2776 4460 fragmento
2808 4385 3062 4443 sanando
3082 4429 3098 4457 ,
3127 4388 3287 4461 quod
3303 4398 3368 4444 ut
3393 4385 3683 4460 hodieque

2131 4469 2537 4526 restituendum
2560 4472 2807 4545 videtur,
2845 4475 2922 4531 ita
2946 4474 3064 4547 jam
3104 4483 3233 4532 ante
3261 4477 3478 4550 aliquot
3506 4493 3685 4531 annos

2134 4553 2228 4628 (in
2249 4556 2533 4613 Prooemio
2568 4560 2768 4617 tabulis
2813 4563 3133 4618 scholarum
3166 4563 3323 4621 univ.
3368 4563 3497 4618 Hal.
3531 4580 3683 4635 prae-

2130 4641 2315 4711 misso,
2347 4641 2612 4703 1835-36
2633 4645 2654 4724 )
2675 4647 2981 4722 significavi
3012 4649 3435 4705 rescribendum
3478 4666 3612 4707 esse.
3655 4674 3681 4700 ι

2130 4724 2397 4799 Sequitur
2418 4731 2576 4788 locus
2593 4735 2903 4792 Aristotelis
2925 4738 3000 4792 ita
3024 4738 3382 4805 constitutuS,
3406 4737 3492 4791 uti
3519 4754 3551 4792 a
3573 4755 3687 4792 no-

2127 4805 2217 4861 bis
2240 4820 2494 4867 exaratus
2508 4823 2602 4870 est.
2620 4815 2861 4870 Lacunae
2882 4815 3038 4890 signa
3052 4813 3113 4870 in
3135 4815 3333 4871 codice
3350 4827 3480 4870 sunt
3499 4815 3679 4872 nulla.

543 4897 3673 4937 m—

1223 4961 1253 5010 3
1297 4998 1309 5010 .

555 5031 757 5080 Praestat
779 5031 1017 5084 Aristoteli
1045 5037 1187 5098 fidem
1216 4964 1407 5093 halben-e.
1434 5047 1480 5094 Is
1505 5043 1633 5094 enim
1651 5044 1767 5096 dicit
1793 5047 1842 5094 in
1865 5048 2042 5112 κυρίαις

493 5105 761 5164 ἐκκλησίαις
783 5109 1088 5171 magistratus
1117 5115 1391 5168 confirmari
1420 5119 1491 5181 (si
1512 5119 1635 5170 hene
1659 5135 1759 5172 rem
1783 5124 2040 5188 gesserint;

2129 4969 2359 5030 populum
2379 4970 2579 5036 deferri,
2604 4973 2761 5038 deque
2784 4976 2979 5038 reliquis
2994 4976 3269 5026 necessariis
3286 4976 3388 5039 agi,
3417 4976 3468 5025 et
3497 4974 3558 5025 de
3581 4975 3685 5023 fru-

2128 5049 2331 5112 mentis,
2373 5049 2435 5102 de
2475 5052 2693 5103 custodia
2736 5054 2970 5116 regionis,
3006 5057 3056 5104 et
3098 5055 3287 5105 libellos
3324 5054 3685 5118 publicatorum

2130 5124 2317 5174 recitari
2338 5127 2386 5176 et
2416 5131 2570 5178 sortes
2600 5128 2946 5192 hereditatum,
2973 5132 3022 5182 et
3041 5129 3232 5181 decerni
3266 5144 3383 5180 num
3415 5129 3686 5181 ostracismi

491 5184 562 5231 sin
585 5183 765 5247 minus,
783 5187 1060 5253 abrogari),
1094 5195 1143 5242 et
1176 5205 1348 5245 causas
1365 5195 1426 5246 de
1456 5196 1736 5249 criminibus
1750 5200 1952 5263 publicis
1975 5203 2037 5255 ad
2133 5204 2336 5254 habendi
2354 5218 2497 5256 causa
2516 5206 2578 5255 sit
2594 5219 2759 5255 necne.
