4016 5916
423 381 432 390 ·
494 449 501 456 ι
557 383 668 433 ,σοι

1656 367 2062 427 DlONYSIUS
2114 366 2647 427 RERACLEOTA.

555 494 821 569 Ἰδομένης
867 493 991 572 φησὶ
1029 491 1362 570 δημαγωγόν,
1404 493 1562 566 quod
1590 493 1665 547 ita
1693 494 1964 566 explicuit
1996 495 2115 547 Lo·
2204 487 2505 555 Ἑλλάνικος
2534 490 2584 546 ἐν
2604 485 2795 569 πρώτῳ
2819 489 3069 567 Τρωικῶν
3098 485 3187 545 καὶ
3212 487 3503 563 Ἰδομενεὺς
3535 491 3592 546 ἐν
3613 487 3838 569 πρώτῳ

551 586 721 641 beck.
761 585 886 658 Agl.
921 602 984 656 p.
1021 601 1121 636 1¹21
1156 600 1170 635 :
1218 605 1241 629 a
1271 582 1495 636 Scilicet
1525 575 1610 633 διὰ
1637 575 1829 634 τούτων
1859 576 2115 645 ἐδήλωσεν

559 667 913 745 Δημοσθένης.
944 671 1033 723 Sic
1054 668 1392 741 demagogus
1412 676 1646 721 vocatur
1672 661 1925 739 βάσκανος
1953 661 2121 739 Ἔριν.

560 755 643 822 νύς
670 759 894 830 Dionys
927 758 998 811 Η.
1027 755 1112 811 lx
1132 797 1146 822 ,
1180 753 1272 818 45.
1299 777 1323 802 n
1351 752 1462 808 Sed
1489 752 1627 824 quid
1658 763 1775 805 tum
1801 750 2124 823 sequentia?

559 845 739 915 Quam
802 844 989 915 recepi
1030 840 1479 896 emendationem
1515 840 1784 911 optimam
1825 838 2126 911 proposuit

563 930 633 988 H.
682 932 906 1003 Sauppe
961 931 1016 982 in
1066 930 1151 983 W
1147 928 1286 982 elck
1334 947 1389 983 ιι.
1444 925 1673 981 Rithchl
1720 925 1914 981 Rhe-in.
1966 927 2120 982 Mus.

577 1017 754 1088 1843,
781 1036 836 1091 p.
868 1015 1000 1081 451
1031 1015 1111 1073 Cf.
1140 1012 1753 1080 Schol.Dcmosth.18‚
1787 1012 1990 1087 §130
2020 1007 2127 1069 Τὸν

559 1102 660 1179 μὲν
688 1101 890 1180 πατέρα
916 1099 1028 1158 ἀντι
1048 1099 1319 1178 Τρόμητος
1340 1097 1578 1168 ἐποίησεν
1599 1097 1935 1175 Ἀτρόμητον,
1958 1096 2052 1167 τὴν
2075 1095 2129 1154 δὲ

536 1213 547 1223 ·
566 1189 764 1268 μητέρα
790 1191 988 1264 σεμνῶς
1008 1185 1144 1244 πάνυ
1173 1185 1521 1256 Γλαυκοθέαν,
1549 1182 1653 1256 ἦν’
1662 1187 1943 1259 Εμπουσαν
1967 1183 2127 1242 ἅπαν·

566 1301 646 1344 τες
670 1278 812 1334 ἴσασι
837 1273 1180 1350 καλουμένην,
1219 1276 1277 1330 ἐκ
1300 1278 1390 1330 τοῦ
1410 1272 1580 1330 πάντα
1608 1275 1771 1329 ποιεῖν
1797 1270 1886 1329 καὶ
1909 1271 2131 1349 πάσχειν

566 1364 654 1421 καὶ
679 1362 942 1441 γίγνεσθαι
964 1362 1197 1431 δηλονότι
1218 1357 1410 1431 ταύτης
1435 1363 1525 1430 τῆς
1541 1356 1838 1432 ἐπωνυμίας
1852 1362 2130 1434 τυχοῦσαν,

563 1484 646 1495 --
672 1449 989 1531 Ἀνεφαίνετο
1029 1455 1131 1514 τοῖς
1173 1447 1259 1524 μ.]
1304 1457 1515 1521 spectat
1554 1446 1627 1501 ad
1664 1447 1802 1501 ritus
1846 1463 2135 1500 sacrorum

559 1540 925 1596 ‘Sabaziorum
949 1537 1038 1591 vel
1054 1537 1449 1609 Phrygiorum,
1474 1553 1719 1606 quorum
1737 1533 2137 1590 Glaucotheam

574 1626 858 1684 AEschinis
887 1635 1122 1679 matrem
1149 1624 1350 1676 scimus
1377 1621 1537 1676 fuisse
1570 1621 1886 1675 antistitam.
1911 1621 1977 1676 V.
2007 1619 2135 1672 Sui-

573 1716 668 1770 das
689 1732 745 1768 v·
775 1709 1048 1788 Αἰσχίνης.
1094 1710 1176 1767 Cf.
1203 1709 1451 1764 Lobeck.
1482 1709 1607 1783 Agl.
1631 1727 1697 1782 p.
1721 1706 1855 1763 652.
1880 1706 2139 1762 Ceterum

574 1801 645 1859 cf.
684 1800 860 1854 schol.
911 1798 1200 1871 Aristoph.
1232 1798 1376 1854 Ran.
1415 1795 1524 1869 293
1557 1814 1571 1849 ι
1612 1793 1769 1851 Δοκεῖ
1808 1791 1863 1849 δὲ
1908 1791 1997 1848 καὶ
2026 1793 2137 1867 (sc.

577 1892 606 1956 ἡ
634 1880 919 1963 Ἔμπουσα
941 1882 956 1962 )
987 1883 1098 1948 ταῖς
1115 1880 1463 1960 μεσημὸρίαις
1487 1879 1863 1960 φαντάζεσθαι,
1893 1876 2016 1936 ὅταν
2040 1881 2143 1942 τοῖς

567 1969 963 2050 ,κατοιχομένοις
1023 1968 1340 2046 ἐναγίζωσιν.
1388 1970 1585 2025 Suidas
1624 1980 1680 2024 et
1733 1971 1919 2042 Etym.
1965 1967 2045 2024 M.
2088 1977 2143 2021 et

575 2059 766 2133 steph.
794 2061 954 2116 Thes.
980 2077 1034 2116 V.
1062 2055 1368 2130 Ἔμπουσα.

1064 2194 1426 2278 ΣΑΜΟΘΡᾼ
1439 2194 1644 2253 mim.

657 2345 852 2402 Suidas
884 2365 897 2400 t
926 2340 1229 2419 Ἰδομενεὺς,
1253 2338 1516 2424 ἱστορικὸς·
1531 2337 1755 2419 ἔγραψεν
1787 2337 2018 2416 ἱστορίαν
2037 2340 2141 2395 τῶν

578 2429 713 2489 κατὰ
738 2427 1107 2511 Σαμοθρᾴκην.

1182 2577 1440 2653 [ΤΡΩΙΚ
1451 2575 1542 2652 Α.]

1071 2724 1084 2738 ”
1102 2722 1319 2781 LlBRO
1361 2721 1626 2781 PRIMO.

1326 2889 1348 2923 1
1361 2868 1414 2930 8,

662 3012 847 3069 Schol.
875 3010 1063 3082 Apoll.
1087 3008 1280 3066 Rhod.
1313 3010 1376 3077 1,
1406 3009 1519 3081 916
1547 3028 1562 3063 ε
1592 3008 1804 3076 Νῆσον
1839 3008 1896 3071 ἐς
1926 3004 2144 3065 Ἠλέκ-

593 3121 623 3155 τ
640 3114 779 3176 ρηςε
809 3093 901 3163 τὴν
936 3090 1284 3173 Σαμοθρᾴκην
1314 3090 1474 3169 λέγει.
1502 3092 1650 3154 Ἐκεῖ
1677 3092 1776 3171 γὰρ
1797 3091 1923 3173 ᾤκει
1952 3092 2144 3153 Ἠλέκ-

587 3206 685 3264 τρα
724 3186 757 3253 ἡ
797 3179 1071 3246 Ἄτλαντος
1089 3224 1106 3252 ,
1150 3180 1240 3238 καὶ
1266 3179 1562 3255 ὠνομάζετο
1602 3180 1700 3238 ὑπὸ
1740 3184 1841 3238 τῶν
1881 3179 2144 3261 ἐγχωρίων

589 3267 910 3347 Στρατηγὶς,
937 3266 1001 3338 ἥν
1026 3288 1181 3345 φησιν
1209 3266 1513 3333 Ἑλλάνικος
1549 3266 1940 3346 Ἠλεκτρυώνην
1967 3271 2145 3326 καλεῖ·

576 3362 724 3415 «σθαι.
765 3355 1046 3428 Ἐγέννησε
1091 3353 1144 3413 δὲ
1182 3363 1315 3433 τρεῖς
1355 3355 1577 3431 παῖδας,
1625 3354 1911 3434 Δάρδανον,
1957 3355 2044 3413 τὸν
2097 3358 2148 3422 ἐς

589 3442 784 3527 Τροίαν
806 3442 1184 3513 κατοικήσαντα
1211 3441 1298 3520 (ὃν
1320 3441 1407 3498 καὶ
1429 3440 1745 3521 Πολυάρχην
1761 3441 1887 3519 φασὶ
1906 3441 2146 3520 λέγεσθαι

590 3530 688 3589 ὑπὸ
727 3533 828 3588 τῶν
863 3528 1195 3609 ἐγχωρίων),
1230 3527 1317 3587 καὶ
1345 3527 1616 3599 Ἠετίωνα,
1651 3528 1705 3587 ὃν
1739 3528 1980 3588 Ἰασίωνα
2022 3530 2148 3606 (καὶ

590 3617 823 3678 Ἥσίωνα
844 3621 977 3678 cod.
999 3622 1149 3693 Par.)
1168 3617 1492 3693 ὀνομάζουσι,
1512 3616 1601 3674 καί
1617 3639 1743 3698 φασι
1760 3621 2147 3695 κεραυνωθῆναι

595 3706 746 3764 αὐτὸν
764 3704 1036 3784 ὓὸρίζοντα
1060 3703 1276 3782 ἄγαλμα
1295 3708 1385 3774 τῆς
1401 3703 1693 3783 Δήμητρος·
1716 3704 1895 3784 τρίτην
1920 3703 1973 3761 δὲ
1996 3702 2146 3782 ἔσχεν

592 3792 878 3874 Ἁρμονίαν,
910 3792 974 3863 ἣν
1011 3790 1233 3869 ἠγάγετο
1259 3791 1489 3866 Κάδμος.
1579 3791 1688 3850 Καὶ
1712 3790 1814 3849 ἀπὸ
1837 3795 1928 3863 τῆς
1955 3789 2149 3870 μητρὸς

594 3882 749 3947 αὐτῆς
775 3878 1110 3958 Ἠλεκτρίδας
1137 3877 1302 3944 πύλας
1331 3882 1421 3948 τῆς
1450 3877 1636 3949 ΘηΈης
1666 3878 1921 3955 ὀνομάσαι
1954 3882 2149 3955 ἱστορεῖ

859 4100 959 4159 DE
1003 4098 1243 4158 REBUS
1286 4098 1881 4159 SAMOTHRACIAE.

1328 4239 1412 4290 18.

657 4376 710 4422 ln
735 4375 1063 4425 Samothracia
1080 4374 1326 4426 habitabat
1345 4376 1564 4437 Electra,
1589 4373 1791 4424 Atlantis
1821 4373 1950 4435 filia,
1987 4374 2150 4437 ibique

593 4450 657 4499 ab
691 4450 918 4513 indigenis
959 4452 1284 4514 appellabatur
1331 4452 1574 4514 strategis
1621 4451 1834 4501 Eandem
1876 4452 2151 4503 Hellanicus

596 4529 910 4590 Electryonen
934 4529 1029 4579 dici
1060 4532 1141 4579 ait
1169 4529 1356 4593 Peperit
1375 4542 1490 4578 vero
1511 4529 1685 4579 liberos
1701 4532 1826 4591 tres;
1851 4530 2148 4591 Dardanum,

591 4605 737 4668 quiin
751 4606 952 4667 Trojana
968 4607 1152 4663 reinone.
1165 4607 1325 4659 sedem
1342 4607 1462 4668 fixit,
1475 4609 1523 4657 et
1537 4618 1681 4671 quem
1695 4606 1756 4656 ab
1766 4606 1993 4669 indigenis
2005 4607 2151 4657 etiam

2207 579 2479 656 Τρωικῶν.

2306 668 2391 721 De
2411 666 2523 720 hoc
2547 666 2675 720 loco
2698 665 2937 720 Sintenis
2966 664 3039 720 ad
3065 665 3349 726 Plutarchi
3376 665 3599 722 Pericl.
3670 666 3833 722 Exc-

2220 757 2288 821 V,
2348 771 2411 826 p.
2445 751 2554 807 315
2591 754 2663 806 ita
2692 752 2861 807 habet
2888 770 2901 805 ε
2938 775 2963 800 «ι
2991 752 3242 807 Dubium
3266 763 3374 822 est,
3411 765 3619 807 utrum
3646 753 3835 808 Lam-

2219 857 2489 912 psacenus
2542 838 2938 912 intelligendus
2963 839 3032 892 sit
3077 856 3149 892 an
3196 838 3333 892 alius
3378 839 3634 911 quidam
3672 859 3689 893 ε
3748 840 3833 894 de

2221 927 2397 982 Jonsii
2441 925 2784 999 suspicione,
2827 927 2953 997 qui,
3013 947 3036 975 κ
3073 925 3414 981 Idomeneus
3432 969 3449 1000 ‚
3492 928 3733 999 inquit,
3766 939 3835 982 et

2221 1014 2415 1085 Dictys
2441 1013 2713 1069 Cretensis
2730 1012 2892 1065 simul
2914 1011 3222 1066 militarunt
3247 1024 3445 1067 contra
3469 1015 3781 1085 Trojanos
3810 1035 3830 1068 .·

2224 1119 2295 1155 an
2323 1101 2469 1154 forte
2502 1110 2566 1155 ut
2587 1099 2783 1172 hujus,
2808 1100 2884 1152 sic
2913 1107 2969 1152 et
2998 1100 3146 1153 illius
3173 1101 3404 1154 nomine
3432 1101 3485 1157 T
3488 1098 3677 1176 ρωικὰ
3711 1104 3828 1155 ali-

2225 1185 2453 1258 quando
2480 1188 2744 1242 exstitisse
2769 1186 3051 1241 dicemus?
3074 1210 3097 1235 n
3128 1204 3300 1259 penes
3322 1187 3465 1241 alios
3487 1199 3619 1242 esto
3642 1188 3827 1259 judi-

2225 1277 2393 1332 cium.
2482 1277 2623 1329 Item
2646 1274 2717 1329 de
2740 1292 2892 1342 mea,
2920 1291 3043 1346 quae
3059 1274 3179 1328 haec
3209 1285 3307 1327 est.
3343 1274 3523 1346 Apud
3554 1277 3825 1348 Apollo·

2223 1361 2385 1415 nium
2428 1350 2892 1433 scholiastamque
2922 1360 3207 1431 Apollonii
3247 1361 3436 1433 agitur
3464 1360 3545 1415 de
3592 1363 3821 1417 Samo-

2225 1448 2414 1503 thrace
2450 1448 2625 1503 insula
2663 1440 2891 1521 ejusque
2933 1445 3313 1518 antiquissima
3355 1447 3601 1502 historia
3634 1466 3655 1501 τ
3696 1450 3824 1520 jam

2227 1535 2298 1590 de
2337 1535 2630 1591 Idomenei
2678 1535 2793 1589 sive
2832 1534 3197 1606 Lampsaceni
3238 1551 3337 1587 seu
3380 1533 3527 1587 alius
3565 1534 3822 1591 historia

2227 1623 2637 1678 Samothracica
2657 1632 2813 1676 certo
2836 1631 3050 1676 constat
3065 1620 3249 1675 Suidae
3272 1621 3629 1680 testimonio.
3654 1621 3823 1693 Quid

2229 1712 2424 1783 igitur,
2449 1711 2495 1764 si
2519 1709 2827 1764 Idomeneo
2857 1705 2923 1763 τὰ
2953 1703 3171 1784 Τρωικὰ
3195 1725 3392 1762 errore
3427 1708 3819 1765 librariorum

2228 1795 2355 1851 data
2379 1796 2774 1870 existimamuS,
2792 1813 2966 1869 quum
2988 1794 3260 1849 deberent
3284 1794 3728 1872 Σαμοθρακικῶν
3753 1799 3820 1852 li·

2227 1883 2315 1938 bri
2331 1883 2795 1939 commemorari?
2811 1894 2877 1938 ut
2894 1882 3148 1959 Τρωικῶν
3170 1892 3381 1938 temere
3404 1886 3733 1957 repetitum
3748 1887 3819 1941 sit

2230 1987 2299 2024 ex
2330 1986 2629 2044 praegressa
2659 1971 2931 2025 Hellanici
2951 1988 3187 2044 operum
3213 1973 3813 2041 commemoratione,

2231 2056 2803 2129 commutandumque
2835 2076 2963 2111 cum
3006 2057 3444 2134 Σαμοθρᾳκικῶν,
3480 2061 3815 2133 mutatione

2231 2143 2302 2198 ad
2330 2145 2570 2217 speciem
2598 2145 2771 2218 magis
2798 2163 2966 2217 quam
2994 2162 3191 2200 revera
3215 2145 3495 2203 violenta.
3523 2171 3550 2194 ι·
3584 2147 3816 2202 Proba-

2232 2229 2366 2285 bilia
2406 2227 2822 2305 lnaec.Ungerus
2852 2232 2911 2286 in
2926 2229 3470 2287 Paradoxffheban.
3498 2251 3561 2306 p.
3608 2235 3815 2304 φηρὶ

2232 2323 2371 2395 quid
2413 2324 2746 2379 mutandum
2794 2335 2964 2394 esset,
2999 2335 3226 2398 putaret
3262 2324 3651 2382 Idomeneum
3690 2341 3813 2384 tra·

2231 2421 2400 2465 ctasse
2419 2429 2507 2465 res
2524 2415 2742 2485 patrias
2759 2423 2855 2466 aut
2872 2412 3140 2467 heroicas.
3158 2415 3242 2467 De
3260 2431 3323 2468 re
3346 2425 3585 2470 narrata
3600 2435 3657 2473 v.
3672 2414 3814 2471 Mal-

2234 2497 2335 2552 ler.
2355 2499 2504 2555 Min.
2529 2517 2589 2572 p.
2621 2498 2765 2569 4623
2791 2497 3040 2557 Lobeck.
3062 2500 3345 2574 Aglaoph.
3370 2519 3431 2574 p.
3474 2503 3659 2572 12063
3686 2505 3811 2559 Un-

2232 2603 2351 2658 ger.
2375 2588 2409 2641 l.
2437 2587 2473 2642 1.

2312 2842 2886 2932 DIONYSIUS
2942 2843 3729 2932 HERACLEOTA.

2238 3048 2245 3055 -
2311 3009 2613 3081 Dionysius
2636 3009 2969 3063 Heracleota
2988 3048 3004 3076 ,
3031 3008 3387 3081 Theophanti
3408 3006 3592 3080 filius,
3621 3010 3813 3067 Zeno·

2236 3096 2320 3150 nis
2357 3094 2658 3168 discipulus
2688 3092 2704 3167 (
2733 3093 2833 3167 qui
2868 3112 3044 3169 quum
3072 3093 3189 3166 jam
3216 3112 3390 3150 senex
3427 3115 3461 3152 a
3496 3096 3703 3153 Stoicis
3736 3099 3815 3154 ad

2236 3182 2569 3256 Cyrenaicos
2604 3180 2918 3251 defecisset,
2962 3177 3324 3252 Μεταθέμενος
3364 3186 3809 3258 cognominatus

2233 3268 2364 3343 est),
2383 3280 2588 3341 praeter
2609 3270 2714 3324 alia
2736 3268 2901 3324 etiam
2919 3268 3173 3324 historici
3189 3271 3513 3343 argumenti
3534 3272 3813 3327 nonnulla

2233 3358 2482 3430 scripsit,
2533 3348 2691 3432 Περὶ
2741 3352 3022 3433 ἀρχαίων
3072 3350 3404 3431 βασιλέων
3454 3360 3707 3425 scilicet,
3754 3371 3814 3414 et

2238 3440 2397 3519 Περὶ
2428 3439 2843 3519 βαρὸαρικῶν
2872 3441 3058 3510 ἐθῶν,
3088 3451 3222 3497 teste
3258 3444 3527 3518 Diogene
3564 3447 3630 3503 L.
3672 3447 3812 3513 Vll,

2244 3530 2348 3601 167
2379 3533 2438 3585 in
2475 3532 2608 3586 Vita
2642 3529 2806 3601 hujus
2838 3530 3184 3603 philosophi.
3231 3532 3579 3605 Fragmenta
3620 3544 3811 3587 antem

2236 3620 2441 3673 horum
2462 3618 2743 3672 librorum
2762 3636 2881 3671 non
2901 3627 3215 3690 supersunt,
3236 3629 3519 3689 quantum
3540 3621 3813 3693 equidem

2237 3706 2369 3759 scio.
2397 3704 2479 3762 Cf.
2517 3706 2847 3778 interpretes
2874 3704 2946 3759 ad
2972 3706 3307 3779 Diogenem,
3332 3715 3389 3760 et
3416 3706 3493 3761 de
3527 3711 3813 3782 tempori-

2236 3794 2339 3848 bus
2373 3795 2482 3847 viri
2517 3793 2761 3849 Clinton.
2796 3792 2863 3848 F.
2908 3794 2979 3847 Π.
3021 3803 3157 3851 tom.
3357 3792 3430 3847 ad
3473 3813 3563 3852 an.
3600 3793 3717 3849 263
3753 3807 3817 3850 et

2236 3900 2296 3954 p.
2331 3880 2462 3955 496.

3200 3794 3323 3863 111,

3674 4000 3785 4011 —..—

2237 4045 2529 4107 Polyarcben
2578 4046 2803 4108 appellari
2853 4048 3035 4107 serunt3
3090 4046 3265 4095 deinde
3324 4047 3603 4107 Eetionem,
3661 4062 3815 4111 quem

2236 4122 2379 4171 etiam
2406 4123 2638 4173 Iasionem
2662 4124 2863 4184 τοιαυτῃ
2898 4123 2977 4172 hic
2999 4137 3148 4186 quum
3180 4124 3228 4171 in
3258 4124 3449 4173 Cereris
3486 4125 3813 4175 simulacrum

2236 4200 2553 4264 superbisset,
2580 4201 2779 4251 fulmine
2808 4202 3086 4251 interfectus
3129 4214 3230 4251 esse
3265 4201 3474 4263 dicitur3
3517 4202 3673 4253 filiam
3700 4218 3817 4254 vere

2238 4280 2425 4331 Electra
2445 4280 2611 4331 babuit
2630 4280 2934 4334 Harmoniam
2949 4317 2965 4343 ,
2984 4294 3127 4343 quam
3153 4280 3368 4331 Cadmus
3400 4295 3615 4332 uxorem
3648 4283 3811 4332 duxit.

2238 4363 2375 4409 Hanc
2392 4358 2451 4409 de
2474 4360 2676 4410 Electren
2700 4361 2863 4410 matris
2885 4359 3078 4410 nomine
3106 4362 3267 4423 portas
3295 4350 3584 4412 Thebarum
3613 4364 3815 4412 Electri·

2236 4435 2322 4486 das
2347 4438 2616 4487 nominasse
2634 4440 2797 4487 narrat
2821 4437 3091 4488 Hellanicus
3112 4438 3235 4487 libro
3262 4438 3419 4499 primo
3448 4440 3749 4489 Troicornm
3769 4444 3817 4488 et

2240 4514 2521 4566 idomeneus
2544 4516 2664 4566 libro
2685 4516 2840 4579 primo
2875 4516 3153 4567 Troicos-um
3176 4517 3192 4579 (
3216 4519 3288 4566 Dc
3316 4516 3475 4567 rebus
3500 4521 3817 4569 Samothra·

2191 4558 2203 4639 l
2236 4593 2383 4657 σιω).
