4016 5916
1657 425 2144 486 FRAGMEMA.

1026 548 1079 605 5.
1103 568 1151 605 a.

391 669 578 727 Schol.
629 669 908 725 Theocrit.
955 671 1025 740 V,
1078 667 1145 724 15
1198 687 1213 722 ε
1268 663 1618 744 Νυμφόδωρος
1673 664 1727 722 δὲ
1774 663 1866 724 καὶ

312 752 647 835 Θεόφραστός
698 775 822 833 φασι
873 749 970 811 τοῧ
1002 753 1257 832 Κράθιδος
1306 751 1366 810 τὸ
1418 750 1555 831 ὕδωρ
1595 750 1863 820 ξανθίζειν.

315 845 530 917 Supple
566 837 659 906 τὰς
690 839 888 918 τρίχας.
915 841 1075 897 Vide·
1102 843 1334 898 Aristot.
1364 842 1491 899 Mir.
1541 860 1691 899 ausc.
1730 841 1868 911 1833

319 929 688 1002 Theophrast.
712 947 804 1002 ap.
836 928 1044 984 AEliau.
1080 928 1150 988 Ν.
1196 933 1265 985 Α.
1298 928 1446 998 XII,
1489 926 1597 997 36;
1629 928 1868 1003 Plinius,

322 1015 551 1085 xxxl,
587 1033 641 1070 α.

1072 1122 1129 1178 6.

396 1242 600 1298 AElian.
630 1241 701 1297 N.
740 1243 806 1296 A.
848 1241 980 1297 XVI
992 1281 1009 1310 ,
1050 1238 1119 1306 34
1156 1260 1169 1295 :
1203 1238 1552 1321 Νυμφόδωρος
1591 1237 1730 1317 λέγει
1772 1237 1866 1309 τὴν

323 1326 513 1408 Σαρδὼ
555 1317 686 1384 εἶναι
721 1326 1034 1406 θρεμμάτων
1077 1325 1280 1407 μητέρα
1322 1325 1540 1405 ἀγαθήν.
1582 1328 1872 1403 Θαυμάσαι

322 1415 375 1475 δὲ
405 1415 542 1483 ἄξιον
562 1413 722 1473 τίκτει
752 1417 878 1494 ζῷον
903 1413 999 1481 τὰς
1018 1404 1169 1492 αἶγας
1192 1414 1325 1484 αὕτη
1344 1437 1356 1451 ·
1380 1411 1472 1481 τὰς
1498 1413 1598 1493 γάρ
1626 1436 1704 1471 τοι
1725 1411 1875 1493 δορὰς

288 1512 424 1574 ,τοῖς
459 1501 753 1582 ἐπιχωρίοις
792 1500 948 1578 (τοὺς
985 1500 1293 1581 ἕπιχωρίους
1322 1502 1553 1582 Ebert.)
1583 1505 1870 1579 ἦσθῆσθαι,

322 1590 410 1649 καὶ
434 1581 564 1647 εἶναι
590 1593 755 1646 ταῦτα
796 1588 994 1659 σκέπην
1012 1612 1025 1625 ·
1058 1589 1149 1647 καὶ
1174 1589 1255 1648 διὰ
1284 1593 1537 1668 χειμῶνος
1570 1590 1663 1665 μὲν
1694 1588 1874 1647 ἀλεαί-

322 1701 447 1755 νειν,
487 1675 673 1758 ψύχειν
717 1675 771 1734 δὲ
808 1680 860 1735 ἕν
904 1680 978 1757 rifi
1022 1676 1190 1755 θέρει,
1238 1678 1387 1758 φύσει
1426 1679 1524 1736 τινὶ
1567 1676 1872 1758 ἀπορρήτῳ.

324 1763 731 1846 Συμπεφυκέναι
774 1763 827 1822 δὲ
876 1763 977 1843 ἄρα
1020 1767 1134 1830 ταῖς
1163 1764 1337 1843 δοραῖς
1381 1763 1471 1822 καὶ
1521 1766 1733 1844 πήχεως
1779 1762 1873 1834 τὴν

323 1853 505 1933 τρίχα·
535 1857 623 1910 τοῦ
652 1850 950 1932 φορήματος
979 1849 1035 1910 δὲ
1068 1851 1170 1930 ἄρα
1201 1850 1383 1910 τούτου
1417 1849 1547 1909 ἔοικε
1577 1856 1767 1931 χρῆναι
1791 1850 1874 1909 διὰ

329 1939 423 2017 μὲν
450 1944 542 1999 τοῦ
569 1943 770 2020 κρυμοῦ
800 1938 891 2004 τὰς
914 1937 1094 2018 τρίχας
1118 1939 1168 2004 ἐς
1195 1937 1283 1995 τὸν
1311 1941 1490 2018 χρῶτα
1516 1937 1873 2018 ἀποστρέφειν,

323 2026 412 2086 διὰ
440 2032 528 2086 τοῦ
558 2026 732 2106 θέρους
755 2024 808 2085 δὲ
837 2026 964 2102 ἔξω,
1005 2031 1048 2084 εἰ
1087 2025 1266 2103 μέλλοι
1290 2029 1316 2084 ὅ
1343 2024 1632 2103 ἠσθημένος
1661 2024 1745 2083 διὰ
1780 2024 1873 2102 μὲν

328 2120 417 2173 τοῦ
463 2119 663 2195 κρυμοῦ
710 2112 1032 2190 θάλπεσθαι,
1068 2110 1153 2171 διὰ
1198 2111 1253 2170 δὲ
1294 2117 1384 2170 τοῦ
1421 2111 1594 2192 θέρους
1631 2111 1704 2190 μὴ
1747 2113 1875 2169 ἄπο-

327 2201 617 2278 πνίγεσθαι.
1388 2225 1394 2234 ·

403 2292 489 2346 De
514 2289 823 2347 Sardorum
864 2290 1151 2345 mastrucis
1173 2290 1245 2347 cf.
1273 2290 1605 2364 wesseling.
1633 2287 1704 2343 ad
1730 2288 1872 2343 Dio-

328 2377 454 2433 dor.
486 2379 553 2447 V,
577 2376 669 2434 15.
692 2378 938 2432 Miinter.
969 2377 1138 2434 sard.
1168 2377 1328 2450 Idole
1353 2394 1412 2449 p.
1445 2394 1517 2430 22
1539 2394 1648 2448 sq„
1674 2376 1878 2428 citante

328 2465 556 2524 EbertO.

409 2674 585 2729 Natal.
620 2673 778 2728 Com.
822 2673 1060 2745 Mythol.
1102 2673 1218 2741 IX,
1266 2691 1297 2726 2
1343 2691 1356 2726 :
1407 2674 1657 2727 Narrant
1700 2670 1880 2723 Oresti

329 2773 458 2836 post
487 2762 645 2815 illam
669 2761 876 2815 coedem
910 2760 1058 2813 diem
1087 2760 1293 2813 dictam
1311 2757 1496 2828 fuisse
1530 2758 1684 2831 apud
1708 2759 1877 2812 Areo·

327 2852 578 2923 pagna-5,
625 2857 687 2901 ut
713 2851 885 2901 sensit
920 2845 1366 2918 Nymphodorus,
1396 2840 1491 2898 'ab
1528 2844 1866 2915 Erinnybus,

332 2935 610 2990 ultricibus
631 2935 923 3000 scelerum,
962 2943 1181 2988 atvero
1213 2933 1618 3005 Dionysiocle5‚
1658 2949 1697 2984 a
1733 2931 1876 3002 Tyn·

336 3024 504 3089 dam,
548 3033 717 3096 patre
767 3022 1226 3093 Cb‘taemnestroe,
1285 3032 1348 3075 at
1394 3038 1528 3074 vero
1588 3022 1881 3090 Amor-gius

328 3110 665 3179 Simonides,
712 3110 787 3164 ab
810 3111 1074 3181 Erigone,
1110 3107 1350 3183 AEgisthi
1369 3120 1426 3163 et
1448 3106 1881 3179 Cb‘toemnesme

322 3197 477 3271 filia.
520 3197 681 3253 Idem
716 3195 793 3253 ib.
831 3215 845 3254 :
889 3198 1014 3251 Alii
1053 3197 1203 3250 istud
1240 3200 1417 3270 Ipsum
1471 3194 1582 3270 (sc.
1631 3195 1879 3249 Orestem

333 3285 553 3340 sanitati
592 3285 909 3340 restitutum
953 3302 1066 3339 esse
1095 3284 1112 3358 )
1151 3287 1327 3354 juxta
1370 3280 1640 3354 Gytheum
1679 3298 1879 3335 scu-um

341 3374 632 3444 contIge’sse
658 3383 985 3438 memorant,
1036 3371 1186 3445 quod
1226 3370 1471 3424 Otiosum
1494 3368 1572 3444 (i.
1613 3386 1663 3426 e.
1704 3365 1878 3445 Ἀργὸν

341 3452 497 3512 Λίθον
522 3456 538 3529 )
580 3468 851 3511 vocarunt
862 3477 884 3523 ‚·
913 3476 1081 3531 supet·
1107 3478 1213 3532 quo
1249 3458 1343 3512 nbi
1377 3458 1601 3511 sedisset
1629 3456 1845 3510 Orestes
1858 3497 1870 3521 ,

327 3540 452 3613 suit
495 3543 570 3597 ab
613 3547 835 3598 insania
875 3546 1153 3613 liheratuS,
1217 3558 1277 3600 ut
1327 3551 1413 3600 ait
1458 3542 1882 3616 Nymphodorus

334 3632 662 3702 Syracusius
685 3635 744 3684 in
770 3628 1072 3709 Περίπλῳ
1098 3637 1209 3687 siue
1234 3633 1605 3703 wa'gatione
1624 3670 1638 3697 ,
1662 3641 1718 3683 et
1740 3629 1885 3682 Pau·
1924 3672 1930 3737 Ι

3392 441 3502 492 871

2680 548 2779 624 (8-)

2032 670 2192 726 Idem
2221 671 2352 724 VIII
2370 710 2386 736 ,
2419 675 2449 734 4
2488 687 2501 723 :
2535 673 2610 723 Ac
2648 670 3072 743 Nymphodorus
3096 673 3424 743 Syracusius
3448 682 3507 731 ln

1958 760 2098 814 libro
2138 761 2407 811 Asiaticae
2446 761 2818 827 navigationis
2856 774 2966 813 non
3013 759 3088 813 ab
3135 760 3497 829 Athamante,

1953 851 2058 905 sed
2074 847 2343 920 asur-iata
2357 851 2466 904 Ino
2482 851 2725 903 soevitum
2745 865 2862 902 esse
2880 851 3096 921 scrIpsie
3109 849 3356 920 infilius,
3384 869 3511 924 quoe

1956 951 2014 993 ce
2041 936 2344 992 Learchum
2382 948 2437 991 et
2455 936 2803 990 Melicertam
2832 936 3209 1006 trucidaverit,
3232 956 3301 991 ac
3307 950 3513 1012 postea

1955 1026 2334 1100 desperatione
2364 1036 2536 1098 capta
2573 1027 2631 1078 in
2670 1042 2825 1079 mare
2854 1025 3106 1078 insilierit
3135 1025 3207 1080 ob
3227 1029 3514 1100 Imponen-

1959 1119 2098 1168 te'am
2134 1114 2373 1178 doloris,
2405 1123 2464 1166 ut
2491 1111 2568 1166 ibe·
2597 1107 2986 1182 suffocaretur.
3022 1112 3153 1167 Haec
3185 1112 3438 1169 Natalem
3481 1132 3513 1170 e

1956 1201 2134 1259 schol.
2169 1201 2364 1272 Eurip.
2408 1198 2563 1255 Med.
2602 1217 2747 1268 1272
2781 1217 2904 1271 sqq.
2936 1200 3245 1268 consuisse,
3278 1212 3512 1256 consuta

1959 1286 2175 1342 dedisse
2225 1286 2669 1360 Nymphodoro,
2725 1295 2878 1340 recte
2929 1287 3046 1340 sine
3097 1285 3274 1341 dubio
3323 1290 3513 1345 statuit

1965 1375 2152 1433 libert.

2710 1505 2764 1559 9.

2040 1613 2230 1686 steph.
2261 1613 2391 1685 Byz.
2419 1629 2433 1668 t
2467 1606 2963 1688 Ἀθῦρας,·ἕπίνειον
3003 1610 3092 1668 καὶ
3119 1611 3356 1689 ποταμὸς
3392 1615 3513 1695 περὶ

1958 1697 2019 1756 τὸ
2048 1697 2347 1767 Βυζάντιον.
2379 1694 2536 1755 Ἔστι
2562 1695 2614 1753 δὲ
2648 1696 2738 1754 καὶ
2767 1698 2993 1763 Σκυθίας
3023 1699 3256 1776 ποταμὸς
3280 1699 3510 1782 Ἀθύρας,

1959 1789 2029 1851 ὡς
2065 1784 2438 1864 Νυμφόδωρος.
2477 1818 2554 1828 -
2593 1788 2679 1841 De
2719 1787 2933 1861 Athyra
2963 1788 3211 1845 Thraciae
3249 1787 3423 1848 fluvio
3453 1812 3509 1852 v,

1960 1874 2105 1928 Plin.
2138 1875 2234 1941 lv,
2280 1892 2376 1942 115
2405 1871 2643 1929 Ptolem.
2674 1874 2790 1946 111,
2825 1892 2923 1941 ¹¹3
2961 1874 3024 1928 Ρ.
3057 1876 3199 1930 Mela
3232 1879 3323 1946 11,
3351 1896 3413 1947 α,
3443 1881 3509 1948 6;

1961 1961 2222 2035 Agathias
2243 1962 2386 2033 Imp.
2408 1961 2607 2016 Justin.
2633 1962 2695 2028 V,
2722 1979 2781 2033 p.
2815 1959 2944 2029 158,
2973 1962 3046 2036 C;
3073 1963 3317 2018 Eustath.
3342 1965 3414 2021 ad
3442 1968 3510 2021 Il.

1967 2049 2034 2118 Κ,
2057 2067 2114 2123 p.
2150 2046 2259 2111 804
2280 2088 2296 2117 ,
2336 2046 2405 2101 32
2425 2088 2440 2116 ‚
2464 2046 2574 2104 Od.
2610 2048 2659 2120 1,
2692 2065 2751 2121 p.
2791 2047 2956 2118 1627,
2985 2047 3039 2104 5.
3070 2073 3094 2099 ιι
3121 2051 3516 2125 Nymphodori

1962 2136 2216 2209 Athyran
2260 2153 2463 2189 vereor
2504 2152 2575 2188 ne
2621 2135 2871 2190 invenire
2917 2155 3036 2190 non
3073 2140 3304 2210 possim.
3351 2141 3516 2196 Putet

1963 2224 2165 2296 aliquis
2213 2222 2429 2276 nullum
2478 2231 2683 2294 praeter
2726 2222 3025 2277 Thracium
3076 2223 3186 2278 dici
3228 2226 3513 2301 Athyran,

1964 2329 2138 2383 quum
2161 2309 2641 2383 septemtrionales
2668 2319 2721 2362 et
2750 2310 2889 2364 Asiae
2937 2319 2992 2364 et
3033 2312 3271 2384 Europae
3314 2316 3516 2386 populi

1962 2416 2105 2472 saepe
2156 2397 2442 2452 communi
2490 2395 2819 2468 Scytharum
2866 2398 3094 2452 nomine
3138 2399 3511 2471 appellentur.

1864 2499 1869 2504 ’
1962 2486 2094 2539 Non
2121 2484 2358 2539 deerunt
2381 2486 2544 2537 etiam
2579 2483 2676 2555 qui
2706 2482 2776 2537 de
2815 2479 2991 2558 Τύρας
3025 2486 3302 2558 cogitent,
3343 2505 3514 2559 quem

1964 2571 2409 2645 Nymphodorus
2446 2578 2543 2624 aut
2569 2570 2763 2623 inscite
2804 2569 3123 2624 confuderit
3150 2590 3277 2626 cum
3302 2569 3515 2653 Ἆθύρᾳ,

1965 2670 2061 2714 aut
2088 2658 2254 2713 docte
2287 2659 2365 2713 ita
2388 2658 2746 2731 nuncuparit.
2779 2656 2978 2712 Suidas
2998 2659 3059 2711 iu
3091 2656 3353 2736 Μοργούς·
3382 2658 3517 2718 οὕτω

1965 2744 2183 2800 καλοῦσι
2205 2740 2321 2808 τοὺς
2356 2740 2639 2820 ἂμοργοὺς,
2667 2740 2726 2799 τὸ
2767 2764 2799 2799 α
2828 2743 3191 2821 ἀφαιροῦντες,
3218 2741 3395 2826 ὥσπερ
3427 2747 3519 2807 καὶ

1967 2829 2048 2887 ἔπ’
2078 2830 2275 2896 ἄλλων·
2322 2833 2518 2907 μα’ῠρον
2553 2828 2653 2908 γὰρ
2681 2828 2740 2887 τὸ
2778 2829 3032 2908 ἀμαυρὸν,
3060 2827 3150 2888 καὶ
3176 2831 3423 2910 σφόδελον
3459 2833 3519 2891 τὸ

1968 2915 2247 2997 ἀσφόδελον
2290 2917 2557 2976 καλοῦσιν.
2600 2920 2819 2975 Horum
2870 2920 3124 2975 omnium
3170 2921 3311 2977 nihil
3361 2922 3522 2980 facile

1965 3010 2210 3083 placeat3
2233 3008 2291 3063 in
2319 3026 2435 3081 quo
2469 3007 2609 3062 mihi
2645 3018 2796 3064 certe
2820 3008 3083 3063 solatium
3104 3008 3255 3066 haud
3280 3029 3521 3084 parvum

1966 3096 2308 3150 haesitantem
2351 3096 2519 3150 etiam
2557 3094 2757 3151 vidisse
2798 3096 3206 3151 Casaubonum.
3245 3097 3521 3156 Videlicet

1967 3183 2291 3238 Holstenius
2330 3181 2403 3237 ad
2439 3182 2592 3237 hunc
2632 3183 2903 3257 Stephani
2939 3184 3126 3239 locum
3163 3202 3271 3260 pro
3299 3183 3525 3250 Σκυθίας

1968 3270 2358 3328 Casaubonum
2403 3266 2643 3327 affirmat
2683 3269 2875 3343 legisse
2909 3266 3149 3334 Σικελίας
3188 3288 3202 3328 :
3245 3289 3368 3344 quae
3404 3271 3521 3326 duo

1968 3359 2199 3414 nomina
2236 3376 2364 3413 sane
2399 3357 2705 3431 permutari
2743 3366 2998 3429 potuere.
3034 3360 3242 3412 Verum
3287 3359 3524 3431 Athyras

1970 3447 2186 3503 Siculus
2210 3456 2306 3501 aut
2328 3444 2603 3500 rarissime
2622 3453 2717 3498 aut
2745 3461 3014 3515 nusquam
3045 3446 3293 3498 occurrit
3325 3463 3338 3497 :
3367 3447 3521 3501 testi-

1970 3535 2074 3589 bus
2101 3533 2378 3606 Hesychio
2401 3551 2457 3587 v.
2480 3526 2682 3607 Τηρίας
2698 3573 2715 3601 ‚
2739 3530 2980 3585 Diodor.
3002 3532 3153 3600 XIV,
3183 3536 3247 3596 ¹4
3270 3571 3286 3599 ,
3313 3532 3521 3601 XXII,

1972 3641 2028 3688 α,
2061 3621 2241 3676 Plinio
2271 3621 2353 3674 111
2372 3660 2388 3687 ,
2423 3617 2476 3687 8,
2507 3620 2563 3672 in
2592 3617 2776 3672 Sicilia
2802 3628 2922 3673 erat
2947 3614 3150 3671 fluvius
3171 3613 3395 3693 Τηρίας,
3425 3620 3522 3690 qui

334 3723 538 3772 sanias
574 3722 633 3773 in
660 3720 949 3773 Laconicis
975 3716 992 3794 (
1020 3721 1140 3790 111,
1174 3738 1276 3788 αα,
1316 3738 1366 3793 1,
1396 3718 1496 3772 ubi
1532 3735 1583 3770 v.
1620 3716 1880 3782 Siebelis3
1925 3754 1932 3791 ὅ
1973 3710 2110 3763 olim
2137 3708 2281 3762 male
2308 3706 2360 3763 Τ
2362 3702 2503 3783 υρίας
2542 3705 2850 3778 appellatus
2877 3715 2977 3760 est.
3014 3705 3292 3777 Quocirca
3322 3706 3368 3759 si
3396 3724 3525 3760 cum

337 3805 408 3862 cf.
436 3805 508 3863 Ο.
538 3806 760 3861 Miiller.
792 3807 1024 3861 Eumen.
1055 3825 1116 3880 p.
1161 3813 1270 3879 149
1293 3806 1331 3881 ).
1358 3807 1492 3877 Quae
1521 3805 1714 3878 priore
1753 3802 1880 3856 loco
1925 3798 1931 3865 Ι
1971 3795 2349 3851 aliushomiue
2372 3793 2666 3848 farinaehic
2688 3810 2941 3867 agerem,
2964 3791 3120 3847 haud
3141 3793 3527 3849 erubescerem

336 3893 544 3948 Natalis
569 3893 761 3962 affert,
793 3893 990 3949 eadem
1018 3894 1284 3968 leguntur
1310 3912 1399 3965 ap.
1431 3893 1610 3948 Tzetz.
1642 3889 1713 3945 ad
1742 3892 1877 3962 Lyc.
1924 3868 1931 3915 !
1972 3884 2192 3952 dicere,
2225 3892 2412 3937 natam
2455 3899 2576 3936 eam
2605 3880 2985 3952 conjecturam
3017 3898 3130 3935 esse
3167 3898 3198 3935 e
3225 3899 3526 3955 perperam

337 3999 397 4053 p.
435 3979 580 4050 1374
615 3977 708 4053 (p.
746 3980 891 4036 1016
921 3980 994 4036 ed
1023 3980 1181 4035 Miill.
1203 3980 1254 4053 )‚
1285 3999 1403 4034 non
1429 3979 1666 4034 laudatis
1700 3989 1884 4031 tamen

342 4067 692 4135 auctoribus,
734 4086 877 4141 quos
909 4078 1110 4140 suopte
1151 4068 1375 4141 ingenio
1414 4076 1652 4139 nugator
1694 4074 1884 4119 noster

338 4153 639 4209 addiderit.
658 4155 855 4227 Neque
893 4156 1068 4210 altero
1098 4154 1227 4208 loco
1252 4152 1647 4226 Nymphodori
1672 4151 1884 4205 mentio

1928 3996 1932 4013 ·
1975 3972 2267 4027 intellectis
2290 3970 2556 4041 Procopii
2582 3967 2771 4023 verbis
2791 3969 2877 4022 De
2903 3966 3051 4024 aedis.
3082 3968 3280 4022 Justin.
3311 3969 3409 4036 IV,
3442 3966 3477 4022 8
3505 3985 3521 4021 τ

1972 4062 2060 4114 τοῦ
2087 4055 2140 4114 δὲ
2161 4053 2269 4125 Ῥη
2284 4053 2426 4133 γίου
2455 4052 2693 4111 ἐπέκεινα
2711 4053 2859 4119 πόλις
2882 4050 2990 4110 ἐστί
3008 4073 3107 4109 που
3130 4049 3342 4129 Ἀθύρας
3362 4049 3524 4127 ὄνομα

1974 4145 2117 4215 κτλ.,
2166 4145 2268 4200 ubi
2310 4143 2603 4199 manifesto
2646 4142 2854 4198 dicitur
2884 4142 3166 4215 Rhegium
3211 4142 3529 4196 Constanti-

337 4241 579 4314 genuina
618 4258 731 4295 esse
758 4241 895 4295 mihi
921 4240 1148 4296 videtur
1175 4242 1232 4294 in
1262 4239 1379 4294 dies
1404 4240 1578 4312 magis
1608 4238 1885 4292 dubitanti
1927 4200 1933 4283 i
1974 4233 2170 4308 nopoli
2195 4233 2442 4287 vicinum
2465 4255 2489 4279 n
2513 4232 2731 4286 Enitar.
2751 4229 2834 4286 cf.
2861 4228 3132 4284 Mannert.
3160 4227 3366 4303 Geogr.
3390 4229 3518 4298 vn,

338 4345 477 4380 num
516 4344 750 4399 usquam
797 4328 995 4382 Comes
1039 4327 1219 4382 fontes
1247 4326 1479 4395 adierit,
1514 4324 1611 4398 qui
1641 4342 1743 4377 nos
1770 4322 1886 4394 jam

336 4412 558 4469 lateant.

336 4586 486 4700 {⁸⁰33
514 4573 909 4699 Pililcilipstephanus
939 4575 1061 4625 AEoli
1084 4578 1305 4638 nepotem
1326 4589 1427 4625 esse
1445 4577 1492 4625 et
1527 4574 1665 4636 Mylis
1687 4572 1885 4621 heroum

485 4662 514 4699 e
645 4685 658 4698 .

1056 4741 1165 4792 5a.

399 4834 766 4897 Nymphodorus
785 4840 833 4887 et
849 4837 1202 4900 'theophrastus
1219 4836 1456 4888 Crathidis
1476 4849 1649 4899 aquam
1669 4835 1791 4885 ssavo
1805 4850 1889 4885 co·

340 4910 439 4960 lore
461 4912 679 4975 (comas)
700 4913 879 4976 tingere
898 4916 1113 4963 narrant.

1095 5011 1146 5062 6.

404 5112 669 5163 Sardiniam
688 5115 928 5178 pecudum
946 5116 1177 5178 optimam
1196 5130 1297 5166 esse
1317 5118 1563 5180 parentem
1588 5116 1892 5178 Nymphodo-

1972 4340 2032 4394 Ρ.
2058 4340 2269 4465 13:326sp
2297 4406 2440 4462 urbe
2464 4424 2494 4461 a
2518 4404 2863 4478 Polyphemo
2901 4402 3129 4459 condita
3161 4402 3292 4458 vide
3324 4403 3522 4478 fragm.

1973 4569 2209 4619 stimeutis
2225 4568 2456 4631 indigena?
2468 4569 2667 4616 utantur
2682 4584 2697 4628 ;
2715 4570 2911 4630 tamque
2929 4566 3128 4615 mirifica
3145 4568 3328 4616 naturae
3343 4565 3390 4615 vi
3408 4579 3528 4628 asse,

1976 4650 2030 4695 ut
2049 4647 2247 4696 hiberno
2273 4649 2487 4708 tempore
2509 4645 2817 4705 calefaciant,
2852 4644 3020 4693 aestivo
3039 4643 3341 4706 refriget-eun
3361 4643 3528 4692 simul·

1976 4738 2072 4786 que
2095 4724 2144 4773 in
2187 4724 2244 4772 iis
2279 4722 2390 4785 ipsis
2415 4722 2616 4784 pellibus
2642 4721 2790 4771 mbiti
2826 4720 3120 4785 longitudine
3150 4721 3269 4784 pilos
3307 4721 3486 4771 innasci
3513 4740 3527 4771 ε

1975 4805 2121 4862 atque
2137 4799 2180 4849 ei
2195 4800 2279 4862 qui
2293 4800 2349 4849 iis
2362 4799 2557 4848 {udatus
2568 4798 2727 4860 fuerit,
2745 4798 2785 4847 si
2800 4796 3107 4847 commodum
3121 4796 3359 4861 videatur,
3377 4811 3529 4860 quum

1977 4881 2050 4925 αἱ
2073 4875 2236 4938 frigida
2256 4877 2536 4938 tempestae,
2560 4875 2681 4936 pilos
2704 4874 2765 4923 ad
2789 4886 2964 4937 corpus
2999 4875 3264 4937 convertit,
3293 4878 3350 4925 ut
3382 4875 3445 4925 ah
3471 4875 3532 4926 iis

1979 4953 2182 5002 calescat
2197 4968 2213 5013 ;
2233 4964 2384 5014 quum
2398 4954 2560 5001 autem
2578 4954 2650 5001 est
2663 4954 2820 5015 aestas,
2835 4950 3047 5014 invertit,
3065 4964 3126 5001 ne
3137 4952 3295 5001 calore
3308 4955 3528 5003 vexetur.

2045 5116 2246 5179 Athyras
2262 5154 2276 5178 ,
2295 5116 2464 5171 navale
2481 5119 2528 5165 et
2550 5035 2798 5167 fluviuszii
2817 5118 3117 5179 Byzantium.
3155 5120 3236 5169 Est
3252 5119 3396 5169 etiam
3419 5119 3530 5181 Scy·

336 5200 430 5239 rus
450 5188 645 5253 scribit,
665 5202 921 5257 caprasque
942 5205 1218 5257 procreare,
1244 5206 1449 5256 quarum
1473 5193 1673 5256 pellibus
1700 5204 1785 5255 pro
1810 5206 1892 5242 ve·
1982 5194 2098 5244 thiae
2122 5196 2178 5257 (?)
2204 5193 2379 5245 fluvius
2404 5195 2634 5258 Athyras,
2660 5198 2714 5246 ut
2733 5196 3114 5260 Nymphodorus.
