4016 5916
543 392 614 437 to
1799 375 2148 435 DlONYSll
2199 376 2472 437 RHODII

539 510 585 566 εἷ
620 505 830 583 μάθοιεν
874 504 933 564 τὸ
972 504 1271 566 Παλλάδιον
1296 504 1358 562 ’τὸ
1402 504 1631 570 διοπετὲς
1663 503 2015 581 καλούμενον,
2059 502 2087 561 ὃ
2126 505 2138 560 l
2182 505 2375 579 κτήτης
2392 505 2671 589 κατῴκησε
2696 507 2829 585 μετὰ
2862 506 2953 579 τὴν
2989 513 3080 580 τῆς
3104 509 3261 569 Ἰλίου
3293 510 3562 590 πόρθησιν,
3604 506 3768 569 καθὰ

543 593 801 670 Διομήδης
823 592 914 650 καὶ
940 592 1223 660 Ὀδυσσεὺς
1239 594 1564 671 ἱστοροῦνται
1588 591 1682 669 μὲν
1697 592 1970 672 ὑφελέσθαι
1986 590 2091 649 άπὸ
2180 594 2443 661 Διονύσιος
2464 594 2555 653 καὶ
2581 595 2719 654 Δίων
2756 599 2784 653 ὁ
2817 595 3131 663 Κοκκειανὸς
3161 595 3250 654 καὶ
3270 596 3459 664 πάντες
3482 601 3529 657 οἱ
3552 596 3618 656 τὰ
3640 601 3766 657 τῶν»

543 682 726 753 Ἰλίου,
763 679 1224 760 παρακαταθέσθαι
1257 677 1311 737 δὲ
1335 682 1677 759 Δημοφῶντι,
1705 682 1765 737 ἐκ
1786 684 1875 738 τοῦ
1921 678 2095 739 Πέλο-

539 791 632 834 πος
662 771 826 829 ὀστῶν
855 766 1294 839 κατεσκευάσθαι,
1322 766 1557 845 καθάπερ
1591 768 1677 824 τὸν
1720 765 2012 843 Ὀλύμπιον
2042 766 2093 835 ἐξ

541 856 714 914 ἄλλων
754 857 919 914 ὀστῶν
965 854 1188 915 Ἰνδικοῦ
1229 852 1422 933 θηρίου.
1456 853 1564 912 Καὶ
1587 853 1650 924 δὴ
1682 853 1765 912 τὸν
1792 856 2094 932 ἱστοροῦντα

540 940 805 1003 Διονύσιον
838 946 891 1002 ἐν
916 946 992 1022 τῷ
1014 940 1240 1021 πέμπτῳ
1264 940 1410 1020 μέρει
1431 945 1521 998 τοῦ
1550 939 1757 1000 Κύκλου
1781 941 2094 1020 παρίστημι.

620 1036 704 1088 De
716 1030 968 1089 Palladio
993 1051 1063 1088 ex
1082 1032 1293 1087 ossibus
1305 1031 1528 1104 Pelopis
1545 1031 1804 1086 consecto
1818 1037 1885 1086 cs.
1902 1031 2091 1087 Schol.

541 1122 610 1177 Il.
634 1122 729 1190 lv,
748 1140 845 1194 92;
870 1119 1174 1176 Tzetzesad
1192 1121 1328 1192 Lyc.
1355 1117 1451 1187 53,
1479 1137 1548 1192 9¹
1566 1138 1615 1187 1,
1644 1119 1931 1173 Posthom.
1958 1117 2093 1189 5753

544 1210 776 1263 Pausan.
802 1210 870 1277 V,
909 1207 1006 1278 13,
1039 1205 1102 1278 53
1128 1207 1412 1263 Welcker.
1449 1205 1602 1275 Crcl.
1625 1225 1684 1280 p.
1720 1215 1815 1276 79.

1286 1347 1341 1403 6.

623 1488 810 1543 Schol.
847 1487 1013 1543 Pind.
1042 1487 1204 1559 Pyth.
1233 1487 1292 1555 1,
1333 1504 1442 1559 109
1481 1505 1495 1540 z
1525 1485 1674 1556 Φησὶ
1709 1484 1808 1561 γὰρ
1837 1487 2101 1548 Διονύσιος

545 1576 802 1653 χρησμοῖς
827 1571 1142 1637 Ἀπόλλωνος
1155 1568 1635 1646 ἀκολουθησάμενον
1654 1570 1738 1629 τὸν
1760 1569 2098 1642 Φιλοκτήτην

548 1662 884 1740 ἅφυπνῶσαι,
914 1658 1002 1718 τὸν
1027 1658 1081 1717 δὲ
1111 1657 1375 1738 Μαχάονα
1407 1659 1664 1738 ἀφελόντα
1686 1663 1774 1717 τοῦ
1804 1657 1983 1725 ἕλκους
2010 1655 2102 1723 τὰς

548 1747 890 1814 διασαπείσας
920 1746 1116 1826 σάρκας
1149 1745 1241 1804 καὶ
1275 1744 1627 1803 ἐπικλύσαντα
1649 1745 1769 1825 οἴνῳ
1806 1744 1865 1803 τὸ
1892 1750 2100 1827 τραῦμα

547 1833 803 1894 ἐπιπάσαι
829 1834 1076 1911 βοτάνην,
1106 1832 1172 1903 ἣν
1199 1831 1507 1904 Ἀσκληπιὸς
1528 1832 1706 1912 εἴληφε
1730 1831 1872 1913 παρὰ
1898 1832 2100 1911 Χείρω·

546 1944 657 1995 νος,
679 1922 769 1980 καὶ
794 1920 954 1988 οὕτως
975 1924 1285 1997 ὑγιασθῆναι
1306 1919 1394 1979 τὸν
1417 1920 1584 1996 ἥρωα.

628 2010 867 2079 Eadem,
896 2010 995 2066 sed
1022 2012 1276 2079 brevius,
1309 2029 1376 2065 ex
1398 2012 1669 2085 Dionysio
1694 2010 1864 2067 refert
1882 2012 2103 2067 Tzetzes

552 2098 625 2153 ad
646 2101 781 2172 Lyc.
810 2116 846 2172 9
859 2118 877 2152 1
896 2117 917 2152 1
933 2139 946 2152 .

1296 2259 1326 2279 F

1304 2277 1322 2310 1
1338 2282 1351 2295 .

1025 2391 1071 2445 E
1109 2390 1331 2446 LIBRO
1373 2389 1625 2445 SEXTO.

634 2540 927 2594 Athenaeus
950 2539 1033 2593 xl
1048 2578 1063 2607 ,
1087 2557 1144 2611 p.
1169 2545 1302 2607 477,
1325 2537 1370 2591 E
1395 2556 1409 2590 :
1442 2532 1706 2598 Διονύσιος
1726 2534 1769 2591 δ’
1792 2531 2035 2606 ὁΣάμιος
2053 2535 2105 2590 ἐν

555 2624 659 2690 τοῖς
679 2624 797 2701 περὶ
826 2628 912 2681 τοῦ
944 2621 1156 2683 Κύκλου
1191 2620 1250 2678 τὸ
1278 2618 1569 2697 Ὁμηρικὸν
1596 2617 1860 2677 κισσύὸιον
1886 2619 2106 2696 κυμὸίον

554 2710 652 2791 ἔφη
666 2754 681 2779 ,
700 2710 914 2791 γράφων
930 2707 1105 2774 οὕτως·
1128 2734 1153 2759 ιι
1184 2705 1288 2766 Καὶ
1309 2705 1462 2763 αὐτὸν
1482 2704 1763 2772 Ὀδυσσεὺς
1785 2708 1916 2787 ὀρῶν
1939 2711 2107 2765 ταῦτα

555 2802 799 2856 ποιοῦντα
815 2843 831 2874 ,
860 2793 1143 2875 πληρώσας
1169 2799 1259 2852 τοῦ
1293 2791 1428 2851 οἴνου
1457 2790 1677 2868 κυμὸίον
1700 2792 1876 2851 δίδωσι
1904 2802 2061 2855 πιεῖν.
2083 2821 2107 2847 ι

635 2885 797 2941 Idem
814 2886 901 2941 XI
916 2925 932 2952 ,
947 2903 1009 2957 p.
1036 2883 1167 2953 481,
1180 2885 1226 2938 E
1250 2902 1265 2938 ι
1288 2877 1550 2946 Διονύσιος
1567 2880 1612 2937 δ’
1632 2883 1660 2937 ὁ
1682 2878 1881 2956 Σάμιος
1899 2882 1952 2939 ἐν
1971 2880 2107 2963 ἕκτῳ

556 2962 677 3042 περὶ
714 2968 806 3021 τοῦ
848 2958 1058 3022 Κύκλου
1098 2960 1158 3020 τὸ
1187 2958 1313 3019 αὐτὸ
1352 2957 1515 3018 οἴεται
1544 2948 1674 3018 εἶναι
1717 2960 1986 3020 κισσύίιον
2018 2963 2112 3019 καὶ

557 3048 805 3126 κυμὸίον.
836 3047 985 3119 Φησὶ
1007 3047 1134 3129 γὰρ,
1163 3049 1233 3113 ὣς
1254 3045 1563 3120 Ὀδυσσεὺς,
1586 3047 1868 3129 πληρώσας
1889 3046 2108 3125 κυμὸίον

563 3135 819 3219 ἀκράτου,
847 3133 1002 3215 ὤρεξε
1026 3139 1102 3214 τῷ
1125 3133 1397 3195 Κύκλωπι.
1562 3189 1567 3195 .

642 3224 775 3303 Περὶ
795 3229 883 3282 τοῦ
905 3222 1117 3284 Κύκλου
1139 3225 1349 3281 dictum
1370 3225 1754 3301 negligentiuS,
1771 3235 1836 3280 ut
1858 3223 2114 3304 Διόδωρος

561 3313 804 3395 περὶτῶν
843 3314 1221 3386 Βιὸλιοθηκῶν,
1249 3313 1390 3382 XII,
1427 3331 1488 3387 p.
1530 3312 1664 3383 541,
1700 3309 1967 3391 Κλέαρχος
1991 3312 2112 3391 περὶ

564 3401 701 3461 Βίων
754 3412 859 3460 etc.
905 3399 1076 3472 Quod
1129 3418 1250 3454 non
1304 3398 1805 3456 animadvertentes
1845 3403 2110 3457 nonnulli

563 3490 893 3562 Dionysium
924 3485 996 3542 de
1023 3485 1182 3560 cyclo
1215 3486 1378 3559 epico
1405 3487 1680 3560 scripsisse
1716 3498 2007 3559 putarunt.
2039 3491 2109 3544 V.

563 3575 846 3631 Welcker.
873 3574 914 3629 1.
942 3574 984 3628 1.
1015 3593 1076 3647 p.
1105 3572 1179 3629 80
1205 3592 1287 3647 sq.
1380 3597 1386 3602 ·

1311 3712 1367 3768 8.

644 3854 833 3912 Schol.
858 3856 1029 3909 Hom.
1055 3853 1165 3910 Od.
1189 3855 1365 3923 XIII,
1388 3853 1460 3910 85
1489 3874 1504 3908 τ
1530 3852 1743 3912 Σκύλλα
1767 3855 1997 3936 θυγάτηρ
2022 3855 2116 3933 μὲν

566 3933 628 4015 ἦν
663 3940 931 4019 Φόρκυνος
958 3939 1049 3997 καὶ
1087 3939 1316 4012 Ἑκάτης
1342 3939 1399 3997 τὸ
1442 3936 1536 4015 μὲν
1565 3939 1774 4019 μέγεθος
1816 3944 2114 4021 θαυμαστή·

568 4022 678 4109 εἶχε
705 4025 761 4087 δὲ
788 4025 950 4093 πόδας
988 4024 1080 4103 μὲν
1109 4023 1334 4099 δώδεκα,
1364 4023 1590 4107 κεφαλὰς
1622 4027 1676 4085 δὲ
1706 4026 1790 4105 ἓξ,
1821 4032 1874 4088 ἐν
1911 4028 2118 4113 ἑκάστῳ

569 4116 622 4174 δὲ
646 4113 917 4191 στομάτων
943 4117 1078 4193 τρεῖς
1106 4112 1313 4191 στίχους
1339 4111 1577 4184 ὀδόντων,
1605 4115 1896 4194 ὀφθαλμοὺς
1918 4117 1973 4175 δὲ
2017 4142 2119 4177 πυ-

572 4203 800 4281 ροειδεῖς.
827 4199 933 4261 Καὶ
950 4199 1010 4259 τὸ
1030 4198 1124 4277 μὲν
1140 4200 1269 4259 ἄλλο
1293 4202 1448 4275 σῶμα
1467 4197 1747 4280 ἐκρύπτετο
1770 4206 1929 4275 αὐτῆς
1947 4203 1999 4263 ἔν
2019 4228 2119 4263 τινι

571 4286 813 4367 σπηλαίῳ
850 4285 991 4348 κατὰ,
1030 4283 1183 4365 βύθου
1234 4283 1575 4364 βεὸλημένον,
1622 4288 1849 4370 συμφυὲς
1880 4284 2011 4350 οὖσα
2053 4296 2119 4372 effi

570 4375 756 4455 πέτρα·
782 4372 875 4440 τὰς
898 4372 953 4432 δὲ
967 4373 1197 4455 κεφαλὰς
1215 4374 1373 4446 αὐτῆς
1397 4364 1534 4454 εἶχεν
1550 4373 1647 4442 ἔξω
1664 4376 1966 4456 περιμήκεις
1987 4379 2121 4439 ὥστε

572 4461 820 4520 δύνασθαι
844 4460 948 4518 ἀπὸ
967 4465 1060 4532 τῆς
1081 4459 1274 4541 πέτρας
1298 4462 1367 4527 εἰς
1388 4462 1482 4530 τὴν
1503 4465 1630 4520 ναῦν
1653 4464 1876 4542 φθάνειν.
1907 4464 2121 4538 Ταύτην

570 4546 778 4625 λέγεται
791 4543 877 4604 τὸν
893 4544 1163 4627 Ἡρακλέα
1185 4545 1339 4606 ὁπότε
1357 4546 1449 4613 τὰς
1468 4546 1728 4628 Γηρυόνου
1744 4553 1863 4628 βοῦς
1882 4542 2029 4631 ἦγεν,
2055 4557 2124 4620 ὣς

575 4627 704 4694 εἶδεν
730 4632 1207 4710 ἀπληστευομίνην,
1227 4633 1442 4694 ἀνελεῖν·
1461 4632 1548 4693 τὸν
1573 4633 1627 4694 δὲ
1642 4636 1841 4713 πατέρα
1861 4638 1947 4697 διὰ
1966 4640 2124 4722 πυρὸς

576 4718 869 4866 ἄναίγκάσαι
891 4719 1049 4778 πάλιν
1067 4718 1226 4791 αὐτὴν
1244 4721 1516 4794 ἀναζῆσαι.
1540 4719 1612 4782 Ἦ
1628 4723 1829 4805 ἱστορία
1843 4725 1987 4808 παρὰ
2003 4732 2123 4787 Διο·

572 4830 669 4867 νυσ
704 4834 751 4888 t’·

1322 4913 1359 4970 9

655 5037 872 5091 Tzetzes
910 5034 982 5089 ad
1011 5037 1146 5108 Lyc.
1178 5051 1290 5108 9¹2
1335 5053 1350 5089 ε
1393 5029 1557 5093 Ἔνθα
1598 5039 1687 5093 νῦν
1723 5040 1756 5108 ἡ
1799 5035 1958 5111 Χώνη
1988 5038 2126 5112 ἐστὶ,

573 5119 765 5202 χωρίον
794 5110 857 5191 ἧν
890 5122 1092 5200 πρῶτον
1115 5117 1392 5198 λεγόμενόν
1424 5121 1717 5202 Οἰνωτρία,
1742 5121 1872 5184 ὅπου
1906 5127 1934 5183 ὁ
1958 5125 2128 5187 Φιλο-

2182 680 2462 758 Ῥωμαίων
2480 680 2771 762 γράψαντες
2798 685 3082 762 ἱστοροῦσι.

2261 775 2346 828 De
2371 774 2644 845 Dionysio
2663 773 3126 829 Halicarnassensi
3149 774 3348 848 aliquis
3378 776 3762 850 cogitaverit3.

2182 859 2280 914 sed
2315 861 2362 915 is
2397 859 2469 915 de
2505 859 2610 915 hac
2653 877 2716 914 re
2762 860 2931 928 nihil;
2979 860 3228 935 intellige
3267 862 3756 937 cyclographum,

2184 963 2353 1018 quem
2379 947 2439 1000 in
2462 946 2723 1019 proxime
2744 946 3199 1002 antecedentibus
3222 949 3440 1004 Tzetzes
3468 948 3756 1005 laudave-

2185 1042 2271 1088 rat
2313 1029 2410 1111 (ἴε.
2442 1032 2539 1109 6).
2572 1037 2756 1107 Atque
2788 1033 3060 1089 Rhodium
3084 1046 3373 1090 auctorem
3404 1037 3464 1090 in
3489 1053 3560 1092 eo
3592 1055 3754 1109 quo-

2187 1139 2297 1193 que
2318 1138 2591 1195 agnosco,
2619 1120 2775 1194 quod
2799 1122 3108 1177 Philocteta
3129 1140 3218 1196 ap.
3242 1124 3421 1182 Tzetz.
3450 1123 3490 1178 l.
3519 1125 3559 1179 l.
3593 1124 3758 1179 Rho-

2186 1208 2290 1261 de‘1's
2313 1208 2374 1262 in
2401 1208 2561 1263 Italia
2582 1218 2778 1263 contra
2805 1209 3152 1264 Pallenenses
3184 1210 3420 1265 colonos
3457 1211 3752 1284 opitulans

2189 1294 2448 1351 cecidisse
2501 1295 2729 1351 dicitur.
2764 1298 2848 1351 Ex
2902 1296 3105 1352 eodem
3148 1299 3454 1371 Dionysio,
3514 1299 3747 1371 opinor,

2189 1380 2402 1437 fluxere
2429 1401 2553 1454 quae
2573 1382 2644 1438 ad
2665 1402 2720 1438 ν.
2753 1401 2866 1456 927
2894 1383 2966 1439 de
2981 1402 3140 1439 sacro
3163 1384 3486 1440 Philoctetae
3510 1404 3750 1441 narran-

2191 1481 2300 1525 tur.
2327 1470 2586 1526 Ceterum
2611 1470 2683 1526 de
2701 1471 2895 1527 Chone
2915 1471 3035 1526 vid.
3069 1472 3377 1527 Antiochus
3397 1472 3468 1527 fr.
3493 1472 3551 1541 63
3577 1475 3756 1547 Apol·

2124 1564 2138 1576 ⁶
2189 1557 2424 1613 lodorus
2438 1555 2508 1613 fr.
2545 1558 2675 1628 173;
2701 1555 2927 1613 Servius
2949 1557 3022 1613 ad
3043 1561 3199 1635 Virg.
3230 1561 3358 1619 AEn.
3386 1561 3498 1630 111,
3529 1567 3667 1626 402.

2925 1724 3015 1762 10.

2270 1856 2488 1911 Tzetzes
2506 1851 2650 1910 Chil.
2677 1855 2826 1923 XII,
2869 1863 2977 1928 ¹79
3018 1873 3031 1908 τ

2315 1997 2409 2048 Καὶ
2428 1997 2458 2046 ὁ
2477 1997 2665 2061 Ὀρφεὺς
2683 1996 2923 2061 ἰσόχρονοιτ
2944 2002 3014 2060 τῷ
3040 1998 3259 2062 Ἡρακλεῖ
3274 2000 3451 2063 ὑπῆρχε
3464 2035 3480 2061 ,

2315 2068 2404 2129 πρὸ
2423 2066 2599 2130 χρόνων
2617 2064 2744 2123 ὄντες
2758 2069 2923 2117 ἑκατὸν
2941 2072 3025 2117 τοῦ
3043 2070 3255 2132 Τρωικοῦ
3277 2072 3500 2132 πολέμου.
3557 2106 3568 2119 .

2316 2137 2395 2192 Ὡς
2412 2136 2462 2185 δὲ
2485 2135 2674 2200 Ὀρφεὺς
2694 2137 2741 2186 ἐν
2759 2138 2967 2193 Λιθικοϊς
2986 2139 3090 2202 περὶ
3111 2141 3255 2187 αὑτοῦ
3275 2156 3353 2201 μοι
3372 2143 3522 2203 λέγει,

2317 2206 2505 2256 Ἑλένου
2526 2223 2570 2254 τι
2595 2206 2873 2270 βραχύτερον
2895 2208 3083 2272 ὕστερον
3097 2208 3213 2258 εἶναι
3231 2210 3352 2272 λέγει
3366 2224 3379 2236 ·

2318 2276 2485 2326 τούτου
2509 2281 2594 2340 μιᾷ
2617 2277 2666 2326 δὲ
2679 2283 2814 2341 γενεᾷ
2835 2278 3042 2343 Ὅμηρος
3069 2281 3290 2343 ὑστερίζει
3303 2317 3319 2341 ,

2320 2348 2347 2395 ὁ
2363 2347 2485 2395 κατὰ
2504 2347 2746 2397 Διονύσιον
2763 2349 2905 2411 ἄνδρα
2922 2350 3001 2399 τὸν
3024 2351 3342 2415 κυκλογράφον

2201 2450 2210 2463 .
2322 2418 2398 2466 ἐπὶ
2425 2422 2518 2467 τῶν
2536 2418 2618 2467 δύο
2641 2425 2894 2481 στρατειῶν
2915 2421 3162 2484 λεγόμενος
3182 2422 3424 2485 ὑπάρχειν,

2324 2488 2565 2547 θηδαῖκῆς
2585 2488 2818 2547 Ἑλλήνων
2838 2504 2890 2538 τε
2909 2494 2990 2548 τῆς
3008 2491 3086 2539 διὰ
3102 2491 3186 2545 τὴν
3208 2490 3412 2550 Ἑλένην.

2323 2557 2551 2621 Διόδωρός
2564 2575 2615 2607 τε
2637 2559 2869 2623 σύντροχα
2886 2560 3008 2623 λέγει
3030 2561 3261 2624 Διονυσίῳ
3275 2598 3293 2624 ,

2321 2628 2403 2676 καὶ
2422 2629 2567 2692 ἕτεροι
2587 2629 2742 2694 μυρίοι
2761 2630 2828 2679 δέ.

2278 2767 2489 2825 Eadem
2529 2771 2731 2845 repetit
2757 2762 3080 2829 Tzetzes'ad
3107 2773 3345 2830 Hesiod.
3374 2793 3435 2850 p.
3485 2774 3552 2832 15
3581 2778 3754 2835 Gaiss.

2201 2863 2340 2919 Cum
2374 2864 2460 2918 his
2486 2864 2769 2920 cohaerent
2800 2884 2923 2940 quae
2952 2873 3254 2924 afferuntur
3279 2871 3339 2923 in
3368 2871 3616 2929 Crameri
3642 2879 3753 2931 An.

2201 2951 2299 3010 Gr.
2329 2952 2560 3008 Parisin.
2587 2954 2705 3013 vol.
2735 2955 2822 3026 11,
2850 2975 2912 3030 p.
2941 2973 3077 3027 227,
3101 2976 3171 3028 27
3215 2977 3232 3013 τ
3260 2952 3515 3038 Διόδωρος
3543 2962 3755 3021 ἀποδεί-

2201 3060 2351 3096 κνυσι
2377 3043 2553 3097 τοῦτον
2587 3039 2690 3117 (50.
2726 3039 2813 3099 τὸν
2847 3040 3130 3121 Ὅμηρον)
3156 3042 3255 3123 πρὸ
3284 3048 3376 3117 effic
3400 3044 3760 3129 Ἡρακλειδῶν

2202 3125 2420 3184 καθόδου
2455 3128 2881 3200 τετελευτηκότα.
2921 3133 3056 3187 Erat
3079 3133 3197 3189 baec
3222 3134 3456 3192 Cratetis
3486 3142 3760 3195 sententia

2208 3213 2355 3290 (vid.
2387 3226 2576 3272 nostra
2603 3218 2823 3292 fragm.
2848 3217 3107 3274 chronol.
3131 3239 3194 3294 p.
3238 3221 3347 3296 196
3373 3223 3468 3279 cll.
3508 3226 3752 3281 Nitzsch.

2205 3303 2347 3358 Hist.
2366 3303 2539 3359 Hom.
2557 3306 2637 3374 11,
2658 3323 2718 3378 p.
2739 3324 2836 3378 91,
2857 3306 3141 3365 Welclscr.
3168 3327 3229 3381 p.
3254 3308 3414 3387 203).
3434 3314 3758 3387 Dionysius,

2206 3390 2432 3462 opinor,
2459 3390 2762 3465 discipulus
2783 3394 2886 3448 ruit
2901 3394 3152 3450 Cratetis.
3174 3396 3463 3455 Diodorus
3485 3409 3672 3457 autem
3687 3403 3758 3456 li-

2204 3477 2314 3532 bro
2328 3479 2435 3548 111,
2458 3477 2552 3550 67,
2571 3478 2645 3534 de
2662 3490 2819 3536 aetate
2836 3483 3070 3537 Homeri
3086 3501 3213 3539 cum
3228 3485 3588 3559 Apollodoro
3605 3488 3755 3558 facit;

2208 3564 2642 3639 cyclographum
2660 3568 2830 3642 igitur
2840 3555 3058 3624 secutus
3072 3571 3142 3625 sit
3154 3571 3303 3628 libro
3317 3586 3494 3646 sexto,
3508 3594 3617 3650 pro
3634 3576 3758 3632 fon·

2208 3651 2344 3705 tium
2367 3653 2633 3709 varietate
2644 3656 2950 3729 pugnantia
2976 3655 3122 3711 inter
3138 3675 3196 3713 se
3217 3666 3421 3717 referre
3444 3661 3597 3718 haud
3612 3667 3756 3719 veri-

2210 3749 2314 3792 tus‚
2331 3740 2406 3794 At
2421 3757 2494 3794 ne
2508 3740 2702 3797 credas
2717 3743 3046 3815 Dionysium
3061 3745 3497 3822 cyclographum
3516 3751 3754 3807 eundem

2209 3843 2321 3880 esse
2348 3835 2476 3880 cum
2497 3828 2845 3901 Mytilenaeo,
2877 3848 3043 3903 quem
3072 3832 3228 3888 libris
3245 3836 3329 3890 III
3356 3846 3413 3891 et
3430 3838 3506 3893 lv
3528 3836 3750 3894 Diodo-

2209 3930 2302 3967 rus
2329 3910 2531 3969 ducem
2552 3915 2750 3970 habuit
2784 3915 2896 3992 (Sic
2924 3918 3174 3974 Lobeck.
3202 3922 3479 3997 Aglaoph.
3506 3942 3622 3999 990
3648 3925 3754 4003 sq.)

2207 4001 2349 4056 Nam
2371 4000 2473 4056 lib.
2496 4002 2599 4058 111.
2624 4001 2722 4073 67,
2749 4022 2802 4074 2,
2824 4004 3128 4079 Thamyrin
3155 4018 3210 4063 et
3235 4010 3523 4084 Orpheum
3545 4023 3602 4069 et
3614 4015 3755 4070 Her·

2209 4087 2391 4142 culem
2410 4088 2539 4143 Lini
2561 4087 2863 4163 discipulos
2880 4091 3063 4162 fuisse,
3083 4093 3326 4170 ideoque
3344 4098 3543 4155 iisdem
3562 4101 3757 4157 vixisse

2212 4175 2581 4248 temporibus,
2614 4175 2769 4233 dicit.
2800 4180 2901 4234 His
2918 4183 3197 4238 contraria
3213 4195 3339 4238 sunt
3363 4203 3487 4258 quae
3512 4206 3580 4242 ex
3595 4189 3758 4244 sebo·-

2211 4262 2296 4317 liis
2345 4264 2550 4318 Tzetzae
2605 4263 2679 4318 ad
2737 4266 2918 4342 Alleg.
2966 4270 3139 4325 Hom.
3193 4268 3290 4345 (in
3337 4273 3536 4330 codice
3584 4275 3751 4332 Paris.

2209 4331 2282 4406 N.
2303 4348 2475 4425 2705)
2498 4354 2773 4426 excerpsit
2790 4355 3089 4413 Diibnerus
3106 4360 3624 4429 mem,Welckerus
3643 4362 3702 4438 (Ι.
3716 4365 3752 4418 l.

2212 4455 2270 4509 p.
2309 4437 2447 4513 193)
2470 4437 2685 4511 publici
2709 4440 2836 4496 fecit
2854 4440 3013 4514 juris.
3038 4446 3259 4500 Etenim
3282 4447 3499 4504 Tzetzes
3525 4449 3598 4505 ad
3620 4452 3759 4507 Dio-

2215 4523 2420 4579 dorum
2446 4542 2764 4598 provocans
2785 4529 2983 4585 scribit
3005 4531 3124 4586 haec
3154 4551 3169 4587 ε
3199 4533 3461 4608 Ληροῦσιν
3484 4532 3582 4613 [οἳ]
3617 4527 3756 4594 εἶπον

2214 4606 2292 4664 ὅτι
2335 4611 2363 4666 ὁ
2391 4608 2687 4679 Ὀδυσσέως
2711 4612 3030 4694 Τηλέμαχος
3057 4613 3268 4695 ὕστερον
3295 4609 3360 4690 ἦν
3385 4616 3656 4702 Ὅμηρος,
3690 4626 3758 4690 ὣς

2215 4696 2368 4766 δῆλον
2385 4697 2444 4755 ἐκ
2466 4702 2553 4756 τοῦ
2570 4696 2760 4778 χρόνου
2778 4701 3109 4781 Προναπίδου
3132 4708 3221 4762 τοῦ
3240 4704 3482 4787 Ὁμήρου
3508 4709 3759 4768 διδασκά-

2215 4781 2337 4853 λου,
2356 4780 2410 4849 ὃς
2442 4773 2505 4854 ἦν
2528 4784 2698 4864 τρίτος
2734 4784 2840 4845 ἀπὸ
2866 4788 3115 4866 Κάδμου,
3133 4786 3378 4872 ”Ομηρος
3415 4793 3469 4853 δὲ
3500 4795 3758 4879 τέταρτος.

2218 4865 2287 4928 ‘0
2304 4869 2544 4949 Θάμυρις
2553 4872 2606 4930 δὲ
2619 4874 2777 4931 πάλιν
2787 4874 3008 4943 παλαιὸς
3017 4867 3079 4948 ἦν
3099 4877 3360 4960 ἶσόχρονος
3371 4884 3414 4942 Κ
3423 4880 3613 4960 άδμου,
3625 4884 3764 4943 πάπ-

2217 4977 2310 5022 πος
2334 4955 2583 5038 Ὀρφέως.
2611 4959 2830 5044 Ὀρφεὺς
2852 4961 2907 5021 δὲ
2941 4963 3219 5037 Μενίππης
3244 4958 3309 5040 ἦν
3329 4968 3435 5036 υίὸς
3456 4973 3551 5042 τῆς
3568 4971 3763 5050 Θαμύ·

2220 5043 2354 5122 ριδος
2375 5045 2654 5126 θυγατρὸς,
2683 5047 2779 5107 κᾶν
2810 5050 3165 5130 ἀλληγορικῶς
3189 5057 3283 5125 τῆς
3319 5057 3626 5132 Καλλιόπης
3657 5060 3764 5126 υίὸς

2216 5126 2443 5206 λέγεται.
2474 5136 2792 5193 Secundum
2819 5140 2937 5197 haec
2964 5142 3136 5218 igitur
3155 5143 3413 5218 Orpheus
3439 5164 3558 5203 non
3583 5167 3761 5224 aequa·
