4016 5916
1402 408 1737 542 LEO
1824 314 2873 542 BYZANTIUSJ

594 952 789 1009 Suidas
821 971 834 1008 ε
868 956 915 1011 Λ
932 948 956 1006 ε’
969 972 1071 1022 ων,
1112 948 1413 1020 Λέοντος,
1446 948 1724 1027 Β.υζάντι
1740 975 1823 1020 ος,
1854 952 2062 1034 φιλόσο·
2147 956 2351 1011 Graecis
2371 975 2488 1029 quo
2508 968 2761 1029 tempore
2772 957 2911 1012 vixit
2925 959 3044 1012 Leo
3066 958 3197 1031 Byz.
3225 958 3411 1016 suisset
3427 969 3652 1016 notum.
3679 979 3714 1005 ι·

517 1060 606 1115 <poc
634 1034 1036 1115 περιπατητικὸς
1059 1035 1148 1092 καὶ
1171 1034 1417 1113 σοφιστής
1434 1080 1451 1112 ,
1480 1036 1713 1110 μαθητὴς
1746 1039 2059 1114 Πλάτωνος,

514 1124 570 1193 ἢ,
597 1121 664 1188 ὥς
684 1146 841 1192 τινες,
871 1121 1266 1201 Ἀριστοτέλους.
1290 1120 1533 1202 Ἔγραψε
1552 1122 1617 1180 τὰ
1634 1123 1770 1182 κατὰ
1793 1123 2061 1184 Φίλιππον

518 1210 606 1267 καὶ
630 1210 690 1267 τὸ
723 1209 1002 1277 Βυζάντιον
1031 1207 1245 1286 βιόλίοις
1272 1208 1340 1286 ζ’,
1368 1200 1767 1289 Τευθραῦτικὸν,
1796 1211 1926 1290 Περὶ
1955 1215 2065 1282 Βη-

520 1297 692 1367 σαίου,
737 1296 843 1356 Τὸν
892 1296 1029 1373 ἱερὸν
1077 1295 1329 1370 πόλεμον,
1376 1297 1510 1372 Περὶ
1552 1297 1809 1374 στάσεων,
1852 1297 1918 1355 τὰ
1946 1301 2063 1359 κατ’

516 1382 865 1461 Ἀλέξανδρον.
895 1383 1127 1460 (Eadem
1154 1386 1405 1441 Eudocia
1428 1405 1485 1459 p.
1515 1385 1667 1460 283.)

594 1462 760 1535 Οὗτος
807 1461 869 1539 ἦν
921 1468 1119 1552 σφόδρα
1172 1471 1371 1548 παχύς·
1419 1471 1509 1528 καὶ
1558 1469 1883 1551 πρεσὸεύσας
1935 1472 2064 1552 πρὸς

515 1556 807 1627 Ἀθηναίους
834 1555 1037 1631 γέλωτα
1081 1551 1319 1628 ἐκίνησε,
1354 1557 1442 1614 καὶ
1468 1562 1560 1629 τῆς
1585 1557 1862 1637 πρεσὸείας
1902 1559 2060 1639 ἐκραί-

514 1665 687 1714 τησεν,
720 1640 899 1712 ἐπειδὴ
922 1641 1056 1700 πίων
1081 1643 1315 1721 ἐφαίνετο
1334 1643 1421 1701 καὶ
1438 1643 1673 1723 περιττὸς
1696 1643 1789 1714 τὴν
1810 1643 2061 1723 γαστέρα.

516 1731 813 1808 Ταραχθεὶς
854 1727 900 1787 δ’
952 1731 1094 1788 οὐδὲν
1142 1729 1244 1787 ἀπὸ
1287 1735 1378 1788 τοῦ
1417 1729 1668 1808 γέλωτος,
1696 1759 1736 1794 6<
1784 1731 1882 1810 Τί,
1935 1730 2061 1810 ἔφη,

513 1806 558 1873 ὦ
598 1815 880 1886 Ἀθηναῖοι,
924 1818 1141 1893 γελᾶτε;
1170 1815 1205 1885 ἢ
1232 1813 1309 1873 ὅτι
1347 1814 1518 1894 παχὺς
1551 1816 1652 1893 ἐγὼ
1678 1816 1768 1874 καὶ
1798 1821 2061 1887 τοσοῦτος

515 1903 677 1963 Ἔστι
706 1928 792 1980 μοι
817 1904 907 1962 καὶ
933 1903 1061 1982 γυνὴ
1082 1904 1260 1982 πολλῷ
1283 1904 1585 1983 παχυτέρα,
1607 1903 1698 1962 καὶ
1726 1907 2062 1981 ὁμονοοῦντας

515 1991 609 2068 μὲν
643 1997 782 2068 ἡμᾶς
814 1998 974 2070 χωρεῖ
1005 1996 1038 2059 ἡ
1070 1989 1247 2066 κλίνη,
1291 1989 1681 2071 διαφερομένους
1710 1991 1764 2049 δὲ
1788 1992 1961 2062 οὐδ’έή
1986 1993 2062 2049 οἱ·

516 2080 620 2139 κίοι.
652 2105 675 2130 »
706 2078 812 2138 Καὶ
840 2081 910 2145 εἰς
929 2076 981 2135 ἓν
1008 2070 1161 2152 ἦλθεν
1189 2080 1216 2135 ό
1242 2081 1345 2136 τῶν
1372 2077 1652 2148 Ἀθηναίων
1676 2079 1863 2155 δῆμος,
1894 2078 2065 2158 ἁρμο-

516 2166 649 2231 σθεὶς
700 2165 799 2222 ὑπὸ
841 2170 931 2223 τοῦ
982 2164 1198 2230 Λέοντος
1214 2211 1229 2238 ,
1265 2168 1431 2244 σοφῶς
1488 2165 1943 2249 ἐπισχεδιοίσαντος
1986 2167 2062 2245 τῷ

516 2255 701 2331 καιρῷ.
781 2244 945 2317 Οὗτος
974 2254 1002 2308 δ
1029 2249 1178 2310 Λέων
1207 2251 1620 2329 ἀποκρουόμενος
1660 2250 1747 2309 τὸν
1794 2250 2063 2317 Φίλιππον

515 2339 620 2396 ἀπὸ
648 2344 736 2397 τοῦ
764 2337 1044 2406 Βυζαντίου
1065 2336 1311 2407 διεὸλήθη
1338 2336 1483 2417 παρὰ
1501 2337 1777 2398 Φιλίππου
1799 2338 1927 2417 πρὸς
1950 2337 2064 2405 τοὺς

518 2426 822 2494 Βυζαντίους
838 2428 903 2483 δι’
926 2426 1201 2495 ἐπιστολῆς
1223 2425 1443 2503 ἐχούσης
1471 2424 1632 2492 οὕτως
1647 2449 1660 2462 ·
1685 2452 1709 2479 α
1740 2428 1806 2486 Εἰ
1832 2429 2062 2488 τοσαῦτα

515 2514 766 2593 χρήματα
790 2514 1041 2592 παρεῖχον
1064 2511 1279 2588 Λέοντι,
1312 2511 1478 2570 ὁπόσα
1508 2535 1574 2588 με
1601 2514 1775 2593 ᾐτεῖτο
1793 2557 1810 2585 ,
1838 2516 1897 2571 ἐκ
1919 2510 2063 2598 πρά),-

514 2626 607 2671 της
637 2601 697 2659 ἂν
730 2600 919 2659 ἔλαὸον
948 2600 1007 2657 τὸ
1030 2599 1331 2667 Βυζάντιον.
1374 2627 1395 2651 υ
1418 2603 1602 2660 Ταῦτα
1631 2601 1943 2666 ἀκούσαντος
1973 2601 2062 2658 τοῦ

514 2688 684 2763 δήμου
700 2686 789 2746 καὶ
808 2686 1175 2755 ἐπισυρτᾶντος
1192 2688 1258 2763 τῇ
1279 2685 1416 2766 οἰκίᾳ
1440 2692 1529 2745 τοῦ
1549 2686 1791 2759 Λέοντος,
1822 2686 2064 2767 φοβηθεὶς

517 2772 591 2848 μή
616 2795 727 2837 πως
748 2771 1068 2854 λιθόλευστος
1095 2770 1219 2849 παρ’
1240 2774 1409 2830 αὐτῶν
1433 2771 1675 2849 γένηται,
1707 2772 1885 2838 ἑαυτὸν
1914 2764 2061 2852 ἦγξε,

516 2859 676 2932 μηδὲν
703 2856 805 2915 ἀπὸ
831 2861 920 2926 τῆς
949 2855 1128 2937 σοφίας
1154 2857 1243 2917 καὶ
1273 2861 1375 2914 τῶν
1401 2859 1568 2937 λόγων
1609 2857 1859 2939 κερδάνας
1886 2861 1914 2916 ὁ
1949 2859 2054 2917 δεί-

514 2946 655 3009 λαιος
680 2943 770 3021 β).
1694 2996 1701 3003 .

594 3033 796 3088 Idem:
831 3028 1005 3088 Λέων
1031 3075 1047 3106 ,
1080 3029 1128 3087 Ἀ
1146 3029 1320 3087 λαὸα
1336 3031 1402 3088 νδ
1420 3028 1555 3103 εός,
1601 3030 1791 3110 ῥήτωρ.
1823 3030 2062 3113 Ἔγραψε

521 3120 762 3196 Καρικῶν
804 3116 978 3195 βιὸλία
1018 3117 1084 3188 δ’,
1123 3117 1365 3177 Λυκιακὰ
1401 3118 1455 3175 ἐν
1489 3116 1705 3196 βιὸλίοις
1739 3120 1811 3198 β’,
1836 3117 2061 3198 Τέχνην,

518 3202 651 3282 Περὶ
673 3203 929 3279 στάσεων,
962 3203 1068 3263 Τὸν
1093 3203 1227 3282 ἱερὸν
1258 3203 1484 3280 πόλεμον
1514 3203 1746 3265 Φωκέων
1774 3205 1866 3264 καὶ
1895 3208 2059 3265 Βοιω-

516 3295 619 3348 τῶν
647 3289 935 3366 (Θηὸαίων
961 3293 1089 3350 cod.
1121 3292 1219 3368 Ε).
1252 3291 1461 3348 Eadem
1481 3293 1731 3349 Eudocia
1757 3314 1816 3368 p.
1850 3296 1980 3351 281.

593 3377 968 3454 Ἱέυθραντικόν
994 3378 1017 3455 ]
1068 3379 1196 3437 cod.
1224 3382 1393 3438 Paris,
1431 3377 1841 3457 Α;·τεθρανυιόν
1880 3386 1949 3453 V,
1974 3404 2063 3438 τυ-

514 3464 782 3541 θραντικόν
814 3470 881 3540 V,
910 3464 1236 3544 τευθρανικόν
1270 3468 1473 3540 reliqq.
1501 3498 1581 3510 -
1610 3465 1744 3546 Περὶ
1784 3465 2058 3545 Βησαίου]

514 3554 591 3607 sic
615 3553 731 3607 duo
755 3553 928 3609 codd.
949 3554 1118 3608 Paris.
1145 3555 1262 3625 Av3
1289 3553 1473 3611 omisit
1497 3562 1552 3607 et
1570 3554 1822 3608 lacunam
1838 3554 2060 3610 indica-

515 3642 593 3693 vit
612 3640 657 3693 Ε
667 3661 684 3709 3
710 3641 913 3711 reliqui
936 3658 950 3697 t
980 3638 1113 3716 Περὶ
1152 3637 1415 3707 Βησοίλου.
1444 3664 1467 3688 κ
1493 3641 1622 3694 Sine
1650 3639 1827 3695 dubio
1855 3659 2060 3697 eorru-

513 3738 690 3797 ptum.
721 3728 992 3782 meursius
1017 3728 1193 3784 Gloss.
1218 3728 1353 3784 Gr.-
1366 3726 1529 3783 barb.
1560 3745 1618 3784 ν.
1656 3724 1920 3795 Βήσαλον,
1949 3747 2056 3783 scr.

518 3811 650 3888 Περὶ
681 3811 955 3889 βησάλων,
986 3815 1185 3888 insigni
1220 3832 1443 3882 errore,
1476 3833 1505 3868 a
1542 3833 1657 3887 quo
1685 3833 1790 3870 nec
1832 3816 2061 3872 Ducane

514 3903 638 3973 gius
651 3902 795 3965 cavit
814 3901 871 3953 in
893 3901 1070 3955 Gloss.
1097 3899 1250 3956 med.
1273 3911 1328 3955 et
1342 3900 1442 3955 inf.
1465 3902 1589 3969 Gr.‚
1616 3903 1771 3974 quasi
1801 3896 2055 3975 βήσαλον,

514 3998 701 4042 ortum
721 4006 751 4041 a
767 3988 940 4041 latino
952 3987 1194 4055 hess-alis,
1215 4004 1279 4041 ea
1296 3987 1479 4041 lateris
1496 3989 1639 4041 cocti
1660 3985 2063 4061 significatione

580 4151 640 4210 (¹)
664 4151 740 4198 Cf.
756 4148 995 4197 Plutarch.
1014 4149 1136 4196 Mor.
1152 4159 1199 4207 p.
1219 4150 1330 4206 804,
1348 4150 1385 4195 G
1405 4147 1487 4195 2'0
1500 4140 1740 4202 Βυζάντιος
1756 4147 1891 4196 Δίων
1905 4147 1991 4207 ἧκε
2004 4150 2062 4207 δή

512 4236 625 4268 ποτε
663 4224 758 4273 τοῖς
788 4217 1043 4273 Ἀθηναίοις
1084 4216 1390 4272 στασιάζουσι
1431 4217 1745 4276 διαλεξόμενος
1764 4235 1775 4246 ·
1820 4217 1969 4279 ὀφθεὶς
2011 4221 2061 4267 δὲ

516 4290 674 4351 μικρὸς
691 4290 769 4336 καὶ
789 4287 1023 4349 γελασθεὶς
1039 4319 1054 4342 ,
1077 4286 1134 4334 Τί
1157 4286 1240 4345 δὴ,
1271 4285 1415 4345 εἶπεν,
1440 4287 1481 4333 εἰ
1506 4287 1589 4342 τὴν
1616 4288 1818 4346 γυναῖκά
1838 4304 1928 4349 μου
1956 4289 2061 4337 θεά·

514 4359 679 4406 σαισθε
698 4358 825 4420 μόλις
852 4356 1168 4416 ἐξικνουμένην
1193 4356 1305 4417 πρὸς
1321 4356 1375 4403 τὸ
1399 4356 1537 4415 γόνυ;
1561 4357 1739 4407 Πλείων
1766 4357 1848 4406 οὖν
1868 4358 2050 4420 ἐγένετο

516 4429 661 4489 γέλως
680 4444 692 4456 ·
718 4426 967 4491 Ἀλλ’ἡμᾷς
981 4459 995 4484 ,
1024 4424 1110 4487 ἐφη
1126 4462 1140 4484 ,
1164 4426 1352 4496 μιπιροὺς
1373 4426 1519 4481 οὕτως
1545 4425 1697 4484 ὄντας,
1718 4428 1827 4475 ὅταν
1841 4429 2057 4491 διαφερώ-

517 4498 632 4559 μεθα
655 4497 765 4560 πρὸς
784 4496 1003 4552 ἀλλήλους
1033 4497 1064 4552 ἠ
1085 4495 1341 4550 Βυζαντίων
1363 4494 1495 4550 πόλις
1517 4495 1572 4543 οὗ
1590 4502 1748 4557 χωρεῖ.

580 4564 711 4615 Idem
739 4577 785 4626 p.
811 4568 901 4620 633
916 4599 932 4623 ,
956 4566 994 4612 C
1025 4582 1037 4611 ε
1071 4566 1205 4613 Λέων
1235 4566 1262 4612 ὁ
1291 4564 1531 4620 Βυζάντιος
1544 4599 1558 4622 ,
1582 4565 1787 4623 εἰπόντος
1816 4566 2058 4617 Πασιάδου

515 4638 629 4696 πρὸς
653 4635 814 4694 αὐτὸν,
832 4633 1196 4695 ὀφθαλμισθῆναι
1224 4634 1282 4684 δι’
1304 4634 1448 4683 αὐτοῦ
1478 4634 1582 4688 τοὺς
1606 4634 1886 4698 ὀφθαλμοὺς,
1912 4635 2060 4685 ’Acoe-

516 4718 658 4760 νειαν,
693 4703 804 4765 ἔφη,
840 4703 1059 4763 σώματος
1091 4703 1345 4761 ὀνειδίζεις,
1377 4703 1562 4765 νέμεσιν
1589 4704 1677 4766 οὐχ
1710 4706 1827 4767 ὀρῶν
1860 4705 1934 4753 ἐπὶ
1966 4711 2059 4754 τῶν

517 4774 659 4832 ὠμων
692 4770 977 4832 βαστάζοντά
1002 4787 1092 4819 σου
1109 4772 1188 4822 τὸν
1213 4772 1314 4820 υἱόν
1331 4785 1343 4797 ·
1368 4772 1466 4833 εἶχε
1493 4774 1542 4820 δὲ
1570 4775 1733 4836 κυρτὸν
1761 4776 1789 4822 ό
1818 4774 2060 4831 Πασιάδης

516 4842 634 4888 υἱόν.
660 4836 1006 4902 [Ἆνθρώπινον,
1028 4842 1137 4903 ἔφη,
1164 4842 1306 4896 πάθος
1326 4842 1552 4901 ὀνειδίζεις
1568 4877 1582 4901 ,
1603 4844 1677 4891 ἐπὶ
1705 4850 1787 4905 τοῦ
1805 4846 1956 4895 νώτου
1979 4845 2056 4906 φέ-

519 4927 608 4971 ρων
631 4910 713 4957 τὴν
736 4912 935 4971 νέμεσιν,
952 4910 1077 4961 idem
1096 4924 1145 4973 p.
1169 4916 1246 4973 88,
1271 4911 1357 4973 R]

582 4979 714 5027 Idem
738 4980 833 5035 Vit.
867 4976 1012 5027 Niciae
1036 4974 1087 5028 οξ
1108 4986 1166 5029 22
1191 5000 1202 5029 :
1223 4982 1280 5029 Ὀ
1296 4979 1532 5035 Βυζάντιος
1544 4982 1695 5030 Λέων·
1705 4984 1804 5031 εἶπε
1822 4985 1931 5045 πρὸς
1954 4985 2058 5038 τοὺς

519 5051 686 5096 ἑαυτοῦ
711 5048 899 5102 πολίτας
915 5059 926 5069 ·
968 5067 990 5088 κ
1031 5050 1263 5111 Βούλομαι
1294 5052 1383 5112 γὰρ
1414 5053 1584 5111 μᾶὶλον
1622 5052 1694 5111 ὑφ’
1737 5056 1866 5113 ὑμῶν
1892 5055 1920 5109 ἢ
1956 5054 2067 5114 μεθ’«

518 5120 648 5177 ὑμῶν
664 5118 921 5166 ἀποθανεῖν,
950 5138 970 5156 u

2151 1038 2646 1098 Haus’rznnusms.
2699 1065 2723 1090 «
2775 1043 3041 1116 Suspicor
3065 1043 3283 1100 latitare
3311 1043 3527 1100 nomen‘
3551 1061 3722 1118 regns

2150 1124 2463 1202 Βηρισάδου.
2492 1152 2514 1176 ι
2539 1126 2972 1185 Βειιινπᾼιοῑυε.
3007 1129 3288 1201 Perbene;
3316 1144 3468 1187 certe
3481 1123 3720 1204 'optime

2148 1214 2259 1268 hoc
2301 1226 2695 1287 argumentum
2737 1216 2886 1271 eadit
2931 1218 2991 1270 in
3035 1227 3324 1272 auctorem
3368 1219 3712 1291 Byzantium

2155 1298 2336 1374 (Vide
2407 1300 2479 1355 de
2529 1301 2790 1357 Berisade
2834 1302 2934 1357 illo
2984 1304 3149 1357 Ponti
3188 1322 3323 1378 rege
3367 1305 3712 1360 Atheuaeum

2151 1388 2393 1460 vm,p.
2444 1376 2587 1460 349,
2622 1390 2705 1455 D;
2750 1388 3183 1444 Demosthenem
3217 1408 3279 1463 p.
3310 1389 3457 1459 6243
3491 1392 3716 1446 Dinar-

2152 1473 2319 1527 chum
2373 1492 2433 1546 p.
2480 1473 2582 1546 95,
2640 1473 2734 1531 36.
2781 1475 2851 1528 In
2888 1476 3071 1529 numis
3124 1485 3181 1530 et
3237 1477 3714 1550 inscriptionibus

2150 1577 2359 1614 nomen
2379 1571 2458 1615 est
2483 1559 2824 1639 Παιρισάδης.
2845 1563 2913 1619 V.
2936 1562 3167 1616 Boeckh.
3194 1563 3256 1620 G.
3279 1565 3327 1619 Ι.
3353 1565 3442 1633 11,
3464 1582 3528 1636 p.
3552 1581 3655 1636 9²·
3681 1563 3703 1637 )

2149 1638 2310 1701 Licet
2337 1654 2521 1701 tamen
2563 1648 2706 1702 tueri
2734 1648 3030 1701 lectionem
3071 1667 3133 1702 π.
3169 1647 3430 1720 Βησαίους
3455 1649 3702 1721 intelligi

2150 1742 2333 1801 potest
2376 1734 2647 1806 scriptum
2685 1736 2770 1794 De
2799 1734 3029 1788 oraculo
3061 1736 3240 1803 Besae,
3268 1735 3386 1791 deae
3421 1736 3709 1810 AEgyptiae

2155 1814 2247 1888 (de
2275 1837 2389 1890 quo
2424 1819 2550 1874 vide
2573 1821 2750 1874 vales.
2782 1819 2855 1874 ad
2878 1822 3159 1878 Ammian.
3184 1823 3496 1878 Marcellin.
3523 1822 3700 1888 xlx,
3773 1823 3783 1834 “

2158 1921 2226 1956 12
2252 1903 2304 1976 ),
2331 1923 2453 1977 quae
2491 1906 2551 1959 in
2590 1907 2724 1961 Besa
2749 1905 2892 1961 urbe
2923 1906 3156 1980 (postea
3187 1908 3558 1981 Antinoopoli
3595 1926 3703 1981 ap-

2149 1990 2352 2063 pellata
2378 1989 2482 2067 est)
2509 1992 2816 2048 colebatur.
2832 2021 2910 2035 --
2930 1990 3063 2072 Περὶ
3086 1990 3352 2063 στάσεων]
3381 2013 3500 2049 om.
3523 1996 3590 2051 Ε.
3620 2022 3704 2036 -

2151 2065 2293 2141 οὗτος
2311 2065 2438 2149 ἦν...
2463 2077 2662 2157 καιρῷ]
2685 2081 2994 2138 Fluxerunt
3019 2081 3141 2140 haec
3165 2100 3197 2136 e
3227 2081 3550 2141 Philostrat.
3580 2082 3700 2137 Vit.

2154 2163 2403 2236 Sophist.
2426 2166 2470 2232 1,
2503 2184 2627 2237 2,p.
2665 2164 2799 2229 485.
2829 2157 2899 2208 -ἷ
2923 2164 3032 2224 Καὶ
3056 2170 3149 2236 τῆς
3173 2162 3452 2244 πρεσὸείας
3471 2164 3701 2243 ἐκράτη-

2153 2248 2279 2325 σεν]
2318 2253 2508 2308 «Ήεεο
2539 2253 2902 2309 Philostratus
2939 2256 3189 2328 ignorat,
3231 2273 3356 2328 quae
3386 2256 3489 2310 sub
3529 2253 3700 2310 finem

2152 2338 2486 2398 narrationis
2525 2341 2771 2411 oportuit
2809 2342 3094 2397 collocari.
3139 2365 3165 2390 »
3213 2340 3585 2398 Bnannnnx.
3622 2374 3704 2383 —

2155 2420 2585 2502 Ἀποκρουόμενος
2641 2424 2759 2483 κτλ.
2793 2423 2816 2501 ]
2864 2424 3169 2481 Historiam
3220 2427 3454 2482 uberius
3508 2437 3704 2482 narrat

2156 2512 2458 2584 Hesychius
2505 2513 2747 2567 Milesius
2769 2515 2854 2568 De
2900 2513 3252 2573 constantin.
3299 2516 3474 2589 Origo
3504 2516 3539 2589 §
3588 2515 3663 2570 26
3681 2556 3697 2583 ,

2154 2615 2212 2670 p.
2252 2604 2326 2671 49
2354 2616 2435 2671 sq.
2478 2598 2562 2654 Cf.
2601 2599 2867 2672 Stephan.
2903 2600 3032 2672 Byz.
3076 2620 3130 2659 v,
3171 2595 3470 2678 Βόσπορος,
3501 2602 3703 2656 Eusta-

2153 2685 2300 2749 thius
2325 2684 2397 2739 ad
2417 2687 2648 2758 Dionys.
2671 2687 2798 2743 Per.
2836 2691 2944 2751 140
2975 2698 3118 2744 extr.

2233 2773 2359 2826 Jam
2407 2772 2453 2826 si
2491 2773 2595 2826 sub
2637 2790 2872 2828 examen
2919 2774 3204 2829 vocaveris
3249 2773 3515 2828 Suidiana
3551 2774 3704 2845 haec,

2153 2857 2312 2922 facile
2330 2859 2666 2916 intellexeris
2678 2862 2898 2915 misceri
2921 2862 3252 2936 incongrua.
3273 2859 3531 2915 Primum
3551 2864 3704 2917 enim

2151 2955 2303 3020 patet
2342 2946 2616 3001 Leontem
2657 2946 3051 3021 Byzantiorum
3097 2947 3471 3023 demagogum
3507 2961 3566 3003 et
3609 2970 3707 3006 so-

2149 3034 2419 3106 phistam,
2451 3034 2550 3105 qui
2576 3053 2724 3088 anno
2751 3033 2864 3100 340
2886 3053 2937 3096 a.
2958 3034 3023 3094 C.
3047 3036 3227 3091 -vitam
3248 3035 3550 3111 suspendio
3573 3035 3706 3092 fini·

2148 3119 2254 3187 vit,
2279 3117 2556 3174 diversum
2574 3120 2772 3175 esseab
2799 3139 2870 3176 eo
2896 3123 2996 3193 qui
3012 3139 3102 3179 res
3114 3122 3359 3195 Philippi
3376 3132 3433 3183 et
3459 3124 3706 3179 Alexan-

2150 3204 2241 3258 dri
2274 3204 2447 3259 literis
2466 3204 2717 3262 tradidit.
2743 3206 2836 3266 Ad
2866 3207 3246 3282 demagogum
3261 3210 3420 3265 illum
3450 3211 3704 3282 pertinet

2150 3291 2310 3345 Plato
2337 3293 2617 3364 magister,
2658 3295 2740 3347 uti
2769 3305 2925 3367 patet
2959 3313 2991 3350 e
3021 3295 3356 3350 Philostrato
3382 3297 3490 3353 Vit.
3515 3298 3701 3369 Soph.

2149 3379 2177 3431 1
2192 3419 2209 3446 ,
2233 3396 2288 3447 α,
2306 3396 2363 3450 p.
2388 3375 2501 3441 485
2524 3377 2628 3453 (ex
2647 3398 2764 3452 quo
2785 3381 3025 3436 hausisse
3044 3381 3241 3437 Suidas
3256 3381 3541 3455 putandus
3559 3380 3669 3459 est)
3687 3426 3704 3451 ,

2150 3465 2248 3537 qui
2283 3464 2542 3536 juvenem
2585 3466 2852 3522 Leontem
2887 3468 3123 3524 audiisse
3171 3469 3458 3524 Platonem
3503 3470 3701 3526 refert.

2149 3551 2309 3606 Idem
2332 3570 2403 3607 ex
2422 3553 2704 3608 Plutarchi
2727 3554 3000 3612 Phocion.
3022 3573 3073 3612 c.
3096 3560 3162 3620 τί,
3181 3564 3365 3629 patet,
3383 3556 3483 3609 ubi
3507 3573 3523 3612 τ
3549 3553 3702 3613 Λέων

2154 3636 2268 3714 (sic
2293 3640 2462 3697 scrib.
2499 3658 2605 3714 pro
2634 3660 2726 3715 vg.
2763 3636 2980 3718 Κλέων)
3010 3638 3141 3719 ἀνὴρ
3177 3637 3473 3708 Βυζαντίων
3497 3645 3705 3720 πρῶτος

2151 3724 2307 3802 ἀρετῇ
2341 3724 2538 3803 καὶῠτῷ
2566 3724 2816 3785 Φωκίωνι
2844 3727 3064 3802 γεγονὼς
3096 3727 3148 3785 ἐν
3181 3724 3500 3806 Ἀκαδημείᾳ
3539 3729 3704 3800 συνή-

2150 3813 2260 3880 θης.
2289 3813 2560 3884 Idemque
2588 3813 2742 3868 haud
2769 3814 2943 3869 dubie
2974 3824 3056 3869 est
3082 3833 3211 3870 cum
3236 3818 3449 3871 Leonte
3470 3817 3667 3872 Acade
3683 3850 3702 3861 -

2151 3900 2299 3954 mico
2334 3900 2705 3973 philosoph0‚
2737 3902 2829 3954 cui
2855 3902 3164 3974 Alcyonem
3187 3902 3474 3976 dialogum
3509 3904 3704 3961 Plato-

2150 3986 2338 4039 nicum
2373 3985 2733 4041 vindicabant
2777 3988 2965 4044 Nicias
3005 3988 3158 4061 apud
3205 3990 3534 4044 Athenaeum
3573 3991 3664 4053 XI
3681 4032 3697 4057 ,

2149 4089 2207 4144 p.
2247 4070 2389 4139 503,
2420 4073 2492 4141 C,
2524 4083 2580 4128 et
2601 4074 2916 4128 Favorinus
2947 4074 3102 4147 apud
3127 4077 3439 4149 Diogenem
3477 4078 3546 4133 1..
3577 4078 3696 4149 111,

2152 4158 2248 4215 62.
2270 4158 2440 4228 Quod
2469 4158 2677 4213 deinde
2708 4160 3061 4215 Aristotelem
3098 4161 3323 4229 attinet,
3360 4180 3477 4215 non
3511 4166 3702 4235 potuit

2151 4243 2196 4296 is
2231 4246 2461 4298 Leontis
2500 4245 2796 4320 demagogi
2832 4248 3094 4320 magister
3134 4266 3271 4304 esse.
3307 4249 3485 4322 Igitur
3523 4250 3696 4307 verba

2150 4328 2550 4406 περιπατητικὸς
2575 4342 2629 4386 et
2650 4329 2883 4404 μαθητὴς
2905 4329 3279 4409 Ἀριστοτέλους
3297 4334 3704 4408 simplicissime

2148 4416 2469 4477 referuntur
2494 4417 2566 4471 ad
2601 4418 2929 4473 historicum
2959 4431 3214 4474 nostrum
3233 4461 3249 4489 ‚
3285 4419 3382 4491 qui
3411 4421 3544 4473 item
3571 4420 3696 4489 fue-

2147 4502 2221 4563 rit
2247 4504 2557 4575 Byzantius.
2584 4503 2903 4576 (Frequens
2923 4506 3071 4559 enim
3099 4505 3254 4578 apud
3273 4507 3566 4578 Byzantios
3587 4526 3695 4570 no,-

2146 4607 2276 4656 men
2313 4572 2558 4645 Leontis.
2585 4590 2600 4665 )
2633 4593 2717 4646 De
2744 4591 2859 4646 vita
2885 4591 3000 4662 ejus
3026 4593 3166 4646 nihil
3194 4591 3460 4648 traditum
3474 4597 3696 4666 accepi·

2147 4694 2286 4730 mus.
2331 4678 2581 4738 Fortasse
2631 4689 2714 4732 est
2748 4680 2907 4731 Leon
2956 4674 3204 4737 Melaniae
3252 4689 3309 4733 et
3334 4679 3699 4739 Pancreontis

2147 4774 2336 4834 pater,
2380 4763 2537 4835 cujus
2587 4765 2644 4817 in
2693 4775 3018 4821 testamento
3054 4765 3444 4838 Theophrastae
3479 4769 3696 4821 mentio

2146 4848 2430 4923 fitmiog.
2460 4852 2527 4904 L.
2557 4853 2624 4917 V,
2657 4849 2794 4923 51).

2225 4937 2306 4989 Ex
2349 4936 2644 5008 operibus„
2681 4955 2803 5008 quae
2835 4937 2986 5009 apud
3021 4936 3247 4991 Suidam
3283 4949 3690 5001 memorantur,

2149 5021 2276 5076 libri
2300 5032 2508 5095 septeni
2553 5024 2637 5076 De
2672 5023 2815 5077 bello
2841 5025 2988 5095 quod
3012 5022 3309 5095 Philippus
3344 5035 3534 5077 comm
3567 5024 3688 5093 By-

2099 5098 2105 5153 Ῑ
2150 5113 2360 5179 {antias
2385 5115 2581 5179 gessit,
2619 5110 2744 5163 libri
2789 5111 2868 5162 De
2905 5110 3048 5165 bello
3074 5126 3232 5163 sacro
3256 5115 3369 5163 sire
3395 5109 3642 5165 Phocico
3659 5152 3679 5177 ‚
