4016 5916
1635 410 2132 473 FRAGMENTA.
3424 423 3495 475 85

268 549 673 632 συνεγράψατο,
703 548 755 616 ὃς
780 548 871 609 καὶ
899 547 1084 618 ἄλλους
1102 548 1383 629 Ἡρακλεῖς
1411 551 1605 629 ἱστορεῖ
1626 555 1845 628 γεγενῆ-

272 636 405 689 σθαι
430 634 587 691 ἑπτά.
618 632 831 687 Eadem
857 632 1142 689 Cedrenus
1160 652 1220 706 p.
1262 631 1352 701 18,
1384 633 1445 688 C.
1481 663 1557 675 —
1585 633 1847 688 Ceterum

270 722 399 775 haec
421 740 455 777 a
483 730 675 775 nostro
705 719 1010 774 Herodoro
1040 720 1220 774 aliena
1239 737 1352 774 esse
1372 719 1557 773 nullus
1573 717 1794 773 dubim.

1016 856 1112 915 25.

363 998 553 1055 Schol.
586 996 659 1053 ad
682 996 953 1072 Apollon.
984 995 1176 1052 Rhod.
1207 998 1292 1065 11,
1335 994 1445 1062 354
1483 1015 1497 1052 :
1524 994 1688 1074 Ἄκρα
1709 995 1846 1053 κατὰ

268 1083 376 1155 τὴν
394 1082 732 1164 Ἡράκλειαν,
757 1081 824 1154 ἣν
853 1079 1176 1162 Ἀχερούσιον
1199 1082 1445 1139 καλοῦσιν
1472 1082 1518 1141 οἱ
1548 1081 1840 1161 ἐπιχώριοι.

276 1170 579 1252 ἸΙρόδωρος
606 1168 661 1228 δὲ
683 1169 774 1229 καὶ
818 1169 1084 1251 Εὐφορίων
1117 1172 1169 1228 ἐν
1199 1171 1274 1248 τῷ
1304 1168 1477 1251 Ξενίῳ
1505 1169 1677 1250 ἐκείνῃ
1717 1169 1844 1250 φασὶ

264 1261 367 1318 τὸν
394 1256 566 1338 Rip&
631 1282 658 1316 ν
683 1260 910 1338 ἀνῆχθαι
935 1257 1034 1316 ὑπὸ
1054 1263 1146 1316 τοῦ
1170 1254 1525 1337 Ἡρακλέους,
1544 1257 1635 1316 καὶ
1660 1256 1846 1335 ἐμέσαι

260 1346 463 1427 χολήν·
494 1280 629 1417 ἓξὲξ

265 1430 508 1513 Ἄνδριον
531 1432 586 1491 δὲ
615 1445 723 1491 etc.
758 1431 844 1513 (y.
877 1434 948 1489 fr.
980 1433 1313 1511 Andronis).

358 1524 443 1580 Cf.
477 1523 671 1579 Schol.
715 1521 987 1578 Nicandr.
1026 1522 1284 1595 Alexiph.
1314 1540 1371 1575 v.
1412 1521 1478 1576 13
1515 1542 1527 1575 ε
1560 1518 1639 1580 Τὸ
1668 1518 1849 1577 ἀκόνι-

268 1608 365 1673 τόν
392 1630 551 1688 φασιν
571 1609 633 1666 ἔκ
655 1611 743 1666 τοῦ
773 1604 960 1683 ἐμέτου
978 1610 1069 1664 τοῦ
1102 1604 1368 1686 Κερὸέρου
1397 1610 1606 1685 φυῆναι·
1624 1609 1845 1686 ἱστορεῖ-

266 1719 365 1754 ται
390 1694 494 1775 γὰρ
512 1694 601 1754 τὸν
635 1692 896 1774 Κίρὸερον
921 1691 973 1761 ἐξ
997 1690 1120 1773 ᾅδου
1140 1691 1475 1772 ἀνενεχθέντα
1497 1692 1572 1770 μὴ
1598 1690 1847 1752 δύνασθαι

270 1783 688 1860 ὓπομεῖναι·τὰς
715 1779 880 1860 αὐγὰς
904 1785 992 1838 τοῦ
1023 1778 1173 1851 ἡλίου
1202 1779 1293 1838 καὶ
1326 1778 1512 1857 ἐμέσαι
1543 1781 1634 1838 καὶ
1662 1783 1721 1839 ἐκ
1755 1786 1843 1838 τοῦ

271 1870 465 1946 &gs-&ou
505 1868 743 1949 γενέσθαι
777 1866 875 1940 τὴν
907 1866 1150 1948 βοτάνην.
1189 1864 1414 1947 Ἀχέρων
1444 1866 1500 1926 δὲ
1529 1866 1764 1944 ποταμὸς
1793 1871 1845 1927 ἐν

270 1956 571 2037 ἹΙρακλεία
598 1960 666 2036 τῇ
692 1959 949 2035 Ποντικῇ,
979 1953 1099 2014 ἔνθα
1126 1953 1214 2013 τὸν
1237 1959 1325 2013 τοῦ
1347 1954 1515 2041 αᾈδου
1542 1957 1673 2013 κῦνα
1696 1958 1723 2013 ὁ
1748 1953 1842 2014 Ἦ-

272 2047 474 2126 ρακλῆς
506 2043 756 2123 ἐξήγαγε,
783 2044 875 2102 καὶ
904 2045 933 2101 ὁ
958 2040 1109 2123 λόφος
1140 2040 1392 2109 Ἀκόνιτος
1420 2042 1643 2120 λέγεται.

356 2137 574 2192 Collem
615 2136 783 2190 istum
828 2128 1040 2197 Ἀκόναις
1074 2132 1211 2188 dicit
1254 2135 1555 2188 Promotus
1594 2136 1698 2189 Ms.
1747 2152 1841 2207 ap.

276 2222 615 2279 Schneider.
658 2220 733 2276 ad
762 2218 1035 2277 Nicandri
1079 2220 1242 2279 Alex.
1288 2239 1348 2294 p.
1395 2220 1530 2277 623.
1584 2222 1720 2276 Aliis
1737 2263 1754 2289 ,
1782 2234 1847 2277 ut

280 2312 571 2386 Stephano
598 2312 748 2383 Byz„
777 2308 918 2364 urbs
944 2307 1153 2364 dicitur
1180 2304 1404 2366 Ἀκόναι.
1435 2311 1520 2364 De
1539 2310 1765 2363 aconito
1786 2328 1840 2363 v.

274 2401 433 2455 locos
459 2408 596 2455 vett.
626 2399 688 2452 in
730 2396 928 2471 Steph.
970 2396 1133 2454 TheS.
1181 2414 1224 2451 s.
1251 2415 1309 2451 v,
1357 2398 1445 2452 De
1481 2396 1727 2452 Cerbero
1773 2397 1845 2452 ad

276 2488 605 2543 Heracleam
633 2494 928 2558 protracto
958 2484 1029 2542 cs.
1057 2484 1282 2540 Diodor
1301 2485 1456 2553 XIV,
1485 2483 1581 2552 31,
1605 2483 1839 2556 Dionys,

280 2572 343 2629 P.
373 2572 517 2643 2288,
553 2572 751 2646 ibique
773 2571 1029 2629 Eustath.
1058 2581 1114 2626 et
1150 2570 1508 2644 Bernhardy,
1538 2571 1838 2644 Spanhem.

276 2661 347 2716 ad
362 2661 582 2718 Gallim.
609 2661 736 2716 Del.
765 2678 902 2733 291,
923 2659 1220 2715 Salmasius
1233 2659 1378 2713 Plin.
1402 2659 1602 2713 Exere.
1621 2675 1681 2732 p.
1705 2657 1838 2714 620.

276 2751 521 2804 Numum
550 2748 866 2816 Heracleae,
892 2747 953 2800 iu
979 2764 1095 2819 quo
1134 2746 1408 2801 Hercules
1433 2744 1743 2801 Cerberum
1771 2745 1845 2801 ad

264 2839 492 2893 *Cereris
516 2847 756 2892 statuam
783 2827 1024 2891 afferens
1042 2835 1314 2901 cernitur,
1334 2832 1508 2888 habes
1531 2850 1623 2906 ap.
1654 2833 1843 2889 Mion·

264 2938 384 2982 aet.
412 2927 483 2984 N.
520 2924 651 2981 160.
681 2923 904 2980 Eodem
931 2922 1173 2996 pertinet
1201 2922 1476 2979 Cerberus
1504 2921 1845 2978 Heracleen-

276 3018 415 3070 sium
435 3015 739 3070 donarium
751 3012 1027 3085 Olympiae
1041 3029 1134 3084 ap.
1152 3012 1389 3067 Pausan.
1415 3011 1483 3079 V,
1512 3008 1609 3078 26,
1625 3026 1679 3067 2.
1703 3010 1843 3067 Vide

280 3105 499 3159 Mfiller.
522 3104 661 3158 Dor.
691 3101 772 3169 11,
794 3118 860 3174 p.
884 3097 1019 3165 465.
1035 3098 1167 3154 coll.
1189 3099 1238 3167 1,
1264 3116 1327 3171 p.
1348 3104 1482 3167 410,
1498 3095 1683 3153 ubide
1701 3097 1842 3154 inte-

276 3193 429 3247 riore
444 3190 639 3246 sabulae
651 3189 874 3244 ratione
893 3187 1228 3260 disputatur.
1247 3188 1333 3241 Ex
1347 3185 1493 3241 sama
1505 3183 1577 3240 de
1590 3184 1844 3241 faucibus

270 3290 408 3345 Her.
444 3285 815 3343 infernalibus
840 3294 1018 3340 totam
1053 3284 1209 3339 illam
1242 3284 1533 3359 regionem
1559 3281 1843 3338 subterra-

278 3378 393 3431 neis
410 3376 635 3451 ignibus
651 3375 790 3429 olim
814 3372 1127 3447 expositam
1151 3370 1314 3426 fuisse
1340 3368 1569 3443 conjicit
1590 3370 1836 3427 Meinek.

277 3463 349 3518 ad
374 3464 636 3538 Euphor.
675 3462 877 3536 fragm.
913 3458 987 3515 28
1026 3458 1125 3535 (ex
1151 3459 1371 3529 Xeni0,
1403 3460 1463 3513 in
1498 3476 1615 3533 quo
1644 3458 1842 3515 Thesei

277 3561 331 3606 et
370 3549 613 3607 Pirithoi
655 3548 730 3605 ad
768 3548 980 3604 inferos
1020 3547 1345 3603 descensum
1387 3563 1635 3602 narrasse
1673 3559 1841 3621 poeta

270 3637 563 3713 videtur).
595 3636 678 3695 Cf.
709 3636 982 3712 Nymphis
1005 3642 1071 3692 fr.
1100 3655 1156 3691 2.

1021 3764 1114 3823 26.

352 3904 553 3960 Schol.
577 3904 855 3978 Sophocl.
878 3903 1141 3960 Trachin.
1171 3899 1282 3958 253
1310 3921 1323 3956 :
1347 3899 1572 3981 Πραθεὶς
1590 3899 1840 3982 Ὀμφάλῃ

272 3989 508 4048 ἐνιαυτὸν
532 3987 848 4067 ἕξίπλησεν]
877 3987 940 4048 Ὁ
969 3986 1025 4047 δὲ
1051 3985 1348 4069 Ἡρόδωρος
1371 3988 1521 4066 (libri
1542 3986 1837 4068 Ἡρόδοτος)
1866 4028 1870 4031 <

276 4078 395 4156 τρία
423 4077 517 4149 ἔτη
544 4075 685 4157 λέγει
715 4075 833 4154 (τὸν
872 4075 1101 4135 ἐνιαυτόν
1128 4077 1288 4133 addit
1315 4077 1447 4138 cod.
1474 4077 1573 4155 R.)
1592 4122 1608 4138 .
1648 4080 1841 4135 Trium

276 4185 557 4222 annorum
577 4162 810 4223 ἐνιαυτὸν
825 4166 1074 4242 intellige
1091 4175 1339 4222 veterem
1353 4166 1700 4222 trieteridem
1714 4169 1842 4224 Bac·

278 4255 523 4324 cbicam‚
540 4274 667 4328 quae
697 4254 919 4310 tertiam
941 4262 1160 4328 partem
1187 4253 1474 4308 constituit
1494 4252 1723 4325 majoris
1748 4272 1843 4328 cy-

648 1349 840 1427 ερυῆναι
864 1344 924 1403 τὸ
946 1345 1263 1422 χαλώμενον
1284 1344 1519 1402 ἀκόνιτον
1549 1343 1844 1424 φάρμακον.
1861 1350 1874 1364 ’

2669 566 2765 617 27.

2018 675 2357 749 Apollodor.
2401 674 2462 745 Ι,
2507 696 2573 751 9,
2629 697 2727 752 19,
2773 676 2805 733 5
2851 697 2865 732 ε
2910 675 3206 756 Ἡρόδωρος
3246 675 3301 736 δὲ
3344 678 3498 739 αὐτὸν

1940 758 2249 840 (Ἡρακλέα)
2276 761 2390 820 οὐδὲ
2412 760 2506 834 τὴν
2525 763 2693 841 ἀρχήν
2709 785 2836 843 φησι
2855 764 3081 821 πλεῖσαι
3099 762 3214 822 τότε
3238 766 3255 841 (
3268 787 3343 825 sc.
3366 767 3501 842 μετὰ

1936 852 2038 906 τῶν
2082 848 2460 930 Ἀργοναυτῶν)
2480 894 2497 923 ,
2544 850 2678 909 ἀλλὰ
2742 853 2871 930 παρ’
2916 850 3168 931 Ὀμφάλῃ
3223 853 3498 918 δουλεύειν.

2018 937 2179 995 Idem
2205 942 2289 1010 11,
2329 940 2364 997 6
2377 981 2398 1011 ,
2429 938 2494 1010 3,
2528 939 2561 996 5
2609 959 2623 994 :
2673 939 2809 997 Καθ’
2847 937 2904 995 δν
2948 936 3003 995 δὲ
3031 938 3215 1018 χρόνον
3257 939 3500 1022 ἐλάτρευε

1938 1023 2064 1104 παρ’
2083 1024 2359 1107 Ὀμφάλῃ,
2378 1023 2588 1104 λέγεται
2601 1023 2687 1083 τὸν
2712 1023 2800 1083 ἐπὶ
2817 1025 3052 1105 Κόλχους
3065 1027 3228 1085 πλοῦν
3242 1028 3499 1106 γενέσθαι,

1936 1111 2030 1172 καὶ
2065 1110 2161 1185 τὴν
2202 1117 2293 1171 τοῦ
2336 1111 2676 1173 Καλυδωνίου
2708 1111 2912 1190 κάπρου
2957 1111 3142 1193 θήραν,
3182 1115 3273 1173 καὶ
3311 1117 3499 1189 Θησέα

1937 1199 2357 1280 παραγενόμενον
2399 1202 2459 1259 ἐκ
2482 1204 2763 1282 Τροιζῆνος
2794 1203 2865 1269 εἰς
2893 1200 3101 1278 Ἰσθμὸν
3142 1208 3387 1285 καθᾶραι.
3422 1241 3502 1252 -

1938 1291 2022 1347 Cf.
2049 1290 2117 1347 sr.
2148 1291 2242 1350 38.

2015 1376 2240 1436 Servitii
2271 1391 2525 1455 tempore
2552 1390 2783 1455 peracto
2798 1422 2816 1451 ‚
2842 1379 3077 1453 Trojam
3105 1383 3373 1439 Hercules
3397 1386 3528 1468 ext--

1934 1478 2151 1542 pugnat
2160 1488 2176 1538 3
2197 1466 2404 1523 deinde
2427 1470 2507 1525 Co
2525 1469 2703 1525 insula
2722 1469 3031 1541 devastata,
3061 1470 3500 1546 Gigantibusque

1937 1553 2254 1624 debellatis,
2285 1554 2704 1628 expeditionem
2731 1558 2960 1631 suscipit
2990 1569 3186 1613 contra
3218 1562 3496 1635 Augeam,

1936 1643 2026 1696 cui
2052 1642 2394 1697 auxiliantur
2415 1642 2762 1699 Molionidae.

2674 1773 2768 1831 28.

2015 1901 2313 1957 Athenaeus
2339 1903 2426 1971 11,
2454 1922 2515 1977 p.
2540 1901 2638 1973 57,
2658 1905 2700 1959 F
2724 1926 2739 1959 z
2761 1902 2877 1961 Οὐκ
2898 1895 2956 1960 εὖ
2983 1901 3037 1961 δὲ
3062 1905 3297 1975 Νεοκλῆς
3323 1908 3501 1988 §xpo-

1934 1985 2189 2058 τωνιάτης
2212 1985 2309 2067 ἔφη
2323 2031 2338 2060 ,
2364 1986 2471 2046 ἀπὸ
2494 1993 2586 2060 τῆς
2605 1987 2824 2062 σελήνης
2838 1993 3015 2048 πεσεῖν
3035 1992 3096 2050 τὸ
3116 1992 3237 2072 ᾠὸν,
3257 1991 3308 2060 ἐξ
3327 1983 3387 2052 οὗ
3404 1995 3500 2065 τὴν

1934 2069 2158 2143 Ἑλένην
2181 2078 2507 2151 γεννηθῆναι·
2537 2075 2632 2143 τὰς
2657 2076 2759 2156 γὰρ
2788 2077 3111 2150 σεληνίτιδας
3130 2080 3378 2155 γυναῖκας
3398 2080 3499 2162 ᾠο-

1933 2167 2121 2233 τοκεῖν,
2146 2160 2236 2220 καὶ
2264 2160 2380 2230 τοὺς
2398 2164 2507 2221 ἐκεῖ
2532 2162 2882 2241 γεννωμένους
2908 2168 3500 2227 πεντεκαιδεκαπλασίο-

1932 2270 2024 2315 νας
2046 2251 2196 2324 ἡμῶν
2226 2239 2385 2323 εἶναι,
2413 2252 2483 2317 ὡς
2511 2249 2806 2332 Ἡρόδωρος
2830 2257 2858 2312 ὁ
2888 2252 3257 2334 Ἡρακλεώτης
3278 2258 3493 2336 ἱστορεῖ.

1931 2333 2144 2402 ΙἸὅυκος
2167 2333 2222 2394 δὲ
2252 2339 2306 2395 ἐν
2331 2335 2559 2420 πέμπτῳ
2589 2340 2762 2417 μελῶν
2787 2341 2908 2421 περὶ
2943 2344 3269 2403 Μολιονιδῶν
3293 2366 3437 2425 φησι·

2053 2462 2104 2519 Τ
2106 2458 2190 2526 ούς
2210 2482 2265 2518 τε
2287 2458 2602 2529 λευκίππους
2628 2461 2842 2544 κούρους
2913 2509 2920 2517 .

2051 2544 2207 2605 τέκνα
2232 2546 2491 2615 Μολιόνας
2517 2547 2705 2608 κτάνον

2057 2632 2239 2697 ἅλικας
2252 2679 2269 2707 ,
2297 2636 2663 2715 ἰσοκεφάλους,
2686 2637 2956 2716 ἑνιγυίους.

2055 2721 2373 2802 ἀμφοτέρους
2396 2726 2668 2801 γεγαῶτας
2693 2727 2745 2782 ἐν
2773 2726 2890 2806 ὠέῳ
2915 2725 3171 2807 ἀργυρέῳ.

1934 2858 2153 2912 Locum
2188 2857 2479 2913 Herodori
2512 2876 2582 2914 ex
2607 2859 3052 2916 Molionidarum
3076 2861 3309 2917 historia
3347 2865 3500 2936 peti-

1934 2954 2053 3001 tum
2077 2963 2191 3002 esse
2222 2964 2444 3003 censeo.
2475 2947 2772 3003 Mulierem
2799 2944 3096 3017 σεληνίτιδα
3128 2948 3268 3005 dixit
3293 2950 3499 3008 Molio-

1931 3050 2091 3102 nem,
2117 3034 2158 3089 i.
2187 3052 2245 3108 q.
2278 3030 2519 3105 σελήνην,
2542 3055 2574 3091 a
2593 3035 2773 3091 verbo
2799 3034 3000 3108 μολεῖν,
3029 3047 3094 3091 ut
3120 3030 3218 3093 Ἰω
3240 3037 3312 3091 ab
3344 3033 3495 3095 ἰέναι.

1930 3120 2257 3177 Molionidae
2302 3122 2629 3196 quindecies
2669 3122 2913 3195 majores
2955 3122 3185 3179 suerunt
3223 3126 3497 3197 Hercule,

1930 3209 2095 3264 sicuti
2120 3211 2538 3286 τετραπηχυαῗος
2571 3212 2847 3267 Hercules
2878 3230 3008 3266 cum
3030 3215 3226 3267 Antaeo
3257 3231 3497 3287 compo-

1931 3298 2085 3353 nitur
2105 3293 2628 3376 ἑξακονταπηχυαίῳ.
2654 3299 2874 3371 Quibus
2891 3301 3139 3355 numeris
3157 3299 3333 3357 alludi
3355 3312 3497 3374 puto

1931 3384 2003 3439 ad
2029 3385 2275 3441 rationes
2303 3404 2427 3459 quae
2456 3387 2625 3460 cyclis
2650 3395 2922 3459 quattuor
2938 3404 3218 3441 annorum
3245 3387 3490 3443 interce·
3569 3377 3576 3384 ’

1931 3472 2144 3529 debant
2183 3491 2312 3528 cum
2348 3474 2516 3546 cyclis
2558 3492 2840 3529 annorum
2875 3475 3181 3548 sexaginta.
3229 3476 3312 3529 Ac
3351 3473 3499 3530 bene

1930 3558 2246 3616 notandum
2270 3571 2378 3628 est,
2407 3560 2494 3615 his
2521 3561 2651 3634 ipsis
2669 3559 2997 3616 Molionidis
3028 3559 3258 3615 devictis
3280 3579 3496 3617 πενταε-

1930 3644 2115 3723 τηρίδα
2140 3647 2489 3720 Olympicam
2513 3648 2584 3702 ab
2605 3649 2849 3703 Hercule
2871 3648 3104 3702 institui.
3135 3647 3226 3703 Ad
3245 3648 3498 3704 chrono-

1931 3736 2170 3809 logicam
2197 3734 2399 3789 sabulae
2420 3732 2885 3810 significationem
2914 3744 3166 3808 spectant
3186 3737 3352 3791 etiam
3381 3746 3497 3792 tre-

1931 3823 2082 3878 centi
2114 3830 2169 3879 et
2187 3823 2474 3898 sexaginta
2501 3823 2610 3877 viri
2632 3822 2905 3891 Cleonaei,
2949 3824 3045 3894 qui
3073 3824 3305 3878 Herculi
3339 3826 3497 3878 auxi·

1930 3912 2127 3966 liantes
2153 3929 2185 3965 a
2212 3910 2540 3968 Molionidis
2567 3911 2844 3966 interfecti
2873 3921 2930 3965 et
2963 3912 3184 3966 Nemeae
3210 3911 3312 3982 (de
3341 3911 3498 3982 cujus

1932 3992 2090 4045 cultu
2118 3996 2186 4046 cf.
2209 3996 2276 4047 fir.
2325 3989 2417 4065 10⁸>
2445 3990 2667 4046 divinos
2700 3990 2949 4045 honores
2971 3989 3161 4062 adepti
3183 4001 3330 4044 sunt.
3356 3991 3498 4046 Vide

1933 4073 2131 4132 [Elian.
2163 4079 2230 4134 V.
2265 4079 2340 4132 H.
2371 4079 2466 4147 lv,
2506 4075 2573 4148 5,
2595 4077 2774 4133 schol.
2803 4075 2967 4132 Pind.
3000 4078 3090 4133 Ol.
3121 4077 3243 4147 XI,
3284 4096 3379 4152 29.
3407 4080 3495 4136 De

1930 4165 2151 4239 vulgari
2192 4165 2636 4223 Molionidarum
2675 4165 2908 4221 historia
2948 4184 3005 4220 v.
3053 4165 3385 4244 interpretes
3423 4166 3496 4222 ad

1932 4253 2271 4325 Apollodor.
2304 4255 2392 4322 Π,
2424 4273 2480 4325 7,
2516 4272 2571 4309 2.
2606 4252 2917 4326 Pherecyd.
2956 4252 3028 4307 fr.
3070 4251 3142 4308 36
3174 4263 3228 4308 et
3255 4272 3379 4326 quae
3424 4254 3499 4310 ad

282 4343 380 4410 cli,
418 4352 549 4398 ante
591 4352 812 4398 ceteros
853 4340 1086 4397 ἐνιαυτοῦ
1124 4342 1355 4395 nomine
1391 4341 1452 4395 in
1478 4339 1683 4395 sabulis
1711 4353 1840 4397 vett.
1930 4339 2336 4415 h.l.eongessit
2355 4341 2608 4415 Sturz.p.
2637 4339 3080 4410 178.Welckero
3104 4340 3177 4395 ad
3194 4338 3494 4397 Schwenk.

282 4431 647 4485 occurrentis.
676 4431 1013 4502 —Tempus
1029 4430 1113 4484 rei
1139 4424 1413 4503 significat
1436 4426 1838 4500 Apollodorus.
1935 4428 2467 4510 Etymol.'Ande11t.
2509 4446 2570 4501 p.
2620 4426 2729 4496 307
2779 4445 2862 4499 sq.
2913 4428 3358 4483 Molionidarum
3408 4428 3494 4483 sas

1003 4595 1093 4646 25.

338 4707 734 4757 promontorium
764 4707 839 4755 est
864 4719 1010 4769 prope
1044 4706 1321 4756 Heracleam
1356 4704 1491 4768 quod
1524 4704 1836 4756 Acherusium

272 4784 458 4836 dicunt.
488 4784 773 4837 Herodorus
792 4786 842 4835 et
867 4785 1143 4848 Euphorion
1169 4785 1219 4835 in
1251 4784 1405 4836 xenio
1428 4783 1597 4834 dicunt
1621 4784 1689 4834 ibi
1719 4786 1830 4835 Cer-

281 4863 445 4913 berum
485 4863 549 4913 ab
578 4861 791 4913 Hercule
818 4874 878 4911 ex
904 4861 1066 4913 inseris
1101 4861 1333 4913 eductum
1366 4874 1469 4912 esse
1495 4861 1727 4912 nobilem
1753 4873 1841 4912 vo·

278 4941 475 5003 mame,
498 4953 563 4991 ex
582 4951 684 5003 qua
708 4938 971 5002 aconitum,
996 4953 1107 5004 quoe
1128 4941 1332 4990 vocatur
1349 4939 1539 5002 planta,
1566 4941 1681 4989 nata
1700 4939 1778 4990 sit.

1006 5050 1094 5102 26.

337 5158 570 5208 Bet-mles
606 5155 835 5208 venditus
868 5156 1115 5220 omphalae
1146 5157 1311 5208 serviit
1337 5171 1423 5221 per
1453 5157 1601 5209 trium
1637 5158 1845 5223 spatium

272 5246 531 5287 annorum.

2656 4597 2724 4646 27
2733 4633 2745 4645 .

1994 4679 2251 4728 Herculem
2272 4677 2550 4728 Herodorus
2566 4678 2763 4727 omnino
2781 4691 2879 4728 non
2910 4691 3025 4728 eum
3049 4680 3335 4742 Argonautis
3364 4681 3496 4731 navi-

1927 4768 2079 4818 gasse,
2104 4754 2189 4805 sed
2211 4769 2269 4806 eo
2283 4758 2502 4820 tempore
2522 4754 2652 4817 apud
2681 4756 2949 4819 Omphalen
2973 4757 3256 4807 servitutem
3278 4758 3495 4809 serviisse

1930 4833 2156 4882 affirmat.

2653 4914 2743 4965 28.

1998 4999 2224 5062 imperite
2241 4998 2442 5050 Neocles
2459 4998 2739 5050 Crotoniata
2759 4997 2875 5049 dicit
2893 5012 2921 5048 e
2939 4999 3052 5048 luna
3070 4998 3300 5050 decidiaee
3316 5011 3462 5049 ovum
3477 5037 3491 5062 ‚

1931 5091 1959 5127 e
1991 5092 2091 5141 quo
2125 5083 2239 5130 nata
2262 5080 2441 5130 Helena
2469 5080 2561 5142 sit3
2588 5079 2780 5130 lunares
2805 5083 2936 5130 enim
2971 5079 3172 5130 feminas
3207 5092 3300 5130 ova
3325 5091 3492 5143 parere

1933 5159 1985 5207 et
2008 5170 2123 5219 quae
2159 5157 2225 5207 ibi
2256 5158 2543 5221 generentur
2583 5156 2904 5221 quindecuplo
2939 5155 3147 5220 maiores
3181 5169 3284 5208 ense
3319 5157 3459 5208 nobis
3473 5194 3493 5220 ,

1934 5237 2053 5286 teste
2078 5235 2322 5287 Hei-odoro
2347 5235 2671 5287 Heracleense.

3243 5328 3283 5366 a.
