4016 5916
1037 413 2042 555 CLEARCHUS
2129 409 2969 546 SOLENSIS.

503 870 800 927 Clearchus
824 866 890 942 (⁶)
918 868 1160 941 patriam
1180 866 1380 920 habuit
1407 865 1568 920 Solos
1586 904 1602 933 ,
1631 881 1749 917 non
1767 861 1972 917 Ciliciae
2069 856 2218 933 [16.
2267 853 2401 932 Περὶ
2423 854 2585 932 ᾠῶνῖ
2612 855 2689 912 fr.
2715 860 2784 924 74
2809 851 2876 929 3]

422 960 576 1014 1113111
610 957 709 1012 sed
745 956 917 1029 Cypri
952 955 1184 1022 urbem,
1226 954 1311 1008 uti
1348 953 1462 1026 ipse
1503 962 1701 1006 auctor
1730 948 1976 1004 declarat
2088 943 2109 1020 [
2139 962 2228 1014 17.
2269 941 2509 1010 Τακτική
2536 942 2607 997 sr.
2645 940 2786 1017 75.]

425 1046 497 1100 fr.
524 1043 596 1100 25
617 1084 631 1112 ,
656 1043 754 1098 ubi
786 1041 858 1096 de
886 1040 1053 1114 Cypri
1067 1039 1274 1114 regulis
1296 1038 1534 1110 loquens
1552 1038 1753 1091 iterum
1778 1052 1842 1089 ac
1870 1052 1973 1088 sae·

2143 1057 2362 1130 Scripta
2414 1074 2661 1129 quorum
2727 1055 2919 1110 titulos
2961 1054 3325 1136 ignoramus,
3381 1055 3513 1112 vide
3566 1057 3631 1112 111

426 1133 555 1205 pius
583 1132 760 1185 utitur
780 1127 973 1183 verbi&
993 1123 1120 1205 ‘mh'
1141 1124 1292 1200 ἡμῖν·
1323 1123 1491 1196 cujus
1526 1125 1639 1177 Vim
1675 1121 1975 1178 testifflfflffi
2064 1143 2135 1201 fr.
2171 1143 2242 1214 76
2271 1161 2396 1216 sqq.
2427 1142 2512 1199 cf.
2539 1152 2662 1199 not.
2699 1142 2772 1197 ad
2802 1141 2871 1199 sr.
2900 1146 2972 1207 44
3003 1159 3055 1196 3.

427 1237 544 1273 11011
563 1228 683 1273 erat
702 1235 804 1272 cur
826 1215 1182 1271 addubitaret
1198 1214 1251 1268 J.
1270 1214 1333 1271 B.
1352 1215 1631 1270 Veri-aeri.
1651 1212 1707 1264 in
1721 1208 1976 1266 Diatribe

425 1305 740 1382 inaugurali
769 1303 840 1359 de
879 1302 1149 1360 Clearcho
1177 1300 1392 1357 Solensi
1433 1298 1715 1374 (Gandavi
1752 1294 1937 1370 1828)
1957 1336 1973 1364 ,

429 1412 491 1467 p.
524 1399 590 1463 4,
633 1403 935 1467 propterea
978 1389 1139 1463 quod
1178 1388 1475 1445 Clearchus
1517 1387 1733 1460 ubique
1784 1380 1978 1448 Σολεὺς

425 1482 767 1554 appellatur,
794 1480 1075 1551 Diogenes
1090 1477 1343 1533 Laertius
1374 1474 1449 1550 (Ι,
1480 1472 1547 1530 51
1581 1474 1598 1546 )
1628 1492 1767 1529 vero
1794 1472 1933 1528 dicit
1960 1488 1974 1526 1

430 1564 538 1623 Καὶ
572 1562 697 1621 εἰσὶν
724 1565 771 1620 οἱ
797 1559 890 1639 μὲν
919 1564 1055 1618 ἔνθεν
1085 1561 1185 1636 (50.
1222 1580 1290 1617 ex
1324 1562 1468 1616 urbe
1506 1555 1749 1634 Ciliciae)
1780 1557 1977 1628 Σολεῖς,

428 1654 475 1709 οἱ
512 1651 557 1708 δ’
583 1648 689 1708 ἀπὸ
718 1649 932 1728 Κύπρου
954 1646 1152 1707 Σόλιοι.
1182 1646 1472 1721 Ejusmodi
1491 1648 1641 1702 enim
1668 1646 1977 1702 distinctio-

424 1759 527 1796 nes
589 1756 974 1813 saepenumero
1037 1747 1165 1792 sunt
1226 1737 1415 1791 inania
1484 1734 1981 1809 grammaticorum

428 1837 777 1895 commenta,
807 1837 864 1881 et
883 1824 1039 1899 quod
1068 1822 1142 1878 ad
1169 1821 1345 1878 modo
1372 1830 1741 1878 memoratam
1764 1821 1979 1890 attinet,

431 1926 623 1991 aperte
661 1915 905 1988 Diogeni
943 1911 1259 1986 refragatur
1301 1909 1614 1984 Stephanus
1654 1909 1979 1981 Byzantius,

430 2005 530 2077 qui
559 2003 631 2058 de
650 2003 794 2058 Solis
821 2001 1026 2060 Ciliciae
1053 2016 1366 2054 sermonem
1398 1997 1603 2052 faciens
1623 1996 1702 2052 ait
1732 2013 1746 2050 1
1778 1995 1807 2050 ὅ
1826 1990 1981 2049 πολί-

428 2111 523 2159 της
545 2087 738 2153 Σολεὺς
760 2086 851 2145 καὶ
881 2084 1087 2151 Σόλιος.
1117 2117 1198 2127 -
1223 2085 1492 2159 Magistro
1521 2083 1819 2140 Clearchus
1854 2100 1984 2138 usus

426 2188 509 2232 est
531 2176 856 2243 Aristotele,
878 2172 1037 2248 quod
1064 2183 1183 2228 tum
1207 2171 1326 2226 aliis
1344 2171 1482 2225 locis
1505 2169 1842 2239 declaratur,
1865 2179 1981 2224 tum

424 2280 565 2317 vero
589 2261 656 2316 fr.
688 2259 760 2327 46
787 2279 854 2315 ex
884 2259 1152 2317 Athenaeo
1184 2276 1244 2332 p.
1291 2256 1633 2331 7ox,C,tibi
1665 2274 1679 2312 ε
1714 2251 1985 2333 Κλέαρχος

429 2349 458 2404 δ
483 2345 676 2413 Σολὲὺς
704 2344 906 2412 οὐδενὸς
931 2342 1165 2424 δεύτερος
1184 2345 1285 2400 τῶν
1310 2346 1399 2400 τοῦ
1422 2345 1579 2421 σοφοῦ
1598 2339 1985 2421 Ἀριστοτέλους

430 2434 692 2507 μαθητῶν,
722 2445 778 2489 01
803 2434 998 2509 fragm.
1023 2433 1131 2505 69,
1151 2432 1253 2486 ubi
1278 2432 1310 2486 J
1314 2430 1552 2504 osephus
1575 2429 1712 2485 dicit
1738 2448 1753 2484 :
1782 2424 1984 2505 Κλέαρ·

430 2541 522 2597 χος
549 2523 577 2578 ὁ
600 2517 977 2598 Ἀριστοτέλους
1009 2516 1079 2575 ὧν
1106 2514 1342 2593 μαθητὴς
1370 2515 1459 2574 καὶ
1486 2518 1590 2574 τῶν
1616 2517 1676 2574 ἐκ
1697 2514 1984 2594 περιπάτου

431 2603 719 2685 φιλοσόφων
750 2603 950 2671 οὐδενὸς
973 2603 1223 2683 δεύτερος.
1249 2607 1520 2661 Praeterea
1551 2604 1622 2660 de
1648 2606 1763 2661 vita
1791 2604 1985 2661 Clear-

426 2696 522 2749 chi
574 2694 715 2748 nihil
758 2704 992 2750 constat.
1025 2723 1101 2736 —
1133 2694 1351 2766 Scripta
1399 2692 1653 2747 Clearchi
1687 2691 1986 2747 laudantur

428 2781 545 2835 haec
579 2800 592 2835 :

518 2903 569 2938 1.
599 2879 740 2952 Βίοι,
770 2883 926 2937 libris
951 2884 1246 2938 minimum
1272 2884 1436 2953 VIII,
1464 2882 1535 2938 fr.
1575 2889 1784 2949 1—24.

553 3013 567 3028 .
611 2967 871 3045 Γεργίθιος
903 2970 1019 3045 (Βο
1046 2967 1506 3049 adulatoribus),
1532 2970 1602 3027 fr.
1638 2970 1735 3029 25.
1768 2971 1859 3028 26.

556 3096 570 3110 .
618 3053 749 3132 Περὶ
777 3053 978 3135 φιλίας,
1002 3056 1101 3115 lib.
1137 3058 1275 3114 min.
1308 3058 1400 3129 11,
1425 3058 1496 3111 sr.
1533 3056 1628 3113 30.
1663 3057 1757 3113 31.

557 3184 569 3197 .
614 3138 908 3219 Ἐρωτικᾶ,
936 3143 1036 3198 lib.
1066 3145 1202 3198 min.
1236 3146 1320 3212 11,
1353 3143 1422 3201 sr.
1453 3143 1704 3211 32—42.

556 3270 569 3283 .
620 3225 899 3294 Πλάτωνος
921 3224 1201 3305 ἐγκώμιον,
1232 3230 1303 3285 fr.
1335 3230 1430 3296 43.

557 3360 571 3373 .
620 3314 754 3390 Περὶ
782 3317 885 3373 τῶν
915 3317 966 3374 ἐν
1004 3318 1069 3396 τῇ
1113 3314 1395 3381 Πλάτωνος
1424 3313 1658 3396 πολιτείᾳ
1688 3320 1984 3392 μαθηματι-

670 3404 772 3468 κῶς
814 3400 1127 3480 εἰρημένων,
1155 3404 1224 3463 sr.
1254 3410 1347 3469 44.

517 3512 569 3560 7.
604 3488 1018 3568 Ἄρκεσιλᾶς,1“1·.
1057 3497 1128 3558 44
1151 3510 1202 3550 a.

515 3578 570 3636 8.
618 3575 748 3656 Περὶ
775 3579 1067 3654 παροιμιῶν
1094 3579 1195 3634 lib.
1232 3582 1318 3648 ΙΙ,
1345 3581 1414 3636 sr.
1448 3579 1702 3647 45-60,

515 3683 573 3737 9.
623 3660 755 3742 Περὶ
780 3663 976 3740 γρίφων
1010 3667 1111 3725 lib.
1146 3668 1236 3736 ΙΙ,
1268 3667 1337 3722 sr.
1371 3664 1625 3722 61—68.

480 3769 569 3808 10.
619 3747 750 3829 Περὶ
777 3748 965 3823 ὕπνου,
991 3753 1090 3808 lib.
1117 3756 1250 3808 min.
1276 3755 1360 3821 11,
1387 3753 1460 3812 fr.
1487 3753 1583 3829 69.

479 3856 501 3891 1
521 3856 569 3893 1.
619 3834 751 3914 Περὶ
776 3834 993 3916 νάρκης,
1022 3840 1089 3898 fr.
1116 3859 1210 3911 70.

484 3943 571 3982 12.
620 3921 752 4001 Περὶ
776 3928 1022 3996 πανικοῦ,
1052 3926 1120 3983 sr.
1154 3945 1246 3997 71.

484 4011 570 4069 13.
619 4009 752 4089 Περὶ
780 4011 1057 4083 σκελετῶν,
1086 4012 1187 4071 lib.
1220 4015 1361 4072 min.
1398 4014 1485 4084 11,
1513 4013 1582 4072 sr.
1612 4033 1704 4084 72.

483 4104 570 4162 14.
618 4095 753 4176 Περὶ
780 4100 884 4156 τῶν
904 4096 1151 4176 ἐνύδρων,
1182 4100 1251 4159 fr.
1283 4099 1370 4172 73.

374 4250 377 4255 μ
484 4182 572 4241 15.
619 4180 753 4262 Περὶ
777 4185 947 4256 θινῶν,
974 4185 1044 4243 fr.
1078 4193 1174 4256 74.

513 2990 548 3372 &mat-*929

497 4330 562 4391 (·)
603 4328 978 4393 Distinguendus
998 4345 1027 4380 a
1046 4335 1211 4382 nostro
1229 4333 1458 4383 clearcho
1479 4335 1552 4383 051
1571 4332 1831 4383 clearchus
1844 4331 1988 4381 comi·

434 4411 547 4458 cus,
571 4411 716 4461 quem
735 4400 958 4450 novimus
978 4414 1041 4451 ex
1054 4402 1283 4452 Athenaeo
1298 4405 1362 4453 Vl
1377 4439 1391 4464 ‚
1414 4416 1462 4468 p.
1485 4409 1594 4465 218,
1620 4405 1685 4464 Β;
1710 4405 1794 4463 111,
1813 4415 1863 4465 p.
1880 4409 1985 4463 109,

436 4470 496 4529 D;
512 4471 595 4527 vl,
611 4481 658 4531 p.
683 4475 792 4531 258,
813 4471 880 4530 Β,
901 4473 962 4531 Χ,
981 4484 1030 4533 p.
1054 4476 1161 4534 420,
1182 4474 1252 4535 D3
1271 4475 1404 4535 vill,
1424 4485 1472 4536 p.
1493 4476 1603 4533 364,
1625 4475 1688 4533 F;
1706 4475 1793 4534 111,
1810 4485 1859 4543 p:
1882 4477 1986 4534 107,

439 4541 690 4602 E31x,p.
713 4544 822 4601 381,
845 4543 910 4601 Ε,
939 4545 987 4604 Ι,
1020 4555 1067 4605 p.
1099 4550 1146 4604 5,
1176 4545 1238 4605 F;
1262 4542 1461 4593 Bekkeri
1481 4542 1659 4594 Anecd.
1682 4555 1732 4605 p.
1763 4547 1900 4593 1208.
1924 4545 1985 4592 V.

436 4607 640 4658 Meinek.
682 4611 867 4671 Fragm.
889 4613 1028 4661 Com.
1060 4615 1113 4672 l,
1133 4626 1182 4676 p.
1211 4618 1302 4664 490
1325 4616 1376 4663 et
1398 4616 1484 4674 lv,
1513 4626 1560 4675 p.
1591 4619 1698 4663 ⁵⁶2.
1721 4638 1786 4650 —
1810 4613 1985 4662 Clear-

435 4675 562 4724 chus
585 4675 777 4743 rhetor,
807 4678 891 4740 qui
917 4679 1033 4729 olim
1056 4681 1294 4731 citabatur
1308 4694 1373 4731 ex
1402 4682 1580 4732 Rutilio
1608 4684 1741 4744 Lupo
1770 4681 1897 4742 init„
1916 4683 1989 4730 est

444 4744 737 4795 Cleon-hares
750 4781 766 4806 ,
801 4750 1027 4799 mouente
1070 4751 1370 4801 Rulmlieuio.
1402 4774 1466 4789 -
1512 4751 1818 4812 Clearchus,
1842 4763 1989 4813 quem

434 4814 661 4865 Clemens
678 4815 813 4865 Alex.
847 4820 1024 4869 strom.
1052 4826 1065 4870 1
1087 4832 1163 4883 ,p.
1190 4828 1243 4870 13
1266 4821 1313 4870 111
1335 4819 1628 4871 Milesiorum
1648 4820 1895 4884 Didymaeo
1912 4834 1989 4871 se·

438 4882 628 4943 pultum
641 4883 774 4945 dicit,
794 4899 951 4950 neque
963 4891 1223 4941 statuarius
1240 4903 1396 4954 neque
1415 4891 1618 4955 scriptor
1635 4893 1734 4955 est,
1760 4891 1828 4941 uti
1848 4896 1989 4955 puta·

439 4955 571 5014 runt,
594 4953 676 5003 sed
694 4960 918 5019 corrupta
935 4972 1061 5020 1011,
1080 4960 1169 5024 legi
1182 4960 1324 5011 debet
1342 4960 1546 5025 Κλέοχος
1563 4998 1578 5021 ‚
1607 4962 1679 5012 1111
1701 4961 1908 5011 monebo
1928 4962 1992 5011 ad

438 5022 686 5072 Moeandrii
723 5023 891 5087 fragm.
931 5032 976 5076 5.
1014 5027 1242 5090 Reliquos
1276 5029 1493 5079 homines
1507 5067 1523 5092 ,
1554 5030 1731 5093 quibus
1773 5026 1991 5080 Clean-chi

2145 1232 2302 1285 Inter
2330 1247 2534 1302 opera,
2559 1247 2682 1302 quae
2702 1227 2878 1283 modo
2907 1229 3314 1298 recensuimus,
3345 1247 3416 1285 ne
3444 1248 3629 1286 unum

2066 1318 2297 1392 quidem
2338 1328 2420 1372 est
2467 1316 2628 1390 quod
2671 1317 3002 1372 historicum
3038 1315 3168 1387 jure
3224 1315 3413 1373 dicere
3473 1317 3626 1374 licet.

2068 1406 2286 1479 Quodsi
2317 1406 2681 1461 nihilominus
2708 1405 2977 1462 Clearcho
3008 1404 3200 1460 locum
3230 1405 3289 1458 in
3315 1404 3427 1460 hoc
3459 1404 3628 1460 volu·

2068 1495 2217 1550 mine
2250 1494 2651 1563 concessimus,
2677 1493 2759 1549 ita
2796 1503 2982 1548 tamen
3018 1501 3084 1546 ut
3121 1493 3462 1565 paucissimis
3500 1512 3628 1550 rem

2069 1581 2508 1649 absolveremus,
2554 1580 2734 1635 movit
2772 1597 2876 1634 nos
2919 1576 3078 1652 quod
3120 1588 3319 1634 auctor
3360 1580 3420 1634 in
3461 1579 3626 1634 libris

2070 1685 2199 1741 quae
2233 1665 2308 1723 ad
2346 1666 2758 1741 philosophiam
2786 1666 3056 1721 moralem
3090 1666 3376 1738 pertinent
3409 1664 3630 1722 doctri-

2070 1774 2201 1811 nam
2236 1772 2393 1809 suam
2423 1754 2728 1828 largissima
2756 1753 3145 1827 exemplorum
3172 1770 3241 1809 ex
3267 1752 3497 1810 historia
3522 1773 3627 1828 pe·

2072 1844 2305 1898 titorum
2323 1841 2490 1915 copia
2503 1841 2800 1897 illustravit
2819 1850 2989 1914 atque
3003 1839 3186 1912 major
3205 1858 3336 1914 pars
3349 1839 3626 1916 fragmen-

2073 1938 2261 1984 torum
2287 1930 2439 1984 istius
2457 1929 2612 1984 modi
2634 1929 2901 2002 exemplis
2927 1927 3251 1983 absumitur.

2151 2017 2495 2072 Historicum
2519 2015 2749 2089 quidem
2779 2033 2922 2090 opus
2950 2033 3066 2070 0550
3097 2014 3268 2069 videri
3296 2017 3470 2089 possit
3495 2018 3630 2090 plu·

2072 2104 2340 2177 rimisque
2363 2121 2477 2159 esse
2505 2105 2686 2159 visum
2721 2114 2802 2159 est
2832 2101 3003 2172 illud,
3035 2101 3195 2175 quod
3221 2098 3337 2160 Βίοι
3365 2104 3456 2159 vel
3489 2100 3627 2181 Περὶ

2076 2186 2200 2265 βίων
2222 2191 2564 2273 inscribitur.
2588 2193 2711 2263 Qua
2732 2191 2788 2244 in
2811 2192 3084 2246 sententia
3095 2191 3261 2246 etiam
3280 2193 3630 2248 Verraertius

2071 2280 2312 2351 perstitit
2339 2298 2395 2353 p.
2433 2277 2539 2335 115
2574 2297 2590 2334 :
2629 2303 2653 2328 ιι
2698 2278 2814 2334 Ubi
2841 2277 2971 2333 dico
2991 2318 3007 2346 ,
3038 2277 3251 2351 inquit,
3289 2276 3625 2336 Clearchum

2077 2363 2209 2443 Περὶ
2238 2363 2363 2444 βίων
2390 2368 2696 2442 scripsisse,
2728 2366 2838 2422 1100
2857 2384 2976 2420 11011
2999 2366 3074 2421 113
3104 2365 3498 2438 accipiendum
3516 2378 3621 2438 oet,

2075 2472 2138 2510 ac
2165 2455 2209 2509 si
2234 2456 2533 2529 scripsisset
2559 2454 2631 2511 de
2661 2454 2891 2509 diversis
2911 2453 3036 2509 vitoe
3060 2453 3358 2528 generibus
3375 2495 3391 2523 ‚
3422 2456 3622 2531 (lamp-›3-

2075 2543 2248 2611 τικοῦ,
2272 2546 2581 2618 πρακτικοῦ,
2605 2540 2843 2612 ἡδονικοῦ
2859 2581 2877 2611 ,
2907 2540 3006 2597 sed
3034 2559 3164 2597 eum
3184 2542 3459 2617 scripsisse
3484 2562 3630 2617 opus

2076 2629 2431 2701 historicum,
2480 2626 2621 2706 βίους
2654 2627 2874 2708 ἀνδρῶν.
2925 2652 2949 2679 υ
2993 2628 3165 2700 Quod
3209 2647 3380 2702 quam
3417 2641 3628 2687 temere

2076 2718 2290 2773 dictum
2317 2719 2419 2786 sit,
2460 2716 2668 2774 docent
2703 2718 3045 2792 fragmenta,
3094 2735 3218 2790 quae
3248 2716 3324 2773 ad
3365 2718 3627 2774 ordinem

2077 2804 2357 2877 quendam
2384 2805 2715 2860 historicum
2749 2806 2865 2860 sive
2891 2805 3144 2859 virorum
3173 2804 3287 2859 sive
3315 2805 3481 2860 etiam
3514 2823 3628 2878 po-

2074 2893 2345 2968 pulorum
2395 2910 2661 2948 revocare
2724 2892 2928 2949 frustra
2974 2893 3292 2948 tentaveris.
3346 2894 3628 2949 Nimirum

2076 3000 2107 3037 e
2149 2981 2298 3037 libro
2321 2986 2514 3057 primo
2557 2982 2705 3037 inter
2744 2981 2852 3037 alia
2889 2999 3073 3036 sermo
3110 2988 3229 3036 erat
3267 2981 3339 3036 de
3373 2983 3629 3055 parasitis

2077 3067 2167 3142 (fr.
2190 3066 2262 3144 1),
2282 3087 2353 3124 ex
2368 3069 2605 3124 secundo
2623 3067 2856 3124 affertur
2875 3067 3135 3123 Euxithei
3152 3068 3487 3142 Pythagorei
3504 3086 3626 3123 sen·

2077 3156 2248 3211 tentia
2267 3154 2336 3212 de
2352 3156 2535 3212 anima
2553 3174 2734 3230 poenae
2749 3174 2911 3213 causa
2935 3154 3166 3228 corpori
3188 3154 3242 3209 ἐν
3261 3153 3336 3232 τῷ
3360 3152 3509 3231 δεῦρο
3527 3152 3616 3234 βίᾳ

2075 3242 2287 3318 illigata
2322 3242 2508 3316 deque
2551 3244 2666 3299 vita
2692 3261 2870 3316 usque
2907 3242 2980 3298 ad
3007 3240 3318 3296 naturalem
3358 3240 3474 3313 ejus
3499 3244 3625 3298 exi-

2076 3340 2198 3385 tum
2219 3329 2516 3387 toleranda
2538 3330 2626 3405 (fr.
2660 3330 2748 3406 α).
2780 3331 3034 3386 Alterum
3061 3329 3324 3402 ejuslibri
3347 3329 3626 3405 fragmen·

2077 3429 2196 3472 tum
2224 3428 2305 3473 est
2331 3417 2402 3474 de
2430 3417 2866 3475 Lacedaemoniis
2894 3416 3090 3491 priscae
3113 3417 3239 3472 vitae
3272 3412 3465 3490 κόσμον
3495 3437 3628 3472 011111

2076 3506 2265 3560 enervi
2288 3506 2734 3579 permutantibus
2747 3505 2982 3561 mollitie
2998 3522 3062 3560 ac
3078 3504 3318 3559 luxuria.
3334 3506 3401 3559 In
3420 3505 3626 3560 eodem

2076 3602 2408 3668 argumento
2437 3603 2729 3647 versantur
2756 3610 2879 3665 quae
2907 3610 2938 3647 e
2971 3591 3329 3665 sequentibus
3357 3591 3513 3647 libris
3538 3611 3626 3647 su·

2075 3691 2327 3752 persunt.
2345 3682 2486 3739 Nam
2498 3699 2528 3737 e
2548 3680 2696 3736 libro
2711 3684 2866 3735 tertio
2885 3678 3146 3734 laudatur
3161 3679 3528 3753 fragmentum
3551 3680 3625 3736 de

2075 3766 2371 3823 Parrhasio
2391 3769 2621 3841 aliisque
2636 3768 2790 3823 luxui
2814 3765 3019 3821 deditis
3039 3763 3129 3843 (fr.
3160 3764 3231 3839 4),
3254 3766 3401 3821 libro
3422 3780 3622 3839 quarto

2077 3855 2261 3928 agitur
2281 3851 2401 3932 περὶ
2427 3857 2624 3934 τρυφῆς
2649 3853 2978 3923 Medorum,
3015 3853 3301 3927 Lydorum
3318 3893 3333 3921 ,
3373 3854 3619 3908 Milesio·

2074 3957 2230 4009 rum,
2253 3941 2769 4016 Colophoniorum,
2794 3941 3148 4014 Scytharum,
3171 3940 3618 4011 Tarentinorum,

2074 4027 2328 4101 Dionysii
2344 4027 2586 4101 junioris
2615 4029 2702 4103 (fr.
2731 4026 2976 4103 5—10);
3003 4028 3151 4083 libro
3172 4032 3354 4101 quinto
3378 4025 3447 4081 de
3465 4046 3622 4083 men·

2073 4115 2144 4170 sis
2155 4117 2354 4172 Siculis
2374 4119 2709 4191 sumptuosis
2733 4117 2819 4190 (fr.
2856 4136 2878 4172 1
2895 4118 2982 4190 1),
3006 4116 3078 4172 de
3101 4116 3392 4173 Cantabari
3423 4114 3585 4174 Persa
3600 4159 3618 4187 ,

2075 4199 2147 4257 de
2203 4204 2394 4279 Sagari
2439 4204 2843 4278 Mariandyno,
2887 4205 3020 4259 viris
3060 4204 3136 4258 ob
3190 4214 3412 4277 turpem
3449 4205 3624 4260 vitam

2075 4291 2496 4348 contemnendis
2513 4292 2615 4367 (fr.
2643 4310 2732 4361 12,
2757 4290 2845 4366 13)
2863 4332 2877 4360 ,
2898 4303 2954 4346 et
2966 4290 3039 4346 de
3054 4291 3305 4347 Clearchi
3327 4291 3623 4347 Eudaemo-

2073 4376 2184 4431 nici
2209 4378 2431 4452 ineptiis
2452 4377 2468 4457 (
2490 4379 2558 4434 sr.
2591 4398 2612 4434 1
2626 4377 2708 4454 4).
2729 4379 2946 4450 Quibus
2976 4396 3006 4433 e
3029 4378 3176 4433 libro
3197 4390 3387 4435 octat-o
3405 4379 3621 4435 accedit

2074 4462 2230 4519 locus
2260 4464 2332 4520 de
2352 4466 2561 4540 Gorgia
2589 4466 2663 4520 ob
2688 4465 3045 4521 sobrietatem
3069 4465 3478 4539 longaevissimo
3508 4465 3613 4540 (fr.

2083 4547 2151 4604 15
2173 4550 2215 4625 ).
2253 4547 2517 4624 Reliqua,
2554 4552 2759 4626 quibus
2786 4533 2915 4607 libri
2933 4570 3199 4607 numerus
3225 4571 3343 4607 non
3370 4551 3623 4626 additur,

2075 4636 2242 4712 longe
2281 4638 2524 4712 plurima
2565 4640 2624 4694 111
2682 4638 2881 4694 iisdem
2919 4649 3210 4694 versantur
3258 4640 3620 4713 argumentis.

2074 4725 2248 4779 Manu
2267 4726 2439 4800 igitur
2463 4727 2522 4780 in
2542 4744 2664 4782 eam
2685 4724 2945 4780 ducimur
2966 4725 3292 4780 sententiam
3306 4766 3323 4800 ,
3346 4735 3411 4780 ut
3436 4725 3624 4781 Clear-

2076 4810 2244 4863 chum
2275 4822 2534 4884 putemus
2566 4813 2627 4866 in
2656 4810 2792 4869 Βίων
2816 4829 2989 4886 opere
3014 4810 3229 4866 diversa
3256 4829 3462 4886 genera
3482 4812 3625 4867 vita·

2074 4914 2234 4966 rum,
2265 4899 2469 4971 quibus
2496 4898 2792 4974 indulgere
2826 4899 3081 4953 homines
3113 4897 3374 4966 student,
3405 4916 3475 4952 eo
3505 4917 3624 4954 ma·

2075 4985 2224 5039 xime
2248 4987 2483 5042 consilio
2515 4986 2890 5060 descripsisse,
2914 4996 2978 5041 ut
3001 4985 3113 5040 vim
3135 4984 3429 5040 salutarem
3455 4998 3626 5058 quam

438 5103 646 5154 nomen,
677 5105 924 5146 recensere
956 5096 1016 5145 ad
1048 5109 1138 5147 nos
1161 5097 1279 5149 nihil
1312 5098 1499 5150 attinet.
1526 5102 1589 5150 v.
1621 5102 1865 5151 Verraert.
1891 5098 1925 5147 l.
1949 5096 1982 5147 1.
2077 5069 2396 5127 ὅῡῦΐῖθῑθῑῑδ
2418 5071 2693 5141 Studium>
2726 5083 2781 5128 et
2801 5072 3174 5146 Perni⁰50⁵a¹¹¹
3198 5089 3368 5144 ‘1¹²³'1¹¹
3401 5072 3626 5127 luxuria

430 5166 595 5223 p.111
626 5176 734 5227 sqq.

2082 5156 2313 5231 aliaeque
2350 5178 2535 5233 prava!
2574 5159 2902 5233 cupiditates
2942 5159 2999 5213 in
3042 5158 3326 5214 fortunam
3366 5159 3628 5215 virorum

1985 5252 2089 5305 302
