4016 5916
1067 678 1794 820 PHANIAS
1901 682 2634 843 ERESIUS.

353 1452 551 1508 Strabo
593 1451 761 1518 xm,
807 1467 866 1522 p.
908 1447 1021 1504 618
1064 1467 1078 1506 z
1127 1443 1222 1513 Ἐξ
1261 1445 1477 1525 Ἐρέσου
1517 1436 1650 1517 ἦσαν
1693 1444 1826 1507 Θεό-

277 1535 501 1617 φραστός
528 1556 585 1592 τε
608 1532 699 1592 καὶ
723 1532 960 1606 Φανίας,
983 1535 1031 1592 οἱ
1057 1535 1117 1591 ἐκ
1143 1535 1247 1592 τῶν
1278 1531 1580 1609 περιπάτων
1614 1533 1827 1613 φιλόσο-

278 1646 393 1705 φοι,
420 1620 803 1705 Ἀριστοτέλους
828 1619 1099 1702 γνώριμοι.

360 1712 600 1770 Suidas.
631 1707 839 1775 Φανίας
864 1705 902 1781 ἢ
931 1706 1158 1776 Φαινίας
1178 1706 1411 1788 Ἐρέσιος
1437 1707 1527 1788 (³¹),
1559 1705 1829 1790 φιλόσοφος

279 1795 714 1876 περιπατητικὸς,
741 1792 1124 1878 Ἀριστοτίλους
1144 1795 1398 1874 μαθητής.
1418 1786 1530 1855 ’Ἦν
1555 1797 1600 1854 δ’
1628 1794 1715 1853 ἐπὶ
1737 1799 1828 1865 τῆς

282 1883 381 1964 ρια’
414 1884 772 1962 Ὀλυμπιάδος
810 1882 902 1943 καὶ
943 1882 1222 1962 μετέπειτα
1266 1883 1347 1942 ἐπ’
1379 1882 1707 1963 Ἀλεξάνδρου
1737 1905 1827 1940 του

282 1971 593 2039 Μακεδόνος.
641 1975 869 2032 Sincera
916 1975 1163 2030 nominis
1209 1973 1392 2030 forma
1449 1984 1533 2030 est
1589 1967 1826 2040 Φανίας,

282 2059 436 2135 cnjus
462 2062 796 2118 solannisin
815 2061 985 2121 codd.
1013 2062 1250 2118 varietas
1277 2058 1536 2135 Φαινίας;
1555 2071 1827 2136 praeterea

282 2166 493 2205 nomen
517 2150 804 2223 scriptoris
817 2149 956 2205 abiit
978 2151 1036 2204 in
1062 2147 1246 2218 Φάνης
1269 2161 1325 2206 et
1347 2145 1549 2217 Φανίης
1567 2190 1584 2222 ,
1601 2147 1672 2204 de
1700 2149 1827 2221 qui-

284 2235 388 2291 bus
416 2236 624 2292 multus
654 2246 735 2292 est
758 2236 951 2293 Ebert.
978 2237 1037 2292 in
1060 2237 1202 2293 Diss.
1231 2237 1344 2293 Sic.
1374 2255 1434 2310 p.
1470 2256 1540 2307 77
1569 2254 1655 2308 sq.

362 2334 521 2390 Libri
535 2334 777 2403 Phaniae,
796 2328 976 2409 ἀνδρὸς
993 2329 1269 2411 φιλοσόφου
1284 2328 1374 2387 καὶ
1385 2330 1713 2409 γραμμάτων
1736 2328 1829 2385 οὐκ

282 2417 501 2497 ἀπείρου
515 2420 787 2498 ἱστορικῶν
806 2417 1103 2495 (Plutarch.
1119 2438 1174 2477 ν.
1192 2418 1266 2476 fr.
1291 2418 1346 2495 8)
1368 2461 1383 2488 ,
1406 2429 1828 2474 memorantur:

367 2537 420 2576 1.
469 2515 599 2596 Περὶ
626 2513 924 2595 πρυτάνεων
949 2513 1217 2592 Ἐρεσίων,
1240 2516 1310 2571 fr.
1353 2535 1403 2571 1.

361 2623 417 2661 α.
465 2600 597 2682 Περὶ
622 2605 726 2660 τῶν
750 2603 803 2659 ἓν
830 2600 1046 2682 Σικελίᾳ
1068 2599 1347 2682 τυράννων,
1371 2602 1444 2659 fr.
1483 2602 1732 2659 12—13.

366 2692 421 2748 3.
467 2688 748 2769 Τυράννων
773 2687 1031 2770 ἀναίρεσις
1056 2691 1116 2747 ἐκ
1147 2687 1430 2769 τιμωρίας,
1468 2690 1538 2746 fr.
1582 2689 1830 2756 14—16.

364 2788 418 2846 Ι..
464 2777 599 2858 Περὶ
623 2779 871 2848 ποιητῶν,
895 2778 962 2835 fr.
1001 2777 1252 2849 17—18.

365 2867 421 2925 5.
468 2865 609 2944 Πρὸς
633 2861 748 2930 τοὺς
775 2862 1050 2943 σοφιστάς,
1077 2865 1147 2922 fr.
1187 2885 1274 2940 ¹9·

365 2955 419 3013 6.
464 2948 599 3033 Περὶ
622 2954 725 3010 τῶν
750 2953 1121 3031 Σωκρατικῶν,
1144 2951 1212 3010 fr.
1243 2971 1493 3011 20—21.

368 3064 419 3114 7.
470 3041 608 3120 Πρὸς
636 3040 893 3120 Διόδωρον
929 3039 1393 3119 (Philosophica),
1420 3042 1491 3097 fr.
1521 3046 1617 3107 αἱ..

366 3130 418 3188 8.
468 3130 557 3206 (Οἱ
581 3125 811 3203 μαθηταὶ
836 3128 994 3184 αὐτοῦ
1014 3171 1030 3202 ,
1051 3147 1129 3185 sc.
1158 3125 1537 3204 Ἀριστοτέλους
1552 3170 1569 3198 ,
1594 3127 1836 3202 Εὔδημος

286 3215 375 3274 καὶ
399 3213 604 3281 Φανίας
624 3213 715 3271 καὶ
734 3211 1068 3295 Θεόφραστος
1086 3259 1103 3289 ,
1130 3212 1266 3272 κατὰ
1292 3216 1444 3284 ζῆλον
1471 3218 1562 3271 τοῦ
1589 3213 1837 3272 διδασκά-

285 3304 377 3359 λου
407 3300 764 3380 γεγραφήκασι
792 3300 1122 3380 Κατηγορίας
1143 3299 1234 3358 καὶ
1258 3298 1393 3380 Περὶ
1431 3299 1706 3379 ἑρμηνείας
1744 3299 1835 3358 καὶ

287 3388 638 3458 Ἂναλυτικήν.
671 3392 998 3446 Ammonius
1024 3392 1083 3444 in
1111 3390 1277 3444 Arist.
1307 3391 1492 3464 Categ.
1517 3408 1577 3463 p.
1612 3387 1643 3443 5
1667 3388 1686 3464 )

369 3498 427 3553 9.
475 3474 610 3556 Περὶ
637 3479 824 3557 φυτῶν,
854 3478 924 3535 fr.
955 3483 1206 3549 27-40.

369 3584 525 3657 Opus
541 3580 627 3641 De
639 3584 961 3638 Ercsiorum
983 3582 1317 3656 Prytanibus
1331 3582 1490 3637 fuisse
1510 3581 1839 3637 chronicum

288 3672 541 3727 similiter
573 3689 638 3727 ac
683 3670 955 3727 Charonis
995 3666 1283 3746 Πρυτάνεις
1316 3664 1350 3737 ἢ
1390 3665 1634 3746 ἄρχοντες
1667 3670 1839 3725 Λακε-

288 3757 565 3834 δαιμονίων
613 3769 838 3815 censent
883 3758 1124 3814 Ebertus
1175 3754 1349 3833 (Diss,
1392 3758 1503 3813 Sic.
1546 3775 1609 3831 p.
1654 3756 1749 3832 86)
1785 3766 1841 3812 et

350 3908 413 3969 (*)
438 3904 633 3955 Phanioe
651 3902 876 3966 reliquias
892 3903 1082 3966 collegit
1092 3901 1289 3964 Voisin„
1316 3901 1543 3952 Diaei-ibo
1558 3902 1620 3952 de
1634 3902 1840 3953 Phania

291 3979 478 4026 Bresio.
495 3975 711 4026 GandaV.
738 3973 959 4025 1824.ci.
984 3974 1141 4023 Ebert.
1160 3975 1256 4024 Sic.
1273 3986 1321 4035 p.
1339 3977 1427 4034 763
1454 3973 1618 4022 Plchn.
1638 3972 1837 4035 Lesb.p.

290 4052 406 4107 2153
431 4044 628 4096 Boeckh.
648 4046 703 4095 0.
727 4047 849 4105 1.11‚
870 4057 919 4107 p.
938 4046 1047 4095 304.
1063 4042 1392 4106 Distinguendi
1408 4043 1471 4092 ab
1492 4042 1652 4093 Eresio
1667 4058 1684 4090 .·
1698 4043 1839 4092 Pha-

296 4118 444 4178 nias,
462 4114 774 4165 Atheniensis
786 4116 840 4163 nt
853 4112 1057 4172 videtur,
1068 4113 1417 4175 navarchusap.
1428 4112 1703 4175 Xenophon.
1722 4111 1840 4160 Hell.

292 4193 352 4248 v,
364 4193 400 4249 1,
411 4187 825 4251 2o(nbiin300dd.
837 4188 1070 4251 Φαινίας).
1083 4191 1222 4238 Hunc
1233 4186 1518 4237 intellexerit
1530 4188 1840 4250 Harpocrat-

290 4260 486 4319 Φανίας,
505 4259 653 4321 ὄνομα
670 4258 845 4320 κύριον,
862 4263 956 4307 τῶν
975 4257 1385 4323 ἐστρατηγηκότων
1416 4274 1503 4314 τις.
1532 4256 1605 4308 Ad
1620 4256 1843 4307 eundem-

289 4342 384 4390 que
406 4327 650 4377 reserenda
666 4327 858 4376 videtur
877 4328 1029 4378 oratio
1046 4327 1202 4391 Lysim
1215 4327 1329 4389 ὑπὲρ
1346 4327 1527 4377 Φανίου
1539 4317 1839 4391 παράνόμων,

288 4402 427 4461 cuius
442 4397 658 4448 meminit
676 4398 932 4448 Athenaeus
954 4400 1075 4460 xli,
1092 4411 1146 4462 p.
1167 4405 1283 4459 551,
1314 4400 1368 4453 D,
1389 4397 1464 4447 Cr.
1488 4396 1747 4446 tioelscher.
1774 4400 1844 4447 De

288 4471 372 4519 vit.
391 4472 439 4519 et
466 4469 630 4531 script.
654 4468 806 4530 Lysiae
829 4469 1061 4531 (Beroiin
1090 4470 1303 4531 1837)ρ.
1336 4474 1511 4529 1760q.
1525 4466 1843 4517 -Phanias

290 4539 485 4601 quidam
499 4539 591 4588 snb
607 4539 841 4589 Antiocho
855 4539 956 4600 iilo,
970 4538 1055 4602 qui
1070 4538 1373 4600 philosophos
1388 4549 1530 4600 regno
1542 4550 1630 4585 sno
1643 4538 1844 4598 expulit,

288 4622 363 4672 ap.
402 4609 575 4659 Athen.
619 4612 740 4671 xli,
780 4621 829 4672 p.
860 4613 948 4660 547
966 4645 982 4671 ,
1015 4613 1055 4659 A
1090 4608 1182 4670 (cs.
1220 4608 1483 4670 Schweigh.
1520 4608 1568 4657 in
1606 4607 1766 4656 indice
1799 4621 1841 4657 s.

290 4681 338 4728 h.
356 4682 453 4738 m).
477 4705 542 4716 —
564 4679 833 4740 Phanias,
853 4682 1001 4743 Appii
1037 4678 1219 4729 Pulcri
1256 4677 1491 4739 libertus,
1514 4690 1591 4740 ap.
1619 4677 1721 4727 Cic.
1752 4681 1839 4740 Ep.

289 4750 347 4798 ad
376 4751 483 4799 Div.
510 4751 582 4810 ιι,
609 4755 661 4798 13
677 4765 692 4810 ;
722 4751 783 4799 nt
800 4784 815 4809 ,
848 4754 891 4799 1.
910 4775 975 4787 —-
1000 4747 1250 4808 Phanias,
1281 4747 1495 4797 medicus
1510 4744 1639 4795 hand
1667 4746 1839 4808 dubie,

288 4832 364 4882 ap.
386 4819 554 4869 Galen.
577 4819 672 4868 voi.
693 4822 737 4869 ΙΙ
752 4855 767 4880 ,
787 4832 835 4882 p.
866 4823 985 4879 795,
1004 4820 1063 4870 C.
1092 4819 1335 4875 Quaeritur
1357 4830 1473 4867 num
1493 4816 1556 4867 ab
1588 4817 1751 4867 Eresio
1775 4817 1843 4867 di·

286 4902 454 4939 vastis
478 4888 540 4937 sit
565 4888 798 4939 Phanias
818 4888 1089 4951 mimicus,
1110 4886 1171 4937 de
1187 4900 1286 4949 quo
1309 4887 1489 4937 Plinius
1510 4890 1570 4937 Η.
1595 4890 1654 4937 Ν.
1676 4891 1808 4939 xxii
1824 4920 1865 4949 ‚-

289 4972 334 5009 c.
354 4964 410 5009 13
431 4978 443 5009 ε
467 4958 710 5009 Condidit
733 4959 916 5009 laudes
933 4959 1044 5021 eius
1064 4959 1083 5021 (
1095 4957 1292 5022 urticae)
1310 4958 1542 5009 Phanias
1563 4958 1841 5022 Physica-53

290 5030 621 5079 utilissimam
640 5030 767 5080 cibis
777 5036 973 5080 coctam
982 5028 1301 5080 conditamve
1311 5028 1571 5091 professus
1580 5062 1597 5085 ,
1610 5033 1841 5091 arterioe,

293 5101 421 5150 hassi
436 5135 454 5162 ,
473 5102 665 5150 ventris
694 5100 1061 5159 destillationi,
1080 5099 1364 5157 stomacho,
1385 5101 1567 5161 panis,
1580 5099 1843 5164 parotidi-

288 5170 402 5229 bus.
413 5174 506 5220 etc.
530 5175 651 5229 Qnae
665 5170 753 5221 nisi
769 5169 940 5220 medici
951 5172 1081 5231 sunt,
1093 5169 1183 5232 legi
1196 5169 1243 5219 in
1256 5171 1399 5221 Eresii
1422 5172 1531 5235 Περὶ
1543 5175 1693 5232 φυτῶν
1703 5183 1845 5233 opere

290 5242 566 5304 potnerunt.
589 5266 654 5278 —
692 5240 1024 5304 Theophrasti
1052 5238 1113 5288 ad
1146 5239 1369 5288 Phaniam
1389 5240 1610 5303 epistolas
1631 5252 1845 5289 comme-

290 5312 479 5360 morant
498 5312 729 5373 Diogenes
754 5313 807 5360 1..
828 5312 897 5370 V,
916 5313 973 5359 ³7
991 5311 1041 5359 et
1058 5308 1207 5358 schol.
1235 5309 1384 5372 Apoll.
1408 5309 1559 5359 Rhod.
1584 5312 1637 5371 1,
1660 5314 1769 5360 972.

1919 1448 2217 1503 Boeckhius
2249 1447 2340 1523 (ad
2355 1446 2553 1504 Marm.
2583 1450 2711 1505 Par.
2741 1451 2796 1503 in
2820 1451 2883 1507 C.
2909 1453 3087 1505 Inscr.
3116 1454 3203 1523 11,
3233 1471 3292 1528 p.
3314 1453 3476 1530 305).

1919 1534 2091 1607 Quod
2133 1536 2383 1609 quamvis
2411 1554 2477 1591 ex
2505 1554 2621 1591 uno
2678 1536 2835 1611 quod
2874 1550 3124 1613 superest
3162 1539 3475 1617 frag-mento

1922 1622 2294 1679 demonstrari
2322 1641 2439 1679 non
2466 1625 2675 1697 possit,
2719 1625 2859 1679 nihil
2888 1635 3106 1697 tamen,
3150 1631 3288 1702 quin
3328 1642 3478 1686 recte

1918 1710 1994 1765 ita
2029 1721 2330 1781 statuatur,
2370 1710 2647 1784 impedire
2673 1711 2931 1783 videtur3
2968 1717 3277 1788 praesertim
3306 1735 3482 1790 quum

1922 1815 1994 1852 ex
2022 1798 2142 1853 aliis
2163 1798 2303 1854 locis
2328 1795 2419 1873 (fr.
2453 1816 2509 1853 2.
2538 1797 2592 1854 3.
2623 1796 2678 1874 5)
2703 1800 3048 1875 intelligatur
3067 1802 3307 1858 multum
3329 1805 3481 1860 Pha-

1920 1885 2072 1939 niam
2099 1884 2174 1940 ad
2200 1894 2455 1959 tempora
2483 1904 2672 1942 rerum
2701 1898 2959 1944 accurate
2986 1891 3376 1948 constituenda
3399 1904 3483 1947 at·

1920 1971 2180 2028 tendisse.
2203 1973 2400 2046 Neque
2418 1991 2553 2028 vero
2573 1991 2636 2029 ea
2657 1992 2781 2047 quae
2794 1974 2866 2030 de
2888 1975 3112 2032 Solonis
3135 1981 3484 2054 temporibus

1921 2077 1991 2113 ex
2016 2059 2352 2114 archontum
2376 2062 2694 2117 Atticorum
2710 2061 2851 2117 serie
2872 2064 3185 2120 constitutis
3206 2063 3294 2139 (fr.
3320 2065 3375 2122 3.
3403 2065 3478 2142 5.)

1919 2145 2262 2215 asseruntur,
2303 2164 2374 2201 ex
2410 2148 2517 2202 isto
2553 2144 2684 2225 Περὶ
2720 2145 3020 2224 πρυτάνεων
3057 2168 3230 2225 opere
3263 2149 3483 2210 fluxisse

1918 2235 2251 2305 putaverim.
2289 2236 2438 2290 Fieri
2473 2253 2603 2291 sane
2640 2237 2864 2310 pomit,.‘
2884 2248 2948 2292 ut
2980 2237 3216 2294 Phanias
3252 2241 3482 2296 Lesbios

1918 2322 2113 2392 patriae
2150 2324 2498 2396 magistratus
2527 2341 2656 2377 cum
2685 2324 3046 2381 archontibus
3081 2327 3278 2382 Atticis
3310 2342 3481 2383 'com-

1920 2419 2190 2480 poneret‚
2213 2420 2456 2464 attamen
2477 2411 2707 2465 minime
2728 2411 3026 2483 probabile
3044 2421 3124 2468 est
3139 2431 3480 2488 quemquam

1921 2494 2292 2569 Theophrasti
2321 2506 2479 2550 aetate
2505 2496 2926 2551 Atheniensium
2949 2498 3239 2554 historiam
3274 2519 3477 2556 secun-

1923 2580 2059 2634 dum
2078 2583 2278 2636 seriem
2296 2593 2598 2656 prytanum
2625 2583 2945 2639 Eresiorum
2979 2583 3277 2642 adornasse
3317 2588 3482 2643 inde-

1923 2686 2035 2741 que
2062 2669 2192 2723 libri
2213 2670 2435 2744 petiisse
2464 2670 2903 2743 inscriptionem.
2927 2673 3113 2743 Quare
3133 2691 3255 2746 quae
3283 2674 3480 2750 leg-un-

1926 2768 2018 2811 tur
2073 2757 2273 2833 fragm.
2344 2756 2528 2813 3-11
2550 2798 2568 2828 ,
2633 2776 2703 2814 ex
2754 2777 2926 2833 opere
2973 2759 3243 2815 historico
3262 2802 3277 2829 ,
3326 2762 3483 2833 cujus

1926 2845 2151 2899 titulum
2199 2864 2350 2901 nunc
2388 2846 2735 2921 ignoramus,
2759 2844 3094 2920 deprompta
3125 2865 3237 2903 esse
3267 2866 3481 2905 censeo.

2002 2934 2089 2988 De
2133 2950 2307 3006 opere
2351 2929 2630 3010 Τυράννων
2683 2929 2943 3012 ἀναίρεσις
2987 2933 3046 2990 ἐκ
3092 2932 3344 3012 τιμωρίας
3391 2937 3477 2992 in-

1923 3024 2132 3093 scripto
2153 3020 2344 3077 Ebert.
2366 3040 2381 3076 t
2402 3046 2425 3071 ιι
2444 3017 2628 3091 Verte,
2645 3022 2739 3091 ait,
2760 3024 3159 3097 Tyrannorum
3175 3024 3382 3079 occisio
3397 3044 3478 3080 su·

1925 3107 2144 3162 mendae
2170 3107 2242 3163 de
2265 3109 2331 3163 iis
2355 3107 2616 3164 vindictae
2640 3110 2816 3184 gratia
2845 3110 2959 3165 sive
2987 3108 3060 3164 ad
3081 3109 3480 3182 ulciscendam,

1926 3211 2050 3266 quae
2075 3203 2300 3268 accepta
2323 3205 2470 3264 erat,
2493 3195 2752 3268 injuriam
2781 3195 2942 3253 facta.
2972 3197 3240 3252 Consulto
3260 3197 3484 3253 Phaniae

1927 3281 2000 3335 ita
2027 3292 2364 3356 conceptum
2392 3282 2554 3341 fuisse
2583 3283 2803 3338 titulum
2827 3284 3101 3354 arbitror,
3133 3302 3205 3339 ne
3234 3303 3482 3357 quacun·

1927 3385 2039 3440 qne
2071 3367 2143 3423 de
2170 3388 2336 3425 causa
2376 3370 2695 3426 obtruncati
2723 3371 2818 3426 hic
2849 3373 3070 3444 tyranni
3119 3374 3481 3444 quaeritaren·

1929 3464 2043 3523 tur,
2072 3454 2172 3510 sed
2204 3457 2298 3529 qui
2329 3452 2524 3535 ὔὸρεως
2553 3474 2748 3532 poenas
2781 3456 3092 3525 dedissent,
3125 3476 3483 3532 quorumque

1929 3542 2173 3597 caedibus
2188 3543 2371 3598 minus
2387 3543 2654 3599 mutanda
2671 3544 2908 3599 civitatis
2919 3544 3101 3599 forma
3118 3585 3134 3614 ,
3155 3562 3322 3617 quam
3339 3546 3481 3600 ultio

1930 3630 2124 3703 iraque
2145 3630 2424 3704 explenda
2446 3641 2705 3704 spectatae
2737 3629 2993 3699 fuissent,
3027 3648 3367 3704 quamquam
3394 3635 3484 3688 vel

1928 3715 2315 3787 hujuscemodi
2354 3716 2520 3772 caedis
2553 3717 2884 3792 pedissequa
2919 3735 3063 3792 saepe
3090 3717 3259 3773 fuerit
3291 3738 3484 3775 rerum

1931 3807 2188 3864 mutatio.
2220 3806 2350 3862 Fuit
2374 3823 2534 3874 sane,
2573 3817 2637 3860 ut
2673 3805 2839 3861 docet
2868 3808 3254 3880 exemplorum
3291 3809 3485 3863 multi-

1932 3892 2103 3964 tud0‚
2137 3903 2192 3949 at
2214 3912 2331 3948 non
2355 3904 2521 3967 caput
2555 3904 2609 3948 et
2633 3911 2745 3949 una
2779 3895 3008 3949 materia
3049 3895 3330 3968 scripturo
3359 3896 3485 3956 fuit.

1930 3982 1998 4038 Id
2018 3981 2296 4053 judicium
2331 3982 2530 4036 nititur
2564 3980 2676 4036 hoc
2711 3982 3022 4037 Aristotelis
3041 3983 3172 4037 loco
3198 3980 3389 4057 (Polit.
3412 3986 3481 4051 V,

1932 4067 1989 4137 8,
2014 4066 2071 4145 9)
2107 4088 2122 4123 ι
2155 4069 2277 4126 Τῶν
2307 4063 2583 4124 ἕπιθίσεων
2614 4068 2666 4123 αἱ
2697 4064 2792 4142 μὲν
2834 4064 2920 4123 ἐπὶ
2956 4068 3015 4123 τὸ
3059 4069 3215 4143 σῶμα
3254 4065 3484 4145 γίνονται

1930 4156 2035 4212 τῶν
2070 4153 2354 4234 ἀρχόντων,
2396 4156 2450 4211 αἱ
2487 4154 2533 4212 δ’
2575 4153 2662 4212 ἰπὶ
2702 4152 2797 4222 τὴν
2833 4151 3019 4233 ἀρχήν.
3061 4156 3133 4213 At
3172 4153 3266 4230 μὲν
3299 4145 3385 4213 οῧν
3419 4156 3485 4212 δι’

1931 4238 2079 4321 ὅὸριν
2113 4241 2199 4300 ini
2221 4242 2281 4300 τὸ
2309 4243 2464 4318 σῶμα
2481 4263 2496 4278 ·
2524 4245 2615 4312 τῆς
2638 4238 2692 4298 δὲ
2715 4239 2913 4320 ὕὸρεως
2947 4237 3105 4311 οὔσης
3141 4243 3483 4320 πολυμεροῦς,

1931 4327 2152 4389 ἕκαστον
2175 4329 2344 4388 αὐτῶν
2380 4325 2542 4386 αἴτιον
2561 4326 2757 4406 γίνεται
2775 4331 2867 4398 τῆς
2895 4330 3075 4408 ὀργῆς·
3094 4331 3194 4386 τῶν
3220 4328 3265 4385 δ’
3287 4330 3484 4407 ὀργιζο·

1934 4415 2104 4493 μένων
2135 4415 2320 4498 σχεδὸν
2342 4417 2641 4475 οἱπλεῖστοι
2669 4415 2922 4493 τιμωρίας
2951 4414 3103 4497 χάριν
3136 4415 3483 4492 ἐπιτίθενται,

1932 4506 2049 4562 ἀλλ’
2095 4505 2209 4584 οὐχ’
2253 4507 2525 4585 ὑπεροχῆς.
2555 4508 2679 4561 Iam
2721 4505 2801 4560 ibi
2836 4517 3150 4580 sequnntur
3182 4508 3486 4581 propositae

1934 4595 2187 4668 exempla
2207 4596 2490 4651 sententiae
2503 4636 2519 4664 ,
2543 4592 2884 4649 Harmodius
2901 4603 2958 4647 et
2978 4593 3285 4667 Aristogito
3305 4634 3320 4661 ,
3344 4612 3487 4649 ama·

1930 4683 2042 4737 sins
2060 4683 2154 4737 ille
2178 4681 2441 4755 idemque
2460 4681 2790 4736 interfector
2810 4678 3106 4736 Periandri
3123 4689 3233 4735 etc.
3263 4680 3334 4735 cf.
3364 4683 3488 4737 Plu-

1933 4770 2107 4826 tarch.
2134 4770 2276 4825 Mor.
2306 4787 2368 4842 p.
2402 4768 2541 4840 760,
2569 4770 2643 4839 B;
2675 4766 2822 4839 768,
2847 4769 2912 4824 F.
2944 4791 2970 4816 ι

2008 4857 2096 4913 De
2115 4857 2346 4929 reliquis
2367 4856 2590 4911 Phaniae
2617 4856 2836 4929 scriptis
2861 4854 3120 4929 pluribus
3140 4854 3201 4909 h.
3233 4852 3274 4910 l.
3308 4874 3486 4930 expo-

1932 4962 2068 5000 nere
2125 4962 2312 5018 operae
2374 4943 2470 4998 vix
2510 4943 2778 5017 pretium.
2828 4942 2959 4997 Nou
3009 4944 3486 5016 praetermittenda

1930 5048 2068 5087 vero
2081 5031 2351 5087 sententia
2366 5029 2616 5086 Boeckhii
2644 5030 2683 5088 l.
2711 5031 2777 5099 1.,
2800 5030 2898 5103 qui
2924 5030 3485 5087 auctoremChronici

1931 5118 2233 5173 Marmorei
2276 5136 2394 5192 prae
2446 5118 2643 5173 ceteris
2692 5118 2866 5173 libros
2921 5116 3219 5174 historicos
3264 5119 3486 5173 Phania!

1932 5207 2109 5262 nostri
2133 5206 2446 5262 adhibuisse
2464 5207 2791 5279 suspicatur.
2809 5206 2994 5262 Verba
3013 5206 3264 5262 Boeckhii
3281 5211 3488 5262 exscri-

1932 5297 2018 5369 psi
2047 5296 2104 5349 in
2132 5294 2351 5352 Introd.
2383 5294 2455 5350 ad
2483 5296 2556 5350 M.
2591 5296 2711 5352 Par.
2744 5314 2801 5368 p.
2836 5291 2966 5365 537.

1834 5406 1939 5466 293
3190 5410 3230 5442 ⁴
