4016 5916
1522 369 1879 430 VITARUM
1929 370 2429 431 FRAGMENTA.

453 497 615 554 Idem
636 498 778 554 ibid.
804 500 996 574 paullo
1022 509 1150 572 post
1185 516 1198 555 :
1227 495 1318 555 ’Ev
1351 493 1404 553 δὲ
1434 495 1537 562 τοῖς
1561 494 1680 575 περὶ
1702 493 1788 554 τὸν
1815 495 1919 575 βίον

371 581 442 642 τὰ
464 581 558 660 μὲν
586 582 719 641 ἄλλα
744 583 981 656 εὔκολον,
1001 584 1090 641 καὶ
1120 589 1307 663 μικρᾶς
1330 582 1567 659 δεόμενον
1593 586 1924 662 παρασκευῆς

377 673 447 738 εἰς
472 670 539 728 τὰ
567 671 682 730 καθ’
709 671 909 750 ἡμέραν
929 675 1261 749 γεγενῆσθαι·
1288 668 1414 747 πρὸς
1437 669 1490 727 δὲ
1512 668 1605 741 τὴν
1642 673 1744 728 τῶν
1769 673 1926 750 ἀφρο-

372 758 548 817 δισίων
583 762 773 838 χρῆσιν
810 758 1149 840 σφοδρότερον
1193 755 1288 834 μὲν
1333 747 1489 827 εἶναι,
1534 755 1736 814 ἀδικίαν
1764 756 1819 815 δὲ
1847 756 1921 833 μὴ

371 849 671 926 προσεῖναι·
693 845 728 916 ἢ
747 842 849 927 γὰρ
874 852 986 910 ταῖς
1011 844 1262 922 γαμεταῖς
1293 843 1328 914 ἢ
1346 851 1461 912 ταῖς
1482 843 1675 911 κοιναῖς
1696 847 1922 923 χρῆσθαι

373 956 569 1008 μοναις.

1096 1064 1191 1121 29.

453 1159 738 1216 Plutarch.
770 1157 1002 1214 Aristid.
1032 1176 1082 1216 c.
1117 1176 1189 1228 27
1223 1176 1237 1211 :
1270 1152 1567 1233 Δημήτριος
1594 1156 1623 1212 6
1644 1153 1922 1234 Φαληρεὺς

373 1246 465 1304 καὶ
498 1240 805 1324 Ἱερώνυμος
844 1246 872 1301 6
913 1240 1113 1308 Ῥόδιος
1158 1242 1248 1300 καὶ
1291 1240 1629 1323 Ἀριστόξενος
1671 1245 1699 1300 6
1741 1265 1922 1317 μουσι-

373 1333 463 1400 κὸς
501 1330 589 1392 καὶ
613 1330 968 1411 Ἀριστοτέλης
991 1331 1068 1408 (εἰ
1095 1329 1158 1401 δὴ
1199 1328 1258 1389 τὸ
1287 1327 1421 1410 Περὶ
1440 1330 1695 1406 εὐγενείας
1724 1329 1920 1407 βιὸλίον

376 1420 430 1476 ἐν
447 1418 551 1483 τοῖς
570 1416 796 1493 γνησίοις
818 1416 1200 1496 Ἀριστοτέλους
1222 1416 1424 1495 θετέον)
1446 1417 1705 1496 ἱστοροῦσι
1726 1415 1922 1496 Μυρτὼ

374 1505 681 1583 θυγατριδῆν
702 1502 1014 1583 Ἀριστείδου
1035 1501 1303 1583 Σωκράτει
1322 1506 1398 1583 τῷ
1423 1505 1567 1584 σοφῷ
1589 1508 1919 1574 συνοικῆσαι,

373 1598 591 1667 γυναῖκα
628 1589 722 1666 μὲν
747 1588 925 1669 ἑτέραν
954 1589 1153 1671 ἔχοντι,
1181 1589 1377 1661 ταύτην
1404 1588 1448 1648 δ’
1478 1588 1790 1648 ἅναλαὸόντι
1818 1612 1918 1668 χη-

377 1676 625 1756 ρεύουσαν
666 1675 750 1735 διὰ
778 1676 959 1736 πενίαν
993 1678 1086 1737 καὶ
1129 1681 1231 1736 τῶν
1273 1677 1571 1755 ἀναγκαίων
1601 1676 1920 1753 ἐνδεομένην.

374 1763 514 1842 Πρὸς
543 1761 637 1840 μὲν
662 1754 749 1823 οὖν
773 1763 982 1832 τούτους
1008 1768 1199 1831 ἱκανῶς
1223 1768 1250 1824 6
1275 1763 1557 1830 Παναίτιος
1585 1765 1639 1822 ἐν
1672 1767 1776 1832 τοῖς
1803 1765 1922 1845 περὶ

374 1852 685 1932 Σωκράτους
710 1851 1024 1934 ἀντείρηκεν.

1111 1959 1206 2016 30.

454 2068 747 2126 Athenaeus
775 2070 950 2137 XIII,
975 2087 1034 2142 p.
1079 2067 1191 2124 555
1211 2112 1227 2141 ,
1251 2072 1303 2125 D
1337 2088 1350 2122 ε
1391 2066 1489 2126 Ἐκ
1515 2064 1708 2124 τούτων
1734 2054 1821 2125 oliv
1849 2089 1925 2134 τις

380 2152 678 2232 ὁρμώμενος
693 2153 945 2233 μέμψαιτ’
963 2153 1027 2211 ἂν
1045 2152 1162 2221 τοὺς
1181 2154 1529 2233 περιτιθέντας
1549 2154 1819 2235 Σωκράτει
1835 2154 1925 2214 δύο

372 2240 608 2317 γαμετὰς
656 2242 924 2314 γυναῖκας,
976 2240 1291 2313 Ξανθίππην
1339 2242 1428 2300 καὶ
1472 2241 1566 2312 τὴν
1608 2241 1922 2323 Ἀριστείδου

375 2325 603 2408 Μυρτὼ,
634 2329 691 2386 οὗ
721 2333 810 2386 τοῦ
841 2327 1056 2387 Δικαίου
1088 2327 1413 2406 καλουμένου
1436 2329 1510 2404 (οἱ
1537 2326 1638 2407 γὰρ
1660 2329 1836 2408 χρόνοι
1865 2330 1922 2387 οὗ

375 2417 796 2496 συγχωροῦσιν),
828 2416 962 2473 ἀλλὰ
1002 2420 1090 2474 τοῦ
1129 2416 1304 2495 τρίτου
1346 2417 1435 2474 ἀπ’
1461 2416 1683 2475 ἐκείνου·
1724 2416 1824 2474 εἷσὶ
1868 2415 1922 2474 δὲ

376 2501 759 2575 Καλλισθένης,
784 2502 1080 2584 Δημήτριος
1107 2506 1135 2561 6
1162 2501 1466 2583 Φαληρεὺς,
1500 2502 1730 2583 Σάτυρος
1757 2506 1785 2560 6
1815 2506 1923 2563 Πε-

376 2589 727 2669 ριπατητικὸς,
744 2589 1101 2669 Ἀριστόξενος·
1119 2581 1192 2658 οἷς
1203 2589 1264 2649 τὸ
1283 2590 1547 2667 ἐνδόσιμον
1570 2589 1924 2670 Ἀριστοτέλης
1971 2660 1977 2666 ,

375 2677 562 2736 ἔδωκεν
581 2721 597 2749 ,
628 2679 847 2755 ἱστορῶν
881 2684 1031 2737 τοῦτο
1069 2681 1122 2736 ἐν
1149 2680 1224 2758 τῷ
1274 2678 1406 2759 Περὶ
1438 2677 1720 2757 εὐγενείας·
1752 2678 1798 2735 εἰ
1844 2675 1917 2752 μὴ

375 2763 478 2847 ἄρα
499 2763 962 2844 συγκεχωρημένον
986 2765 1123 2823 κατὰ
1141 2765 1390 2848 ψήφισμα
1412 2771 1562 2826 τοῦτο
1583 2765 1785 2844 ἐγένετο
1808 2764 1922 2823 τότε

375 2848 460 2908 διὰ
505 2851 689 2911 σπάνιν
722 2849 1004 2930 ἀνθρώπων
1014 2898 1032 2924 ,
1058 2848 1182 2909 ὥστ’
1206 2850 1390 2920 ἐξεῖναι
1423 2850 1514 2909 καὶ
1544 2849 1636 2910 δύο
1662 2849 1799 2932 ἔχειν
1824 2874 1922 2929 γυ-

372 2939 553 3006 ναῖκας
590 2937 679 2999 τὸν
723 2938 1063 3019 βουλόμενον·
1107 2937 1219 2998 ὅθεν
1242 2938 1332 2998 καὶ
1372 2935 1488 3005 τοὺς
1526 2941 1619 3011 τῆς
1643 2937 1922 3019 κωμῳδίας

373 3025 590 3099 ποιητὰς
619 3028 989 3098 ἀποσιωπῆσαι
1025 3030 1202 3101 τοῦτο,
1228 3027 1479 3095 πολλάκις
1499 3032 1588 3084 τοῦ
1613 3024 1924 3104 Σωκράτους

377 3111 815 3191 μνημονεύοντας·
856 3112 1108 3193 παρέθετο
1136 3112 1190 3172 δὲ
1217 3114 1337 3194 περὶ
1375 3118 1476 3172 τῶν
1517 3116 1775 3190 γυναικῶν
1818 3114 1923 3196 ψή-

375 3220 543 3280 φισμα
582 3199 886 3279 Ἱερώνυμος
915 3203 943 3257 6
973 3197 1198 3266 Ῥόδιος·
1235 3202 1442 3258 ἀντεῖπε
1484 3199 1537 3258 δὲ
1577 3200 1683 3266 τοῖς
1717 3199 1923 3277 λέγουσι

375 3288 495 3368 περὶ
518 3291 621 3347 τῶν
646 3288 956 3368 Σωκράτους
980 3292 1238 3367 γυναικῶν
1262 3288 1548 3356 Παναίτιος
1575 3292 1603 3346 6
1627 3286 1841 3356 Ῥόδιος.

376 3455 459 3505 sed
490 3455 582 3505 hoe
608 3456 784 3505 affectu
802 3469 1085 3507 succensum
1103 3456 1292 3505 nullum
1318 3455 1514 3504 omnino
1539 3468 1751 3505 servasse
1769 3456 1914 3506 deco·

379 3546 481 3583 rem
498 3570 514 3596 ,
542 3546 629 3583 nec
648 3532 710 3582 ab
734 3533 956 3582 nuatum
972 3544 1096 3582 voce
1110 3533 1191 3582 vei
1212 3533 1339 3582 sacto
1361 3531 1658 3582 abstinuisse.

441 3615 497 3662 lu
519 3612 703 3675 reliqua
726 3612 857 3662 omni
877 3611 976 3661 vita
1004 3624 1119 3662 eum
1148 3611 1273 3673 frugi
1293 3611 1437 3661 fuisse
1461 3623 1553 3660 uec
1577 3623 1749 3674 magno
1775 3624 1923 3673 appa-

377 3692 485 3741 ratu
512 3691 562 3741 iu
584 3691 711 3740 diem
743 3690 943 3751 vixisse;
980 3691 1031 3740 in
1065 3689 1208 3740 rebus
1231 3691 1393 3739 autem
1423 3690 1638 3740 venereis
1668 3689 1915 3740 vehemen—

376 3770 548 3818 tiorem
569 3766 764 3830 quidem
790 3767 934 3817 fuisse
951 3804 966 3829 ‚
999 3766 1280 3817 abstinuisse
1304 3769 1471 3816 tamen
1492 3766 1553 3816 ab
1570 3766 1700 3816 omui
1721 3766 1893 3828 iuJuria
1908 3802 1925 3829 ,

377 3846 508 3911 quod
525 3847 600 3897 vel
629 3846 859 3896 uxoribus
880 3844 957 3895 vei
977 3844 1242 3909 prostitutis
1258 3846 1449 3895 tantum
1475 3846 1707 3895 uteretur.

1102 3936 1193 3987 29.

439 4027 709 4079 Demetrius
739 4026 996 4076 Phalereus
1010 4062 1026 4088 ,
1058 4025 1378 4089 Hieronymus
1412 4025 1654 4088 Rhodius,
1686 4023 1927 4075 Aristoxe-

377 4119 468 4156 nus
487 4104 700 4156 musicus
715 4104 766 4155 et
784 4103 1057 4154 Aristoteles
1080 4104 1135 4164 (si
1150 4103 1296 4154 modo
1311 4103 1433 4154 liber
1450 4107 1522 4154 De
1540 4102 1788 4153 nobilitate
1804 4102 1928 4151 inter

377 4195 626 4246 germams
649 4183 723 4233 est
740 4179 1005 4232 Aristotelis
1020 4179 1169 4230 libros
1186 4179 1531 4242 recensendus)
1552 4180 1711 4242 myrto
1728 4179 1928 4228 tradunt

378 4258 597 4311 Aristidis
610 4271 672 4309 ex
690 4257 788 4307 tilia
806 4255 987 4319 neptim
1006 4269 1035 4306 a
1054 4259 1251 4307 socrate
1280 4257 1364 4306 ilio
1390 4256 1601 4319 sapiente
1617 4255 1817 4304 domum
1841 4266 1926 4302 ac-

377 4340 594 4400 ceptam3
611 4334 833 4385 babuisse
854 4332 1049 4396 quidem
1070 4333 1207 4383 iilum
1224 4332 1367 4383 aliam
1387 4345 1608 4393 uxorem,
1627 4344 1796 4381 verum
1816 4343 1928 4380 eum

380 4418 503 4469 bane
519 4416 584 4466 ob
609 4413 819 4478 inopiam
848 4413 1045 4463 viduam
1065 4416 1116 4463 et
1136 4413 1355 4462 omnium
1380 4424 1541 4461 rerum
1575 4424 1768 4473 egenam
1794 4423 1928 4461 reee-

380 4497 518 4560 pisse.
547 4498 770 4545 Ceterum
791 4492 963 4542 refellit
989 4492 1094 4542 baee
1115 4491 1306 4541 abunde
1332 4490 1570 4541 Panaetius
1587 4490 1640 4539 in
1657 4488 1790 4539 tibris
1808 4501 1929 4551 quos

378 4577 441 4625 de
465 4577 658 4627 socrate
683 4572 885 4636 scripn‘t.

441 4743 527 4793 His
537 4740 703 4805 positis
714 4753 811 4790 non
822 4738 997 4802 injuria
1008 4738 1243 4801 quispiam
1256 4738 1424 4801 arguat
1436 4750 1518 4788 eos
1531 4736 1616 4800 qui
1626 4735 1932 4786 uxoresduas

378 4821 624 4870 Son-stem
661 4816 886 4867 babuisse
919 4813 1258 4879 prodiderunt,
1291 4813 1595 4877 Xantiiippen
1625 4812 1851 4862 nimirum
1881 4813 1931 4861 et

378 4898 563 4959 myrto,
583 4893 824 4956 Aristidis,
852 4905 949 4942 non
976 4892 1292 4954 cognomento
1312 4889 1439 4941 Justi
1468 4889 1615 4939 tiliam
1636 4890 1932 4952 (repugnant

379 4973 508 5023 enim
534 4972 809 5035 tempora),
828 4969 911 5020 sed
941 4968 1045 5031 eius
1064 4969 1149 5031 qui
1181 4968 1245 5017 ab
1274 4966 1377 5030 ipso
1397 4966 1568 5017 tertius
1588 4968 1675 5016 est.
1702 4968 1932 5015 Auctores

381 5052 485 5113 ejus
517 5049 587 5100 rei
618 5050 731 5099 sunt
751 5046 1096 5108 callisthenes,
1130 5028 1712 5105 Demetdusspbalereus,
1733 5044 1932 5104 Satyrus

383 5127 736 5190 Peripateticus,
758 5123 1069 5175 Aristoxenus
1084 5141 1097 5171 ι
1115 5122 1293 5185 quibus
1305 5121 1368 5171 ad
1384 5119 1753 5184 idseribendum
1767 5130 1930 5168 ansam

3449 383 3558 437 281

2091 524 2116 548 κ
2142 500 2492 557 Moneudum
2507 509 2587 555 est
2601 500 2927 556 Athenaeum
2941 519 3040 557 sua
3054 519 3085 557 e
3101 497 3401 559 Plutarcho
3422 504 3567 560 hau-

2011 588 2137 643 sisse
2150 629 2166 658 ,
2190 606 2358 662 quem
2377 606 2788 661 nonnunquam
2805 606 3099 662 suppresso
3116 591 3344 647 nomine
3360 591 3567 646 descri-

2012 673 2120 743 bit,
2143 675 2298 748 cujus
2321 677 2400 731 rei
2419 676 2532 731 hoc
2560 691 2794 748 quoque
2821 674 2952 729 loco
2970 675 3244 732 habemus
3269 677 3567 750 indicium,

2013 759 2172 833 quod
2208 760 2280 816 de
2318 780 2382 817 re
2413 762 2593 818 aliena
2632 763 2965 818 Plutarchus
3006 762 3044 820 l.
3089 781 3136 819 c.
3179 763 3567 821 Callisthenem

2013 847 2119 921 (fr.
2157 847 2257 922 16)
2291 849 2508 919 laudat3
2536 848 2692 922 cujus
2712 866 2924 904 nomen
2949 850 3247 907 Athenaeus
3273 869 3306 907 e
3332 853 3569 926 propin-

2012 953 2127 1009 quo
2147 937 2388 1010 arripuit
2401 977 2419 1008 ‚
2440 947 2644 993 etcum
2664 939 2951 993 Demetrio
2970 937 3240 995 Phalereo
3261 941 3569 1013 ceterisque

2011 1021 2324 1095 conjunxit.
2360 1047 2385 1074 ι
2404 1026 2631 1082 Mamm.
2654 1023 2831 1081 —cfi
2861 1025 3029 1100 Diog.
3051 1028 3119 1082 L.
3139 1027 3224 1096 11,
3253 1025 3326 1081 26
3347 1036 3403 1082 et
3424 1029 3569 1082 Por-

2007 1110 2177 1184 phyr.
2207 1111 2248 1166 l.
2279 1112 2317 1169 l.
2361 1112 2645 1187 Diogenes
2694 1113 2883 1186 Myrto
2930 1111 3100 1168 filiam
3139 1112 3402 1169 Aristidis
3427 1116 3565 1170 Justi

2011 1196 2178 1274 dicit,
2213 1199 2318 1253 nisi
2345 1198 2493 1254 forte
2529 1198 2736 1255 menda
2778 1210 2860 1254 est
2900 1200 3282 1258 librariorum.
3328 1203 3566 1258 Omnem

2006 1283 2160 1340 hunc
2205 1286 2396 1340 locum
2441 1286 2726 1341 uberrime
2772 1296 2977 1343 tractat
3014 1289 3283 1343 Lueazius
3314 1289 3375 1342 in
3412 1290 3562 1344 libro

2008 1372 2096 1427 De
2124 1372 2369 1446 bigamia
2396 1374 2636 1429 Socratis
2656 1392 2718 1447 p.
2748 1372 2818 1438 54
2845 1393 2968 1450 sqq.

2705 1503 2799 1560 31.

1962 1606 1978 2141 Ι
2090 1632 2286 1688 Euseb.
2330 1635 2421 1690 Pr.
2455 1636 2557 1690 Ev.
2601 1636 2722 1709 XI,
2759 1634 2826 1704 3,
2865 1652 2933 1691 ex
2962 1636 3250 1691 Aristoclis
3283 1655 3456 1710 opere
3494 1636 3566 1691 de

1962 2147 1970 2188 Ι

2008 1721 2212 1794 philos.
2235 1722 2520 1778 Platonica
2549 1742 2563 1777 z
2585 1724 2702 1778 Nisi
2731 1722 2941 1792 divina,
2974 1724 3071 1793 ait,
3092 1724 3250 1797 prius
3276 1735 3564 1798 perspecta

2011 1817 2067 1862 et
2098 1808 2322 1882 cognita
2358 1807 2691 1878 habeamus,
2719 1807 3021 1883 praevideri
3062 1827 3096 1865 a
3133 1809 3301 1866 nobis
3326 1811 3566 1866 humana

2012 1912 2129 1949 non
2152 1905 2404 1969 possunt.
2432 1892 2584 1965 Φησὶ
2607 1895 2652 1952 δ’
2683 1891 3027 1971 Ἀριστόξενος
3049 1896 3076 1952 6
3117 1894 3359 1971 μουσικὸς
3386 1894 3564 1956 Ἰνδῶν

2012 1969 2143 2037 εἶναι
2166 1977 2253 2038 τὸν
2281 1979 2432 2058 λόγον
2460 1984 2638 2039 τοῦτον
2657 2003 2671 2018 ·
2696 1979 2938 2053 Ἀθήνησι
2961 1979 3062 2060 γὰρ
3083 1983 3313 2061 ἐντυχεῖν
3341 1983 3563 2062 Σωκρά-

2013 2089 2088 2124 τει
2113 2069 2215 2125 τῶν
2240 2069 2439 2148 ἀνδρῶν
2461 2068 2670 2127 ἐκείνων
2713 2067 2802 2126 ἕνα
2833 2069 2979 2145 τινὰ,
2999 2068 3223 2128 κᾶπειτα
3250 2073 3406 2129 αὐτοῦ
3434 2093 3562 2129 πυν-

2013 2152 2287 2228 θάνεσθαι,
2318 2154 2372 2212 τί
2416 2159 2577 2214 ποιῶν
2624 2153 2957 2237 φιλοσοφοίη·
2994 2162 3083 2215 τοῦ
3113 2158 3157 2214 δ’
3202 2157 3458 2231 εἰπόντος,
3485 2157 3563 2216 ὅτι

2010 2243 2177 2312 ζητῶν
2199 2242 2318 2321 περὶ
2341 2247 2433 2301 τοῦ
2459 2241 2780 2322 ἀνθρωπίνου
2802 2239 2944 2321 βίου,
2969 2243 3329 2319 καταγελάσαι
3350 2244 3437 2302 τὸν
3462 2244 3564 2303 Ἰν-

2011 2326 2122 2400 δὸν,
2157 2326 2375 2404 λε’γοντα
2405 2327 2478 2405 μὴ
2510 2328 2760 2388 δύνασθαί
2782 2352 2896 2388 τινα
2919 2328 2985 2388 τὰ
3012 2332 3308 2408 ἀνθρώπινα
3335 2331 3561 2390 κατιδεῖν

2011 2414 2296 2491 ἀγνοοῦντά
2316 2439 2376 2494 γε
2399 2414 2465 2474 τὰ
2493 2417 2625 2478 θεῖα.

2713 2540 2778 2596 31
2813 2561 2864 2598 a.

2087 2677 2273 2735 Schol.
2316 2678 2377 2732 in
2411 2678 2632 2736 Platon.
2659 2680 2922 2752 ,Apolog.
2950 2696 3011 2753 p.
3047 2677 3161 2733 330
3208 2678 3303 2739 ed.
3343 2678 3517 2734 Bekk.
3545 2696 3559 2735 :

2011 2753 2175 2828 Οἶτος
2202 2766 2230 2820 6
2255 2760 2465 2828 Ἄνυτος
2489 2761 2823 2840 Ἀνθεμίωνος
2854 2755 2919 2836 ἦν
2948 2763 3080 2837 υἱὸς,
3109 2763 3369 2835 Ἀθηναῖος
3386 2764 3528 2841 γένος
3546 2810 3565 2840 .-

2011 2848 2341 2909 Ἀλκιὸιάδου
2371 2849 2622 2929 ἐραστὴς,
2653 2850 2897 2917 πλούσιος
2933 2848 2987 2919 ἐξ
3025 2851 3426 2930 βυρσοδεψικῆς·
3451 2849 3563 2909 ὅθεν

2007 2936 2099 2996 καὶ
2123 2938 2489 3016 σκωπτόμενος
2514 2938 2616 2998 ὑπὸ
2647 2938 2960 3018 Σωκράτους
2988 2936 3073 2997 διὰ
3104 2942 3361 2999 τοῦτο.....
3389 2937 3564 2997 ἔπεισε

2008 3029 2180 3107 μισθῷ
2208 3024 2454 3099 Μέλητον
2480 3024 2719 3095 desecta<
2745 3025 2949 3108 γραφὴν
2970 3027 3145 3086 δοῦναι
3171 3025 3308 3084 κατὰ
3343 3027 3565 3107 Σωκρά-

2007 3136 2139 3179 τους.
2183 3112 2464 3192 Μίμνηται
2507 3113 2707 3182 Λυσίας
2734 3117 2785 3173 ἐν
2817 3113 3129 3195 Σωκράτους
3170 3112 3427 3193 ἀπολογίᾳ
3469 3114 3556 3172 καὶ

2010 3200 2256 3281 Ξενοφῶν
2305 3200 2494 3279 ὁμοίως
2561 3200 2650 3261 καὶ
2710 3199 3051 3282 Ἀριστόξενος
3105 3203 3159 3259 ἐν
3210 3204 3286 3279 τῷ
3344 3200 3564 3279 Σωκρά·

2008 3310 2129 3356 τους
2167 3287 2283 3369 βίῳ.

2016 3455 2147 3505 dedit
2171 3456 2473 3518 Aristoteles,
2501 3458 2585 3519 qui
2605 3456 2729 3506 libro
2756 3459 2827 3505 De
2845 3454 3096 3505 nobilitate
3117 3454 3268 3504 literis
3292 3453 3341 3502 id
3371 3453 3571 3502 manda-

2012 3535 2114 3586 vit:
2133 3533 2226 3584 nisi
2246 3535 2441 3585 tortasse
2467 3534 2712 3597 plebiscito
2725 3533 2866 3583 fuerit
2881 3536 2988 3583 tum
3002 3544 3280 3581 concessum
3297 3530 3362 3580 ob
3383 3531 3561 3579 civium

2019 3614 2266 3663 raritatem
2287 3649 2303 3675 ,
2320 3613 2591 3663 volentibus
2603 3624 2780 3662 uxores
2800 3611 2978 3660 habere
3007 3609 3129 3659 duas
3146 3613 3202 3659 ut
3220 3608 3413 3669 liceret;
3432 3607 3566 3672 ideo-

2013 3706 2109 3755 que
2132 3691 2505 3755 praetermissum
2535 3692 2586 3742 id
2618 3706 2647 3742 a
2679 3690 2877 3742 comicis
2908 3689 3083 3751 fuisse,
3119 3687 3339 3750 quamvis
3359 3689 3565 3738 Socratis

2013 3771 2182 3822 crebro
2197 3772 2516 3822 meminerint.
2537 3775 2609 3822 De
2637 3770 2868 3821 uxoribus
2894 3770 3211 3831 Hieronymus
3225 3766 3439 3817 Rhodius
3455 3767 3561 3829 ple·

2016 3850 2238 3900 hiscitum
2270 3850 2503 3912 ascripsit.
2547 3851 2611 3900 lis
2657 3849 2740 3913 qui
2770 3847 2832 3898 de
2866 3846 3054 3897 duabus
3087 3847 3298 3896 Socratis
3334 3844 3566 3895 uxoribus

2012 3928 2330 3992 scripserunt,
2351 3927 2641 3978 contradixit
2657 3926 2894 3977 Pauoetius
2910 3924 3144 3976 Rhodius.

2074 4100 2211 4148 Hane
2224 4096 2452 4148 Indorum
2475 4111 2579 4149 esse
2592 4097 2828 4148 rationem
2858 4096 3166 4147 Aristoxenus
3187 4094 3400 4143 musicus
3418 4092 3565 4141 testa-

2014 4175 2110 4225 tur.
2131 4174 2320 4238 Quippe
2346 4188 2499 4225 unum
2523 4189 2587 4226 ex
2608 4188 2667 4225 ea
2688 4174 2882 4224 natione
2898 4173 3109 4235 aliquem
3140 4169 3335 4221 Athenis
3356 4181 3566 4231 congres-

2014 4265 2121 4302 sum
2151 4265 2255 4303 esse
2275 4265 2389 4302 eum
2412 4253 2635 4314 Socrate,
2662 4264 2728 4301 ex
2750 4262 2906 4313 eoque
2926 4248 3220 4299 sciscitatum
3238 4282 3253 4307 ,
3276 4257 3485 4308 quanam
3517 4244 3566 4294 in

2014 4331 2201 4380 actione
2225 4329 2521 4393 philosophia
2551 4329 2655 4390 ejus
2690 4329 2979 4377 versaretur.
3008 4328 3119 4383 Quo
3154 4321 3494 4385 respondente,
3518 4321 3568 4370 in

2015 4407 2240 4457 bumana!
2264 4407 2378 4456 vitoe
2405 4406 2671 4456 rationibus
2700 4402 3011 4467 exquirendis
3037 4413 3144 4450 eam
3177 4398 3402 4460 occupari
3429 4399 3567 4447 :tum

2016 4498 2134 4537 vero
2167 4486 2327 4537 risisse
2357 4484 2561 4547 ludum,
2601 4495 2759 4547 quum
2799 4482 2991 4543 negaret
3030 4479 3240 4528 bumana
3274 4488 3565 4538 quemquam

2017 4563 2278 4627 proevidere
2299 4575 2460 4627 posse,
2478 4561 2564 4626 qui
2585 4560 2856 4611 divinorum
2877 4555 3170 4620 ignoratione
3190 4552 3444 4603 laboraret.

2716 4642 2777 4695 31
2811 4651 2861 4692 a.

2079 4730 2262 4791 Anytus
2285 4726 2364 4777 bic
2380 4723 2707 4778 Anthemionis
2726 4724 2830 4773 erat
2861 4720 3018 4781 tilius,
3041 4729 3212 4781 genae
3243 4715 3566 4775 Atheniensis,

2019 4804 2273 4857 Alcibiadis
2288 4803 2524 4865 amasius,
2547 4815 2610 4852 ex
2636 4800 2877 4851 curiorum
2904 4795 3214 4848 mhi-icaunae
3235 4794 3385 4844 dives.
3411 4797 3569 4852 Quam

2016 4883 2081 4933 ob
2098 4896 2202 4934 rem
2222 4895 2373 4945 quum
2391 4880 2610 4931 socrates
2628 4876 2857 4927 cavillans
2873 4874 2917 4926 ei
2937 4873 3181 4934 irrisisset,
3212 4869 3433 4922 mercede
3463 4872 3566 4920 Me·

2017 4961 2168 5011 letum
2205 4957 2438 5020 adduxit,
2476 4958 2534 5006 ut
2567 4954 2825 5018 impietatis
2846 4953 3084 5003 actionem
3117 4951 3284 4999 sonu-a
3319 4949 3569 4999 socratem

2019 5037 2306 5088 institueret.
2335 5033 2553 5087 Meminit
2595 5032 2740 5095 buius
2775 5030 2941 5095 Lysias
2975 5029 3027 5079 iu
3064 5024 3274 5077 Socratis
3314 5023 3564 5087 Apologia,

2017 5116 2158 5167 sicuti
2175 5115 2321 5166 etiam
2339 5111 2631 5183 Xenophon,
2652 5113 2700 5161 et
2721 5109 2771 5159 in
2788 5110 2902 5160 Vita
2919 5105 3129 5159 Socratis
3145 5102 3474 5156 Aristoxenus.
