4016 5916
490 469 598 521 864

1673 455 2045 515 DEMETRH
2092 453 2478 516 PHALEREI

485 589 783 670 εἰσαγγελία
807 610 821 649 2
848 585 1114 670 [Ἐκρινον
1139 588 1193 647 δὲ
1220 587 1310 655 τὰς
1339 585 1689 666 εἰσαγγελίας]
1719 590 1788 655 ὡς
1804 585 1898 664 μὲν
1935 586 2040 647 Φι-
2135 573 2417 659 ὅητοῦντας
2468 587 2733 661 διαιτητὰς
2784 588 2907 647 δέκα
2958 588 3048 659 ἔτη
3096 589 3416 668 λαμὸἄνειν·
3470 593 3548 652 διὸ
3600 593 3699 652 καὶ

480 677 700 759 λόχορος
730 676 1047 757 (Φιλόχανος
1070 675 1451 756 εοὰ.),χιλίων
1481 674 1857 753 καθεζομένων,
1886 676 1957 741 ὥς
1986 674 2041 732 δὲ

484 765 780 846 Δημήτριος
808 768 836 823 ὃ
864 764 1176 844 Φαληρεὺς,
1203 764 1386 842 χιλίων
1409 761 1784 821 πεντακοσίων.
1821 761 2042 819 Inclusa

483 856 761 930 supplevit
780 855 1034 911 Meierus.

563 943 765 999 Pollux
785 941 951 1012 VIII,
980 939 1051 996 53
1077 957 1091 999 ε
1120 937 1295 1000 Χίλιοι
1329 936 1382 996 δὲ
1407 935 1545 995 κατὰ
1579 934 1673 1014 μὲν
1697 935 1915 996 Σόλωνα
1947 933 2041 1002 τὰς

470 1026 808 1105 μῖσαγγελίας
847 1024 1060 1107 ἔκρινον·
1098 1023 1235 1083 κατὰ
1273 1022 1327 1082 δὲ
1361 1022 1447 1081 τὸν
1489 1021 1772 1104 Φαληρέα,
1794 1021 2040 1102 καὶπρὸς

483 1113 833 1172 πεντακόσιοι.

569 1227 594 1253 «ι
635 1204 722 1259 Ab
764 1202 992 1258 Polluce
1042 1220 1218 1275 quum
1256 1201 1575 1257 Demetrius
1609 1198 1804 1256 Soloni
1852 1217 2042 1273 oppo-

481 1301 668 1358 natur,
684 1299 749 1344 ut
766 1290 988 1344 Solonis
1004 1290 1234 1343 nomine
1245 1288 1394 1362 leges
1408 1287 1652 1355 Solonis,
1672 1286 1747 1340 ita
1761 1287 2040 1341 Demetrii

481 1379 711 1432 nomine
727 1377 1000 1433 Demetrii
1015 1376 1162 1450 leges
1179 1363 1475 1449 significari
1491 1372 1822 1440 credideris3
1842 1384 2039 1429 contra

484 1483 547 1519 ea
564 1465 659 1518 hic
681 1465 1072 1538 grammaticus
1086 1480 1260 1534 quum
1270 1461 1617 1516 Demetrium
1632 1470 1885 1533 opponat
1901 1461 2039 1515 Phi-

482 1551 720 1606 lochoro
737 1561 835 1621 ,ut
862 1550 1187 1605 Philochori
1211 1550 1439 1603 nomine
1475 1547 1799 1604 Philochori
1828 1546 2033 1616 libros,

481 1641 560 1694 ita
580 1639 855 1694 Demetrii
874 1637 1104 1690 nomine
1122 1636 1395 1692 Demetrii
1418 1635 1593 1689 libros
1617 1630 1928 1708 significare
1947 1635 2040 1689 vi-

483 1725 651 1781 detur
666 1745 681 1794 ;
706 1725 858 1779 bunc
873 1724 1046 1798 igitur
1059 1724 1137 1778 sic
1159 1723 1527 1796 interpretere
1545 1762 1559 1790 ,
1580 1721 1734 1794 quasi
1754 1738 1891 1776 vero
1908 1721 2038 1776 Phi-

482 1812 751 1867 lochorus
782 1811 1093 1867 narraverit
1132 1809 1203 1865 de
1227 1805 1570 1884 εἰσαγγελίαις
1599 1823 1821 1879 semper
1852 1807 2036 1876 mille,

480 1900 799 1956 Demetrius
818 1909 1001 1953 autem
1020 1897 1316 1953 tradiderit
1338 1896 1410 1951 de
1434 1896 1496 1949 iis
1512 1911 1733 1967 semper
1754 1895 1863 1948 MD
1882 1892 2039 1965 judi-

483 2006 573 2042 ces
584 1986 855 2058 judicasse
873 2028 890 2058 ,
912 2002 1108 2059 quum,
1133 1985 1419 2039 Pollucem
1439 1983 1482 2037 si
1501 1980 1660 2036 audis
1675 2021 1691 2049 ,
1708 1981 1844 2035 olim
1871 1981 2036 2036 Solo·

482 2075 569 2127 nis
583 2072 798 2147 legibus
810 2073 993 2142 mille,
1012 2082 1206 2145 postea
1227 2070 1496 2126 Demetrii
1519 2086 1589 2123 ex
1606 2066 1945 2140 legibusMD
1966 2066 2037 2122 de

483 2155 828 2233 εἰσαγγελίαις
842 2157 1168 2230 judicarint.
1211 2160 1398 2231 Atque
1434 2174 1563 2210 cum
1600 2154 1711 2208 hoc
1748 2153 2036 2209 rhetorico

470 2246 667 2301 'lexico
686 2256 750 2300 ut
776 2245 958 2300 facere
976 2244 1164 2300 malim
1179 2286 1194 2313 ,
1218 2243 1358 2298 illud
1378 2243 1514 2298 mihi
1530 2239 1856 2315 persuadet,
1878 2240 2037 2313 quod

485 2334 758 2389 Demetrii
809 2332 969 2387 libris
1016 2330 1147 2408 Περὶ
1188 2332 1282 2398 τῆς
1334 2326 1576 2399 Ἀθήνησι
1619 2325 1921 2402 νομοθεσίας
1964 2328 2035 2384 ab

487 2416 934 2493 Harpocratione
965 2428 1070 2489 ter,
1093 2417 1164 2472 ab
1190 2417 1301 2472 hoc
1329 2417 1510 2471 lexico
1544 2415 1833 2470 rhetorico
1866 2415 2037 2469 semel

484 2506 689 2563 diserte
706 2505 783 2580 (p.
804 2503 940 2576 672,
958 2505 1036 2578 4),
1059 2504 1228 2560 semel
1250 2504 1435 2558 minus
1452 2500 1656 2557 diserte
1681 2500 1756 2576 (p.
1775 2500 1913 2571 673,
1954 2500 2032 2572 4),

482 2592 602 2665 ejus
627 2604 816 2648 autem
855 2593 1074 2667 legibus
1096 2608 1387 2662 nunquam
1430 2590 1500 2644 ab
1544 2589 1630 2643 bis
1664 2588 2037 2663 grammaticis

484 2680 861 2735 testimonium
900 2677 1298 2746 denunciatur;
1325 2678 1511 2748 itaque
1550 2674 1705 2748 apud
1748 2675 2034 2730 Pollucem

484 2784 716 2840 quoque
741 2776 861 2820 tum
884 2782 984 2835 eo,
1013 2783 1130 2838 quo
1158 2782 1311 2819 nunc
1336 2765 1540 2837 agitur,
1570 2764 1701 2817 loco
1747 2764 1911 2831 VIII,
1940 2760 2034 2831 52,

483 2849 621 2916 κατὰ
656 2847 711 2908 δὲ
738 2849 828 2909 τὸν
853 2848 1113 2927 Φαληρέα
1147 2869 1264 2905 non
1286 2848 1560 2923 significat
1576 2868 1653 2904 ea:
1682 2849 1894 2924 legibus
1921 2850 2035 2905 sive

483 2951 728 3013 tempore
747 2939 1131 3007 Phala-ensis,
1166 2949 1284 2994 tum
1302 2938 1465 3005 VIII,
1513 2953 1642 3007 102,
1673 2930 2037 3014 νομοφύλακας

484 3024 541 3081 δὲ
563 3024 699 3081 κατὰ
725 3023 812 3082 τὸν
834 3024 1091 3103 Φαληρέα
1106 3068 1122 3099 ,
1145 3020 1621 3098 μετωνομάσθησαν
1649 3041 1769 3078 non
1794 3033 1875 3079 est
1905 3044 2035 3081 cum

484 3114 719 3169 Kuhuio
778 3112 1173 3187 explicandum
1229 3124 1470 3187 tempore
1507 3110 1886 3180 Phalerensis‚
1935 3113 2036 3169 sed

483 3211 723 3274 uterque
751 3202 909 3256 locus
931 3199 1002 3256 ad
1027 3218 1122 3256 eos
1149 3190 1297 3274 quos*
1319 3200 1562 3255 diximus
1584 3199 1758 3254 libros
1782 3201 1868 3255 De
1890 3199 2032 3276 legi-

484 3289 590 3343 bus
617 3288 806 3344 Atticis
824 3286 1153 3343 referendus
1175 3298 1273 3344 est.
1306 3287 1432 3341 Jam
1452 3286 1543 3341 via
1563 3295 1758 3359 parata
1795 3296 1901 3357 est,
1923 3306 2035 3359 qua

482 3376 774 3431 Pollucem
799 3393 926 3430 cum
953 3375 1064 3429 hoc
1091 3375 1304 3443 lexic0,
1331 3390 1442 3446 qua
1467 3373 1869 3430 Philochorum
1902 3393 2033 3429 cum

479 3463 769 3519 Demetrio
803 3463 1180 3519 conciliemus.
1209 3463 1429 3517 Etenim
1466 3461 1835 3516 Philochorus
1874 3462 2034 3534 quod

477 3551 631 3605 mille
658 3549 876 3621 judices
903 3549 975 3605 de
1001 3546 1345 3626 εἷσαγγελίαις
1370 3547 1646 3620 judicasse
1678 3550 1928 3622 scripsit,
1959 3549 2032 3605 ad

475 3646 723 3693 veterem
770 3637 992 3692 Solonis
1033 3638 1210 3711 legem
1236 3678 1253 3710 ,
1290 3636 1634 3709 Demetrius,
1676 3634 1834 3708 quod
1878 3636 2032 3691 mille

477 3726 813 3799 quingentos
848 3723 1067 3795 judices
1105 3726 1166 3779 in
1212 3725 1319 3779 illis
1357 3723 1801 3779 accusationibus
1828 3722 2032 3779 sedisse

476 3809 740 3879 tradidit,
765 3810 837 3866 ad
856 3828 1074 3866 morem
1099 3821 1324 3886 postea,
1346 3812 1533 3866 nescio
1558 3810 1787 3883 quando
1803 3851 1820 3880 ,
1842 3810 2030 3866 iutro-

478 3898 709 3954 ductum
739 3900 1038 3973 respexisse
1062 3898 1348 3973 putandus
1375 3909 1472 3956 est.
1510 3924 1533 3949 ο
1569 3898 1852 3956 Mamaos.

1214 4064 1306 4100 11.

460 4238 471 4247 ,
553 4183 748 4239 Lexic.
779 4182 947 4237 Rhet.
991 4200 1052 4255 p.
1079 4180 1221 4251 673,
1254 4181 1285 4237 3
1310 4201 1364 4241 V.
1399 4178 1519 4258 [Ἣ]
1546 4179 1628 4257 μὴ
1655 4172 1815 4240 οὖσα
1846 4179 2025 4253 δίκη·

475 4266 775 4346 Δημήτριος
810 4270 838 4324 ὁ
878 4265 1161 4346 Φαληρεὺς
1196 4265 1356 4333 ἐνίους
1396 4265 1534 4345 λέγει
1573 4271 1675 4326 τῶν
1714 4266 2029 4349 κρινομένων

474 4360 802 4432 κακοτεχνεῖν
842 4361 948 4421 τοῖς
987 4352 1258 4413 διώκουσιν
1310 4352 1782 4433 ἀντιλαγχάνοντας
1820 4355 1913 4425 τὴν
1953 4358 2027 4431 μὴ

475 4432 661 4499 οὖσαν·
692 4441 768 4497 δεῖ
803 4439 905 4520 γὰρ
927 4439 1042 4507 τοὺς
1067 4439 1215 4520 [μὴ]
1241 4438 1369 4519 ὓπὲρ
1399 4440 1522 4499 δέκα
1551 4443 1798 4520 δραχμῶν
1830 4444 2022 4522 ἀμφισ-

472 4606 630 4665 mille,
665 4606 928 4658 secundum
966 4608 1262 4657 Demetrium
1291 4607 1574 4658 Phalereum
1617 4608 1743 4657 mille
1778 4608 2024 4673 quingenti

472 4683 718 4735 sedebant.

530 4846 801 4898 Demetrius
820 4846 1079 4899 Phalereus
1103 4846 1221 4898 dicit
1243 4847 1500 4898 nonnullos
1535 4860 1641 4898 reos
1671 4848 1808 4898 malis
1841 4849 2027 4899 artibus

470 4924 520 4973 ln
538 4927 840 4976 accusatores
856 4926 927 4975 uti
945 4938 1003 4976 eo
1015 4963 1031 4988 ,
1051 4925 1185 4989 quod
1202 4926 1551 4977 restitutionem
1570 4926 1668 4977 litis
1684 4930 1913 4991 peterent.
1934 4932 2028 4980 De-

470 5001 588 5050 bent
603 5003 730 5052 enim
752 5001 787 5052 il
799 5040 814 5063 ,
835 5015 1042 5066 quorum
1070 5002 1130 5053 lis
1146 5007 1219 5054 est
1242 5003 1364 5053 infra
1385 5002 1550 5053 decem
1568 5002 1905 5054 drachmarum
1924 5019 2026 5067 pre·

475 5079 593 5128 tium
607 5116 621 5140 ‚
647 5080 706 5129 ad
729 5081 934 5131 arbitros
960 5094 1067 5131 eam
1086 5082 1284 5132 deferre.
1312 5084 1465 5146 Atque
1486 5083 1561 5133 lex
1591 5086 1774 5134 eratne
1794 5082 2027 5146 ejusmodi

472 5170 614 5207 causa
634 5157 686 5207 in
698 5157 934 5219 iudicium
950 5159 1196 5223 publicum
1216 5162 1601 5211 introduceretur
1614 5165 1873 5225 antequam
1896 5160 2027 5225 apud

471 5234 676 5284 arbitros
706 5238 829 5286 esset
858 5237 1109 5286 instructa.
1148 5238 1259 5287 Jam
1288 5251 1402 5289 vero
1424 5240 1668 5302 nonnulli,
1706 5240 1789 5304 qui
1825 5240 2025 5303 justitiae

2130 675 2297 737 ἔκειτο
2327 675 2480 754 νόμος
2508 675 2582 753 μὴ
2609 675 2906 754 εἰσάγεσθαι
2936 676 3104 750 δίκην,
3131 680 3176 736 εἰ
3206 675 3279 755 μὴ
3303 677 3551 761 πρότερον
3585 682 3704 750 ἐξε-

2130 760 2344 836 τασθείη
2378 766 2507 841 παρ’
2547 764 2718 830 αὐτοῖς
2746 763 2804 821 τὸ
2831 772 3052 841 πρᾶγμα
3070 788 3083 801 ·
3116 764 3276 832 ἐνίους
3315 765 3369 824 δὲ
3399 767 3606 836 ἀσθενὲς
3635 768 3709 827 τὸ

2131 847 2330 908 δίκαιον
2360 846 2573 930 ἔχοντας
2599 849 2689 908 καὶ
2719 849 3009 918 δεδοικότας
3038 848 3132 923 τὴν
3161 853 3524 928 καταδίαιταν,
3563 857 3703 936 χρό-

2131 956 2244 1003 νους
2271 935 2550 1012 ἑμὸάλλειν
2571 936 2660 995 καὶ
2683 935 2897 1017 σκήψεις
2914 981 2929 1009 ,
2948 936 3059 1007 οἵας
3082 940 3248 998 δοκεῖν
3263 932 3396 1000 εἶναι
3415 941 3658 1021 εὐλόγους
3679 970 3696 983 ·

2132 1020 2224 1080 καὶ
2253 1021 2313 1080 τὸ
2343 1021 2438 1101 μὲν
2469 1028 2676 1104 πρῶτον
2700 1023 3159 1105 παραγράφεσθαι,
3183 1026 3243 1086 τὸ
3272 1030 3294 1106 [
3320 1027 3373 1086 δὲ
3404 1029 3645 1111 δεύτερον
3671 1033 3708 1111 ]

2129 1106 2457 1186 ὀπόμνυσθαι
2484 1111 2631 1170 νόσον
2659 1109 2695 1182 ἢ
2735 1111 3054 1188 ἀποδημίαν,
3090 1112 3179 1172 καὶ
3213 1116 3563 1184 τελευτῶντας
3604 1118 3698 1176 ἐπὶ

2131 1195 2225 1267 τὴν
2249 1196 2430 1277 κυρίαν
2460 1200 2618 1271 αὐτῆς
2644 1199 2803 1277 [τῆς]
2833 1199 3033 1271 διαίτης
3061 1199 3261 1281 ἡμέραν
3284 1204 3377 1261 οὗκ
3410 1205 3698 1263 ἀπαντῶν-

2131 1306 2223 1352 τας
2239 1330 2255 1360 ,
2280 1286 2656 1364 [ἀπαντῶντας
2679 1287 2770 1365 δὲ]
2797 1284 2993 1364 ἡ[λίου]
3014 1284 3269 1362 δύνοντος,
3292 1290 3698 1371 ἀντιλιαγέάνειν

2132 1369 2230 1443 τὴν
2259 1371 2333 1445 μὴ
2363 1362 2522 1430 οὖσαν
2563 1375 2637 1453 τῷ
2673 1373 2872 1450 ἑλόντι,
2903 1372 3038 1434 ὥστε
3067 1374 3121 1444 ἐξ
3158 1379 3403 1457 ὑπαρχῆς
3443 1379 3696 1460 ἀκέραιον

2132 1460 2304 1524 αὐτοῖς
2326 1457 2667 1517 καθίστασθαι
2690 1459 2775 1518 τὸν
2807 1462 3003 1538 ἀγῶνα.

2211 1559 2493 1614 Hactenus
2511 1560 2785 1615 Demetrii
2811 1561 3106 1620 sententia.
3141 1563 3528 1636 subjiciuntur
3547 1586 3694 1624 vero

2130 1644 2246 1699 haec
2277 1662 2295 1699 t
2334 1644 2467 1701 Κατ’
2500 1644 2661 1712 ἐνίους
2688 1642 2742 1702 δὲ
2778 1649 2813 1716 ἡ
2848 1644 3103 1716 ἀντίληξις
3148 1648 3392 1726 [οὗδεμία
3420 1641 3550 1732 iifl,
3579 1653 3690 1711 οὐδ’

2134 1726 2308 1807 [ὅλ]ως
2349 1731 2647 1809 ἀντιλαχεῖν
2692 1728 2831 1803 ἐξῆν,
2871 1732 2961 1789 καὶ
3007 1733 3339 1814 μετέγραψαν
3382 1735 3418 1807 ἢ
3454 1735 3584 1804 ὅλως
3625 1742 3688 1798 ἐκ

2128 1819 2230 1874 τῶν
2255 1817 2409 1874 δικῶν
2437 1816 2596 1888 αὐτὴν
2627 1819 2854 1878 ἀνεῖλον·
2881 1819 3063 1878 τούτου
3088 1820 3140 1879 δὲ
3180 1820 3342 1881 αἴτιον
3363 1828 3398 1896 ἡ
3426 1829 3517 1884 τοῦ
3544 1825 3690 1893 ἔθους

2130 1901 2379 1983 ἔκλειψις·
2404 1902 2656 1983 ἀνῄρηται
2678 1904 2780 1985 γὰρ
2809 1904 2943 1982 μετὰ
2965 1908 3067 1964 τῶν
3102 1908 3310 1966 διαιτῶν
3339 1913 3372 1980 ἡ
3404 1909 3684 1982 ἀντίληξις,

2130 1988 2287 2061 Ἐξῆν
2313 1988 2365 2048 δὲ
2397 1990 2791 2070 ἀντιλαγχάνειν
2814 1991 2953 2059 ἐντὸς
2974 1997 3183 2073 ἡμερῶν
3210 1994 3351 2055 δέκα.

2211 2077 2723 2157 ἀντιλαγχάνοντας]
2752 2079 3188 2159 ἀντιλαγχάνουσι
3230 2085 3390 2156 cod.;
3427 2106 3684 2165 κακοτεχ·

2128 2170 2355 2232 νοῖντας.
2381 2209 2416 2228 ..
2433 2165 2828 2244 ἀντιλαγχάνειν
2846 2168 3006 2224 dedit
3026 2171 3245 2242 Meier.,·
3269 2172 3416 2228 idem
3435 2187 3570 2230 mox
3580 2173 3685 2231 ad-

2128 2254 2273 2309 didit
2296 2251 2389 2329 μὴ;
2411 2288 2488 2298 -
2508 2251 2809 2326 διαιτητὰς]
2826 2256 3046 2332 Meier.,
3066 2255 3341 2327 διαιτητεῖς
3354 2260 3560 2319 codex.
3574 2263 3679 2319 Ce-

2128 2349 2309 2397 terum
2325 2344 2591 2400 Meierus:
2625 2366 2651 2392 α
2674 2344 2741 2397 In
2756 2339 2882 2399 δέκα
2916 2338 3004 2411 ἔτη
3039 2343 3178 2416 quid
3207 2346 3389 2418 lateat,
3425 2348 3682 2405 nondum

2123 2432 2412 2503 perspexi3
2452 2448 2580 2484 nam
2608 2429 2766 2502 quod
2790 2430 2847 2487 C.
2872 2431 2937 2487 F.
2966 2432 3317 2487 Hermannus
3345 2434 3402 2487 in
3431 2436 3678 2490 Prooem.

2126 2516 2247 2571 ind.
2290 2516 2470 2572 schol.
2511 2516 2799 2592 Marburg.
2834 2535 2904 2573 an
2935 2517 3238 2586 1833-34
3271 2519 3514 2594 conjecit
3540 2521 3680 2577 διαι-

2126 2600 2218 2666 τὰς
2264 2601 2309 2659 δ’
2353 2606 2467 2660 sive
2517 2600 2775 2679 τέσσαρας
2823 2602 3230 2681 ἕπιλαμὸάνειν,
3269 2607 3330 2662 id
3380 2626 3510 2663 sane
3561 2627 3680 2664 non

2125 2691 2363 2747 multum
2408 2691 2622 2748 recedit
2654 2692 2724 2747 ab
2762 2693 3051 2748 literarum
3087 2695 3354 2769 vestigiiS,
3406 2710 3684 2771 repugnat

2126 2789 2346 2850 autem,
2380 2781 2438 2834 ni
2469 2779 2656 2848 fallor,
2690 2790 2809 2835 tum
2849 2782 2970 2835 usui
3003 2783 3275 2837 sermonis
3314 2782 3498 2856 (certe
3531 2802 3681 2838 nun-

2127 2884 2323 2940 quam,
2350 2866 2506 2941 quod
2525 2868 2711 2937 sciam,
2741 2863 3113 2941 ἐπιλαμὸἄνειν
3128 2867 3395 2939 διαιτητὴν
3418 2868 3681 2946 dicitur),

2127 2964 2246 3011 tum
2290 2956 2458 3012 etiam
2496 2955 2672 3031 magis
2721 2956 3067 3029 antiquitatis
3114 2955 3277 3028 fidei3
3325 2977 3454 3013 nam
3499 2977 3679 3015 unum

2126 3045 2442 3118 exemplum
2489 3062 2665 3099 causae
2710 3044 2780 3100 ab
2836 3057 3108 3118 quattuor
3156 3048 3377 3102 arbitris
3414 3046 3682 3118 judicatae

2125 3148 2196 3189 eo
2226 3134 2408 3189 minus
2438 3133 2649 3208 probat
2673 3134 2924 3189 debuisse
2959 3153 3149 3191 coram
3203 3128 3489 3209 quaternis
3524 3136 3685 3192 arbi-

2124 3222 2225 3275 tris
2249 3238 2436 3277 causas
2462 3219 2780 3295 disceptari,
2801 3240 2916 3295 quo
2956 3223 3124 3296 plura
3147 3223 3406 3279 novimus
3421 3226 3680 3299 exempla

2123 3308 2303 3363 litium
2326 3308 2395 3363 ab
2414 3307 2643 3383 singulis
2670 3308 2891 3364 arbitris
2897 3306 3294 3381 judicatarum.
3322 3335 3345 3358 υ
3375 3307 3681 3387 [Equidem

2121 3413 2230 3468 pro
2258 3393 2536 3465 διαιτητεῖς
2572 3392 2696 3451 δέκα
2727 3391 2817 3464 ἔτη
2841 3394 2890 3452 λ.
2927 3399 3324 3470 proposuerim
3352 3416 3366 3455 ε
3412 3397 3684 3468 διαιτητὰς

2124 3482 2195 3546 εἰς
2218 3479 2365 3551 δίκην
2386 3480 2611 3550 ἑκάστην
2625 3479 2936 3558 λαμὸάνειν,
2951 3485 3039 3539 vel
3057 3481 3320 3553 διαιτητὰς
3335 3486 3403 3549 ὡς
3429 3482 3682 3550 δικαστὰς

2121 3564 2436 3642 λαμὸἄνειν,
2482 3568 2642 3642 quod
2680 3588 2799 3625 non
2839 3570 2914 3627 ita
2960 3572 3128 3648 longe
3179 3573 3335 3628 abest
3388 3571 3460 3627 ab
3506 3572 3686 3629 literis

2124 3674 2260 3733 quas
2293 3655 2520 3713 traditas
2552 3659 2888 3733 accepimus.
2928 3657 3037 3736 —]
3069 3684 3094 3711 «ι
3127 3662 3333 3718 Verum
3373 3658 3517 3715 illud
3550 3671 3683 3717 utut

2123 3758 2232 3817 est,
2262 3748 2306 3802 si
2333 3745 2509 3801 modo
2544 3746 2740 3820 priora
2768 3746 2941 3803 verba
2970 3759 3122 3804 recte
3160 3748 3483 3819 emendavi,
3521 3748 3678 3815 lites,

2123 3850 2246 3905 quae
2270 3841 2446 3891 essent
2473 3832 2618 3888 infra
2641 3831 2837 3888 decem
2866 3833 3186 3905 drachmas,
3212 3831 3488 3890 debebant
3515 3846 3680 3891 antea

2122 3917 2276 3993 apud
2303 3918 2546 3974 arbitros
2568 3917 2894 3992 disceptari,
2922 3938 3092 3993 quam
3115 3922 3173 3976 in
3189 3921 3468 3993 judicium
3488 3920 3680 3977 deser·

2120 4016 2318 4061 rentur
2343 4006 2721 4075 heliasticum3
2766 4023 2893 4080 quae
2935 4008 3108 4083 igitur
3153 4008 3348 4064 decem
3390 4007 3682 4065 drachmis

2122 4089 2361 4162 majores
2433 4103 2613 4150 essent
2651 4094 2885 4167 privatae
2931 4097 3361 4164 controversiae,
3409 4106 3679 4169 poterant

2121 4181 2228 4235 illae
2256 4181 2485 4254 quidem
2504 4221 2519 4250 ,
2554 4181 2653 4237 sed
2677 4198 2794 4237 non
2829 4181 3111 4239 debebant
3143 4184 3370 4239 arbitris
3404 4194 3569 4239 antea
3603 4184 3678 4239 ad

2121 4267 2541 4343 disceptandum
2581 4268 2729 4326 dari.
2769 4269 2838 4325 Id
2877 4288 3015 4327 vero
3059 4282 3177 4326 tum
3221 4281 3434 4326 naturae
3478 4288 3677 4325 rerum

2120 4357 2541 4412 convenientius
2561 4368 2672 4427 est,
2698 4375 2866 4431 quarn
2895 4377 3018 4432 quae
3039 4369 3117 4414 est
3134 4358 3368 4433 vulgatae
3387 4358 3679 4432 scripturae

2120 4443 2388 4498 sententia
2405 4484 2421 4512 ,
2457 4454 2521 4497 ut
2545 4442 2740 4499 decem
2775 4444 3053 4501 drachmis
3074 4443 3313 4516 majores
3335 4444 3676 4511 debuerint,

2114 4618 2273 4656 causae
2298 4619 2398 4656 suoe
2431 4618 2602 4670 pamm
2637 4606 2835 4658 fiderent
2848 4646 2863 4671 ,
2893 4610 3271 4672 vererenturque
3290 4622 3352 4659 ne
3386 4607 3448 4658 ab
3482 4606 3679 4657 arbitris

2114 4682 2564 4743 condemnarentur,
2581 4696 2741 4734 moras
2759 4688 2946 4736 nectere
2958 4698 3017 4735 ac
3034 4688 3296 4750 praetextus
3309 4686 3357 4734 et
3372 4684 3679 4747 exceptiones

2113 4760 2351 4823 speciosas
2368 4760 2541 4809 afferre
2562 4760 2846 4825 studebant3
2871 4774 2931 4812 ac
2952 4763 3160 4827 primum
3179 4761 3371 4825 quidem
3388 4760 3679 4824 exceptione

2114 4836 2314 4887 actionis
2333 4850 2428 4887 non
2453 4838 2581 4887 recte
2604 4838 2835 4890 institutae
2868 4840 2965 4901 uti,
2989 4840 3160 4890 deinde
3188 4852 3305 4889 vero
3335 4839 3562 4888 morbum
3588 4841 3680 4889 aut

2116 4913 2539 4977 peregrinationem
2550 4914 2641 4963 sub
2652 4916 2958 4979 jurisjurandi
2970 4916 3064 4967 fide
3073 4916 3385 4980 praetexentes
3394 4914 3686 4969 dilationem.

2114 4995 2274 5054 petere
2285 5030 2299 5055 ,
2315 4992 2521 5055 denique
2533 4991 2663 5044 dicta
2681 4994 2758 5045 die
2775 4998 2858 5045 aut
2872 4996 3067 5046 omnino
3085 5009 3196 5055 non,
3211 4997 3297 5044 aut
3308 4992 3558 5045 occidente
3569 4996 3682 5056 jam

2114 5069 2214 5118 sole
2226 5082 2278 5120 se
2290 5069 2508 5120 sistentes
2522 5070 2870 5122 restitutionem
2889 5073 2987 5123 litis
3004 5075 3164 5136 petere
3175 5108 3190 5132 ,
3205 5071 3326 5123 adeo
3344 5073 3398 5121 ut
3411 5069 3474 5120 de
3487 5071 3686 5133 intem-o

2117 5161 2310 5211 prorsus
2336 5160 2481 5198 causa
2502 5147 2662 5198 denuo
2685 5150 2975 5201 insumenda
3002 5153 3144 5202 esset.
