4016 5916
472 344 581 398 164

980 471 1503 531 ΚΟΛΟΦΩΧΙΩΝ.

1177 633 1305 688 ¹97·

553 753 852 809 Athenaeus
876 752 1035 819 XIV,
1074 769 1134 825 p.
1163 749 1300 818 618,
1330 751 1420 804 E:
1452 738 1559 805 Ἦν
1600 745 1653 802 δὲ
1680 741 1881 802 καὶέπὶ
1908 744 2021 805 ταῖς

471 837 652 917 ἐώραις
680 859 756 903 τις
781 837 864 893 ἐπ’
882 836 1154 942 Ἠριγόνῃ,
1171 835 1234 906 ἣν
1255 832 1345 892 καὶ
1372 833 1575 904 Ἀλῆτιν
1593 831 1832 909 λέγουσιν
1861 828 2021 910 ᾠδήν.

473 922 826 1002 Ἀριστοτέλης
855 928 975 998 γοῦν
1002 925 1054 980 ἐν
1082 928 1146 1002 τῇ
1175 919 1519 1000 Κολοφωνίων
1559 922 1713 977 πολιτ
1717 919 1799 997 εἷα
1840 915 2022 999 φησίν·

472 1009 788 1071 «Ἀπέθανε
823 1010 877 1069 δὲ
923 1009 1014 1068 καὶ
1049 1008 1202 1075 αὐτὸς
1241 1010 1269 1066 δ
1314 1007 1585 1087 Θεόδωρος
1629 1006 1840 1086 ὕστερον
1871 1003 2025 1085 βιαίῳ

473 1100 707 1181 θανάτῳ·
734 1097 941 1177 λέγεται
976 1096 1032 1156 δὲ
1068 1095 1305 1175 γενέσθαι
1334 1098 1539 1177 τρυφῶν
1570 1117 1677 1168 τις,
1724 1098 1793 1161 ὣς
1834 1095 1892 1151 ἐκ
1936 1095 2028 1163 τῆς

473 1187 734 1257 ποιήσεως
772 1183 928 1257 δῆλόν
969 1186 1136 1243 ἔστιν·
1184 1181 1261 1241 ἔτι
1301 1182 1401 1262 γὰρ
1444 1179 1533 1240 καὶ
1577 1187 1666 1240 νῦν
1710 1184 1763 1240 αἱ
1792 1187 2027 1259 γυναῖκες

478 1275 688 1355 ᾄδουσιν
717 1273 874 1331 αὐτοῦ
905 1269 1039 1349 μέλη
1063 1270 1182 1350 περὶ
1204 1269 1297 1335 τὰς
1322 1269 1567 1349 ἕωρας.»

556 1362 642 1422 Cf.
666 1363 870 1419 Pollux
886 1364 986 1431 lv,
1013 1359 1131 1419 55.
1116 1349 1263 1419 Ἦν
1283 1381 1333 1415 τι
1351 1358 1405 1416 δὲ
1427 1356 1519 1417 καὶ
1543 1360 1721 1430 ἀλῆτις
1745 1348 1891 1439 ᾆσμα
1916 1358 2030 1421 ταῖς

480 1448 698 1531 αἰώραις
743 1446 1165 1528 προσαδόμενον,
1200 1442 1476 1526 Θεοδώρου
1505 1444 1708 1521 ποίημα
1736 1451 1823 1503 τοῦ
1864 1445 2029 1503 Κολο-

487 1536 700 1615 φωνίου.
731 1541 816 1594 De
849 1537 971 1593 festi
994 1538 1216 1593 ratione
1245 1554 1305 1593 v.
1326 1536 1601 1591 Meursius
1635 1534 1734 1593 Gr.
1764 1534 1869 1590 ser.
1901 1553 1946 1590 s.
1972 1552 2028 1590 v.

481 1624 693 1704 Αἷώρα,
733 1624 1016 1683 Welcker.
1047 1622 1347 1697 Nachoeag
1399 1641 1449 1682 z.
1491 1624 1710 1698 Τιτίῳ.
1745 1641 1857 1678 222
1882 1640 2028 1695 sqq.;

481 1712 809 1771 Schwenck.
852 1713 1090 1770 Andeut.
1119 1730 1180 1785 p.
1233 1710 1306 1777 48
1347 1730 1450 1785 sq.;
1477 1713 1780 1767 Hermann.
1822 1712 2033 1767 Gottes-

480 1803 702 1857 dienstl.
725 1799 965 1859 Alter-th.
989 1799 1021 1874 §
1044 1799 1116 1854 26
1141 1811 1196 1855 et
1225 1798 1319 1857 θα.

1151 1935 1313 2015 [198
1322 1938 1345 2015 i

563 2068 814 2155 [ᾼτίειοῑ.
841 2069 966 2125 Pol.
980 2069 1076 2136 lv,
1094 2066 1125 2122 3
1135 2084 1241 2142 ,39
1273 2064 1370 2125 Ἐν
1392 2061 1737 2144 Κολοφῶνιτο
1764 2060 2032 2119 παλαιον..

484 2156 762 2228 ἐκέκτηντο
790 2153 998 2235 μακρὰν
1031 2151 1212 2211 οὐσίαν
1237 2155 1283 2212 οἱ
1312 2153 1385 2210 π)
1388 2174 1519 2218 ειους
1546 2149 1666 2231 πρὶν
1691 2147 1927 2228 γενέσθαι
1949 2172 2037 2207 τον

484 2244 714 2321 πόλεμον
737 2242 867 2323 πρὸς
896 2241 1011 2310 τοὺς
1051 2239 1267 2307 Λυδούς.
1295 2234 1319 2323 ]
1355 2242 1538 2297 Alium
1579 2240 1812 2298 Aristot.
1850 2240 2039 2296 locum

482 2354 540 2392 v.
566 2335 634 2393 fr.
666 2333 797 2410 196.

1011 2450 1508 2530 [MAFNHTDN]

1137 2600 1275 2679 [198
1305 2597 1387 2677 a.]

563 2738 651 2792 De
709 2734 1002 2809 Magnesiis
1051 2733 1124 2789 ad
1178 2732 1525 2790 Maeandrum
1585 2750 1707 2805 quae
1771 2742 2046 2786 memorat

488 2822 720 2878 Aristot.
740 2821 864 2876 Pol.
887 2822 986 2890 IV,
1015 2819 1071 2890 3,
1095 2838 1154 2894 α,
1184 2818 1314 2875 vide
1328 2818 1399 2876 fr.
1433 2837 1566 2893 ¹09·
1591 2820 1677 2874 De
1699 2817 1893 2873 iisdem
1922 2817 2046 2873 lau-

489 2907 655 2964 datur
684 2902 1037 2985 Ἀριστοτέλης
1080 2903 1114 2977 ἢ
1146 2903 1481 2986 Θεόφραστος
1520 2906 1573 2961 ἐν
1618 2903 1725 2970 τοῖς
1768 2901 2046 2982 Ὑπομνή-

491 3016 622 3071 μασι
644 2993 796 3069 apud
817 2996 1147 3051 Athenaeum
1171 2997 1267 3064 IV,
1297 3013 1356 3069 p.
1387 2994 1514 3065 173,
1536 2997 1600 3065 F,
1625 2995 1726 3050 uhi
1745 3006 2047 3069 postquam

490 3104 522 3139 e
547 3084 713 3139 Semo
739 3082 905 3138 Delio
945 3092 1268 3139 narraverat
1295 3083 1488 3138 Delios
1523 3082 1726 3138 Delum
1759 3083 2040 3138 venienti-

1531 326 2024 388 ARlsToTELis
2063 326 2559 387 FRAGMENTA.

2110 448 2384 537 stragula,
2421 465 2608 537 pergit
2653 482 2665 516 z
2706 458 3061 539 Ἀριστοτέλης
3090 462 3133 520 δ’
3162 460 3197 533 ἢ
3239 462 3577 544 Θεόφραστος
3609 474 3671 531 ἐν

2110 547 2213 612 τοῖς
2241 546 2648 625 Ὑπομνήμασι,
2646 547 2791 653 ωπερὶ
2824 548 3122 622 Μαγνήτων
3147 548 3315 627 λέγων
3343 555 3445 609 τῶν
3474 553 3558 611 ἐπὶ
3583 560 3678 613 τοῦ

2114 633 2417 712 Μαιάνδρου
2442 638 2701 709 ποταμοῦ,
2722 633 2801 691 ὅτι
2828 636 3043 715 Δελφῶν
3067 638 3195 695 εἰσιν
3222 637 3464 712 ἄποικοι,
3483 640 3676 698 τοσαύ-

2112 744 2206 789 τας
2231 722 2590 787 ἐπιτελοῦντας
2624 719 2809 787 αὐτους
2845 725 2987 780 ποιεῖ
3007 722 3185 802 χρείας
3213 733 3318 792 τοῖς
3356 749 3676 807 παραγιγνο·

2115 807 2284 885 μένοις
2305 811 2409 866 τῶν
2431 806 2608 880 ξένων,
2632 808 2796 886 λέγων
2817 807 3066 876 officior«
3044 813 3394 889 «Μάγνητες,
3424 817 3472 873 οἱ
3496 815 3582 873 ἐπι
3602 819 3688 895 τῶ

2115 895 2405 977 Μαιάνδρῳ
2429 900 2654 976 ποταμῷ
2687 902 3075 970 κατοικοῦντες,
3103 898 3232 978 ῖεροι
3259 905 3348 958 τοῦ
3373 905 3519 978 θεοῦ,
3544 904 3678 962 Δελ·

2117 985 2225 1063 φῶν
2248 982 2477 1057 ἄποικοι,
2500 982 2790 1062 παρέχουσι
2817 986 2922 1050 τοῖς
2947 987 3259 1063 ἐπιδημοῦσι
3287 986 3496 1065 στέγην,
3529 989 3682 1061 ἅλας,

2116 1068 2308 1141 ἔλαιον,
2331 1068 2460 1140 ὄξος,
2483 1069 2780 1147 ἕπίλυχνον,
2799 1069 2996 1141 κλίνας,
3025 1071 3331 1151 στρώματα,
3358 1073 3630 1153 τραπέζας.
3653 1104 3688 1128 ι

2195 1160 2330 1231 Quae
2353 1159 2582 1232 quidem
2600 1156 2996 1233 Ὑπομνήματα
3015 1160 3298 1233 cujusnam
3324 1165 3542 1236 generis
3560 1164 3692 1221 fue·

2115 1247 2260 1316 rint,
2309 1247 2523 1303 nescio.
2560 1248 2720 1303 Alter
2761 1248 2917 1302 locus
2958 1265 3126 1320 quem
3167 1266 3237 1303 ex
3269 1249 3468 1304 iisdem
3511 1252 3684 1308 affert

2117 1334 2414 1389 Athenaeus
2438 1335 2592 1404 XIV,
2621 1353 2681 1408 p.
2715 1332 2927 1404 655,C,
2958 1334 3028 1390 ad
3055 1335 3346 1392 historiam
3371 1340 3687 1396 naturalem

2117 1421 2386 1494 pertinet.

2676 1530 3120 1608 (Munna-N.)

2841 1670 2972 1727 199·

2201 1772 2530 1829 Parthenius
2567 1768 3154 1850 Erot.c.1l;:ssepl
3196 1770 3425 1837 Ἀνθέως.
3464 1771 3687 1853 Ἱστορεῖ

2123 1854 2478 1936 Ἀριστοτέλης
2496 1879 2588 1914 και
2607 1854 2728 1914 cir&
2738 1855 3065 1929 Μιλησιακα.
3081 1892 3150 1901 --
3164 1856 3326 1916 Ἐκδὲ
3337 1855 3690 1939 Ἁλικαρνασ-

2125 1949 2218 2002 σοῦ
2250 1951 2372 2009 παῖς
2388 1941 2613 2016 Ἄνθευς,
2645 1944 2704 2001 ἐκ
2736 1943 3000 2021 βασιλείου
3018 1941 3210 2020 γένους,
3239 1941 3510 2023 ὡμήρευσε
3533 1946 3688 2024 παρὰ

2127 2028 2347 2110 Φοὸίῳ,
2379 2028 2456 2087 ἑνὶ
2492 2033 2594 2088 τῶν
2627 2029 2918 2102 Νηλειδῶν,
2951 2028 3065 2088 τότε
3087 2033 3350 2108 κρατοῦντι
3380 2029 3678 2102 Μιλησίων.

2127 2115 2329 2177 Τούτου
2367 2115 2625 2177 Κλεόόοια
2642 2160 2657 2188 ,
2685 2115 2750 2188 ἥν
2779 2139 2912 2185 τινες
2936 2115 3243 2195 Φιλαίχμην
3277 2114 3552 2193 ἐκάλεσαν,
3583 2122 3678 2175 τοῦ

2129 2202 2333 2264 Φοδίου
2383 2202 2545 2281 γυνὴ,
2598 2204 2906 2282 ἐρασθεῖσα,
2951 2203 3120 2261 πολλὰ
3161 2206 3462 2282 ἐμηχανᾶτο
3502 2206 3572 2270 εἷς
3612 2203 3674 2261 τὸ

2130 2288 2556 2371 προσαγαγέσθαι
2584 2289 2671 2349 τὸν
2711 2291 2900 2351 παῖδα.
2944 2290 3038 2357 Ὡς
3066 2288 3120 2348 δὲ
3149 2291 3335 2358 ἐκεῖνος
3361 2292 3644 2350 ἀπεωθεῖτο
3662 2336 3680 2367 ,

2131 2377 2259 2436 ποτὲ
2299 2378 2392 2457 μὲν
2421 2376 2648 2460 ,φάσκων
2695 2378 2968 2460 ὀρρωδεῖν,
3015 2376 3089 2455 μὴ
3127 2377 3423 2450 κατάδηλος
3460 2376 3687 2457 γένοιτο,

2132 2464 2256 2524 ποτὲ
2282 2465 2336 2524 δὲ
2365 2464 2467 2525 Δία
2492 2464 2651 2533 ξένιον
2674 2465 2766 2523 καὶ
2794 2462 2966 2537 κοινὴν
2995 2464 3256 2547 τράπεζαν
3382 2464 3677 2546 ἴσχόμενος,

2141 2556 2174 2623 ἡ
2228 2552 2486 2612 Κλεόὸοια
2531 2556 2707 2619 κακῶς
2753 2551 3045 2635 φερομένη,
3085 2555 3137 2612 ἐν
3182 2555 3255 2633 νῷ
3280 2488 3408 2634 §Za
3443 2553 3684 2613 τίσασθαι

2135 2638 2310 2713 αὐτὸν,
2332 2642 2527 2714 ἀνηλεῆ
2551 2639 2715 2700 τεκαὶ
2744 2641 3040 2722 ὗπέραυχον
3069 2640 3497 2719 ἄποκαλουμέᾛη
3520 2637 3689 2702 Ἔνθα

2134 2726 2230 2800 δὴ,
2263 2727 2454 2808 χρόνου
2506 2727 2807 2809 προϊόντος,
2846 2734 2938 2788 τοῦ
2986 2725 3081 2808 μὲν
3110 2726 3297 2809 ἔρωτος
3346 2729 3680 2810 ἀπηλλάχθαι

2132 2812 2518 2894 προσεποιήθη·
2551 2813 2771 2896 πέρδικα
2796 2812 2851 2874 δὲ
2877 2813 3084 2874 τιθασὸν
3113 2817 3182 2882 εἷς
3213 2812 3345 2894 βαθὺ
3386 2812 3551 2896 φρέαρ
3591 2837 3691 2873 κα-

2141 2902 2517 2978 τασοὸήσασα,
2535 2905 2699 2965 ἐδεῖτο
2734 2910 2823 2965 τοῦ
2846 2903 3087 2980 Ἀνθέως,
3105 2901 3244 2973 ὅπως
3273 2902 3535 2964 κατελθὼν
3565 2904 3683 2963 α’νέ-

2133 2992 2277 3051 λοιτο
2301 2984 2483 3051 αὖτόνῘ
2511 2995 2623 3054 Τοῦ
2648 2993 2702 3053 δὲ
2726 2995 2944 3071 ἑτοίμως
2975 2992 3366 3061 ὑπακούσαντος
3393 2991 3477 3051 διὰ
3502 2991 3561 3052 τὸ
3586 3017 3695 3069 μη-

2136 3078 2221 3138 δὲν
2268 3083 2572 3162 ὖφορᾶσθαι,
2619 3087 2654 3152 ἡ
2703 3081 2963 3141 Κλεόὸοια
3008 3081 3225 3141 ἔπισείει
3265 3080 3507 3161 στιὸαρὸν
3546 3083 3694 3161 αὐτῷ

489 3173 596 3227 bus
635 3170 888 3244 praebere
926 3170 1116 3246 salem,
1158 3180 1379 3226 acetum
1410 3179 1466 3225 et
1502 3170 1689 3225 oleum
1710 3181 1775 3235 ,et
1809 3170 1961 3244 ligna
1990 3180 2052 3226 et
2135 3165 2347 3246 πέτρον.
2395 3167 2503 3227 Καὶ
2539 3172 2566 3226 ὁ
2605 3168 2700 3246 μὲν
2740 3173 3071 3250 παραχρῆμα
3109 3168 3395 3243 ἐτεθνήκει,
3431 3173 3464 3240 ἡ
3496 3167 3551 3227 δὲ
3586 3167 3698 3250 ἄρα

492 3336 730 3397 Chytrum
752 3334 1050 3398 incolebant,
1070 3338 1120 3385 et
1139 3334 1409 3396 insulanos,
1434 3338 1486 3385 et
1513 3335 1638 3384 inter
1656 3333 1977 3398 Colophonios
1999 3334 2050 3384 et

495 3411 754 3463 NotienseS.

930 3528 1612 3591 COLOPHONIORUM.

1214 3662 1334 3714 197.

562 3779 674 3828 Erat
713 3776 857 3828 etiam
889 3776 1129 3828 cantilena
1165 3778 1327 3843 aliqua
1363 3792 1513 3843 quam
1554 3779 1741 3829 Aletam
1779 3782 1960 3830 vocant
2003 3782 2053 3830 et

500 3857 788 3908 oscillorum
812 3857 946 3907 iestis
967 3857 1137 3908 diebus
1161 3860 1342 3908 canunt
1366 3858 1415 3907 in
1440 3859 1671 3908 honorem
1695 3859 1927 3921 Erigonae.
1951 3859 2054 3910 Ari-

498 3933 693 3985 stoteles
727 3934 778 3983 in
813 3934 1224 3997 Colophoniorum
1254 3948 1354 3998 rep.
1393 3936 1463 3986 ait
1505 3955 1518 3986 ε
1544 3954 1570 3980 σι
1607 3936 1828 3986 Mortuus
1847 3947 1962 3987 vero
1981 3939 2055 3987 est

498 4012 668 4064 deinde
689 4012 791 4075 ipse
821 4014 967 4063 etiam
989 4012 1268 4063 Theodorus
1294 4016 1452 4066 morte
1482 4013 1711 4065 violenta.
1747 4014 1934 4066 Dicitur
1959 4029 2051 4065 au·

499 4093 598 4142 tem
626 4091 769 4142 luisse
798 4090 947 4141 homo
978 4089 1184 4140 luxuriae
1219 4090 1496 4154 indulgens,
1529 4091 1662 4155 quod
1687 4091 1833 4143 etiam
1852 4105 2055 4146 excar-

499 4167 709 4219 minibus
725 4168 827 4231 ejus
846 4168 995 4231 patet.
1030 4170 1151 4217 Nam
1170 4167 1435 4217 etiamnum
1463 4168 1685 4220 mulieres
1724 4170 1936 4220 carmina
1955 4169 2060 4233 eius

500 4249 681 4298 canunt
706 4245 1000 4297 oscillorum
1021 4243 1153 4294 iestis
1171 4245 1358 4296 diebus.
1384 4266 1408 4290 ι»

1190 4320 1358 4406 [ies]

562 4441 856 4506 [Colophone
874 4441 990 4490 olim
1004 4478 1018 4502 ,
1034 4441 1292 4503 antequam
1308 4438 1488 4489 beilum
1505 4438 1736 4491 adversus
1748 4441 1903 4505 Lydos
1921 4446 2059 4494 ortus

501 4522 651 4583 esset,
676 4520 830 4582 maJor
846 4533 957 4583 pars
977 4520 1158 4570 civium
1180 4531 1375 4581 magnas
1392 4518 1642 4571 facultates
1660 4520 1965 4587 poaeidebat]

941 4645 1573 4725 [MAGNsstUM.
1596 4644 1620 4725 ]

1167 4777 1291 4844 [198
1317 4776 1395 4845 a.]

567 4888 867 4954 [Aristoteles
899 4892 979 4941 vel
1005 4891 1361 4957 Theophrastus
1395 4895 1446 4945 in
1484 4896 1880 4960 commentariis,
1922 4904 2060 4964 post·

506 4979 653 5032 quam
665 4966 727 5017 de
740 4967 1038 5029 Magnetibus
1052 4970 1349 5021 tia-andrum
1366 4971 1565 5023 nuvium
1584 4974 1904 5027 accolentibus
1918 4976 2059 5041 dixit,

507 5059 623 5096 esse·
641 5057 724 5096 eos
756 5045 1055 5108 Delphorum
1091 5047 1312 5112 colonos,
1346 5050 1546 5102 eandem
1565 5065 1761 5116 operam
1779 5057 2062 5117 praestantes

506 5125 627 5214 iacit
644 5124 901 5190 peregrinis
916 5126 999 5190 qui
1032 5139 1113 5177 eos
1135 5130 1445 5180 conveniunt.
1471 5131 1633 5182 Verba
1652 5133 1755 5195 eius
1780 5134 1884 5185 boec
1903 5139 2012 5187 sunt
2045 5157 2058 5188 z

2140 3354 2163 3376 κ
2184 3333 2427 3395 Magnetes
2445 3333 2529 3395 qui
2545 3334 2605 3383 ad
2632 3333 2929 3385 Moeandrnm
2962 3335 3010 3385 n.
3037 3336 3279 3399 habitant,
3303 3336 3394 3386 deo
3406 3335 3700 3399 consecrati,

2139 3410 2436 3473 Delphorum
2467 3411 2652 3474 coloni,
2684 3413 3091 3475 peregrinantibus
3122 3413 3206 3476 qui
3238 3426 3321 3464 eos
3373 3412 3665 3463 conveniunt
3679 3451 3700 3476 ,

2136 3487 2315 3537 lectum
2337 3486 2589 3550 praebent,
2619 3488 2796 3551 salem,
2817 3488 2978 3539 oleum
2993 3526 3008 3552 ‚
3028 3491 3218 3539 acetum
3233 3527 3248 3553 ,
3275 3489 3548 3552 lucernam,
3574 3493 3699 3541 stra-

2136 3564 2271 3627 gulas
2285 3600 2300 3628 ,
2327 3564 2501 3626 lectos,
2522 3576 2725 3615 mensas.
2749 3582 2774 3610 ι

2624 3713 3176 3786 (Mummium.
3202 3712 3220 3792 )

2851 3855 2971 3906 199.

2205 3985 2279 4032 De
2313 3983 2514 4033 Antheo.
2552 3983 2722 4035 Narrat
2739 3981 3013 4033 Aristoteles
3033 3981 3082 4032 et
3098 3980 3351 4044 scriptores
3371 3993 3531 4030 rerum
3561 3984 3711 4033 Mile*

2142 4057 2396 4110 siacarum.
2414 4086 2480 4098 —
2502 4061 2713 4111 Antheus
2734 4058 2847 4122 regii
2870 4058 3054 4124 generis
3071 4070 3132 4108 ex
3156 4057 3484 4108 Halicarnasso
3530 4059 3706 4111 adole-

2141 4150 2278 4189 scens
2287 4137 2470 4190 Phobio
2482 4139 2659 4191 Nelidae
2668 4140 2785 4189 tunc
2797 4137 2993 4189 Milesib
3003 4136 3256 4200 imperanti
3274 4134 3412 4186 οδω
3429 4136 3572 4187 datus
3590 4137 3704 4189 tuit.

2146 4218 2202 4265 in
2235 4215 2381 4279 huius
2414 4229 2628 4268 amorem
2672 4214 2897 4267 cleoboea
2937 4214 3116 4279 (qnam
3152 4211 3348 4277 quidam
3372 4213 3708 4266 Philaeciiinen

2145 4293 2412 4354 vocarunt)
2449 4294 2617 4344 Phobii
2639 4306 2763 4342 uxor
2789 4292 2956 4354 illapsa
2971 4327 2985 4351 ‚
3012 4290 3164 4340 mulia
3179 4303 3293 4340 sane
3313 4290 3584 4340 machinata
3602 4293 3700 4353 est,

2143 4368 2321 4431 quibus
2337 4370 2691 4420 adolescentem
2711 4369 2925 4419 illiceret.
2962 4373 3127 4429 Quum
3147 4369 3309 4418 autem
3328 4368 3408 4419 ilie
3430 4381 3538 4418 eam
3565 4381 3706 4418 aver·

2142 4448 2347 4510 saretur,
2376 4445 2633 4509 aliquando
2655 4446 2851 4510 quidem
2879 4445 3103 4496 timorem
3134 4443 3425 4508 praetexuit,
3452 4458 3516 4495 ne
3530 4444 3700 4494 videli-

2144 4525 2224 4572 cet
2247 4521 2551 4573 manifestum
2576 4521 2629 4572 id
2657 4522 2825 4587 tieret,
2853 4521 3112 4586 aliquando
3138 4523 3301 4571 autem
3330 4521 3519 4584 hospitii
3542 4521 3622 4583 jns
3651 4526 3704 4571 et

2150 4611 2457 4649 communem
2497 4611 2717 4651 mensam
2761 4602 2989 4650 causatus
3022 4600 3122 4660 est,
3155 4597 3345 4648 tamdiu
3377 4601 3436 4648 ut
3475 4597 3703 4649 cleoboea

2145 4687 2270 4739 oegm
2295 4687 2396 4726 rem
2426 4675 2606 4738 ferens,
2633 4676 2686 4727 in
2711 4676 2876 4727 animo
2897 4675 3095 4727 haberet
3117 4675 3282 4726 ulcisci
3324 4688 3462 4737 eum,
3489 4674 3703 4724 immise-

2149 4753 2389 4804 ricordem
2411 4753 2570 4817 ipsum
2588 4755 2640 4805 et
2661 4755 2925 4819 superbum
2946 4766 3142 4805 vocans.
3162 4757 3325 4814 Quare
3343 4753 3574 4816 temporis
3597 4765 3702 4815 pro-

2146 4842 2308 4894 greoen
2328 4843 2543 4881 amorem
2575 4831 2627 4880 in
2651 4843 2705 4882 sc
2729 4831 3025 4882 exstinctum
3053 4830 3342 4893 simulabat,
3366 4842 3425 4880 ac
3463 4827 3708 4892 perdicem

2149 4910 2361 4960 cicurem
2389 4911 2436 4960 in
2459 4909 2755 4973 protundum
2783 4914 2982 4974 puteum
3000 4909 3260 4960 demittens
3275 4945 3289 4970 ,
3310 4908 3550 4960 antheum
3571 4919 3706 4970 roga·

2147 4986 2219 5036 vit
2238 4989 2295 5036 ut
2308 4985 2614 5037 descenderet
2631 4989 2778 5050 atque
2795 4987 3068 5037 extraheret
3087 4985 3238 5036 iilam.
3255 4986 3340 5036 lile
3360 4985 3523 5048 itaque
3551 4997 3705 5047 quum

2150 5064 2370 5127 prompte
2387 5063 2601 5113 obediret
2623 5062 2772 5126 (nihil
2789 5063 2918 5113 enim
2933 5063 3048 5112 mali
3070 5061 3455 5125 suspicabatur),
3483 5060 3709 5111 Cleoboeu

2147 5154 2290 5205 super
2303 5155 2413 5192 eum
2426 5141 2584 5205 dejicit
2597 5143 2761 5206 ingens
2771 5154 2962 5204 saxum,
2975 5139 3106 5192 unde
3118 5141 3197 5192 ille
3208 5140 3371 5192 statim
3388 5140 3706 5192 mortuusoet.
