4016 5916
493 464 605 515 296

1232 599 1289 654 9.

559 723 717 777 Idem
743 718 882 775 ibid.
917 737 967 775 c.
1000 736 1071 787 27
1104 736 1116 770 :
1146 711 1466 783 Θουκυδίδης
1490 709 1581 787 μὲν
1610 704 1695 769 οὗν
1722 707 1811 768 καὶ
1836 706 2031 787 Χάρων

476 810 504 864 6
534 801 891 885 Λαμψακηνὸς
929 805 1190 881 ἱστοροῦσι
1219 798 1516 869 τεθνηκότος
1549 795 1748 878 Ξέρξου
1778 796 1903 874 πρὸς
1943 794 2029 852 τὸν

477 893 582 952 υἱὸν
641 896 797 949 αὐτοῦ
842 893 916 969 τῷ
968 889 1322 964 Θεμιστοκλεῖ
1362 884 1600 964 γενέσθαι
1647 881 1739 954 τὴν
1791 880 2029 952 ἔντευξιν,

478 982 697 1061 Ἔφορος
728 979 780 1036 δὲ
811 977 900 1035 καὶ
929 975 1120 1035 Δείνων
1151 973 1240 1032 καὶ
1270 973 1589 1052 Κλείταρχος
1628 973 1718 1030 καὶ
1748 969 2033 1051 Ἡρακλεί-

478 1069 597 1139 δης,
629 1066 705 1125 ἔτι
737 1067 779 1122 δ’
828 1064 975 1122 ἄλλοι
1016 1060 1270 1133 πλείονες,
1299 1059 1425 1141 πρὸς
1463 1058 1615 1118 αὐτὸν
1643 1058 1916 1140 ἀφικέσθαι
1943 1055 2030 1115 τὸν

478 1153 703 1233 Ξέρξην.
735 1155 787 1213 T
789 1159 862 1217 οἷς
891 1150 943 1208 δὲ
971 1149 1226 1230 χρονικοῖς
1254 1147 1395 1206 δοκεῖ
1430 1146 1628 1222 μᾶλλον
1656 1151 1683 1204 6
1709 1145 2034 1214 Θουκυδίδης

480 1241 855 1321 συμφέρεσθαι,
878 1237 1065 1317 καίπερ
1095 1236 1204 1294 οὐδ’
1239 1235 1410 1300 αὐτοῖς
1441 1231 1641 1313 ἀτρέμα
1683 1234 2029 1311 συνταττομέ-

479 1353 595 1395 νοις.
631 1328 698 1388 Ὁ
746 1328 790 1385 δ’
820 1318 906 1383 οὖν
936 1325 1299 1403 Θεμιστοκλῆς
1342 1322 1609 1401 γενόμενος
1648 1323 1772 1402 παρ’
1803 1321 1930 1379 αὐτὸ
1972 1322 2032 1380 τὸ

482 1416 638 1475 δεινὸν
692 1414 993 1492 ἐντυγχάνει
1048 1416 1249 1491 πρῶτον
1297 1408 1598 1489 Ἄρταὸάνῳ
1648 1413 1722 1490 τῷ
1770 1410 2031 1490 χιλιάρχῳ

479 1505 642 1582 λέγων
684 1501 891 1574 ’Έλλην
921 1501 1016 1577 μὲν
1045 1491 1200 1571 εἶναι,
1235 1498 1509 1577 βούλεσθαι
1538 1499 1581 1555 δ’
1613 1499 1841 1576 ἐντυχεῖν
1875 1501 2031 1575 βασι-

478 1595 560 1651 λεῖ
605 1590 724 1670 περὶ
772 1588 1029 1667 μεγίστων
1071 1587 1396 1667 πραγμάτων
1442 1585 1531 1643 καὶ
1570 1585 1695 1667 πρὸς
1725 1586 1759 1642 ἃ
1786 1584 2032 1663 τυγχάνει

480 1680 709 1754 μάλιστα
736 1675 1038 1742 σπουδάζων
1068 1675 1274 1739 ἐκεῖνος.
1312 1673 1379 1730 Ὁ
1407 1672 1462 1731 δέ
1497 1695 1673 1755 φησιν,
1709 1701 1732 1724 ιι
1772 1662 1853 1732 ⁶³ss
1896 1672 2029 1744 ξένε,

478 1766 627 1842 νόμοι
680 1761 1004 1843 διαφέρουσιν
1051 1759 1351 1840 ἀνθρώπων,
1395 1761 1527 1819 ἄλλα
1570 1762 1616 1819 δ’
1647 1761 1819 1827 ἄλλοις
1862 1760 2029 1832 καλὰ,

478 1852 638 1912 καλὸν
676 1851 730 1910 δὲ
770 1860 902 1908 πᾶσι
930 1848 994 1907 τὰ
1028 1848 1190 1906 οἰκεῖα
1228 1848 1438 1924 κοσμεῖν
1482 1845 1572 1906 καὶ
1614 1847 1811 1916 σώζειν.
1860 1847 2030 1922 Ὑμᾶς

482 1941 575 2018 μὲν
615 1934 702 2000 οὗν
742 1937 1031 2017 ἐλευθερίαν
1080 1935 1309 2012 μάλιστα
1354 1935 1633 2012 θαυμάζειν
1677 1933 1767 1994 καὶ
1815 1934 2027 2005 ἰσότητα

478 2031 653 2108 λόγος,
682 2032 810 2101 ἡμῖν
841 2027 893 2084 δὲ
933 2028 1138 2084 πολλῶν
1179 2023 1351 2099 νόμων
1392 2024 1481 2080 καὶ
1509 2024 1682 2080 καλῶν
1710 2022 1870 2081 ὄντων
1902 2025 2027 2081 κάλ·

478 2119 649 2183 λιστος
680 2106 823 2179 οὗτός
860 2116 1001 2186 ἐστι,
1038 2120 1194 2187 τιμᾶν
1232 2111 1451 2190 βασιλέα
1484 2111 1574 2168 καὶ
1618 2119 1921 2189 προσκυνεῖν
1951 2114 2029 2168 εἷ-

478 2203 604 2262 κόνα
631 2207 746 2261 Θεοῦ
774 2206 862 2259 τοῦ
890 2199 956 2258 τὰ
987 2200 1158 2257 πάντα
1184 2200 1448 2267 σώζοντος.
1482 2202 1548 2259 Εἰ
1572 2198 1665 2275 μὲν
1693 2190 1779 2256 οὖν
1806 2201 2030 2276 ἐπαινῶν

477 2289 543 2349 τὰ
572 2289 803 2369 ἡμέτερα
831 2286 1231 2369 προσκυνήσεις,
1248 2286 1358 2345 ἔστι
1380 2285 1459 2345 σοὶ
1485 2286 1573 2343 καὶ
1603 2284 1819 2365 βασιλέα
1841 2286 2028 2356 θεάσα-

479 2384 598 2438 σθαι
640 2377 730 2436 καὶ
774 2383 1096 2456 προσειπεῖν,
1141 2378 1187 2433 εἰ
1226 2375 1270 2432 δ’
1302 2375 1429 2433 ἄλλο
1468 2397 1517 2431 τι
1545 2380 1766 2454 φρονεῖς,
1798 2372 2031 2452 ἀγγέλοις

479 2466 667 2546 ἑτέροις
687 2463 864 2543 χρήσῃ
891 2462 1019 2544 πρὸς
1045 2460 1216 2520 αὐτόν·
1244 2462 1452 2540 βασιλεῖ
1471 2460 1570 2539 γὰρ
1610 2462 1666 2518 οὗ
1690 2459 1903 2539 πάτριον
1932 2463 2030 2516 ἀν-

478 2553 593 2633 δρὸς
622 2555 906 2632 ἀκροᾶσθαι
940 2549 1013 2626 μὴ
1049 2546 1520 2627 προσκυνήσαντος.
1552 2575 1574 2598 ›-
1602 2551 1785 2607 Ταῦτα
1813 2550 1841 2604 6
1862 2550 2028 2623 Θεμι·

479 2644 700 2711 στοκλῆς
729 2638 956 2703 ἀκούσας
978 2636 1117 2713 λέγει
1141 2635 1267 2714 πρὸς
1293 2635 1466 2693 αὐτόν·
1507 2662 1531 2686 ιι
1575 2633 1713 2692 Ἀλλ’
1747 2632 1906 2712 ἔγωγε
1936 2634 2029 2704 τὴν

480 2727 767 2805 βασιλέως,
792 2714 835 2782 ὦ
874 2721 1187 2803 Ἇρτάὸανε,
1210 2722 1390 2802 φήμην
1415 2720 1503 2778 καὶ
1538 2720 1753 2796 δύναμιν
1796 2720 2030 2792 αὐξήσων

479 2814 703 2891 ἀφῖγμαι
728 2810 818 2868 καὶ
863 2809 1012 2876 αὐτός
1036 2832 1092 2866 τε
1116 2807 1364 2884 πείσομαι
1392 2809 1497 2873 τοῖς
1521 2807 1784 2887 ὑμετέροις
1821 2807 1994 2885 νόμοις
2011 2853 2025 2881 ,

372 2931 377 2940 ·
478 2900 590 2956 ἐπεὶ
640 2902 739 2979 θεῷ
780 2900 854 2975 τῷ
897 2895 1248 2973 ’μεγαλύναντι
1293 2893 1502 2975 Πέρσας
1535 2893 1670 2952 οὕτω
1720 2896 1889 2967 δοκεῖ,
1936 2896 2028 2954 καὶ

479 2987 543 3044 δι’
601 2986 691 3062 ἐμὲ
750 2984 977 3048 πλείονες
1018 2987 1119 3041 τῶν
1167 2989 1255 3039 νῦν
1303 2981 1522 3061 βασιλέα
1569 2982 2027 3061 προσκυνήσουσιν·

478 3071 610 3131 ὥστε
671 3076 818 3129 τοῦτο
868 3069 1030 3143 μηδὲν
1081 3069 1319 3145 ἐμποδὼν
1369 3069 1502 3126 ἔστω
1556 3070 1659 3134 τοῖς
1707 3069 1900 3145 λόγοις,
1944 3070 2030 3140 οὒς

541 3322 841 3384 Thucydides
861 3325 909 3372 et
941 3323 1129 3372 Charon
1150 3326 1499 3383 Lampascenus
1515 3323 1739 3383 narrant,
1761 3325 1917 3371 xerxe
1933 3323 2031 3383 jam

479 3405 588 3451 ante
627 3400 882 3461 defuncto,
935 3398 996 3447 ad
1041 3399 1197 3449 tilium
1238 3399 1341 3460 ejus
1389 3400 1573 3448 venisse
1608 3398 1976 3448 Themistoclem
2017 3414 2029 3447 ι

477 3483 721 3546 Ephorus,
750 3481 898 3539 Dino,
922 3481 1191 3530 Clitarchus
1207 3517 1222 3541 ,
1250 3479 1547 3540 Heraclides,
1567 3478 1744 3540 aliique
1761 3481 2033 3542 complures

477 3560 534 3607 ad
561 3560 716 3621 ipsum
742 3561 947 3607 Xerxem
971 3556 1185 3607 delatum
1211 3558 1445 3606 scribunt.
1468 3556 1674 3606 Videtur
1707 3560 1869 3606 autem
1896 3558 2031 3606 Thu-

478 3635 668 3698 cydides
691 3635 884 3684 annales
919 3635 1067 3695 magis
1099 3635 1324 3695 secutus,
1350 3646 1627 3696 quanquam
1651 3637 1701 3684 et
1724 3633 1773 3683 hi
1808 3634 1897 3697 ipsi
1933 3647 2030 3683 non

476 3723 588 3772 satis
611 3724 830 3771 accurate
845 3721 970 3771 inter
1001 3734 1052 3771 se
1078 3723 1365 3783 congruunt.
1386 3721 1727 3772 'themistocles
1756 3735 1906 3785 quum
1927 3721 2027 3784 jam

477 3801 524 3848 in
553 3813 759 3862 praesens
793 3799 1047 3849 discrimen
1083 3800 1316 3861 venisset,
1352 3799 1509 3862 primo
1552 3801 1769 3849 omnium
1806 3800 2032 3850 convenit

478 3877 770 3927 Artabanum
795 3877 1001 3926 militum
1026 3878 1334 3940 praesectum,
1376 3876 1514 3938 eique
1551 3877 1773 3940 exponit,
1804 3881 2028 3927 Gra-cum

477 3969 527 4004 se
559 3969 659 4005 esse
675 3993 690 4017 ,
715 3968 888 4018 cupere
911 3959 1075 4005 autem
1099 3968 1212 4003 cum
1237 3968 1345 4017 rege
1369 3954 1430 4004 de
1457 3956 1681 4005 maximis
1703 3956 1874 4016 rebus,
1909 3960 1955 4005 et
1980 3956 2029 4005 in

478 4033 655 4095 quibus
680 4032 758 4081 ille
775 4032 1036 4093 plurimum
1055 4032 1198 4081 studii
1224 4034 1450 4094 poneret,
1470 4032 1694 4095 colloqui.
1717 4032 1807 4083 Cui
1834 4033 2025 4081 Artaba·

476 4124 566 4159 nus
580 4148 593 4171 ,
620 4130 641 4150 u
664 4113 807 4172 Leges
822 4145 836 4170 ‚
860 4109 1016 4171 inquit
1032 4146 1045 4169 ,
1066 4123 1096 4158 o
1111 4109 1306 4171 hospes,
1328 4110 1433 4159 aliae
1452 4111 1565 4158 sunt
1586 4110 1714 4171 apud
1733 4109 1851 4158 alios
1877 4110 2031 4157 homi-

480 4208 501 4229 n
524 4184 1047 4247 nes‚diversaqueapud
1062 4185 1274 4234 diversos
1284 4186 1481 4236 honesta
1490 4185 1785 4247 iudicantur,
1804 4186 2029 4236 omnibus

477 4282 502 4307 σι
524 4268 683 4314 tamen
715 4277 778 4313 ex
797 4277 940 4326 zequo
963 4264 1217 4326 pulchrum
1238 4263 1444 4322 videtur,
1472 4277 1586 4313 suas
1622 4278 1796 4313 ornare
1832 4268 1879 4314 et
1912 4278 2026 4313 con·

479 4363 502 4384 «
525 4354 715 4390 servare
744 4341 884 4402 leges.
912 4343 1006 4389 Vos
1025 4340 1168 4389 audio
1188 4353 1288 4402 prm
1306 4341 1476 4390 ceteris
1493 4340 1761 4389 libertatem
1789 4343 1838 4390 et
1863 4353 2028 4403 mqua-

479 4436 504 4461 ιι
526 4419 710 4468 litatem
730 4418 981 4481 adinstar-33
1009 4418 1136 4480 apud
1165 4431 1252 4468 nos
1272 4423 1435 4470 autem
1463 4432 1616 4482 quum
1639 4421 1806 4468 multae
1833 4419 1929 4469 sint
1970 4433 2030 4469 ac

478 4512 501 4535 «
525 4494 740 4556 pulchrae
767 4494 916 4556 leges,
938 4508 994 4545 ea
1023 4494 1240 4544 omnium
1275 4497 1790 4558 praestantissima'est,
1814 4508 1925 4558 quae
1948 4497 2029 4546 ho·

481 4591 501 4613 ιι
527 4585 697 4622 norare
740 4586 927 4636 regem,
977 4573 1273 4636 adoratoque
1304 4587 1415 4625 eum
1435 4612 1448 4635 ,
1488 4576 1719 4635 tanquam
1753 4572 1830 4622 dei
1870 4575 2032 4623 omnia

479 4668 502 4691 κ
529 4651 854 4700 conservantis
900 4650 1132 4714 effigiem,
1173 4651 1329 4714 jubet.
1370 4655 1529 4708 Quare
1562 4651 1601 4700 si
1650 4655 1837 4702 nostros
1873 4665 2034 4701 mores

479 4744 502 4766 «
529 4726 703 4787 probas
734 4731 782 4776 et
816 4740 968 4788 genua
1004 4728 1193 4778 flectere
1234 4742 1394 4778 coram
1428 4741 1536 4790 rege
1573 4728 1672 4787 viS,
1714 4728 1904 4777 videndi
1943 4728 2030 4778 tibi

480 4821 504 4844 ιι
528 4804 937 4867 compellandiqne
962 4804 1065 4867 ejus
1095 4807 1295 4856 facultas
1330 4807 1420 4856 erit
1449 4826 1460 4855 ε
1486 4808 1559 4856 sin
1583 4806 1722 4857 aliter
1755 4807 1926 4868 sentis,
1954 4804 2030 4855 in·

482 4899 505 4921 κ
533 4880 791 4930 ternuuciis
812 4881 871 4929 ad
891 4896 1002 4931 eum
1022 4885 1256 4933 utendum
1281 4885 1369 4934 tibi
1392 4887 1478 4935 est.
1512 4886 1624 4947 Regi
1646 4884 1772 4935 enim
1792 4885 1915 4948 leges
1941 4899 2028 4947 pa·

481 4973 504 4996 a
532 4955 636 5004 tria:
654 4968 749 5004 non
770 4959 1077 5020 permittunt,
1099 4965 1153 5010 ut
1172 4961 1354 5011 homini
1385 4961 1468 5024 qui
1492 4961 1581 5024 ipsi
1609 4975 1706 5011 non
1728 4963 2028 5025 supplicave-

482 5052 505 5074 ι
530 5033 617 5093 rit,
647 5046 787 5082 aures
821 5037 1168 5087 accommodet.
1198 5057 1221 5080 u
1246 5042 1314 5087 Ad
1337 5038 1441 5087 haec
1467 5038 1844 5088 Themistocles:
1870 5056 1893 5079 «ι
1931 5042 2030 5101 Ego

478 5123 620 5171 vero,
651 5111 915 5172 Artabane,
947 5113 1068 5175 regis
1089 5116 1232 5164 vestri
1259 5116 1459 5178 gloriam
1492 5120 1638 5179 atque
1657 5116 1916 5178 potentiam
1948 5129 2028 5164 au·

481 5186 617 5248 gendi
655 5193 796 5237 causa
832 5189 939 5239 veni
974 5210 986 5240 z
1021 5192 1181 5285 itaque
1217 5196 1263 5242 et
1300 5194 1397 5255 ipse
1421 5193 1598 5256 parebo
1626 5193 1794 5242 vestris
1816 5192 2027 5255 legibus,

1763 444 2080 504 PHANJAE
2136 444 2381 503 Bul-:511

2125 571 2377 648 βούλομαι
2432 572 2557 650 πρὸς
2616 572 2803 630 ἐκεῖνον
2847 572 3026 627 εἰπεῖν.
3087 599 3107 621 ιι
3158 598 3180 620 ι
3232 574 3282 630 T
3287 570 3366 628 ίνα
3409 572 3450 629 δ’
3468 617 3483 644 ,
3529 565 3686 634 εἶπεν

2121 663 2148 716 6
2190 658 2527 737 Ἀρτάὸανος,
2556 657 2822 730 Ἑλλήνων
2862 656 3079 736 ἀφῖχθαί
3115 679 3172 714 σε
3219 662 3428 736 φῶμεν,
3471 662 3529 717 οὗ
3574 661 3686 742 γὰρ

2123 744 2302 823 ἰδιώτῃ
2354 744 2448 816 τὴν
2498 745 2710 822 γνώμην
2766 744 2951 811 ἔοικας.
2999 771 3022 796 »ο
3059 743 3169 803 Καὶ
3211 749 3238 802 6
3279 746 3680 821 Θεμιστοκλῆς,

2123 860 2145 882 ⁸
2168 835 2325 892 Τοῦτ’
2351 831 2519 891 οὐκέτ’
2541 831 2629 907 ἂν,
2652 831 2776 912 ἔφη,
2800 829 3011 890 πύθοιτό
3034 854 3135 905 τις,
3158 831 3462 911 Ἄρτάὸανε,
3487 835 3686 915 πρότε-

2123 941 2204 999 ρος
2235 918 2507 997 βασιλέως.
2537 948 2560 972 υ
2597 918 2753 980 Οὕτω
2784 918 2877 996 μὲν
2902 921 2929 975 6
2952 915 3157 984 Φανίας
3181 919 3355 997 φησίν·
3387 923 3414 977 6
3442 921 3488 977 δ’
3518 922 3687 1002 Ἐρα-

2121 1005 2361 1076 τοσθένης
2391 1009 2441 1063 ἐν
2470 1011 2575 1074 τοῖς
2613 1006 2746 1086 Περὶ
2784 1005 3005 1065 πλούτου
3043 1006 3421 1085 προσιστόρησε
3459 1007 3543 1065 διὰ
3579 1033 3686 1085 γυ-

2121 1093 2295 1160 ναικὸς
2337 1093 2662 1173 Ἐρετρικῆς,
2704 1093 2769 1163 ἣν
2811 1096 2838 1151 6
2874 1091 3147 1172 χιλίαρχος
3189 1083 3331 1169 εἶχε,
3384 1097 3458 1173 τῷ
3503 1095 3686 1170 Θεμι·

2124 1181 2327 1239 στοκλεῑ
2340 1179 2434 1252 τὴν
2450 1180 2577 1261 πρὸς
2606 1178 2757 1239 αὐτὸν
2781 1177 3000 1247 ἔντευξιν
3029 1178 3264 1259 γενέσθαι
3288 1179 3378 1238 καὶ
3406 1183 3683 1242 σύστασιν.

2853 1304 2941 1340 10.

2201 1391 2360 1447 Idem
2390 1392 2530 1452 ibid.
2580 1411 2628 1449 c.
2676 1411 2772 1466 29,
2813 1409 2880 1446 10
2915 1410 2929 1446 :
2965 1387 3152 1454 Πόλεις
3181 1388 3225 1447 δ’
3260 1390 3399 1467 αὐτῷ
3431 1391 3680 1468 (Themi-

2120 1479 2282 1532 stocli
2311 1478 2380 1533 ab
2420 1477 2746 1553 Artaxerxe)
2777 1499 2809 1534 τ
2844 1484 2913 1543 εἷς
2960 1474 3054 1551 μὲν
3099 1479 3146 1533 οἱ
3188 1477 3421 1534 πλεῖστοι
3465 1477 3682 1548 δοθῆναι

2123 1560 2359 1639 λέγουσιν
2385 1566 2454 1628 εἰς
2478 1562 2631 1640 ἄρτον
2655 1562 2744 1620 καὶ
2769 1499 2902 1620 οὗον
2938 1560 3029 1619 καὶ
3062 1562 3208 1642 ὄψον,
3238 1561 3549 1640 Μαγνησίαν
3587 1565 3683 1623 καὶ

2123 1650 2415 1730 Λάμψακον
2462 1650 2551 1707 καὶ
2593 1651 2866 1709 Μυοῦντα·
2913 1648 3003 1706 δύο
3047 1649 3090 1707 δ’
3133 1649 3294 1716 ἄλλας
3335 1650 3679 1729 προστίθησιν

2123 1740 2149 1794 6
2176 1736 2458 1809 Κυζικηνὸς
2491 1736 2722 1807 Νεάνθης
2741 1737 2829 1795 καὶ
2857 1736 3095 1807 Φανίας,
3123 1736 3409 1817 Περκώτην
3433 1736 3522 1794 καὶ
3549 1739 3678 1798 Παι-

2124 1822 2425 1905 λαίσκηψιν,
2449 1826 2516 1889 εἷς
2549 1823 2820 1903 στρώμνην
2846 1823 2934 1881 καὶ
2970 1824 3292 1901 ἀμπεχόνην.
3324 1825 3530 1881 Eadem
3555 1846 3681 1883 non

2121 1912 2320 1984 injecta
2335 1915 2555 1968 Phaniae
2579 1915 2861 1968 mentione
2888 1915 3184 1969 Athenaeus
3202 1933 3261 1987 p.
3281 1932 3376 1988 29,
3399 1915 3463 1983 F,
3492 1914 3677 1974 schol.

2120 2001 2192 2055 ad
2220 2002 2505 2075 Aristoph.
2537 2003 2637 2075 Eq.
2668 2000 2764 2065 δ’..

2859 2115 2945 2153 11.

2200 2202 2495 2258 Athenaeus
2515 2205 2562 2272 Ι,
2588 2221 2644 2277 p.
2673 2202 2764 2272 48,
2788 2202 2834 2259 D
2861 2221 2874 2256 τ
2916 2198 3022 2258 Τὸν
3064 2193 3150 2257 οἶν
3194 2202 3379 2278 Κρῆτα
3423 2201 3677 2278 Τιμαγό-

2122 2309 2245 2365 ραν,
2267 2285 2302 2358 ἣ
2327 2287 2413 2345 τὸν
2436 2289 2494 2345 ἐκ
2522 2289 2770 2367 Γόρτυνος
2801 2290 2941 2363 (scr.
2970 2288 3088 2344 vid.
3119 2290 3348 2346 Voisino
3375 2287 3461 2346 τὸν
3490 2280 3576 2346 οὗν
3607 2294 3676 2351 Τ.

2120 2371 2155 2443 ἢ
2181 2372 2266 2431 τὸν
2296 2375 2354 2431 ἐκ
2388 2374 2636 2452 Γόρτυνος
2670 2377 2854 2454 Κρῆτα
2875 2375 2893 2450 )
2912 2418 2928 2445 ,
2959 2372 3030 2441 ὥς
3060 2397 3185 2454 φησι
3214 2374 3421 2441 Φανίας
3452 2379 3481 2433 6
3512 2377 3680 2455 Περι·

2121 2460 2432 2536 πατητικὸς,
2480 2459 2753 2537 Ἔντιμον,
2792 2459 2846 2528 ὃς
2883 2461 3025 2542 ζήλῳ
3051 2460 3467 2538 Θεμιστοκλέους
3508 2461 3675 2537 ἀνέθη

2122 2551 2191 2613 ὥς
2239 2548 2494 2627 βασιλέα,
2525 2552 2689 2623 τιμῶν
2733 2547 3089 2628 Ἀρταξέρξης,
3137 2548 3331 2622 σκηνήν
3378 2573 3433 2607 τε
3481 2550 3676 2610 ἔδωκεν

2123 2637 2263 2714 αὐτῷ
2320 2635 2661 2716 διαφέρουσαν
2711 2634 2770 2693 τὸ
2814 2637 3003 2703 κάλλος
3043 2635 3134 2694 καὶ
3175 2636 3235 2694 τὸ
3282 2635 3528 2714 μέγεθος,
3581 2638 3677 2696 καὶ

2122 2721 2299 2794 κλίνην
2330 2723 2685 2803 ἀργυρόποδα,
2731 2722 2932 2804 ἔπεμψε
2969 2722 3024 2782 δὲ
3054 2723 3143 2783 καὶ
3183 2723 3468 2804 στρώματα
3504 2726 3678 2784 πολυ-

2121 2813 2273 2882 τελῆ,
2315 2812 2404 2868 καὶ
2446 2811 2534 2869 τὸν
2578 2809 3004 2890 ὑποστρώσοντα,
3049 2810 3264 2891 φάσκων
3303 2813 3398 2870 οὐκ
3452 2811 3681 2870 ἐπίστα-

2122 2902 2240 2955 σθαι
2268 2895 2381 2965 τοὺς
2410 2894 2675 2969 Ἕλληνας
2716 2898 3146 2978 ὑποστρωννύειν.
3182 2897 3288 2960 Καὶ
3322 2898 3408 2958 ἐπὶ
3435 2898 3492 2957 τὸ
3535 2923 3682 2979 συγ-

2121 2984 2317 3062 γενικὸν
2344 2984 2550 3064 ἄριστον
2598 2987 2831 3045 ἐκαλεῖτο
2867 2990 2894 3044 6
2932 2984 3076 3065 Κρὴς
3113 2978 3283 3061 οὗτος,
3319 2986 3405 3045 τὸν
3453 2990 3680 3065 βασιλέα

2119 3072 2532 3152 ψυχαγωγήσας·
2579 3072 2704 3152 ὅπερ
2752 3073 2916 3132 οὐδενὶ
2961 3072 3209 3155 πρότερον
3258 3077 3359 3133 τῶν
3401 3074 3680 3145 Ἑλλήνιον

2123 3240 2314 3301 quando
2335 3241 2398 3289 ita
2426 3241 2578 3289 visum
2612 3242 2701 3291 deo
2732 3244 2816 3305 qui
2853 3245 3019 3292 Persas
3036 3243 3254 3305 extollit,
3292 3246 3340 3293 et
3363 3244 3559 3305 propter
3593 3256 3680 3293 me

2120 3318 2281 3378 plures
2296 3354 2310 3377 ,
2329 3316 2476 3381 quam
2496 3333 2625 3368 nunc
2645 3322 2783 3382 sunt,
2803 3323 2947 3371 erunt
2968 3321 3051 3384 qui
3082 3335 3239 3385 regem
3271 3322 3497 3384 adorent3
3520 3334 3679 3385 quare

2121 3393 2236 3443 nihil
2255 3394 2347 3444 hoc
2364 3395 2562 3457 impedit
2580 3397 2838 3458 quominus
2853 3410 2965 3447 cum
3002 3410 3110 3460 rege
3131 3399 3393 3461 colloquar.
3419 3419 3443 3442 ι»
3477 3419 3502 3442 ιι
3529 3400 3680 3458 Quod

2118 3474 2307 3532 autem,
2334 3471 2491 3534 inquit
2524 3473 2817 3536 Artabanus,
2846 3486 3019 3523 nomen
3047 3475 3137 3523 tibi
3162 3488 3264 3524 esse
3291 3476 3386 3536 regi
3414 3475 3676 3525 indicabo?

2118 3562 2274 3612 neque
2290 3550 2418 3600 enim
2436 3550 2646 3613 vulgaris
2664 3551 2872 3601 hominis
2896 3552 3113 3602 animum
3147 3566 3247 3615 proe
3274 3556 3325 3604 te
3352 3555 3461 3604 fers.
3493 3574 3518 3598 u
3547 3558 3678 3604 Tum

2118 3627 2459 3679 Themistocles
2484 3649 2497 3679 z
2520 3648 2544 3672 α
2567 3634 2750 3680 Nomen
2763 3667 2778 3692 ,
2797 3630 3033 3681 Artabane
3047 3668 3060 3691 ‚
3077 3645 3239 3681 meum
3255 3644 3396 3682 nemo
3416 3632 3678 3695 quisquam

2118 3720 2226 3769 rege
2248 3708 2377 3771 prior
2394 3708 2571 3758 audiet.
2593 3728 2616 3752 »ι
2639 3712 2755 3759 Haec
2773 3710 2984 3760 narratio
3004 3714 3077 3759 est
3104 3710 3311 3758 Phaniae.
3336 3710 3680 3760 Eratosthenes

2116 3783 2166 3832 in
2195 3797 2340 3847 opere
2365 3784 2427 3835 de
2454 3785 2641 3835 Divitiis
2668 3786 2928 3836 narrationi
2949 3785 2998 3835 id
3020 3786 3219 3847 adjecit,
3243 3785 3384 3836 fuisse
3401 3786 3679 3835 Themisto·

2117 3861 2176 3910 cli
2196 3861 2380 3911 aditum
2400 3860 2463 3911 ad
2497 3862 2795 3912 Artabanum
2829 3864 2975 3925 atque
3005 3875 3309 3924 congressum
3347 3866 3567 3926 paratum
3603 3863 3673 3912 ab

2117 3938 2259 3999 huJus
2276 3939 2501 4001 muliere,
2521 3951 2630 4002 quaa
2659 3939 2852 3989 natione
2872 3940 3014 3989 fuerit
3037 3939 3266 3989 Ereti-ica.

2180 4100 2397 4163 Plerique
2409 4102 2629 4151 auctores
2646 4100 2844 4151 tradunt
2855 4101 3163 4150 Themistocli
3178 4101 3239 4151 ab
3253 4104 3518 4152 Artaxerxe
3534 4102 3678 4153 datas

2115 4190 2215 4227 esse
2229 4179 2326 4226 tres
2338 4177 2569 4238 civitates,
2581 4190 2788 4240 quarum
2800 4190 2828 4228 e
2843 4177 3074 4227 reditibus
3085 4190 3276 4239 panem,
3288 4178 3455 4226 vinum
3469 4181 3518 4227 et
3535 4178 3678 4229 obso-

2116 4254 2193 4303 nia
2211 4257 2426 4316 pararet,
2445 4253 2749 4316 Magnesiam,
2766 4257 3080 4316 Lampsacum
3095 4256 3144 4303 et
3162 4257 3405 4315 Myuutem
3426 4254 3575 4305 :duas
3587 4256 3676 4305 ad·

2115 4332 2236 4381 dunt
2254 4330 2316 4381 ad
2331 4337 2509 4383 vestem
2530 4333 2784 4394 stragulam
2800 4334 2847 4382 et
2861 4331 3092 4381 amictum
3111 4331 3155 4380 ei
3172 4344 3421 4381 concessas
3435 4333 3676 4384 Neanthes

2117 4409 2382 4472 cyzicenus
2413 4411 2461 4459 et
2491 4409 2718 4471 Phanias,
2740 4409 2966 4458 nimirum
3003 4411 3233 4459 Percoten
3266 4411 3316 4457 et
3338 4408 3672 4476 Palaescepsin.

2848 4492 2930 4540 11.

2179 4579 2477 4641 Timagoran»
2490 4616 2504 4640 ,
2527 4580 2602 4629 vel
2619 4617 2632 4640 ,
2653 4582 2707 4629 ut
2724 4580 2793 4629 ait
2814 4580 3016 4629 Phanias
3030 4578 3372 4640 Peripateticus
3387 4616 3402 4641 ,
3423 4580 3673 4631 Eutimum

2116 4668 2144 4703 e
2183 4658 2390 4717 Gortyne
2430 4659 2732 4718 Cretensem,
2770 4656 2853 4720 qui
2886 4655 3194 4704 aemulatIone
3229 4655 3565 4706 Themistoclis
3607 4656 3674 4706 ad

2118 4744 2276 4794 regem
2301 4732 2540 4794 protectus
2566 4735 2695 4793 erat,
2723 4736 3014 4782 Artaxerxes
3041 4732 3237 4782 honoris
3267 4744 3430 4782 caussa
3463 4734 3673 4782 tentorio

2116 4807 2311 4858 donavit
2329 4808 2494 4871 insigni
2511 4809 2862 4872 pulchritudine
2873 4808 3295 4871 amplitudineque,
3306 4811 3355 4858 et
3367 4808 3493 4858 lecto
3507 4822 3676 4872 argen-

2116 4886 2205 4936 teis
2227 4886 2426 4949 pedibus
2443 4888 2666 4948 sutl'ult03
2686 4887 2990 4950 stragulaque
3008 4886 3049 4935 ei
3075 4886 3204 4935 misit
3237 4885 3443 4948 pretiosa
3458 4923 3473 4947 ,
3494 4890 3542 4935 et
3579 4888 3672 4936 ho-

2118 4964 2295 5013 minem
2317 4964 2402 5026 qui
2433 4978 2491 5014 ea
2526 4966 2785 5027 sterneret,
2826 4964 3006 5013 nescire
3027 4963 3251 5012 dictitans
3273 4967 3466 5013 Graeeos
3490 4964 3671 5015 lectum

2116 5044 2341 5091 sternere.
2387 5046 2444 5092 Et
2467 5041 2528 5092 ad
2560 5046 2870 5103 cognatorum
2894 5041 3176 5090 convivium
3209 5046 3409 5091 vocatus
3443 5042 3520 5091 hic
3549 5046 3672 5093 Cre-

2116 5118 2262 5167 tensis
2290 5120 2387 5175 est;
2439 5118 2536 5179 (ita
2563 5119 2685 5181 regis
2723 5118 3012 5168 demulserat
3054 5120 3267 5167 animum
3295 5119 3340 5177 ε)
3374 5118 3502 5181 quod
3549 5122 3672 5172 nulli

2117 5199 2424 5259 Groecorum,
2449 5210 2536 5247 nec
2567 5203 2705 5259 ante,
2732 5210 2820 5247 nec
2851 5196 3131 5259 posthunc,
3152 5196 3349 5258 contigit
3373 5214 3384 5244 ε
3419 5209 3531 5245 nam
3555 5200 3673 5251 solis
