4016 5916
1414 457 1813 517 HOMERICA
1855 456 2289 517 INSTlTUTA.

3351 462 3457 522 19'5

277 590 581 669 παρακαλεῖ
622 588 755 646 πιεῖν
793 585 1108 657 σπείσαντα,
1144 584 1534 665 προτρεπομένη
1564 586 1634 652 είς
1661 589 1826 661 θυμη-
1872 592 1881 627 l
1917 586 2128 663 νόμενον
2193 589 2262 652 εἷς
2317 584 2585 646 Σικελίαν.
2638 588 2688 646 T
2691 591 2750 656 ἧς
2805 586 2962 662 μέθης
3017 585 3072 645 δὲ
3129 588 3468 669 κατατρέχων

281 677 412 735 δίαν.
441 674 506 737 Ὁ
532 677 578 733 δ’
608 674 964 755 ὑπερτίθεται,
988 676 1114 753 πρὸς
1142 674 1326 755 πρᾶξιν
1358 672 1517 741 ἐξιών.
1548 672 1653 734 Καὶ
1680 678 1711 743 ἡ
1737 673 1828 750 μὲν

1921 676 1948 730 ὁ
1970 673 2223 745 ποιητὴς,
2264 672 2351 732 τὸν
2381 676 2682 745 τηλικοῦτον
2719 673 2991 733 Κύκλωπα
3025 674 3126 732 ὑπὸ
3156 682 3339 755 μικροῦ
3365 677 3476 736 <rt-'i-

281 762 686 842 ἀπερισπάστως
728 762 929 818 ἐπαινεῖ
953 759 1039 817 τὸν
1077 749 1237 831 οἶνον,
1267 765 1293 818 ὁ
1327 759 1378 818 δὲ
1406 758 1538 835 μετὰ
1572 760 1830 838 ἄσθματος
1922 782 2084 838 ματος
2110 759 2192 818 διὰ
2222 758 2415 831 ταύτην
2442 759 2798 837 ἀπολλύμενον
2820 760 3138 841 παρίστησι,
3172 763 3263 820 καὶ
3301 765 3479 843 Εὐρυ-

280 848 425 919 ἥκων
467 852 780 907 ἀπωθεῖται·
827 847 918 906 καὶ
957 851 990 917 ἡ
1037 845 1130 922 μὲν
1175 845 1309 914 ἀξιοῖ
1348 846 1632 905 σπείσαντα
1664 849 1830 919 πιεῖν,
1918 848 2076 906 τίωνα
2119 847 2206 905 τὸν
2251 846 2573 928 Κένταυρον·
2615 848 2732 915 τούς
2763 871 2819 907 τε
2862 847 3005 928 παρὰ
3053 848 3223 929 Κίρκῃ
3265 850 3473 918 λέοντας

281 940 308 994 ὁ
333 935 387 995 δὲ
415 934 813 1013 καθῃμαγμένος
845 934 1024 1000 ἀσεὸὲς
1058 938 1257 1011 ἡγεῖτο.
1286 924 1413 994 Οἵδε
1445 933 1497 992 δὲ
1531 937 1557 991 ὁ
1584 932 1829 1015 Ὅμηρος

282 1022 371 1081 καὶ
393 1023 453 1082 τὸ
480 1024 743 1104 ὠφέλιμον
772 1022 861 1081 καὶ
885 1021 943 1080 τὸ
984 1021 1280 1103 σύμμετρον
1309 1026 1398 1079 τοῦ
1441 1019 1577 1080 οἴνου
1594 1066 1611 1098 ,
1647 1013 1717 1088 οἷς
1745 1022 1829 1080 τὸν

280 1111 472 1189 χανδὸν
502 1110 716 1169 ἕλκοντα
747 1109 901 1168 αὐτὸν
933 1109 1254 1188 βλάπτεσθαι
1282 1107 1426 1188 φησί.
1465 1108 1571 1168 Καὶ
1597 1108 1829 1188 κράσεων

278 1198 337 1256 δὲ
379 1198 502 1275 γένη
549 1198 766 1277 διάφορα
792 1196 1095 1255 ἐπίσταται·
1138 1199 1230 1254 οὐκ
1261 1194 1321 1253 ’ἀν
1350 1196 1451 1274 γὰρ
1484 1194 1745 1275 Ἀχιλλεὺς
1772 1196 1831 1254 τὸ

283 1286 564 1366 ζωρότερον
605 1284 859 1364 κεραίρειν
891 1283 1166 1355 διέστειλε,
1201 1284 1272 1354 μὴ
1302 1282 1456 1354 οὔσης
1493 1283 1625 1349 τινὸς
1662 1288 1830 1354 καθη-

284 1377 495 1451 μερινῆς
514 1373 766 1453 κράσεως.
787 1370 942 1438 Ἴσως
964 1362 1049 1429 οὖν
1073 1372 1166 1429 οὐκ
1187 1371 1459 1448 ἐγίνωσκεν
1483 1372 1635 1427 αὐτὸν
1660 1372 1831 1429 εὔδια·

284 1458 503 1539 φόρητον
527 1459 646 1517 α’νευ
663 1457 960 1538 στερεμνίου
983 1456 1141 1515 σιτίου
1162 1455 1417 1533 μίγματος
1435 1500 1450 1527 ,
1468 1453 1496 1512 ὃ
1517 1455 1620 1520 τοῖς
1643 1457 1832 1533 ἰατροῖς

286 1543 369 1601 διὰ
397 1542 490 1615 τὴν
519 1543 705 1624 τέχνην
737 1543 845 1602 ἐστὶ
876 1546 1028 1615 δῆλον
1046 1565 1058 1579 ·
1099 1553 1205 1610 τοῖς
1228 1548 1348 1621 γοῦν
1374 1543 1669 1622 καρδιακοῖς
1699 1541 1831 1618 μετὰ

284 1630 419 1689 οἴνου
448 1633 657 1697 σιτῶδες
701 1629 1046 1706 ἀναμίσγουσί
1073 1654 1122 1688 τι
1148 1629 1274 1709 πρὸς
1304 1629 1532 1708 κατοχὴν
1562 1634 1653 1700 τῆς
1680 1629 1832 1686 δυνά-

286 1740 437 1794 μεως.
469 1717 608 1776 Ἀλλ’
634 1719 823 1783 ἐκεῖνος
845 1720 916 1795 τῷ
948 1716 1040 1792 μὲν
1064 1717 1308 1795 Μαχάονι
1340 1720 1454 1791 μετ’
1494 1714 1709 1795 ἀλφίτου
1743 1715 1832 1772 καὶ

280 1810 436 1885 τυροῦ
465 1803 653 1863 δέδωκε
675 1802 763 1862 τὸν
796 1794 963 1875 οἶνοιΐ,
992 1801 1077 1859 τὸν
1113 1802 1157 1859 δ’
1189 1800 1450 1861 Ὀδυσσέα
1498 1806 1636 1860 ποιεῖ
1671 1801 1833 1859 συνά-

282 1914 477 1950 πτοντα
500 1890 594 1963 τὴν
624 1890 726 1950 ἀπὸ
754 1895 854 1949 τῶν
884 1890 1057 1948 σιτίων
1087 1889 1178 1947 καὶ
1196 1888 1344 1947 οἴνων
1369 1886 1649 1968 ὠφέλειαν·

414 2008 494 2067 Ὃς
518 1988 630 2059 δέκ’
650 2010 762 2073 ἀνὴρ
779 2009 923 2058 οίνοιο
941 2007 1277 2072 κορεσσάμενος
1296 2008 1377 2056 καὶ
1402 2007 1591 2064 ἐδωδῆς.

286 2116 383 2192 Τῷ
408 2112 461 2171 δὲ
486 2108 886 2190 κωθωνιζομένῳ
920 2109 1099 2168 δίδωσι
1129 2107 1215 2167 τὸν
1246 2108 1498 2181 ἡδύποτον
1509 2155 1526 2181 ,
1554 2106 1686 2166 οὕτω
1728 2132 1831 2167 κα-

285 2198 445 2265 λέσας
469 2199 649 2257 αὐτόν·

415 2317 495 2367 Ἐν
516 2318 564 2367 δὲ
595 2317 724 2365 πίθοι
744 2316 887 2365 οἴνοιο
905 2318 1110 2366 παλαιοῦ
1130 2317 1396 2375 ἡδυπότοιο.

372 2424 527 2485 Ποιεῖ
570 2422 623 2481 δὲ
666 2422 906 2504 εὈγιιηρος·
949 2424 1038 2482 καὶ
1071 2425 1163 2490 τὰς
1201 2424 1354 2503 κόρας
1391 2423 1479 2482 καὶ
1517 2423 1608 2491 τὰς
1648 2433 1832 2502 γυναῖ-

286 2537 387 2580 κας
426 2511 674 2577 λουούσας
719 2511 831 2577 τοὺς
871 2510 1068 2583 ξένους,
1118 2514 1188 2576 ὡς
1234 2511 1349 2569 οὔτε
1392 2511 1681 2590 φλεγμονὴν
1718 2510 1833 2569 οὔτε

288 2598 546 2679 ἀκρασίαν
575 2602 675 2655 τῶν
704 2589 761 2656 εὗ
790 2597 1113 2677 βεὸιωκότων
1149 2598 1238 2656 καὶ
1284 2598 1557 2679 σωφρόνως
1599 2598 1831 2675 ἁπτομέ·

288 2710 398 2753 νας.
432 2686 670 2765 Ἀρχαῒον
702 2684 756 2743 δὲ
780 2690 927 2744 τοῦτο
945 2685 1070 2753 ἔθος.
1104 2685 1328 2744 Λούουσι
1356 2690 1476 2762 γοῦν
1506 2685 1593 2743 καὶ
1625 2688 1677 2743 αἱ
1712 2689 1829 2744 Κω·

288 2774 452 2833 κάλου
478 2774 781 2851 θυγατέρες,
807 2776 874 2839 ὡς
898 2772 1289 2848 νενομισμένον,
1315 2771 1403 2830 τὸν
1429 2774 1577 2830 Μίνω
1601 2795 1831 2851 παραγε·

290 2953 385 2990 non
408 2938 550 2989 modo
587 2940 642 2988 ut
673 2939 777 2988 sitis
809 2938 1096 3000 remedium,
1122 2939 1201 2988 sed
1228 2953 1325 3001 quo
1355 2954 1456 2988 sese
1491 2940 1663 3002 largius
1687 2940 1834 2989 etiam

294 3018 547 3081 ingurgitet
574 3037 586 3066 :
607 3018 737 3065 certe
764 3019 1015 3078 postquam
1030 3016 1109 3065 ille
1122 3018 1221 3077 jam
1247 3017 1392 3079 bibit,
1413 3017 1633 3066 lmrtatur
1652 3017 1757 3079 hic,
1781 3021 1836 3066 ut

291 3095 477 3144 assidue
519 3093 569 3143 id
595 3094 738 3155 agat:
772 3095 872 3151 Tu,
912 3092 1093 3155 inquit,
1130 3092 1243 3142 sede
1272 3092 1497 3157 bibeque.
1539 3096 1837 3156 caseumque

292 3174 538 3235 caprinum
553 3168 856 3219 deradentem
879 3169 1008 3229 facit,
1030 3169 1315 3232 insuperque
1324 3183 1497 3233 cepam
1517 3169 1836 3233 adjicientem,

288 3251 423 3316 quod
464 3251 651 3313 potioni
687 3250 807 3298 esset
846 3249 1141 3309 obsonium,
1179 3262 1276 3310 quo
1322 3249 1559 3311 copiosius
1596 3248 1778 3299 biberet
1822 3270 1834 3299 x

290 3339 569 3394 quanquam
587 3325 697 3374 alibi
735 3325 877 3386 dicit,
896 3329 1067 3374 vinum
1083 3326 1341 3374 exsolvere
1362 3329 1509 3388 vires,
1530 3329 1579 3376 ee
1595 3339 1839 3377 enervare

291 3406 555 3456 hominem.
581 3401 699 3461 sed,
730 3402 859 3465 quod
889 3401 950 3451 ad
988 3403 1242 3451 Hectorem
1269 3405 1481 3464 spectat,
1511 3417 1621 3452 eum
1644 3402 1837 3465 quidem

1919 937 2057 994 ποιεῖ
2078 935 2168 993 καὶ
2190 934 2374 1001 λύκους
2389 983 2404 1008 ,
2432 936 2545 1002 ταῖς
2568 937 2778 1006 ἡδοναῖς
2801 936 3338 1009 ἐπακολουθήσαντας.
3363 938 3472 999 Τὸν

1919 1021 1973 1079 δὲ
2004 1020 2260 1082 Ὀδυσσέα
2305 1022 2573 1101 σώζει,τῷ
2617 1021 2818 1101 Ἑρμοῦ
2859 1023 2998 1103 λόγῳ
3038 1024 3345 1083 πεισθέντα·
3389 1027 3469 1085 διὸ

1918 1108 2010 1168 καὶ
2039 1110 2241 1180 ἀπαθὴς
2261 1110 2481 1187 γίνεται.
2518 1110 2824 1190 Ἐλπήνορα
2846 1110 2926 1184 δὲ,
2955 1110 3201 1191 πάροινον
3232 1110 3357 1170 ὄντα
3381 1113 3475 1171 καὶ

1918 1198 2197 1277 τρυφερὸν,
2248 1198 2678 1277 κατακρημνίζει.
2733 1197 2841 1258 Καὶ
2889 1197 3137 1266 Ἀντίνοος
3177 1199 3229 1263 δὲ
3247 1247 3263 1272 ,
3306 1198 3476 1278 λέγων

1919 1284 2044 1365 πρὸς
2069 1284 2329 1343 Ὀδυσσέα
2355 1312 2377 1336 α
2399 1276 2551 1352 Οἶνός
2576 1310 2630 1344 σε
2662 1285 2815 1365 τρώει
2837 1285 3086 1363 μελιηδής
3113 1314 3138 1339 n
3162 1333 3176 1360 ,
3201 1287 3353 1354 αὐτὸς
3381 1290 3474 1347 οὐκ

1921 1373 2169 1451 ἀπείχετο
2196 1378 2286 1431 τοῦ
2317 1370 2592 1450 πώματος·
2638 1374 2715 1431 διὸ
2751 1374 2841 1433 καὶ
2866 1374 3077 1454 τρωθείς
3107 1375 3371 1452 ἀπώλετο,
3400 1378 3476 1436 ἔτι

1921 1464 2128 1538 κρατῶν
2160 1457 2220 1518 τὸ
2264 1459 2531 1539 ποτήριον.
2580 1464 2729 1520 limet
2759 1461 2812 1520 δὲ
2847 1464 2937 1521 καὶ
2985 1462 3100 1531 τοὺς
3125 1461 3395 1536 Ἕλληνας
3423 1469 3474 1523 ἐν

1919 1551 1994 1627 τῷ
2025 1546 2246 1628 ἀπόπλῳ
2275 1548 2579 1624 μεθύοντας,
2609 1548 2685 1606 διὸ
2707 1550 2796 1608 καὶ
2826 1552 3220 1621 στασιάζοντας·
3242 1551 3353 1611 ὅθεν
3382 1553 3472 1611 καὶ

1924 1637 2260 1693 ἀπόλλυνται.
2303 1634 2528 1714 Ἱστορεῖ
2572 1633 2627 1693 δὲ
2669 1636 2759 1694 καὶ
2806 1636 2892 1695 τὸν
2933 1639 3218 1698 δεινότατον
3261 1640 3471 1700 Αἰνείαν

1920 1727 2022 1781 τῶν
2051 1722 2249 1805 Τρώων
2280 1727 2330 1782 ἐν
2360 1728 2436 1803 τῷ
2483 1723 2846 1802 βουλεύεσθαι,
2893 1726 2977 1784 διὰ
3018 1726 3112 1797 τὴν
3152 1731 3203 1786 ἐν
3235 1732 3299 1807 τῇ
3342 1728 3473 1808 μέθῃ

1922 1809 2221 1890 παρρησίαν
2247 1810 2336 1868 καὶ
2368 1810 2456 1876 τὰς
2480 1809 2726 1883 ἀπειλὰς,
2749 1810 2806 1878 ἃς
2824 1813 3032 1890 Τρωσὶν
3060 1812 3316 1892 ὑπέσχετο
3339 1818 3474 1873 οἰνο-

1920 1897 2183 1971 ποτάζων,
2207 1896 2558 1973 ὑπομείναντα
2579 1895 2671 1967 τὴν
2690 1897 2963 1977 Ἀχιλλέως
2984 1899 3150 1979 ὁρμὴν
3171 1900 3262 1958 καὶ
3286 1907 3472 1981 μικροῦ

1920 1980 2406 2062 παραπολλύμενον.
2439 1984 2545 2044 Καὶ
2582 1984 2920 2063 Ἀγαμέμνων
2951 1985 3003 2044 δὲ
3041 1987 3180 2065 λέγει
3219 2010 3321 2046 που
3351 1988 3470 2068 περὶ

1923 2073 2112 2128 αὑτοῦ·

2044 2212 2156 2262 Ἀλλ’
2175 2214 2272 2263 ἐπεὶ
2294 2213 2537 2277 ἀασάμην,
2557 2214 2685 2275 φρεσὶ
2709 2215 2982 2277 λευγαλέῃσι
2999 2216 3229 2275 πιθήσας,

2044 2285 2076 2342 ἢ
2097 2283 2207 2347 οίνῳ
2231 2285 2408 2347 μεθύων
2422 2319 2436 2345 ,
2457 2286 2488 2343 ἧ
2513 2285 2560 2347 μ’
2582 2286 2787 2348 ἕὸλαψαν
2807 2286 2899 2334 θεοὶ
2923 2285 3072 2334 αὐτοί.

1929 2425 1999 2489 είς
2034 2422 2127 2494 τὴν
2160 2423 2320 2497 αὐτὴν
2345 2424 2499 2491 τιθεὶς
2545 2424 2845 2504 πλάστιγγα
2880 2423 2974 2498 τὴν
3005 2425 3165 2502 μέθην
3194 2431 3258 2505 τῇ
3292 2426 3473 2507 μανίᾳ.

1921 2544 2001 2557 -·-
2031 2510 2186 2572 Οὕτω
2221 2512 2275 2571 δὲ
2313 2512 2379 2570 τὰ
2408 2512 2507 2584 ἔπη
2528 2519 2694 2571 ταῦτα
2717 2512 3073 2595 προηνέγκατο
3107 2514 3476 2594 Διοσκουρίδης

1921 2601 1948 2656 ὁ
1972 2598 2300 2677 Ἰσοκράτους
2328 2600 2583 2676 μαθητής.
2615 2635 2694 2646 -
2733 2602 2837 2661 Καὶ
2864 2605 2890 2659 ὃ
2929 2600 3196 2680 Ἀχιλλεὺς
3232 2600 3276 2658 δ’
3345 2602 3475 2659 ὀνει·

1922 2686 2072 2753 δίζων
2118 2691 2191 2765 τῷ
2233 2686 2602 2764 Ἀγαμέμνονι,
2651 2687 2836 2767 φησίν·

2050 2792 2299 2854 Οἷνοῧαρὲς
2315 2828 2329 2853 ,
2353 2793 2489 2847 κυνὸς
2514 2793 2684 2855 ὄμματ’
2702 2794 2834 2854 ἔχων.

1929 2939 2075 3002 spitae
2107 2941 2297 3001 lavant3
2342 2941 2550 3004 necilli,
2580 2942 2737 3004 utqui
2775 2942 2919 2990 vitam
2953 2945 3081 2990 recte
3130 2940 3477 3002 instituerunt,

1942 3017 2136 3068 libidine
2165 3018 2553 3079 inflammantur5
2590 3022 2638 3068 et
2685 3019 2761 3067 lue
2803 3019 2908 3067 illos
2954 3019 3167 3065 modeste
3201 3019 3475 3068 attrectant.

1931 3096 2120 3145 Priscus
2139 3097 2266 3146 enim
2282 3098 2364 3147 ille
2382 3111 2486 3146 mos
2509 3097 2615 3146 suit.
2645 3100 2768 3146 Sane
2792 3095 2952 3146 cocali
2982 3095 3092 3144 filiae
3109 3131 3123 3154 ,
3143 3109 3229 3158 pro
3248 3099 3477 3145 consueto

1928 3189 2088 3237 more,
2109 3175 2315 3225 Minoem
2335 3176 2495 3225 lavant
2514 3176 2560 3224 in
2581 3175 2787 3225 Siciliam
2803 3174 3156 3223 adventantem.
3191 3173 3481 3223 Ebrietatem

1928 3264 2040 3299 vero
2065 3251 2338 3314 vituperans
2372 3256 2509 3315 poeta
2527 3290 2541 3310 ,
2562 3252 2819 3313 Cyclopem
2844 3254 2943 3299 tam
2961 3254 3150 3298 vastum
3172 3249 3235 3298 ob
3261 3263 3367 3299 eam
3386 3251 3478 3300 fin-

1928 3327 1991 3388 git
2004 3328 2066 3375 ab
2080 3328 2400 3378 homuncione
2417 3328 2589 3391 pusillo
2602 3329 2960 3388 interemptum,
2977 3326 3239 3387 eademque
3256 3326 3316 3375 de
3334 3340 3478 3376 causa

1932 3403 2234 3465 Eurytionem
2265 3407 2562 3453 Centaurum
2596 3402 2786 3464 periisse
2813 3416 2825 3448 :
2865 3404 2912 3450 et
2938 3401 3065 3463 apud
3094 3402 3264 3450 Circen
3297 3402 3479 3462 Ulyssis

296 3482 495 3534 Hecuba
510 3516 523 3541 ,
552 3482 787 3543 reliquum
809 3479 902 3529 diei
923 3480 971 3528 in
995 3478 1114 3528 urbe
1137 3491 1328 3527 manere
1347 3480 1568 3541 cupiens,
1594 3480 1655 3528 ad
1675 3481 1838 3528 bibeu-
1878 3485 1888 3552 l
1928 3481 2081 3529 rocios
2102 3480 2151 3529 in
2169 3482 2331 3530 leones
2349 3484 2397 3529 et
2426 3480 2562 3541 lupos
2575 3480 2785 3527 mutatos
2806 3479 2942 3538 t'acit,
2963 3477 3188 3538 quoniam
3211 3477 3481 3539 voluptates

290 3564 410 3612 dum
434 3561 604 3610 invitat
626 3559 997 3621 libandumque,
1013 3559 1061 3606 et
1075 3555 1136 3605 ad
1155 3555 1372 3605 laetitiam
1394 3558 1643 3619 hortatum
1664 3558 1811 3606 atille
1825 3592 1838 3617 ,

291 3640 353 3690 ad
381 3637 658 3687 conflictum
680 3649 983 3695 reversurus,
1014 3635 1063 3684 in
1080 3633 1211 3683 aliud
1238 3635 1428 3697 tempus
1445 3634 1620 3684 dissert.
1659 3638 1714 3685 lit
1734 3635 1840 3684 haec

291 3715 485 3780 quidem
510 3715 826 3763 indesinenter
854 3711 1022 3761 laudat
1045 3711 1242 3773 vinum5
1272 3713 1323 3760 at
1348 3711 1453 3774 ille,
1473 3711 1726 3761 anhelosus
1752 3726 1837 3762 ve-

294 3794 452 3854 nienS,
473 3792 670 3855 respuit.
696 3792 758 3839 Et
775 3789 917 3838 instat
936 3787 1127 3850 quidem
1146 3787 1278 3848 hmo,
1304 3791 1359 3836 ut
1386 3788 1499 3836 libet
1517 3788 1743 3850 bibatque
1758 3806 1772 3850 ;
1793 3793 1839 3838 at
1879 3771 1887 3810 ¹

292 3873 404 3928 ille.
439 3873 603 3933 utpote
637 3881 806 3917 cruore
844 3878 1113 3929 respersus,
1148 3867 1217 3915 tas
1244 3879 1345 3915 esse
1370 3869 1524 3928 negat.
1556 3867 1699 3916 Novit
1726 3880 1840 3916 vero
1880 3861 1889 3926 ἰ

296 3953 531 4000 llomerus
548 3948 748 3998 modum
781 3945 927 3996 etiam
946 3946 1072 4005 vini,
1094 3947 1141 3995 et
1161 3948 1401 4008 quatenus
1425 3945 1542 3994 illud
1576 3945 1811 3995 conducat
1824 3963 1838 4007 ;

293 4027 679 4094 quandoquidem
721 4025 928 4075 avidius
975 4023 1297 4073 trahentibus
1340 4036 1519 4073 nocere
1559 4024 1645 4073 ait.
1687 4027 1841 4087 Atque

292 4105 436 4154 etiam
456 4105 585 4153 varia
604 4102 902 4167 temperandi
920 4101 1019 4150 vini
1036 4114 1207 4163 genera
1222 4100 1358 4149 novit
1378 4119 1390 4149 ι
1419 4114 1517 4150 non
1534 4103 1662 4151 enim
1682 4114 1844 4150 mera·

292 4185 406 4231 cius
448 4179 839 4243 temperandum
866 4177 1065 4228 dixisset
1097 4177 1328 4238 Achillea,
1353 4177 1401 4226 ni
1433 4178 1596 4227 suisset
1622 4178 1843 4241 quaedam

290 4256 568 4319 quotidiana
594 4257 935 4318 temperatura.
971 4254 1031 4304 At
1051 4253 1262 4304 fortassis
1283 4253 1481 4303 nescivit
1506 4259 1644 4317 poeta
1662 4292 1675 4315 ‚
1711 4255 1844 4304 facile

288 4333 439 4396 digeri
462 4333 629 4383 vinum
665 4347 721 4383 ac
743 4332 1077 4394 divanescere,
1096 4331 1317 4381 solidiore
1350 4331 1457 4380 cibo
1474 4345 1571 4380 non
1600 4330 1842 4392 admixto;

290 4410 420 4473 quod
453 4409 650 4460 medicis
670 4423 755 4473 per
785 4412 937 4459 artem
958 4410 1258 4471 compertum
1280 4410 1369 4458 est.
1417 4409 1584 4470 ltaque
1617 4408 1845 4458 cardiacis

293 4487 525 4537 bivinum
545 4487 610 4537 ita
630 4487 869 4550 praebent,
886 4489 941 4536 ut
964 4499 1137 4549 panem
1164 4486 1251 4535 aut
1278 4485 1487 4548 aliquem
1515 4499 1572 4534 ex
1589 4498 1647 4535 eo
1672 4499 1844 4548 genere

293 4566 455 4614 cibum
488 4565 812 4626 admisceant,
832 4564 894 4614 ad
918 4562 1216 4614 retinendam
1240 4563 1339 4612 vini
1366 4562 1483 4612 vim.
1513 4564 1571 4612 At
1591 4562 1671 4612 ille
1701 4564 1843 4612 etiam

294 4641 539 4692 Machaoni
564 4653 677 4691 cum
701 4642 891 4703 polenta
909 4642 959 4689 et
976 4653 1114 4690 caseo
1132 4639 1265 4690 dedit
1283 4640 1476 4700 vinum3
1500 4639 1713 4701 Ulyssem
1730 4654 1844 4689 vero

290 4721 458 4769 cibiae
479 4719 686 4782 potionis
704 4719 959 4767 utilitatem
979 4718 1343 4780 conjungentem
1358 4717 1470 4767 l'acit
1492 4736 1505 4766 ι

345 4838 625 4894 Quicumqoe
646 4835 717 4880 vir
733 4835 841 4881 vino
859 4836 1041 4881 satiatus
1057 4837 1104 4880 et
1121 4833 1239 4879 cibo.

286 4939 601 5001 compotanti
626 4951 741 4987 vero
758 4937 945 4999 tribuit,
959 4949 1105 5000 quem
1132 4936 1307 4987 ducem
1321 4938 1421 4987 sive
1442 4949 1649 4986 suavem
1664 4940 1841 4998 polum

290 5021 435 5066 vocat
460 5035 474 5067 ι

349 5123 410 5168 lbi
430 5135 542 5169 vero
563 5122 681 5168 dolia
700 5123 793 5169 vinl
812 5124 975 5168 veteris
993 5122 1150 5168 dulcis.

357 5225 494 5288 Apud
527 5224 734 5274 eundem
778 5227 1041 5276 nnmerum
1098 5223 1301 5285 virgines
1333 5225 1479 5285 atque
1517 5221 1704 5272 seminat
1750 5223 1833 5272 lio·

1927 3560 2087 3609 essent
2124 3557 2306 3619 secuti3
2353 3557 2570 3618 Ulyssem
2615 3568 2729 3603 vero
2769 3555 3040 3614 servatum,
3078 3552 3210 3615 quod
3257 3554 3480 3602 Mercurii

1931 3634 2165 3683 mandatis
2198 3634 2459 3697 paruisset,
2489 3645 2582 3695 qua
2603 3630 2855 3693 prudentia
2874 3629 3048 3678 illmsus
3068 3629 3232 3677 evasit.
3268 3632 3377 3679 Jam
3407 3631 3482 3679 El·

1928 3724 2093 3773 penor‚
2111 3711 2224 3760 vino
2252 3710 2448 3758 madens
2467 3713 2514 3757 et
2530 3709 2649 3756 luxu
2668 3708 2882 3768 solutus,
2909 3718 3120 3769 princeps
3141 3706 3239 3755 ruit
3269 3725 3281 3755 ι
3304 3709 3353 3755 et
3380 3713 3482 3757 An·

1930 3789 2091 3838 tinous
2106 3826 2120 3851 ,
2141 3789 2208 3838 sic
2227 3789 2442 3850 Ulyssem
2463 3785 2653 3835 adlatus
2667 3820 2682 3844 ,

2061 3898 2228 3942 Vinum
2252 3900 2294 3942 te
2312 3897 2434 3942 laedit
2452 3895 2698 3943 mellitum:

1930 4014 2080 4062 quum
2107 3999 2168 4048 ab
2186 3999 2289 4060 ejus
2306 4001 2421 4061 potu
2446 3997 2545 4059 ipse
2558 4009 2655 4044 non
2684 3994 3006 4054 abstinuisset,
3027 3994 3268 4042 sauciatus
3293 3994 3483 4043 interiit

1933 4091 2076 4126 manu
2098 4075 2256 4126 adhuc
2270 4077 2437 4124 tenens
2457 4073 2704 4136 poculum.
2723 4075 2916 4121 Graecos
2946 4071 3090 4120 etiam
3104 4107 3118 4131 ,
3140 4083 3292 4132 quum
3321 4071 3486 4120 classis

1932 4153 2159 4204 solvenda
2177 4153 2326 4211 esset,
2353 4151 2621 4199 vinolentos
2641 4148 2897 4207 describit,
2924 4149 2974 4197 et
2997 4146 3174 4195 idcirco
3205 4146 3483 4209 seditiosos;

1931 4233 2063 4297 quod
2089 4234 2180 4281 suit
2197 4232 2289 4281 illis
2310 4230 2586 4281 exitiosum.
2612 4230 2784 4279 Narrat
2810 4226 2935 4276 idem
2953 4262 2967 4287 ‚
3002 4227 3196 4274 AEneam
3214 4262 3229 4286 ,
3248 4226 3484 4287 Troiano-

1934 4324 2041 4360 rum
2057 4308 2271 4359 omnium
2283 4306 2705 4364 consultissimum,
2723 4304 2786 4354 ob
2804 4317 2958 4364 suam,
2972 4315 3123 4365 quum
3136 4303 3247 4352 vino
3261 4301 3489 4353 madidus

1931 4389 2057 4440 esset
2070 4423 2085 4447 ‚
2110 4387 2162 4435 in
2192 4384 2395 4434 dicendo
2414 4384 2680 4433 libertatem
2701 4382 2750 4432 et
2769 4379 3018 4430 audaciam
3032 4414 3047 4437 ,
3070 4392 3128 4428 ac
3142 4391 3198 4428 ea
3224 4392 3335 4440 quae
3359 4379 3485 4429 inter

1933 4466 2105 4529 pocula
2124 4464 2256 4528 apud
2276 4466 2507 4525 Troianos
2538 4460 2748 4509 minatus
2771 4458 2951 4509 Graecis
2974 4459 3130 4506 suerat
3145 4494 3159 4518 ,
3181 4457 3375 4507 Achillis
3392 4457 3482 4506 im·

1932 4546 2097 4607 petum
2132 4540 2448 4591 sustinentem
2485 4551 2622 4602 paene
2644 4535 2940 4586 occubuisse.
2979 4535 3041 4583 Et
3081 4539 3483 4596 Agamemnonem

1931 4620 2108 4672 alicubi
2125 4619 2185 4670 de
2207 4617 2488 4669 temulentia
2515 4617 2584 4666 sic
2609 4617 2884 4678 loquentem
2905 4611 3084 4661 inducit
3106 4631 3118 4660 ι

1984 4723 2071 4769 Sed
2086 4723 2296 4779 quoniam
2315 4721 2496 4779 peccavi
2509 4751 2522 4770 ‚
2541 4720 2692 4763 auimo
2714 4718 2951 4762 obsecutus
2964 4715 3238 4772 perrucioeo,

1986 4794 2082 4837 stre
2096 4791 2272 4845 ebrius,
2295 4791 2387 4835 sive
2408 4790 2534 4833 laesus
2552 4787 2718 4832 coelesu
2737 4785 2932 4830 numinis
2956 4785 3020 4828 ira
3044 4799 3058 4827 ι

1934 4888 2101 4940 eadem
2132 4887 2181 4935 in
2215 4887 2351 4936 lance
2385 4884 2642 4948 ponentem
2674 4881 2953 4931 ebrietatem
2988 4881 3035 4929 et
3066 4880 3212 4930 animi
3247 4881 3482 4933 furorem.

1932 4971 1948 5028 (
1972 4967 2052 5016 Sic
2079 4964 2207 5015 enim
2247 4976 2417 5013 versus
2448 4961 2553 5010 illos
2577 4959 2775 5024 protulit
2809 4957 3133 5018 Dioscorides,
3171 4959 3387 5008 isocratis
3408 4960 3485 5008 di·

1932 5046 2154 5108 scipulus.
2175 5045 2192 5107 )
2217 5045 2276 5093 Et
2296 5041 2633 5105 Agamemnoni
2657 5040 2861 5089 Achilles
2878 5040 2945 5087 sic
2964 5039 3258 5088 conviciatur
3285 5059 3296 5087 e

1986 5149 2102 5192 Vino
2121 5145 2267 5202 gravis
2283 5176 2296 5196 ,
2311 5145 2383 5189 cui
2401 5145 2586 5188 caninus
2602 5147 2666 5188 est
2684 5142 2856 5186 oculus.

1998 5221 2108 5269 Haec
2128 5217 2387 5281 disputavit
2405 5217 2680 5265 Thessalum
2701 5213 2957 5276 sophisma.

3195 5336 3270 5382 121-
