4016 5916
482 420 597 470 226

484 554 736 613 peratum
774 557 916 612 esse,
961 514 1118 616 quod
1146 560 1313 597 omne
1349 543 1475 595 vitae
1517 551 1738 614 tempus
1771 541 2031 615 philoso-

1822 403 2229 467 DlCAEARCH
2240 405 2327 467 (Js

2205 542 2457 596 Primum
2499 543 2671 616 igitur
2711 542 2769 596 in
2810 540 3123 616 stag-mento
3161 538 3307 618 (59),
3344 542 3502 616 quod
3536 545 3695 599 Pelii

483 630 713 704 phando
778 630 1129 703 tramegerit‚
1181 646 1524 702 prorsusque
1583 627 1893 701 neglexerit
1947 622 2035 681 τὸν
2124 630 2331 684 montis
2376 630 2813 703 descriptionem
2859 629 3140 699 continet,
3185 631 3497 686 Demetrias
3540 632 3698 687 urbs

485 714 770 796 πρακτικὸν
814 713 951 791 βίον,
990 734 1160 789 quem
1197 717 1401 771 summi
1441 714 1760 770 faciendum
1797 733 1909 769 esse
1936 714 2035 770 Di·

485 805 763 861 caearchus
784 803 1099 860 contendit.
1121 804 1339 857 Etenim
1370 804 1446 857 ita
1463 801 1658 857 Cicero
1684 801 1775 857 Ad
1796 805 1913 856 Att.
1945 802 2003 855 11
2020 841 2035 869 ,

494 891 563 947 16
600 908 615 948 ε
645 892 808 947 Nunc
830 908 1058 964 prorsus
1096 888 1200 944 hoc
1236 893 1430 957 statui,
1479 899 1544 942 ut
1575 892 1837 960 quoniam
1880 899 2039 941 tanta

486 982 847 1033 controversia
888 989 971 1030 est
1014 974 1374 1042 Dicaearcho,
1413 972 1707 1046 familiari
1748 986 1861 1043 tuo,
1917 992 2038 1028 cum

496 1064 903 1141 Theophrasto,
934 1068 1113 1118 amico
1133 1081 1277 1131 meo,
1314 1074 1372 1117 ut
1396 1068 1416 1117 i
1422 1065 1495 1117 lle
1516 1074 1638 1117 taus
1654 1058 1757 1118 τὸν
1783 1080 1988 1139 πρακτ
2004 1081 2041 1115 ι-

487 1150 594 1209 κὸν
627 1148 764 1228 βίον
796 1152 958 1227 longe
980 1151 1235 1206 omnibus
1261 1160 1585 1222 anteponat,
1615 1146 1708 1202 hic
1726 1156 1909 1202 autem
1936 1142 2039 1202 τὸν

488 1235 904 1318 θεωρητικὸν,
933 1243 1150 1310 utrique
1168 1256 1205 1291 a
1227 1254 1316 1292 me
1352 1255 1469 1292 mos
1488 1248 1672 1310 gestus
1707 1253 1826 1290 esse
1851 1235 2036 1288 ‘idea-

488 1338 591 1384 την.
612 1328 755 1383 Puto
780 1330 927 1381 enim
948 1343 1034 1379 me
1062 1323 1382 1378 Dicaearcho
1403 1321 1636 1396 affatim
1667 1317 2036 1391 satisfecissm

461 1404 723 1488 'respicio
758 1431 904 1467 nunc
940 1411 1021 1466 ad
1057 1410 1204 1466 lianc
1222 1407 1553 1481 familiam,
1594 1426 1721 1483 quoe
1760 1408 1899 1463 mike·
1933 1427 2041 1462 non

488 1501 647 1556 modo
700 1511 760 1554 at
820 1504 1153 1573 requiescam
1199 1502 1501 1572 permittit,
1550 1496 1655 1552 sed
1692 1495 2047 1570 reprehendit

436 1652 440 1659 Ι
488 1593 621 1662 quia
647 1606 756 1642 non
784 1605 1001 1661 semper
1028 1590 1338 1660 quieverint.
1371 1585 1457 1641 Cf.
1494 1583 1645 1638 idem
1674 1583 1749 1639 ib.
1778 1584 1911 1652 VII,
1944 1584 2034 1639 3.

486 1679 570 1729 Ac
582 1680 826 1750 primum
849 1675 1010 1741 illud,
1042 1679 1099 1728 in
1119 1692 1225 1747 quo
1249 1684 1300 1727 te
1323 1659 1646 1726 Dicaearcho
1666 1673 1923 1725 assentiri
1939 1687 2039 1724 ne-

485 1781 616 1835 gas,
648 1769 750 1817 etsi
766 1762 1123 1838 cupidissime
1150 1765 1450 1834 expetitam
1475 1778 1512 1813 a
1531 1767 1618 1812 me
1633 1761 1736 1824 sit,
1769 1768 1825 1811 et
1840 1775 2039 1831 appro-

488 1850 654 1904 bante
673 1862 723 1904 te
737 1890 751 1917 ,
769 1867 841 1905 ne
863 1849 1071 1904 diutius
1092 1866 1242 1904 anno
1262 1851 1320 1901 in
1328 1849 1612 1920 provincia
1628 1854 1824 1910 essem,
1851 1854 2038 1898 tamen

430 1990 436 1997 .
487 1961 596 1997 non
619 1956 700 1997 est
718 1955 901 1998 nostra
928 1946 1274 1998 contentione
1289 1937 1619 2016 per-flectam.
1651 1936 1812 1992 Idem
1843 1937 1921 1995 ib.
1946 1938 2002 1992 11
2020 1977 2036 2006 ,

491 2048 590 2101 20,
619 2041 674 2085 et
702 2031 789 2103 11,
822 2048 888 2083 12
923 2048 938 2082 ε
965 2026 1357 2082 Dicaearchum
1383 2037 1530 2080 recte
1549 2042 1709 2079 amas
1731 2042 1750 2076 .·
1786 2024 2038 2079 luculen-

488 2128 573 2171 tus
607 2116 769 2172 homo
791 2128 877 2171 est
895 2127 951 2170 et
969 2120 1101 2170 civis
1124 2115 1283 2169 haud
1298 2114 1495 2189 paullo
1524 2113 1725 2168 melior
1754 2129 1920 2184 quam
1951 2115 2040 2165 isti

487 2210 660 2259 nostri
686 2198 1069 2280 ἀδικαιοίρχε
1088 2223 1194 2258 ιοι.
1221 2202 1483 2257 Pluribus
1508 2200 1706 2257 Cicero
1730 2198 2040 2256 Dicaearchi

486 2292 814 2347 sententiam
844 2289 915 2345 de
942 2287 1137 2344 studiis
1162 2288 1334 2344 rebus
1362 2287 1618 2342 civilibus
1645 2283 2039 2359 impendendis

488 2378 804 2453 exposuisse
834 2375 1061 2431 videtur
1100 2376 1264 2430 initio
1309 2376 1495 2448 operis
1521 2376 1606 2431 De
1641 2375 1815 2445 nep„
1850 2373 1932 2426 uti
1966 2389 2034 2426 ex

488 2474 814 2539 comparato
858 2463 1135 2519 Lactantii
1171 2461 1599 2518 Institutionum
1635 2460 1867 2516 exordio
1894 2478 2035 2531 pro-

486 2552 750 2609 babiliter
795 2550 1085 2606 concludit
1130 2551 1383 2604 Moserus
1430 2545 1549 2623 (ad
1585 2547 1702 2603 Cic.
1762 2548 1849 2601 De
1888 2549 2032 2618 ch.

484 2656 547 2713 p.
587 2631 912 2711 LXXVII).
945 2638 1237 2692 Pertinent
1272 2654 1410 2690 vero
1454 2635 1566 2690 huc
1604 2635 1771 2688 etiam
1807 2651 1871 2688 ea
1914 2652 2036 2705 quae

486 2725 819 2783 Plutarchus
839 2724 1011 2779 habet
1039 2723 1157 2797 (An
1182 2723 1299 2777 seni
1320 2739 1442 2796 ger.
1474 2738 1621 2793 resp.
1647 2738 1695 2773 c.
1727 2717 1829 2793 26)
1863 2739 1877 2773 :
1903 2719 1952 2774 T
1954 2716 2037 2783 οὺς

488 2812 540 2868 ἐν
584 2816 698 2874 ταῖς
740 2809 918 2874 στοαῖς
954 2804 1392 2881 ἀνακάμπτοντας
1432 2802 1735 2882 περιπατεῖν
1765 2802 1927 2881 φασὶ,
1966 2807 2037 2870 ὡς

488 2895 633 2976 ἔλεγε
660 2896 980 2975 Δικαίαρχος
999 2940 1014 2968 ,
1043 2893 1214 2952 οὐκέτι
1244 2890 1297 2950 δὲ
1328 2892 1441 2958 τοὺς
1470 2895 1539 2957 εἷς
1563 2891 1648 2948 τὸν
1676 2890 1830 2969 ἀγρὸν
1858 2889 2039 2970 ἢπρὸς

488 2984 634 3064 φίλον
683 2983 1006 3062 βαδίζοντας.
1063 2983 1389 3054 Cujusmodi
1436 2979 1786 3056 philosophis
1834 2980 2039 3037 deinde

489 3075 801 3146 opponitur
859 3070 1053 3126 nobile
1095 3070 1340 3125 Socratis
1383 3068 1732 3141 exemplum,
1776 3069 1875 3139 qui
1921 3088 2040 3123 non

486 3159 663 3222 modo
700 3156 1099 3232 philosophus,
1122 3155 1220 3211 sed
1244 3156 1378 3211 civis
1401 3157 1567 3210 etiam
1605 3155 1847 3227 optimus
1868 3153 2039 3210 fuerit

490 3247 573 3320 (v.
602 3246 802 3320 fragm.
849 3239 1092 3319 ultim.).
1127 3244 1393 3298 Similiter
1437 3245 1618 3317 ipsum
1651 3242 2036 3298 Dicaearchuni

487 3333 559 3389 de
598 3333 765 3389 rebus
793 3330 1048 3387 cirilibus
1085 3331 1349 3384 meritum
1389 3330 1552 3385 fuisse
1590 3339 1757 3400 atque
1802 3329 2035 3385 munera

484 3421 713 3495 publica
747 3421 968 3494 gessisse
1013 3414 1489 3494 (Lacedaemone)
1535 3435 1604 3472 ex
1659 3415 1837 3470 allatis
1876 3416 2037 3473 facile

486 3507 790 3582 colligitur.

564 3596 838 3649 Praeterea
878 3592 950 3648 de
991 3594 1104 3647 vita
1149 3590 1459 3647 Dicaearchi
1500 3590 1641 3646 nihil
1686 3590 2035 3664 accepimuS,

485 3683 589 3737 nisi
606 3679 763 3754 quod
779 3680 929 3754 apud
947 3681 1190 3735 Plinium
1217 3678 1311 3754 (fr.
1333 3677 1426 3753 61)
1454 3695 1645 3750 regum
1665 3697 1806 3735 cura
1829 3691 2038 3734 montes

484 3787 736 3825 emensus
772 3787 885 3824 esse
925 3766 1155 3823 dicitur.
1187 3769 1353 3824 Hunc
1382 3768 1442 3821 in
1466 3764 1639 3822 finem
1665 3767 1941 3825 Graeciam
1964 3767 2037 3822 ab

485 3876 555 3912 eo
583 3867 941 3930 peragratam
969 3873 1087 3911 esse
1125 3872 1235 3929 pro
1271 3863 1428 3910 certo
1468 3852 1587 3909 sere
1622 3870 1840 3928 ponere
1880 3853 2032 3911 licet.

483 3946 631 4000 Num
676 3944 936 4018 longiora
981 3941 1335 4017 geographus
1364 3941 1565 3997 itinera
1605 3942 1927 4011 instituerit,
1976 3942 2039 3995 in

483 4029 671 4086 medio
719 4027 1178 4102 relinquendum.
1233 4029 1539 4101 Quousque
1571 4027 1816 4101 denique
1864 4030 2038 4085 vitam

484 4118 841 4190 produxerit,
882 4134 954 4172 ne
1001 4114 1325 4187 conjectura
1371 4115 1601 4188 quidem
1637 4118 1855 4189 assequi
1884 4117 2034 4172 licet.

483 4207 658 4263 Multa
675 4204 907 4279 quidem
928 4203 998 4260 de
1019 4203 1368 4276 temporibus
1379 4205 1689 4260 Dicaearchi
1707 4204 2037 4262 Dodwellus

479 4304 634 4350 sueta
668 4292 1005 4349 verbositate
1035 4290 1340 4365 disputavit
1382 4308 1397 4349 ε
1443 4309 1643 4347 verum
1682 4309 1812 4348 usus
1837 4310 2034 4348 eorum

481 4397 636 4452 paene
674 4380 864 4434 nullus
892 4389 989 4434 est.
1020 4378 1292 4433 Nituntur
1319 4380 1468 4434 enim
1503 4377 1621 4435 haec
1672 4379 1860 4434 omnia
1897 4379 2036 4434 locis

481 4466 819 4540 quibusdam
853 4467 1101 4522 metricae
1129 4467 1223 4534 τῆς
1250 4462 1506 4530 Ἑλλάδος
1551 4466 1878 4543 ἀναγραφῆς,
1910 4484 2036 4538 quae

482 4555 803 4611 Dicaearcho
821 4554 957 4609 olim
978 4553 1350 4624 tribuebatur,
1374 4573 1549 4628 quum
1561 4552 1819 4626 Dionysii
1832 4553 1901 4608 sit
1912 4556 2034 4608 aevi·

480 4659 589 4714 que
612 4639 788 4696 infimi
808 4641 972 4696 soetus
988 4682 1005 4711 ‚
1036 4652 1157 4696 turn
1179 4659 1317 4698 vero
1337 4642 1561 4699 indiciis
1583 4637 1869 4697 nonnullis
1889 4639 2031 4716 frag-

480 4738 799 4783 mentorum
825 4746 994 4801 prosa
1035 4729 1293 4785 oratione
1325 4731 1698 4803 scriptorum,
1746 4745 1870 4802 quae
1896 4745 2032 4800 poe·

481 4816 600 4870 ticae
628 4814 717 4870 isti
745 4810 1039 4892 Ἀναγραφῇ
1070 4817 1131 4872 in
1157 4815 1330 4873 codd.
1358 4817 1797 4894 subjunguntur.
1822 4818 2031 4873 Verum

480 4901 645 4957 etiam
669 4901 787 4957 haec
817 4912 1008 4957 utrum
1028 4904 1340 4960 Dicaearchi
1366 4906 1503 4972 sint,
1531 4921 1605 4960 an
1624 4904 1765 4960 alius
1789 4904 2032 4977 scripto-

478 4989 572 5058 ris,
586 4989 1010 5045 incertissimum
1030 5000 1126 5048 est.
1144 4992 1431 5047 Faciamus
1447 5002 1632 5048 tamen
1645 5010 1709 5047 ea
1723 4989 2028 5048 Dicaearchi

478 5093 618 5144 esse,
652 5076 1052 5151 videamusque
1076 5077 1213 5152 quid
1243 5077 1376 5134 inde
1399 5078 1471 5136 ad
1498 5089 1757 5153 tempora
1781 5078 2030 5135 auctoris

474 5163 868 5221 constituenda
891 5177 1348 5240 consequeretur.

2126 728 2621 774 commemoratur.
2667 718 2801 788 Quae
2847 734 2963 789 quo
3007 734 3157 772 anno
3199 715 3429 774 condita
3465 720 3537 774 sit
3576 723 3687 776 etsi

2127 805 2440 859 accuratius
2457 822 2576 859 non
2594 803 2856 871 traditur,
2882 803 3172 858 conditam
3192 812 3379 860 tamen
3397 822 3510 861 esse
3523 817 3685 880 patet

2125 892 2273 945 inter
2289 891 2642 965 septennium
2663 889 2813 945 istud
2827 930 2843 959 ,
2862 906 2968 962 per
2988 890 3146 962 quod
3162 909 3341 966 regno
3359 895 3685 949 Demetrius

2126 973 2468 1033 Poliorcetes
2481 978 2695 1051 potitus
2707 985 2787 1031 est
2808 976 2926 1049 (01.
2957 994 3058 1031 121
3078 1017 3096 1048 ,
3116 976 3377 1047 3-123,
3399 977 3454 1034 3.
3480 989 3692 1053 29⁴·-

2130 1059 2296 1137 287).
2327 1064 2618 1120 Sumamus
2645 1081 2854 1119 annum
2875 1063 3128 1119 medium
3155 1081 3270 1138 290
3295 1083 3342 1122 a.
3377 1065 3441 1121 C.
3470 1068 3598 1122 Jam
3637 1069 3690 1123 si.

2126 1159 2328 1207 statuas
2344 1194 2361 1225 ,
2385 1151 2543 1225 quod
2563 1150 2941 1225 probabiliter
2965 1160 3208 1207 statuere
3237 1152 3398 1221 licet,
3428 1155 3679 1209 Dicaear-

2129 1236 2296 1292 chum
2310 1257 2425 1311 quo
2443 1250 2697 1313 tempore
2710 1239 3034 1295 Aristoteles
3047 1250 3306 1295 mortuus
3320 1249 3399 1295 est
3415 1238 3523 1314 (01.
3548 1259 3570 1295 1
3588 1260 3610 1296 1
3625 1246 3686 1313 1.,

2132 1321 2187 1381 3.
2235 1322 2345 1378 322
2364 1319 2411 1399 ),
2441 1326 2566 1379 vitae
2593 1342 2803 1382 annum
2841 1326 3012 1399 egisse
3034 1327 3329 1380 minimum
3355 1326 3688 1383 vicesimum

2129 1410 2414 1482 quintum,
2445 1411 2701 1486 adeoque
2718 1424 2915 1468 natum
2939 1429 3051 1469 esse
3073 1414 3223 1470 circa
3249 1411 3360 1483 347
3383 1431 3436 1469 a.
3468 1412 3530 1470 C.
3554 1431 3569 1471 τ
3594 1433 3683 1470 se·

2129 1498 2322 1569 quitur
2348 1517 2477 1554 eum
2496 1484 2654 1555 anno*
2672 1518 2785 1574 290
2805 1517 2857 1555 a.
2887 1499 2951 1558 C.
2979 1500 3149 1575 egisse
3169 1518 3379 1555 annum
3403 1502 3684 1574 quinqua·

2127 1586 2396 1658 gesimum
2412 1588 2731 1661 septimum.
2753 1619 2833 1629 —-
2854 1590 3037 1643 Porro
3062 1586 3286 1644 duobus
3302 1588 3442 1643 locis
3460 1586 3547 1662 (sr.
3575 1588 3679 1667 58)

2128 1690 2316 1728 versus
2337 1675 2598 1729 nonnulli
2619 1693 2651 1731 e
2685 1674 2993 1751 Posidippo
3025 1673 3417 1732 Cassandrensi
3455 1678 3683 1733 comico

2128 1758 2453 1818 afferuntur.
2498 1760 2832 1835 Posidippus
2868 1778 3037 1831 vero,
3085 1761 3312 1835 triginta
3357 1762 3680 1820 fabularum

2130 1857 2346 1917 auctor,
2396 1847 2603 1905 docere
2647 1851 2818 1923 coepit
2862 1867 3012 1903 anno
3060 1849 3227 1904 tertio
3269 1860 3394 1922 post
3429 1861 3680 1907 mortem

2127 1933 2448 2004 Menandri,
2471 1935 2585 1990 sive
2612 1935 2703 1991 Ol.
2737 1954 2877 2005 122,
2903 1941 2957 2000 l..
3003 1932 3115 2009 289
3141 1938 3159 2007 (
3183 1935 3375 1991 Suidas
3399 1955 3451 1993 v.
3480 1937 3678 2001 Ποσιδ.

2127 2019 2210 2078 Cf.
2249 2021 2495 2077 Clinton.
2539 2021 2613 2078 ad
2653 2040 2746 2081 an.
2789 2021 2960 2096 289).
3004 2022 3185 2097 Igitur
3227 2024 3270 2078 si
3303 2025 3686 2083 concedamus

2124 2125 2316 2163 versus
2341 2108 2474 2163 istos
2499 2126 2530 2165 e
2569 2110 2766 2182 primis
2806 2108 3099 2182 Posidippi
3140 2109 3425 2166 comoediis
3466 2114 3688 2185 petitos

2129 2212 2274 2264 esse,
2317 2198 2572 2270 sequitur
2621 2215 2791 2271 opus,
2857 2197 2917 2251 in
2962 2216 3077 2270 quo
3122 2197 3443 2268 laudantur,
3494 2216 3529 2255 a
3572 2203 3680 2258 Di-

2128 2284 2376 2339 caearcho
2415 2286 2566 2340 inter
2603 2285 3004 2359 sexagesimum
3035 2283 3260 2339 demum
3290 2296 3345 2340 et
3382 2298 3681 2364 septuage-

2126 2372 2328 2426 simum
2355 2372 2480 2426 vitae
2504 2390 2713 2427 annum
2737 2372 3016 2427 conscribi
3039 2372 3306 2445 potuisse.
3333 2373 3520 2445 Quum
3537 2394 3683 2431 vero

2126 2457 2265 2511 nihil
2293 2468 2457 2533 cogat
2487 2469 2551 2513 ut
2588 2459 2916 2517 Dicaearcho
2951 2459 3259 2533 fragmenta
3288 2460 3390 2515 ista
3421 2461 3679 2519 tribuan-

2129 2556 2242 2614 tur,
2290 2556 2346 2601 et
2383 2564 2489 2620 per
2534 2565 2592 2602 se
2626 2546 2979 2620 probabilius
3021 2547 3090 2600 sit
3136 2544 3352 2601 laudari
3398 2549 3676 2604 comicum

2127 2651 2244 2686 non
2281 2652 2432 2687 nunc
2483 2635 2729 2707 primum
2768 2642 3087 2707 surgentem
3112 2651 3143 2688 a
3179 2651 3311 2688 sene
3358 2631 3679 2707 decrepito,

2126 2719 2224 2774 sed
2269 2716 2568 2776 florentem
2593 2721 2682 2775 vel
2720 2721 2884 2775 etiam
2922 2720 3039 2791 jam
3063 2730 3350 2776 mortuum
3380 2719 3450 2775 ab
3477 2725 3680 2795 aequali

2127 2808 2218 2861 vel
2258 2809 2424 2862 etiam
2457 2807 2686 2879 juniore
2725 2809 3026 2881 scriptore,
3071 2807 3230 2863 vides
3274 2807 3679 2885 chronologica

2127 2905 2412 2949 momenta
2452 2914 2524 2951 eo
2560 2897 2751 2970 potius
2783 2914 2889 2951 nos
2937 2893 3249 2966 adducere,
3283 2905 3350 2949 ut
3373 2892 3530 2970 :opus
3558 2897 3678 2953 hoc

2125 2984 2454 3038 Dicaearcho
2480 2982 2920 3056 abjudicandum
2960 3001 3073 3038 esse
3095 3001 3434 3040 censeamus.

2207 3071 2487 3128 Hactenus
2509 3071 2584 3128 de
2609 3073 2725 3127 vita
2743 3070 3072 3126 Dicaearchi.
3096 3072 3220 3126 Jam
3250 3070 3410 3144 quod
3435 3072 3680 3145 scripto-

2128 3175 2246 3210 rem
2271 3158 2498 3225 attinet,
2524 3158 2776 3212 unanimi
2805 3169 3056 3212 veterum
3091 3175 3366 3212 consensu
3395 3159 3540 3213 inter
3581 3176 3684 3214 eos

2126 3244 2481 3302 Dicaearchus
2524 3255 2868 3313 recensetur,
2920 3244 3018 3317 qui
3069 3244 3358 3316 exquisitae
3404 3242 3675 3300 doctrinae

2127 3330 2292 3403 copia
2318 3341 2374 3385 et
2392 3333 2656 3386 varietate
2685 3329 3046 3403 docendique
3075 3329 3336 3386 facultate
3361 3331 3681 3405 principem

2127 3417 2314 3472 locum
2345 3417 2403 3471 in
2445 3418 2737 3491 republica
2783 3419 3030 3473 literaria
3064 3417 3432 3472 obtinuerint.
3464 3418 3677 3474 Audia-

2126 3522 2249 3559 mus
2268 3504 2444 3560 modo
2477 3522 2491 3563 t
2523 3504 2884 3560 Dicaearchus
2902 3506 3249 3561 doctissimus
3266 3504 3427 3562 homo
3459 3507 3676 3574 (Varro

2124 3593 2209 3645 De
2231 3592 2305 3649 R.
2342 3594 2412 3649 R.
2444 3594 2501 3662 1,
2539 3611 2562 3647 1
2584 3591 2640 3668 );
2670 3598 2769 3648 vir
2802 3597 3077 3667 imprimis
3103 3593 3349 3648 eruditus
3387 3591 3559 3666 (Plin.
3595 3595 3671 3650 H.

2127 3677 2195 3735 Ν.
2221 3679 2304 3748 11,
2328 3677 2362 3733 6
2392 3677 2493 3754 5),
2477 3699 2491 3712 ·
2524 3675 3025 3757 ἱστορικώτατος
3052 3679 3196 3754 (Cic.
3217 3679 3309 3736 Ad
3329 3681 3442 3737 Att.
3469 3682 3549 3749 11,
3578 3679 3673 3755 6);

2125 3766 2342 3821 deliciae
2367 3784 2510 3822 meoe
2543 3766 2903 3822 Dicaearchus
2940 3765 3056 3842 (id.
3088 3768 3247 3823 Tusc.
3275 3767 3339 3837 1,
3378 3760 3505 3838 31);
3521 3773 3684 3838 peri-

2120 3857 2389 3925 pateticus
2421 3873 2548 3928 ma
2524 3872 2658 3909 onus
2696 3866 2754 3909 et
2784 3857 3028 3928 copiosus
3056 3851 3166 3928 (id.
3190 3854 3275 3909 De
3298 3848 3404 3909 off.
3449 3852 3534 3918 11,
3570 3848 3672 3926 5);

2125 3941 2481 3998 Dicaearchus
2490 3962 2610 3997 cum
2629 3945 2978 4010 Aristoxeno,
3001 3942 3145 3997 docti
3161 3957 3295 3994 sane
3307 3937 3546 3993 homines
3565 3934 3673 4014 (id

2125 4023 2290 4085 Tusc.
2315 4031 2372 4099 Ι,
2411 4027 2479 4085 18
2497 4027 2549 4104 );
2584 4029 2972 4085 Dicaearchum
3003 4027 3306 4083 mehercule
3332 4037 3429 4081 αιιε
3457 4027 3672 4082 Aristo-

2123 4135 2328 4172 xenum
2356 4117 2566 4173 diceres
2591 4122 2815 4185 arcessi,
2862 4122 2972 4172 non
2998 4134 3165 4171 unum
3204 4117 3441 4171 omnium
3481 4115 3675 4187 quua-

2124 4209 2395 4261 cissimum
2422 4218 2480 4261 et
2511 4209 2738 4260 minime
2770 4216 2962 4280 aptum
3003 4205 3084 4259 ad
3105 4203 3405 4261 docendam
3436 4199 3552 4277 (id.
3584 4202 3676 4258 Ad

2123 4295 2241 4351 Att.
2263 4294 2397 4350 VIII
2412 4333 2429 4366 ,
2454 4298 2484 4358 4
2503 4289 2519 4369 )
2539 4313 2554 4361 ;
2574 4293 2808 4367 Semper
2829 4291 3022 4348 habuit
3045 4291 3345 4368 (Panaetius
3365 4288 3470 4364 sc.)
3503 4294 3561 4343 in
3579 4308 3674 4346 ore

2123 4379 2413 4435 Platonem
2426 4420 2441 4446 ‚
2490 4380 2868 4447 Aristotelem,
2904 4379 3274 4435 Xenocratem
3287 4416 3307 4444 ,
3357 4374 3680 4449 Theophra·

2121 4478 2294 4537 stam,
2330 4465 2757 4534 Dicaearchum,
2806 4478 2868 4522 ut
2900 4469 3070 4540 ipsias
3102 4470 3317 4539 scripta
3347 4465 3662 4528 declarant,

2122 4573 2257 4629 quos
2279 4554 2499 4629 quidem
2537 4555 2641 4609 tibi
2676 4555 2918 4610 studiose
2943 4566 2999 4609 et
3029 4555 3331 4629 diligenter
3361 4551 3674 4607 nactandos

2121 4660 2453 4719 magnopere
2477 4661 2667 4697 censeo
2707 4641 2812 4718 (id.
2837 4643 2922 4697 De
2949 4639 3047 4696 fin.
3081 4643 3186 4710 IV,
3217 4633 3359 4716 28);
3391 4637 3671 4693 Mirabilis

2123 4736 2222 4786 vir.
2381 4731 2661 4802 Magnum
2701 4747 2951 4785 acervum
2997 4727 3320 4783 Dicaearchi
3361 4723 3499 4781 milti
3542 4733 3673 4777 ante

2115 4818 2288 4892 pedes
2326 4831 2730 4873 exstruxi-ram.
2772 4816 2822 4872 Ο
2863 4834 3129 4889 magnum
3172 4814 3449 4870 hominem
3465 4854 3478 4880 ,
3535 4821 3594 4865 et
3633 4825 3678 4862 a

2118 4925 2224 4980 quo
2251 4908 2420 4962 multo
2427 4907 2605 4980 plara
2628 4906 2884 4960 didiceris
2901 4922 3065 4977 quam
3089 4904 3162 4957 de
3188 4904 3427 4958 Procilio
3449 4898 3547 4974 (id.
3575 4894 3672 4952 Ad

2117 4997 2234 5051 Att.
2279 4995 2365 5063 11,
2409 4991 2503 5070 2).
2542 5022 2623 5037 —
2664 4993 2966 5065 Reliquum
3017 5000 3097 5045 est
3149 5001 3215 5045 ut
3256 4979 3545 5043 videamus
3589 4979 3681 5045 de

2115 5081 2452 5154 scriptorum
2481 5081 2606 5149 illo,
2635 5098 2801 5153 quem
2826 5079 3021 5135 Cicero
3048 5076 3215 5156 dicit,
3247 5093 3465 5132 acervo,
