4016 5916
508 424 616 473 128

501 546 834 621 AEgidarum
858 554 1134 598 rationem
1163 540 1312 593 hisce
1339 534 1899 592 Lacedaemoniorum
1925 552 2054 588 nar·
2099 586 2104 609 Ι

507 633 819 689 tuitionibus
839 630 924 684 vel
949 627 1173 683 Pindari
1194 635 1351 680 aetate
1378 624 1540 679 valde
1564 625 1913 678 obscuratam
1942 639 2054 676 esse

501 723 675 775 t'.isius
690 719 923 792 exponit
950 716 1017 772 Ο.
1046 714 1272 771 ΜὶὶΙῙετ.
1321 712 1469 768 Min.
1511 710 1618 766 351
1655 728 1800 782 sqq„
1837 710 1966 765 Dor.
1996 709 2054 774 1,

509 812 602 863 (ii.
650 804 791 874 354,
818 821 985 876 quem
1019 799 1187 856 semel
1233 801 1294 853 in
1321 800 1469 872 Rep.
1504 796 2059 853 Lacedaemoniorum

506 893 758 948 laudasse
793 889 1046 948 sufficiat.

1242 1012 1334 1082 76.

509 1239 660 1297 θέτου
687 1237 907 1296 καθόλου
933 1235 1027 1313 μὲν
1055 1233 1196 1293 οὐδὲν
1228 1232 1363 1290 ἔστιν
1387 1236 1547 1290 εἰπεῖν
1574 1227 2058 1310 ἀναμφισὸήτητον,

515 1319 579 1385 οὗ
615 1350 673 1404 γε
700 1325 790 1383 καὶ
817 1322 960 1404 γένος
994 1322 1083 1380 καὶ
1131 1320 1398 1397 ἀποδημία
1428 1319 1517 1377 καὶ
1553 1316 1766 1386 τελευτὴ
1808 1313 1898 1374 καὶ
1942 1314 2069 1394 πρὸς

515 1413 713 1471 ἅπασιν
741 1416 773 1482 ἦ
803 1410 919 1492 περὶ
959 1408 1076 1475 τοὺς
1111 1409 1296 1484 νόμους
1339 1410 1501 1465 αὐτοῦ
1548 1403 1639 1463 καὶ
1666 1402 1760 1474 τὴν
1802 1404 2065 1461 πολιτείαν

517 1499 851 1580 πραγματεία
881 1495 1150 1579 διαφόρους
1176 1493 1395 1574 ἔσχηκεν
1419 1494 1679 1572 ἱστορίας,
1706 1489 1901 1562 ἥκιστα
1933 1487 1986 1548 δὲ
2017 1492 2066 1548 οἱ

515 1586 720 1664 χρόνοι,
749 1584 868 1643 καθ’
889 1582 972 1649 οὓς
991 1582 1196 1661 γε’γονεν
1219 1585 1247 1640 ὁ
1270 1580 1421 1662 ἀνὴρ,
1445 1583 1835 1656 ὁμολογοῦνται.
1870 1579 1940 1637 Oi
1972 1572 2067 1654 μὲν

511 1673 620 1753 γὰρ
657 1672 838 1752 Ἰφίτῳ
879 1669 1210 1747 συνακμάσαι
1244 1669 1332 1726 καὶ
1361 1667 1705 1726 συνδιαθεῗναι
1744 1663 1839 1736 τὴν
1865 1663 2070 1739 Ὀλυμ-

521 1757 721 1830 πιακὴν
770 1757 1059 1837 ἐκεχειρίαν
1101 1756 1335 1833 λέγουσιν
1372 1754 1550 1813 αὐτόν·
1577 1743 1649 1811 ὧν
1678 1755 1785 1811 ἐστι
1818 1750 1906 1809 καὶ
1935 1751 2068 1826 Ἀρι-

522 1845 764 1916 στοτέλης
779 1848 806 1903 ὁ
833 1844 1107 1925 φιλόσοφος
1129 1843 1409 1923 τεκμήριον
1428 1839 1734 1920 προσφέρων
1756 1837 1841 1896 τὸν
1864 1837 2067 1912 Ὀλυμ-

521 1933 675 1991 πίασι
699 1931 891 2005 δίσκον,
918 1932 970 1988 ἐν
996 1922 1040 2012 ᾧ
1066 1928 1290 2006 τοῦνομα
1320 1934 1410 1988 τοῦ
1434 1924 1734 2007 Λυκούργου
1764 1923 2070 1992 διασώζεται

519 2016 1038 2099 καταγεγραμμένον.
1083 2016 1400 2074 Potuerunt
1435 2017 1554 2071 haic
1592 2017 1758 2071 etiam
1800 2016 1862 2070 in
1887 2016 2070 2087 Olym·

519 2109 905 2184 pionicislegi.

1248 2238 1338 2291 77·

600 2336 760 2392 Idem
783 2337 861 2394 ib.
895 2334 991 2409 31,
1025 2333 1057 2390 3
1091 2350 1110 2392 2
1137 2329 1206 2392 Ὀ
1244 2329 1298 2391 δὲ
1331 2332 1435 2408 (sc.
1470 2328 1795 2407 Λυκοῦργος)
1826 2329 1882 2385 οὗ
1907 2326 2070 2407 γράμ-

529 2444 671 2496 ματα
703 2420 793 2480 καὶ
827 2418 1038 2497 λόγους,
1062 2419 1178 2476 ἀλλ’
1220 2417 1356 2497 ἔργῳ
1404 2414 1670 2475 πολιτείαν
1701 2414 1965 2491 ἀμίμητον
2004 2416 2076 2482 εἰς

523 2512 634 2589 φῶς
669 2504 1115 2588 προενεγκάμενος
1159 2503 1382 2569 καὶτοῖς
1418 2501 1744 2582 ἀνύπαρκτον
1792 2491 1923 2557 εἶναι
1979 2499 2075 2571 τὴν

529 2595 811 2673 λεγομένην
851 2594 970 2671 περὶ
1016 2591 1102 2650 τὸν
1153 2589 1320 2670 σοφὸν,
1353 2589 1578 2647 διάθεσιν
1618 2585 2075 2663 ὖπολαμὸάνουσιν

519 2680 776 2748 ἐπιδείξας
795 2679 918 2750 ὅλην
940 2682 1035 2749 τὴν
1050 2678 1196 2736 πόλιν
1218 2678 1611 2757 φιλοσοφοῧσαν,
1627 2674 1835 2740 εἰκότως
1852 2677 2076 2753 ὓπερῇρε

525 2772 590 2844 τῇ
615 2765 735 2843 δόξῃ
757 2765 874 2832 τοὺς
893 2763 1102 2822 πώποτε
1131 2761 1594 2836 πολιτευσαμένους
1622 2764 1673 2818 ἐν
1696 2763 1803 2827 τοῖς
1822 2759 2069 2832 Ἕλλησι.

529 2854 609 2912 Δι’
637 2852 763 2932 ὅπερ
789 2852 879 2910 καὶ
903 2848 1265 2930 Ἀριστοτέλης
1292 2847 1569 2915 ἐλάττονας
1594 2852 1738 2927 σχεῖν
1763 2870 1890 2928 φησι
1916 2846 2074 2925 τιμὰς

527 2941 562 3011 ἢ
594 2943 856 3019 προσῆκον
894 2929 957 3011 ἦν
1001 2935 1153 2996 αὐτὸν
1195 2935 1333 3017 ἔχειν
1374 2937 1426 2994 ἐν
1457 2934 1842 3012 Λακεδαίμονι,
1882 2931 2071 3014 καίπερ

529 3027 715 3104 ἔχοντα
752 3026 842 3093 τὰς
889 3024 1164 3101 μεγίστας·
1207 3024 1347 3104 ἱερόν
1389 3047 1444 3081 τε
1474 3023 1574 3101 γάρ
1605 3025 1742 3081 ἐστιν
1772 3025 1930 3080 αὐτοῦ
1976 3022 2069 3081 καὶ

529 3112 705 3170 θύουσι
728 3115 843 3169 καθ’
875 3112 1091 3168 ἕκαστον
1123 3110 1349 3168 ἐνιαυτὸν
1383 3114 1451 3176 ὡς
1479 3115 1596 3186 θεῷ.

530 3279 701 3329 deinde
713 3279 914 3339 Thebis,
931 3292 1027 3341 quo
1040 3278 1368 3339 deverterant,
1396 3277 1458 3326 ad
1483 3276 1759 3326 convivium
1782 3277 1933 3339 gentis
1952 3277 2081 3338 AEgi·

519 3358 700 3407 darum
736 3357 961 3407 invitatos
998 3370 1126 3418 esse3
1164 3356 1228 3407 ibi
1256 3369 1408 3420 quum
1440 3359 1548 3418 post
1570 3369 1756 3405 coenam
1778 3355 2074 3406 sacerdotem

529 3434 814 3498 audiissent,
835 3436 1106 3496 precantem
1134 3433 1189 3483 ut
1216 3432 1391 3495 AEgidis
1414 3434 1538 3483 bona
1580 3432 1645 3482 dii
1674 3432 1873 3496 darent,
1897 3433 2081 3483 oraculi

530 3526 671 3562 sensu
691 3515 937 3576 perspecto
954 3549 969 3574 ,
994 3511 1106 3560 hinc
1123 3510 1277 3560 socios
1294 3510 1383 3560 sibi
1412 3511 1723 3561 arcessivisse.

592 3674 719 3724 Nihil
749 3674 947 3724 omnino
963 3710 978 3735 ‚
1006 3673 1136 3736 quod
1159 3687 1255 3723 non
1278 3674 1325 3722 in
1348 3673 1548 3723 dubium
1566 3677 1783 3736 vocetur,
1802 3674 1863 3723 de
1881 3673 2083 3736 Lycurgi

529 3751 814 3812 iegislatoris
837 3752 935 3800 vita
949 3750 1047 3800 dici
1069 3753 1241 3812 potest.
1264 3753 1384 3800 Nam
1406 3764 1556 3813 quum
1575 3750 1635 3800 de
1651 3764 1821 3812 genere
1835 3788 1850 3813 ,
1874 3751 2080 3813 peregri-

535 3829 728 3877 natione
747 3864 762 3889 ‚
785 3827 1018 3889 obituque
1051 3827 1181 3888 ejus,
1209 3830 1439 3890 praeterea
1465 3826 1524 3876 de
1554 3827 1709 3888 legum
1730 3826 1833 3889 ejus
1848 3840 1906 3875 ac
1930 3828 2083 3889 reipu-

495 3927 500 3932 ·
532 3904 671 3953 blicae
696 3903 996 3955 institutione
1028 3901 1232 3953 diversae
1267 3902 1560 3952 narrationes
1589 3907 1756 3952 extant
1789 3919 1802 3952 z
1839 3906 1944 3953 tum
1968 3915 2083 3953 vero

532 3997 630 4045 quo
649 3985 866 4047 tempore
883 3982 1085 4045 vixerit,
1106 3981 1307 4031 minime
1333 3981 1548 4031 omnium
1573 3981 1623 4030 in
1647 3982 1860 4031 confesso
1886 3983 1972 4032 est.
1993 3981 2083 4031 Alii

530 4063 659 4111 enim
693 4061 833 4125 Iphiti
861 4060 1158 4123 temporibus
1184 4059 1435 4121 claruisse,
1468 4072 1676 4123 eumque
1715 4059 1763 4109 in
1795 4059 2084 4123 Olympiacis

532 4141 657 4192 seriis
674 4140 973 4191 instituendis
991 4139 1228 4201 adjuvisse
1240 4138 1438 4188 tradunt
1459 4155 1474 4198 3
1491 4141 1656 4201 estque
1673 4138 1818 4201 hujus
1834 4137 2082 4189 sententiae

530 4217 674 4267 etiam
695 4218 966 4267 Aristoteles
985 4216 1317 4279 philosophus,
1334 4214 1493 4266 indicii
1517 4215 1624 4265 loeo
1646 4214 1829 4265 discum
1862 4216 2082 4278 Olympi·

525 4308 642 4344 eum
653 4295 912 4356 adducam,
930 4294 982 4343 in
999 4306 1098 4355 quo
1107 4306 1281 4343 nomen
1295 4294 1494 4355 Lycurgi
1509 4292 1712 4341 incisum
1730 4291 1887 4342 adhuc
1905 4294 2079 4343 exstet.

594 4464 839 4523 Lycurgus
856 4473 953 4509 non
971 4458 1120 4509 libros
1141 4457 1202 4508 de
1236 4456 1479 4520 republica
1492 4495 1507 4518 ‚
1533 4457 1616 4507 sed
1642 4471 1693 4508 re
1715 4457 1817 4520 ipsa
1834 4458 2081 4508 civitatem

530 4541 664 4589 nulla
690 4538 957 4588 imitatione
994 4535 1279 4599 armandam
1312 4536 1512 4598 protulit
1549 4536 1599 4586 in
1629 4536 1785 4586 lucem
1812 4555 1825 4586 ε
1859 4537 2004 4599 atque
2026 4536 2084 4588 iis

523 4617 615 4679 qui
636 4614 889 4676 opinantur
911 4613 1070 4663 virum
1087 4613 1349 4676 sapientem
1366 4626 1467 4662 non
1491 4626 1542 4662 re
1556 4626 1671 4662 vera
1702 4616 1893 4664 exstare
1913 4628 2070 4677 posse,

531 4693 596 4741 ob
614 4691 781 4740 oculos
798 4689 957 4751 posuit
973 4692 1126 4740 totam
1145 4689 1313 4739 urbem
1332 4688 1576 4752 sapientiae
1596 4689 1756 4740 studio
1768 4694 2081 4754 occupatam3

530 4781 682 4830 quare
700 4765 870 4816 merito
892 4765 1116 4817 omnibus
1132 4766 1243 4827 illis,
1257 4766 1342 4829 qui
1361 4780 1574 4830 unquam
1588 4767 1718 4830 apud
1739 4770 1933 4818 Graecos
1954 4781 2083 4818 rem·

531 4845 774 4909 publicam
806 4845 1096 4907 attigerunt,
1120 4843 1268 4906 gloria
1287 4844 1428 4907 longe
1451 4845 1772 4909 anteponitur.
1793 4845 2003 4909 Ideoque
2034 4849 2084 4897 et

533 4923 808 4974 Aristoteles
823 4922 893 4972 ait
906 4922 1113 4973 minores
1130 4935 1241 4973 eum
1261 4922 1386 4986 apud
1404 4927 1675 4987 Spartanos,
1692 4938 1841 4988 quam
1858 4938 1979 4987 quos
1996 4938 2083 4988 par

531 5005 652 5061 erat,
673 5001 876 5050 bonores
895 4998 1141 5062 adeptum,
1154 5013 1307 5062 quum
1333 4999 1395 5050 sit
1412 5001 1607 5064 quidem
1624 5004 1821 5052 ornatus
1841 5002 2079 5052 maximis.

529 5079 785 5142 Templum
809 5079 937 5130 enim
963 5077 1006 5128 ei
1025 5078 1232 5141 positum
1252 5080 1351 5142 est,
1369 5079 1762 5145 sacrificaturque
1775 5081 1863 5146 ipsi
1876 5082 2081 5143 quotan-

531 5157 608 5207 nIs
625 5159 851 5219 tanquam
869 5154 977 5205 deo.

1569 398 2060 460 ARISTOTELIS
2116 396 2609 456 FRAGMENTA.

2880 528 2975 599 78.

2222 662 2383 717 Idem
2411 660 2486 717 ib.
2518 660 2550 716 5
2571 702 2587 730 ,
2629 679 2665 734 9
2696 680 2710 715 ι
2757 653 3097 735 Αἷωρουμένη
3141 652 3242 733 γὰρ
3271 659 3304 723 ἡ
3333 653 3570 712 πολιτεία
3607 656 3698 716 καὶ

2148 747 2496 805 ἀποκλίνουσα
2538 751 2627 803 νῦν
2657 745 2750 821 μὲν
2780 746 2847 809 ὡς
2872 743 2988 808 τοὺς
3020 742 3248 820 βασιλεῖς
3275 742 3361 798 ἐπὶ
3394 744 3697 821 τυραννίδα,

2102 891 2108 919 x
2146 840 2236 892 νῦν
2266 831 2319 892 δὲ
2342 837 2411 899 ὥς
2438 832 2496 890 τὸ
2524 834 2717 904 πλῆθος
2753 831 2837 889 ἐπὶ
2881 827 3256 908 δημοκρατίαν,
3295 820 3399 885 οἷον
3441 827 3576 908 ἕρμα
3604 832 3698 901 τὴν

2148 925 2250 979 τῶν
2271 920 2522 1001 γερόντων
2544 918 2712 999 ἀρχὴν
2734 920 2784 976 ἐν
2806 915 2952 998 μέσῳ
2969 914 3156 993 θεμένη
3177 913 3265 973 καὶ
3287 917 3699 996 ἷσορροπήσασα,

2149 1007 2244 1080 τὴν
2273 1006 2666 1083 ἀσφαλεστάτην
2689 1005 2830 1072 τάξιν
2859 1003 2981 1083 ἔσχε
3005 1003 3094 1062 καὶ
3116 1004 3463 1062 κατάστασιν·
3493 1004 3575 1063 ἀεὶ
3599 1009 3701 1064 τῶν

1648 1140 1662 1161 ,
1867 1144 1899 1158 ...
2106 1136 2110 1149 ‚
2151 1097 2287 1153 ὀκτὼ
2317 1094 2408 1153 καὶ
2431 1093 2593 1151 εἴκοσι
2614 1093 2868 1172 γερόντων
2888 1093 2992 1159 τοῖς
3017 1089 3113 1166 μὲν
3137 1090 3405 1169 βασιλεῦσι
3433 1097 3703 1171 προστιθε-

591 1152 920 1208 Plutarchus
940 1153 1074 1223 Lyc.
1094 1167 1140 1203 c.
1171 1167 1219 1217 1,
1246 1166 1267 1201 1
1298 1166 1311 1202 z
1339 1142 1471 1222 ssepi
1493 1147 1790 1221 Λυκουργου
1812 1161 1900 1197 του
1919 1160 2067 1214 νομο-
2106 1172 2112 1205 1

2153 1182 2340 1257 μένων,
2381 1178 2499 1238 ὅσον
2543 1179 2817 1250 ἀντιὸἦναι
2863 1177 2992 1258 πρὸς
3038 1177 3417 1256 δημοκρατίαν,
3460 1170 3606 1246 αὖθις
3648 1181 3703 1238 δὲ

2107 1278 2113 1319 l
2155 1266 2283 1348 ὑπὲρ
2310 1272 2401 1325 τοῦ
2446 1266 2519 1342 μὴ
2554 1267 2792 1345 γενέσθαι
2827 1265 3106 1345 τυραννίδα
3135 1263 3221 1322 τὸν
3245 1264 3410 1340 δῆμον
3436 1267 3703 1345 ἀναρρων-

2108 1368 2113 1443 Ι
2153 1356 2368 1415 νῦντων.
2402 1355 2453 1411 Τ
2457 1353 2695 1421 οσούτους
2723 1354 2780 1412 δέ
2819 1377 2945 1435 φησι
2972 1355 3364 1422 κατασταθῆναι
3390 1351 3506 1419 τοὺς
3527 1354 3704 1433 γέρον-

2155 1466 2244 1509 τας
2289 1441 2671 1521 Ἀριστοτέλης,
2723 1440 2802 1499 ὅτι
2844 1441 3121 1520 τριάκοντα
3159 1443 3263 1497 τῶν
3307 1439 3529 1520 πρώτων
3568 1441 3705 1517 μετὰ

2154 1530 2453 1608 Λυκούργου
2500 1527 2808 1606 γενομένων,
2857 1527 2947 1586 δύο
2992 1524 3088 1597 τὴν
3138 1525 3326 1605 πρᾶξιν
3368 1527 3703 1605 ἐγκατέλιπον

2155 1615 2627 1680 ἀποδειλιάσαντες.
2664 1613 2733 1674 Ὅ
2759 1614 2813 1672 δὲ
2843 1615 3069 1695 Σφαῖρος
3095 1613 3147 1678 ἐξ
3178 1615 3347 1692 ἀρχῆς
3366 1614 3493 1694 φησὶ
3514 1616 3704 1675 τοσού-

2155 1725 2269 1769 τους
2297 1701 2530 1782 γενὲσθαι
2558 1700 2673 1769 τοὺς
2700 1705 2791 1772 τ’ἧς
2813 1701 3024 1780 γνώμης
3054 1700 3427 1778 μετασχόντας.

2774 1904 2779 1909 .
2880 1858 2975 1913 79·

2236 1982 2325 2038 ld.
2347 1983 2429 2041 ib.
2452 1982 2512 2056 6,
2533 1984 2861 2055 2.Lycurgo
2886 1980 3080 2053 Pythia
3095 1978 3258 2050 Jubet
3280 1997 3294 2035 :
3324 2003 3348 2031 ι
3372 1977 3490 2045 Διὸς
3514 1979 3682 2039 Ἕλλα

2158 2066 2267 2126 νίου
2306 2068 2395 2126 καὶ
2440 2067 2650 2133 Ἄθανᾶς
2690 2065 2967 2132 Ἑλλανίας
2995 2065 3129 2145 ἱερὸν
3156 2066 3509 2145 ἱδρυσάμενον,
3540 2070 3702 2144 φυλὰς

2161 2154 2457 2235 φυλάξαντα
2490 2154 2583 2212 καὶ
2612 2154 2755 2220 ὠόὰς
2782 2153 3057 2221 ὠὸάξαντα
3075 2198 3091 2228 ,
3120 2153 3395 2233 τριάκοντα
3435 2157 3702 2233 γερουσίαν

2162 2241 2253 2301 σὺν
2277 2240 2588 2322 ἀρχαγέταις
2611 2242 3043 2313 καταστήσαντα,
3065 2237 3204 2319 ὥρας
3232 2239 3285 2308 ἐξ
3320 2238 3456 2320 ὥρας
3480 2245 3707 2302 ἀπελλά-

2163 2333 2263 2398 ζειν
2291 2327 2482 2406 μεταξὺ
2512 2326 2759 2395 Badiza<
2786 2350 2842 2386 τε
2868 2327 2957 2386 καὶ
2984 2329 3297 2400 Κνακιῶνος,
3319 2328 3407 2386 καὶ
3431 2327 3591 2397 οὕτως
3609 2332 3708 2388 εἰσ·

2163 2416 2331 2497 φέρειν
2356 2438 2411 2474 τε
2438 2413 2526 2473 καὶ
2564 2415 2907 2495 ἀφίστασθαι·
2948 2413 3100 2492 δάμῳ
3142 2412 3195 2472 δὲ
3237 2414 3423 2494 κυρίαν
3450 2407 3583 2494 ἦμεν
3619 2416 3708 2475 καὶ
3812 2482 3821 2489 ,

2163 2503 2367 2583 κράτος.
2402 2530 2426 2553 ¹·
2457 2504 2554 2561 Ἐν
2574 2500 2769 2569 τούτοις
2803 2502 2861 2560 τὸ
2891 2499 2985 2574 μὲν
3014 2499 3176 2581 φυλὰς
3203 2501 3428 2581 φυλάξαι
3455 2502 3545 2560 καὶ
3569 2502 3711 2570 Miz<

2163 2588 2363 2657 ὧὸάξαι
2391 2588 2572 2646 διελεῖν
2598 2590 2709 2647 ἐστι
2728 2590 2817 2647 καὶ
2836 2596 3151 2659 κατανεῖμαι
3180 2589 3239 2646 τὸ
3259 2590 3449 2659 πλῆθος
3468 2592 3536 2656 εἷς
3562 2590 3711 2669 μερί-

2166 2678 2286 2749 δας,
2306 2668 2376 2735 ὦν
2404 2673 2496 2742 τὰς
2525 2677 2619 2751 μὲν
2650 2675 2841 2756 φυλὰς,
2879 2675 2970 2743 τὰς
3009 2675 3064 2734 δὲ
3108 2675 3251 2743 ὧὸὰς
3277 2676 3707 2757 προσηγόρευκεν.

2168 2760 2479 2841 Ἀρχαγέται
2509 2761 2562 2820 δὲ
2586 2765 2633 2820 οἱ
2661 2765 2889 2841 βασιλεῖς
2915 2763 3172 2840 λέγονται.
3209 2763 3288 2824 Τὸ
3316 2762 3370 2821 δὲ
3399 2764 3709 2833 ἀπελλάζειν

2167 2850 2545 2920 ἐκκλησιάζειν·
2570 2847 2648 2906 ὅτι
2673 2848 2766 2921 τὴν
2797 2848 2965 2931 ἀρχὴν
2994 2850 3083 2908 καὶ
3104 2849 3198 2921 τὴν
3229 2848 3397 2908 αἰτίαν
3437 2854 3529 2921 τῆς
3559 2854 3708 2910 πολι-

2173 2933 2316 3003 τείας
2337 2935 2407 3003 εἷς
2440 2934 2527 2994 τὸν
2558 2935 2749 2996 Πύθιον
2790 2937 2977 3017 ἀνῆψε.
3005 2935 3118 3008 Τὴν
3154 2933 3207 2995 δὲ
3240 2935 3482 2996 Raetiam
3510 2936 3710 2997 καὶτὸν

2167 3025 2446 3083 Κνακιῶνα
2463 3028 2550 3081 νῦν
2569 3025 2820 3084 Οἶνοῧντα
2849 3021 3308 3105 προσαγορεύουσιν
3322 3049 3335 3062 ·
3359 3024 3714 3103 Ἀριστοτέλης

2164 3108 2218 3168 δὲ
2240 3109 2327 3168 τὸν
2358 3108 2451 3185 μὲν
2486 3114 2766 3170 Κνακιῶνα
2795 3112 3049 3190 ποταμὸν,
3074 3110 3164 3182 τὴν
3196 3110 3248 3168 δὲ
3274 3110 3518 3171 Βαῦύκαν
3554 3113 3712 3189 γέφυ-

2904 3288 2992 3337 78.

2229 3377 2348 3424 Nam
2370 3375 2637 3437 respublica
2656 3376 2893 3427 fluctuans
2913 3389 2970 3426 ac
2989 3389 3119 3426 nunc
3137 3375 3265 3439 apud
3282 3390 3411 3438 reges
3427 3377 3487 3427 ad
3506 3377 3712 3440 tyranni·

2166 3449 2276 3499 dem
2290 3487 2304 3512 ‚
2323 3464 2454 3501 nunc
2478 3452 2605 3515 apud
2628 3454 2983 3504 multitudinem
3001 3452 3062 3502 ad
3080 3455 3310 3516 populare
3336 3453 3588 3516 imperium
3608 3468 3714 3504 ver·

2166 3539 2281 3589 gens
2294 3562 2309 3586 ‚
2349 3531 2519 3577 senatu
2553 3530 2692 3592 quasi
2727 3531 2928 3581 saburra
2966 3529 3215 3591 interiecto
3228 3566 3243 3591 ,
3283 3543 3428 3592 aequo
3472 3534 3716 3581 momento

2166 3607 2391 3668 utrinque
2412 3606 2562 3656 divisa
2583 3609 2868 3658 tutissimam
2886 3609 3057 3671 adepta
3073 3611 3144 3657 est
3162 3609 3507 3658 ordInationem
3530 3630 3545 3661 a
3564 3623 3719 3672 quum

2166 3685 2277 3734 octo
2307 3687 2358 3735 et
2383 3686 2549 3748 viginti
2574 3699 2712 3737 senes
2733 3701 2917 3751 semper
2940 3688 2986 3735 in
3009 3699 3067 3735 eo
3098 3685 3483 3748 regibusauxilio
3504 3688 3628 3748 sint,
3654 3701 3717 3738 ne

2165 3762 2227 3810 ad
2248 3764 2480 3826 populum
2501 3777 2689 3814 summa
2720 3778 2877 3816 rerum
2900 3764 3163 3824 deleratur3
3184 3777 3446 3826 rursusque
3480 3766 3713 3826 populum

2166 3839 2502 3902 corroborent,
2521 3854 2583 3892 ne
2601 3841 2662 3891 ad
2680 3841 2976 3904 tyrannidem
2998 3853 3073 3889 res
3089 3839 3325 3888 deveniat.
3342 3841 3536 3889 Numeri
3549 3844 3712 3892 autem

2166 3928 2271 3965 eam
2296 3915 2528 3966 rationem
2552 3917 2825 3967 Aristoteles
2840 3918 2979 3966 affert
2995 3952 3009 3977 ‚
3037 3914 3168 3978 quod
3183 3928 3334 3977 quum
3358 3919 3606 3979 Lyeurgus
3623 3919 3714 3969 tri-

2165 3993 2295 4054 ginta
2313 3993 2610 4054 instituisset,
2630 3993 2727 4043 duo
2740 4007 2799 4043 ex
2817 3992 2891 4042 liis
2907 4005 3007 4054 prae
3019 3996 3147 4040 metu
3163 3991 3379 4041 ordinem
3398 3991 3714 4047 deseruerint.

2167 4072 2229 4119 At
2267 4069 2492 4132 Sphaerus
2524 4071 2657 4120 initio
2670 4072 2854 4120 tantum
2874 4072 2984 4119 octo
3001 4071 3050 4118 et
3067 4067 3233 4131 viginti
3257 4068 3400 4119 rasse
3419 4069 3487 4120 ait
3507 4071 3593 4133 qui
3610 4084 3715 4123 sen·

2165 4148 2365 4198 tentiam
2392 4147 2623 4200 dicerent.

2900 4232 2989 4282 79.

2228 4330 2255 4355 κ
2280 4311 2414 4363 Jovis
2437 4312 2641 4363 Hellanii
2660 4312 2709 4363 et
2728 4311 2956 4362 Minervae
2980 4311 3208 4362 Hellanioe
3222 4311 3459 4375 templum
3474 4312 3714 4364 aediflcetz

2170 4391 2401 4452 populum
2426 4390 2478 4440 in
2503 4391 2674 4454 phyias
2690 4392 2741 4442 et
2757 4390 2874 4441 obas
2903 4390 3113 4452 dividat,
3132 4390 3326 4452 triginta
3346 4394 3590 4442 senatores
3605 4405 3715 4443 cum

2164 4466 2425 4530 archagetis
2441 4468 2729 4518 constituat:
2750 4468 2952 4518 subinde
2969 4468 3094 4518 inter
3110 4466 3347 4529 Babycem
3364 4471 3413 4517 et
3426 4469 3716 4519 cnacionem

2165 4545 2444 4595 concionem
2472 4546 2635 4608 populi
2675 4550 2936 4608 convocet,
2962 4545 3122 4610 itaque
3148 4545 3209 4596 de
3244 4545 3389 4596 rebus
3426 4547 3599 4597 reserat
3624 4552 3711 4597 aut

2164 4622 2407 4684 antiquet;
2427 4622 2602 4685 populo
2620 4625 2784 4673 autem
2802 4621 2964 4684 jussus
2976 4624 3069 4675 erit
3090 4624 3139 4673 et
3153 4621 3432 4672 auctoritas.
3460 4641 3485 4667 n
3512 4623 3594 4673 liis
3610 4637 3716 4674 ora·

2165 4699 2262 4749 culi
2300 4699 2458 4750 verbis
2483 4701 2623 4763 φυλὰς
2654 4701 2845 4764 φυλάξαι
2880 4703 2931 4752 et
2960 4703 3088 4759 ὠὸὰς
3113 4701 3287 4758 eedem
3331 4700 3567 4764 significat
3600 4701 3719 4751 divi·

2169 4775 2281 4826 dere
2308 4780 2358 4826 et
2375 4775 2659 4827 distribuere
2700 4777 2937 4840 populum
2979 4778 3029 4827 in
3072 4779 3259 4840 partes,
3295 4790 3499 4839 quarum
3547 4778 3723 4830 alteras

2164 4854 2304 4914 φυλὰς
2317 4889 2331 4911 ,
2359 4852 2538 4902 alteras
2575 4854 2703 4910 ὠδὰς
2741 4853 2985 4917 appellant
3015 4872 3029 4903 ε
3071 4867 3203 4917 reges
3237 4857 3403 4904 autem
3443 4854 3723 4917 Archagetae

2164 4928 2417 4990 dicuntur,
2454 4930 2590 4992 quasi
2622 4930 2770 4980 duces
2804 4949 2818 4980 ε
2847 4933 2898 4981 et
2925 4930 3203 4982 concionem
3236 4930 3415 4981 babere
3450 4933 3619 4981 Graece
3640 4931 3722 4982 hic

2164 5005 2446 5068 exprimitur
2455 5006 2736 5066 ἀπελλάζειν,
2748 5006 3135 5074 proptereaquod
3145 5006 3205 5056 ad
3219 5007 3484 5070 Apollinem
3496 5007 3722 5069 Pythium

2165 5080 2437 5143 reipublicae
2455 5081 2645 5131 initium
2659 5085 2707 5131 et
2725 5096 2919 5132 causam
2935 5082 3186 5133 referebat.
3210 5082 3446 5144 Babycam
3457 5086 3507 5132 et
3525 5084 3721 5133 Cnacio·

2070 5211 2079 5219 ‚
2166 5171 2304 5221 nem,
2330 5160 2598 5209 OEnuntem
2630 5158 2774 5210 bodie
2806 5159 3058 5209 nominant
3089 5180 3101 5210 z
3138 5159 3422 5211 Aristoteles
3453 5173 3568 5210 vero
3592 5164 3723 5213 Cna-
