4016 5916
471 382 585 424 xv!
1225 360 1322 417 Ei<
1369 358 1524 416 ΤΗΣ
1568 355 1934 416 ΙΣΤΟΡΙΑΣ
1976 355 2364 417 ΔΙΟΔΩΡΟΥ
2408 356 2892 416 ΣΙΚΕΔῙΩΤΟΥ.

451 451 744 555 ,Καικίλιον
794 490 1157 570 ἀπεχώρησεν.
1243 486 1311 547 Ὃ
1360 488 1412 545 δὲ
1462 484 1898 566 Ψευδοφίλιππος
1943 484 2029 545 ἐπὶ
2120 497 2280 553 Quare
2315 496 2463 546 iratus
2498 495 2925 559 Pseudophilippus
2954 509 3153 546 uxorem
3191 509 3248 546 ac
3284 497 3460 549 liberos
3485 501 3695 553 Telestis

466 582 573 642 τοῖς
599 571 905 653 πραχθεῖσιν
941 565 1335 647 ἀγανακτήσας,
1358 565 1450 637 τήν
1486 589 1543 624 τε
1574 569 1797 644 γυναῖκα
1834 565 1925 623 καὶ
1961 563 2029 622 τὰ

466 660 621 720 τέκνα
649 665 738 718 τοῦ
759 660 1016 718 Τελεστοῧ
1044 653 1317 715 συλλαὸὼν
1347 651 1731 734 ἐτιμωρήσατο.

546 749 701 809 xlx.
746 744 875 806 “Ori
899 744 1224 822 Πτολεμαῖος
1245 745 1273 802 ὁ
1308 741 1635 821 Φιλομήτωρ
1663 733 1787 813 ἧκεν
1817 742 1887 807 εἰς
1911 743 2027 801 Συ·-

472 836 584 917 ρίαν
610 833 982 913 συμμαχήσων
997 830 1314 912 Ἀλεξάνδρῳ
1334 829 1419 890 διὰ
1446 829 1758 902 οἰκειότητα.
1849 832 2029 890 Κατα-

468 921 618 1000 γνοὺς
669 920 722 980 δὲ
772 923 927 979 αὐτοῦ
964 924 1058 992 τῆς
1097 921 1271 999 ψυχῆς
1306 919 1537 991 παντελῆ
1571 916 1889 994 ἀδυναμίαν,
1941 914 2032 974 καὶ

468 1006 831 1085 προσποιηθεὶς
861 1006 1285 1067 ἔπιδουλεύεσθαι
1319 1005 1412 1078 τὴν
1449 1004 1544 1083 μὲν
1571 1004 1829 1085 θυγατέρα
1862 1005 2033 1063 Κλεο-

469 1096 675 1176 πάτραν
742 1095 985 1174 ἆπήγαγε
1030 1093 1160 1176 πρὸς
1212 1093 1534 1175 Δημήτριον,
1591 1093 1682 1152 καὶ
1728 1090 2033 1169 συνθέμενος

469 1185 643 1266 φιλίαν
669 1180 943 1261 ἐνεγύησεν
970 1184 1113 1264 αὗτῷ
1137 1179 1357 1254 ταύτην.
1380 1183 1452 1242 Οἱ
1484 1179 1538 1240 δὲ
1558 1178 1680 1260 περὶ
1710 1178 1797 1238 τὸν
1820 1178 2032 1261 Ἱέρακα

474 1273 564 1331 καὶ
594 1271 836 1333 Διόδοτον
886 1277 975 1331 τοῦ
1018 1266 1349 1350 Ἀλεξάνδρου
1390 1268 1804 1349 κατεγνωκότες,
1853 1267 1941 1326 τὸν
1977 1266 2031 1326 δὲ

470 1361 770 1441 Δημήτριον
804 1357 1113 1437 φοὸούμενοι
1137 1357 1222 1418 διὰ
1252 1358 1345 1426 τὰς
1377 1361 1447 1425 εἷς
1483 1356 1569 1416 τὸν
1594 1355 1795 1437 πατέρα
1825 1378 2033 1434 γεγενη-

469 1446 628 1524 μένας
655 1445 946 1526 ἁμαρτίας,
979 1444 1248 1505 ἀνέσεισαν
1288 1443 1406 1511 τοὺς
1439 1444 1717 1524 Ἀντιοχεῖς
1743 1443 1870 1523 πρὸς
1900 1441 2034 1501 ἀπό-

468 1557 672 1607 στασιν,
718 1534 808 1593 καὶ
843 1535 930 1593 τὸν
963 1535 1292 1610 Πτολεμαῖον
1335 1536 1402 1600 εἷς
1430 1533 1525 1604 τὴν
1573 1532 1722 1590 πόλιν
1764 1529 2034 1608 δεξάμενοι

469 1623 700 1699 διάδημα
746 1620 1057 1703 περιέθηκαν
1107 1624 1200 1701 (2),
1246 1621 1336 1680 καὶ
1376 1620 1472 1693 τὴν
1521 1619 1789 1701 βασιλείαν
1839 1619 2030 1698 ἐνεχεί-

470 1732 640 1792 ρισαν.
726 1708 793 1770 ‘0
824 1709 878 1767 δὲ
908 1714 999 1780 τῆς
1031 1708 1123 1783 μὲν
1161 1707 1429 1789 βασιλείας
1457 1709 1550 1767 οὐκ
1583 1707 1908 1787 ὀρεγόμενος,
1938 1705 2033 1777 τὴν

468 1796 522 1856 δὲ
548 1797 743 1868 Κοίλην
779 1795 974 1876 Συρίαν
1009 1798 1272 1874 ἐπιθυμῶν
1300 1793 1760 1877 προσκτήσασθαι,
1792 1791 2034 1852 συνέθετο

467 1883 597 1963 πρὸς
632 1883 935 1964 Δημήτριον
966 1880 1333 1963 κοινοπραγίαν
1364 1883 1422 1963 (a)
1467 1882 1573 1962 ἰδία
1604 1880 1859 1965 κυριεύειν
1895 1884 2034 1941 Πτο-

468 1974 683 2049 λεμαῖον
712 1975 803 2042 τῆς
833 1971 857 2050 [
889 1969 1113 2043 Κοίλης]
1148 1969 1373 2049 Συρίας,
1406 1968 1492 2028 τὸν
1529 1968 1913 2047 δὲ-Δημήτριον
1941 1972 2034 2039 τ’ῆς

470 2057 718 2139 πατρῴας
746 2054 1034 2138 βασιλείας.

554 2147 685 2206 ΧΧ.
728 2141 858 2205 Ὅτι
891 2142 1215 2223 Ἀλέξανδρος
1243 2141 1480 2216 ἡττηθεὶς
1505 2141 1638 2220 μετὰ
1667 2141 1717 2223 φ’
1746 2141 1840 2214 τὴν
1867 2142 2032 2223 φυγὴν

470 2230 754 2303 ἐποιήσατο
776 2235 869 2303 τῆς
887 2229 1131 2312 Ἄραὸίας
1153 2233 1224 2299 εἷς
1249 2230 1341 2298 τὰς
1357 2230 1681 2307 καλουμένας
1703 2226 1881 2302 Ἄδας,
1903 2228 2032 2308 πρὸς

471 2319 693 2378 Διοκλέα
717 2318 805 2377 τὸν
829 2319 1102 2393 δυνάστην,
1133 2318 1262 2399 πρὸς
1289 2316 1344 2377 ὃν
1382 2309 1445 2389 ἦν
1474 2317 1563 2376 καὶ
1586 2317 1672 2376 τὸν
1701 2315 1808 2375 υἱὸν
1837 2314 2029 2376 Ἀντίο-

467 2426 565 2484 χον
593 2405 1069 2485 προεκτεθειμένος,
1093 2406 1219 2465 ὄντα
1249 2406 1453 2477 νήπιον.
1500 2394 1612 2466 Εἶθ’
1645 2407 1705 2483 (1)
1727 2408 1772 2465 οἱ
1796 2404 1915 2483 περ)
1940 2403 2027 2462 τὸν

2121 618 2459 682 comprehendi
2484 621 2533 669 et
2556 618 2788 682 supplicio
2808 619 2934 669 affici
2954 618 3113 681 jussit.

2182 754 2311 802 XIX.
2348 753 2635 803 Ptolemaeus
2669 752 2966 803 Philometor
2993 754 3042 801 111
3082 752 3267 814 Syriam
3295 758 3427 805 venit
3461 757 3518 805 ut
3544 769 3691 821 opem

2124 868 2266 918 ferret
2284 868 2555 918 Alexandro
2573 868 2776 931 cognato
2794 880 2899 918 suo.
2968 867 3062 918 Sed
3084 867 3167 918 ubi
3182 870 3407 931 cognovit
3432 870 3537 932 ejus
3549 884 3689 922 sum-

2121 996 2252 1033 mam
2295 982 2441 1031 animi
2484 981 2854 1033 imbecillitatem
2873 1018 2887 1043 ,
2920 982 3154 1032 simulans
3193 981 3388 1033 insidias
3429 983 3518 1034 sibi
3558 987 3691 1035 stru-

2122 1089 2224 1137 ctas
2239 1124 2253 1148 ,
2287 1088 2591 1151 Cleopatram
2613 1084 2761 1136 tiliam
2780 1086 2843 1136 ad
2867 1087 3163 1136 Demetrium
3196 1086 3415 1147 abducit,
3435 1090 3483 1137 et
3513 1089 3693 1150 iuncta

2121 1192 2332 1242 amicitia
2350 1192 2463 1242 huic
2482 1191 2628 1242 tiliam
2646 1203 2782 1242 snam
2797 1190 3075 1254 despondet.
3097 1192 3283 1241 interea
3302 1192 3476 1242 Hier-ax
3498 1195 3546 1243 et
3568 1196 3683 1244 Dio·

2121 1301 2264 1351 dotus
2279 1300 2341 1351 de
2359 1300 2501 1350 rebus
2520 1299 2777 1350 Alexandri
2797 1298 3118 1362 desperantes,
3133 1299 3372 1363 simulque
3385 1302 3691 1351 Demetrium

2122 1409 2394 1456 metuentes
2411 1405 2607 1468 propter
2631 1417 2686 1453 ea
2706 1416 2816 1466 quae
2839 1403 2888 1452 in
2918 1407 3102 1466 patrem
3133 1404 3238 1466 ejus
3258 1416 3407 1468 prava
3432 1406 3689 1456 commise-

2126 1519 2264 1577 rant,
2296 1515 2638 1567 Antiochenses
2657 1514 2719 1564 ad
2736 1513 3052 1564 desectionem
3086 1514 3327 1577 excitant,
3346 1516 3398 1566 et
3427 1515 3694 1567 Ptolemaeo

2123 1622 2173 1672 in
2191 1623 2361 1672 urbem
2381 1624 2573 1685 recepto
2588 1620 2807 1673 diadema
2821 1620 3075 1682 imponunt
3094 1634 3389 1685 regnumque
3402 1621 3446 1672 ei
3460 1623 3689 1672 offerunt.

2131 1730 2191 1777 At
2211 1726 2500 1776 Ptolemaeus
2521 1737 2739 1787 regnum.
2759 1722 2955 1775 minime
2999 1726 3250 1791 appetens,
3270 1737 3440 1775 verum
3478 1726 3692 1790 Coelesy-

2133 1831 2253 1880 riam
2275 1827 2447 1880 ditioni
2465 1840 2566 1878 suae
2589 1827 2849 1892 adjungere
2872 1827 3095 1892 cupienS,
3119 1829 3185 1877 ita
3212 1841 3325 1878 cum
3348 1831 3590 1881 Demetrio
3610 1831 3697 1882 de⁶

2124 1938 2291 2000 pactus
2317 1937 2389 1985 est
2402 1972 2416 1996 ,
2449 1937 2505 1984 ut
2542 1934 2640 1996 ipse
2673 1933 2982 1996 coelesyriam
3016 1933 3278 1997 obtineret,
3307 1936 3579 1986 Demetrius
3600 1950 3694 1986 au-

2122 2047 2220 2095 tem
2241 2058 2386 2107 regno
2398 2045 2607 2108 paterno
2627 2043 2876 2104 potiretur.

2183 2154 2288 2201 XX.
2312 2149 2577 2201 Alexander
2595 2149 2732 2201 Bala
2752 2148 2919 2212 proelio
2942 2149 3102 2198 victus
3114 2186 3129 2212 ,
3149 2161 3263 2198 cum
3291 2150 3562 2213 quingentis
3579 2164 3690 2201 suo·

2128 2250 2234 2288 rum
2257 2234 2418 2300 sugam
2439 2235 2645 2287 intendit
2665 2236 2834 2286 urbem
2851 2235 3040 2286 Arabiae
3061 2249 3258 2299 versus,
3280 2251 3427 2301 qnam
3457 2239 3581 2293 Abas
3600 2254 3690 2291 vo-

2120 2331 2250 2392 cant,
2270 2329 2332 2379 ad
2353 2327 2615 2392 principem
2641 2326 2882 2386 Dioclem,
2909 2325 3036 2390 apud
3068 2340 3212 2390 quem
3230 2328 3378 2377 etiam
3405 2329 3560 2379 tilium
3590 2336 3693 2381 An·

2121 2413 2336 2463 tiochum
2351 2448 2365 2473 ,
2382 2413 2562 2460 tenerae
2585 2408 2746 2459 adhuc
2768 2409 2941 2472 aetatis,
2958 2408 3263 2472 deposuerat.
3286 2412 3456 2461 Postea
3473 2412 3696 2463 Heliades

473 2492 730 2567 Ἧλιάδην
748 2494 839 2553 καὶ
862 2492 1057 2554 Κάσιον
1076 2496 1138 2573 (a)
1167 2494 1442 2573 ἡγεμόνες,
1466 2491 1515 2552 οἳ
1540 2498 1768 2566 συνῆσαν
1794 2494 1854 2570 (a)
1880 2492 2029 2551 Ἀλε-
2119 2498 2167 2545 et
2187 2494 2354 2545 Casius
2379 2494 2552 2555 duces,
2571 2493 2787 2556 quicum
2806 2493 3078 2544 Alexandro
3099 2495 3262 2555 erant,
3290 2494 3605 2545 clancularius
3623 2495 3689 2546 de

470 2580 672 2661 ξάνδρῳ
691 2628 707 2657 ‚
739 2580 906 2661 λάθρα
937 2580 1401 2660 διεπρεσὸεύσαντο
1428 2581 1548 2661 περὶ
1571 2585 1661 2652 τῆς
1693 2579 1826 2647 ἰδίας
1850 2581 2028 2658 ἄσφα-
2122 2598 2212 2636 sua
2234 2584 2444 2650 ipsorum
2459 2584 2716 2635 securitate
2736 2584 2992 2646 legationes
3006 2584 3269 2649 miserunt,
3291 2584 3403 2635 dolo
3417 2598 3468 2636 se
3487 2585 3690 2637 Alexan-

468 2666 608 2735 λείας
630 2670 716 2744 (ι),
737 2667 1176 2745 ἐπαγγελλόμενοι
1197 2666 1557 2749 δολοφονήσειν
1572 2666 1658 2726 τὸν
1682 2666 2028 2744 Ἀλέξανδρον.
2123 2675 2266 2723 drum
2326 2671 2569 2721 occisuros
2624 2682 2726 2719 esse
2783 2669 3129 2731 promittentes,
3200 2671 3417 2727 Quorum
3465 2669 3684 2733 petitioni

472 2842 640 2891 tenda.
666 2846 735 2892 De
755 2843 956 2892 victoria
974 2855 1118 2904 quam
1139 2842 1199 2891 de
1219 2843 1444 2891 Romanis
1463 2842 1552 2890 sub
1577 2846 1626 2891 i‘.
1646 2845 1672 2891 J
1679 2840 1875 2890 uventio
1894 2842 2100 2902 praetore
2131 2842 2408 2903 reportavit,
2431 2855 2477 2889 v.
2505 2840 2675 2902 Polyb.
2699 2843 2921 2890 XXXVI!
2937 2875 2950 2900 ,
2977 2846 2991 2888 1
3022 2838 3057 2887 d
3073 2853 3091 2896 ,-
3124 2838 3226 2889 Liv.
3247 2842 3334 2902 Ep.
3361 2846 3421 2890 50
3442 2842 3568 2890 extr.
3589 2842 3687 2891 Res

470 2914 676 2977 pertinet
693 2911 754 2963 ad
775 2925 852 2963 an.
877 2914 979 2963 ¹48.
1000 2937 1068 2949 —
1088 2928 1192 2976 προ
1206 2928 1272 2976 εχ
1286 2928 1308 2962 ε
1326 2910 1404 2976 ιρί
1418 2928 1447 2962 σ
1464 2911 1587 2976 ατο]
1606 2910 1969 2977 προεχειρήσατο
1989 2910 2164 2961 codex·

533 2996 658 3042 xix.
694 2991 804 3043 Fol.
832 2998 944 3055 183,
962 2998 1070 3042 2——
1092 2994 1143 3041 14
1174 3003 1222 3041 r.
1239 2992 1420 3042 Contra
1440 2989 1764 3040 Alexandrum
1786 2989 1977 3050 Balam,
1996 2988 2083 3053 qui
2117 2990 2419 3051 Cleopatram
2445 2988 2687 3038 Ptolemaei
2714 2988 3045 3038 Philometoris
3076 2987 3219 3038 tiliam
3251 2987 3456 3038 duxerat
3485 2992 3500 3048 (
3526 2992 3611 3039 170
3637 3003 3685 3040 a.

470 3065 530 3115 O.
549 3063 756 3112 Maccab-
790 3065 836 3122 1,
866 3069 950 3123 10,
973 3062 1059 3124 57)
1076 3100 1090 3122 .
1114 3073 1144 3112 e
1161 3065 1304 3113 creta
1320 3053 1637 3134 ‘proficiscitur
1654 3073 1855 3125 regnum
1881 3062 2136 3123 paternum
2158 3061 2526 3123 recuperaturus
2548 3061 2820 3110 Demetrius
2839 3059 3127 3121 (Nicator),
3148 3059 3273 3109 filius
3300 3061 3527 3110 Demetrii
3548 3063 3687 3112 Sote-

471 3132 575 3194 ris(
597 3138 681 3182 165
697 3146 785 3182 aer.
810 3132 926 3194 Sel.,
947 3135 1035 3182 1⁴8
1054 3145 1101 3182 a.
1118 3135 1196 3193 C.;
1214 3132 1426 3181 Maccab.
1449 3134 1499 3192 1,
1530 3139 1603 3182 10.
1621 3132 1818 3194 Joseph.
1842 3133 1957 3181 xm
1972 3168 1986 3194 ,
2012 3131 2088 3194 4).
2113 3134 2240 3181 Τ11111
2261 3131 2311 3180 in
2331 3131 2518 3193 Syriam
2538 3144 2651 3180 cum
2671 3131 2886 3180 exercitu
2903 3130 3114 3180 accurrit
3133 3131 3421 3180 Ptolemaeus
3435 3166 3448 3191 ,
3468 3131 3530 3183 de
3548 3133 3693 3195 cuins

470 3202 680 3254 consiliis
697 3215 725 3251 a
745 3202 952 3252 Diodoro
969 3202 1131 3252 dissert
1147 3204 1318 3252 auctor
1339 3202 1552 3255 Maccab.
1572 3206 1624 3264 1,
1653 3209 1724 3263 11,
1751 3211 1768 3252 1
1789 3216 1918 3266 sqq„
1935 3202 2019 3266 qni
2042 3202 2108 3252 ita
2126 3204 2288 3251 narrat
2310 3221 2322 3250 ι
2351 3202 2443 3250 Καὶ
2470 3203 2497 3249 ὁ
2521 3202 2737 3263 βασιλεὺς
2759 3200 2996 3263 Αἰγύπτου
3014 3200 3204 3265 ἤθροισε
3226 3199 3438 3265 δυνάμεις
3455 3202 3689 3260 πολλὰς...

468 3274 549 3321 καὶ
577 3273 721 3321 πλοῖα
740 3271 892 3321 πολλά
907 3287 920 3300 ·
946 3273 1025 3321 καὶ
1050 3271 1244 3330 ἐζήτησε
1265 3278 1618 3336 κατα-κρατῆσαι
1636 3278 1717 3333 τῆς
1746 3274 1983 3338 βασιλείας
2001 3271 2289 3335 Ἀλεξάνδρου
2316 3272 2465 3333 δόλῳ,
2504 3273 2582 3320 καὶ
2614 3272 2877 3335 προσθεῖναι
2901 3270 3045 3330 αὐτὴν
3070 3276 3130 3335 τῇ
3153 3270 3371 3335 βασιλείᾳ
3408 3272 3567 3321 αὐτοῦ.
3594 3276 3690 3324 Καὶ

471 3344 648 3403 ἐξῆλθεν
667 3345 730 3400 εἰς
751 3343 918 3406 Συρίαν
936 3342 1090 3406 λόγοις
1115 3343 1376 3408 εἰρηνικοῖς,
1394 3345 1474 3393 καὶ
1490 3341 1679 3405 ιἤνοιγον
1697 3344 1824 3407 αὐτῷ
1839 3345 1883 3392 οἰ
1899 3343 1992 3392 ἀπὸ
2011 3348 2105 3392 τῶν
2120 3342 2315 3402 πόλεων,
2333 3343 2413 3390 καί
2439 3343 2676 3400 συνήντων
2697 3342 2882 3406 αὐτῷ...
2902 3342 2987 3397 Ὠς
3007 3341 3057 3390 δὲ
3085 3342 3404 3404 εἰσεπορεύετο
3423 3343 3487 3398 εἰς
3508 3343 3590 3400 τὰς
3607 3342 3688 3393 116·

468 3416 561 3472 λεις
584 3416 611 3463 ὁ
634 3414 948 3478 Πτολεμαῖος,
970 3413 1210 3463 ἀπέτασσε
1234 3415 1318 3472 τὰς
1341 3414 1553 3479 δυνάμεις
1581 3416 1779 3480 φρουρὰν
1813 3415 1862 3465 ἐν
1897 3411 2075 3476 ἑκάστῃ
2107 3413 2317 3463 πόλει....
2336 3413 2393 3462 ‘0
2414 3413 2463 3462 δὲ
2500 3411 2715 3475 βασιλεὺς
2738 3414 2827 3461 nr.
2854 3410 3091 3474 ἐκυρίευσε
3110 3415 3204 3460 τῶν
3224 3412 3406 3461 πόλεων
3433 3418 3513 3471 τῆς
3537 3411 3685 3476 παρα·

469 3484 570 3542 λίας
590 3485 676 3542 ἕως
697 3484 964 3542 Σελευκείας
980 3489 1062 3542 τῆς
1078 3486 1463 3549 παραθαλασσίας
1475 3522 1487 3545 ,
1508 3486 1588 3534 καὶ
1606 3486 1880 3547 διελογίζετο
1895 3483 2001 3549 περὶ
2019 3482 2306 3547 Ἀλεξάνδρου
2322 3479 2571 3544 λογισμοὺς
2589 3480 2833 3546 πονηρούς.
2856 3483 2950 3530 Καὶ
2971 3481 3214 3530 ἂπέστεῑλε
3231 3482 3444 3544 πρὲσὸεῑς
3462 3483 3573 3545 πρὶς
3596 3489 3686 3541 Δη·

472 3556 661 3618 μήτριον
677 3556 756 3604 τὸν
773 3555 984 3619 βασιλέα,
1001 3555 1165 3616 λέγων·
1188 3573 1211 3597 α
1230 3558 1377 3618 Δεῦρο
1390 3592 1404 3615 ,
1421 3556 1693 3619 συνθώμεθα
1711 3557 1822 3621 πρὸς
1841 3554 2034 3612 ἑαυτοὺς
2048 3554 2287 3614 διαθήκην,
2307 3552 2388 3601 καί
2403 3552 2545 3601 δώσω
2560 3567 2636 3600 σοι
2655 3552 2738 3611 τὴν
2751 3551 2980 3615 θυγατέρα
2996 3568 3086 3615 μου
3104 3553 3160 3611 ἢν
3181 3553 3276 3616 ἔχει
3291 3551 3584 3614 Ἀλέξανδρος,
3606 3557 3689 3603 καὶ

474 3625 764 3692 βασιλεύσεις
787 3631 869 3686 τῆς
889 3625 1125 3689 βασιλείας
1145 3629 1230 3674 τοῦ
1250 3626 1420 3689 πατρὸς
1443 3642 1549 3675 σου.
1573 3626 1965 3690 Μεταμεμέλημαι
1981 3626 2072 3690 γὰρ
2091 3625 2195 3682 δοὺς
2214 3625 2345 3686 αὐτῷ
2360 3622 2444 3680 τὴν
2457 3621 2685 3686 θυγατέρα
2702 3638 2793 3685 μου
2805 3658 2820 3684 ,
2846 3622 3038 3680 ἐζήτησε
3056 3621 3145 3686 γὰρ
3167 3621 3435 3671 ἀποκτεῖναί
3451 3638 3522 3684 με.
3549 3640 3573 3666 n
3595 3625 3686 3673 Καὶ

472 3695 703 3757 ἐψόγησεν
726 3694 865 3743 αὐτὸν
886 3693 1022 3759 χάριν
1038 3697 1125 3744 τοῦ
1143 3693 1425 3759 ἐπιθυμῆσαι
1445 3696 1583 3746 αὐτὸν
1604 3701 1685 3755 τῆς
1705 3697 1941 3761 βασιλείας
1968 3697 2112 3746 αὐτοῦ
2134 3697 2234 3745 κτλ.
2254 3694 2435 3744 Contra
2454 3692 2692 3755 ,Iosephus
2707 3695 2851 3751 xm,
2876 3697 2906 3743 4
2920 3698 2966 3753 ,6
2987 3694 3152 3741 narrat
3178 3704 3342 3741 revera
3377 3692 3685 3742 Ptolemaeum

472 3764 732 3816 Alexandri
760 3765 962 3827 petitum
986 3778 1088 3814 esse
1110 3762 1320 3828 insidiis,
1338 3779 1462 3829 quas
1482 3780 1608 3829 aegre
1626 3780 1710 3817 rex
1733 3767 1970 3829 effugerit.
1994 3763 2330 3830 (Paucissimis
2356 3776 2458 3813 rem
2481 3767 2684 3824 tangunt
2698 3762 2799 3812 Liv.
2818 3766 2907 3825 Ep.
2931 3768 3017 3824 525
3043 3761 3244 3823 Appian.
3265 3765 3370 3823 Syr.
3397 3765 3484 3824 67;
3504 3763 3685 3813 Justin.

470 3837 670 3897 XXXV,
713 3835 788 3896 2.)
814 3864 877 3875 —
897 3841 942 3884 2.
968 3834 1063 3885 διά
1084 3838 1111 3886 δ
1134 3851 1252 3897 ημα
1274 3834 1666 3904 περιέθηκαν]
1685 3836 1758 3888 Cf.
1781 3838 1974 3900 soseph.
2005 3840 2145 3897 xlii,
2166 3838 2214 3899 4,
2246 3840 2311 3887 7:
2338 3835 2433 3884 Δύο
2475 3832 2748 3898 περιτίθεται
2782 3832 3070 3896 διαδήματα,
3106 3833 3154 3880 ἓν
3187 3832 3269 3896 μὲν
3299 3833 3353 3882 τὸ
3377 3837 3469 3892 τῆς
3502 3831 3690 3896 Ἄσίας,

472 3908 624 3971 ἕτερον
639 3905 688 3954 δὲ
705 3905 759 3954 τὸ
778 3911 857 3964 τῆς
872 3905 1124 3968 Αἰγύπτου.
1145 3905 1323 3955 Eodem
1341 3906 1484 3955 modo
1500 3907 1711 3957 Maccab.
1739 3911 1789 3969 1,
1818 3914 1888 3970 11,
1915 3914 1986 3958 13.
2011 3910 2082 3958 De
2101 3906 2356 3969 coelesyria
2375 3905 2633 3956 Ptolemaeo
2646 3902 2758 3954 data
2771 3903 2888 3953 nihil
2909 3902 3080 3966 legitur
3096 3902 3148 3952 tn
3168 3902 3376 3952 Maccab.
3392 3905 3440 3952 et
3457 3904 3686 3966 Josepho.

472 3975 609 4038 Apud
638 3975 855 4025 Maccab.
877 3977 1039 4026 tamen
1076 3991 1141 4029 ex
1163 3976 1351 4038 reliquo
1382 3976 1668 4027 narrationis
1700 3980 1866 4029 tenore
1897 3980 2068 4042 sponte
2103 3978 2198 4027 hoc
2232 3975 2543 4041 suppleveris.
2582 3973 2725 4038 Apud
2760 3974 3027 4038 soseplmm
3056 3973 3229 4024 diserte
3248 3970 3536 4023 Ptolemaeus
3557 3977 3687 4040 αὐτῷ

474 4045 673 4107 ἔφασκεν
693 4044 848 4109 ἀρκεῖν
865 4044 949 4105 τὴν
965 4051 1047 4106 τῆς
1067 4046 1303 4109 Αἰγύπτου
1329 4047 1586 4110 βασιλείαν,
1606 4047 1740 4097 nulla
1758 4047 1920 4097 addita
1938 4049 2166 4100 clausula.
2186 4051 2304 4099 Erec
2322 4047 2462 4098 sicuti
2484 4059 2595 4109 quoe
2614 4046 2672 4096 fr.
2690 4048 2780 4098 XX
2797 4046 3026 4109 leguntur
3041 4044 3104 4095 de
3124 4043 3259 4094 clade
3277 4047 3325 4092 et
3347 4043 3458 4106 stiga
3475 4045 3686 4096 Alexan-

472 4113 584 4232 ἀνίῙξ
616 4115 854 4233 gertinent
873 4115 935 4165 ad
969 4128 1152 4166 annum
1181 4119 1329 4166 14611.
1367 4117 1567 4180 0.(172
1586 4130 1671 4168 aer.
1703 4118 1798 4168 Sel.
1831 4117 2412 4182 Maoeab.1‚·1t,9.).-
2435 4124 2480 4167 3.
2511 4131 2729 4168 κοινοπ
2745 4113 2812 4182 ρ.]
2828 4131 3041 4180 καινοπρ.
3066 4113 3233 4165 codex.
3255 4112 3437 4162 Deinde
3468 4116 3688 4178 supplevi

474 4195 520 4231 v.
589 4202 614 4233 ο
660 4201 730 4242 ης.

538 4259 647 4307 xx.
687 4257 797 4307 roz.
824 4261 938 4320 isa,
974 4261 1031 4309 ιι
1048 4287 1113 4316 .-
1138 4265 1198 4310 22
1225 4273 1273 4311 r.
1308 4259 1486 4311 Eadem
1513 4262 1760 4326 (exceptis
1780 4264 1938 4314 verbis
1961 4258 2212 4324 postremis
2232 4257 2510 4320 Ἀλέξανδρος
2533 4257 2615 4320 μὲν
2639 4256 2773 4307 οὖν...
2795 4254 3023 4319 ἀνῃρέθη)
3043 4254 3267 4317 teguntur
3300 4253 3350 4303 in
3384 4258 3500 4305 Exo-
3532 4258 3582 4305 Ρ·
3607 4254 3688 4305 oti

471 4338 520 4388 p.
545 4328 635 4376 519
663 4325 894 4388 (Diodor.
914 4331 1093 4380 xxxn
1107 4367 1121 4392 ,
1148 4329 1242 4392 10).
1264 4331 1422 4381 Prima
1439 4333 1586 4383 verba
1606 4334 1759 4384 Photii
1778 4340 1892 4384 sunt
1914 4353 1927 4384 ε
1947 4334 2004 4382 Ὁ
2023 4333 2071 4381 δὲ
2094 4328 2374 4391 Ἀλέξανδρος
2395 4327 2490 4377 ἀπὸ
2511 4327 2592 4392 μὲν
2606 4333 2686 4386 τῆς
2706 4324 2858 4390 μάχης
2877 4326 2994 4390 μετὰ
3012 4326 3056 4389 φ’
3074 4325 3157 4383 τὴν
3175 4323 3320 4386 φυγὴν
3340 4324 3591 4385 ἐποιήσατο
3612 4326 3630 4379 (
3640 4325 3688 4375 in

472 4394 583 4446 cod.
613 4399 779 4445 Escor.
812 4399 885 4447 est
907 4399 1217 4463 ἐποιήσαντο)
1239 4402 1338 4450 κτλ.
1356 4427 1423 4439 -
1450 4409 1492 4452 1.
1513 4404 1615 4453 εἶτα
1639 4402 1776 4453 Phot.
1816 4435 1878 4448 -
1898 4411 1943 4454 2.
1965 4405 2062 4451 καὶ
2088 4395 2341 4460 Κάσιον]
2365 4398 2471 4446 haee
2510 4410 2606 4446 om.
2629 4398 2839 4446 Photius.
2862 4397 3075 4447 Primum
3095 4395 3250 4445 scriba
3285 4395 3481 4445 dederat
3501 4396 3687 4459 βάσιον,

471 4464 605 4530 quod
623 4463 795 4516 deinde
807 4469 1031 4518 correxit.
1051 4495 1118 4506 —
1137 4476 1181 4520 3.
1201 4487 1305 4520 συν
1317 4475 1464 4532 ἦσαν
1477 4471 1531 4537 ]..
1550 4479 1697 4532 νῆσαν
1716 4472 1867 4523 codex
1880 4509 1896 4535 ,
1910 4473 2078 4522 relicto
2094 4469 2300 4520 duarum
2321 4466 2567 4516 literarum
2590 4468 2758 4530 spatio.
2780 4495 2844 4505 —
2857 4473 2903 4517 ⁴.
2926 4469 3038 4526 ᾰσφ
3051 4467 3123 4517 αλ
3141 4466 3191 4515 εί
3201 4481 3232 4513 α
3244 4466 3298 4530 ς]
3316 4465 3511 4515 Photius
3527 4478 3688 4528 perpe·

474 4550 576 4608 ram
599 4534 866 4600 ἡγεμονίας.
889 4566 948 4578 -
971 4538 1141 4587 Clades
1160 4542 1208 4588 et
1227 4539 1335 4602 suga
1356 4542 1613 4591 Alexandri
1631 4542 1869 4605 pertinent
1881 4541 1944 4591 ad
1956 4553 2138 4590 annum
2163 4541 2275 4599 146,
2289 4536 2359 4586 uti
2375 4537 2636 4588 certissime
2654 4541 2860 4589 constat.
2882 4543 3066 4590 Verum
3085 4536 3324 4588 Diodorus
3342 4537 3448 4586 haec
3464 4533 3560 4585 no'n
3577 4548 3685 4584 nar:-

475 4608 599 4657 ravit
613 4605 672 4655 ad
691 4618 871 4654 annum
896 4609 981 4656 146
994 4644 1008 4666 ,
1029 4606 1113 4656 sed
1133 4607 1197 4656 ita
1219 4608 1349 4659 hand
1369 4609 1513 4660 dubie
1534 4625 1636 4662 rem
1659 4611 1878 4673 institnit,
1896 4613 1951 4661 ut
1963 4613 2218 4673 postquam
2241 4609 2512 4670 susceptam
2535 4610 2764 4659 Demetrii
2782 4612 2953 4660 contra
2972 4606 3300 4660 Alexandrum
3338 4606 3687 4670 expeditionem

479 4677 590 4738 (01.
621 4680 727 4737 157,
748 4679 839 4725 4—
864 4675 937 4741 2—2{
962 4689 1007 4724 a.
1035 4678 1125 4740 C.)
1144 4680 1379 4729 narrasset
1393 4716 1406 4740 ‚
1431 4682 1593 4731 statim
1613 4682 1847 4745 reliquam
1866 4681 2011 4743 hujus
2029 4680 2144 4731 belli
2162 4679 2405 4729 historiam
2423 4691 2575 4741 usque
2596 4679 2656 4730 ad
2677 4681 2862 4730 cladem
2882 4682 3140 4744 fugamque
3159 4677 3415 4730 Alexandri
3439 4677 3689 4740 subjunge-

475 4748 564 4796 ret.
594 4745 777 4807 saepius
803 4760 860 4794 eo
884 4747 1029 4795 modo
1055 4747 1293 4798 Diodorus
1313 4752 1633 4802 narrationem
1652 4751 1857 4815 disponit
1887 4764 2040 4815 eoque
2062 4749 2415 4811 chronologiam
2438 4761 2576 4799 snam
2602 4751 2818 4814 alioquin
2846 4765 3016 4816 pamm
3051 4753 3326 4799 accuratam
3353 4749 3513 4798 multo
3544 4747 3685 4797 etiam

478 4814 824 4877 impeditiorem
850 4815 1020 4865 reddit.
1049 4819 1222 4867 Nostro
1241 4822 1403 4870 autem
1422 4821 1529 4870 loco
1552 4835 1628 4872 res
1641 4835 1697 4871 eo
1711 4821 1959 4885 probatur,
1979 4821 2110 4885 qnod
2128 4833 2238 4883 quae
2260 4819 2522 4882 sequuntur
2541 4819 2590 4868 in
2608 4822 2728 4869 Exc.
2751 4820 2992 4870 Photianis
3003 4819 3064 4870 de
3083 4818 3340 4869 Masinissae
3359 4822 3408 4869 et
3426 4817 3485 4868 de
3511 4817 3688 4868 Prusiae

476 4883 569 4933 fine
580 4883 641 4932 ad
655 4897 733 4932 an.
757 4887 842 4935 149
864 4885 881 4946 (
901 4891 1005 4947 157,
1023 4886 1070 4948 4)
1086 4888 1249 4938 resen-i
1263 4891 1432 4940 solent.
1451 4893 1599 4942 Recte
1613 4891 1757 4954 igitur
1769 4892 1817 4940 in
1833 4890 1971 4941 editis
1985 4889 2180 4941 Diodori
2196 4902 2305 4952 quae
2319 4889 2380 4937 de
2396 4888 2509 4938 Bala
2527 4902 2555 4940 e
2576 4890 2714 4939 Phot.
2737 4894 2851 4942 Exc.
2868 4891 3142 4951 narrantur,
3158 4888 3321 4938 statim
3341 4891 3447 4950 post
3460 4900 3518 4937 ea
3533 4887 3682 4950 posui,

475 4967 587 5016 quae
610 4954 671 5003 de
699 4954 898 5019 Philippi
924 4957 1191 5010 Macedonis
1217 4963 1327 5026 post
1348 4961 1601 5012 victoriam
1628 4960 1959 5013 crudelitatem
1979 4975 2040 5012 ex
2058 4967 2175 5012 Exc.
2199 4965 2266 5010 De
2280 4958 2447 5009 virtut.
2474 4961 2683 5011 exstant.
2705 4962 2914 5011 Eandem
2935 4973 3094 5010 rerum
3110 4959 3280 5010 seriem
3295 4959 3510 5022 praebent
3527 4959 3686 5006 nostra

477 5027 642 5086 fragm.
660 5026 769 5074 xvi
776 5029 792 5075 Ι
800 5028 817 5074 1
837 5029 887 5076 et
910 5029 1036 5078 xlx.
1057 5030 1279 5082 Ceterum
1302 5030 1519 5081 ordinem
1535 5031 1907 5095 fragmentorum
1924 5031 2346 5094 nnnenostrornm
2370 5033 2720 5094 Excerptorum
2740 5044 2832 5094 ope
2849 5030 3119 5082 accuratius
3136 5030 3185 5078 in
3200 5029 3442 5079 nonnullis
3461 5027 3687 5089 refingere

476 5108 741 5158 possumus.
763 5095 999 5148 Nimirum
1020 5099 1070 5149 in
1089 5099 1211 5151 libro
1228 5103 1383 5152 xxxl
1400 5102 1554 5164 capita
1570 5102 1832 5154 ordinanda
1855 5104 1970 5154 sunt
1985 5103 2117 5153 hunc
2130 5101 2177 5151 in
2196 5101 2393 5151 modum
2413 5116 2428 5149 t
2446 5104 2712 5151 catirmco
2735 5122 2748 5150 ε
2769 5115 2875 5164 cap.
2901 5108 2917 5150 1
2941 5127 3000 5137 —-
3020 5103 3287 5162 V1¹13xlv
3307 5103 3357 5150 et
3379 5103 3466 5150 xv
3487 5099 3682 5160 (quate-

476 5177 568 5213 nus
593 5167 653 5215 ad
678 5169 796 5217 Exc.
829 5168 1049 5219 vatican.
1071 5169 1378 5236 pertinent);
1410 5170 1641 5239 Deinsid.
1662 5173 1718 5246 ff.
1740 5175 1889 5222 xvn.
1919 5201 1983 5214 —
2010 5176 2297 5226 Macenomx
2323 5192 2333 5224 ε
2357 5176 2470 5235 Cap·
2495 5174 2592 5232 1X3
2625 5175 2692 5222 De
2717 5175 2806 5222 ins.
2829 5173 2888 5222 fr.
2913 5173 3084 5221 xviii.
3119 5198 3181 5208 —
3206 5175 3352 5223 5111111
3379 5191 3391 5221 2
3419 5174 3489 5221 De
3514 5169 3603 5218 ins.
3623 5169 3681 5216 fr.
