4016 5916
1756 335 2292 397 MEGASTHEMS

2051 468 2144 538 τὴν
2165 471 2283 542 γῆν,
2303 468 2369 531 ὡς
2404 467 2455 522 ἐν
2495 462 2774 542 Αἰγύπτῳ,
2805 463 2894 519 καὶ
2923 461 3011 528 τὰς
3042 464 3282 531 κλειστὰς
3322 465 3636 546 διώρυχας·

399 347 529 413 ‹ao'

398 486 500 541 τῶν
526 477 683 538 ὅλων.
715 478 831 536 Οὐκ
864 473 974 533 ἔστι
1046 473 1089 531 δ’
1116 470 1231 530 οὔτε
1260 478 1447 548 γαμεῖν
1476 468 1530 536 ἐξ
1560 468 1720 526 ἄλλου
1749 467 1951 545 γένους,

399 569 503 629 οὔτ’
533 565 854 639 ἐπιτήδευμα
891 562 998 621 οὔτ’
1043 559 1289 640 ἐργασίαν
1332 555 1754 635 μεταλαμὸάνειν
1796 556 1959 626 ἄλλην

400 656 454 726 ἐξ
498 654 685 724 ἄλλης,
731 651 845 709 οὐδὲ
903 641 1109 714 πλείους
1160 645 1605 726 μεταχειρίζεσθαι
1651 642 1738 700 τὸν
1786 641 1958 713 αὐτὸν,

399 742 538 813 πλὴν
570 743 613 798 εἷ
641 743 742 797 τῶν
771 737 1063 819 φιλοσόφων
1086 759 1162 801 τις
1187 733 1294 806 εἴη·
1324 736 1504 792 ἐᾶσθαι
1540 731 1639 810 γὰρ
1675 735 1853 789 τοῦτον
1894 730 1959 785 δι’

403 829 612 911 ἀρετήν.

489 943 511 968 α
546 915 717 990 Apud
744 915 1076 972 Strabonem
1107 924 1161 967 et
1190 911 1511 966 Diodorum
1543 909 1720 963 tribus
1763 907 1961 980 appel-

402 1010 590 1062 lantur
611 999 774 1079 μέρη,
800 1002 953 1086 apud
975 1002 1278 1056 Arrianum
1297 996 1505 1072 γενεαί,
1524 999 1599 1050 ita
1622 1006 1685 1050 ut
1708 996 1798 1049 illa
1822 1013 1962 1048 voce

406 1093 785 1168 Megasthenes
802 1109 929 1145 usus
958 1107 1072 1144 esse
1086 1088 1362 1143 videatur.
1382 1084 1761 1159 Megasthenes
1780 1094 1961 1136 autem

406 1200 581 1254 quum
632 1179 812 1234 tribus
856 1177 1077 1232 Indicas
1119 1184 1432 1240 enarraret,
1490 1174 1551 1225 in
1603 1189 1672 1225 eo
1728 1171 1963 1238 erravit,

407 1268 566 1340 quod
631 1277 687 1321 et
735 1265 927 1321 Graeca
974 1265 1194 1317 ratione
1235 1272 1290 1316 et
1365 1260 1436 1315 ab
1494 1259 1622 1313 aula
1676 1255 1971 1330 Pat'alipu-

414 1356 554 1409 trica
582 1353 726 1408 hanc
756 1370 876 1406 rem
901 1350 1277 1422 perlustravit.
1313 1348 1443 1402 Sine
1469 1346 1574 1399 hae
1602 1344 1773 1398 altera
1812 1362 1974 1398 causa

408 1444 507 1496 vix
528 1438 651 1494 fieri
672 1449 927 1512 poterat,
949 1448 1011 1491 ut
1037 1446 1249 1490 sextam
1281 1446 1337 1489 et
1360 1434 1651 1506 septimam
1678 1432 1885 1485 tribum
1916 1433 1973 1484 in

412 1529 579 1582 istum
600 1524 837 1580 modum
857 1514 1242 1596 componeret.
1265 1520 1373 1576 Sed
1401 1519 1769 1593 Megasthenis
1797 1519 1976 1572 tribus

413 1613 488 1669 ad
518 1612 736 1668 Indicas
777 1623 1046 1684 quattuor
1079 1627 1344 1664 remeare
1386 1607 1714 1662 facillimum
1751 1616 1851 1660 est.
1893 1606 1974 1660 Ita

419 1703 569 1757 enim
592 1718 722 1755 cum
746 1701 933 1755 alteris
961 1699 1146 1753 alterae
1176 1707 1495 1770 congruunt
1522 1711 1537 1752 ε

494 1789 688 1864 Ρνὶηιᾳ
720 1787 898 1841 tribus
926 1786 1260 1840 Brahmanas
1288 1785 1567 1851 continet,
1589 1800 1774 1854 neque
1793 1791 1975 1836 tamen

415 1893 607 1929 omnes
629 1916 647 1945 ,
675 1872 772 1928 sed
799 1891 895 1928 eos
932 1881 1179 1940 tantum,
1214 1872 1312 1943 qui
1356 1871 1524 1925 sacris
1562 1878 1826 1941 praesunt.
1877 1870 1979 1925 Cui

419 1963 595 2017 tribui
614 1962 1025 2035 Megasthenem
1047 1972 1251 2016 ascetas
1268 1959 1404 2013 falso
1426 1957 1704 2012 addidisse
1719 1999 1734 2025 ‚
1753 1967 1985 2030 apparet

420 2068 491 2105 ex
515 2049 627 2104 hoc
654 2049 878 2104 Arriani
918 2048 1044 2102 loco
1081 2067 1092 2100 :
1132 2047 1336 2103 Μοῦνον
1374 2040 1544 2121 σψίσιν
1575 2043 1799 2113 ἀνεῖται,
1836 2064 1982 2119 σοφι-

416 2133 543 2205 στὴν
563 2137 622 2193 ἐκ
649 2131 841 2197 παντὸς
859 2131 1026 2210 γένεος
1050 2130 1306 2208 γενέσθαι.
1330 2132 1457 2186 Iud.
1489 2150 1578 2199 ια,
1602 2149 1660 2203 9.
1682 2131 1765 2186 Cf.
1795 2131 1981 2188 strab.

413 2243 476 2297 p.
514 2243 544 2292 7
560 2244 578 2276 1
594 2223 643 2278 3.
667 2226 859 2277 Altera
880 2224 1062 2277 tribus
1088 2221 1408 2294 Vaiqjarum
1428 2229 1649 2292 partem
1678 2236 1873 2292 agrum
1890 2237 1985 2272 co-

416 2313 656 2380 lentem,
687 2316 857 2365 terte‘a
898 2312 1152 2382 impuros
1195 2306 1467 2380 quosdam
1511 2303 1803 2360 continet.'
1836 2307 1986 2362 Man.

415 2400 491 2455 X.
522 2397 770 2472 48—49.
796 2400 1019 2470 Quarta
1036 2397 1293 2451 homines
1306 2394 1807 2450 duarumtribuum
1828 2411 1987 2446 com-

416 2485 747 2559 prehendit,
780 2497 836 2540 et
858 2484 1072 2558 Vaiejas
1114 2481 1299 2559 (φόρον
1330 2482 1602 2545 τελοῦντας
1629 2481 1645 2554 )
1686 2492 1741 2534 et
1776 2480 1989 2553 Cadras

421 2571 651 2652 (ἀτελεῖς
674 2570 763 2629 καὶ
791 2569 972 2646 μισθὸν
993 2567 1537 2647 προσλαμὸοἱνοντας).
1573 2570 1783 2640 Que‘nta
1808 2569 1989 2624 tribus

421 2679 549 2715 cum
572 2659 767 2715 Indica
795 2661 969 2713 altera
997 2659 1275 2712 convenit.
1310 2659 1379 2710 In
1402 2668 1559 2711 ,νεανία
1604 2657 1807 2709 iterum
1845 2654 1990 2709 dua-

420 2765 547 2803 rum
593 2747 842 2800 tribuum
885 2756 1073 2816 partes
1100 2745 1413 2798 commixtae
1442 2754 1598 2810 sunt,
1639 2753 1693 2796 et
1736 2742 1991 2815 vulgares

421 2843 786 2907 spectatoreS,
828 2849 971 2902 quos
1016 2849 1203 2903 regem
1225 2830 1417 2884 Indica
1444 2831 1532 2885 lex
1562 2848 1629 2883 ex
1654 2831 1806 2884 omni
1835 2829 1987 2884 tribu

430 2921 699 2994 colligere
746 2917 909 2989 jubet
955 2916 1060 2990 (cf.
1114 2919 1266 2972 Man.
1311 2919 1446 2986 vll,
1502 2915 1606 2981 154
1625 2960 1639 2986 ‚
1692 2927 1745 2971 et
1796 2916 1993 2971 Cullu-

426 3005 711 3063 cab‘at't'ae
748 3004 1251 3079 commentarium),
1276 3015 1329 3059 et
1358 3022 1480 3073 eoS‚
1510 3007 1605 3076 qui
1632 3004 1704 3059 ad
1733 3003 1995 3059 officiales

425 3091 803 3167 inspiciendos
843 3092 1256 3147 emittebantur.
1304 3091 1393 3147 Ad
1432 3092 1575 3145 hanc
1605 3093 1833 3146 alteram
1856 3110 1992 3164 par-

431 3191 550 3237 tem
571 3181 747 3236 solam
770 3181 1050 3253 pertinere
1070 3191 1303 3252 possunt
1327 3180 1445 3234 haec
1465 3180 1751 3235 Strabonis
1776 3180 1949 3234 verba
1975 3194 1988 3233 :

428 3265 767 3324 καθίστανται
797 3266 842 3322 δ’
872 3267 918 3323 οἱ
940 3264 1140 3345 ἄριστοι
1192 3265 1278 3322 καὶ
1321 3263 1645 3323 πιστότατοι.
1686 3267 1991 3348 δορτίζηαηι

432 3356 645 3409 tribum
702 3354 1026 3409 Brahmanae
1078 3356 1117 3408 ii
1163 3354 1440 3424 efficiunt,
1504 3374 1646 3429 quos
1696 3355 1755 3408 in
1813 3356 1997 3428 prima

434 3443 585 3497 tribu
645 3443 923 3498 collocare
982 3443 1359 3516 Megasthenes
1408 3444 1611 3498 omisit.
1675 3467 1697 3490 a
1730 3442 1996 3497 Sclzwan·

439 3526 670 3585 bechin-5.

1142 3660 1213 3716 36
1258 3681 1305 3716 a.

513 3790 713 3845 Strabo
736 3792 859 3860 XV,
879 3810 939 3865 p.
972 3810 1078 3861 7⁰7
1103 3794 1287 3866 pergit
1311 3814 1323 3847 :
1354 3793 1475 3850 Τῶν
1496 3791 1539 3847 δ’
1556 3790 1821 3870 ἀρχόντων
1840 3793 1885 3847 οἱ
1905 3792 1996 3864 μέν

436 3877 563 3934 εἰσιν
590 3875 921 3954 ἀγορανόμοι,
946 3878 992 3934 οἰ
1013 3876 1055 3933 δ’
1080 3877 1377 3951 ἀστυνόμοι,
1393 3880 1438 3936 οἱ
1462 3878 1504 3935 δ’
1525 3879 1610 3935 ἐπὶ
1624 3882 1727 3934 τῶν
1740 3901 1994 3956 στρατιω·

436 3966 558 4021 τῶν·
580 3953 654 4021 ὧν
674 3965 720 4019 οἱ
744 3961 836 4037 μὲν
853 3961 1113 4039 ποταμοὺς
1138 3963 1513 4041 ἐξεργάζονται,
1540 3964 1629 4022 καὶ
1648 3969 1995 4045 ἀναμετροῦσι

2056 555 2140 634 ἀφ’
2177 546 2246 611 ὧν
2278 555 2346 618 εἷς
2374 551 2465 617 τὰς
2501 550 2730 630 ὀχετείας
2767 551 3068 626 ταμιεύεται
3110 551 3167 610 τὸ
3206 551 3375 634 ὕδωρ,
3409 556 3672 614 ἐπισκο·

2053 646 2234 699 ποῦσιν
2255 639 2391 705 ὅπως
2417 637 2467 706 ἐξ
2486 638 2604 710 ἴσης
2617 645 2776 694 πᾶσιν
2800 641 2833 707 ἡ
2861 642 2962 696 τῶν
2990 638 3187 697 ὑδάτων
3205 642 3399 721 παρείη
3425 648 3662 722 χρῆοτς.

2055 734 2123 790 Οἱ
2155 730 2198 786 δ’
2229 727 2376 786 αὐτοὶ
2394 727 2483 786 καὶ
2502 730 2602 785 τῶν
2644 730 2900 806 θηρευτῶν
2931 729 3324 803 ἐπιμελοῦνται,
3343 732 3437 796 καὶ
3471 737 3658 810 τιμῆς

2017 835 2018 840 ’
2054 816 2141 876 καὶ
2160 815 2420 882 κολάσεως
2448 814 2546 873 εἶσὶ
2573 813 2738 896 κύριοι
2760 818 2862 881 τοῖς
2885 814 3130 883 ἐπαξίοις·
3159 815 3249 876 καὶ
3270 819 3628 898 φορολογοῦσι

2058 905 2139 977 δὲ,
2189 905 2277 962 καὶ
2314 903 2630 983 τὰς.τέχνας
2673 903 2764 968 τὰς
2804 902 2926 983 περὶ
2964 903 3191 982 τὴνγῆν
3239 905 3653 981 ἔπιὸλέπουσιν,

2061 991 2343 1067 ὑλοτόμων,
2365 989 2912 1070 τεκτόνων,χαλκέων,
2933 1014 3062 1067 μετα
3072 993 3313 1050 λλευτῶν·
3333 995 3663 1055 ὁδοποιοῦσι

2061 1081 2133 1153 δὲ,
2157 1080 2395 1139 καὶκατὰ
2416 1079 2539 1138 δέκα
2568 1080 2754 1138 στάδια
2784 1079 2980 1150 στήλην
3000 1078 3228 1153 τιθέασι,
3256 1078 3348 1147 τὰς
3374 1081 3660 1162 ἐκτροπὰς

2062 1168 2234 1226 καὶτὰ
2267 1167 2599 1242 διαστήματα
2629 1169 2905 1237 δηλοῦσαν.
2937 1167 3006 1225 Οἱ
3050 1168 3094 1226 δ’
3139 1169 3422 1245 ἀστυνόμοι
3465 1172 3540 1238 εἷς
3589 1170 3650 1239 ἓξ

2065 1256 2318 1322 πεντάδας
2339 1256 2626 1334 διῄρηνται·
2658 1254 2747 1313 καὶ
2771 1258 2817 1313 οἳ
2839 1254 2932 1331 μὲν
2955 1253 3021 1313 τὰ
3044 1255 3388 1336 δημιουργικὰ
3410 1264 3654 1317 σκοποῦ-

2064 1368 2163 1414 σιν,
2192 1348 2238 1402 οἲ
2278 1342 2330 1402 δὲ
2357 1342 2722 1422 ξενοδοχοῦσιν·
2766 1344 2854 1401 καὶ
2897 1342 2996 1423 γὰρ
3039 1344 3351 1422 καταγωγὰς
3379 1345 3641 1421 νέμουσι,

2067 1431 2155 1489 καὶ
2206 1432 2310 1498 τοῖς
2367 1431 2494 1509 βίοις
2552 1431 2999 1509 παρακολουθοῦσι
3031 1476 3045 1504 ,
3101 1431 3387 1511 παρέδρους
3432 1434 3644 1500 δόντες·

2068 1518 2158 1577 καὶ
2177 1517 2568 1599 προπέμπουσιν
2587 1516 2620 1589 ἢ
2647 1517 2860 1594 αὐτοὺς,
2884 1515 2918 1588 ἢ
2943 1517 3009 1575 τὰ
3031 1518 3282 1598 χρήματα
3310 1523 3411 1576 τῶν
3431 1521 3649 1579 ἀποθα-

2068 1606 2282 1664 νόντων·
2335 1604 2618 1663 νοσούντων
2664 1628 2719 1662 τε
2763 1605 3159 1681 ἐπιμελοῦνται,
3215 1605 3304 1662 καὶ
3347 1607 3649 1665 ἀποθανόν-

2071 1718 2161 1760 τας
2208 1693 2482 1753 θάπτουσι.
2565 1697 2616 1752 Τ
2619 1693 2746 1772 ρίτοι
2789 1694 2834 1750 δ’
2884 1691 3029 1764 εἷσὶν,
3069 1690 3117 1749 οἳ
3156 1691 3245 1758 τὰς
3280 1692 3505 1769 γενέσεις
3545 1693 3650 1752 καὶ

2072 1780 2318 1848 θανάτους
2369 1779 2693 1856 ἐξετάζουσι,
2735 1779 2857 1837 πότε
2907 1778 2996 1837 καὶ
3041 1784 3175 1850 πῶς,
3220 1783 3323 1838 τῶν
3368 1806 3424 1840 τε
3465 1783 3652 1864 φόρων

2072 1869 2245 1947 χάριν,
2270 1866 2360 1925 καὶ
2395 1868 2533 1934 ὅπως
2563 1865 2637 1945 μὴ
2669 1871 2877 1948 ἀφανεῖς
2910 1857 3008 1925 εἷεν
3039 1870 3092 1924 αἱ
3121 1868 3381 1947 κρείττους
3403 1870 3494 1928 καὶ
3521 1871 3645 1950 χεί-

2076 1979 2190 2029 ρους
2232 1954 2377 2032 γοναὶ
2397 2001 2412 2027 ,
2440 1955 2786 2038 καὶθοὶνατοι.
2829 1954 3084 2034 Τέταρτοι
3109 1957 3155 2012 οἱ
3182 1955 3300 2034 περὶ
3330 1954 3422 2023 τὰς
3461 1981 3652 2030 καπη·

2074 2043 2215 2101 λείας
2244 2042 2332 2100 καὶ
2360 2042 2677 2118 μεταὸολάς·
2700 2032 2772 2107 οἷς
2799 2041 2994 2120 μέτρων
3017 2040 3162 2120 με’λει
3182 2043 3392 2100 καὶτῶν
3413 2045 3650 2124 ὡραίων,

2075 2131 2213 2196 ὅπως
2243 2129 2345 2187 ἀπὸ
2374 2128 2644 2206 συσσήμου
2680 2132 2923 2191 πωλοῖτο.
2963 2132 3078 2189 Οὐκ
3119 2133 3228 2188 ἔστι
3266 2129 3320 2188 δὲ
3350 2132 3515 2189 πλείω
3551 2133 3647 2192 τὸν

2080 2216 2233 2273 αὐτὸν
2260 2217 2713 2290 μεταὸοἱλλεσθαι,
2755 2216 2888 2287 πλὴν
2922 2220 2963 2274 εἰ
2995 2216 3190 2284 διττοὺς
3234 2219 3510 2292 ὑποτελοίη
3549 2223 3649 2299 φό-

2079 2326 2211 2381 ρους.
2244 2302 2487 2379 Πέμπτοι
2513 2304 2557 2360 δ’
2586 2307 2632 2361 οἱ
2659 2307 2976 2383 προεστῶτες
3000 2308 3100 2362 τῶν
3129 2305 3647 2384 δημιουργουμένων,

2078 2391 2168 2447 καὶ
2209 2395 2497 2455 πωλοῦντες
2532 2396 2698 2448 ταῦτα
2745 2391 2847 2448 ἀπὸ
2894 2391 3199 2467 συσσήμου,
3239 2392 3400 2470 χωρὶς
3439 2393 3533 2469 μὲν
3577 2395 3650 2454 τὰ

2080 2477 2265 2553 καινὰ,
2313 2478 2471 2557 χωρὶς
2504 2475 2556 2535 δὲ
2591 2476 2657 2534 τὰ
2699 2476 2921 2535 παλαιά·
2962 2480 3034 2556 τῷ
3078 2476 3312 2554 μιγνύντι
3357 2479 3410 2536 δὲ
3453 2480 3650 2558 ζημία,

2078 2563 2265 2622 Ἕκτοι
2308 2563 2362 2621 δὲ
2391 2562 2480 2621 καὶ
2513 2563 2722 2622 ὕστατοι
2752 2566 2797 2621 οἱ
2836 2563 2926 2630 τὰς
2962 2565 3179 2630 δεκάτας
3209 2565 3505 2643 ἐκλέγοντες
3539 2571 3648 2626 τῶν

2081 2650 2445 2727 πωλουμένων·
2480 2651 2692 2718 θάνατος
2726 2651 2778 2709 δὲ
2815 2654 2888 2732 τῷ
2924 2651 3171 2733 κλέψαντι
3212 2656 3270 2710 τὸ
3307 2653 3471 2721 τέλος.
3512 2655 3648 2736 Ἰδία

2084 2740 2175 2815 μὲν
2228 2739 2436 2798 ἕκαστοι
2483 2745 2679 2813 ταῦτα,
2727 2745 2870 2819 κοινῇ
2932 2742 2976 2797 δ’
3022 2742 3388 2816 ἐπιμελοῦνται
3436 2745 3540 2802 τῶν
3585 2767 3646 2807 τε

2085 2827 2226 2884 ἰδίων
2284 2827 2373 2884 καὶ
2430 2831 2532 2884 τῶν
2602 2830 2879 2884 πολιτικῶν
2932 2827 3020 2884 καὶ
3069 2832 3159 2898 τῆς
3218 2831 3319 2886 τῶν
3373 2829 3642 2906 δημοσίων

2086 2919 2360 2985 ἐπισκευῆς
2384 2917 2545 2991 τιμῶν
2571 2915 2742 2973 τεκαὶ
2765 2919 2951 2994 ἀγορᾶς
2977 2913 3065 2974 καὶ
3089 2913 3331 2992 λιμένων,
3354 2917 3446 2976 καὶ
3467 2905 3644 3000 ἱερῶν.

2167 3002 2314 3062 Μετὰ
2336 3003 2389 3060 δὲ
2408 3000 2523 3067 τοὺς
2547 3002 2863 3079 ἀστυνόμους
2883 3003 3026 3082 τρίτη
3050 3003 3155 3061 ἐστὶ
3177 3003 3434 3085 συναρχία
3451 3008 3484 3075 ἡ
3499 3030 3574 3067 πε
3590 3004 3642 3084 pi

2085 3090 2164 3148 τὰ
2211 3090 2690 3170 στρατιωτικὰ,
2744 3090 2831 3148 καὶ
2872 3090 3002 3163 αὕτη
3051 3092 3159 3157 ταῖς
3205 3092 3449 3150 πεντᾶσιν
3483 3091 3643 3172 ἑξαχῗΙ

2089 3176 2429 3258 διωρισμένη·
2454 3169 2524 3236 ὧν
2555 3177 2664 3249 τὴν
2696 3177 2805 3257 μὲν
2833 3178 2962 3255 μετὰ
2983 3184 3072 3237 τοῦ
3093 3179 3353 3259 ναυάρχου
3374 3180 3644 3253 τάττουσι,

2086 3268 2197 3337 τὴν
2229 3266 2294 3324 δὲ
2326 3264 2458 3343 μετὰ
2494 3271 2582 3325 τοῦ
2613 3265 2701 3326 ἐπὶ
2733 3271 2833 3326 τῶν
2865 3270 3054 3345 βοϊκῶν
3087 3270 3299 3345 ζευγῶν,
3340 3268 3406 3326 δι’
3440 3259 3515 3328 ὧν
3556 3269 3647 3349 ὅρ-

2086 3376 2219 3427 γανα
2248 3350 2515 3421 κομίζεται
2543 3353 2634 3412 καὶ
2677 3352 2841 3434 τροφὴ
2870 3356 3040 3420 αὐτοῖς
3066 3377 3124 3412 τε
3167 3355 3258 3412 καὶ
3300 3363 3403 3421 τοῖς
3431 3354 3644 3425 κτήνεσι

2088 3439 2178 3498 καὶ
2202 3439 2268 3500 τὰ
2294 3440 2534 3521 χρήσιμα
2561 3445 2650 3511 τῆς
2673 3440 2964 3521 στρατείας.
2998 3432 3158 3502 Οὗτοι
3185 3441 3240 3499 δὲ
3268 3441 3356 3502 καὶ
3387 3441 3506 3509 τοὺς
3533 3445 3646 3501 δια-

2088 3526 2264 3595 κόνους
2303 3529 2589 3608 παρέχουσι
2631 3527 2990 3605 τυμπανιστὰς
3018 3528 3108 3586 καὶ
3139 3526 3290 3606 (τοὺς)
3331 3530 3644 3610 κωδωνοφό·

2090 3638 2241 3695 ρους,
2276 3615 2351 3674 ἔτι
2382 3614 2434 3674 δὲ
2478 3615 2567 3675 καὶ
2615 3616 2936 3693 ἱπποκόμους
2981 3616 3071 3674 καὶ
3126 3614 3504 3695 μηχανοποιοὺς
3550 3616 3646 3673 καὶ

2087 3703 2202 3769 τοὺς
2248 3703 2440 3762 τούτων
2474 3704 2759 3784 ὑπηρέτας·
2797 3704 3124 3781 ἐκπέμπουσί
3150 3728 3205 3763 τε
3234 3704 3354 3785 πρὸς
3396 3705 3638 3769 κώδωνας

2087 3790 2202 3856 τοὺς
2252 3791 2614 3870 χορτολόγους,
2669 3796 2794 3871 τιμῇ
2841 3791 2930 3850 καὶ
2981 3792 3194 3850 κολάσει
3247 3793 3300 3849 τὸ
3339 3790 3489 3868 τάχος
3529 3813 3637 3847 κα-

2087 3878 2520 3955 τασκευαζόμενοι
2563 3879 2652 3938 καὶ
2697 3878 2788 3950 τὴν
2832 3879 3137 3959 ἀσφάλειαν.
3173 3877 3394 3955 Τρίτοι
3424 3875 3478 3933 δέ
3509 3878 3637 3934 εἰσιν

2089 3969 2134 4024 οἱ
2176 3968 2276 4023 τῶν
2323 3970 2488 4035 πεζῶν
2543 3967 2967 4043 ἐπιμελούμενοι·
3010 3966 3318 4047 τέταρτοι
3363 3964 3403 4023 δ’
3447 3967 3493 4022 οἱ
3540 3968 3646 4023 τῶν

438 4131 488 4175 et
514 4128 823 4189 magistratus
853 4130 902 4177 et
929 4127 1108 4189 judicia
1141 4132 1187 4178 et
1218 4142 1376 4178 rerum
1409 4131 1624 4179 omnium
1662 4133 2007 4181 administratio
2093 4133 2589 4197 denastadialapiuem
2605 4136 2766 4185 locant
2778 4134 3069 4185 deverticula
3084 4139 3132 4184 et
3155 4135 3400 4185 distantias
3417 4132 3650 4183 indican-

438 4204 631 4266 geritur.
664 4208 769 4255 Non
796 4206 908 4255 lieet
930 4219 989 4255 ex
1017 4207 1111 4255 alio
1143 4220 1312 4268 genere
1341 4208 1389 4256 in
1408 4208 1535 4257 aliud
1561 4211 1866 4259 matrimonio
1887 4224 1999 4259 con-

444 4283 678 4333 trahendo
697 4284 923 4345 transire,
957 4288 1039 4333 aut
1058 4286 1118 4333 ab
1152 4288 1291 4334 unius
1324 4287 1509 4348 generis
1540 4287 1771 4338 institutis
1804 4289 1863 4338 ad
1886 4289 2010 4339 alius

443 4358 754 4423 descendere3
775 4374 930 4422 neque
960 4361 1101 4410 simul
1126 4363 1414 4424 pluribusse
1446 4363 1560 4414 dare
1592 4365 1885 4427 tractandis,
1917 4366 2005 4415 nisi

444 4435 755 4500 philosophus
772 4438 880 4499 quis
897 4438 980 4499 sit;
1005 4439 1117 4488 huic
1136 4439 1260 4489 enim
1286 4440 1348 4489 ob
1374 4440 1600 4491 virtutem
1620 4442 1912 4491 conceditur.

1132 4525 1199 4575 36
1267 4535 1316 4575 a.

506 4593 579 4641 De
611 4593 965 4655 magistratibus
999 4595 1077 4644 alii
1113 4608 1347 4657 annonae,
1376 4597 1455 4645 alil
1491 4597 1624 4660 urbi,
1659 4598 1736 4648 alii
1775 4597 2006 4648 militibus

453 4673 683 4731 praesunt.
754 4676 940 4723 Horum
973 4675 1115 4736 primi
1152 4678 1324 4725 curant
1354 4674 1582 4739 flumina,
1608 4678 1685 4727 alii
1708 4691 1874 4741 agrum
1903 4690 1998 4726 me-

452 4746 660 4809 tiuntur,
682 4750 737 4799 ut
768 4749 817 4799 in
836 4753 1064 4815 AEgypm,
1088 4752 1137 4802 et
1169 4752 1340 4803 clausis
1359 4766 1498 4817 aqua)
1521 4754 1745 4805 ductibus
1768 4757 2003 4818 praesunt,

453 4824 507 4873 ut
540 4836 600 4875 ex
633 4838 775 4889 aequo
801 4828 1023 4878 omnibus
1065 4842 1305 4892 aquarum
1342 4844 1457 4881 usus
1498 4831 1783 4895 suppeditet.
1856 4831 2004 4881 lidem

454 4902 738 4951 venatorum
756 4916 922 4954 curam
941 4909 1129 4968 gerunt,
1151 4910 1200 4956 et
1218 4908 1399 4970 praemii
1419 4911 1468 4958 et
1485 4909 1702 4971 supplicii
1723 4923 1808 4971 pro
1825 4908 2010 4957 meritis

453 4979 739 5039 potestatem
774 4980 978 5042 habent,
1016 4984 1065 5032 et
1100 4984 1279 5033 tributa
1305 4985 1469 5047 legunt
1504 4987 1553 5034 et
1593 4988 1717 5035 artes
1755 4986 2007 5047 inspiciunt

462 5068 577 5118 quae
596 5056 723 5105 circa
742 5058 918 5108 terram
934 5065 1235 5124 exercentur,
1255 5065 1491 5113 uteorum
1507 5065 1590 5126 qui
1606 5065 1727 5125 ligna
1745 5066 1818 5113 vel
1836 5064 2007 5112 domos

454 5132 534 5183 vel
555 5145 623 5183 ωε
639 5132 716 5182 vel
741 5136 932 5187 metalla
955 5145 1228 5199 operantur.
1264 5141 1533 5192 Confiriunt
1558 5142 1700 5192 etiam
1722 5141 1823 5191 vlas
1855 5143 1903 5191 et
1926 5154 2008 5203 per

2097 4216 2225 4264 tem„

2157 4288 2338 4338 Urbani
2360 4288 2520 4337 aediles
2542 4288 2591 4337 in
2613 4303 2696 4338 sex
2715 4289 3076 4351 quinterniones
3105 4293 3219 4339 sunt
3245 4288 3400 4339 divisi.
3421 4291 3546 4339 Nam
3565 4288 3646 4337 alii

2094 4366 2280 4428 opificia
2313 4365 2592 4428 inspiciunt,
2635 4366 2716 4417 alii
2747 4367 2985 4429 hospitum
3022 4366 3408 4429 procurationem
3442 4366 3647 4428 gerunt,

2096 4443 2296 4503 hospitia
2339 4442 2396 4491 iis
2430 4442 2748 4504 distribuunt,
2786 4445 2834 4494 et
2873 4443 3022 4493 vitam
3057 4456 3226 4493 eorum
3266 4441 3556 4503 observant,
3602 4446 3652 4492 et

2095 4521 2294 4570 asseclas
2322 4520 2378 4568 iis
2401 4518 2545 4581 dant,
2573 4521 2622 4569 et
2643 4519 2884 4570 deducunt
2906 4520 2982 4569 vel
3007 4518 3130 4581 ipsos
3152 4521 3228 4569 vel
3247 4557 3260 4580 ,
3284 4518 3322 4568 si
3362 4519 3644 4580 moriantur,

2094 4612 2205 4660 opes
2215 4610 2397 4646 eorum.
2411 4597 2759 4658 AEgrotantium
2779 4609 2972 4659 quoque
2985 4609 3152 4645 curam
3171 4596 3348 4647 liabent
3367 4599 3415 4645 et
3434 4599 3650 4646 mortuos

2094 4675 2342 4737 sepeliunt.
2406 4674 2554 4728 Tertii
2572 4676 2684 4724 sunt
2702 4674 2785 4738 qui
2803 4676 2938 4725 ortus
2956 4681 3004 4725 et
3025 4674 3212 4725 obitum
3230 4675 3411 4737 civium,
3431 4676 3649 4725 scrutan-

2093 4754 2190 4814 tur,
2224 4748 2414 4815 quando
2438 4754 2484 4802 et
2508 4751 2748 4815 quomodo
2765 4753 3034 4815 evenerint;
3055 4752 3198 4815 idque
3221 4752 3518 4803 tributorum
3538 4765 3649 4814 gra·

2092 4828 2192 4889 tia,
2256 4831 2304 4878 et
2335 4844 2394 4879 ne
2417 4828 2527 4880 boni
2547 4827 2723 4880 malive
2740 4830 2963 4881 nativitas
2983 4833 3031 4878 et
3059 4843 3187 4879 mors
3211 4830 3408 4879 lateant.
3476 4829 3648 4886 Quarti

2096 4907 2220 4956 cirea
2244 4919 2484 4969 cauponas
2515 4910 2563 4957 et
2580 4908 2868 4957 commercia
2893 4910 3160 4957 versantur.
3225 4907 3284 4956 Hi
3311 4920 3649 4957 mensurarum

2098 4987 2381 5049 frugumque
2399 5001 2562 5037 miram
2581 4987 2757 5038 habent
2773 5025 2788 5050 ,
2818 4988 2874 5036 ut
2892 4988 3162 5049 consignata
3181 4986 3472 5047 vendantur,
3494 5001 3652 5050 neque

2094 5067 2252 5115 sinant
2276 5066 2480 5116 eundem
2505 5068 2638 5130 plura
2656 5069 2979 5127 commutare,
2999 5066 3084 5116 nisi
3103 5065 3283 5127 duplex
3306 5066 3510 5127 vectigal
3541 5080 3650 5129 per·

2093 5143 2263 5193 solvat.
2329 5143 2496 5203 Quin—ti
2532 5144 2751 5208 operibus
2781 5143 2993 5195 locandis
3027 5145 3269 5206 praesunt,
3305 5155 3364 5192 ea
3399 5142 3654 5207 obsignata
