4016 5916
1660 392 2158 456 FRAGMENTA.

395 537 612 590 Primos
638 535 773 590 duos
814 549 971 604 reges
1009 528 1160 603 apud
1190 528 1611 583 Eratosthenem
1650 537 1707 580 et
1747 525 1869 582 Ma·

320 623 626 679 nethonem
646 619 990 696 respondere
1025 616 1131 672 sibi
1158 614 1484 670 nominibus
1512 613 1871 685 numerisque

316 721 489 783 patet.
514 711 769 766 Duorum
786 721 1063 763 annorum
1083 699 1398 757 differentia
1417 700 1476 755 in
1498 715 1680 774 regno
1690 698 1867 754 Atho·

322 797 430 852 this
456 796 609 853 haud
630 791 956 871 premenda.
983 819 1061 834 —-
1084 787 1243 845 Idem
1269 788 1418 844 valet
1443 786 1515 841 de
1545 787 1704 842 annis
1727 787 1874 862 regis

319 888 493 939 tertii.
510 881 678 956 Quod
690 879 1079 938 Eratosthenes
1096 893 1274 930 annos
1291 873 1389 948 32,
1405 874 1671 930 Manetho
1696 891 1874 930 annos

326 968 394 1025 31
432 971 485 1026 ei
513 968 741 1038 tribuit,
766 968 843 1022 ita
881 960 1302 1039 explicandum,
1333 971 1399 1016 ut
1423 961 1483 1015 in
1516 960 1874 1017 monimentis

324 1055 594 1132 AEgyptiis
632 1049 793 1111 datos
818 1054 869 1109 ei
908 1060 1212 1107 statuamus
1246 1066 1424 1104 annos
1452 1048 1519 1103 31
1569 1056 1624 1104 et
1658 1065 1875 1104 menses

324 1145 511 1200 nescio
556 1152 716 1215 quot.
748 1141 929 1211 Quem
965 1155 1266 1192 numerum
1305 1136 1445 1192 alter
1473 1134 1550 1191 ad
1581 1135 1645 1191 31
1667 1176 1685 1206 ,
1733 1135 1875 1192 alter

323 1228 400 1285 ad
429 1227 499 1284 32
523 1245 699 1284 annos
712 1242 977 1282 revocare
998 1224 1206 1299 potuit.
1228 1224 1534 1280 Nominum
1558 1221 1874 1278 differentia

323 1334 441 1371 non
484 1314 760 1371 miranda.
802 1314 945 1368 Nam
994 1329 1165 1385 quem
1203 1311 1593 1366 Eratosthenes
1632 1310 1876 1384 appellat

323 1401 626 1459 Athotliem
653 1401 947 1457 secundum
965 1440 980 1468 ,
1003 1401 1049 1454 is
1066 1407 1129 1454 ιιι
1153 1417 1185 1453 a
1207 1398 1402 1471 priore
1424 1414 1554 1471 rege
1579 1396 1876 1472 distingue·

323 1500 499 1559 retur,
532 1505 849 1563 cognomen
872 1486 1083 1541 habere
1125 1483 1350 1552 debuit;
1382 1501 1697 1558 cognomen
1736 1501 1875 1540 vero

323 1577 497 1632 hocce
542 1585 660 1632 erat
702 1575 1012 1642 Kencenes,
1062 1570 1339 1646 siquidem
1386 1571 1717 1645 incorrupta
1762 1589 1875 1627 vox

320 1674 437 1733 est,
466 1680 651 1737 neque
678 1660 1023 1719 exarandum
1048 1659 1238 1734 potius
1268 1677 1284 1714 ε
1314 1657 1650 1714 ᾗεπ-οήε-ιυ
1688 1655 1877 1732 (Kon-

322 1747 559 1824 charis).
584 1779 663 1792 —-
684 1750 904 1805 Nomen
914 1751 1100 1823 quarte·
1120 1745 1265 1820 regis
1276 1745 1681 1800 Eratosthenici
1704 1743 1874 1820 (Mm-

326 1839 468 1906 bies;
500 1839 579 1894 sic
593 1838 745 1893 enim
765 1834 1124 1893 scribendum
1136 1850 1244 1908 pro
1263 1828 1501 1908 Διαὸιῆς,
1523 1831 1682 1906 quod
1701 1831 1873 1889 codd.

324 1923 607 2000 praebent)
641 1923 943 1999 respondet
963 1921 1213 1979 Miebt'do
1236 1939 1283 1976 s.
1312 1921 1563 1976 Miebaoe
1584 1920 1878 1975 Manetho-

325 2014 426 2069 nis.
473 2013 769 2068 Annorum
796 2012 1016 2066 numeri
1061 2009 1266 2066 diversi
1310 2019 1456 2065 sunt.
1499 2007 1666 2064 Haud
1707 2008 1879 2064 dubie

327 2107 515 2156 autem
559 2099 937 2155 Eratosthenis
975 2098 1109 2153 anni
1152 2113 1221 2171 ¹9
1263 2096 1437 2151 latent
1480 2086 1545 2149 in
1568 2095 1727 2149 annis
1767 2112 1841 2149 ao
1858 2136 1874 2164 ,

328 2204 471 2260 qnos
493 2185 758 2241 Manetho
788 2184 983 2240 tribuit
1006 2183 1125 2259 regi
1153 2183 1354 2255 quinto
1397 2180 1746 2254 Usaphaido.
1770 2184 1878 2237 Ve-

328 2290 424 2328 rus
448 2289 716 2328 numerus
755 2271 923 2326 fuerit
965 2280 1135 2344 19¹1„
1173 2270 1338 2325 sicuti
1386 2269 1536 2324 tertii
1577 2268 1723 2343 regis
1748 2268 1879 2323 anni

333 2359 539 2414 fuerint
560 2357 632 2414 30
649 2368 730 2426 ¹l,.
751 2359 905 2430 Quos
920 2357 1313 2414 Eratosthenes
1337 2357 1625 2412 revocavit
1643 2354 1713 2411 ad
1742 2375 1759 2410 ι
1773 2373 1810 2429 9
1825 2366 1880 2411 et

332 2446 405 2502 32
438 2444 543 2523 (ε
593 2441 1014 2523 5ι),Μαιιει1ιο
1053 2443 1126 2501 ad
1159 2463 1232 2500 ao
1260 2455 1318 2501 et
1341 2444 1407 2500 31
1445 2443 1559 2519 (=
1608 2442 1747 2519 51).
1799 2474 1873 2488 —

330 2535 570 2606 Que'neus
616 2551 715 2590 rex
776 2530 1149 2590 Eratosthenis
1197 2531 1534 2609 (Pemphos)
1578 2531 1880 2607 respondet

331 2632 531 2678 octavo
579 2621 931 2678 Manethonis
972 2619 1393 2700 (Semempses).
1438 2623 1580 2678 Nam
1616 2639 1881 2678 numerus

332 2727 613 2766 annorum
643 2708 795 2765 idem
816 2719 898 2765 est
923 2708 1078 2785 apud
1099 2719 1404 2783 utrumque
1422 2751 1438 2779 ,
1478 2726 1663 2781 neque
1690 2710 1879 2764 nomi-

336 2799 420 2852 nis
441 2809 521 2853 est
547 2816 669 2872 quae
695 2795 875 2852 videri
904 2797 1077 2870 possit
1097 2794 1403 2853 diversitas».
1432 2796 1571 2851 Nam
1591 2813 1699 2869 pro
1728 2797 1882 2851 Pem-

332 2885 474 2960 phos
489 2883 848 2941 scribendum
871 2901 984 2939 esse
1007 2884 1264 2957 Sempsos
1295 2880 1464 2937 docet
1490 2882 1880 2954 interpretatio

332 2974 602 3043 nominis3
628 2972 785 3046 quod
808 2990 985 3046 quum
1003 2988 1180 3045 graeee
1201 2987 1405 3025 sonare
1431 2968 1581 3025 dieat
1603 2963 1880 3047 Ἡρακλεί-

337 3060 444 3129 δης,
459 3060 620 3115 initio
631 3059 873 3114 nominis
890 3058 1201 3131 requiritur
1215 3056 1344 3113 Sem
1365 3055 1589 3133 (Chora,
1621 3055 1845 3113 Chonsu
1860 3078 1880 3113 .-

338 3144 661 3221 Hercules),
682 3146 843 3200 sicuti
861 3146 923 3200 in
947 3144 1176 3199 nomine
1204 3145 1349 3219 regis
1368 3143 1441 3199 26
1470 3142 1880 3217 :Semplmcra-

338 3243 442 3299 tes,
494 3227 527 3287 8
564 3230 701 3287 ἐστιν
747 3227 1015 3308 Ἡρακλῆς
1047 3226 1424 3307 Ἁρποκράτης.
1469 3230 1729 3305 Denique
1773 3248 1882 3306 pro

335 3317 607 3393 Sempkos
641 3318 845 3373 rectius
881 3318 1046 3394 etiam
1076 3319 1363 3392 scripseris
1397 3316 1678 3393 Sempsos,
1704 3318 1886 3390 ,quod

337 3403 773 3460 Manethoniano
817 3404 1158 3479 Semempses
1195 3404 1396 3460 eodem
1434 3404 1609 3460 modo
1651 3422 1886 3479 respon-

338 3491 527 3562 deret,
558 3508 672 3565 quo
697 3492 962 3566 Rampses
987 3491 1292 3565 respondet
1333 3491 1548 3548 nomini
1573 3493 1880 3553 Ramesses.

338 3579 406 3637 V.
426 3578 753 3651 Jablonsky.
774 3596 862 3653 ap.
882 3578 1109 3654 Vignol.
1141 3579 1352 3635 Chron.
1376 3580 1434 3634 11
1449 3621 1466 3649 ,
1489 3597 1550 3653 p.
1580 3578 1715 3654 739.

414 3664 586 3737 Quod
627 3666 824 3721 attinet
858 3666 1208 3721 Manethonis
1246 3685 1404 3741 reges
1456 3678 1594 3742 tres,
1641 3685 1886 3742 quorum

339 3753 494 3808 nulla
516 3751 668 3827 apud
687 3754 1110 3810 Eratosthenem
1128 3755 1339 3809 mentio
1367 3752 1460 3823 fit,
1483 3771 1578 3810 eos
1596 3765 1694 3810 aut
1719 3756 1885 3811 simul

341 3859 471 3897 cum
486 3851 690 3914 quarto
704 3859 836 3916 rege
852 3841 1229 3897 Eratosthenis
1249 3860 1503 3918 regnasse
1517 3843 1682 3899 statui
1694 3844 1885 3916 possit,

336 3942 434 3986 aut
460 3928 591 3985 ideo
611 3948 643 3984 a
673 3930 1012 3986 Manethone
1046 3943 1515 3987 commemoratos
1541 3947 1683 4002 mse,
1712 3942 1775 3987 ut
1802 3930 1887 3986 di-

339 4028 506 4071 versae
555 4036 679 4089 quae
724 4025 902 4072 essent
945 4015 1018 4072 de
1056 4017 1378 4073 nominibus
1429 4018 1699 4091 annisque
1743 4018 1890 4093 regis

338 4103 525 4174 quarti
558 4102 887 4159 traditiones
913 4101 1313 4161 indicarentur.
1351 4107 1433 4159 Ac
1455 4104 1734 4178 posterior
1760 4106 1889 4178 qui-

342 4188 471 4243 dem
511 4191 779 4245 sententia
820 4208 887 4245 eo
931 4191 1287 4246 commendat
1320 4207 1406 4258 se,
1457 4189 1614 4263 quod
1657 4193 1889 4247 nomina

342 4277 488 4350 regis
513 4278 716 4348 quarti,
738 4278 921 4351 quinti
957 4289 1013 4332 et
1041 4279 1222 4333 octavi
1253 4275 1342 4352 (4.
1378 4277 1671 4351 Uenephes
1694 4296 1739 4337 s.
1770 4280 1888 4335 Va-

344 4361 623 4436 teneplu's5
644 4360 697 4420 5.
721 4362 1015 4437 Usaphaes
1037 4382 1085 4422 s.
1108 4362 1485 4438 Usaphaidos;
1514 4361 1567 4418 8.
1585 4363 1891 4422 Bieneches

344 4447 694 4525 [Bienephes
719 4467 789 4505 ex
812 4449 963 4506 facili
996 4451 1415 4552 permutatione
1442 4451 1551 4505 litt.
1582 4470 1621 4527 χ
1656 4461 1714 4508 et
1745 4450 1818 4529 φ]
1843 4471 1886 4510 s.

339 4534 603 4591 BIenthes
621 4554 664 4593 s.
685 4538 741 4589 V
738 4532 949 4613 thes-tes)
967 4539 1189 4593 nonnisi
1202 4538 1365 4593 variae
1381 4536 1628 4608 ejusdem
1648 4541 1891 4597 nominis

341 4622 535 4678 formae
575 4641 687 4680 esse
712 4622 1010 4694 videntur,
1040 4624 1187 4680 inter
1216 4641 1392 4698 regna
1431 4622 1668 4680 Miebidi
1703 4635 1889 4682 autem

337 4720 397 4766 et
422 4710 721 4767 Bieneches
746 4710 1141 4787 cognationem
1159 4708 1442 4784 quandam
1467 4709 1817 4767 traditionis
1801 4731 1888 4767 m·

344 4796 632 4853 tercedere
654 4797 787 4853 anni
810 4794 885 4853 26
901 4836 919 4865 ,
957 4798 1056 4870 qui
1084 4797 1373 4869 utriusque
1399 4813 1576 4872 regno
1611 4799 1885 4873 assignan-

258 4902 262 4908 ·
340 4892 450 4951 tur,
477 4883 854 4940 subindicant.
880 4882 967 4940 Cf.
997 4882 1166 4941 infra.

417 4970 615 5043 Itaque
655 4971 702 5025 si
724 4970 1155 5045 chronologicas
1196 4970 1442 5026 rationes
1463 4981 1696 5044 spectas,
1745 4973 1889 5027 Era-

343 5048 646 5104 tosthenica
673 5058 730 5104 et
784 5048 1216 5105 Manethoniana
1257 5048 1653 5124 componenda
1705 5049 1891 5106 forent

339 5134 417 5190 sic
446 5153 460 5188 :

3388 409 3496 462 5⁴1

2037 639 2355 688 ERiTosTn
2363 641 2530 689 ENES.

2217 759 2293 795 ¹-
2313 760 2361 798 v·
2641 703 3041 752 MANETHOMS
3075 707 3382 755 DYNAS‘HA
3417 709 3454 756 Ι.

2358 1085 2369 1097 .
2490 1051 2549 1096 59
2613 1051 2656 1093 2.
2691 1043 2930 1095 Athothis.

2125 1139 2356 1190 Athothes
2370 1143 2426 1191 ΙΙ.
2490 1144 2548 1187 32
2610 1144 2657 1186 3.
2694 1135 3208 1188 Athothis-Keukenes.

2497 1234 2551 1280 19
2611 1236 2656 1278 5.
2691 1228 2933 1292 Usaphaes
2955 1228 3314 1292 (LUeneplias).
3406 1237 3460 1280 21

2611 1325 2656 1370 4.
2690 1321 2938 1384 Uenephes
3284 1329 3342 1374 23
3373 1319 3377 1324 ’

2609 1419 2655 1463 6.
2691 1411 3233 1476 Miebaes(h1iebidos).
3285 1421 3344 1465 πθ

2609 1513 2654 1556 8.
2675 1505 2927 1557 Bieneches
2945 1505 3256 1569 (Bienephes).
3285 1513 3342 1557 26

2045 1951 2194 2006 Num
2227 1951 2344 2025 ipse
2377 1952 2641 2007 Manetho
2684 1953 2757 2006 ita
2788 1971 2904 2006 rem
2962 1954 3314 2027 exposuerit,
3367 1973 3524 2011 sane-

1970 2056 2138 2112 quam
2175 2037 2377 2094 dubito
2400 2058 2416 2107 ;
2466 2039 2695 2111 ipseque
2722 2038 3028 2093 Bunseuius
3052 2037 3330 2095 dubitasse
3356 2041 3523 2097 vide-

1972 2136 2063 2179 tur
2099 2144 2162 2199 p.
2191 2124 2287 2200 37,
2314 2126 2416 2181 ubi
2448 2125 2613 2195 dicit,
2648 2124 2926 2198 siquidem
2955 2127 3206 2182 criticam
3229 2125 3301 2182 ad
3338 2128 3523 2183 histo-

1969 2215 2110 2269 riam
2134 2213 2382 2269 attulerit
2408 2223 2623 2285 auctor,
2653 2230 2771 2268 non
2792 2211 2905 2268 253
2941 2210 3053 2287 (vel
3076 2213 3245 2289 263),
3272 2213 3370 2270 sed
3415 2215 3523 2272 188

1970 2319 2146 2357 annos
2171 2302 2367 2375 primae
2395 2300 2658 2374 dynastiae
2685 2299 3071 2374 assignandos,
3109 2302 3197 2356 vel
3248 2310 3396 2357 certe
3432 2302 3525 2358 al-

1970 2399 2152 2443 terum
2171 2407 2465 2444 numerum
2472 2386 2631 2460 Juxta
2645 2388 2880 2444 alterum
2894 2387 3314 2444 memorandam
3336 2387 3525 2459 fuisse3

1969 2474 2172 2556 quodsi
2211 2494 2349 2531 vero
2380 2476 2546 2530 etiam
2574 2475 2739 2530 aliter
2783 2475 3043 2534 Manetho
3070 2476 3272 2550 egerit,
3313 2475 3526 2531 sontem

1971 2573 2189 2635 tamen,
2213 2562 2365 2620 unde
2386 2579 2485 2618 sua
2502 2562 2745 2636 scriptor
2766 2561 3040 2633 hauserit,
3071 2552 3147 2618 eo‘
3169 2579 3285 2636 quo
3310 2559 3526 2617 dictum

1970 2662 2050 2707 est
2075 2652 2250 2708 modo
2279 2670 2399 2707 rem
2425 2650 2662 2706 voluisse
2685 2650 2944 2726 intelligi.

2051 2740 2137 2794 De
2155 2740 2387 2813 singulis
2443 2736 2667 2809 regibus
2719 2753 2740 2790 .·
2777 2754 2828 2792 1.
2870 2737 3086 2794 Mene-5.
3136 2737 3358 2792 Nomen
3410 2737 3526 2809 ejus

1971 2823 2224 2903 (MeNA)
2257 2826 2461 2900 legitur
2491 2826 2551 2878 in
2572 2825 2873 2879 Ramasseo
2924 2823 3162 2878 Thebaeo
3180 2864 3198 2894 ,
3231 2824 3331 2879 ubi
3365 2825 3528 2880 seriei

1971 2912 2194 2969 cuidam
2234 2930 2434 2988 regum
2489 2929 2698 2967 nomen
2723 2911 2898 2967 Menis
2924 2907 3233 2986 praefigitur
3271 2909 3368 2986 (V.
3404 2913 3517 2968 Ro-

1969 3001 2091 3061 sell.
2116 3002 2274 3059 Mon.
2306 3013 2438 3059 stor.
2473 3010 2611 3055 tom.
2645 3001 2702 3068 Ι,
2730 3017 2790 3073 p.
2829 2999 2935 3054 123
2972 3009 3030 3055 et
3059 3017 3120 3072 p.
3161 2999 3269 3054 136
3293 2998 3346 3075 ),
3380 3009 3436 3055 et
3470 3000 3531 3054 in

1972 3088 2281 3165 fragmento
2305 3088 2856 3164 PapyriTurinensis.
2887 3085 2971 3143 Cf.
3013 3085 3240 3146 Boeckh.
3273 3105 3332 3161 p.
3383 3085 3528 3158 2083

1972 3179 2209 3236 Bunsen.
2239 3177 2331 3245 11,
2357 3195 2419 3251 p.
2456 3174 2552 3242 45.
2587 3176 2808 3231 Nomen
2847 3172 3245 3229 deducendum
3290 3192 3322 3229 a
3349 3172 3527 3229 verbo

1972 3285 2111 3335 men,
2155 3266 2194 3325 i.
2214 3283 2265 3322 e.
2292 3266 2540 3332 condere,
2554 3264 2822 3336 firmare,·
2847 3260 3236 3320 Eratosthenes
3253 3262 3531 3335 interpre-

1975 3365 2122 3410 tatur
2145 3372 2160 3409 ι
2192 3349 2427 3423 αἰώνιος,
2451 3362 2705 3408 aeternus.
2732 3351 2815 3405 De
2842 3348 3046 3405 Graecis
3070 3348 3312 3405 nominis
3339 3347 3532 3405 formis

1971 3461 2028 3500 v.
2059 3460 2201 3515 quos
2221 3441 2414 3497 laudat
2437 3439 2617 3495 Baehr.
2654 3436 2725 3494 ad
2755 3435 3033 3493 Herodot.
3058 3437 3143 3506 11,
3169 3441 3228 3506 4,
3254 3454 3315 3510 p.
3347 3436 3483 3503 483.

2053 3527 2136 3586 De
2163 3532 2325 3585 Mene
2367 3525 2702 3599 Memphidis
2742 3523 3040 3579 conditore
3066 3522 3373 3595 templique
3416 3525 3531 3579 He·

1973 3617 2168 3691 phaesti
2217 3625 2564 3672 exstructore
2609 3611 2739 3668 vide
2779 3609 3063 3666 Herodot.
3105 3611 3162 3664 II
3180 3651 3196 3679 ,
3228 3628 3331 3683 99,
3377 3610 3533 3683 cujus

1977 3706 2359 3761 narrationem
2384 3700 2659 3758 dilucidat
2688 3697 3011 3766 Bunsenius,
3043 3698 3138 3769 qui
3162 3698 3382 3752 Menem
3412 3698 3534 3771 pri-

1976 3811 2130 3847 mum
2153 3791 2285 3848 This
2314 3789 2472 3845 urbis
2497 3786 2838 3862 principem,
2868 3782 3074 3839 deinde
3103 3784 3273 3839 totius
3301 3783 3532 3859 AEgypti

1976 3896 2164 3953 regem
2186 3877 2350 3933 fuisse
2371 3876 2587 3944 statuit,
2617 3875 2695 3929 ita
2710 3883 2777 3928 ut
2789 3872 2918 3927 anni
2936 3870 3092 3945 regni
3109 3871 3392 3945 sexaginta
3413 3871 3529 3928 duo

1977 3965 2144 4019 etiam
2172 3980 2237 4020 ea
2268 3974 2524 4037 tempora
2564 3960 2770 4035 quibus
2794 3958 3018 4014 nonnisi
3039 3958 3232 4030 patriae
3270 3958 3533 4032 princeps

1976 4044 2166 4125 flierit,
2188 4048 2685 4126 comprehendant.
2696 4047 2932 4123 Regiam
2941 4063 3078 4100 vero
3098 4045 3320 4101 Menem
3330 4046 3391 4099 in
3404 4045 3534 4102 This

1978 4136 2122 4194 urbe
2154 4137 2439 4207 habuisse,
2471 4155 2647 4211 quum
2667 4134 2815 4192 filius
2833 4133 3059 4190 demum
3082 4130 3343 4189 Athothis
3364 4132 3534 4188 Mem·

1975 4223 2164 4299 phidis
2204 4221 2443 4303 βασίλεια
2475 4221 2821 4280 exstruxerit.
2860 4251 2939 4263 —
2981 4218 3130 4275 Num
3175 4216 3410 4290 denique
3459 4218 3531 4274 ab

1976 4311 2386 4388 hippopotamo
2401 4312 2725 4387 primusrex
2742 4307 3038 4365 devoratus
3057 4322 3163 4362 esse
3186 4315 3331 4362 recte
3342 4304 3535 4379 perhi-

1976 4398 2195 4472 beatur,
2227 4397 2474 4468 dubitat,
2500 4416 2676 4472 quum
2706 4396 2864 4470 signa
2886 4391 3306 4467 hieroglyphica
3337 4410 3538 4466 perpe-

1977 4503 2100 4541 ram
2118 4486 2389 4542 intellecta
2406 4503 2594 4542 ansam
2613 4481 2906 4541 traditioni
2924 4481 3057 4536 huic
3086 4479 3290 4535 dedisse
3307 4479 3537 4534 videan-

1980 4570 2180 4653 tur-(v.
2222 4591 2354 4649 pag.
2397 4573 2509 4644 62,
2554 4572 2658 4629 ubi
2687 4570 2928 4627 aliorum
2970 4585 3196 4642 quoque
3236 4565 3302 4621 de
3328 4565 3433 4622 hac
3475 4583 3535 4623 ro

1976 4661 2261 4719 sententias
2277 4659 2487 4717 indicat
2499 4660 2518 4737 )
2528 4701 2542 4716 .

2060 4766 2115 4803 a.
2170 4745 2429 4804 Athotht‘s
2467 4765 2670 4803 nomen
2701 4756 2832 4821 post
2857 4742 3066 4801 Menam
3105 4744 3235 4800 item
3266 4750 3537 4799 memorat

1976 4854 2225 4911 papyrus
2262 4835 2574 4891 ‘rufinensis
2620 4831 2698 4910 (A
2735 4833 2855 4889 Te‘r
2880 4832 2966 4888 vel
3005 4827 3174 4908 TeT).
3220 4830 3536 4886 Restituun-

1980 4923 2117 4980 dum
2140 4922 2509 4999 probabiliter
2533 4921 2843 4977 Bunsenius‘
2855 4928 3031 4976 censet
3047 4917 3199 4992 apud
3222 4917 3424 4972 AElian.
3454 4916 3533 4977 Η.

1982 5014 2054 5068 A.
2083 5011 2197 5081 XI,
2248 5015 2358 5080 4ο,
2385 5009 2489 5065 ubi
2519 5027 2535 5066 ε
2565 5004 2723 5086 Λέγει
2747 5003 2802 5064 δὲ
2826 5007 2855 5063 δ
2880 5004 3030 5071 αὗτὸς
3060 5004 3162 5081 (sc.
3194 5000 3414 5078 Ἀπίων)
3442 5001 3535 5062 καὶ

1985 5092 2124 5154 κατὰ
2150 5094 2236 5153 τὸν
2277 5094 2464 5156 ornan
2490 5095 2560 5172 (l.
2594 5095 2712 5152 κατ’
2748 5090 3021 5167 Ἀτώθιδα)
3051 5091 3138 5150 τὸν
3171 5088 3395 5163 Μήνιδος
3433 5091 3532 5167 βα-

1984 5182 2250 5242 σιλεύοντα
2294 5182 2563 5263 δικέφαλον
2594 5180 2810 5261 γέρανον
2846 5184 3102 5261 φανῆναι,
3145 5177 3233 5236 καὶ
3263 5178 3532 5248 tuoni-{cat
