4016 5916
1643 397 2148 459 FRAGMENTA.

309 533 422 587 vita
456 529 510 587 ei
548 531 920 605 suppetiisset.
958 530 1039 585 Ac
1077 530 1205 584 talia
1247 530 1496 585 retulisse
1531 529 1861 604 Cratippum

308 618 576 693 equidem
599 619 841 674 libenter
868 617 1176 673 crederem.
1202 618 1277 673 At
1293 618 1466 687 hanc,
1495 635 1664 691 quam
1691 619 1863 673 verba

309 704 561 781 flagitare
603 705 889 775 videntur,
918 705 1438 779 interpretationem
1483 704 1716 776 rejicere
1758 723 1860 760 co·

305 803 450 867 gunt
505 810 631 866 quae
668 790 1043 864 subjiciuntur
1102 809 1117 845 ε
1164 791 1453 845 orationes
1488 790 1859 865 Thucydidis,

307 879 583 953 Cratippo
608 877 831 950 judice,
849 878 1155 934 lectoribus
1191 877 1448 933 molestas
1472 895 1620 948 esse,
1651 881 1866 953 ipsum-

306 984 422 1040 que
439 967 769 1022 historicum
783 1007 799 1035 ,
831 964 1035 1021 eodem
1071 964 1340 1038 Cratippo
1361 976 1620 1033 auctore,
1646 965 1706 1020 id
1731 983 1861 1038 per·

307 1054 549 1127 spexisse
561 1051 808 1126 ideoque
824 1054 883 1107 in
893 1063 1182 1127 postremo
1195 1050 1345 1105 libro
1360 1050 1539 1105 nullas
1552 1051 1864 1107 exhibuisse

307 1141 614 1195 orationes.
640 1139 840 1212 Itaque
864 1139 1037 1194 verba
1062 1157 1077 1193 ε
1109 1126 1182 1194 ὧν
1217 1132 1589 1215 προνοούμενος
1612 1148 1718 1193 etc.
1751 1138 1864 1193 hoc

306 1227 415 1282 sibi
442 1226 676 1296 volunt,
707 1238 998 1283 auctorem
1037 1225 1340 1282 conciones
1369 1234 1427 1280 et
1453 1225 1738 1299 colloquia
1766 1244 1863 1281 ce-

307 1324 568 1368 terorum
613 1332 846 1387 quoque
881 1312 1159 1368 librorum
1196 1311 1385 1372 delere
1433 1312 1703 1381 voluisse,
1747 1329 1863 1385 quo

299 1400 516 1455 scilicet
543 1419 687 1475 opus
715 1418 875 1455 suum
896 1399 1226 1457 absolveret.
1268 1397 1378 1454 Sed
1413 1399 1536 1471 quis
1561 1398 1707 1453 hanc
1732 1416 1864 1453 sen-

301 1488 540 1543 tentiam
582 1488 672 1545 his
696 1488 885 1543 verbis
917 1486 1146 1543 efferat?
1173 1485 1571 1543 Confusionem
1594 1487 1687 1541 hic
1726 1486 1864 1540 mihi

297 1574 502 1631 videre
528 1575 749 1646 videor,
775 1593 898 1649 quae
919 1575 1011 1630 vel
1048 1575 1167 1631 sola
1204 1592 1328 1647 quae
1365 1573 1561 1629 rhetor
1585 1572 1754 1628 tradit
1783 1592 1866 1628 su·

294 1672 496 1734 specta
521 1661 709 1718 faciat.
741 1663 859 1718 Nec
895 1678 1097 1717 vereor
1125 1679 1196 1716 ne
1234 1661 1359 1734 quis
1396 1660 1500 1715 sibi
1526 1660 1864 1735 persuadere

295 1749 582 1823 patiatur,
606 1766 806 1804 revera
836 1746 1224 1821 Thucydidun
1257 1745 1329 1802 de
1366 1746 1715 1802 orationibus
1756 1748 1868 1801 suis

298 1834 565 1891 delendis
594 1836 888 1911 cogitasse,
916 1854 1092 1909 quum
1129 1845 1371 1904 veteres,
1406 1833 1599 1907 quoad
1634 1833 1865 1908 quidem

299 1921 571 1977 libertate
613 1920 973 1990 fruebantur,
1016 1921 1116 1976 has
1152 1921 1223 1977 ab
1267 1920 1512 1976 historiis
1549 1921 1734 1976 abesse
1772 1919 1862 1975 vix

299 2008 581 2063 tulissent.
607 2011 692 2065 Ac
717 2010 762 2064 si
781 2010 908 2082 quis
928 2009 1096 2063 nimia
1112 2050 1127 2077 ,
1155 2026 1324 2083 quam
1339 2007 1608 2082 plerique
1632 2006 1704 2063 de
1726 2008 1865 2062 Dio-

299 2096 466 2168 nysio
495 2095 739 2166 habent,
777 2092 1312 2171 opinioneductus,
1339 2095 1494 2151 hunc
1525 2113 1642 2150 non
1670 2095 1866 2150 falsum

302 2201 423 2239 mse
444 2182 784 2254 contendat,
813 2183 912 2239 sed
931 2184 990 2238 in
1006 2182 1275 2258 Cratippo
1295 2202 1419 2256 quae
1442 2182 1616 2238 refert
1642 2184 1833 2258 legisse
1846 2225 1865 2259 ‚

302 2272 640 2345 Cratippum
679 2289 787 2346 ego
831 2289 964 2326 vera
1005 2270 1320 2345 prodidisse
1354 2288 1560 2345 negare
1605 2269 1861 2326 audeam.

301 2357 420 2415 Sed
445 2359 544 2433 qui
566 2377 697 2434 qnae
717 2358 790 2415 de
814 2359 1089 2432 Dionysio
1115 2358 1265 2414 dicta
1290 2367 1419 2413 sunt
1440 2357 1532 2433 (p.
1570 2355 1679 2412 255
1711 2356 1859 2433 sqq.)

293 2445 735 2515 animadvertit,
768 2465 897 2502 eum
922 2446 1088 2517 hujus
1127 2463 1384 2501 errorem
1401 2445 1622 2500 subesse
1643 2463 1864 2500 mecum

306 2533 758 2589 existimaturum
785 2533 1053 2589 arbitror.
1099 2557 1123 2582 n
1172 2531 1291 2610 (Cf.
1318 2532 1480 2587 Idem
1513 2533 1570 2586 in
1602 2533 1866 2590 Untenvu-

306 2619 569 2694 changes:
596 2622 765 2677 ueber
781 2622 837 2678 d.
876 2621 1008 2675 Leb.
1030 2622 1090 2675 d.
1121 2620 1365 2692 Thucyd.
1388 2639 1446 2694 p.
1479 2619 1583 2689 67,
1611 2638 1681 2689 77
1707 2619 1860 2697 sqq.)

305 2709 454 2764 Sane
475 2708 710 2782 quidem
733 2710 981 2782 ineptam
1002 2725 1114 2762 esse
1136 2708 1386 2782 Cratippi
1418 2707 1746 2762 sententiam
1769 2707 1862 2762 lu-

305 2794 632 2852 bentissime
674 2794 918 2870 largior3
964 2812 1135 2867 quam
1182 2794 1477 2868 quomodo
1523 2793 1595 2849 ab
1634 2805 1864 2849 auctore

315 2882 658 2954 Thucydidis
703 2902 884 2939 coaevo
921 2881 1234 2956 profectam
1273 2900 1386 2938 esse
1418 2881 1715 2956 Dionysius
1752 2900 1863 2956 pro

305 2989 406 3026 sua
433 2972 508 3026 in‘
525 2972 614 3027 his
635 2972 807 3028 rebus
831 2972 1055 3027 levitate
1087 2970 1274 3027 dicere
1292 2972 1575 3046 potuerit,
1600 2988 1719 3024 non
1747 2973 1860 3025 mi-

306 3077 443 3129 τοι-ς
472 3078 672 3116 verum
705 3077 896 3116 sensus
916 3060 1030 3114 loci
1070 3060 1310 3133 appositi
1331 3059 1425 3114 hic
1460 3075 1574 3114 esse
1597 3057 1734 3111 mihi
1773 3057 1862 3110 vi-

307 3146 481 3203 detur
511 3168 526 3203 :
555 3147 727 3220 Quod
752 3149 811 3203 in
841 3148 1022 3222 prima
1057 3145 1310 3202 Historiae
1336 3158 1496 3220 parte
1524 3144 1868 3200 tractationis

309 3251 491 3309 genus
513 3234 871 3309 Thucydides
898 3233 1261 3305 adhibuerat,
1303 3233 1362 3296 id
1391 3234 1449 3287 in
1480 3242 1678 3301 octavo
1713 3231 1863 3285 libro

310 3339 549 3396 prorsus
570 3323 831 3397 reliquit,
860 3333 918 3378 et
942 3331 1098 3379 certo
1128 3320 1360 3395 quidem
1387 3320 1656 3389 consilio,
1687 3337 1862 3391 quum

313 3411 604 3465 orationes
641 3419 696 3466 et
735 3427 928 3465 rerum
975 3410 1311 3483 expositioni
1355 3406 1760 3482 impedimento
1811 3418 1867 3462 et

310 3497 580 3552 molestas
617 3497 923 3553 lectoribus
982 3515 1096 3553 esse
1146 3497 1503 3551 existimaret.
1555 3495 1679 3549 Jam
1727 3512 1864 3549 vero

313 3602 466 3658 opus
477 3585 682 3640 exstitit
694 3585 1040 3640 multiforme
1060 3594 1116 3639 et
1130 3584 1547 3638 inconcinnum.
1566 3579 1736 3652 Quod
1751 3599 1866 3636 sen·

311 3673 459 3727 tiens
476 3681 674 3728 auctor
695 3658 793 3746 (ὧν
815 3666 1186 3749 προνοούμενος
1207 3667 1354 3744 κτλ.)
1380 3668 1457 3723 ob
1482 3667 1539 3723 id
1562 3669 1741 3742 ipsum
1761 3667 1865 3721 im·

309 3760 621 3832 perfectam
649 3761 942 3816 historiam
985 3759 1300 3830 reliquisse,
1331 3757 1365 3811 i.
1401 3775 1452 3813 e.
1493 3773 1613 3809 non
1637 3755 1870 3810 ulterius

309 3847 646 3921 produxisse
681 3847 931 3903 videtur.
962 3878 1040 3888 —
1067 3844 1155 3903 De
1192 3843 1521 3918 Thucydide
1562 3844 1720 3916 operi
1765 3861 1866 3898 suo

309 3937 623 3991 immortuo
647 3936 944 4010 Cratippus
964 3951 1084 3989 non
1119 3933 1297 4008 magis
1334 3932 1662 4006 cogitaverit
1698 3949 1866 4003 quam

311 4026 434 4097 ipse
457 4025 787 4098 Dionysius,
816 4005 1162 4097 qui*crimini
1196 4021 1248 4074 ei
1265 4021 1434 4074 vertit
1470 4016 1627 4092 quod
1653 4036 1772 4072 non
1797 4017 1870 4072 ad

311 4110 486 4166 finem
534 4129 712 4185 usque
760 4110 899 4167 belli
948 4108 1405 4184 Peloponnesiaci
1465 4124 1533 4162 ex
1574 4107 1868 4179 proposito

313 4199 605 4255 historiam
636 4197 958 4255 deduxerit.

317 4363 580 4425 utrumque
615 4361 827 4412 instituti
848 4365 895 4410 et
923 4360 1102 4411 consilii
1133 4373 1235 4410 esse
1257 4372 1416 4422 neque
1443 4357 1644 4408 eandem
1677 4356 1870 4420 utrique

316 4439 418 4488 vim
445 4440 614 4489 messe.
643 4440 775 4489 Alter
785 4440 915 4489 enim
928 4476 942 4500 ,
963 4452 1116 4501 quum
1137 4449 1313 4502 paucas
1326 4435 1587 4486 admodum
1605 4448 1696 4484 nec
1711 4433 1870 4497 magni

317 4519 547 4568 momenti
583 4532 661 4568 res
698 4518 969 4579 contineat,
1003 4517 1301 4568 orationihus
1342 4514 1583 4576 abundat,
1626 4515 1678 4563 in
1718 4513 1868 4563 altero

316 4596 486 4644 multis
502 4595 778 4659 magnisque
801 4595 946 4645 rebus
962 4596 1161 4656 referto,
1199 4605 1371 4656 magna
1395 4594 1468 4642 est
1489 4590 1774 4640 concionum
1800 4590 1871 4639 in·

317 4675 602 4738 irequentia.

379 4829 606 4882 Nonnulli
625 4829 689 4879 ibi
701 4829 1032 4893 Thucydidem
1054 4829 1224 4879 obiisse
1242 4827 1431 4889 dicunt,
1452 4826 1536 4876 ubi
1557 4825 1702 4875 etiam
1719 4824 1871 4874 vitam

321 4907 432 4957 exul
451 4907 709 4970 degebat...
737 4909 798 4958 At
819 4905 1049 4968 Didymus
1072 4919 1183 4956 eum
1201 4904 1265 4955 ab
1286 4905 1430 4955 exilio
1449 4916 1694 4954 reversum
1717 4905 1872 4952 morte

323 4986 530 5035 violenta
555 4984 753 5035 Athenis
783 4984 956 5034 obiisse
985 4983 1157 5044 tradit;
1181 4983 1275 5032 hoc
1296 4984 1462 5032 autem
1488 4993 1517 5029 a
1541 4984 1728 5043 Zopyro
1767 4992 1871 5029 me-

323 5064 488 5112 moria.-
504 5061 748 5125 proditum
768 5060 899 5111 dicit.
927 5060 1236 5111 Athenienses
1252 5058 1378 5109 enim
1397 5059 1504 5121 post
1522 5057 1707 5107 cladem
1727 5056 1775 5106 in
1794 5057 1871 5106 Si-

325 5143 430 5191 cilia
451 5143 699 5204 acceptam
718 5140 943 5189 omnibus
963 5139 1212 5199 exulibus,
1230 5138 1441 5200 exceptis
1463 5135 1768 5186 Pisistratidis
1781 5171 1795 5196 ,
1822 5137 1868 5184 iu

327 5219 526 5282 patriam
558 5215 788 5268 redeundi
823 5217 1103 5279 potestatem
1139 5215 1430 5279 permisisse;
1450 5213 1580 5262 nunc
1605 5215 1765 5262 autem
1795 5227 1870 5261 re-

3430 412 3502 464 ²7

2701 568 2757 627 3.

2030 704 2341 758 Marcellin.
2386 704 2496 760 vit.
2546 705 2723 761 Thuc.
2772 705 2807 781 S
2854 706 2967 772 46:
2999 707 3068 765 Οἱ
3102 703 3195 781 μὲν
3224 699 3311 765 οὖν
3346 708 3499 768 αὐτὸν

1951 789 2059 845 ἐκεῖ
2082 785 2317 866 λέγουσιν
2346 789 2624 849 ἀποθανεῖν
2651 788 2772 849 ἔνθα
2798 791 2889 849 καὶ
2919 789 3139 865 διέτριὸε
3172 793 3337 874 φυγὰς
3363 794 3501 858 ὤν...

1953 866 2180 941 Δίδυμος
2207 864 2251 923 δ’
2284 867 2336 923 ἐν
2370 864 2605 938 Ἀθήναις
2629 868 2732 927 ἀπὸ
2770 873 2865 941 τῆς
2898 874 3063 949 φυγῆς
3092 871 3305 930 ἐλθόντα
3350 876 3504 957 βιαίῳ

1950 952 2182 1034 θανάτῳ·
2211 958 2362 1012 τοῦτο
2408 954 2463 1013 δι’
2506 976 2635 1035 φησι
2666 954 2917 1038 Ζώπυρον
2959 959 3197 1036 ἱστορεῖν·
3248 959 3365 1029 τοὺς
3402 964 3503 1043 γὰρ

1950 1039 2245 1113 Ἀθηναίους
2288 1041 2507 1100 κάθοδον
2534 1042 2812 1102 δεδωκέναι
2847 1048 2952 1111 τοῖς
2980 1045 3176 1125 φυγάσι
3220 1046 3356 1120 πλὴν
3399 1054 3503 1109 τῶν

1952 1130 2397 1210 Πεισιστρατιδῶν
2419 1129 2550 1207 μετὰ
2567 1130 2659 1202 τὴν
2672 1123 2837 1203 ἧτταν
2857 1130 2950 1203 τὴν
2968 1134 3019 1190 ἐν
3042 1134 3258 1216 Σικελίᾳ
3274 1158 3287 1171 ·
3308 1134 3503 1207 ἥκοντα

1951 1207 2040 1275 οὗν
2072 1215 2224 1275 αὐτὸν
2256 1217 2530 1276 ἀποθανεῖν
2566 1218 2686 1298 βίᾳ,
2728 1219 2817 1278 καὶ
2845 1224 3056 1293 τεθῆναι
3092 1224 3145 1281 ἰν
3174 1225 3280 1290 τοῖς
3314 1226 3505 1302 Κιμω-

1949 1302 2102 1370 νείοις
2131 1302 2417 1380 μνήμασιν.
2451 1304 2558 1365 Καὶ
2578 1305 2987 1385 καταγινώσκειν
3010 1308 3249 1380 εὐήθειαν
3275 1309 3373 1392 ἔφη
3403 1316 3503 1371 τῶν

1949 1390 2258 1469 νομιζόντων
2288 1391 2442 1451 αὐτὸν
2485 1392 2627 1460 ἐκτὸς
2652 1394 2746 1471 μὶν
2789 1396 3243 1471 τετελευτηκέναι,
3282 1400 3368 1458 ἐπὶ
3406 1405 3505 1480 γῆς

1951 1477 2006 1537 δὲ
2029 1483 2123 1551 τῆς
2152 1478 2397 1551 Ἀττικῆς
2425 1480 2700 1565 τεθάφθαι·
2730 1478 2765 1552 ἢ
2792 1481 2894 1563 γὰρ
2922 1483 3015 1541 οὐκ
3050 1481 3111 1541 ἂν
3139 1483 3287 1557 ἐτίθη
3321 1488 3374 1545 ἐν
3402 1496 3504 1555 τοῖς

1951 1563 2211 1648 πατρῴοις
2240 1564 2538 1644 μνήμασιν,
2568 1567 2603 1638 ἢ
2645 1567 2867 1641 κλέδδην
2907 1568 3067 1637 τεθεὶς
3102 1573 3193 1629 οὐκ
3232 1569 3292 1630 ἂν
3321 1572 3505 1653 ἔτυχεν

1952 1650 2068 1712 οὔτε
2098 1651 2290 1727 στήλης
2313 1652 2429 1712 οὔτε
2453 1654 2878 1736 ἐπιγράμματος,
2909 1656 2944 1728 ἣ
2978 1660 3052 1737 τῷ
3076 1657 3226 1740 τάφῳ
3258 1682 3504 1739 προσκει-

1952 1740 2085 1818 μένῃ
2125 1745 2216 1801 τοῦ
2262 1743 2600 1824 συγγραφέως
2643 1742 2829 1821 μηνύει
2870 1742 3123 1821 τοῦνομα·
3166 1745 3304 1805 ἀλλὰ
3350 1749 3504 1820 δῆλον

1951 1827 2032 1887 ὅτι
2068 1829 2283 1896 κάθοδος
2321 1829 2469 1903 ἐδόθη
2508 1838 2615 1897 τοῖς
2654 1831 2960 1912 φεύγουσιν,
3001 1834 3070 1899 ὥς
3096 1833 3185 1892 καὶ
3216 1835 3509 1916 Φιλόχορος

1950 1914 2090 1992 λέγει
2144 1918 2233 1976 καὶ
2284 1915 2583 1999 Δημήτριος
2636 1919 2690 1976 ἐν
2745 1920 2851 1984 τοῖς
2908 1914 3207 1998 Ἄρχουσιν.
3259 1920 3402 1996 Ἐγὼ
3453 1922 3507 1981 δὲ

1953 2000 2208 2084 Ζώπυρον
2255 2005 2432 2085 ληρεῖν
2481 2005 2673 2081 νομίζω
2720 2002 2936 2083 λέγοντα
2985 2011 3168 2066 τοῦτον
3218 2009 3271 2065 ἐν
3317 2006 3506 2090 Θρᾴκῃ

1952 2089 2405 2164 τετετλευτηκίναι
2421 2136 2440 2166 ,
2466 2089 2586 2150 ’κᾶν
2638 2090 2905 2164 ἀληθεύειν
2949 2093 3132 2174 νομίζῃ
3192 2093 3506 2174 Κράτιππος

1954 2176 2130 2237 αὗτόν.

2031 2265 2185 2327 Μετὰ
2213 2264 2306 2337 τὴν
2330 2257 2495 2337 ἧτταν
2522 2264 2616 2338 τὴν
2638 2268 2691 2326 ἕν
2717 2265 2975 2347 Σικελία]
3007 2268 3286 2326 Alcibiadi
3315 2281 3372 2327 et
3390 2273 3509 2327 aliis

1951 2357 2238 2412 nonnullis
2264 2356 2521 2413 exulibus
2545 2355 2763 2412 reditus
2780 2358 3077 2431 permissus
3097 2367 3175 2413 est
3203 2359 3291 2416 01.
3314 2377 3413 2432 92,
3444 2378 3504 2429 13

1951 2462 2001 2500 a.
2048 2444 2111 2502 C.
2157 2450 2270 2511 412
2313 2443 2599 2519 (Thucyd.
2627 2444 2786 2515 VIII,
2813 2443 2944 2521 97).
2976 2444 3085 2499 Sed
3107 2445 3218 2500 hoc
3246 2445 3318 2501 ad
3342 2447 3506 2501 Thu-

1951 2530 2214 2605 cydidem
2241 2532 2382 2587 nihil
2397 2533 2663 2606 pertinet.
2692 2532 2774 2588 Ut
2800 2532 2872 2587 ad
2900 2550 3098 2587 verum
3121 2551 3210 2588 res
3232 2534 3502 2603 trahatur,

1951 2614 2189 2695 intelligi
2205 2618 2377 2676 debet
2399 2615 2689 2694 ἀμνηστεία
2702 2630 2833 2694 post
2861 2619 3076 2675 cladem
3102 2619 3174 2676 ad
3202 2622 3374 2695 AEgos
3397 2640 3506 2696 po·

1953 2718 2163 2763 tamum
2204 2718 2372 2781 atque
2412 2725 2612 2781 pacem
2655 2726 2783 2763 cum
2823 2706 3262 2764 Lacedaemoniis
3307 2709 3507 2765 factam

1950 2812 2229 2854 concessa.
2256 2796 2455 2869 Neque
2483 2805 2668 2850 tamen
2694 2805 2836 2869 puto
2862 2813 2995 2857 rem,
3012 2795 3351 2853 notissimam
3376 2816 3504 2853 cum

1950 2881 2057 2937 alia
2085 2882 2415 2938 obscuriore
2442 2881 2730 2937 confusam
2758 2898 2870 2937 esse
2898 2899 2913 2936 τ
2945 2883 3060 2937 imo
3090 2884 3285 2939 statuit
3308 2886 3500 2958 Zopy-

1949 2987 2045 3024 rus
2090 2981 2275 3025 morte
2327 2970 2665 3045 impeditum
2707 2969 3097 3044 Thucydidem
3154 2989 3298 3046 opus
3346 2991 3508 3027 suum

1951 3076 2071 3113 non
2110 3058 2434 3128 absolvisse3
2460 3058 2574 3114 hoc
2599 3076 2737 3113 vero
2776 3057 2952 3132 quum
2980 3076 3159 3132 usque
3197 3057 3270 3115 ad
3299 3078 3509 3115 annum

1954 3143 2021 3199 31
2039 3164 2060 3200 ι
2095 3163 2147 3201 a.
2179 3135 2242 3202 C.
2270 3145 2577 3201 deductum
2596 3187 2611 3215 ,
2641 3145 2996 3219 Thucydides
3022 3157 3209 3202 autem
3236 3147 3295 3200 in
3321 3148 3507 3203 reditu

1952 3227 2300 3303 occisns'sit,
2329 3232 2606 3288 redeundi
2634 3232 2953 3290 facultatem
2979 3233 3031 3289 ei
3060 3232 3248 3289 datam
3272 3252 3385 3291 esse
3409 3234 3513 3290 de·

1952 3331 2109 3375 creto
2133 3321 2262 3376 anni
2300 3326 2434 3386 [μα.

2032 3403 2123 3465 Ἐν
2150 3404 2376 3486 Θρᾴκῃ]
2404 3407 2456 3462 ἐν
2478 3404 2686 3497 Ἀττικῇ
2710 3408 2911 3481 reponi
2931 3407 3131 3462 volunt
3147 3409 3346 3480 Poppo
3366 3409 3507 3463 Pro-

1950 3497 2098 3570 legg.
2122 3513 2184 3569 p.
2211 3495 2305 3565 31,
2329 3506 2383 3551 et
2403 3496 2664 3552 Ambros.
2682 3497 2749 3551 F.
2778 3494 2972 3552 Didot.
3002 3492 3281 3568 (Thucyd.
3304 3499 3509 3566 tom.1,

1951 3602 2012 3656 p.
2032 3582 2378 3656 CXXXVI),
2393 3582 2673 3657 probante
2689 3583 2952 3656 Kriigero
2978 3578 3140 3655 (Leb.
3160 3581 3218 3634 d.
3252 3580 3504 3654 Thucy-d.

1951 3688 2014 3743 p.
2050 3666 2183 3745 56);
2213 3670 2486 3725 Goellerus
2505 3668 2643 3723 alius
2664 3668 2910 3723 auctoris
2934 3685 3146 3722 nomen
3171 3667 3232 3721 in
3260 3662 3509 3745 Ζώπυρος

1954 3765 2287 3829 corruptum
2313 3774 2426 3812 esse
2455 3758 2673 3823 statuit;
2714 3755 2873 3828 quod
2905 3754 3034 3825 jure
3060 3756 3275 3828 respuit
3302 3757 3537 3830 Poppo-

1955 3843 2014 3897 in
2035 3842 2341 3898 Addendis.
2369 3844 2627 3899 Grauert.
2658 3843 2766 3917 leg.
2797 3854 2982 3898 censet
3005 3841 3072 3899 οὔ
3108 3838 3348 3917 λέγοντα.
3386 3845 3509 3898 Lo-

1955 3948 2085 3985 cum
2119 3930 2401 4004 quendam
2435 3932 2630 3986 Atticae
2662 3929 2747 4005 (V.
2781 3948 2832 3984 c.
2861 3927 2914 3985 ἐν
2942 3928 3191 4006 Θορικῷ)
3222 3947 3508 3985 memora-

1957 4027 2077 4072 tum
2104 4036 2217 4073 esse
2246 4019 2554 4092 suspicetur
2580 4019 2737 4074 alius.
2766 4016 2876 4073 Sed
2900 4016 2971 4072 de
2997 4017 3083 4071 his
3108 4034 3180 4071 ne
3198 4017 3505 4091 litigemus3

1957 4124 2081 4179 quae
2107 4107 2374 4161 sententia
2404 4124 2515 4161 esse
2535 4105 2764 4175 debeat,
2788 4105 2894 4160 nisi
2921 4105 3086 4179 plura
3107 4103 3335 4158 fortasse
3358 4107 3511 4160 exci-

1958 4192 2196 4263 derunt,
2220 4195 2280 4248 in
2301 4194 2608 4268 propatulo
2637 4204 2735 4248 est.

1957 4369 2152 4406 versum
2170 4356 2379 4406 violenta
2397 4358 2552 4405 morte
2564 4355 2809 4405 sublatum
2822 4354 2933 4403 etin
2948 4354 3176 4405 Cimoniis
3189 4356 3511 4404 monumentis

1955 4434 2224 4498 sepultum;
2245 4436 2363 4497 quin
2396 4434 2541 4484 etiam
2560 4435 2629 4482 ait
2658 4433 2850 4483 illorum
2872 4431 3234 4494 simplicitatem
3268 4446 3298 4481 a
3323 4436 3508 4496 Zopyro

1955 4511 2187 4575 derideri,
2206 4513 2288 4575 qui
2310 4510 2635 4574 Thucydidem
2657 4523 2851 4573 peregre
2876 4509 3071 4573 quidem
3097 4509 3293 4570 abiisse,
3316 4510 3509 4561 Athenis

1954 4602 2072 4638 vero
2089 4589 2331 4652 sepultum
2350 4588 2494 4639 fuisse
2508 4590 2712 4651 putent:
2735 4589 2841 4637 tum
2868 4587 2997 4636 enim
3019 4586 3068 4635 in
3100 4587 3300 4649 patemo
3330 4600 3508 4637 monu-

1955 4668 2121 4715 mento
2146 4667 2232 4715 aut
2257 4679 2354 4715 non
2380 4665 2546 4715 fuisset
2578 4665 2789 4728 positus,
2818 4665 2902 4713 aut
2936 4664 3063 4713 clam
3097 4663 3281 4726 positus
3310 4677 3397 4715 nec
3424 4679 3511 4715 co-

1955 4743 2174 4792 lumnam
2213 4742 2414 4805 adeptus
2447 4745 2595 4803 oeset,
2638 4754 2793 4804 neque
2840 4740 3197 4804 inscriptionem
3237 4762 3251 4792 z
3292 4743 3343 4791 at
3382 4744 3508 4795 euim

1956 4818 2182 4868 columna
2199 4818 2346 4880 ipsius
2361 4817 2581 4880 sepulcro
2598 4817 2823 4879 imposito
2844 4829 3020 4867 nomen
3041 4816 3285 4880 scriptoris
3306 4817 3506 4868 indicat.

1956 4901 2140 4948 Verum
2155 4895 2274 4945 illud
2292 4897 2504 4958 constat,
2525 4896 2747 4947 exulibus
2763 4895 2811 4945 in
2833 4885 3036 4959 patriam
3056 4896 3282 4946 redeundi
3300 4898 3509 4958 potesta-

1958 4977 2056 5026 tem
2083 4974 2225 5024 luisse
2248 4974 2451 5035 factam,
2475 4975 2530 5024 ut
2548 4975 2597 5024 et
2612 4973 2926 5023 Philochorus
2949 4975 3149 5023 testatur
3168 4976 3218 5022 et
3240 4973 3509 5021 Demetrius

1959 5053 2216 5105 Phalereus
2231 5052 2281 5102 in
2298 5052 2421 5102 libro
2438 5056 2510 5102 De
2528 5051 2839 5102 archontibus
2862 5049 3241 5101 Atheniensibus.
3278 5053 3376 5112 Ego
3394 5064 3509 5100 vero

1957 5136 2197 5195 Zopyrum
2216 5131 2384 5193 nugari
2414 5132 2556 5193 puto,
2593 5130 2676 5192 qui
2699 5128 3025 5192 Thuc5didem
3063 5127 3198 5192 [non]
3232 5127 3279 5175 in
3306 5128 3509 5177 Thracia

1958 5212 2131 5261 obiisse
2145 5210 2271 5260 dicat
2293 5230 2305 5259 :
2327 5210 2435 5260 licet
2457 5208 2712 5273 cratippus
2726 5222 2838 5259 eum
2857 5221 2970 5258 vere
2984 5208 3201 5257 locutum
3224 5208 3432 5255 censeat.
