4016 5916
579 377 691 429 ⁴⁰⁴

566 505 867 582 ὠνόμασται
897 501 950 561 δὲ
983 501 1119 561 κατὰ
1146 500 1537 582 Θρασύὸουλον,
1564 505 1633 568 ὡς
1662 501 2115 584 Ἐπαφρόδιτος...

566 594 672 653 ἀπὸ
698 590 952 662 Δωδώνης
982 599 1102 667 μιᾶς
1136 593 1239 648 τῶν
1269 588 1581 648 Ὠκεανίδων
1600 592 1835 670 νυμφῶν.
1878 591 2121 650 'Ansere'-

566 684 724 760 δωρος
751 677 806 738 δὲ
830 677 932 736 ἀπὸ
960 675 1205 743 Δώδωνος
1236 680 1324 734 τοῦ
1353 675 1471 742 Διὸς
1496 675 1585 734 καὶ
1614 675 1889 755 Εὐρώπης.

653 768 1026 839 Thrasybulus
1047 776 1103 821 et
1121 766 1479 821 Aceseodoms
1504 764 1576 821 de
1605 766 1800 822 iisdem
1819 768 1986 824 rebus
2007 768 2125 824 lau-

572 860 778 915 dantur
813 875 904 930 ap.
926 855 1102 912 schol.
1142 853 1218 909 ad
1254 856 1322 911 Il.
1346 874 1414 923 π,
1462 854 1575 924 276
1602 864 1656 909 et
1707 853 1855 930 2333
1898 855 2121 913 Eudoc.

563 966 624 1021 p.
658 944 790 1003 108.
831 962 960 1013 127.
993 961 1125 997 200.
1156 944 1353 998 Arsen.
1385 959 1443 1014 p.
1476 939 1615 1009 215,
1652 953 1708 995 et
1735 942 1917 1014 Etym.
1958 938 2038 996 M.
2066 961 2124 998 v.

566 1031 899 1100 Δωδωναῖος,
919 1029 1020 1086 uhi
1047 1028 1166 1084 haec
1189 1045 1209 1084 .·
1240 1026 1545 1089 Δωδωναῖος
1573 1028 1600 1082 ὁ
1627 1024 1773 1089 Ζεύς.
1802 1025 2021 1090 Ἰλιάδος
2060 1048 2126 1083 π·

563 1121 667 1178 Ζεῦ
689 1118 786 1175 ἄνα
816 1118 1110 1174 Δωδωναῖε’
1136 1117 1187 1173 ἐν
1212 1112 1392 1195 χωρίῳ
1419 1116 1520 1171 τῶν
1546 1110 1987 1192 εΥ·.·τερὸορείι)ν·τῇ
2017 1119 2130 1172 Δω.

565 1205 700 1284 δώνῃ
720 1202 981 1282 τιμώμενε
1004 1205 1057 1260 ἐν
1080 1200 1417 1283 Θεσπρωτίᾳ.
1436 1198 1734 1259 Δευκαλίων
1774 1199 1905 1276 μετὰ
1924 1199 2011 1258 τὸν
2036 1200 2119 1259 ἐπ’

565 1293 722 1349 αὑτοῦ
744 1290 1015 1368 γενόμενον
1043 1287 1433 1365 κατακλυσμὸν,
1469 1286 1885 1367 παραγενόμενος
1922 1289 1992 1354 εἷς
2032 1287 2126 1359 τὴν

572 1374 847 1457 Ἤπειρον,
870 1375 1179 1453 ἐμαντεύετο
1210 1377 1261 1432 ἐν
1276 1377 1352 1454 τῷ
1375 1370 1508 1454 δρυΐ.
1529 1373 1783 1438 Πελιάδος
1805 1375 1860 1430 δὲ
1887 1373 2126 1453 χρησμὸν

566 1467 706 1544 αὐτῷ
735 1464 952 1535 δούσης,
982 1462 1260 1531 κατοικίζει
1297 1460 1385 1520 τὸν
1422 1460 1597 1532 τόπον,
1636 1460 1972 1541 συναθροίσας
2011 1459 2125 1528 τοὺς

566 1549 984 1632 περιλειφθέντας
1005 1550 1109 1609 ἀπὸ
1128 1554 1216 1609 τοῦ
1238 1549 1608 1624 κατακλυσμοῦ
1623 1570 1635 1584 ·
1658 1546 1747 1605 καὶ
1767 1547 1871 1605 ἀπὸ
1896 1554 1988 1607 τοῦ
2010 1546 2129 1616 Διὸς

564 1639 657 1697 καὶ
680 1638 956 1710 Δωδώνης,
978 1646 1099 1713 μιᾶς
1127 1639 1228 1694 τῶν
1245 1634 1582 1710 Ὠκεανίδων,
1608 1632 1865 1704 Δωδώνην
1892 1634 1988 1705 τὴν
2016 1634 2127 1713 χώ-

566 1749 659 1804 ραν
682 1725 1117 1806 προσηγόρευσεν.
1148 1723 1217 1783 Ἥ
1239 1721 1439 1800 ἱστορία
1467 1722 1612 1800 παρὰ
1642 1721 2008 1803 Θρασυὸούλῳ
2033 1722 2125 1780 καὶ

564 1811 944 1893 Ἀκεστοδώρῳ.

644 1901 1022 1958 Acestodorus
1033 1910 1114 1955 est
1125 1897 1629 1974 Megalopolitanus
1643 1942 1660 1968 ,
1677 1908 1810 1954 teste
1842 1899 2126 1973 Stephano

564 1993 695 2064 Byz.
727 2010 740 2043 ε
773 1988 1190 2062 Μεγαλόπολις...
1216 1986 1305 2064 ἀφ’
1332 1975 1458 2054 ἧς...
1489 1981 1579 2041 καὶ
1605 1981 2126 2066 Ἀκεστόδωρος(νςο

566 2074 933 2154 Ἀκεσόδωρος)
969 2076 1020 2133 Π
1039 2071 1134 2151 ερὶ
1176 2071 1428 2130 πόλεων
1473 2071 1858 2151 συγγεγραφώς,
1895 2072 1985 2130 καὶ
2014 2075 2127 2131 Πο-

570 2163 766 2229 λύὸιος.
789 2164 1045 2220 Eundem
1092 2161 1284 2218 laudat
1323 2161 1501 2217 schol.
1528 2161 1793 2234 Sophocl.
1815 2163 1962 2219 OEd.
2002 2163 2123 2221 Col.

572 2252 711 2311 1051
751 2272 766 2308 z
800 2249 1140 2327 Ἀκεσόδωρος
1171 2246 1288 2326 (sic)
1319 2243 1372 2304 δὲ
1403 2242 1644 2321 πέμπτον
1674 2244 1778 2303 ἀπὸ
1803 2252 1894 2304 τοῦ
1918 2247 2125 2326 πρώτου

563 2329 693 2396 εἶναί
715 2337 735 2415 (
756 2360 909 2417 φησιν
939 2334 1259 2412 Εὔμολπον)
1285 2332 1371 2391 τὸν
1397 2330 1489 2398 τὰς
1521 2331 1731 2398 τελετὰς
1752 2334 2125 2401 καταδείξαντα

566 2425 779 2504 γράφων
791 2421 974 2490 οὕτως·
1001 2449 1025 2475 α
1047 2423 1373 2490 Κατοικῆσαι
1393 2417 1445 2477 δὲ
1461 2418 1555 2490 τὴν
1581 2418 2125 2501 Ἐλευσῖναῑστοροῦσι

570 2515 774 2591 πρῶτον
799 2508 893 2587 μὲν
938 2507 1054 2575 τοὺς
1085 2505 1425 2586 αὐτόχθονας,
1453 2495 1564 2565 εἶτα
1592 2508 1810 2590 Θρᾷκας
1840 2508 1956 2575 τοὺς
1993 2509 2127 2584 μετὰ

568 2597 849 2674 Εὐμόλπου
869 2590 1317 2676 παραγενομένους
1331 2593 1459 2674 πρὸς
1475 2592 1715 2674 βοήθειαν
1743 2595 1883 2654 κατὰ
1894 2595 1979 2655 τὸν
1999 2596 2126 2673 πρὸς

562 2681 818 2763 Ἐρεχθέα
840 2681 1085 2757 πόλεμον.
1107 2708 1129 2733 1·
1166 2681 1290 2759 (cf.
1322 2683 1645 2739 Androtion
1669 2685 1736 2741 fr.
1770 2684 1864 2751 34.
1893 2688 2034 2742 Ister
2051 2687 2120 2741 fr.

565 2773 700 2848 21.)
727 2771 1011 2826 Plutarch.
1044 2770 1308 2852 Themist.
1345 2769 1410 2825 13
1445 2787 1458 2827 ε
1488 2765 1630 2844 Ἅμα
1661 2770 1704 2826 δ’
1733 2769 1905 2849 ἡμέρα
1927 2770 2126 2853 Ξέρξης

571 2858 664 2933 μὲν
701 2856 809 2913 ἅνω
849 2859 1080 2927 καθῆστο
1115 2854 1201 2912 τὸν
1233 2854 1410 2913 στόλον
1441 2855 1737 2915 ἐποπτεύων
1780 2857 1869 2917 καὶ
1897 2857 1990 2928 τὴν
2019 2882 2131 2917 πα-

567 2942 803 3024 ράταξιν,
835 2945 904 3009 ὡς
951 2940 1046 3019 μὲν
1075 2941 1388 3018 Φανόδημός
1418 2942 1435 3023 ζ
1445 2945 1519 3001 fr.
1559 2945 1656 3021 16)
1686 2968 1870 3024 φησιν,
1901 2945 2035 3027 ὑπὲρ
2065 2946 2123 3006 τὸ
2164 2988 2172 3039 Ι

565 3030 971 3111 Ἡράκλειον...,
1023 3033 1090 3096 ὣς
1145 3031 1190 3087 δ’
1233 3030 1630 3111 Ἀκεστόδωρος,
1673 3035 1724 3090 ἐν
1770 3033 1991 3112 μεθορίῳ
2033 3041 2123 3107 τῆς

575 3118 865 3198 Μεγαρίδος
895 3115 1027 3198 ὗπὲρ
1059 3120 1161 3175 τῶν
1209 3117 1542 3193 καλουμένων
1584 3118 1851 3198 Κεράτων,
1898 3128 2133 3207 χρυσοῦν.

571 3206 748 3286 δίφρον
770 3202 978 3281 θέμενος
1002 3205 1090 3262 καὶ
1118 3208 1445 3283 γραμματεῖς
1463 3204 1681 3273 πολλοὺς
1711 3208 2123 3287 παραστησάμε·

565 3316 679 3366 νος,
719 3283 791 3352 ὧν
823 3292 971 3372 ἔργον
998 3283 1061 3364 ἦν
1111 3292 1504 3373 ἀπογράφεσθαι
1526 3291 1663 3350 κατὰ
1707 3293 1799 3364 τὴν
1846 3295 2024 3375 μάχην
2057 3297 2122 3354 τὰ

565 3379 924 3462 πραττόμενα.
957 3383 1045 3438 Ab
1072 3382 1422 3440 Acestodoro
1466 3383 1693 3440 sortasse
1729 3403 1846 3440 non
1876 3385 2125 3443 diversus

566 3473 937 3542 Acestort’des,
961 3472 1059 3545 qui
1082 3472 1358 3533 referente
1381 3472 1582 3528 Photio
1603 3474 1662 3527 in
1680 3473 1826 3528 Bibl.
1842 3474 1970 3532 cod.
2002 3475 2115 3549 289

531 3546 540 3550 ⁵
566 3571 842 3634 quattuor
859 3560 1017 3615 libris
1032 3560 1250 3633 scripsit
1266 3555 1353 3616 Τὰ
1396 3554 1530 3615 κατὰ
1546 3556 1696 3616 πόλιν
1742 3556 1953 3632 μυθικά.
1972 3561 2119 3616 Eun-

561 3649 699 3705 dem
719 3647 1106 3704 Acestoridem
1120 3649 1340 3702 Tzetzes
1361 3647 1506 3703 Hist.
1535 3648 1662 3716 vn,
1694 3646 1809 3712 648
1836 3667 1965 3703 cum
1996 3650 2120 3705 Cte-

562 3738 640 3792 sia
660 3778 676 3806 ‚
702 3736 980 3805 Iambulo,
1005 3736 1256 3810 IsigonO,
1282 3736 1563 3809 RheginO,
1591 3736 1711 3790 aliis
1733 3735 1879 3792 inter
1905 3753 2001 3791 eos
2028 3755 2123 3791 re—

567 3823 695 3895 fert,
750 3823 848 3896 qui
894 3827 1067 3878 multa
1115 3821 1451 3877 tradiderint
1507 3823 1857 3879 miraculosa.
1911 3826 2118 3879 Verum

567 3906 889 3989 Ἀκέστωρ
914 3909 966 3964 ἐν
984 3907 1089 3973 τοῖς
1110 3906 1240 3987 Περὶ
1269 3907 1510 3986 Κυρήνης
1540 3909 1692 3983 apud
1713 3910 1886 3966 schol.
1917 3894 2125 3985 Apoll.'

568 3998 679 4057 Rh.
699 3999 778 4065 ΙΙ,
801 3995 912 4069 498
939 4007 1270 4070 corruptum
1295 4007 1374 4051 est
1393 4015 1464 4052 ex
1478 3993 1839 4073 Ἄκέσανδρος,
1858 4000 1956 4071 qui
1986 4001 2123 4054 scri·

565 4097 696 4160 ptor
706 4084 880 4156 majus
899 4085 970 4139 de
985 4085 1155 4140 rebus
1165 4082 1567 4158 Cyrenensium
1585 4103 1725 4159 opus
1752 4086 2114 4144 condiderat.
2162 4081 2172 4147 Ϊι

1210 4273 1530 4297 *000*-

1095 4482 1581 4546 THESSALleA.

1324 4640 1366 4688 Ι.

628 4762 797 4812 suidas
813 4761 937 4811 libro
960 4761 1111 4823 primo
1143 4765 1214 4812 De
1239 4763 1381 4812 rebus
1403 4763 1682 4813 Thessalicis
1709 4762 1964 4813 Chironem
1993 4765 2120 4815 lxio-

566 4841 641 4890 nis
660 4840 811 4890 filium
829 4843 877 4890 et
896 4839 1092 4891 Pirithoi
1112 4841 1307 4892 fratrem
1337 4842 1477 4893 ruisse
1503 4842 1636 4892 dicit.

1308 4951 1363 5003 2.

632 5070 802 5119 suidas
821 5071 942 5121 libro
961 5072 1114 5135 primo
1129 5076 1196 5125 ait
1218 5074 1451 5128 Larissam
1469 5076 1567 5140 pilo
1579 5075 1824 5129 ludentem
1845 5079 1894 5128 iu
1911 5081 2122 5129 Peneum

569 5149 769 5200 fluvium
794 5152 1006 5215 illapsam
1027 5165 1146 5208 esse.

2042 367 2296 427 SUIDAE

2799 495 3207 643 smmis,

2298 749 2554 817 Suidam,
2603 750 2698 820 qui
2751 748 2823 803 de
2864 749 3032 804 rebus
3074 751 3397 807 Thessalicis
3451 757 3715 829 scripsit
3737 800 3755 826 ‚
3806 778 3842 815 a

2219 837 2496 891 Strabone
2528 845 2582 889 et
2617 835 2900 907 Stephano
2936 837 3200 908 Byzantio
3248 856 3381 893 cum
3425 842 3617 898 Cinea
3667 864 3842 900 con-

2196 922 2375 998 jungi
2396 921 2651 978 vidimus.
2688 924 2928 996 Reliqua
2954 923 3072 995 ejus
3104 925 3415 1000 fragmenta
3462 930 3597 986 haec
3632 946 3789 989 sunt
3818 955 3835 990 ς

2726 1073 3276 1136 ΘΕΣΣΑΛΙΚΑ.

2975 1225 3023 1265 1.

2682 1335 2729 1393 E
2770 1336 2993 1396 LIBRO
3028 1338 3289 1399 PRIMO.

2297 1469 2490 1529 Schol.
2535 1474 2723 1547 Apoll.
2754 1475 2945 1534 Rhod.
2989 1479 3079 1546 ΙΙ,
3127 1479 3314 1536 1231:
3362 1481 3614 1550 Σουίδας
3660 1485 3727 1545 δὲ
3766 1489 3821 1546 ἓν

2218 1555 2408 1637 πρώτῳ
2436 1559 2779 1617 Θεσσαλικῶν
2813 1559 2899 1618 τὸν
2933 1561 3169 1643 Χείρωνα
3203 1563 3411 1633 Ἰξίονος
3444 1560 3595 1628 εἶναι
3640 1577 3822 1634 παῖδα

2219 1666 2393 1723 φησιν,
2412 1645 2630 1724 ἀδελφὸν
2650 1648 2704 1705 δὲ
2734 1647 3020 1727 Πειριθόου.
3045 1652 3205 1708 Idem
3220 1656 3266 1725 Ι,
3289 1655 3404 1713 555
3434 1677 3450 1713 :
3481 1660 3735 1731 Σουίδας
3764 1667 3819 1723 ἐν

2216 1733 2561 1800 Θεσσαλικοῗς
2592 1734 2743 1815 φησὶν
2772 1734 2974 1804 Ἰξίονος
2999 1737 3106 1795 υἱὸν
3135 1730 3263 1797 εἶναι
3296 1741 3552 1821 Χείρωνα
3570 1792 3592 1822 ,
3624 1747 3821 1831 ὥσπερ

2219 1819 2307 1877 καὶ
2336 1818 2452 1887 τοὺς
2480 1820 2692 1888 λοιποὺς
2714 1826 2814 1880 τῶν
2844 1823 3174 1905 Κενταύρων.

2300 2060 2549 2118 Eustath.
2588 2062 2661 2116 ad
2698 2061 2890 2135 Odyss.
2930 2063 3039 2136 ζΡ.
3088 2061 3233 2131 1554
3264 2084 3279 2121 ε
3323 2067 3560 2136 Σουίδας
3592 2078 3729 2148 γοῦν
3757 2075 3811 2132 ἐν

2215 2146 2290 2224 τῷ
2319 2145 2371 2202 α’
2398 2145 2550 2225 φησὶν
2575 2149 2644 2212 ὡς
2675 2152 2707 2217 ἡ
2747 2148 2986 2225 Λάρισσα
3016 2148 3357 2229 σφαιρίζουσα
3392 2153 3545 2236 πίλῳ
3574 2157 3809 2218 ὤλισθεν

2215 2233 2285 2298 εἷς
2312 2231 2397 2290 τὸν
2425 2233 2662 2304 Πήνειον.

2968 2349 3022 2406 3.

2631 2506 2675 2562 Ε
2722 2505 2946 2565 LlBRO
2981 2507 3351 2570 SECUNDO.

2293 2662 2481 2718 Schol.
2500 2663 2689 2737 Apoll.
2714 2664 2826 2720 Rh.
2847 2667 2922 2734 11,
2958 2664 3103 2720 1025
3134 2685 3147 2723 ε
3174 2663 3259 2724 Ἱε
3277 2665 3388 2746 ρὸν
3418 2669 3477 2726 δ’
3510 2663 3668 2731 αὖτ’
3693 2677 3797 2733 ἐπὶ

2215 2746 2421 2804 τοῖσιν
2453 2746 2624 2827 ὄρος]
2656 2745 2817 2827 Ὄρος
2837 2749 2970 2808 οὕτω
2989 2752 3309 2828 καλούμενον
3338 2756 3403 2813 τὸ
3440 2764 3684 2832 καθῆκον
3728 2767 3799 2831 εἰς

2213 2835 2299 2892 τὸν
2324 2833 2561 2902 Εὔξεινον
2583 2836 2830 2897 πόντον...
2858 2838 3136 2914 Μέμνηται
3162 2842 3318 2900 αὺτοῦ
3341 2845 3436 2902 καὶ
3459 2850 3714 2918 Κτησίας
3740 2855 3794 2909 ἐν

2213 2926 2288 3005 τῷ
2305 2922 2353 2981 α’
2379 2924 2640 3004 Περιόδων
2660 2924 2759 3005 (fr.
2789 2929 2885 3004 93)
2904 2927 2994 2985 καὶ
3012 2928 3233 2998 Σουίδας
3254 2933 3304 2989 ἐν
3329 2935 3376 3010 β’
3401 2939 3528 3014 περὶ
3549 2937 3673 3005 τοὺς
3696 2941 3794 2999 λε·

2214 3010 2455 3087 γομένους
2476 3011 2800 3089 Μάκρωνας·
2841 3015 3203 3095 ἇκριὸἐστερον
3232 3018 3286 3076 δὲ
3312 3024 3339 3079 ὃ
3363 3020 3607 3100 Ἀγάθων
3638 3030 3691 3085 ἐν
3714 3033 3790 3106 τῷ

2212 3104 2302 3157 τοῦ
2334 3098 2534 3159 Πόντου
2570 3100 2842 3181 Περίπλῳ,
2874 3102 2925 3169 ὃς
2953 3103 3042 3161 καὶ
3065 3103 3107 3183 ρ’
3138 3105 3351 3184 ἀπέχειν
3380 3113 3634 3181 σταδίους
3662 3116 3788 3173 αὐτό

2214 3208 2338 3265 φησι
2362 3191 2451 3256 τῆς
2485 3190 2534 3247 Τ
2538 3194 2889 3266 ραπεζοῦντος.
2924 3196 3052 3248 Haec
3084 3206 3304 3269 sumpta
3345 3216 3417 3253 ex
3451 3206 3784 3260 narratione

2212 3274 2283 3330 de
2307 3275 2667 3349 expeditione
2709 3282 3179 3355 Argonautarum.
3215 3286 3526 3357 Sequentia
3568 3310 3600 3346 e
3628 3292 3783 3348 libris

2212 3363 2453 3420 incertiS.

2964 3482 3017 3540 4.

2289 3574 2492 3629 Strabo
2514 3578 2646 3645 VII,
2679 3596 2740 3650 p.
2778 3578 2890 3652 329
2912 3589 2968 3634 et
2987 3581 3250 3655 Stephan.
3274 3585 3408 3657 Byz.
3436 3605 3495 3645 v,
3520 3586 3769 3660 Δωδώνη.

2212 3662 2353 3718 Vide
2382 3663 2562 3719 Cineae
2587 3664 2655 3718 fr.
2690 3665 2720 3720 3
2753 3676 2807 3721 et
2837 3674 2893 3732 l..

2956 3772 3007 3828 5.

2289 3872 2478 3932 Schol.
2508 3876 2677 3931 Paris.
2711 3877 2899 3950 Apoll.
2933 3879 3042 3936 Rh.
3068 3882 3122 3948 1,
3153 3878 3225 3951 57
3262 3901 3276 3934 :
3315 3882 3676 3961 Γυρτῶνα,
3705 3891 3768 3959 ἣν

2212 3956 2451 4039 Ὄμηρος
2478 3960 2753 4038 Γυρτώνην
2794 3961 2956 4041 λέγει.
2988 3961 3146 4024 Ἔστι
3177 3965 3229 4022 δὲ
3260 3968 3409 4034 πόλις
3437 3972 3766 4047 Θεσσαλίας,

2212 4044 2349 4103 κατὰ
2403 4047 2456 4104 δὲ
2505 4048 2705 4128 ἑτέρους
2726 4050 3040 4147 Περαιὸοίας
3067 4056 3142 4130 (l.
3181 4056 3564 4135 Περραιὸίας).
3588 4059 3765 4129 Οὕτως

2166 4202 2167 4205 ¹
2210 4122 2355 4190 Ἴδας
2404 4126 2422 4202 (
2437 4129 2475 4186 1.
2515 4125 2648 4184 οὕτω
2692 4129 2944 4207 Σουιδας)
2988 4131 3166 4210 φησίν.
3217 4133 3531 4211 Ὠνομάσθη
3574 4138 3627 4196 δὲ
3670 4142 3767 4198 ἀπὸ

2164 4220 2169 4230 ‘
2213 4208 2484 4290 Ιύρτώνης
2510 4217 2596 4283 τ’ἧς
2616 4215 2882 4293 Φλεγύου.
2914 4222 2983 4274 ln
3007 4222 3182 4280 schol.
3213 4225 3370 4298 vulg.
3399 4226 3588 4283 Suidae
3615 4248 3765 4285 men-

2213 4303 2291 4355 tio
2324 4304 2541 4358 omissa.

2952 4489 3003 4537 3.

2273 4595 2448 4644 Montis
2469 4597 2592 4646 sacri
2611 4598 2669 4648 ad
2689 4600 2893 4647 Pontum
2912 4601 3156 4650 Euxinum
3180 4606 3401 4654 meminit
3419 4609 3572 4658 etiam
3592 4612 3765 4661 ctesias

2213 4670 2334 4720 libro
2363 4674 2502 4734 primi
2529 4675 2713 4726 Periodi
2731 4680 2781 4727 et
2798 4677 2968 4729 suidas
2985 4679 3106 4729 libro
3125 4682 3337 4731 secundo
3351 4721 3365 4744 ,
3386 4684 3448 4733 ad
3470 4690 3763 4753 mucronum,

2213 4762 2334 4812 quos
2358 4754 2561 4814 vocant,
2582 4754 2818 4815 regionem
2837 4757 2982 4805 situm
2999 4770 3102 4807 esse
3122 4758 3351 4809 dicentes.

2957 4885 3010 4935 5.

2276 5014 2460 5075 Gyrton
2475 5050 2488 5073 ,
2506 5015 2620 5064 urbs
2632 5016 2902 5080 Thessalia»,
2918 5018 3178 5069 secundum
3194 5021 3314 5071 alios
3330 5036 3448 5073 vero
3466 5027 3770 5092 Perrhaebiae3

2213 5100 2278 5218 ἔρ.
2289 5089 2356 5138 sic
2373 5089 2566 5153 quidem
2580 5093 2751 5143 suidas
2772 5094 2902 5145 dicit.
2918 5097 3099 5146 Nomen
3123 5096 3266 5147 habet
3277 5111 3306 5147 a
3319 5102 3541 5163 Gyrtone
3557 5104 3775 5170 Phlegra

2263 5179 2330 5218 ia.
