4016 5916
506 400 583 453 9ss

1699 384 1742 440 ll
1758 376 2153 439 ERACLlDIS
2196 373 2496 437 CUMANI

496 534 727 621 ρυφόρων
756 533 846 593 καὶ
873 535 947 613 τῷ
974 531 1109 608 γένει
1131 529 1320 596 πάντες
1350 526 1583 609 Πέρσαι,
1612 524 1700 585 ἐπὶ
1725 527 1829 584 τῶν
1858 521 2045 605 στυρά·
2134 545 2218 581 οτε
2255 519 2458 598 μέντοι,
2495 516 2702 578 ἐπειδὰν
2729 514 2881 596 ἑορτὴ
2901 507 2968 594 ᾗ,
2993 517 3044 573 ἐν
3069 513 3147 573 ἑνὶ
3174 512 3424 592 οἰκήματι
3468 513 3695 579 ἅπαντες

495 649 601 687 κων
625 624 769 700 μῆλα
800 630 972 701 χρυσᾶ
993 620 1224 700 ἔχοντες,
1254 617 1416 697 χίλιοι
1438 614 1525 675 τὸν
1548 612 1786 696 ἀριθμὸν,
1818 610 2046 692 ἀριστίν·
2136 611 2442 679 δειπνοῦσιν,
2473 608 2524 664 ἐν
2547 596 2591 686 ᾧ
2617 603 2707 663 καὶ
2736 607 2764 662 6
2799 600 3070 683 βασιλεὺς,
3099 602 3152 659 ἐν
3181 603 3258 681 τῷ
3296 600 3510 680 μεγάλῳ
3541 598 3690 679 οἴκῳ.

493 717 587 786 δην
609 708 936 787 ἐκλεγόμενοι
957 710 1016 766 ἐκ
1037 710 1139 765 τῶν
1165 704 1361 785 μυρίων
1385 705 1607 784 Περσῶν
1626 704 1727 760 τῶν
1752 699 2046 760 Ἀθανάτων

493 797 851 873 καλουμένων.
897 795 1006 857 Καὶ
1035 793 1167 874 διῄει
1214 791 1299 852 διὰ
1329 795 1420 863 τῆς
1457 789 1653 849 τούτων
1684 789 1843 857 αὐλῆς
1868 785 2049 859 πεζὸς,

493 881 874 960 ὑποτιθεμένων
901 880 1256 963 ψιλοταπίδων
1303 879 1630 957 Σαρδιανῶν,
1675 876 1755 955 ἐφ’
1785 865 1858 931 ὧν
1889 872 2051 940 οὐδεὶς

498 965 653 1032 ἄλλος
679 961 967 1033 έπέὸαινεν,
996 957 1030 1030 ἢ
1061 957 1321 1039 βασιλεύς.
1347 956 1483 1017 Ὅτε
1511 955 1565 1014 δὲ
1594 957 1664 1021 εἷς
1690 953 1785 1026 τὴν
1817 952 2049 1032 ἐσχάτην

499 1049 663 1122 αὐλὴν
692 1048 859 1121 ἔλθοι,
887 1045 1153 1105 ἆνέὸαινεν
1189 1044 1274 1104 ἐπὶ
1303 1043 1362 1102 τὸ
1388 1042 1552 1124 ἅρμα·
1584 1040 1744 1100 ἐνίοτε
1773 1039 1828 1099 δὲ
1851 1039 1942 1099 καὶ
1968 1041 2050 1120 ἐφ’

496 1138 679 1198 ἵππου·
706 1136 859 1206 πεζὸς
887 1132 941 1194 δὲ
974 1134 1218 1194 οὗδέποτε
1254 1130 1457 1212 ἑωράθη
1491 1129 1588 1199 ἔξω
1615 1132 1719 1187 τῶν
1751 1126 2047 1207 βασιλείων.

500 1230 568 1288 Εἰ
593 1223 648 1285 δὲ
682 1224 767 1283 ἐπὶ
809 1224 970 1305 θήραν
1000 1221 1148 1295 ἐξίοι,
1179 1219 1271 1279 καὶ
1317 1222 1370 1278 αἱ
1399 1216 1714 1283 παλλακίδες
1752 1217 1893 1293 αὐτῷ
1932 1237 2053 1272 συν-

502 1314 737 1394 εξῄεσαν.
821 1311 888 1372 Ὁ
916 1309 971 1370 δὲ
996 1310 1199 1391 θρόνος,
1223 1310 1302 1389 ἐφ’
1320 1296 1366 1388 ᾧ
1394 1305 1709 1387 ἐχρημάτιζε
1737 1302 2055 1379 καθήμενος,

502 1407 723 1481 χρυσοῦς
750 1390 831 1472 ἦν,
857 1397 910 1457 ὃν
932 1396 1359 1479 περιειστήκεσαν
1379 1393 1625 1473 τέσσαρες
1646 1391 1895 1451 κιονίσκοι
1916 1392 2056 1448 λιθο-

504 1489 747 1560 κόλλητοι
781 1494 993 1567 χρυσοῖ,
1038 1487 1117 1567 ἐφ’
1156 1475 1228 1544 ὧν
1271 1481 1533 1542 διετέτατο
1576 1480 1782 1559 ἱμάτιον
1824 1477 2056 1538 ποικίλον

508 1580 819 1657 πορφυροῦν.

1255 1737 1311 1774 2.

964 1861 1007 1916 E
1035 1859 1251 1915 LIBRO
1275 1856 1629 1914 SECUNDO.

2135 693 2307 757 Ὅταν
2332 694 2387 754 δὲ
2408 698 2436 753 6
2458 693 2699 774 βασιλεὺς
2716 691 2873 751 πότον
2893 694 3124 762 ποιῆται,
3146 690 3314 771 (ποιεῖ
3333 686 3388 746 δὲ
3407 687 3694 763 πολλάκις,)

2138 781 2402 861 συμπόται
2425 786 2566 862 αὐτῷ
2594 783 2721 840 εἰσιν
2749 785 2819 847 ὣς
2846 780 3076 857 μάλιστα
3106 778 3329 837 δώδεκα.
3434 775 3543 836 Καὶ
3569 775 3693 834 ὅταν

2139 870 2485 943 δειπνήσωσιν
2504 869 2537 927 ὅ
2561 892 2617 926 τε
2643 864 2885 947 βασιλεὺς
2913 865 3062 931 αὐτὸς
3085 867 3201 922 καθ’
3224 862 3380 922 αὑτὸν
3404 863 3494 921 καὶ
3518 864 3565 921 οἱ
3584 861 3698 921 σύν·

2141 962 2361 1031 δειπνοι,
2384 958 2532 1017 καλεῖ
2547 954 2664 1022 τοὺς
2684 953 2953 1031 συμπότας
2973 950 3182 1017 τούτους
3194 974 3271 1018 τις
3294 953 3397 1009 τῶν
3420 947 3698 1029 εὐνούχων.

2143 1045 2250 1109 Καὶ
2285 1045 2409 1104 ὅταν
2444 1042 2742 1116 εἰσέλθωσι,
2775 1040 3088 1119 συμπίνουσι
3116 1039 3229 1116 μετ’
3273 1040 3464 1111 αὐτοῦ,
3506 1040 3566 1096 οὗ
3612 1036 3702 1096 τὸν

2144 1132 2291 1192 αὐτὸν
2337 1123 2468 1191 οἶνον
2516 1130 2760 1189 κάκεῖνοι·
2803 1127 2894 1187 καὶ
2941 1129 2987 1185 οἷ
3030 1125 3125 1203 μὲν
3163 1125 3338 1204 χαμαὶ
3387 1122 3701 1200 καθήμενοι,

2143 1227 2171 1281 6
2194 1221 2239 1281 δ’
2260 1220 2347 1280 ἐπὶ
2364 1220 2540 1291 κλίνης
2556 1217 2875 1299 χρυσόποδος
2893 1213 3262 1290 κατακείμενος
3275 1235 3290 1249 ·
3313 1213 3404 1273 καὶ
3422 1216 3708 1294 ὓπερμεθυ·

2145 1309 2344 1381 σθέντες
2372 1306 2710 1388 ἀπέρχονται.
2794 1305 2880 1364 Τὰ
2909 1303 2963 1362 δὲ
2988 1304 3209 1361 πλεῖστα
3232 1305 3260 1360 6
3286 1298 3528 1380 βασιλεὺς
3551 1300 3707 1377 μόνος

2147 1399 2336 1478 ἀριστᾷ
2363 1396 2452 1455 καὶ
2478 1397 2691 1454 δειπνεῖ.
2775 1390 2979 1453 Ἐνίοτε
3009 1388 3062 1450 δὲ
3085 1387 3177 1449 καὶ
3199 1393 3234 1461 ἡ
3259 1388 3387 1468 γυνὴ
3418 1391 3560 1467 αὐτῷ
3579 1410 3710 1447 συν-

2149 1487 2370 1557 δειπνεῖ,
2390 1483 2479 1542 καὶ
2497 1486 2599 1541 τῶν
2624 1484 2747 1541 υἱῶν
2762 1478 2905 1540 ἔνιοι.
2928 1479 3035 1539 Καὶ
3053 1475 3200 1558 παρὰ
3218 1475 3277 1535 τὸ
3292 1478 3493 1536 δεῖπνον
3519 1474 3709 1556 ᾅδουσί

2148 1595 2205 1630 τε
2230 1570 2321 1630 καὶ
2339 1571 2623 1651 ψάλλουσιν
2648 1571 2702 1627 αἱ
2729 1567 3001 1626 παλλακαὶ
3022 1567 3189 1643 αὐτῷ·
3208 1564 3298 1623 καὶ
3318 1561 3415 1642 μία
3440 1562 3536 1640 μὲν
3558 1561 3712 1642 ἐξάρ-

2154 1683 2258 1738 χει,
2287 1662 2340 1717 αἱ
2368 1658 2416 1715 δ’
2442 1657 2599 1716 ἄλλαι
2617 1655 2811 1736 ἀθρόως
2834 1653 3036 1737 ᾅδουσι.
3093 1656 3145 1714 Τ
3145 1651 3174 1710 ὸ
3201 1650 3256 1710 δὲ
3285 1652 3519 1728 δεῖπνον,
3548 1650 3712 1732 φησὶ,

2150 1754 2240 1806 τοῦ
2271 1746 2524 1826 βασιλέως
2547 1742 2864 1820 καλούμενον
2892 1741 3173 1801 ἀκούσαντι
3203 1737 3297 1817 μὲν
3319 1736 3452 1807 δόξει
3476 1740 3703 1817 μεγαλο-

2150 1832 2374 1917 πρεπρὲς
2387 1824 2536 1905 εἶναι,
2557 1829 2913 1909 ἐξεταζόμενον
2929 1826 2986 1887 δὲ
3014 1830 3250 1909 φανεῖται
3267 1827 3603 1903 οἰκονομικῶς
3621 1827 3713 1885 καὶ

2154 1922 2379 2001 ἀκριὸῶς
2410 1916 2840 1997 συντεταγμένον,
2871 1915 2962 1975 καὶ
3003 1917 3108 1984 τοῖς
3135 1915 3309 1981 ἄλλοις
3344 1912 3572 1993 Πέρσαις
3608 1916 3715 1979 τοῖς

589 2015 885 2070 Athenaeus
922 2012 1018 2079 IV,
1047 2028 1107 2084 P·
1148 2007 1284 2078 145,
1315 2010 1364 2064 Α
1392 2026 1406 2060 -·
1438 2002 1787 2084 Ἡρακλείδης
1814 2002 1860 2061 δ’
1894 2005 1922 2060 ὅ
1957 2004 2070 2061 Κυ-
2154 2011 2206 2067 ἐν
2233 2006 2510 2087 δυναστεία
2532 1998 2646 2065 οἶσι
2675 2004 2813 2063 κατὰ
2840 2003 2927 2063 τὸν
2953 2002 3109 2061 αὐτὸν
3132 2000 3346 2083 τρόπον.
3432 1998 3592 2060 Ἔστι
3616 1999 3711 2075 μὲν

511 2099 700 2175 vatos,
731 2100 759 2155 ὅ
793 2095 858 2154 τὰ
893 2091 1130 2176 Περσικὰ
1162 2090 1499 2172 συγγράψας,
1530 2092 1580 2149 ἔν
1611 2093 1685 2170 τῷ
1714 2085 1936 2169 δευτέρῳ
1964 2090 2066 2144 τῶν
2153 2095 2255 2177 γὰρ
2271 2099 2346 2175 τῷ
2367 2095 2574 2173 βασιλεῖ
2593 2092 2739 2172 χίλια
2754 2095 2914 2172 ἱερεῖα
2935 2095 3027 2163 τῆς
3041 2090 3240 2171 ἡμέρας
3259 2086 3712 2164 κατακοπτόμενα.

509 2182 943 2266 ἐπιγραφομένων
972 2181 1510 2260 Παρασκευαστικῶν,
1532 2205 1557 2232 «ι
1582 2177 1688 2239 Καὶ
1699 2179 1746 2236 οἷ
1762 2174 2067 2256 θεραπεύον-

512 2297 595 2340 τες
626 2271 808 2352 (φησὶ)
829 2270 944 2337 τοὺς
974 2271 1191 2349 Περσῶν
1218 2269 1450 2347 βασιλεῖς
1478 2267 1808 2330 δειπνοῦντας
1840 2262 2067 2330 ἅπαντες

505 2358 810 2437 λελουμένοι
847 2360 1187 2429 διακονοῦσιν,
1212 2358 1433 2426 ἐσθῆτας
1460 2352 1626 2419 καλὰς
1665 2349 1892 2434 (λευκὰς
1920 2355 2062 2427 Ep.)

513 2446 749 2527 ἔχοντες,
779 2445 870 2504 καὶ
903 2442 1223 2523 διατρίὸουσι
1253 2442 1439 2521 σχεδὸν
1467 2440 1526 2499 τὸ
1554 2440 1720 2516 ἥμισυ
1753 2444 1846 2512 τῆς
1872 2439 2071 2520 ἡμέρας

2154 2182 2368 2245 Τούτων
2399 2184 2444 2241 δ’
2475 2181 2575 2240 εἰσὶ
2603 2179 2694 2239 καὶ
2717 2177 2901 2253 ἵπποι,
2924 2177 3015 2237 καὶ
3050 2177 3310 2255 κάμηλοι,
3338 2174 3430 2235 καὶ
3454 2174 3599 2256 βόες,
3622 2176 3714 2234 καὶ

2156 2270 2287 2345 ὄνοι,
2316 2270 2406 2330 καὶ
2434 2268 2642 2351 ἔλαφοι,
2671 2268 2760 2327 καὶ
2787 2266 2853 2326 τὰ
2877 2268 3099 2325 πλεῖστα
3127 2263 3370 2346 πρόὸατα
3388 2287 3403 2302 ·
3430 2262 3616 2323 πολλοὶ
3657 2262 3715 2322 δὲ

2157 2359 2248 2418 καὶ
2271 2357 2460 2439 ὄρνιθες
2484 2355 2882 2426 ἀναλίσκονται,
2917 2352 2971 2413 οἵ
3001 2378 3057 2413 τε
3098 2351 3335 2433 στρουθοὶ
3364 2354 3412 2411 οἱ
3448 2350 3713 2434 Ἀράὸιοι,

2162 2445 2373 2526 (ἔστιδὲ
2390 2445 2453 2527 τὸ
2476 2448 2604 2525 ζῷον
2624 2443 2761 2523 μέγα
2777 2449 2816 2523 ,)
2840 2442 2930 2503 καὶ
2950 2446 3105 2524 χῆνες
3123 2440 3214 2502 καὶ
3235 2440 3582 2521 ἅλεκτρυόνες.
3610 2440 3717 2500 Καὶ

509 2534 632 2615 περὶ
651 2534 709 2592 τὸ
729 2535 949 2593 δεῖπνον.
977 2533 1100 2593 Τῶν
1124 2529 1179 2589 δὲ
1202 2536 1289 2589 τοῦ
1313 2528 1565 2609 βασιλέως
1579 2526 1891 2587 συνδείπνων
1911 2530 1957 2585 oi
1978 2525 2073 2604 μὲν
2161 2532 2347 2612 μέτρια
2370 2532 2464 2611 μὲν
2488 2535 2656 2591 αὐτῶν
2683 2530 3022 2612 παρατίθεται
3052 2530 3258 2613 ἑκάστῳ
3276 2532 3376 2587 τῶν
3397 2528 3713 2588 συνδείπνων

515 2620 613 2690 ἔξω
632 2623 943 2691 δειπνοῦσιν,
968 2618 1052 2686 οὓς
1069 2617 1159 2677 καὶ
1173 2620 1297 2698 ὁρᾶν
1312 2616 1476 2686 ἔξεστι
1490 2614 1649 2675 παντὶ
1663 2618 1739 2696 τῷ
1756 2615 2074 2695 βουλομένῳ,
2167 2626 2256 2679 τοῦ
2297 2619 2573 2701 βασιλέως,
2602 2618 2693 2679 καὶ
2721 2618 3036 2700 ἀποφέρεται
3063 2617 3278 2683 ἕκαστος
3305 2620 3500 2694 αὐτῶν,
3526 2614 3558 2675 ὅ
3575 2640 3625 2675 τι
3656 2615 3721 2675 ἂν

453 2781 458 2787 ,
514 2713 563 2767 οἱ
579 2706 633 2767 δὲ
655 2708 779 2766 εἴσω
800 2706 933 2785 μετὰ
957 2703 1231 2784 βασιλέως.
1257 2704 1363 2764 Καὶ
1377 2696 1518 2762 οὗτοι
1538 2702 1593 2761 δὲ
1611 2704 1669 2761 οὔ
1691 2703 2075 2761 συνδειπνοῦσιν
2164 2706 2520 2779 καταλίπηται
2545 2708 2630 2766 ἐπὶ
2652 2711 2724 2788 τῷ
2749 2705 2965 2788 ἀρίστῳ.
2983 2705 3068 2768 Τὰ
3092 2704 3146 2765 δὲ
3166 2708 3385 2765 πλεῖστα
3403 2705 3595 2765 τούτων
3616 2708 3720 2763 τῶν

521 2798 693 2875 αὐτῷ,
723 2793 837 2852 ἀλλ’
877 2791 1015 2851 ἔστιν
1043 2790 1307 2869 οἰκήματα
1337 2788 1428 2848 δύο
1454 2785 1769 2868 καταντικρὺ
1806 2788 2071 2861 ἀλλήλων,
2164 2792 2361 2874 ἱερείων
2384 2796 2471 2852 καὶ
2495 2797 2596 2853 τῶν
2619 2793 2812 2867 σιτίων,
2838 2793 2922 2861 οὓς
2949 2794 3123 2876 τρέφει
3151 2794 3391 2873 βασιλεὺς
3417 2797 3521 2851 τῶν
3552 2815 3609 2851 τε
3635 2794 3722 2851 δο·

514 2871 630 2963 dvc-'fi
649 2885 676 2939 6
697 2877 937 2958 βασιλεὺς
959 2879 1018 2937 τὸ
1039 2878 1247 2958 ἄριστον
1266 2881 1520 2952 ποιεῖται,
1543 2876 1632 2936 καὶ
1662 2877 1714 2934 ἰν
1736 2866 1843 2957 ᾧοὶ
1874 2875 2072 2935 σύνδει-
2169 2881 2419 2962 ρυφόρων,
2439 2882 2530 2941 καὶ
2554 2885 2654 2940 τῶν
2675 2884 3002 2957 πελταστῶν,
3023 2881 3219 2949 τούτοις
3243 2880 3512 2962 ἐκφέρεται
3536 2882 3607 2946 εἰς
3625 2879 3725 2950 τὴν

517 2991 658 3027 πνοι.
691 2966 800 3027 Καὶ
822 2969 850 3024 6
875 2964 1116 3046 βασιλεὺς
1137 2964 1358 3031 ἐκείνους
1380 2968 1478 3046 δρᾷ
1501 2964 1586 3024 διὰ
1609 2970 1699 3024 τοῦ
1723 2964 2074 3042 παρακαλύμ·

521 3077 681 3121 ματος
700 3058 789 3112 τοῦ
805 3052 890 3111 ἰπὶ
912 3057 977 3131 τῇ
993 3051 1141 3133 θύρα·
1157 3053 1340 3111 ἐκεῖνοι
1355 3054 1400 3111 δ’
1420 3050 1573 3110 αὐτὸν
1591 3054 1691 3130 οὐχ
1706 3054 1910 3131 δρῶσιν.
1933 3049 2077 3109 Ἐνί·

515 3233 632 3269 rum
667 3219 811 3282 igitur
847 3234 931 3283 per
974 3219 1134 3270 aulam
1177 3217 1413 3267 transibat
1447 3230 1534 3267 rex
1572 3215 1799 3280 pedibus»,
1832 3215 2085 3266 substratis

512 3299 699 3360 ¹glabris
718 3299 956 3361 tapetibus
970 3295 1212 3349 Sardianis
1225 3332 1240 3358 ‚
1255 3308 1397 3358 super
1413 3295 1588 3358 quibus
1606 3293 1786 3344 nemini
1802 3294 1882 3343 alii
1901 3295 2079 3356 praeter

526 3392 684 3441 regem
699 3378 917 3428 incedere
928 3378 1116 3428 licebat.
1141 3379 1196 3425 lu
1209 3376 1476 3425 extremam
1486 3374 1645 3423 aulam
1659 3372 1741 3423 ubi
1755 3372 2081 3436 perveniebat,

525 3470 614 3505 rex
649 3468 846 3505 currum
883 3452 1230 3505 conscendebat
1241 3469 1256 3515 ;
1295 3450 1551 3514 aliquando
1574 3449 1718 3501 etiam
1750 3463 1931 3513 equum
1962 3449 2083 3500 :sed

513 3536 723 3601 pedibus
740 3535 962 3586 incedens
984 3547 1233 3598 nunquam
1257 3532 1653 3595 conspiciebatur.
1685 3532 1931 3581 Venatum
1965 3544 2081 3581 vero

525 3618 787 3667 exeuntem
819 3614 1012 3678 pellices
1038 3611 1408 3663 comitabantur.
1434 3611 1684 3674 Thronus,
1704 3609 1754 3659 in
1791 3623 1889 3673 quo
1920 3609 2089 3659 sedens

522 3694 604 3755 jus
626 3693 816 3744 dicebat
839 3695 924 3743 aut
948 3705 1172 3755 responsa
1189 3690 1337 3740 dabat
1357 3690 1675 3753 legationibus
1690 3724 1707 3750 ‚
1736 3698 1914 3739 aureus
1938 3690 2043 3739 erat
2072 3708 2086 3738 ε

527 3771 653 3819 circa
678 3784 824 3834 quem
843 3771 1072 3834 quattuor
1090 3768 1283 3819 stabant
1313 3767 1583 3816 columellae
1605 3779 1768 3816 aurem
1792 3766 2090 3829 gemmisque

528 3846 796 3908 distinctae3
831 3859 1034 3910 superne
1068 3844 1357 3908 praetentum
1397 3844 1500 3892 erat
1538 3855 1837 3905 purpureum
1877 3843 2087 3893 auloeum

530 3925 840 3984 variegatam.
1286 3987 1321 4037 2

981 4073 1026 4126 E
1060 4070 1277 4125 LIBRO
1311 4068 1661 4125 SECUNDO,

596 4174 867 4225 Heraclides
885 4175 1132 4223 Cumanus
1145 4207 1159 4232 ,
1178 4169 1220 4219 is
1241 4170 1324 4234 qui
1344 4172 1435 4219 Res
1455 4169 1666 4219 Persicas
1684 4169 1990 4233 conscripsit,
2013 4183 2091 4221 se·

526 4251 691 4301 cundo
721 4251 846 4300 libro
884 4261 1052 4299 eorum
1079 4260 1202 4313 quos
1238 4246 1477 4308 inscripsit
1512 4246 1920 4309 Praeparatorios:
1954 4266 1977 4290 «ι
2000 4247 2092 4306 Qui

535 4328 835 4377 ctenantibus
855 4329 1103 4376 Persarum
1133 4323 1325 4386 regibus
1341 4323 1639 4383 ministrant,
1657 4322 1812 4386 inquit
1825 4360 1839 4384 ,
1859 4336 2028 4375 omnes
2046 4324 2096 4375 id

536 4417 711 4454 munus
728 4403 911 4453 obeunt
924 4402 1029 4464 loti,
1051 4400 1231 4466 pulcris
1247 4399 1355 4462 (vel
1369 4399 1602 4461 candidis)
1613 4399 1828 4449 vestibus
1843 4397 1998 4450 induti
2018 4415 2030 4449 ε
2047 4403 2097 4451 et

535 4482 732 4531 dimidia
751 4482 849 4531 fere
876 4481 969 4530 dici
997 4481 1135 4543 parte
1156 4480 1285 4528 circa
1306 4491 1493 4529 coenam
1512 4480 1829 4540 occupantur.
1864 4480 2099 4529 Conviva·

532 4573 644 4608 ‘rum
678 4559 839 4608 autem
872 4558 995 4621 regis
1024 4557 1106 4607 aiii
1135 4557 1249 4606 foris
1284 4557 1504 4617 coenant;
1540 4569 1664 4619 quos
1706 4557 1948 4619 spectare,
1982 4556 2096 4620 qui-

538 4647 749 4698 cumque
777 4635 909 4697 vult,
943 4637 1100 4698 potest
1130 4654 1142 4684 ι
1170 4633 1251 4684 alii
1278 4647 1394 4684 vero
1419 4633 1550 4684 intus
1573 4647 1685 4683 cum
1709 4646 1834 4697 rege.
1870 4636 1932 4684 At
1962 4647 2026 4685 ne
2049 4634 2097 4683 hi

539 4713 735 4778 quidem
759 4725 870 4761 cum
894 4711 997 4774 ipso
1015 4713 1206 4761 coenant
1235 4713 1254 4761 ε’
1272 4711 1356 4762 sed
1383 4714 1496 4760 sunt
1523 4710 1622 4761 duo
1655 4711 1901 4761 conclavia
1921 4723 1985 4761 ex
2011 4712 2097 4764 ad-

540 4804 678 4840 verso
700 4790 906 4839 alterum
925 4789 1061 4838 alteri
1083 4790 1262 4851 posita,
1286 4802 1496 4852 quorum
1516 4789 1564 4838 in
1581 4802 1682 4840 uno
1711 4803 1797 4839 rex
1822 4790 1987 4839 cibum
2015 4804 2096 4840 ca-

542 4871 611 4933 pit
624 4907 639 4931 ,
657 4869 708 4919 in
725 4868 876 4918 altero
900 4868 1115 4917 convivae
1135 4887 1147 4918 :
1164 4871 1214 4918 et
1227 4867 1333 4919 illos
1347 4869 1540 4932 quidem
1558 4883 1645 4919 rex
1666 4869 1815 4932 videt,
1831 4883 1917 4933 per
1933 4870 2096 4919 velum

539 4948 701 5009 januoe
718 4943 1008 5005 obductum3
1025 4944 1092 4993 illi
1109 4957 1223 4994 vero
1240 4945 1397 5008 ipsum
1406 4959 1506 4995 non
1524 4946 1705 4996 vident.
1736 4949 2095 5009 Nonnunquam

2162 2958 2342 3032 αὐλήν·
2371 2953 2431 3020 οὗ
2459 2966 2505 3021 ol
2529 2961 2758 3041 ἐδέατροι
2788 2961 2995 3021 ἅπαντα
3025 2961 3236 3042 μερίδας
3271 2960 3577 3032 ποιήσαντες
3621 2962 3727 3018 τῶν

2161 3051 2322 3129 κρεῶν
2338 3050 2426 3108 καὶ
2442 3054 2542 3109 τῶν
2558 3049 2727 3130 ἄρτων
2742 3048 2858 3118 ἴσας
2871 3051 3203 3130 διαιροῦνται.
3217 3048 3422 3127 Ὥσπερ
3439 3046 3493 3107 δὲ
3508 3051 3554 3106 οἵ
3565 3047 3738 3118 μισθο-

2170 3217 2338 3278 potant
2369 3229 2480 3266 cum
2503 3229 2560 3266 co
2590 3216 2843 3266 duodecim
2883 3217 3106 3267 maxime.
3131 3217 3311 3279 Nempe
3342 3217 3599 3278 postquam
3626 3228 3728 3265 coe-

2172 3293 2376 3354 narunt,
2402 3305 2617 3344 seorsum
2651 3306 2737 3344 rex
2754 3329 2769 3356 ‚
2799 3307 3111 3359 seorsumque
3140 3293 3259 3359 ipsi,
3286 3294 3392 3344 tum
3419 3291 3625 3342 advocat
3642 3293 3732 3342 hos

2172 3373 2524 3435 compotatores
2561 3386 2686 3422 unus
2719 3385 2782 3422 ex
2821 3374 3072 3424 eunuchis.
3107 3371 3199 3434 Qui
3237 3371 3321 3421 ubi
3362 3384 3521 3434 regem
3552 3382 3732 3419 conve·

2172 3452 2372 3511 nerunt,
2401 3448 2576 3500 bibunt
2606 3463 2718 3500 cum
2754 3463 2840 3514 θος
2872 3464 2963 3501 nec
2996 3464 3111 3501 vero
3147 3450 3273 3500 idem
3308 3450 3476 3499 vinum
3508 3448 3555 3497 hi
3587 3451 3732 3510 atque

2172 3524 2278 3588 ille;
2298 3528 2346 3575 et
2363 3525 2413 3575 hi
2432 3526 2626 3589 quidem
2645 3527 2781 3576 humi
2803 3527 3046 3590 sedentes,
3066 3541 3153 3578 rex
3170 3540 3284 3578 vero
3315 3528 3365 3577 in
3384 3528 3512 3579 lecto
3542 3543 3730 3579 recum-

2172 3600 2290 3651 bens
2301 3603 2458 3652 aureis
2474 3603 2672 3666 pedibus
2690 3605 2953 3655 instructo:
2975 3605 3182 3668 denique
3200 3617 3346 3668 supra
3364 3606 3562 3656 modum
3578 3611 3731 3656 temu-

2176 3681 2290 3731 lenti
2312 3681 2578 3734 discedunt.
2619 3684 2904 3747 Plerumque
2945 3697 3060 3735 vero
3091 3698 3175 3736 rex
3213 3684 3344 3734 solus
3369 3686 3419 3736 et
3451 3675 3650 3750 prandet
3679 3690 3731 3737 et

2174 3762 2332 3811 coenat
2358 3761 2629 3812 :interdum
2653 3777 2768 3814 vero
2795 3777 2916 3812 uxor
2934 3776 3047 3812 cum
3079 3776 3137 3813 eo
3169 3767 3356 3827 coenat‚
3387 3768 3438 3816 et
3470 3765 3731 3816 liberorum

2174 3843 2405 3893 nonnulli.
2443 3846 2504 3894 Εἰ
2529 3845 2651 3894 inter
2677 3845 2966 3895 coenandum
2994 3852 3174 3896 canunt
3195 3847 3239 3897 ei
3260 3848 3589 3912 citharamque
3620 3850 3731 3912 pul-

2174 3921 2523 3984 santpellices,
2542 3935 2745 3986 quarum
2775 3936 2870 3972 una
2901 3924 3070 3973 modos
3098 3924 3268 3988 praeit,
3313 3928 3420 3975 tum
3452 3928 3623 3975 ceterae
3649 3939 3733 3975 ca-

2177 4004 2299 4049 nunt
2315 3999 2584 4050 confertim.
2603 4003 2751 4050 coena
2782 4002 2972 4062 autem,
3002 4000 3185 4064 inquit,
3206 4016 3318 4066 qnae
3352 4003 3491 4066 Regis
3512 4007 3730 4065 vocatur,

2178 4075 2428 4138 magnilica
2450 4090 2552 4127 esse
2571 4078 2811 4128 videbitur
2835 4078 2875 4128 si
2892 4078 3002 4140 quis
3024 4078 3084 4128 de
3101 4091 3158 4128 ea
3176 4079 3322 4130 fando
3342 4081 3557 4130 audivit:
3577 4080 3649 4129 sin
3662 4080 3737 4129 di·

2178 4151 2399 4215 ligentius
2412 4155 2726 4218 inquisiverit,
2749 4154 2982 4218 prudente
2995 4155 3207 4219 quadam
3227 4157 3497 4221 frugalitate
3509 4160 3736 4208 accurate

2179 4231 2497 4294 dispensatam
2517 4235 2745 4298 reperiet;
2761 4236 3032 4299 pariterque
3045 4236 3249 4287 aliorum
3262 4241 3513 4288 Persarum
3527 4251 3737 4303 menam,

2180 4315 2229 4363 in
2246 4316 2446 4380 imperio
2462 4317 2624 4381 aliquo
2643 4321 3031 4369 constitutorum.
3054 4321 3243 4371 Etenim
3262 4322 3391 4371 mille
3410 4322 3604 4386 quidem
3617 4335 3736 4386 quo-

2180 4396 2297 4447 tidie
2330 4399 2540 4448 victimve
2575 4401 2669 4463 regi
2713 4400 2968 4450 caeduntur
2994 4421 3006 4451 :
3036 4402 3084 4450 in
3107 4402 3282 4465 quibus
3307 4405 3420 4452 sunt
3446 4406 3496 4453 et
3517 4403 3626 4465 equi
3643 4439 3658 4464 ,
3685 4403 3739 4454 et

2180 4481 2377 4542 cameli,
2399 4484 2450 4530 et
2476 4481 2649 4543 boves,
2669 4484 2719 4531 et
2736 4482 2853 4531 asini
2870 4520 2885 4544 ‚
2915 4485 2966 4532 et
2991 4484 3150 4544 cervi,
3175 4485 3225 4532 et
3242 4484 3445 4546 plurima
3462 4495 3572 4545 pars
3587 4494 3704 4532 oves
3712 4499 3733 4544 ς

2181 4561 2528 4607 consumuntur
2545 4571 2660 4607 vero
2677 4559 2845 4608 multae
2863 4561 3009 4609 etiam
3026 4572 3159 4624 aves,
3190 4560 3479 4608 struthiones
3513 4557 3702 4606 Arabici
3714 4593 3733 4619 ,

2186 4635 2327 4697 (vasti
2345 4634 2558 4698 corporis
2592 4636 2808 4686 animans
2837 4638 2928 4700 est)
2960 4639 3011 4686 et
3039 4650 3229 4687 anseres
3258 4639 3307 4686 et
3334 4633 3443 4697 galli
3467 4633 3734 4696 gallinacei.

2183 4715 2244 4762 Et
2268 4713 2442 4762 horum
2474 4713 2667 4776 quidem
2687 4715 2875 4765 modica
2894 4729 3002 4779 pars
3021 4715 3274 4779 apponitur
3306 4713 3476 4775 cuique
3503 4712 3736 4763 conviva-

2181 4804 2290 4840 rum
2310 4791 2456 4854 regis,
2473 4793 2523 4840 et
2540 4790 2743 4841 domum
2760 4791 3070 4842 auferendum
3097 4792 3301 4854 quisque
3332 4793 3467 4839 curat
3499 4790 3739 4853 quidquid

2182 4868 2270 4931 ipsi
2287 4867 2348 4917 de
2374 4869 2573 4931 prandio
2591 4874 2821 4933 superest.
2845 4871 3053 4921 Plurima
3076 4882 3190 4918 vero
3224 4881 3335 4931 pars
3368 4868 3567 4917 istarum
3600 4869 3738 4918 victi·

2181 4957 2372 4995 marum
2411 4945 2726 5011 ciborumque
2761 4948 2811 4997 in
2846 4961 2985 4997 usum
3020 4946 3284 4995 satellitum
3310 4948 3359 4996 et
3395 4945 3739 5010 peltastarum‚

546 5027 724 5087 tamen,
745 5036 895 5086 quum
920 5020 1088 5072 incidit
1111 5021 1259 5072 festus
1276 5023 1396 5086 dies,
1414 5024 1464 5073 in
1483 5037 1582 5073 uno
1596 5024 1863 5088 eodemque
1878 5025 2095 5074 conclavi
2181 5035 2304 5086 quos
2326 5024 2409 5074 alit
2433 5036 2519 5075 rex
2535 5062 2548 5087 ,
2571 5026 2620 5075 in
2643 5026 2803 5075 aulam
2836 5025 3044 5075 defertur
3075 5043 3088 5074 ι
3112 5023 3180 5073 ihi
3215 5023 3466 5087 epularum
3490 5025 3707 5086 praefecti
3723 5061 3739 5086 ,

541 5102 736 5150 effuant
758 5100 835 5164 hi,
856 5098 904 5149 in
924 5112 1022 5163 quo
1044 5099 1092 5149 et
1111 5110 1223 5162 rex,
1244 5098 1292 5149 in
1320 5100 1536 5150 conclavi
1565 5100 1765 5164 maiore.
1787 5106 1951 5161 Quum
1983 5115 2098 5151 vero

546 5180 948 5244 compotationem
977 5192 1064 5229 rex
1088 5178 1293 5229 instituit
1319 5179 1386 5244 (id
1416 5179 1545 5244 quod
1571 5183 1745 5244 saepius
1767 5181 1932 5245 facit),
1962 5193 2095 5232 com·

2181 5101 2393 5151 carnium
2407 5105 2456 5151 et
2470 5116 2647 5165 panum
2658 5117 2820 5167 aequas
2836 5101 3057 5153 facientes
3065 5103 3243 5165 partes,
3253 5103 3413 5152 omnia
3424 5101 3739 5154 distribuunt.

2183 5181 2600 5238 Quemadmodum
2623 5182 2750 5231 enim
2783 5180 3059 5232 mercenarii
3084 5181 3260 5232 milites
3290 5184 3341 5231 in
3375 5181 3560 5231 Graecia
3588 5194 3741 5243 pecu·-
