<?xml version="1.0" encoding="UTF-8"?>
<!DOCTYPE html PUBLIC "-//W3C//DTD XHTML 1.0 Transitional//EN"
    "http://www.w3.org/TR/xhtml1/DTD/xhtml1-transitional.dtd">
<html xmlns="http://www.w3.org/1999/xhtml" xml:lang="en" lang="en">
 <head>
  <title>
</title>
<meta http-equiv="Content-Type" content="text/html;charset=utf-8" />
  <meta name='ocr-system' content='tesseract 3.04.00' />
  <meta name='ocr-capabilities' content='ocr_page ocr_carea ocr_par ocr_line ocrx_word'/>
</head>
<body>
  <div class='ocr_page' id='page_1' title='image "./fragmentahistor00mgoog_0070.png"; bbox 0 0 4016 5916; ppageno 0'>
   <div class='ocr_carea' id='block_1_1' title="bbox 517 400 2627 467">
    <p class='ocr_par' dir='ltr' id='par_1_1' title="bbox 517 400 2627 467">
     <span class='ocr_line' id='line_1_1' title="bbox 517 400 2627 467; baseline -0.003 0"><span class='ocrx_word' id='word_1_1' title='bbox 517 421 579 467; x_wconf 76' lang='lat'><strong>18</strong></span> <span class='ocrx_word' id='word_1_2' title='bbox 1611 404 1990 466; x_wconf 84' lang='lat' dir='ltr'><strong>DEIOCHUS</strong></span> <span class='ocrx_word' id='word_1_3' title='bbox 2039 400 2506 466; x_wconf 77' lang='lat' dir='ltr'><strong>PROCONNESI</strong></span> <span class='ocrx_word' id='word_1_4' title='bbox 2521 406 2627 465; x_wconf 86' lang='lat' dir='ltr'><strong>US.</strong></span> 
     </span>
    </p>
   </div>
   <div class='ocr_carea' id='block_1_2' title="bbox 505 543 2064 3759">
    <p class='ocr_par' dir='ltr' id='par_1_2' title="bbox 505 543 2064 3759">
     <span class='ocr_line' id='line_1_2' title="bbox 507 543 2057 658; baseline -0.003 -51"><span class='ocrx_word' id='word_1_5' title='bbox 507 551 576 616; x_wconf 82' lang='grc' dir='ltr'>ὥς</span> <span class='ocrx_word' id='word_1_6' title='bbox 605 573 730 629; x_wconf 77' lang='grc' dir='ltr'>φησι</span> <span class='ocrx_word' id='word_1_7' title='bbox 753 551 869 617; x_wconf 86' lang='grc' dir='ltr'>Δη’</span> <span class='ocrx_word' id='word_1_8' title='bbox 854 572 869 604; x_wconf 89' lang='grc' dir='ltr'>ι</span> <span class='ocrx_word' id='word_1_9' title='bbox 884 550 977 605; x_wconf 91' lang='grc' dir='ltr'>λο</span> <span class='ocrx_word' id='word_1_10' title='bbox 966 568 1041 626; x_wconf 76' lang='grc' dir='ltr'>χο</span> <span class='ocrx_word' id='word_1_11' title='bbox 1058 570 1109 617; x_wconf 84' lang='grc' dir='ltr'>ς,</span> <span class='ocrx_word' id='word_1_12' title='bbox 1136 543 1271 604; x_wconf 78' lang='grc' dir='ltr'>κατὰ</span> <span class='ocrx_word' id='word_1_13' title='bbox 1294 544 1444 658; x_wconf 65' lang='grc' dir='ltr'>ἔχθος</span> <span class='ocrx_word' id='word_1_14' title='bbox 1478 545 1537 603; x_wconf 83' lang='grc' dir='ltr'><strong>τὸ</strong></span> <span class='ocrx_word' id='word_1_15' title='bbox 1556 544 1683 625; x_wconf 81' lang='grc' dir='ltr'>πρὸς</span> <span class='ocrx_word' id='word_1_16' title='bbox 1706 570 1821 612; x_wconf 87' lang='grc' dir='ltr'>τους</span> <span class='ocrx_word' id='word_1_17' title='bbox 1843 546 2057 605; x_wconf 80' lang='grc' dir='ltr'>Θεσσα-</span> 
     </span>
     <span class='ocr_line' id='line_1_3' title="bbox 507 611 2056 717; baseline -0.005 -19"><span class='ocrx_word' id='word_1_18' title='bbox 507 639 654 709; x_wconf 81' lang='grc' dir='ltr'>λοὺς,</span> <span class='ocrx_word' id='word_1_19' title='bbox 685 641 771 717; x_wconf 83' lang='grc' dir='ltr'><strong>υφ’</strong></span> <span class='ocrx_word' id='word_1_20' title='bbox 801 627 872 694; x_wconf 90' lang='grc' dir='ltr'>ων</span> <span class='ocrx_word' id='word_1_21' title='bbox 895 633 1251 706; x_wconf 70' lang='grc' dir='ltr'>ἐξεὸέὸληντο.</span> <span class='ocrx_word' id='word_1_22' title='bbox 1279 611 1447 698; x_wconf 89' lang='grc' dir='ltr'>Ουτος</span> <span class='ocrx_word' id='word_1_23' title='bbox 1475 630 1528 690; x_wconf 84' lang='grc' dir='ltr'><strong>δὲ</strong></span> <span class='ocrx_word' id='word_1_24' title='bbox 1551 634 1654 708; x_wconf 89' lang='lat' dir='ltr'><strong>(sc.</strong></span> <span class='ocrx_word' id='word_1_25' title='bbox 1684 632 2056 709; x_wconf 81' lang='grc' dir='ltr'>Ἀπολλώνιος)</span> 
     </span>
     <span class='ocr_line' id='line_1_4' title="bbox 507 718 1972 801; baseline -0.004 -17"><span class='ocrx_word' id='word_1_26' title='bbox 507 726 606 786; x_wconf 81' lang='grc' dir='ltr'><strong>ὑπὸ</strong></span> <span class='ocrx_word' id='word_1_27' title='bbox 629 749 730 784; x_wconf 88' lang='grc' dir='ltr'><strong>των</strong></span> <span class='ocrx_word' id='word_1_28' title='bbox 763 728 805 784; x_wconf 92' lang='grc' dir='ltr'><strong>Γ</strong></span> <span class='ocrx_word' id='word_1_29' title='bbox 807 746 1005 801; x_wconf 77' lang='grc' dir='ltr'>ηγενων</span> <span class='ocrx_word' id='word_1_30' title='bbox 1026 743 1152 799; x_wconf 81' lang='grc' dir='ltr'>φησι</span> <span class='ocrx_word' id='word_1_31' title='bbox 1177 723 1440 798; x_wconf 79' lang='grc' dir='ltr'>κεχῶσθαι</span> <span class='ocrx_word' id='word_1_32' title='bbox 1465 718 1643 797; x_wconf 71' lang='grc' dir='ltr'>αὐτον,</span> <span class='ocrx_word' id='word_1_33' title='bbox 1672 724 1972 792; x_wconf 81' lang='grc' dir='ltr'>ποιητικῶς.</span> 
     </span>
     <span class='ocr_line' id='line_1_5' title="bbox 584 799 2061 889; baseline -0.005 -19"><span class='ocrx_word' id='word_1_34' title='bbox 584 817 672 874; x_wconf 86' lang='lat' dir='ltr'><strong>Id.</strong></span> <span class='ocrx_word' id='word_1_35' title='bbox 709 815 872 889; x_wconf 86' lang='lat'><strong>989:</strong></span> <span class='ocrx_word' id='word_1_36' title='bbox 903 807 1179 887; x_wconf 75' lang='grc' dir='ltr'>Γηγενέε</span> <span class='ocrx_word' id='word_1_37' title='bbox 1196 831 1248 873; x_wconf 90' lang='grc' dir='ltr'>ς·</span> <span class='ocrx_word' id='word_1_38' title='bbox 1291 806 1551 885; x_wconf 86' lang='grc' dir='ltr'>Δηίλοχος</span> <span class='ocrx_word' id='word_1_39' title='bbox 1586 806 1885 873; x_wconf 72' lang='grc' dir='ltr'>Θετταλους</span> <span class='ocrx_word' id='word_1_40' title='bbox 1928 799 2061 866; x_wconf 71' lang='grc' dir='ltr'>εἶναι</span> 
     </span>
     <span class='ocr_line' id='line_1_6' title="bbox 507 891 2061 981; baseline -0.004 -22"><span class='ocrx_word' id='word_1_41' title='bbox 507 925 661 981; x_wconf 73' lang='grc' dir='ltr'>φησιν</span> <span class='ocrx_word' id='word_1_42' title='bbox 689 896 1171 979; x_wconf 78' lang='grc' dir='ltr'>ἐγγειρογάστορας.</span> <span class='ocrx_word' id='word_1_43' title='bbox 1201 891 1338 961; x_wconf 86' lang='grc' dir='ltr'>Τους</span> <span class='ocrx_word' id='word_1_44' title='bbox 1378 892 1433 951; x_wconf 79' lang='grc' dir='ltr'><strong>δὲ</strong></span> <span class='ocrx_word' id='word_1_45' title='bbox 1460 917 1588 972; x_wconf 91' lang='grc' dir='ltr'>γηγ.</span> <span class='ocrx_word' id='word_1_46' title='bbox 1573 894 1690 960; x_wconf 84' lang='grc' dir='ltr'><strong>.νεῖς</strong></span> <span class='ocrx_word' id='word_1_47' title='bbox 1730 896 1840 970; x_wconf 88' lang='lat' dir='ltr'><strong>(sc.</strong></span> <span class='ocrx_word' id='word_1_48' title='bbox 1867 893 2061 953; x_wconf 82' lang='grc' dir='ltr'>Ἄπολ-</span> 
     </span>
     <span class='ocr_line' id='line_1_7' title="bbox 505 978 2062 1128; baseline -0.006 -82"><span class='ocrx_word' id='word_1_49' title='bbox 505 989 703 1063; x_wconf 83' lang='grc' dir='ltr'>λώνιος)</span> <span class='ocrx_word' id='word_1_50' title='bbox 716 984 843 1128; x_wconf 58' lang='grc' dir='ltr'>φῖῃσὶ</span> <span class='ocrx_word' id='word_1_51' title='bbox 869 1008 973 1049; x_wconf 87' lang='grc' dir='ltr'>τοις</span> <span class='ocrx_word' id='word_1_52' title='bbox 1005 978 1367 1060; x_wconf 77' lang='grc' dir='ltr'>Ἀργοναύταις</span> <span class='ocrx_word' id='word_1_53' title='bbox 1386 978 1772 1053; x_wconf 74' lang='grc' dir='ltr'>ἐπιὸουλεῧσαι,</span> <span class='ocrx_word' id='word_1_54' title='bbox 1788 981 2062 1045; x_wconf 69' lang='grc' dir='ltr'>δοκοῦντας</span> 
     </span>
     <span class='ocr_line' id='line_1_8' title="bbox 505 1073 875 1139; baseline -0.006 -9"><span class='ocrx_word' id='word_1_55' title='bbox 505 1076 538 1130; x_wconf 88' lang='grc' dir='ltr'>λ</span> <span class='ocrx_word' id='word_1_56' title='bbox 578 1073 701 1139; x_wconf 76' lang='grc' dir='ltr'>στὰς</span> <span class='ocrx_word' id='word_1_57' title='bbox 724 1095 747 1130; x_wconf 87' lang='grc' dir='ltr'>ε</span> <span class='ocrx_word' id='word_1_58' title='bbox 770 1094 875 1130; x_wconf 87' lang='grc' dir='ltr'>ναι.</span> 
     </span>
     <span class='ocr_line' id='line_1_9' title="bbox 540 1099 2063 1235; baseline -0.005 -17"><span class='ocrx_word' id='word_1_59' title='bbox 540 1099 670 1219; x_wconf 60' lang='grc' dir='ltr'>ῃίῖἱ.</span> <span class='ocrx_word' id='word_1_60' title='bbox 708 1181 763 1215; x_wconf 86' lang='lat' dir='ltr'><strong>v.</strong></span> <span class='ocrx_word' id='word_1_61' title='bbox 788 1160 954 1235; x_wconf 88' lang='lat'><strong>996:</strong></span> <span class='ocrx_word' id='word_1_62' title='bbox 990 1158 1235 1222; x_wconf 79' lang='grc' dir='ltr'>Μυθικῶς</span> <span class='ocrx_word' id='word_1_63' title='bbox 1263 1154 1421 1231; x_wconf 76' lang='grc' dir='ltr'>φησὶν</span> <span class='ocrx_word' id='word_1_64' title='bbox 1469 1156 1531 1229; x_wconf 80' lang='grc' dir='ltr'><strong>(ὁ</strong></span> <span class='ocrx_word' id='word_1_65' title='bbox 1553 1152 1931 1227; x_wconf 77' lang='grc' dir='ltr'>Ἀπολλώνιος)</span> <span class='ocrx_word' id='word_1_66' title='bbox 1961 1153 2063 1211; x_wconf 77' lang='grc' dir='ltr'><strong>ὑπὸ</strong></span> 
     </span>
     <span class='ocr_line' id='line_1_10' title="bbox 505 1240 2061 1327; baseline -0.005 -21.853"><span class='ocrx_word' id='word_1_67' title='bbox 505 1247 681 1326; x_wconf 81' lang='grc' dir='ltr'>Ἥρας</span> <span class='ocrx_word' id='word_1_68' title='bbox 714 1248 792 1327; x_wconf 81' lang='grc' dir='ltr'><strong>ἐφ</strong></span> <span class='ocrx_word' id='word_1_69' title='bbox 836 1244 1095 1323; x_wconf 80' lang='grc' dir='ltr'>Ἡρακλεῖ</span> <span class='ocrx_word' id='word_1_70' title='bbox 1121 1242 1403 1321; x_wconf 81' lang='grc' dir='ltr'>τετράφθαι</span> <span class='ocrx_word' id='word_1_71' title='bbox 1443 1242 1560 1308; x_wconf 90' lang='grc' dir='ltr'>τους</span> <span class='ocrx_word' id='word_1_72' title='bbox 1603 1244 1866 1319; x_wconf 81' lang='grc' dir='ltr'>Γηγενεῑς.</span> <span class='ocrx_word' id='word_1_73' title='bbox 1910 1240 1980 1302; x_wconf 81' lang='lat' dir='ltr'><strong>‘O</strong></span> <span class='ocrx_word' id='word_1_74' title='bbox 2006 1240 2061 1299; x_wconf 86' lang='grc' dir='ltr'><strong>δὲ</strong></span> 
     </span>
     <span class='ocr_line' id='line_1_11' title="bbox 510 1326 2062 1410; baseline -0.005 -17.995"><span class='ocrx_word' id='word_1_75' title='bbox 510 1338 666 1410; x_wconf 84' lang='grc' dir='ltr'>μυθος</span> <span class='ocrx_word' id='word_1_76' title='bbox 692 1332 798 1391; x_wconf 72' lang='grc' dir='ltr'><strong>ἀπὸ</strong></span> <span class='ocrx_word' id='word_1_77' title='bbox 820 1336 911 1389; x_wconf 81' lang='grc' dir='ltr'><strong>τοῦ</strong></span> <span class='ocrx_word' id='word_1_78' title='bbox 936 1329 1197 1405; x_wconf 79' lang='grc' dir='ltr'>Νεμεαίου</span> <span class='ocrx_word' id='word_1_79' title='bbox 1218 1327 1417 1394; x_wconf 83' lang='grc' dir='ltr'>λέοντος</span> <span class='ocrx_word' id='word_1_80' title='bbox 1441 1326 1626 1394; x_wconf 83' lang='grc' dir='ltr'>αὐτους</span> <span class='ocrx_word' id='word_1_81' title='bbox 1644 1337 1821 1409; x_wconf 72' lang='grc' dir='ltr'>γεννᾷ.</span> <span class='ocrx_word' id='word_1_82' title='bbox 1852 1331 1900 1389; x_wconf 83' lang='grc' dir='ltr'><strong>Π</strong></span> <span class='ocrx_word' id='word_1_83' title='bbox 1915 1351 1943 1386; x_wconf 89' lang='grc' dir='ltr'>ο</span> <span class='ocrx_word' id='word_1_84' title='bbox 1957 1326 2062 1387; x_wconf 81' lang='grc' dir='ltr'><strong>λύ-</strong></span> 
     </span>
     <span class='ocr_line' id='line_1_12' title="bbox 505 1413 2061 1504; baseline -0.005 -25"><span class='ocrx_word' id='word_1_85' title='bbox 505 1442 780 1504; x_wconf 87' lang='grc' dir='ltr'>γνωστος</span> <span class='ocrx_word' id='word_1_86' title='bbox 795 1419 849 1477; x_wconf 84' lang='grc' dir='ltr'><strong>δὲ</strong></span> <span class='ocrx_word' id='word_1_87' title='bbox 869 1420 923 1476; x_wconf 77' lang='grc' dir='ltr'>ἐν</span> <span class='ocrx_word' id='word_1_88' title='bbox 945 1418 1049 1482; x_wconf 81' lang='grc' dir='ltr'>τοῖς</span> <span class='ocrx_word' id='word_1_89' title='bbox 1070 1416 1202 1496; x_wconf 79' lang='grc' dir='ltr'>Περὶ</span> <span class='ocrx_word' id='word_1_90' title='bbox 1225 1418 1451 1483; x_wconf 78' lang='grc' dir='ltr'>Κυζικοῦ</span> <span class='ocrx_word' id='word_1_91' title='bbox 1474 1413 1672 1495; x_wconf 79' lang='grc' dir='ltr'>λῃστὰς</span> <span class='ocrx_word' id='word_1_92' title='bbox 1694 1414 1878 1481; x_wconf 76' lang='grc' dir='ltr'>αὐτους</span> <span class='ocrx_word' id='word_1_93' title='bbox 1900 1413 2061 1494; x_wconf 74' lang='grc' dir='ltr'>λέγει.</span> 
     </span>
     <span class='ocr_line' id='line_1_13' title="bbox 588 1496 2062 1581; baseline -0.006 -15"><span class='ocrx_word' id='word_1_94' title='bbox 588 1509 781 1567; x_wconf 81' lang='lat' dir='ltr'><strong>Codex</strong></span> <span class='ocrx_word' id='word_1_95' title='bbox 802 1509 1035 1564; x_wconf 87' lang='lat' dir='ltr'><strong>Parisin.</strong></span> <span class='ocrx_word' id='word_1_96' title='bbox 1070 1506 1113 1563; x_wconf 87' lang='lat' dir='ltr'><strong>l</strong></span> <span class='ocrx_word' id='word_1_97' title='bbox 1127 1525 1204 1579; x_wconf 85' lang='grc' dir='ltr'><strong>ηγ</strong></span> <span class='ocrx_word' id='word_1_98' title='bbox 1220 1501 1357 1560; x_wconf 82' lang='grc' dir='ltr'>ενέε</span> <span class='ocrx_word' id='word_1_99' title='bbox 1373 1522 1444 1569; x_wconf 72' lang='lat' dir='ltr'><strong>c:</strong></span> <span class='ocrx_word' id='word_1_100' title='bbox 1468 1500 1698 1567; x_wconf 81' lang='grc' dir='ltr'>Τούτους</span> <span class='ocrx_word' id='word_1_101' title='bbox 1731 1498 1941 1581; x_wconf 81' lang='grc' dir='ltr'>Διίοχος</span> <span class='ocrx_word' id='word_1_102' title='bbox 1966 1496 2062 1577; x_wconf 64' lang='grc' dir='ltr'><strong>μὶν</strong></span> 
     </span>
     <span class='ocr_line' id='line_1_14' title="bbox 509 1581 2063 1670; baseline -0.006 -16"><span class='ocrx_word' id='word_1_103' title='bbox 509 1591 817 1657; x_wconf 72' lang='grc' dir='ltr'>Θεσσαλοὺς</span> <span class='ocrx_word' id='word_1_104' title='bbox 843 1581 977 1649; x_wconf 72' lang='grc' dir='ltr'>εἷναί</span> <span class='ocrx_word' id='word_1_105' title='bbox 1003 1611 1130 1670; x_wconf 78' lang='grc' dir='ltr'>φησι</span> <span class='ocrx_word' id='word_1_106' title='bbox 1159 1588 1596 1667; x_wconf 79' lang='grc' dir='ltr'>ἐγγαστρόχειρας</span> <span class='ocrx_word' id='word_1_107' title='bbox 1633 1590 1811 1665; x_wconf 82' lang='lat' dir='ltr'><strong>(sic),</strong></span> <span class='ocrx_word' id='word_1_108' title='bbox 1837 1586 2063 1646; x_wconf 71' lang='grc' dir='ltr'>ἐπιδου-</span> 
     </span>
     <span class='ocr_line' id='line_1_15' title="bbox 506 1667 2061 1759; baseline -0.007 -17"><span class='ocrx_word' id='word_1_109' title='bbox 506 1686 692 1743; x_wconf 83' lang='grc' dir='ltr'>λευσαι</span> <span class='ocrx_word' id='word_1_110' title='bbox 712 1680 767 1739; x_wconf 91' lang='grc' dir='ltr'><strong>δὲ</strong></span> <span class='ocrx_word' id='word_1_111' title='bbox 787 1679 892 1744; x_wconf 79' lang='grc' dir='ltr'>τοῖς</span> <span class='ocrx_word' id='word_1_112' title='bbox 911 1675 1276 1759; x_wconf 75' lang='grc' dir='ltr'>Ἀργοναύταις</span> <span class='ocrx_word' id='word_1_113' title='bbox 1293 1677 1378 1734; x_wconf 81' lang='grc' dir='ltr'>διὰ</span> <span class='ocrx_word' id='word_1_114' title='bbox 1390 1676 1450 1743; x_wconf 80' lang='grc' dir='ltr'><strong>τὸ</strong></span> <span class='ocrx_word' id='word_1_115' title='bbox 1466 1674 1678 1752; x_wconf 77' lang='grc' dir='ltr'>νομίσαι</span> <span class='ocrx_word' id='word_1_116' title='bbox 1696 1673 1891 1757; x_wconf 78' lang='grc' dir='ltr'>λῃστὰς</span> <span class='ocrx_word' id='word_1_117' title='bbox 1910 1667 2061 1736; x_wconf 72' lang='grc' dir='ltr'>εἶναι.</span> 
     </span>
     <span class='ocr_line' id='line_1_16' title="bbox 514 1760 2061 1843; baseline -0.006 -16"><span class='ocrx_word' id='word_1_118' title='bbox 514 1772 564 1829; x_wconf 83' lang='grc' dir='ltr'><strong>ΙΙ</strong></span> <span class='ocrx_word' id='word_1_119' title='bbox 574 1765 690 1826; x_wconf 91' lang='grc' dir='ltr'>ολ</span> <span class='ocrx_word' id='word_1_120' title='bbox 665 1788 772 1841; x_wconf 85' lang='grc' dir='ltr'>υγν</span> <span class='ocrx_word' id='word_1_121' title='bbox 788 1786 943 1831; x_wconf 88' lang='grc' dir='ltr'>ωτος</span> <span class='ocrx_word' id='word_1_122' title='bbox 967 1762 1021 1821; x_wconf 87' lang='grc' dir='ltr'><strong>δὲ</strong></span> <span class='ocrx_word' id='word_1_123' title='bbox 1049 1765 1102 1821; x_wconf 78' lang='grc' dir='ltr'>ἐν</span> <span class='ocrx_word' id='word_1_124' title='bbox 1138 1764 1244 1830; x_wconf 86' lang='grc' dir='ltr'>τοῖς</span> <span class='ocrx_word' id='word_1_125' title='bbox 1265 1763 1400 1842; x_wconf 80' lang='grc' dir='ltr'>Περὶ</span> <span class='ocrx_word' id='word_1_126' title='bbox 1431 1761 1659 1830; x_wconf 81' lang='grc' dir='ltr'>Κυζίκου</span> <span class='ocrx_word' id='word_1_127' title='bbox 1690 1760 1885 1841; x_wconf 76' lang='grc' dir='ltr'>λῃστὰς</span> <span class='ocrx_word' id='word_1_128' title='bbox 1908 1760 2061 1843; x_wconf 78' lang='grc' dir='ltr'>φησὶν</span> 
     </span>
     <span class='ocr_line' id='line_1_17' title="bbox 509 1844 2064 1926; baseline -0.006 -12"><span class='ocrx_word' id='word_1_129' title='bbox 509 1854 689 1921; x_wconf 86' lang='grc' dir='ltr'>αυτους</span> <span class='ocrx_word' id='word_1_130' title='bbox 718 1844 869 1919; x_wconf 74' lang='grc' dir='ltr'>εἶναι.</span> <span class='ocrx_word' id='word_1_131' title='bbox 901 1851 970 1911; x_wconf 79' lang='lat'><strong>‘0</strong></span> <span class='ocrx_word' id='word_1_132' title='bbox 994 1850 1049 1909; x_wconf 85' lang='grc' dir='ltr'><strong>δὲ</strong></span> <span class='ocrx_word' id='word_1_133' title='bbox 1078 1854 1237 1926; x_wconf 88' lang='grc' dir='ltr'>μυθος</span> <span class='ocrx_word' id='word_1_134' title='bbox 1275 1850 1379 1915; x_wconf 76' lang='grc' dir='ltr'><strong>ἀπὸ</strong></span> <span class='ocrx_word' id='word_1_135' title='bbox 1416 1873 1506 1908; x_wconf 90' lang='grc' dir='ltr'><strong>του</strong></span> <span class='ocrx_word' id='word_1_136' title='bbox 1550 1851 1816 1925; x_wconf 82' lang='grc' dir='ltr'>Νεμεαίου</span> <span class='ocrx_word' id='word_1_137' title='bbox 1861 1850 2064 1913; x_wconf 83' lang='grc' dir='ltr'>λέοντος</span> 
     </span>
     <span class='ocr_line' id='line_1_18' title="bbox 509 1924 2062 2020; baseline -0.006 -21"><span class='ocrx_word' id='word_1_138' title='bbox 509 1942 693 2005; x_wconf 80' lang='grc' dir='ltr'>αὐτους</span> <span class='ocrx_word' id='word_1_139' title='bbox 715 1930 896 2020; x_wconf 70' lang='grc' dir='ltr'>γεννᾷ,</span> <span class='ocrx_word' id='word_1_140' title='bbox 923 1936 1014 1996; x_wconf 78' lang='grc' dir='ltr'><strong>καὶ</strong></span> <span class='ocrx_word' id='word_1_141' title='bbox 1040 1936 1140 1994; x_wconf 73' lang='grc' dir='ltr'><strong>ὑπὸ</strong></span> <span class='ocrx_word' id='word_1_142' title='bbox 1166 1934 1345 2014; x_wconf 85' lang='grc' dir='ltr'>Ἥρας</span> <span class='ocrx_word' id='word_1_143' title='bbox 1374 1936 1452 2015; x_wconf 74' lang='grc' dir='ltr'><strong>ἐφ’</strong></span> <span class='ocrx_word' id='word_1_144' title='bbox 1482 1934 1737 2015; x_wconf 82' lang='grc' dir='ltr'>Ἡρακλεῖ</span> <span class='ocrx_word' id='word_1_145' title='bbox 1775 1924 2062 2015; x_wconf 71' lang='grc' dir='ltr'>τετράφθαι</span> 
     </span>
     <span class='ocr_line' id='line_1_19' title="bbox 546 2026 688 2098; baseline -0.008 -13"><span class='ocrx_word' id='word_1_146' title='bbox 546 2026 688 2098; x_wconf 87' lang='grc' dir='ltr'>ησίν.</span> 
     </span>
     <span class='ocr_line' id='line_1_20' title="bbox 508 2049 2063 2189; baseline -0.004 -15"><span class='ocrx_word' id='word_1_147' title='bbox 508 2049 543 2106; x_wconf 63' lang='lat'><strong>⁴?</strong></span> <span class='ocrx_word' id='word_1_148' title='bbox 585 2112 756 2178; x_wconf 78' lang='grc' dir='ltr'>Χυτὸς</span> <span class='ocrx_word' id='word_1_149' title='bbox 797 2111 1000 2189; x_wconf 79' lang='grc' dir='ltr'>λιμήν]</span> <span class='ocrx_word' id='word_1_150' title='bbox 1044 2115 1169 2169; x_wconf 85' lang='lat' dir='ltr'><strong>Hoc</strong></span> <span class='ocrx_word' id='word_1_151' title='bbox 1203 2115 1255 2169; x_wconf 90' lang='lat' dir='ltr'><strong>ei</strong></span> <span class='ocrx_word' id='word_1_152' title='bbox 1306 2130 1515 2168; x_wconf 88' lang='lat' dir='ltr'><strong>nomen</strong></span> <span class='ocrx_word' id='word_1_153' title='bbox 1553 2111 1838 2168; x_wconf 86' lang='lat' dir='ltr'><strong>dederunt</strong></span> <span class='ocrx_word' id='word_1_154' title='bbox 1887 2130 2063 2186; x_wconf 91' lang='lat' dir='ltr'><strong>opera</strong></span> 
     </span>
     <span class='ocr_line' id='line_1_21' title="bbox 508 2196 2063 2278; baseline -0.003 -19"><span class='ocrx_word' id='word_1_155' title='bbox 508 2201 788 2278; x_wconf 75' lang='lat' dir='ltr'>pelasgica</span> <span class='ocrx_word' id='word_1_156' title='bbox 808 2196 993 2277; x_wconf 83' lang='lat' dir='ltr'><strong>prope</strong></span> <span class='ocrx_word' id='word_1_157' title='bbox 1006 2212 1238 2275; x_wconf 84' lang='lat' dir='ltr'><strong>portum</strong></span> <span class='ocrx_word' id='word_1_158' title='bbox 1257 2201 1395 2260; x_wconf 86' lang='lat' dir='ltr'><strong>olim</strong></span> <span class='ocrx_word' id='word_1_159' title='bbox 1410 2210 1689 2256; x_wconf 83' lang='lat' dir='ltr'><strong>exstructa</strong></span> <span class='ocrx_word' id='word_1_160' title='bbox 1702 2201 1835 2255; x_wconf 88' lang='lat' dir='ltr'><strong>etin</strong></span> <span class='ocrx_word' id='word_1_161' title='bbox 1858 2201 2063 2273; x_wconf 82' lang='lat' dir='ltr'><strong>penin-</strong></span> 
     </span>
     <span class='ocr_line' id='line_1_22' title="bbox 506 2286 2059 2364; baseline -0.003 -17"><span class='ocrx_word' id='word_1_162' title='bbox 506 2293 644 2360; x_wconf 87' lang='lat' dir='ltr'><strong>sula,</strong></span> <span class='ocrx_word' id='word_1_163' title='bbox 672 2308 794 2364; x_wconf 80' lang='lat' dir='ltr'><strong>quae</strong></span> <span class='ocrx_word' id='word_1_164' title='bbox 818 2290 962 2344; x_wconf 86' lang='lat' dir='ltr'><strong>ostio</strong></span> <span class='ocrx_word' id='word_1_165' title='bbox 989 2299 1190 2362; x_wconf 88' lang='lat' dir='ltr'><strong>portus</strong></span> <span class='ocrx_word' id='word_1_166' title='bbox 1211 2286 1598 2361; x_wconf 74' lang='lat' dir='ltr'><strong>praetenditur.</strong></span> <span class='ocrx_word' id='word_1_167' title='bbox 1617 2286 1847 2342; x_wconf 85' lang='lat' dir='ltr'><strong>Rudera</strong></span> <span class='ocrx_word' id='word_1_168' title='bbox 1866 2287 2059 2342; x_wconf 87' lang='lat' dir='ltr'><strong>etiam-</strong></span> 
     </span>
     <span class='ocr_line' id='line_1_23' title="bbox 507 2373 2061 2451; baseline -0.005 -18"><span class='ocrx_word' id='word_1_169' title='bbox 507 2396 645 2433; x_wconf 87' lang='lat' dir='ltr'><strong>num</strong></span> <span class='ocrx_word' id='word_1_170' title='bbox 683 2387 997 2451; x_wconf 85' lang='lat' dir='ltr'>supersunt.</span> <span class='ocrx_word' id='word_1_171' title='bbox 1046 2375 1187 2434; x_wconf 85' lang='lat' dir='ltr'>Vide</span> <span class='ocrx_word' id='word_1_172' title='bbox 1232 2375 1432 2431; x_wconf 84' lang='lat' dir='ltr'><strong>Sestini</strong></span> <span class='ocrx_word' id='word_1_173' title='bbox 1475 2376 1689 2428; x_wconf 80' lang='lat' dir='ltr'><strong>Lettere</strong></span> <span class='ocrx_word' id='word_1_174' title='bbox 1732 2373 2061 2446; x_wconf 74' lang='lat' dir='ltr'><strong>odeporiche</strong></span> 
     </span>
     <span class='ocr_line' id='line_1_24' title="bbox 509 2460 2055 2542; baseline -0.003 -23"><span class='ocrx_word' id='word_1_175' title='bbox 509 2465 779 2539; x_wconf 76' lang='lat' dir='ltr'><strong>(Livor-no</strong></span> <span class='ocrx_word' id='word_1_176' title='bbox 822 2460 1034 2539; x_wconf 84' lang='lat'><strong>1785),</strong></span> <span class='ocrx_word' id='word_1_177' title='bbox 1066 2473 1204 2518; x_wconf 88' lang='lat' dir='ltr'><strong>tom.</strong></span> <span class='ocrx_word' id='word_1_178' title='bbox 1246 2462 1304 2528; x_wconf 94' lang='lat' dir='ltr'><strong>I,</strong></span> <span class='ocrx_word' id='word_1_179' title='bbox 1357 2479 1418 2542; x_wconf 88' lang='lat' dir='ltr'><strong>p.</strong></span> <span class='ocrx_word' id='word_1_180' title='bbox 1472 2479 1570 2530; x_wconf 76' lang='lat'><strong>193</strong></span> <span class='ocrx_word' id='word_1_181' title='bbox 1599 2460 1951 2533; x_wconf 87' lang='lat' dir='ltr'><strong>Marquardt.</strong></span> <span class='ocrx_word' id='word_1_182' title='bbox 1992 2480 2055 2534; x_wconf 87' lang='lat' dir='ltr'><strong>p.</strong></span> 
     </span>
     <span class='ocr_line' id='line_1_25' title="bbox 519 2548 2058 2623; baseline -0.003 -16"><span class='ocrx_word' id='word_1_183' title='bbox 519 2561 583 2619; x_wconf 75' lang='lat'><strong>14</strong></span> <span class='ocrx_word' id='word_1_184' title='bbox 613 2564 671 2609; x_wconf 88' lang='lat' dir='ltr'><strong>et</strong></span> <span class='ocrx_word' id='word_1_185' title='bbox 718 2559 813 2616; x_wconf 75' lang='grc'><strong>44.</strong></span> <span class='ocrx_word' id='word_1_186' title='bbox 844 2550 1104 2623; x_wconf 78' lang='lat' dir='ltr'><strong>Pelasgos</strong></span> <span class='ocrx_word' id='word_1_187' title='bbox 1142 2550 1391 2623; x_wconf 81' lang='lat' dir='ltr'><strong>intellige</strong></span> <span class='ocrx_word' id='word_1_188' title='bbox 1422 2548 1789 2617; x_wconf 68' lang='lat' dir='ltr'><strong>Thessalicos,</strong></span> <span class='ocrx_word' id='word_1_189' title='bbox 1838 2551 1938 2622; x_wconf 91' lang='lat' dir='ltr'><strong>qui</strong></span> <span class='ocrx_word' id='word_1_190' title='bbox 1987 2550 2058 2603; x_wconf 91' lang='lat' dir='ltr'><strong>ab</strong></span> 
     </span>
     <span class='ocr_line' id='line_1_26' title="bbox 508 2635 2058 2711; baseline -0.004 -17"><span class='ocrx_word' id='word_1_191' title='bbox 508 2638 746 2694; x_wconf 82' lang='lat' dir='ltr'><strong>AEolidis</strong></span> <span class='ocrx_word' id='word_1_192' title='bbox 762 2638 944 2711; x_wconf 89' lang='lat' dir='ltr'><strong>patria</strong></span> <span class='ocrx_word' id='word_1_193' title='bbox 960 2637 1107 2709; x_wconf 85' lang='lat' dir='ltr'><strong>pulsi</strong></span> <span class='ocrx_word' id='word_1_194' title='bbox 1123 2638 1180 2690; x_wconf 89' lang='lat' dir='ltr'><strong>in</strong></span> <span class='ocrx_word' id='word_1_195' title='bbox 1199 2635 1524 2709; x_wconf 82' lang='lat' dir='ltr'><strong>Cyziceuam</strong></span> <span class='ocrx_word' id='word_1_196' title='bbox 1540 2636 1830 2709; x_wconf 80' lang='lat' dir='ltr'>regionem</span> <span class='ocrx_word' id='word_1_197' title='bbox 1854 2638 2058 2710; x_wconf 79' lang='lat' dir='ltr'><strong>migra-</strong></span> 
     </span>
     <span class='ocr_line' id='line_1_27' title="bbox 507 2722 2051 2796; baseline 0.001 -18"><span class='ocrx_word' id='word_1_198' title='bbox 507 2737 732 2794; x_wconf 79' lang='lat' dir='ltr'>verant,</span> <span class='ocrx_word' id='word_1_199' title='bbox 782 2724 975 2796; x_wconf 85' lang='lat' dir='ltr'><strong>ibique</strong></span> <span class='ocrx_word' id='word_1_200' title='bbox 1012 2724 1210 2779; x_wconf 90' lang='lat' dir='ltr'><strong>urbem</strong></span> <span class='ocrx_word' id='word_1_201' title='bbox 1252 2722 1512 2796; x_wconf 80' lang='lat' dir='ltr'>Cyzicum</span> <span class='ocrx_word' id='word_1_202' title='bbox 1540 2722 1932 2779; x_wconf 83' lang='lat' dir='ltr'><strong>condiderant.</strong></span> <span class='ocrx_word' id='word_1_203' title='bbox 1966 2725 2051 2780; x_wconf 87' lang='lat' dir='ltr'><strong>Cf.</strong></span> 
     </span>
     <span class='ocr_line' id='line_1_28' title="bbox 508 2806 2055 2885; baseline -0.002 -17"><span class='ocrx_word' id='word_1_204' title='bbox 508 2811 729 2868; x_wconf 86' lang='lat' dir='ltr'><strong>Miiller.</strong></span> <span class='ocrx_word' id='word_1_205' title='bbox 753 2813 898 2866; x_wconf 72' lang='lat' dir='ltr'><strong>Mn.</strong></span> <span class='ocrx_word' id='word_1_206' title='bbox 935 2827 992 2882; x_wconf 89' lang='lat' dir='ltr'><strong>p.</strong></span> <span class='ocrx_word' id='word_1_207' title='bbox 1032 2808 1167 2875; x_wconf 73' lang='lat'><strong>243.</strong></span> <span class='ocrx_word' id='word_1_208' title='bbox 1199 2806 1336 2885; x_wconf 75' lang='lat'><strong>254,</strong></span> <span class='ocrx_word' id='word_1_209' title='bbox 1364 2806 1417 2862; x_wconf 89' lang='lat'><strong>5.</strong></span> <span class='ocrx_word' id='word_1_210' title='bbox 1446 2807 1582 2878; x_wconf 82' lang='lat'><strong>287.</strong></span> <span class='ocrx_word' id='word_1_211' title='bbox 1625 2810 1845 2864; x_wconf 86' lang='lat' dir='ltr'><strong>Horum</strong></span> <span class='ocrx_word' id='word_1_212' title='bbox 1894 2829 2055 2883; x_wconf 74' lang='lat' dir='ltr'><strong>parS,</strong></span> 
     </span>
     <span class='ocr_line' id='line_1_29' title="bbox 511 2890 2060 2973; baseline -0.001 -19"><span class='ocrx_word' id='word_1_213' title='bbox 511 2898 528 2973; x_wconf 96' lang='lat'><strong>(</strong></span> <span class='ocrx_word' id='word_1_214' title='bbox 552 2895 817 2955; x_wconf 78' lang='grc' dir='ltr'>Θεσσαλοὶ</span> <span class='ocrx_word' id='word_1_215' title='bbox 836 2890 1286 2972; x_wconf 76' lang='grc' dir='ltr'>ἐγχειρογάστορες</span> <span class='ocrx_word' id='word_1_216' title='bbox 1307 2891 1329 2970; x_wconf 92' lang='grc'>)</span> <span class='ocrx_word' id='word_1_217' title='bbox 1351 2895 1550 2948; x_wconf 87' lang='lat' dir='ltr'><strong>veteris</strong></span> <span class='ocrx_word' id='word_1_218' title='bbox 1578 2892 1796 2967; x_wconf 84' lang='lat' dir='ltr'><strong>injuriae</strong></span> <span class='ocrx_word' id='word_1_219' title='bbox 1830 2915 1863 2951; x_wconf 89' lang='lat' dir='ltr'><strong>a</strong></span> <span class='ocrx_word' id='word_1_220' title='bbox 1885 2897 2060 2953; x_wconf 89' lang='lat' dir='ltr'><strong>Thes-</strong></span> 
     </span>
     <span class='ocr_line' id='line_1_30' title="bbox 508 2979 2059 3056; baseline 0.002 -18"><span class='ocrx_word' id='word_1_221' title='bbox 508 2985 652 3052; x_wconf 81' lang='lat' dir='ltr'><strong>salis,</strong></span> <span class='ocrx_word' id='word_1_222' title='bbox 685 2985 837 3039; x_wconf 87' lang='lat' dir='ltr'><strong>AEoli</strong></span> <span class='ocrx_word' id='word_1_223' title='bbox 858 2983 1119 3056; x_wconf 80' lang='lat' dir='ltr'><strong>prosapia</strong></span> <span class='ocrx_word' id='word_1_224' title='bbox 1137 3022 1152 3049; x_wconf 90' lang='lat'><strong>,</strong></span> <span class='ocrx_word' id='word_1_225' title='bbox 1186 2980 1291 3036; x_wconf 85' lang='lat' dir='ltr'><strong>sibi</strong></span> <span class='ocrx_word' id='word_1_226' title='bbox 1323 2979 1490 3037; x_wconf 84' lang='lat' dir='ltr'><strong>illatae</strong></span> <span class='ocrx_word' id='word_1_227' title='bbox 1535 3001 1840 3055; x_wconf 85' lang='lat' dir='ltr'><strong>memores,</strong></span> <span class='ocrx_word' id='word_1_228' title='bbox 1884 2996 1941 3040; x_wconf 90' lang='lat' dir='ltr'><strong>et</strong></span> <span class='ocrx_word' id='word_1_229' title='bbox 1965 3003 2059 3041; x_wconf 83' lang='lat' dir='ltr'><strong>ra-</strong></span> 
     </span>
     <span class='ocr_line' id='line_1_31' title="bbox 508 3069 2058 3143; baseline 0.002 -19"><span class='ocrx_word' id='word_1_230' title='bbox 508 3073 666 3143; x_wconf 89' lang='lat' dir='ltr'><strong>pinas</strong></span> <span class='ocrx_word' id='word_1_231' title='bbox 692 3088 890 3124; x_wconf 89' lang='lat' dir='ltr'><strong>eorum</strong></span> <span class='ocrx_word' id='word_1_232' title='bbox 925 3079 1265 3134; x_wconf 85' lang='lat' dir='ltr'><strong>metuentes,</strong></span> <span class='ocrx_word' id='word_1_233' title='bbox 1295 3079 1527 3140; x_wconf 85' lang='lat' dir='ltr'><strong>portum</strong></span> <span class='ocrx_word' id='word_1_234' title='bbox 1558 3069 1850 3127; x_wconf 84' lang='lat' dir='ltr'><strong>obstruere</strong></span> <span class='ocrx_word' id='word_1_235' title='bbox 1875 3073 2058 3127; x_wconf 88' lang='lat' dir='ltr'><strong>moliti</strong></span> 
     </span>
     <span class='ocr_line' id='line_1_32' title="bbox 506 3151 2058 3233; baseline 0.001 -20"><span class='ocrx_word' id='word_1_236' title='bbox 506 3169 652 3214; x_wconf 88' lang='lat' dir='ltr'><strong>sunt.</strong></span> <span class='ocrx_word' id='word_1_237' title='bbox 675 3157 933 3213; x_wconf 88' lang='lat' dir='ltr'><strong>Ceterum</strong></span> <span class='ocrx_word' id='word_1_238' title='bbox 959 3155 1155 3211; x_wconf 76' lang='lat' dir='ltr'><strong>confer</strong></span> <span class='ocrx_word' id='word_1_239' title='bbox 1185 3151 1430 3212; x_wconf 79' lang='lat' dir='ltr'><strong>fabulam</strong></span> <span class='ocrx_word' id='word_1_240' title='bbox 1457 3158 1792 3213; x_wconf 85' lang='lat' dir='ltr'><strong>simillimam</strong></span> <span class='ocrx_word' id='word_1_241' title='bbox 1813 3178 1905 3233; x_wconf 89' lang='lat' dir='ltr'><strong>ap.</strong></span> <span class='ocrx_word' id='word_1_242' title='bbox 1937 3157 2058 3215; x_wconf 89' lang='lat' dir='ltr'><strong>Ste-</strong></span> 
     </span>
     <span class='ocr_line' id='line_1_33' title="bbox 506 3239 2057 3324; baseline 0.003 -26"><span class='ocrx_word' id='word_1_243' title='bbox 506 3245 676 3317; x_wconf 88' lang='lat' dir='ltr'><strong>phan.</strong></span> <span class='ocrx_word' id='word_1_244' title='bbox 704 3245 818 3316; x_wconf 77' lang='lat' dir='ltr'><strong>Byz</strong></span> <span class='ocrx_word' id='word_1_245' title='bbox 842 3262 896 3298; x_wconf 87' lang='lat' dir='ltr'><strong>v.</strong></span> <span class='ocrx_word' id='word_1_246' title='bbox 919 3239 1167 3305; x_wconf 76' lang='grc' dir='ltr'>Βέσόικος</span> <span class='ocrx_word' id='word_1_247' title='bbox 1199 3260 1267 3297; x_wconf 84' lang='lat' dir='ltr'><strong>ex</strong></span> <span class='ocrx_word' id='word_1_248' title='bbox 1297 3244 1606 3316; x_wconf 83' lang='lat' dir='ltr'><strong>Agathocle</strong></span> <span class='ocrx_word' id='word_1_249' title='bbox 1628 3243 1653 3318; x_wconf 92' lang='grc'><strong>·(</strong></span> <span class='ocrx_word' id='word_1_250' title='bbox 1672 3242 1803 3324; x_wconf 81' lang='grc' dir='ltr'>Περὶ</span> <span class='ocrx_word' id='word_1_251' title='bbox 1833 3245 2057 3313; x_wconf 81' lang='grc' dir='ltr'>Κυζίκου</span> 
     </span>
     <span class='ocr_line' id='line_1_34' title="bbox 507 3327 2054 3410; baseline 0.002 -24"><span class='ocrx_word' id='word_1_252' title='bbox 507 3332 575 3389; x_wconf 64' lang='lat' dir='ltr'><strong>fr.</strong></span> <span class='ocrx_word' id='word_1_253' title='bbox 612 3331 643 3387; x_wconf 84' lang='lat'>3</span> <span class='ocrx_word' id='word_1_254' title='bbox 673 3332 713 3404; x_wconf 85' lang='lat'><strong>).</strong></span> <span class='ocrx_word' id='word_1_255' title='bbox 735 3362 808 3373; x_wconf 95' lang='lat'>—</span> <span class='ocrx_word' id='word_1_256' title='bbox 830 3327 1358 3409; x_wconf 65' lang='grc' dir='ltr'>Ἐἀειρογοίστορες]</span> <span class='ocrx_word' id='word_1_257' title='bbox 1388 3332 1436 3387; x_wconf 77' lang='grc' dir='ltr'>οἱ</span> <span class='ocrx_word' id='word_1_258' title='bbox 1457 3328 1561 3387; x_wconf 77' lang='grc' dir='ltr'><strong>ἀπὸ</strong></span> <span class='ocrx_word' id='word_1_259' title='bbox 1589 3333 1692 3387; x_wconf 86' lang='grc' dir='ltr'><strong>τῶν</strong></span> <span class='ocrx_word' id='word_1_260' title='bbox 1728 3335 1920 3410; x_wconf 73' lang='grc' dir='ltr'>χειρῶν</span> <span class='ocrx_word' id='word_1_261' title='bbox 1947 3355 2054 3409; x_wconf 85' lang='grc' dir='ltr'><strong>γα-</strong></span> 
     </span>
     <span class='ocr_line' id='line_1_35' title="bbox 506 3413 2057 3509; baseline 0.002 -35"><span class='ocrx_word' id='word_1_262' title='bbox 506 3415 828 3509; x_wconf 85' lang='grc' dir='ltr'>στριζόμενοι</span> <span class='ocrx_word' id='word_1_263' title='bbox 847 3416 938 3474; x_wconf 76' lang='grc' dir='ltr'><strong>καὶ</strong></span> <span class='ocrx_word' id='word_1_264' title='bbox 960 3417 1026 3493; x_wconf 76' lang='grc' dir='ltr'><strong>τῇ</strong></span> <span class='ocrx_word' id='word_1_265' title='bbox 1050 3414 1238 3493; x_wconf 74' lang='grc' dir='ltr'>γαστρὶ</span> <span class='ocrx_word' id='word_1_266' title='bbox 1265 3413 1578 3495; x_wconf 81' lang='grc' dir='ltr'>πορίζοντες.</span> <span class='ocrx_word' id='word_1_267' title='bbox 1613 3415 1871 3495; x_wconf 80' lang='grc' dir='ltr'>Δέγονται</span> <span class='ocrx_word' id='word_1_268' title='bbox 1889 3417 1944 3476; x_wconf 70' lang='grc' dir='ltr'><strong>δὲ</strong></span> <span class='ocrx_word' id='word_1_269' title='bbox 1966 3419 2057 3477; x_wconf 78' lang='grc' dir='ltr'><strong>καὶ</strong></span> 
     </span>
     <span class='ocr_line' id='line_1_36' title="bbox 505 3495 2053 3583; baseline 0.002 -24"><span class='ocrx_word' id='word_1_270' title='bbox 505 3495 890 3583; x_wconf 69' lang='grc' dir='ltr'>γαστρόχειρες,</span> <span class='ocrx_word' id='word_1_271' title='bbox 916 3507 1065 3576; x_wconf 61' lang='lat' dir='ltr'><strong>Hes)</strong></span> <span class='ocrx_word' id='word_1_272' title='bbox 1064 3505 1155 3558; x_wconf 81' lang='lat' dir='ltr'><strong>ch.</strong></span> <span class='ocrx_word' id='word_1_273' title='bbox 1184 3505 1350 3560; x_wconf 89' lang='lat' dir='ltr'><strong>Plura</strong></span> <span class='ocrx_word' id='word_1_274' title='bbox 1377 3526 1432 3559; x_wconf 83' lang='lat' dir='ltr'><strong>v.</strong></span> <span class='ocrx_word' id='word_1_275' title='bbox 1465 3508 1523 3560; x_wconf 83' lang='lat' dir='ltr'><strong>in</strong></span> <span class='ocrx_word' id='word_1_276' title='bbox 1552 3503 1748 3580; x_wconf 81' lang='lat' dir='ltr'><strong>steph.</strong></span> <span class='ocrx_word' id='word_1_277' title='bbox 1788 3508 1950 3564; x_wconf 87' lang='lat' dir='ltr'><strong>Thes.</strong></span> <span class='ocrx_word' id='word_1_278' title='bbox 1997 3528 2053 3563; x_wconf 84' lang='lat' dir='ltr'><strong>v.</strong></span> 
     </span>
     <span class='ocr_line' id='line_1_37' title="bbox 506 3590 969 3670; baseline -0.005 -19.906"><span class='ocrx_word' id='word_1_279' title='bbox 506 3590 969 3670; x_wconf 75' lang='grc' dir='ltr'>Ἐγχειριγᾶστωρ.</span> 
     </span>
     <span class='ocr_line' id='line_1_38' title="bbox 584 3677 2059 3759; baseline 0.002 -26"><span class='ocrx_word' id='word_1_280' title='bbox 584 3681 668 3734; x_wconf 90' lang='lat' dir='ltr'><strong>De</strong></span> <span class='ocrx_word' id='word_1_281' title='bbox 708 3679 1022 3751; x_wconf 67' lang='lat' dir='ltr'><strong>Pob‘gnoeo</strong></span> <span class='ocrx_word' id='word_1_282' title='bbox 1058 3682 1174 3735; x_wconf 83' lang='lat' dir='ltr'><strong>sive</strong></span> <span class='ocrx_word' id='word_1_283' title='bbox 1202 3681 1535 3754; x_wconf 63' lang='lat' dir='ltr'><strong>Pob‘gnosto</strong></span> <span class='ocrx_word' id='word_1_284' title='bbox 1548 3721 1561 3746; x_wconf 91' lang='lat'>‚</span> <span class='ocrx_word' id='word_1_285' title='bbox 1615 3681 1713 3753; x_wconf 90' lang='lat' dir='ltr'><strong>qui</strong></span> <span class='ocrx_word' id='word_1_286' title='bbox 1752 3682 1887 3736; x_wconf 88' lang='lat' dir='ltr'><strong>item</strong></span> <span class='ocrx_word' id='word_1_287' title='bbox 1923 3677 2059 3759; x_wconf 70' lang='grc' dir='ltr'>Περὶ</span> 
     </span>
    </p>
   </div>
   <div class='ocr_carea' id='block_1_3' title="bbox 405 3763 2058 3842">
    <p class='ocr_par' dir='ltr' id='par_1_3' title="bbox 405 3763 2058 3842">
     <span class='ocr_line' id='line_1_39' title="bbox 405 3763 2058 3842; baseline -0.002 -17"><span class='ocrx_word' id='word_1_288' title='bbox 405 3779 413 3786; x_wconf 84' lang='grc'><em>·</em></span> <span class='ocrx_word' id='word_1_289' title='bbox 507 3763 730 3832; x_wconf 79' lang='grc' dir='ltr'>Κυζίκου</span> <span class='ocrx_word' id='word_1_290' title='bbox 755 3768 1030 3842; x_wconf 80' lang='lat' dir='ltr'><strong>scripsisse</strong></span> <span class='ocrx_word' id='word_1_291' title='bbox 1053 3767 1282 3836; x_wconf 83' lang='lat' dir='ltr'><strong>dicitur,</strong></span> <span class='ocrx_word' id='word_1_292' title='bbox 1308 3767 1535 3824; x_wconf 84' lang='lat' dir='ltr'><strong>aliunde</strong></span> <span class='ocrx_word' id='word_1_293' title='bbox 1563 3786 1682 3823; x_wconf 88' lang='lat' dir='ltr'><strong>non</strong></span> <span class='ocrx_word' id='word_1_294' title='bbox 1705 3780 1941 3824; x_wconf 88' lang='lat' dir='ltr'><strong>constat.</strong></span> <span class='ocrx_word' id='word_1_295' title='bbox 1980 3802 2058 3822; x_wconf 55' lang='grc'><strong>«-</strong></span> 
     </span>
    </p>
   </div>
   <div class='ocr_carea' id='block_1_4' title="bbox 504 3850 1878 4048">
    <p class='ocr_par' dir='ltr' id='par_1_4' title="bbox 504 3850 1878 4048">
     <span class='ocr_line' id='line_1_40' title="bbox 504 3850 1878 3929; baseline 0.001 -20"><span class='ocrx_word' id='word_1_296' title='bbox 504 3850 765 3929; x_wconf 81' lang='grc' dir='ltr'>Νεμεαίου</span> <span class='ocrx_word' id='word_1_297' title='bbox 790 3851 993 3916; x_wconf 74' lang='grc' dir='ltr'>λέοντος</span> <span class='ocrx_word' id='word_1_298' title='bbox 1015 3855 1207 3922; x_wconf 82' lang='lat' dir='ltr'><strong>1cons.</strong></span> <span class='ocrx_word' id='word_1_299' title='bbox 1240 3854 1525 3911; x_wconf 86' lang='lat' dir='ltr'><strong>Herodori</strong></span> <span class='ocrx_word' id='word_1_300' title='bbox 1550 3853 1620 3908; x_wconf 82' lang='lat' dir='ltr'><strong>fr.</strong></span> <span class='ocrx_word' id='word_1_301' title='bbox 1653 3872 1742 3909; x_wconf 85' lang='grc' dir='ltr'><strong>ιο.</strong></span> <span class='ocrx_word' id='word_1_302' title='bbox 1783 3854 1878 3921; x_wconf 73' lang='grc'><strong>45.</strong></span> 
     </span>
     <span class='ocr_line' id='line_1_41' title="bbox 1244 3995 1302 4048; baseline -0.034 0"><span class='ocrx_word' id='word_1_303' title='bbox 1244 3995 1302 4048; x_wconf 87' lang='grc'><strong>6.</strong></span> 
     </span>
    </p>
   </div>
   <div class='ocr_carea' id='block_1_5' title="bbox 506 4133 2058 4295">
    <p class='ocr_par' dir='ltr' id='par_1_5' title="bbox 506 4133 2058 4295">
     <span class='ocr_line' id='line_1_42' title="bbox 582 4133 2058 4207; baseline 0.001 -20"><span class='ocrx_word' id='word_1_304' title='bbox 582 4136 919 4206; x_wconf 61' lang='lat' dir='ltr'><strong>Argonautae</strong></span> <span class='ocrx_word' id='word_1_305' title='bbox 941 4133 1143 4204; x_wconf 84' lang='lat' dir='ltr'><strong>Cyzico</strong></span> <span class='ocrx_word' id='word_1_306' title='bbox 1181 4134 1357 4187; x_wconf 85' lang='lat' dir='ltr'><strong>avecti</strong></span> <span class='ocrx_word' id='word_1_307' title='bbox 1399 4152 1532 4188; x_wconf 80' lang='lat' dir='ltr'><strong>mox</strong></span> <span class='ocrx_word' id='word_1_308' title='bbox 1562 4145 1687 4189; x_wconf 90' lang='lat' dir='ltr'><strong>orta</strong></span> <span class='ocrx_word' id='word_1_309' title='bbox 1734 4145 2058 4207; x_wconf 85' lang='lat' dir='ltr'><strong>tempestate</strong></span> 
     </span>
     <span class='ocr_line' id='line_1_43' title="bbox 506 4217 2055 4295; baseline 0.002 -21"><span class='ocrx_word' id='word_1_310' title='bbox 506 4229 678 4274; x_wconf 89' lang='lat' dir='ltr'><strong>noctu</strong></span> <span class='ocrx_word' id='word_1_311' title='bbox 705 4217 777 4275; x_wconf 90' lang='lat' dir='ltr'><strong>ad</strong></span> <span class='ocrx_word' id='word_1_312' title='bbox 807 4238 965 4275; x_wconf 84' lang='lat' dir='ltr'><strong>oram</strong></span> <span class='ocrx_word' id='word_1_313' title='bbox 987 4221 1296 4275; x_wconf 87' lang='lat' dir='ltr'><strong>Dolionum</strong></span> <span class='ocrx_word' id='word_1_314' title='bbox 1318 4261 1334 4289; x_wconf 91' lang='lat'>‚</span> <span class='ocrx_word' id='word_1_315' title='bbox 1383 4239 1552 4293; x_wconf 84' lang='lat' dir='ltr'><strong>quam</strong></span> <span class='ocrx_word' id='word_1_316' title='bbox 1584 4221 1760 4277; x_wconf 90' lang='lat' dir='ltr'><strong>modo</strong></span> <span class='ocrx_word' id='word_1_317' title='bbox 1805 4222 2055 4295; x_wconf 87' lang='lat' dir='ltr'><strong>relique-</strong></span> 
     </span>
    </p>
   </div>
   <div class='ocr_carea' id='block_1_6' title="bbox 499 4381 2059 4753">
    <p class='ocr_par' dir='ltr' id='par_1_6' title="bbox 502 4381 2059 4520">
     <span class='ocr_line' id='line_1_44' title="bbox 502 4381 2059 4447; baseline 0.003 -18.003"><span class='ocrx_word' id='word_1_318' title='bbox 502 4384 686 4431; x_wconf 83' lang='lat' dir='ltr'><strong>struere</strong></span> <span class='ocrx_word' id='word_1_319' title='bbox 703 4381 902 4442; x_wconf 80' lang='lat' dir='ltr'><strong>aggressi</strong></span> <span class='ocrx_word' id='word_1_320' title='bbox 925 4383 1064 4444; x_wconf 74' lang='lat' dir='ltr'><strong>sunt,</strong></span> <span class='ocrx_word' id='word_1_321' title='bbox 1086 4385 1141 4430; x_wconf 91' lang='lat' dir='ltr'><strong>ut</strong></span> <span class='ocrx_word' id='word_1_322' title='bbox 1161 4383 1399 4432; x_wconf 83' lang='lat' dir='ltr'><strong>Deiochus</strong></span> <span class='ocrx_word' id='word_1_323' title='bbox 1416 4384 1561 4433; x_wconf 78' lang='lat' dir='ltr'><strong>refert</strong></span> <span class='ocrx_word' id='word_1_324' title='bbox 1572 4388 1796 4447; x_wconf 84' lang='lat' dir='ltr'><strong>‚propter</strong></span> <span class='ocrx_word' id='word_1_325' title='bbox 1820 4383 1984 4434; x_wconf 86' lang='lat' dir='ltr'><strong>odium</strong></span> <span class='ocrx_word' id='word_1_326' title='bbox 2007 4383 2059 4433; x_wconf 86' lang='lat' dir='ltr'><strong>in</strong></span> 
     </span>
     <span class='ocr_line' id='line_1_45' title="bbox 502 4455 1517 4520; baseline 0.004 -15"><span class='ocrx_word' id='word_1_327' title='bbox 502 4455 773 4517; x_wconf 79' lang='lat' dir='ltr'><strong>Thessalos,</strong></span> <span class='ocrx_word' id='word_1_328' title='bbox 798 4458 881 4520; x_wconf 87' lang='lat' dir='ltr'><strong>qui</strong></span> <span class='ocrx_word' id='word_1_329' title='bbox 904 4458 1147 4508; x_wconf 82' lang='lat' dir='ltr'><strong>Thessalia</strong></span> <span class='ocrx_word' id='word_1_330' title='bbox 1164 4473 1245 4510; x_wconf 80' lang='lat' dir='ltr'><strong>eos</strong></span> <span class='ocrx_word' id='word_1_331' title='bbox 1262 4459 1517 4519; x_wconf 81' lang='lat' dir='ltr'><strong>ejecerant.</strong></span> 
     </span>
    </p>

    <p class='ocr_par' dir='ltr' id='par_1_7' title="bbox 499 4493 2058 4753">
     <span class='ocr_line' id='line_1_46' title="bbox 568 4493 2058 4601; baseline 0.004 -19"><span class='ocrx_word' id='word_1_332' title='bbox 568 4493 803 4582; x_wconf 66' lang='lat' dir='ltr'><strong>Deiochus</strong></span> <span class='ocrx_word' id='word_1_333' title='bbox 823 4535 1061 4596; x_wconf 81' lang='lat' dir='ltr'><strong>(Pelasgos</strong></span> <span class='ocrx_word' id='word_1_334' title='bbox 1079 4535 1201 4597; x_wconf 83' lang='lat' dir='ltr'><strong>illos,</strong></span> <span class='ocrx_word' id='word_1_335' title='bbox 1223 4549 1345 4598; x_wconf 82' lang='lat' dir='ltr'><strong>quos</strong></span> <span class='ocrx_word' id='word_1_336' title='bbox 1362 4537 1638 4599; x_wconf 77' lang='lat' dir='ltr'><strong>Apollonius</strong></span> <span class='ocrx_word' id='word_1_337' title='bbox 1657 4539 1840 4601; x_wconf 81' lang='lat' dir='ltr'><strong>poetice</strong></span> <span class='ocrx_word' id='word_1_338' title='bbox 1853 4544 2058 4600; x_wconf 79' lang='grc' dir='ltr'>γηγενεῖς</span> 
     </span>
     <span class='ocr_line' id='line_1_47' title="bbox 501 4609 2058 4679; baseline 0.005 -22"><span class='ocrx_word' id='word_1_339' title='bbox 501 4609 726 4671; x_wconf 78' lang='lat' dir='ltr'><strong>appellat)</strong></span> <span class='ocrx_word' id='word_1_340' title='bbox 762 4609 1013 4660; x_wconf 76' lang='lat' dir='ltr'><strong>Thessalos</strong></span> <span class='ocrx_word' id='word_1_341' title='bbox 1051 4611 1498 4678; x_wconf 79' lang='grc' dir='ltr'>ἐγχειρογάστορας,</span> <span class='ocrx_word' id='word_1_342' title='bbox 1537 4618 1573 4662; x_wconf 79' lang='grc' dir='ltr'><strong>ι’.</strong></span> <span class='ocrx_word' id='word_1_343' title='bbox 1608 4627 1650 4662; x_wconf 84' lang='lat' dir='ltr'><strong>e.</strong></span> <span class='ocrx_word' id='word_1_344' title='bbox 1690 4619 1779 4679; x_wconf 72' lang='lat' dir='ltr'><strong>qut</strong></span> <span class='ocrx_word' id='word_1_345' title='bbox 1817 4615 2058 4665; x_wconf 73' lang='lat' dir='ltr'><strong>manibus</strong></span> 
     </span>
     <span class='ocr_line' id='line_1_48' title="bbox 499 4687 1471 4753; baseline 0.008 -19"><span class='ocrx_word' id='word_1_346' title='bbox 499 4687 731 4751; x_wconf 67' lang='lat' dir='ltr'><strong>propriis</strong></span> <span class='ocrx_word' id='word_1_347' title='bbox 756 4690 952 4738; x_wconf 78' lang='lat' dir='ltr'><strong>victum</strong></span> <span class='ocrx_word' id='word_1_348' title='bbox 974 4689 1069 4738; x_wconf 66' lang='lat' dir='ltr'><strong>sibi</strong></span> <span class='ocrx_word' id='word_1_349' title='bbox 1084 4695 1314 4753; x_wconf 76' lang='lat' dir='ltr'><strong>parant,</strong></span> <span class='ocrx_word' id='word_1_350' title='bbox 1339 4692 1471 4742; x_wconf 85' lang='lat' dir='ltr'><strong>dicit.</strong></span> 
     </span>
    </p>
   </div>
   <div class='ocr_carea' id='block_1_7' title="bbox 499 4850 2056 5236">
    <p class='ocr_par' dir='ltr' id='par_1_8' title="bbox 499 4850 2056 5236">
     <span class='ocr_line' id='line_1_49' title="bbox 564 4850 2053 4919; baseline 0.005 -20"><span class='ocrx_word' id='word_1_351' title='bbox 564 4853 634 4899; x_wconf 86' lang='lat' dir='ltr'><strong>De</strong></span> <span class='ocrx_word' id='word_1_352' title='bbox 650 4862 807 4912; x_wconf 82' lang='lat' dir='ltr'><strong>pugna</strong></span> <span class='ocrx_word' id='word_1_353' title='bbox 831 4850 909 4899; x_wconf 83' lang='lat' dir='ltr'><strong>illa</strong></span> <span class='ocrx_word' id='word_1_354' title='bbox 937 4851 1174 4903; x_wconf 82' lang='lat' dir='ltr'><strong>Deiochus</strong></span> <span class='ocrx_word' id='word_1_355' title='bbox 1189 4859 1383 4919; x_wconf 76' lang='lat' dir='ltr'><strong>quoque</strong></span> <span class='ocrx_word' id='word_1_356' title='bbox 1403 4862 1582 4908; x_wconf 80' lang='lat' dir='ltr'><strong>narrat.</strong></span> <span class='ocrx_word' id='word_1_357' title='bbox 1609 4860 1790 4908; x_wconf 82' lang='lat' dir='ltr'><strong>Verum</strong></span> <span class='ocrx_word' id='word_1_358' title='bbox 1809 4858 1870 4907; x_wconf 85' lang='lat' dir='ltr'><strong>de</strong></span> <span class='ocrx_word' id='word_1_359' title='bbox 1892 4857 2053 4919; x_wconf 73' lang='lat' dir='ltr'><strong>cyzici</strong></span> 
     </span>
     <span class='ocr_line' id='line_1_50' title="bbox 501 4924 2053 4994; baseline 0.006 -20"><span class='ocrx_word' id='word_1_360' title='bbox 501 4924 827 4975; x_wconf 67' lang='lat' dir='ltr'><strong>intersectione</strong></span> <span class='ocrx_word' id='word_1_361' title='bbox 843 4926 969 4976; x_wconf 87' lang='lat' dir='ltr'><strong>etde</strong></span> <span class='ocrx_word' id='word_1_362' title='bbox 992 4930 1094 4977; x_wconf 81' lang='lat' dir='ltr'><strong>toto</strong></span> <span class='ocrx_word' id='word_1_363' title='bbox 1117 4929 1209 4979; x_wconf 85' lang='lat' dir='ltr'><strong>isto</strong></span> <span class='ocrx_word' id='word_1_364' title='bbox 1230 4932 1399 4994; x_wconf 78' lang='lat' dir='ltr'><strong>proelio</strong></span> <span class='ocrx_word' id='word_1_365' title='bbox 1425 4947 1521 4983; x_wconf 87' lang='lat' dir='ltr'><strong>non</strong></span> <span class='ocrx_word' id='word_1_366' title='bbox 1545 4935 1770 4984; x_wconf 82' lang='lat' dir='ltr'><strong>convenit</strong></span> <span class='ocrx_word' id='word_1_367' title='bbox 1794 4934 1916 4985; x_wconf 87' lang='lat' dir='ltr'><strong>inter</strong></span> <span class='ocrx_word' id='word_1_368' title='bbox 1934 4935 2053 4983; x_wconf 83' lang='lat' dir='ltr'><strong>scri·</strong></span> 
     </span>
     <span class='ocr_line' id='line_1_51' title="bbox 502 5004 2056 5075; baseline 0.006 -24"><span class='ocrx_word' id='word_1_369' title='bbox 502 5006 676 5065; x_wconf 81' lang='lat' dir='ltr'><strong>ptores.</strong></span> <span class='ocrx_word' id='word_1_370' title='bbox 698 5004 883 5054; x_wconf 80' lang='lat' dir='ltr'><strong>Etenim</strong></span> <span class='ocrx_word' id='word_1_371' title='bbox 898 5005 1118 5068; x_wconf 76' lang='lat' dir='ltr'><strong>Ephorus</strong></span> <span class='ocrx_word' id='word_1_372' title='bbox 1137 5009 1360 5059; x_wconf 78' lang='lat' dir='ltr'><strong>Doliones</strong></span> <span class='ocrx_word' id='word_1_373' title='bbox 1379 5011 1621 5074; x_wconf 57' lang='lat' dir='ltr'><strong>Pelasms,</strong></span> <span class='ocrx_word' id='word_1_374' title='bbox 1641 5013 1725 5075; x_wconf 86' lang='lat' dir='ltr'><strong>qui</strong></span> <span class='ocrx_word' id='word_1_375' title='bbox 1746 5012 1903 5063; x_wconf 80' lang='lat' dir='ltr'><strong>hostili</strong></span> <span class='ocrx_word' id='word_1_376' title='bbox 1919 5016 2056 5063; x_wconf 84' lang='lat' dir='ltr'><strong>erant</strong></span> 
     </span>
     <span class='ocr_line' id='line_1_52' title="bbox 499 5078 2054 5153; baseline 0.009 -27"><span class='ocrx_word' id='word_1_377' title='bbox 499 5079 549 5126; x_wconf 83' lang='lat' dir='ltr'><strong>in</strong></span> <span class='ocrx_word' id='word_1_378' title='bbox 583 5078 839 5130; x_wconf 66' lang='lat' dir='ltr'><strong>Thessaliae</strong></span> <span class='ocrx_word' id='word_1_379' title='bbox 858 5083 907 5131; x_wconf 90' lang='lat' dir='ltr'><strong>et</strong></span> <span class='ocrx_word' id='word_1_380' title='bbox 935 5080 1187 5146; x_wconf 61' lang='lat' dir='ltr'><strong>Magnesiae</strong></span> <span class='ocrx_word' id='word_1_381' title='bbox 1225 5085 1402 5136; x_wconf 70' lang='lat' dir='ltr'><strong>incolas</strong></span> <span class='ocrx_word' id='word_1_382' title='bbox 1437 5089 1625 5151; x_wconf 77' lang='lat' dir='ltr'><strong>ariimo,</strong></span> <span class='ocrx_word' id='word_1_383' title='bbox 1649 5093 1898 5153; x_wconf 76' lang='lat' dir='ltr'><strong>propterea</strong></span> <span class='ocrx_word' id='word_1_384' title='bbox 1926 5091 2054 5152; x_wconf 87' lang='lat' dir='ltr'><strong>quod</strong></span> 
     </span>
     <span class='ocr_line' id='line_1_53' title="bbox 501 5156 2056 5236; baseline 0.011 -32"><span class='ocrx_word' id='word_1_385' title='bbox 501 5156 623 5218; x_wconf 75' lang='lat' dir='ltr'><strong>pulsi</strong></span> <span class='ocrx_word' id='word_1_386' title='bbox 642 5159 705 5206; x_wconf 80' lang='lat' dir='ltr'><strong>ab</strong></span> <span class='ocrx_word' id='word_1_387' title='bbox 724 5158 779 5209; x_wconf 78' lang='lat' dir='ltr'><strong>iis</strong></span> <span class='ocrx_word' id='word_1_388' title='bbox 796 5160 910 5209; x_wconf 77' lang='lat' dir='ltr'><strong>olim</strong></span> <span class='ocrx_word' id='word_1_389' title='bbox 931 5162 1117 5212; x_wconf 73' lang='lat' dir='ltr'><strong>fuerant</strong></span> <span class='ocrx_word' id='word_1_390' title='bbox 1130 5201 1143 5223; x_wconf 91' lang='lat'><strong>,</strong></span> <span class='ocrx_word' id='word_1_391' title='bbox 1164 5167 1310 5214; x_wconf 82' lang='lat' dir='ltr'><strong>noctu</strong></span> <span class='ocrx_word' id='word_1_392' title='bbox 1330 5179 1411 5215; x_wconf 77' lang='lat' dir='ltr'><strong>cos</strong></span> <span class='ocrx_word' id='word_1_393' title='bbox 1427 5181 1487 5216; x_wconf 81' lang='lat' dir='ltr'><strong>ex</strong></span> <span class='ocrx_word' id='word_1_394' title='bbox 1502 5168 1682 5236; x_wconf 71' lang='lat' dir='ltr'><strong>insidiis</strong></span> <span class='ocrx_word' id='word_1_395' title='bbox 1699 5181 1937 5230; x_wconf 68' lang='lat' dir='ltr'><strong>aggressos</strong></span> <span class='ocrx_word' id='word_1_396' title='bbox 1954 5183 2056 5220; x_wconf 77' lang='lat' dir='ltr'><strong>esse</strong></span> 
     </span>
    </p>
   </div>
   <div class='ocr_carea' id='block_1_8' title="bbox 2149 551 3714 2452">
    <p class='ocr_par' dir='ltr' id='par_1_9' title="bbox 2149 551 3714 966">
     <span class='ocr_line' id='line_1_54' title="bbox 2149 551 3714 623; baseline 0.006 -20"><span class='ocrx_word' id='word_1_397' title='bbox 2149 561 2308 617; x_wconf 79' lang='lat' dir='ltr'><strong>iant,</strong></span> <span class='ocrx_word' id='word_1_398' title='bbox 2353 551 2520 604; x_wconf 81' lang='lat' dir='ltr'><strong>nescii</strong></span> <span class='ocrx_word' id='word_1_399' title='bbox 2573 569 2762 604; x_wconf 85' lang='lat' dir='ltr'><strong>rursus</strong></span> <span class='ocrx_word' id='word_1_400' title='bbox 2808 551 3166 623; x_wconf 85' lang='lat' dir='ltr'><strong>appulerunt.</strong></span> <span class='ocrx_word' id='word_1_401' title='bbox 3213 552 3485 609; x_wconf 85' lang='lat' dir='ltr'><strong>Doliones</strong></span> <span class='ocrx_word' id='word_1_402' title='bbox 3515 554 3714 612; x_wconf 80' lang='lat' dir='ltr'><strong>hostes</strong></span> 
     </span>
     <span class='ocr_line' id='line_1_55' title="bbox 2150 637 3708 711; baseline 0.005 -20"><span class='ocrx_word' id='word_1_403' title='bbox 2150 637 2335 692; x_wconf 83' lang='lat' dir='ltr'><strong>adesse</strong></span> <span class='ocrx_word' id='word_1_404' title='bbox 2365 639 2469 692; x_wconf 84' lang='lat' dir='ltr'><strong>rati</strong></span> <span class='ocrx_word' id='word_1_405' title='bbox 2499 654 2566 692; x_wconf 83' lang='lat' dir='ltr'><strong>ex</strong></span> <span class='ocrx_word' id='word_1_406' title='bbox 2591 648 2756 710; x_wconf 83' lang='lat' dir='ltr'><strong>geute</strong></span> <span class='ocrx_word' id='word_1_407' title='bbox 2778 640 3107 692; x_wconf 86' lang='lat' dir='ltr'><strong>Macronum</strong></span> <span class='ocrx_word' id='word_1_408' title='bbox 3145 639 3452 695; x_wconf 85' lang='lat' dir='ltr'><strong>latrociniis</strong></span> <span class='ocrx_word' id='word_1_409' title='bbox 3475 641 3673 699; x_wconf 82' lang='lat' dir='ltr'><strong>dedita</strong></span> <span class='ocrx_word' id='word_1_410' title='bbox 3689 685 3708 711; x_wconf 91' lang='lat'><strong>,</strong></span> 
     </span>
     <span class='ocr_line' id='line_1_56' title="bbox 2153 724 3714 799; baseline 0.008 -24"><span class='ocrx_word' id='word_1_411' title='bbox 2153 742 2377 777; x_wconf 83' lang='lat' dir='ltr'><strong>manum</strong></span> <span class='ocrx_word' id='word_1_412' title='bbox 2399 742 2528 778; x_wconf 90' lang='lat' dir='ltr'><strong>cum</strong></span> <span class='ocrx_word' id='word_1_413' title='bbox 2553 724 2617 778; x_wconf 88' lang='lat' dir='ltr'><strong>iis</strong></span> <span class='ocrx_word' id='word_1_414' title='bbox 2638 735 2958 779; x_wconf 89' lang='lat' dir='ltr'><strong>conserunt.</strong></span> <span class='ocrx_word' id='word_1_415' title='bbox 2989 724 3210 781; x_wconf 87' lang='lat' dir='ltr'><strong>Cadunt</strong></span> <span class='ocrx_word' id='word_1_416' title='bbox 3228 728 3420 799; x_wconf 86' lang='lat' dir='ltr'><strong>multi,</strong></span> <span class='ocrx_word' id='word_1_417' title='bbox 3437 729 3590 785; x_wconf 83' lang='lat' dir='ltr'><strong>inter</strong></span> <span class='ocrx_word' id='word_1_418' title='bbox 3611 749 3714 786; x_wconf 82' lang='lat' dir='ltr'><strong>eos</strong></span> 
     </span>
     <span class='ocr_line' id='line_1_57' title="bbox 2150 810 3708 885; baseline 0.007 -23"><span class='ocrx_word' id='word_1_419' title='bbox 2150 827 2250 863; x_wconf 83' lang='lat' dir='ltr'><strong>rex</strong></span> <span class='ocrx_word' id='word_1_420' title='bbox 2265 810 2512 883; x_wconf 82' lang='lat' dir='ltr'><strong>Cyzicus.</strong></span> <span class='ocrx_word' id='word_1_421' title='bbox 2538 812 2622 866; x_wconf 90' lang='lat' dir='ltr'><strong>Ita</strong></span> <span class='ocrx_word' id='word_1_422' title='bbox 2648 812 3003 884; x_wconf 84' lang='lat' dir='ltr'><strong>Apollonius.</strong></span> <span class='ocrx_word' id='word_1_423' title='bbox 3034 811 3124 866; x_wconf 83' lang='lat' dir='ltr'><strong>Ad</strong></span> <span class='ocrx_word' id='word_1_424' title='bbox 3144 811 3263 868; x_wconf 82' lang='lat' dir='ltr'><strong>haec</strong></span> <span class='ocrx_word' id='word_1_425' title='bbox 3296 815 3474 871; x_wconf 88' lang='lat' dir='ltr'><strong>schol.</strong></span> <span class='ocrx_word' id='word_1_426' title='bbox 3499 828 3619 872; x_wconf 77' lang='lat' dir='ltr'><strong>vet.</strong></span> <span class='ocrx_word' id='word_1_427' title='bbox 3644 820 3708 885; x_wconf 89' lang='lat'><strong>1,</strong></span> 
     </span>
     <span class='ocr_line' id='line_1_58' title="bbox 2160 895 2358 966; baseline 0.007 -17"><span class='ocrx_word' id='word_1_428' title='bbox 2160 895 2358 966; x_wconf 83' lang='lat'><strong>1037:</strong></span> 
     </span>
    </p>

    <p class='ocr_par' dir='ltr' id='par_1_10' title="bbox 2151 981 3710 1669">
     <span class='ocr_line' id='line_1_59' title="bbox 2207 981 3710 1088; baseline 0.004 -48.11"><span class='ocrx_word' id='word_1_429' title='bbox 2207 981 2365 1086; x_wconf 67' lang='grc' dir='ltr'><strong>ωΠερι</strong></span> <span class='ocrx_word' id='word_1_430' title='bbox 2405 1005 2497 1052; x_wconf 90' lang='grc' dir='ltr'><strong>της</strong></span> <span class='ocrx_word' id='word_1_431' title='bbox 2520 982 2696 1061; x_wconf 77' lang='grc' dir='ltr'>μάχης</span> <span class='ocrx_word' id='word_1_432' title='bbox 2728 981 2818 1041; x_wconf 76' lang='grc' dir='ltr'><strong>καὶ</strong></span> <span class='ocrx_word' id='word_1_433' title='bbox 2839 982 3094 1088; x_wconf 41' lang='grc' dir='ltr'>Δηίλσᾶος</span> <span class='ocrx_word' id='word_1_434' title='bbox 3118 985 3328 1063; x_wconf 79' lang='grc' dir='ltr'>ἱστορεῖ.</span> <span class='ocrx_word' id='word_1_435' title='bbox 3352 985 3490 1067; x_wconf 74' lang='grc' dir='ltr'>Περὶ</span> <span class='ocrx_word' id='word_1_436' title='bbox 3517 985 3573 1045; x_wconf 77' lang='grc' dir='ltr'><strong>δὲ</strong></span> <span class='ocrx_word' id='word_1_437' title='bbox 3614 992 3710 1060; x_wconf 78' lang='grc' dir='ltr'><strong>τῆς</strong></span> 
     </span>
     <span class='ocr_line' id='line_1_60' title="bbox 2151 1066 3710 1180; baseline 0.006 -56"><span class='ocrx_word' id='word_1_438' title='bbox 2151 1091 2240 1125; x_wconf 89' lang='grc' dir='ltr'><strong>του</strong></span> <span class='ocrx_word' id='word_1_439' title='bbox 2266 1066 2488 1136; x_wconf 82' lang='grc' dir='ltr'>Κυζίκου</span> <span class='ocrx_word' id='word_1_440' title='bbox 2515 1069 2826 1150; x_wconf 76' lang='grc' dir='ltr'>ἀναιρέσεως</span> <span class='ocrx_word' id='word_1_441' title='bbox 2852 1069 2944 1128; x_wconf 78' lang='grc' dir='ltr'><strong>καὶ</strong></span> <span class='ocrx_word' id='word_1_442' title='bbox 2985 1074 3077 1139; x_wconf 78' lang='grc' dir='ltr'><strong>τῆς</strong></span> <span class='ocrx_word' id='word_1_443' title='bbox 3116 1068 3240 1180; x_wconf 77' lang='grc' dir='ltr'>ὅλης</span> <span class='ocrx_word' id='word_1_444' title='bbox 3269 1071 3446 1151; x_wconf 81' lang='grc' dir='ltr'>μα’χης</span> <span class='ocrx_word' id='word_1_445' title='bbox 3468 1076 3528 1132; x_wconf 85' lang='grc' dir='ltr'>οὗ</span> <span class='ocrx_word' id='word_1_446' title='bbox 3568 1098 3710 1153; x_wconf 86' lang='grc' dir='ltr'>συμ-</span> 
     </span>
     <span class='ocr_line' id='line_1_61' title="bbox 2153 1152 3708 1238; baseline 0.005 -25"><span class='ocrx_word' id='word_1_447' title='bbox 2153 1156 2418 1233; x_wconf 77' lang='grc' dir='ltr'>φωνεῖται.</span> <span class='ocrx_word' id='word_1_448' title='bbox 2441 1152 2670 1238; x_wconf 83' lang='grc' dir='ltr'>Ἔφορος</span> <span class='ocrx_word' id='word_1_449' title='bbox 2711 1158 2820 1233; x_wconf 82' lang='lat' dir='ltr'><strong>(fr.</strong></span> <span class='ocrx_word' id='word_1_450' title='bbox 2853 1158 2995 1235; x_wconf 66' lang='lat' dir='ltr'><strong>rol.)</strong></span> <span class='ocrx_word' id='word_1_451' title='bbox 3029 1155 3174 1233; x_wconf 81' lang='grc' dir='ltr'><strong>μὲν</strong></span> <span class='ocrx_word' id='word_1_452' title='bbox 3160 1157 3261 1237; x_wconf 76' lang='grc' dir='ltr'><strong>γὰρ</strong></span> <span class='ocrx_word' id='word_1_453' title='bbox 3278 1158 3396 1226; x_wconf 87' lang='grc' dir='ltr'>τους</span> <span class='ocrx_word' id='word_1_454' title='bbox 3428 1160 3708 1234; x_wconf 83' lang='grc' dir='ltr'>Δολίονας,</span> 
     </span>
     <span class='ocr_line' id='line_1_62' title="bbox 2155 1242 3710 1330; baseline 0.005 -29"><span class='ocrx_word' id='word_1_455' title='bbox 2155 1242 2461 1320; x_wconf 79' lang='grc' dir='ltr'>Πελασγους</span> <span class='ocrx_word' id='word_1_456' title='bbox 2500 1243 2678 1315; x_wconf 82' lang='grc' dir='ltr'>ὄντας,</span> <span class='ocrx_word' id='word_1_457' title='bbox 2716 1267 2805 1303; x_wconf 87' lang='grc' dir='ltr'><strong>και</strong></span> <span class='ocrx_word' id='word_1_458' title='bbox 2857 1245 3126 1324; x_wconf 82' lang='grc' dir='ltr'>ἐχθρωδῶς</span> <span class='ocrx_word' id='word_1_459' title='bbox 3177 1246 3531 1323; x_wconf 79' lang='grc' dir='ltr'>διακειμένους</span> <span class='ocrx_word' id='word_1_460' title='bbox 3577 1249 3710 1330; x_wconf 73' lang='grc' dir='ltr'>πρὸς</span> 
     </span>
     <span class='ocr_line' id='line_1_63' title="bbox 2151 1328 3707 1409; baseline 0.006 -24"><span class='ocrx_word' id='word_1_461' title='bbox 2151 1351 2270 1395; x_wconf 87' lang='grc' dir='ltr'>τους</span> <span class='ocrx_word' id='word_1_462' title='bbox 2292 1328 2388 1399; x_wconf 87' lang='grc' dir='ltr'><strong>τὴν</strong></span> <span class='ocrx_word' id='word_1_463' title='bbox 2411 1331 2715 1392; x_wconf 87' lang='grc' dir='ltr'>Θεσσαλίαν</span> <span class='ocrx_word' id='word_1_464' title='bbox 2735 1355 2825 1389; x_wconf 89' lang='grc' dir='ltr'><strong>και</strong></span> <span class='ocrx_word' id='word_1_465' title='bbox 2855 1331 3172 1409; x_wconf 84' lang='grc' dir='ltr'>Μαγνησίαν</span> <span class='ocrx_word' id='word_1_466' title='bbox 3200 1355 3566 1401; x_wconf 86' lang='grc' dir='ltr'>κατοικουντας</span> <span class='ocrx_word' id='word_1_467' title='bbox 3581 1380 3598 1409; x_wconf 88' lang='grc'><em>,</em></span> <span class='ocrx_word' id='word_1_468' title='bbox 3619 1337 3707 1395; x_wconf 80' lang='grc' dir='ltr'>διὰ</span> 
     </span>
     <span class='ocr_line' id='line_1_64' title="bbox 2152 1413 3702 1504; baseline 0.007 -32"><span class='ocrx_word' id='word_1_469' title='bbox 2152 1413 2212 1472; x_wconf 82' lang='grc' dir='ltr'><strong>τὸ</strong></span> <span class='ocrx_word' id='word_1_470' title='bbox 2237 1417 2597 1490; x_wconf 76' lang='grc' dir='ltr'>ἅπελασθῆναι</span> <span class='ocrx_word' id='word_1_471' title='bbox 2636 1422 2723 1477; x_wconf 72' lang='grc' dir='ltr'><strong>ὑπ’</strong></span> <span class='ocrx_word' id='word_1_472' title='bbox 2753 1420 2947 1494; x_wconf 83' lang='grc' dir='ltr'>αυτῶν,</span> <span class='ocrx_word' id='word_1_473' title='bbox 2982 1418 3248 1478; x_wconf 81' lang='grc' dir='ltr'>ἐπιθέσθαι</span> <span class='ocrx_word' id='word_1_474' title='bbox 3271 1422 3444 1489; x_wconf 83' lang='grc' dir='ltr'>αὗτοῗς</span> <span class='ocrx_word' id='word_1_475' title='bbox 3475 1422 3702 1504; x_wconf 81' lang='grc' dir='ltr'>νύκτωρ,</span> 
     </span>
     <span class='ocr_line' id='line_1_65' title="bbox 2151 1501 3704 1585; baseline 0.005 -26"><span class='ocrx_word' id='word_1_476' title='bbox 2151 1501 2338 1584; x_wconf 76' lang='grc' dir='ltr'>γράφει</span> <span class='ocrx_word' id='word_1_477' title='bbox 2355 1507 2407 1563; x_wconf 82' lang='grc' dir='ltr'>ἐν</span> <span class='ocrx_word' id='word_1_478' title='bbox 2430 1509 2494 1583; x_wconf 76' lang='grc' dir='ltr'><strong>τῇ</strong></span> <span class='ocrx_word' id='word_1_479' title='bbox 2515 1506 2690 1585; x_wconf 82' lang='grc' dir='ltr'>ἐνατῃ.</span> <span class='ocrx_word' id='word_1_480' title='bbox 2710 1505 3067 1577; x_wconf 84' lang='grc' dir='ltr'>Ἢκολούθηκε</span> <span class='ocrx_word' id='word_1_481' title='bbox 3091 1504 3148 1563; x_wconf 69' lang='grc' dir='ltr'><strong>δὲ</strong></span> <span class='ocrx_word' id='word_1_482' title='bbox 3174 1503 3515 1575; x_wconf 81' lang='grc' dir='ltr'>Ἀπολλώνιος</span> <span class='ocrx_word' id='word_1_483' title='bbox 3539 1512 3630 1583; x_wconf 92' lang='grc' dir='ltr'><strong>Δη</strong></span> <span class='ocrx_word' id='word_1_484' title='bbox 3646 1533 3704 1567; x_wconf 77' lang='grc' dir='ltr'>ι·-</span> 
     </span>
     <span class='ocr_line' id='line_1_66' title="bbox 2152 1589 2350 1671; baseline 0 -23"><span class='ocrx_word' id='word_1_485' title='bbox 2152 1589 2350 1671; x_wconf 81' lang='grc' dir='ltr'>λόχῳ.</span> 
     </span>
    </p>

    <p class='ocr_par' dir='ltr' id='par_1_11' title="bbox 2150 1680 3708 2194">
     <span class='ocr_line' id='line_1_67' title="bbox 2231 1680 3707 1754; baseline 0.004 -20"><span class='ocrx_word' id='word_1_486' title='bbox 2231 1681 2369 1751; x_wconf 85' lang='lat' dir='ltr'><strong>Quae</strong></span> <span class='ocrx_word' id='word_1_487' title='bbox 2386 1683 2582 1745; x_wconf 81' lang='lat' dir='ltr'><strong>hunc’</strong></span> <span class='ocrx_word' id='word_1_488' title='bbox 2565 1702 2625 1737; x_wconf 86' lang='grc' dir='ltr'><strong>ιιι</strong></span> <span class='ocrx_word' id='word_1_489' title='bbox 2657 1680 2893 1737; x_wconf 89' lang='lat' dir='ltr'><strong>modum</strong></span> <span class='ocrx_word' id='word_1_490' title='bbox 2924 1682 3180 1754; x_wconf 86' lang='lat' dir='ltr'><strong>corrupit</strong></span> <span class='ocrx_word' id='word_1_491' title='bbox 3214 1680 3391 1736; x_wconf 85' lang='lat' dir='ltr'><strong>schol.</strong></span> <span class='ocrx_word' id='word_1_492' title='bbox 3429 1683 3564 1738; x_wconf 89' lang='lat' dir='ltr'><strong>cod.</strong></span> <span class='ocrx_word' id='word_1_493' title='bbox 3599 1686 3707 1740; x_wconf 89' lang='lat' dir='ltr'><strong>Pa-</strong></span> 
     </span>
     <span class='ocr_line' id='line_1_68' title="bbox 2151 1764 3704 1848; baseline 0.005 -27"><span class='ocrx_word' id='word_1_494' title='bbox 2151 1767 2353 1822; x_wconf 87' lang='lat' dir='ltr'><strong>risin.·</strong></span> <span class='ocrx_word' id='word_1_495' title='bbox 2338 1809 2352 1822; x_wconf 89' lang='lat'><strong>.</strong></span> <span class='ocrx_word' id='word_1_496' title='bbox 2376 1765 2507 1847; x_wconf 79' lang='grc' dir='ltr'>Περὶ</span> <span class='ocrx_word' id='word_1_497' title='bbox 2521 1770 2610 1838; x_wconf 74' lang='grc' dir='ltr'><strong>τῆς</strong></span> <span class='ocrx_word' id='word_1_498' title='bbox 2634 1764 2941 1846; x_wconf 79' lang='grc' dir='ltr'>ἀναιρέσεως</span> <span class='ocrx_word' id='word_1_499' title='bbox 2954 1769 3057 1823; x_wconf 84' lang='grc' dir='ltr'><strong>τῶν</strong></span> <span class='ocrx_word' id='word_1_500' title='bbox 3077 1765 3330 1825; x_wconf 71' lang='grc' dir='ltr'>Δολιόνων</span> <span class='ocrx_word' id='word_1_501' title='bbox 3350 1768 3704 1848; x_wconf 83' lang='grc' dir='ltr'>διαφωνεῖται.</span> 
     </span>
     <span class='ocr_line' id='line_1_69' title="bbox 2152 1850 3705 1934; baseline 0.001 -24"><span class='ocrx_word' id='word_1_502' title='bbox 2152 1850 2393 1929; x_wconf 84' lang='grc' dir='ltr'>Διίλοχος</span> <span class='ocrx_word' id='word_1_503' title='bbox 2433 1851 2527 1929; x_wconf 65' lang='grc' dir='ltr'>μὲν</span> <span class='ocrx_word' id='word_1_504' title='bbox 2562 1850 2663 1932; x_wconf 81' lang='grc' dir='ltr'><strong>γάρ</strong></span> <span class='ocrx_word' id='word_1_505' title='bbox 2691 1875 2819 1934; x_wconf 84' lang='grc' dir='ltr'>φησι</span> <span class='ocrx_word' id='word_1_506' title='bbox 2839 1851 2956 1919; x_wconf 77' lang='grc' dir='ltr'>τοὺς</span> <span class='ocrx_word' id='word_1_507' title='bbox 2983 1851 3255 1926; x_wconf 82' lang='grc' dir='ltr'>Δολίονας,</span> <span class='ocrx_word' id='word_1_508' title='bbox 3286 1854 3594 1934; x_wconf 73' lang='grc' dir='ltr'>Πελασγοὺς</span> <span class='ocrx_word' id='word_1_509' title='bbox 3615 1856 3705 1914; x_wconf 79' lang='grc' dir='ltr'>ὅν-</span> 
     </span>
     <span class='ocr_line' id='line_1_70' title="bbox 2150 1938 3707 2021; baseline 0.002 -22"><span class='ocrx_word' id='word_1_510' title='bbox 2150 1963 2244 2007; x_wconf 88' lang='grc' dir='ltr'><strong>τας</strong></span> <span class='ocrx_word' id='word_1_511' title='bbox 2265 1942 2356 2000; x_wconf 81' lang='grc' dir='ltr'><strong>καὶ</strong></span> <span class='ocrx_word' id='word_1_512' title='bbox 2384 1946 2658 2018; x_wconf 78' lang='grc' dir='ltr'>μισοῦντας</span> <span class='ocrx_word' id='word_1_513' title='bbox 2676 1938 2793 2007; x_wconf 77' lang='grc' dir='ltr'>τοὺς</span> <span class='ocrx_word' id='word_1_514' title='bbox 2820 1940 2912 2012; x_wconf 69' lang='grc' dir='ltr'><strong>τὴν</strong></span> <span class='ocrx_word' id='word_1_515' title='bbox 2938 1939 3242 2001; x_wconf 80' lang='grc' dir='ltr'>Θεσσαλίαν</span> <span class='ocrx_word' id='word_1_516' title='bbox 3270 1941 3362 1999; x_wconf 73' lang='grc' dir='ltr'><strong>καὶ</strong></span> <span class='ocrx_word' id='word_1_517' title='bbox 3386 1944 3707 2021; x_wconf 85' lang='grc' dir='ltr'>Μαγνησίαν</span> 
     </span>
     <span class='ocr_line' id='line_1_71' title="bbox 2152 2026 3708 2106; baseline 0.003 -20"><span class='ocrx_word' id='word_1_518' title='bbox 2152 2028 2418 2096; x_wconf 77' lang='grc' dir='ltr'>οἰκοῦντας</span> <span class='ocrx_word' id='word_1_519' title='bbox 2436 2074 2453 2106; x_wconf 83' lang='grc'>,</span> <span class='ocrx_word' id='word_1_520' title='bbox 2495 2026 2579 2086; x_wconf 70' lang='grc' dir='ltr'>διὰ</span> <span class='ocrx_word' id='word_1_521' title='bbox 2600 2028 2660 2086; x_wconf 85' lang='grc' dir='ltr'><strong>τὸ</strong></span> <span class='ocrx_word' id='word_1_522' title='bbox 2676 2029 3035 2099; x_wconf 74' lang='grc' dir='ltr'>ἀπελασθῆναι</span> <span class='ocrx_word' id='word_1_523' title='bbox 3056 2029 3146 2085; x_wconf 76' lang='grc' dir='ltr'><strong>ὑπ’</strong></span> <span class='ocrx_word' id='word_1_524' title='bbox 3176 2028 3347 2087; x_wconf 81' lang='grc' dir='ltr'>αὗτῶν</span> <span class='ocrx_word' id='word_1_525' title='bbox 3365 2031 3424 2087; x_wconf 85' lang='grc' dir='ltr'>ἐκ</span> <span class='ocrx_word' id='word_1_526' title='bbox 3450 2034 3544 2102; x_wconf 73' lang='grc' dir='ltr'><strong>τῆς</strong></span> <span class='ocrx_word' id='word_1_527' title='bbox 3557 2032 3708 2091; x_wconf 83' lang='grc' dir='ltr'>Θεσ-</span> 
     </span>
     <span class='ocr_line' id='line_1_72' title="bbox 2152 2110 3411 2194; baseline -0.001 -22"><span class='ocrx_word' id='word_1_528' title='bbox 2152 2114 2364 2187; x_wconf 84' lang='grc' dir='ltr'>σαλίας,</span> <span class='ocrx_word' id='word_1_529' title='bbox 2385 2112 2647 2173; x_wconf 77' lang='grc' dir='ltr'>ἐπιθέσθαι</span> <span class='ocrx_word' id='word_1_530' title='bbox 2680 2113 2880 2194; x_wconf 86' lang='grc' dir='ltr'>νύκτωρ</span> <span class='ocrx_word' id='word_1_531' title='bbox 2899 2121 3004 2181; x_wconf 82' lang='grc' dir='ltr'>τοῖς</span> <span class='ocrx_word' id='word_1_532' title='bbox 3030 2110 3079 2171; x_wconf 70' lang='lat' dir='ltr'><strong>”A</strong></span> <span class='ocrx_word' id='word_1_533' title='bbox 3090 2113 3411 2193; x_wconf 85' lang='grc' dir='ltr'>ργοναύταις.</span> 
     </span>
    </p>

    <p class='ocr_par' dir='ltr' id='par_1_12' title="bbox 2149 2203 3709 2452">
     <span class='ocr_line' id='line_1_73' title="bbox 2228 2203 3706 2279; baseline 0.002 -19"><span class='ocrx_word' id='word_1_534' title='bbox 2228 2207 2500 2261; x_wconf 88' lang='lat' dir='ltr'><strong>Doliones</strong></span> <span class='ocrx_word' id='word_1_535' title='bbox 2518 2247 2534 2278; x_wconf 83' lang='lat'><strong>,</strong></span> <span class='ocrx_word' id='word_1_536' title='bbox 2562 2203 2728 2276; x_wconf 88' lang='lat' dir='ltr'><strong>hujus</strong></span> <span class='ocrx_word' id='word_1_537' title='bbox 2759 2216 2965 2260; x_wconf 85' lang='lat' dir='ltr'><strong>tractus</strong></span> <span class='ocrx_word' id='word_1_538' title='bbox 2988 2204 3236 2278; x_wconf 88' lang='lat' dir='ltr'><strong>populus</strong></span> <span class='ocrx_word' id='word_1_539' title='bbox 3262 2206 3706 2279; x_wconf 85' lang='lat' dir='ltr'><strong>antiquissimus,</strong></span> 
     </span>
     <span class='ocr_line' id='line_1_74' title="bbox 2149 2290 3709 2368; baseline 0.002 -21"><span class='ocrx_word' id='word_1_540' title='bbox 2149 2310 2184 2346; x_wconf 89' lang='lat' dir='ltr'><strong>a</strong></span> <span class='ocrx_word' id='word_1_541' title='bbox 2209 2293 2447 2368; x_wconf 82' lang='lat' dir='ltr'><strong>Pelasgis</strong></span> <span class='ocrx_word' id='word_1_542' title='bbox 2469 2310 2500 2347; x_wconf 92' lang='lat' dir='ltr'><strong>e</strong></span> <span class='ocrx_word' id='word_1_543' title='bbox 2518 2291 2794 2346; x_wconf 86' lang='lat' dir='ltr'><strong>Thessalia</strong></span> <span class='ocrx_word' id='word_1_544' title='bbox 2812 2290 3043 2346; x_wconf 78' lang='lat' dir='ltr'><strong>advenis</strong></span> <span class='ocrx_word' id='word_1_545' title='bbox 3060 2290 3274 2346; x_wconf 85' lang='lat' dir='ltr'><strong>subacti</strong></span> <span class='ocrx_word' id='word_1_546' title='bbox 3307 2292 3485 2365; x_wconf 81' lang='lat' dir='ltr'><strong>iisque</strong></span> <span class='ocrx_word' id='word_1_547' title='bbox 3516 2295 3709 2350; x_wconf 85' lang='lat' dir='ltr'><strong>tribu—</strong></span> 
     </span>
     <span class='ocr_line' id='line_1_75' title="bbox 2151 2372 3708 2452; baseline 0.001 -17"><span class='ocrx_word' id='word_1_548' title='bbox 2151 2381 2276 2435; x_wconf 87' lang='lat' dir='ltr'><strong>tarii</strong></span> <span class='ocrx_word' id='word_1_549' title='bbox 2295 2389 2472 2438; x_wconf 88' lang='lat' dir='ltr'><strong>erant.</strong></span> <span class='ocrx_word' id='word_1_550' title='bbox 2492 2376 2678 2451; x_wconf 89' lang='lat' dir='ltr'><strong>Quare</strong></span> <span class='ocrx_word' id='word_1_551' title='bbox 2696 2377 2978 2434; x_wconf 88' lang='lat' dir='ltr'><strong>Deiochus</strong></span> <span class='ocrx_word' id='word_1_552' title='bbox 2999 2376 3103 2451; x_wconf 80' lang='lat' dir='ltr'><strong>(fr.</strong></span> <span class='ocrx_word' id='word_1_553' title='bbox 3131 2396 3163 2432; x_wconf 84' lang='lat'><em>2</em></span> <span class='ocrx_word' id='word_1_554' title='bbox 3184 2372 3490 2452; x_wconf 83' lang='lat' dir='ltr'><strong>)rationem</strong></span> <span class='ocrx_word' id='word_1_555' title='bbox 3503 2394 3708 2437; x_wconf 85' lang='lat' dir='ltr'><strong>eorum</strong></span> 
     </span>
    </p>
   </div>
   <div class='ocr_carea' id='block_1_9' title="bbox 2147 2464 3711 2618">
    <p class='ocr_par' dir='ltr' id='par_1_13' title="bbox 2147 2464 3711 2618">
     <span class='ocr_line' id='line_1_76' title="bbox 2148 2464 3711 2539; baseline 0.003 -20"><span class='ocrx_word' id='word_1_556' title='bbox 2148 2483 2268 2520; x_wconf 87' lang='lat' dir='ltr'><strong>non</strong></span> <span class='ocrx_word' id='word_1_557' title='bbox 2299 2466 2515 2521; x_wconf 83' lang='lat' dir='ltr'><strong>habuit.</strong></span> <span class='ocrx_word' id='word_1_558' title='bbox 2535 2465 2869 2539; x_wconf 87' lang='lat' dir='ltr'><strong>Apollonius</strong></span> <span class='ocrx_word' id='word_1_559' title='bbox 2881 2465 3054 2537; x_wconf 86' lang='lat' dir='ltr'><strong>igitur</strong></span> <span class='ocrx_word' id='word_1_560' title='bbox 3066 2464 3110 2517; x_wconf 90' lang='lat' dir='ltr'><strong>si</strong></span> <span class='ocrx_word' id='word_1_561' title='bbox 3129 2464 3385 2537; x_wconf 76' lang='lat' dir='ltr'><strong>Pelasgos</strong></span> <span class='ocrx_word' id='word_1_562' title='bbox 3403 2465 3711 2538; x_wconf 82' lang='lat' dir='ltr'><strong>Cyzicenos</strong></span> 
     </span>
     <span class='ocr_line' id='line_1_77' title="bbox 2147 2543 3709 2618; baseline 0.003 -19"><span class='ocrx_word' id='word_1_563' title='bbox 2147 2544 2418 2600; x_wconf 68' lang='lat' dir='ltr'><strong>Dolionoe</strong></span> <span class='ocrx_word' id='word_1_564' title='bbox 2438 2543 2608 2614; x_wconf 83' lang='lat' dir='ltr'><strong>dicit,</strong></span> <span class='ocrx_word' id='word_1_565' title='bbox 2634 2544 2748 2618; x_wconf 80' lang='lat' dir='ltr'><strong>agit</strong></span> <span class='ocrx_word' id='word_1_566' title='bbox 2778 2554 3025 2615; x_wconf 88' lang='lat' dir='ltr'><strong>poetam.</strong></span> <span class='ocrx_word' id='word_1_567' title='bbox 3077 2545 3159 2597; x_wconf 89' lang='lat' dir='ltr'><strong>Ac</strong></span> <span class='ocrx_word' id='word_1_568' title='bbox 3200 2544 3499 2600; x_wconf 80' lang='lat' dir='ltr'><strong>verisimile</strong></span> <span class='ocrx_word' id='word_1_569' title='bbox 3531 2558 3616 2601; x_wconf 58' lang='grc' dir='ltr'><strong>ωε</strong></span> <span class='ocrx_word' id='word_1_570' title='bbox 3638 2567 3709 2603; x_wconf 83' lang='lat' dir='ltr'><strong>ex</strong></span> 
     </span>
    </p>
   </div>
   <div class='ocr_carea' id='block_1_10' title="bbox 2146 2628 3713 3044">
    <p class='ocr_par' dir='ltr' id='par_1_14' title="bbox 2146 2628 3713 3044">
     <span class='ocr_line' id='line_1_78' title="bbox 2147 2628 3708 2704; baseline 0.003 -19"><span class='ocrx_word' id='word_1_571' title='bbox 2147 2631 2456 2704; x_wconf 86' lang='lat' dir='ltr'><strong>Apollonio</strong></span> <span class='ocrx_word' id='word_1_572' title='bbox 2491 2649 2703 2686; x_wconf 89' lang='lat' dir='ltr'><strong>nomen</strong></span> <span class='ocrx_word' id='word_1_573' title='bbox 2745 2629 3017 2684; x_wconf 83' lang='lat' dir='ltr'><strong>transiisse</strong></span> <span class='ocrx_word' id='word_1_574' title='bbox 3056 2629 3117 2683; x_wconf 88' lang='lat' dir='ltr'><strong>in</strong></span> <span class='ocrx_word' id='word_1_575' title='bbox 3145 2628 3430 2699; x_wconf 88' lang='lat' dir='ltr'><strong>scholion,</strong></span> <span class='ocrx_word' id='word_1_576' title='bbox 3475 2651 3598 2686; x_wconf 88' lang='lat' dir='ltr'><strong>non</strong></span> <span class='ocrx_word' id='word_1_577' title='bbox 3637 2653 3708 2689; x_wconf 78' lang='lat' dir='ltr'><strong>ex</strong></span> 
     </span>
     <span class='ocr_line' id='line_1_79' title="bbox 2147 2705 3713 2792; baseline 0.002 -19"><span class='ocrx_word' id='word_1_578' title='bbox 2147 2718 2406 2791; x_wconf 82' lang='lat' dir='ltr'><strong>EphorO,</strong></span> <span class='ocrx_word' id='word_1_579' title='bbox 2435 2737 2604 2792; x_wconf 89' lang='lat' dir='ltr'><strong>quem</strong></span> <span class='ocrx_word' id='word_1_580' title='bbox 2641 2720 2828 2789; x_wconf 86' lang='lat' dir='ltr'><strong>itaque</strong></span> <span class='ocrx_word' id='word_1_581' title='bbox 2853 2717 2964 2770; x_wconf 89' lang='lat' dir='ltr'><strong>hoc</strong></span> <span class='ocrx_word' id='word_1_582' title='bbox 2999 2705 3317 2772; x_wconf 69' lang='lat' dir='ltr'><strong>certe‘loco</strong></span> <span class='ocrx_word' id='word_1_583' title='bbox 3346 2720 3554 2774; x_wconf 82' lang='lat' dir='ltr'><strong>acrisiae</strong></span> <span class='ocrx_word' id='word_1_584' title='bbox 3596 2722 3713 2776; x_wconf 87' lang='lat' dir='ltr'><strong>cri-</strong></span> 
     </span>
     <span class='ocr_line' id='line_1_80' title="bbox 2146 2802 3704 2864; baseline 0.003 -5"><span class='ocrx_word' id='word_1_585' title='bbox 2146 2807 2297 2861; x_wconf 88' lang='lat' dir='ltr'><strong>mine</strong></span> <span class='ocrx_word' id='word_1_586' title='bbox 2313 2806 2687 2862; x_wconf 85' lang='lat' dir='ltr'><strong>liberaverim.</strong></span> <span class='ocrx_word' id='word_1_587' title='bbox 2708 2805 2964 2861; x_wconf 90' lang='lat' dir='ltr'><strong>Ceterum</strong></span> <span class='ocrx_word' id='word_1_588' title='bbox 2982 2802 3054 2857; x_wconf 85' lang='lat' dir='ltr'><strong>cf.</strong></span> <span class='ocrx_word' id='word_1_589' title='bbox 3071 2803 3291 2860; x_wconf 74' lang='lat' dir='ltr'><strong>Miiller.</strong></span> <span class='ocrx_word' id='word_1_590' title='bbox 3304 2806 3451 2861; x_wconf 75' lang='lat' dir='ltr'><strong>Min.</strong></span> <span class='ocrx_word' id='word_1_591' title='bbox 3465 2807 3704 2864; x_wconf 80' lang='lat' dir='ltr'><strong>Excurs.</strong></span> 
     </span>
     <span class='ocr_line' id='line_1_81' title="bbox 2146 2890 3712 2966; baseline 0.002 -18"><span class='ocrx_word' id='word_1_592' title='bbox 2146 2894 2191 2948; x_wconf 92' lang='grc' dir='ltr'><strong>Ι.</strong></span> <span class='ocrx_word' id='word_1_593' title='bbox 2232 2892 2580 2966; x_wconf 89' lang='lat' dir='ltr'><strong>Marquardt.</strong></span> <span class='ocrx_word' id='word_1_594' title='bbox 2608 2911 2669 2966; x_wconf 89' lang='lat' dir='ltr'><strong>p.</strong></span> <span class='ocrx_word' id='word_1_595' title='bbox 2723 2901 2816 2958; x_wconf 66' lang='grc' dir='ltr'>[μ.</span> <span class='ocrx_word' id='word_1_596' title='bbox 2859 2891 3000 2947; x_wconf 82' lang='lat' dir='ltr'><strong>Cu‘m</strong></span> <span class='ocrx_word' id='word_1_597' title='bbox 3037 2890 3270 2964; x_wconf 88' lang='lat' dir='ltr'><strong>Ephoro</strong></span> <span class='ocrx_word' id='word_1_598' title='bbox 3308 2892 3381 2947; x_wconf 85' lang='lat' dir='ltr'><strong>cf.</strong></span> <span class='ocrx_word' id='word_1_599' title='bbox 3423 2893 3712 2950; x_wconf 77' lang='lat' dir='ltr'><strong>Callisthe-</strong></span> 
     </span>
     <span class='ocr_line' id='line_1_82' title="bbox 2146 2978 3614 3044; baseline 0.003 -14"><span class='ocrx_word' id='word_1_600' title='bbox 2146 2995 2245 3034; x_wconf 90' lang='lat' dir='ltr'><strong>nes</strong></span> <span class='ocrx_word' id='word_1_601' title='bbox 2268 2978 2339 3034; x_wconf 82' lang='lat' dir='ltr'><strong>fr.</strong></span> <span class='ocrx_word' id='word_1_602' title='bbox 2375 2980 2470 3044; x_wconf 78' lang='lat'><strong>43.</strong></span> <span class='ocrx_word' id='word_1_603' title='bbox 3605 2991 3614 2998; x_wconf 84' lang='lat'><strong>·</strong></span> 
     </span>
    </p>
   </div>
   <div class='ocr_carea' id='block_1_11' title="bbox 2894 3167 2946 3217">
    <p class='ocr_par' dir='ltr' id='par_1_15' title="bbox 2894 3167 2946 3217">
     <span class='ocr_line' id='line_1_83' title="bbox 2894 3167 2946 3217; baseline 0 -16"><span class='ocrx_word' id='word_1_604' title='bbox 2894 3167 2946 3217; x_wconf 80' lang='lat'><strong>7.</strong></span> 
     </span>
    </p>
   </div>
   <div class='ocr_carea' id='block_1_12' title="bbox 2225 3296 3706 3380">
    <p class='ocr_par' dir='ltr' id='par_1_16' title="bbox 2225 3296 3706 3380">
     <span class='ocr_line' id='line_1_84' title="bbox 2225 3296 3706 3380; baseline 0.002 -24"><span class='ocrx_word' id='word_1_605' title='bbox 2225 3301 2384 3356; x_wconf 90' lang='lat' dir='ltr'><strong>Idem</strong></span> <span class='ocrx_word' id='word_1_606' title='bbox 2408 3302 2467 3369; x_wconf 91' lang='lat'><strong>1,</strong></span> <span class='ocrx_word' id='word_1_607' title='bbox 2496 3301 2634 3356; x_wconf 80' lang='lat'>1061</span> <span class='ocrx_word' id='word_1_608' title='bbox 2672 3301 2826 3359; x_wconf 62' lang='lat' dir='ltr'>:Tou</span> <span class='ocrx_word' id='word_1_609' title='bbox 2849 3296 2903 3356; x_wconf 83' lang='grc' dir='ltr'><strong>δὲ</strong></span> <span class='ocrx_word' id='word_1_610' title='bbox 2937 3298 3318 3374; x_wconf 79' lang='grc' dir='ltr'>Λειμωνίου</span> <span class='ocrx_word' id='word_1_611' title='bbox 3344 3301 3572 3360; x_wconf 84' lang='grc' dir='ltr'>πεδίου</span> <span class='ocrx_word' id='word_1_612' title='bbox 3608 3303 3706 3380; x_wconf 88' lang='lat' dir='ltr'><strong>(in</strong></span> 
     </span>
    </p>
   </div>
   <div class='ocr_carea' id='block_1_13' title="bbox 2146 3383 3700 3552">
    <p class='ocr_par' dir='ltr' id='par_1_17' title="bbox 2146 3383 3700 3552">
     <span class='ocr_line' id='line_1_85' title="bbox 2148 3383 3700 3470; baseline 0.003 -27"><span class='ocrx_word' id='word_1_613' title='bbox 2148 3407 2263 3462; x_wconf 91' lang='lat' dir='ltr'><strong>quo</strong></span> <span class='ocrx_word' id='word_1_614' title='bbox 2287 3389 2469 3462; x_wconf 80' lang='lat' dir='ltr'><strong>Cyzici</strong></span> <span class='ocrx_word' id='word_1_615' title='bbox 2494 3388 2812 3461; x_wconf 88' lang='lat' dir='ltr'><strong>sepulcrum</strong></span> <span class='ocrx_word' id='word_1_616' title='bbox 2836 3383 2852 3465; x_wconf 88' lang='lat'>)</span> <span class='ocrx_word' id='word_1_617' title='bbox 2881 3383 3146 3461; x_wconf 75' lang='grc' dir='ltr'>μέμνηται</span> <span class='ocrx_word' id='word_1_618' title='bbox 3164 3383 3481 3465; x_wconf 78' lang='grc' dir='ltr'>Δηιόλοχος,</span> <span class='ocrx_word' id='word_1_619' title='bbox 3499 3389 3625 3470; x_wconf 85' lang='grc' dir='ltr'>περί</span> <span class='ocrx_word' id='word_1_620' title='bbox 3643 3413 3700 3448; x_wconf 88' lang='grc' dir='ltr'><strong>τε</strong></span> 
     </span>
     <span class='ocr_line' id='line_1_86' title="bbox 2146 3470 3675 3552; baseline 0.002 -22"><span class='ocrx_word' id='word_1_621' title='bbox 2146 3478 2236 3532; x_wconf 79' lang='grc' dir='ltr'><strong>τοῦ</strong></span> <span class='ocrx_word' id='word_1_622' title='bbox 2260 3472 2423 3552; x_wconf 81' lang='grc' dir='ltr'>τάφου</span> <span class='ocrx_word' id='word_1_623' title='bbox 2447 3473 2673 3541; x_wconf 84' lang='grc' dir='ltr'>Κυζίκου</span> <span class='ocrx_word' id='word_1_624' title='bbox 2698 3470 2913 3538; x_wconf 79' lang='grc' dir='ltr'>ὁαῦτός.</span> <span class='ocrx_word' id='word_1_625' title='bbox 2943 3474 3029 3531; x_wconf 83' lang='lat' dir='ltr'><strong>Cf.</strong></span> <span class='ocrx_word' id='word_1_626' title='bbox 3059 3471 3411 3548; x_wconf 84' lang='lat' dir='ltr'><strong>Marquardt.</strong></span> <span class='ocrx_word' id='word_1_627' title='bbox 3449 3496 3508 3550; x_wconf 89' lang='lat' dir='ltr'><strong>p.</strong></span> <span class='ocrx_word' id='word_1_628' title='bbox 3542 3479 3675 3536; x_wconf 84' lang='lat'><strong>135.</strong></span> 
     </span>
    </p>
   </div>
   <div class='ocr_carea' id='block_1_14' title="bbox 2898 3630 2954 3686">
    <p class='ocr_par' dir='ltr' id='par_1_18' title="bbox 2898 3630 2954 3686">
     <span class='ocr_line' id='line_1_87' title="bbox 2898 3630 2954 3686; baseline -0.036 0"><span class='ocrx_word' id='word_1_629' title='bbox 2898 3630 2954 3686; x_wconf 89' lang='grc'>8.</span> 
     </span>
    </p>
   </div>
   <div class='ocr_carea' id='block_1_15' title="bbox 2147 3777 3703 4122">
    <p class='ocr_par' dir='ltr' id='par_1_19' title="bbox 2150 3777 3703 3937">
     <span class='ocr_line' id='line_1_88' title="bbox 2228 3777 3703 3867; baseline 0.004 -29"><span class='ocrx_word' id='word_1_630' title='bbox 2228 3783 2390 3839; x_wconf 87' lang='lat' dir='ltr'><strong>Idem</strong></span> <span class='ocrx_word' id='word_1_631' title='bbox 2406 3785 2455 3851; x_wconf 94' lang='lat' dir='ltr'><strong>I,</strong></span> <span class='ocrx_word' id='word_1_632' title='bbox 2493 3780 2696 3836; x_wconf 82' lang='lat'>1063:</span> <span class='ocrx_word' id='word_1_633' title='bbox 2723 3777 2860 3858; x_wconf 71' lang='grc' dir='ltr'>Περὶ</span> <span class='ocrx_word' id='word_1_634' title='bbox 2900 3777 2956 3837; x_wconf 69' lang='grc' dir='ltr'><strong>δὲ</strong></span> <span class='ocrx_word' id='word_1_635' title='bbox 2987 3779 3211 3852; x_wconf 84' lang='grc' dir='ltr'>Κλείτης</span> <span class='ocrx_word' id='word_1_636' title='bbox 3245 3781 3376 3861; x_wconf 83' lang='grc' dir='ltr'>φησὶ</span> <span class='ocrx_word' id='word_1_637' title='bbox 3414 3784 3703 3867; x_wconf 82' lang='grc' dir='ltr'>Δηιόλοχος</span> 
     </span>
     <span class='ocr_line' id='line_1_89' title="bbox 2150 3865 2794 3937; baseline -0.002 -13"><span class='ocrx_word' id='word_1_638' title='bbox 2150 3869 2250 3925; x_wconf 89' lang='grc' dir='ltr'>υπο</span> <span class='ocrx_word' id='word_1_639' title='bbox 2273 3865 2440 3937; x_wconf 85' lang='grc' dir='ltr'>λύπης</span> <span class='ocrx_word' id='word_1_640' title='bbox 2465 3867 2794 3936; x_wconf 74' lang='grc' dir='ltr'>τελευτῆσαι.</span> 
     </span>
    </p>

    <p class='ocr_par' dir='ltr' id='par_1_20' title="bbox 2147 3951 3700 4122">
     <span class='ocr_line' id='line_1_90' title="bbox 2227 3951 3700 4033; baseline 0.004 -20"><span class='ocrx_word' id='word_1_641' title='bbox 2227 3957 2388 4013; x_wconf 89' lang='lat' dir='ltr'><strong>Idem</strong></span> <span class='ocrx_word' id='word_1_642' title='bbox 2406 3954 2646 4026; x_wconf 86' lang='lat'>1‚1065:</span> <span class='ocrx_word' id='word_1_643' title='bbox 2672 3951 2962 4025; x_wconf 61' lang='lat' dir='ltr'><strong>Lumen&lt;</strong></span> <span class='ocrx_word' id='word_1_644' title='bbox 2981 3953 3317 4032; x_wconf 66' lang='grc' dir='ltr'>(Νεάνθηςῖ)</span> <span class='ocrx_word' id='word_1_645' title='bbox 3337 3953 3402 4014; x_wconf 73' lang='grc' dir='ltr'><strong>δὲ</strong></span> <span class='ocrx_word' id='word_1_646' title='bbox 3423 3957 3533 4018; x_wconf 86' lang='grc' dir='ltr'><strong>και</strong></span> <span class='ocrx_word' id='word_1_647' title='bbox 3557 3957 3682 4033; x_wconf 85' lang='grc' dir='ltr'><strong>Δη</strong></span> <span class='ocrx_word' id='word_1_648' title='bbox 3663 3986 3700 4019; x_wconf 84' lang='grc' dir='ltr'>ι·</span> 
     </span>
     <span class='ocr_line' id='line_1_91' title="bbox 2147 4039 3698 4122; baseline 0.005 -22"><span class='ocrx_word' id='word_1_649' title='bbox 2147 4043 2333 4120; x_wconf 83' lang='grc' dir='ltr'>λοχος</span> <span class='ocrx_word' id='word_1_650' title='bbox 2361 4044 2648 4122; x_wconf 79' lang='grc' dir='ltr'>ἱστορουσιν</span> <span class='ocrx_word' id='word_1_651' title='bbox 2677 4040 2757 4098; x_wconf 80' lang='grc' dir='ltr'><strong>ὅτι</strong></span> <span class='ocrx_word' id='word_1_652' title='bbox 2770 4039 3038 4118; x_wconf 77' lang='grc' dir='ltr'>ἀπήγξατο</span> <span class='ocrx_word' id='word_1_653' title='bbox 3059 4046 3092 4111; x_wconf 82' lang='grc' dir='ltr'>ἡ</span> <span class='ocrx_word' id='word_1_654' title='bbox 3119 4041 3450 4115; x_wconf 78' lang='grc' dir='ltr'>Κλείτη,καὶ</span> <span class='ocrx_word' id='word_1_655' title='bbox 3473 4044 3553 4104; x_wconf 78' lang='grc' dir='ltr'><strong>ὅτι</strong></span> <span class='ocrx_word' id='word_1_656' title='bbox 3581 4052 3614 4117; x_wconf 82' lang='grc' dir='ltr'>ἡ</span> <span class='ocrx_word' id='word_1_657' title='bbox 3639 4051 3698 4107; x_wconf 76' lang='grc' dir='ltr'>ἐκ</span> 
     </span>
    </p>
   </div>
   <div class='ocr_carea' id='block_1_16' title="bbox 2119 4125 3695 4209">
    <p class='ocr_par' dir='ltr' id='par_1_21' title="bbox 2119 4125 3695 4209">
     <span class='ocr_line' id='line_1_92' title="bbox 2119 4125 3695 4209; baseline 0.004 -23"><span class='ocrx_word' id='word_1_658' title='bbox 2119 4139 2124 4143; x_wconf 81' lang='grc'><strong><em>’</em></strong></span> <span class='ocrx_word' id='word_1_659' title='bbox 2147 4131 2249 4186; x_wconf 90' lang='grc' dir='ltr'><strong>τῶν</strong></span> <span class='ocrx_word' id='word_1_660' title='bbox 2265 4127 2502 4207; x_wconf 84' lang='grc' dir='ltr'>δακρύων</span> <span class='ocrx_word' id='word_1_661' title='bbox 2522 4125 2719 4196; x_wconf 82' lang='grc' dir='ltr'>ταύτης</span> <span class='ocrx_word' id='word_1_662' title='bbox 2735 4127 2901 4207; x_wconf 78' lang='grc' dir='ltr'>κρήνη</span> <span class='ocrx_word' id='word_1_663' title='bbox 2917 4129 2971 4186; x_wconf 79' lang='grc' dir='ltr'>ἐν</span> <span class='ocrx_word' id='word_1_664' title='bbox 2997 4129 3208 4209; x_wconf 78' lang='grc' dir='ltr'>Κυζίκῳ</span> <span class='ocrx_word' id='word_1_665' title='bbox 3222 4129 3424 4207; x_wconf 73' lang='grc' dir='ltr'>ἐγένετο</span> <span class='ocrx_word' id='word_1_666' title='bbox 3442 4133 3695 4203; x_wconf 81' lang='grc' dir='ltr'>κληθεῖσα</span> 
     </span>
    </p>
   </div>
   <div class='ocr_carea' id='block_1_17' title="bbox 2146 4215 3000 4296">
    <p class='ocr_par' dir='ltr' id='par_1_22' title="bbox 2146 4215 3000 4296">
     <span class='ocr_line' id='line_1_93' title="bbox 2146 4215 3000 4296; baseline -0.005 -19"><span class='ocrx_word' id='word_1_667' title='bbox 2146 4217 2232 4277; x_wconf 77' lang='grc' dir='ltr'><strong>ἐπὶ</strong></span> <span class='ocrx_word' id='word_1_668' title='bbox 2264 4220 2340 4296; x_wconf 78' lang='grc' dir='ltr'><strong>τῷ</strong></span> <span class='ocrx_word' id='word_1_669' title='bbox 2364 4215 2579 4291; x_wconf 82' lang='grc' dir='ltr'>ὀνόματι</span> <span class='ocrx_word' id='word_1_670' title='bbox 2607 4216 2766 4285; x_wconf 75' lang='grc' dir='ltr'>αὐτῆς</span> <span class='ocrx_word' id='word_1_671' title='bbox 2783 4215 3000 4288; x_wconf 83' lang='grc' dir='ltr'>Κλείτη.</span> 
     </span>
    </p>
   </div>
   <div class='ocr_carea' id='block_1_18' title="bbox 2134 4380 3697 5239">
    <p class='ocr_par' dir='ltr' id='par_1_23' title="bbox 2138 4380 3696 4589">
     <span class='ocr_line' id='line_1_94' title="bbox 2138 4380 3696 4443; baseline 0.004 -13"><span class='ocrx_word' id='word_1_672' title='bbox 2138 4381 2286 4431; x_wconf 78' lang='lat' dir='ltr'><strong>tradit</strong></span> <span class='ocrx_word' id='word_1_673' title='bbox 2302 4381 2423 4430; x_wconf 84' lang='lat' dir='ltr'><strong>libro</strong></span> <span class='ocrx_word' id='word_1_674' title='bbox 2453 4393 2599 4430; x_wconf 86' lang='lat' dir='ltr'><strong>nono.</strong></span> <span class='ocrx_word' id='word_1_675' title='bbox 2635 4384 2816 4432; x_wconf 78' lang='lat' dir='ltr'><strong>contm</strong></span> <span class='ocrx_word' id='word_1_676' title='bbox 2846 4380 3123 4443; x_wconf 74' lang='lat' dir='ltr'><strong>Apollonius</strong></span> <span class='ocrx_word' id='word_1_677' title='bbox 3153 4381 3349 4432; x_wconf 83' lang='lat' dir='ltr'><strong>Deiochi</strong></span> <span class='ocrx_word' id='word_1_678' title='bbox 3371 4384 3696 4436; x_wconf 79' lang='lat' dir='ltr'><strong>narrationem</strong></span> 
     </span>
     <span class='ocr_line' id='line_1_95' title="bbox 2138 4460 2435 4508; baseline -0.007 0"><span class='ocrx_word' id='word_1_679' title='bbox 2138 4461 2329 4508; x_wconf 77' lang='lat' dir='ltr'><strong>secutus</strong></span> <span class='ocrx_word' id='word_1_680' title='bbox 2346 4460 2435 4507; x_wconf 85' lang='lat' dir='ltr'><strong>est.</strong></span> 
     </span>
     <span class='ocr_line' id='line_1_96' title="bbox 2887 4540 2941 4589; baseline -0.019 0"><span class='ocrx_word' id='word_1_681' title='bbox 2887 4540 2941 4589; x_wconf 87' lang='lat'><strong>7.</strong></span> 
     </span>
    </p>

    <p class='ocr_par' dir='ltr' id='par_1_24' title="bbox 2136 4622 3697 4763">
     <span class='ocr_line' id='line_1_97' title="bbox 2198 4622 3697 4689; baseline 0.005 -18"><span class='ocrx_word' id='word_1_682' title='bbox 2198 4622 2367 4685; x_wconf 83' lang='lat' dir='ltr'><strong>Campi</strong></span> <span class='ocrx_word' id='word_1_683' title='bbox 2403 4623 2636 4686; x_wconf 82' lang='lat' dir='ltr'><strong>pratensis</strong></span> <span class='ocrx_word' id='word_1_684' title='bbox 2671 4623 2891 4674; x_wconf 83' lang='lat' dir='ltr'><strong>meminit</strong></span> <span class='ocrx_word' id='word_1_685' title='bbox 2923 4622 3175 4674; x_wconf 77' lang='lat' dir='ltr'><strong>Deiochus,</strong></span> <span class='ocrx_word' id='word_1_686' title='bbox 3217 4624 3351 4676; x_wconf 82' lang='lat' dir='ltr'><strong>Idem</strong></span> <span class='ocrx_word' id='word_1_687' title='bbox 3383 4625 3446 4674; x_wconf 89' lang='lat' dir='ltr'><strong>de</strong></span> <span class='ocrx_word' id='word_1_688' title='bbox 3471 4629 3697 4689; x_wconf 82' lang='lat' dir='ltr'><strong>sepulcro</strong></span> 
     </span>
     <span class='ocr_line' id='line_1_98' title="bbox 2136 4698 2526 4763; baseline -0.003 -13"><span class='ocrx_word' id='word_1_689' title='bbox 2136 4698 2295 4761; x_wconf 79' lang='lat' dir='ltr'><strong>cyzici</strong></span> <span class='ocrx_word' id='word_1_690' title='bbox 2312 4699 2526 4763; x_wconf 78' lang='lat' dir='ltr'><strong>exponit.</strong></span> 
     </span>
    </p>

    <p class='ocr_par' dir='ltr' id='par_1_25' title="bbox 2134 4783 3697 5239">
     <span class='ocr_line' id='line_1_99' title="bbox 2195 4783 3694 4928; baseline 0.003 -14"><span class='ocrx_word' id='word_1_691' title='bbox 2195 4863 2353 4914; x_wconf 81' lang='lat' dir='ltr'><strong>Cliten</strong></span> <span class='ocrx_word' id='word_1_692' title='bbox 2401 4878 2500 4928; x_wconf 78' lang='lat' dir='ltr'><strong>prae</strong></span> <span class='ocrx_word' id='word_1_693' title='bbox 2569 4876 2776 4914; x_wconf 74' lang='lat' dir='ltr'><strong>mmrore</strong></span> <span class='ocrx_word' id='word_1_694' title='bbox 2823 4783 2973 4914; x_wconf 59' lang='lat' dir='ltr'><strong>vigim</strong></span> <span class='ocrx_word' id='word_1_695' title='bbox 3021 4863 3198 4915; x_wconf 78' lang='lat' dir='ltr'><strong>finiisse</strong></span> <span class='ocrx_word' id='word_1_696' title='bbox 3237 4869 3411 4916; x_wconf 84' lang='lat' dir='ltr'><strong>auctor</strong></span> <span class='ocrx_word' id='word_1_697' title='bbox 3439 4869 3514 4917; x_wconf 80' lang='lat' dir='ltr'><strong>est</strong></span> <span class='ocrx_word' id='word_1_698' title='bbox 3548 4869 3694 4918; x_wconf 79' lang='lat' dir='ltr'><strong>Deio-</strong></span> 
     </span>
     <span class='ocr_line' id='line_1_100' title="bbox 2134 4941 3697 5086; baseline 0.002 -17"><span class='ocrx_word' id='word_1_699' title='bbox 2134 4941 2444 5070; x_wconf 53' lang='lat' dir='ltr'><strong>Chghanthes</strong></span> <span class='ocrx_word' id='word_1_700' title='bbox 2460 5019 2800 5083; x_wconf 69' lang='lat' dir='ltr'><strong>(Neantliese’)</strong></span> <span class='ocrx_word' id='word_1_701' title='bbox 2832 5023 2882 5069; x_wconf 87' lang='lat' dir='ltr'><strong>et</strong></span> <span class='ocrx_word' id='word_1_702' title='bbox 2923 5021 3161 5070; x_wconf 83' lang='lat' dir='ltr'><strong>Deiochus</strong></span> <span class='ocrx_word' id='word_1_703' title='bbox 3185 5021 3342 5071; x_wconf 79' lang='lat' dir='ltr'><strong>Cliten</strong></span> <span class='ocrx_word' id='word_1_704' title='bbox 3374 5023 3697 5086; x_wconf 73' lang='lat' dir='ltr'><strong>strangulasse</strong></span> 
     </span>
     <span class='ocr_line' id='line_1_101' title="bbox 2134 5097 3693 5161; baseline 0.003 -15"><span class='ocrx_word' id='word_1_705' title='bbox 2134 5109 2186 5146; x_wconf 79' lang='lat' dir='ltr'><strong>se</strong></span> <span class='ocrx_word' id='word_1_706' title='bbox 2211 5100 2436 5157; x_wconf 83' lang='lat' dir='ltr'><strong>narrant,</strong></span> <span class='ocrx_word' id='word_1_707' title='bbox 2457 5099 2603 5159; x_wconf 81' lang='lat' dir='ltr'><strong>atque</strong></span> <span class='ocrx_word' id='word_1_708' title='bbox 2619 5112 2678 5146; x_wconf 69' lang='lat' dir='ltr'><strong>ev&lt;</strong></span> <span class='ocrx_word' id='word_1_709' title='bbox 2699 5097 2916 5147; x_wconf 61' lang='lat' dir='ltr'><strong>lacrimis</strong></span> <span class='ocrx_word' id='word_1_710' title='bbox 2941 5098 3089 5146; x_wconf 74' lang='lat' dir='ltr'><strong>mites</strong></span> <span class='ocrx_word' id='word_1_711' title='bbox 3122 5098 3301 5147; x_wconf 72' lang='lat' dir='ltr'><strong>sontem</strong></span> <span class='ocrx_word' id='word_1_712' title='bbox 3336 5097 3497 5161; x_wconf 76' lang='lat' dir='ltr'><strong>Cyzici</strong></span> <span class='ocrx_word' id='word_1_713' title='bbox 3527 5104 3693 5151; x_wconf 82' lang='lat' dir='ltr'><strong>ortum</strong></span> 
     </span>
     <span class='ocr_line' id='line_1_102' title="bbox 2138 5173 3091 5239; baseline 0.002 -17"><span class='ocrx_word' id='word_1_714' title='bbox 2138 5187 2238 5222; x_wconf 81' lang='lat' dir='ltr'><strong>esse</strong></span> <span class='ocrx_word' id='word_1_715' title='bbox 2251 5210 2264 5234; x_wconf 88' lang='lat'><strong>,</strong></span> <span class='ocrx_word' id='word_1_716' title='bbox 2284 5175 2366 5234; x_wconf 82' lang='lat' dir='ltr'><strong>qni</strong></span> <span class='ocrx_word' id='word_1_717' title='bbox 2392 5174 2453 5223; x_wconf 79' lang='lat' dir='ltr'><strong>de</strong></span> <span class='ocrx_word' id='word_1_718' title='bbox 2476 5176 2670 5224; x_wconf 77' lang='lat' dir='ltr'><strong>nomine</strong></span> <span class='ocrx_word' id='word_1_719' title='bbox 2689 5175 2793 5237; x_wconf 74' lang='lat' dir='ltr'><strong>ejus</strong></span> <span class='ocrx_word' id='word_1_720' title='bbox 2810 5173 3091 5239; x_wconf 78' lang='lat' dir='ltr'><strong>appelletur.</strong></span> 
     </span>
    </p>
   </div>
   <div class='ocr_carea' id='block_1_19' title="bbox 3986 3611 3990 4379">
    <p class='ocr_par' dir='ltr' id='par_1_26' title="bbox 3986 3611 3990 4379">
     <span class='ocr_line' id='line_1_103' title="bbox 3986 3611 3990 4379; baseline 0 0"><span class='ocrx_word' id='word_1_721' title='bbox 3986 3611 3990 4379; x_wconf 95' lang='lat' dir='ltr'><strong> </strong></span> 
     </span>
    </p>
   </div>
   <div class='ocr_carea' id='block_1_20' title="bbox 3987 4804 3988 5312">
    <p class='ocr_par' dir='ltr' id='par_1_27' title="bbox 3987 4804 3988 5312">
     <span class='ocr_line' id='line_1_104' title="bbox 3987 4804 3988 5312; baseline 0 0"><span class='ocrx_word' id='word_1_722' title='bbox 3987 4804 3988 5312; x_wconf 95' lang='lat' dir='ltr'><strong> </strong></span> 
     </span>
    </p>
   </div>
  </div>
 </body>
</html>
