4016 5916
1382 403 1913 467 TEGEATARUM
1953 387 2451 462 RESPUBLICA.

1349 531 1656 606 ξενηλασίας
1693 526 1793 609 γὰρ
1834 525 1894 584 τὸ
1981 524 2131 578 libro
2143 521 2244 576 XV
2262 518 2431 574 refert
2447 514 2743 571 Arcadiam
2765 528 2974 565 nomen
2996 509 3205 563 habere
3225 509 3295 564 ab
3318 511 3543 567 Arcade

337 568 541 647 εἴρηται
562 604 578 631 ,
604 553 828 623 σώζεται
863 545 948 606 διὰ
987 543 1074 602 τὸν
1117 541 1305 599 τόπον·

3421 386 3529 440 188

335 654 518 733 πόρρω
545 641 848 712 πεποίηκεν.
876 631 968 695 Διὸ
997 628 1087 689 καὶ
1113 627 1173 686 τὸ
1200 629 1302 685 τῶν
1326 620 1601 702 περιοίκων
1623 616 1765 695 με’νει
1791 615 1896 679 τοῖς
1989 607 2333 668 Orchomeni
2370 604 2513 660 filio.
2546 598 2716 673 Quod
2758 616 2933 671 quum
2961 597 3098 651 nihil
3140 599 3425 669 pertinere
3448 600 3543 654 vi..

344 737 549 820 Κρησὶν
568 777 584 805 ‚
612 734 658 790 Οἱ
688 730 733 787 δ’
763 722 967 787 εἵλωτες
994 716 1308 798 ἀφίστανται
1335 707 1611 774 πολλάκις·
1653 702 1770 764 οὔτε
1797 700 1899 781 γὰρ
1987 699 2187 753 deatur
2220 693 2295 761 ad
2334 686 2724 765 explicandam
2762 680 3094 763 προσελήνων
3130 686 3373 740 nominis
3411 688 3537 741 ori-

341 825 648 904 ἐξωτερικῆς
674 817 838 894 ἀρχῆς
857 811 1181 869 κοινωνοῦσιν
1201 805 1248 861 οἱ
1271 803 1494 880 Κρῆτες,
1518 792 1704 852 νεωστί
1722 813 1779 850 τε
1804 788 1900 847 πό·
1986 787 2208 861 ginem,
2246 781 2476 837 fortasse
2505 795 2635 832 cum
2675 772 3133 830 antecedentibus
3177 773 3256 827 ita
3299 773 3547 844 conjun-

348 920 516 992 λεμος
563 903 752 977 ξενικὸς
792 895 1102 967 διαὸέὸηκεν
1144 893 1216 957 εἷς
1242 887 1337 960 τὴν
1366 890 1540 956 ν’ῆσον,
1571 881 1623 948 ὃς
1650 877 1903 949 πεποίηκε
1990 872 2239 947 gendum
2262 880 2371 936 est,
2402 878 2467 921 ut
2486 876 2790 920 statuamus
2814 860 3093 916 Duridem
3116 859 3178 913 in
3195 860 3283 915 his
3302 861 3465 916 sicuti
3487 863 3549 917 in

355 999 580 1085 φανερὰν
601 993 695 1063 τὴν
725 986 992 1049 ἀσθένειαν
1017 984 1120 1040 τῶν
1150 981 1258 1039 ἐκεῖ
1280 976 1474 1052 νόμων.
1535 968 1671 1050 Περὶ
1699 966 1793 1046 μὲν
1817 956 1903 1023 οὖν
1990 963 2112 1017 aliis
2128 959 2318 1014 multis
2332 953 2689 1011 Aristotelem
2708 958 2961 1005 secutum
2980 965 3092 1003 esse
3107 988 3122 1014 ‚
3154 957 3320 1020 atque
3338 948 3553 1004 Orcho.

349 1090 540 1160 ταύτης
564 1081 787 1164 εἰρήσθω
808 1074 1019 1135 τοσαῦθ’
1042 1069 1168 1215 ‘gp-'iv
1190 1070 1282 1138 τῆς
1301 1060 1584 1125 πολιτείας.
1602 1058 1627 1138 ]

1087 1162 1123 1216 8
1149 1159 1208 1215 b.

1993 1050 2143 1104 meni
2175 1045 2466 1121 (primitus
2493 1035 2844 1118 Ἐρχομένου,
2866 1046 2931 1091 ut
2957 1038 3018 1091 in
3040 1036 3318 1109 inscriptt.
3360 1047 3417 1090 et
3438 1055 3552 1091 nu..

1996 1137 2120 1192 mis,
2136 1136 2204 1193 V.
2224 1132 2443 1189 Miiller.
2462 1130 2610 1183 Min.
2627 1144 2691 1200 p.
2713 1143 2843 1198 129,
2862 1122 3317 1180 Boeckh.OEcon.
3331 1141 3391 1196 p.
3418 1122 3552 1199 383)

433 1266 630 1338 [Idem
656 1259 783 1316 Pol.
811 1254 945 1324 vn,
979 1270 1047 1324 9,
1083 1267 1106 1303 1
1142 1266 1156 1301 :
1186 1245 1373 1301 Minos
1398 1241 1611 1315 primus
1633 1238 1693 1292 in
1721 1233 1913 1289 classes
1997 1222 2116 1278 filio
2144 1218 2381 1274 indicari
2408 1215 2715 1271 adventum
2749 1229 2978 1279 eorum,
3010 1211 3108 1282 qui
3130 1211 3345 1282 priscos
3373 1213 3557 1266 Arca-

360 1354 639 1432 populum
656 1344 871 1410 divisit3
890 1339 1042 1394 idem
1064 1326 1338 1391 συσσιτίων
1368 1339 1584 1384 auctor.
1602 1321 1825 1389 —VIL
1856 1336 1911 1388 α,

364 1444 397 1500 5
436 1462 450 1499 2
479 1442 651 1514 Leges
672 1444 729 1490 et
755 1428 1015 1497 educatio
1042 1423 1342 1479 maximam
1361 1427 1582 1490 partem
1606 1411 1680 1467 ad
1701 1409 1915 1464 bellum

359 1537 630 1605 spectant.
655 1551 734 1566 --
755 1521 806 1589 Ῑ,
843 1536 894 1584 1,
916 1514 952 1570 6
972 1533 985 1568 z
1016 1504 1357 1584 Ἐπιμενίδης
1383 1504 1412 1560 δ
1434 1497 1577 1579 Κρὴς
1594 1494 1916 1573 δμοκάπνους

361 1617 610 1694 appellat
626 1630 723 1668 eos
748 1609 846 1682 qui
865 1603 1133 1662 familiam
1162 1599 1408 1670 aliquam
1447 1591 1794 1649 constituunt
1813 1583 1916 1658 (cf.

367 1711 543 1779 Resp-
574 1689 1026 1767 Catanaeorum).
1057 1720 1136 1731 —
1174 1686 1261 1754 11,
1294 1702 1326 1738 α
1347 1725 1364 1753 ,
1401 1699 1470 1737 10
1504 1699 1518 1734 t
1578 1673 1664 1736 T&
1682 1670 1802 1752 περὶ
1827 1668 1921 1736 τὰς

361 1791 571 1863 κτήσεις
612 1789 665 1844 ἐν
698 1776 1054 1852 Λακεδαίμονι
1083 1770 1175 1832 καὶ
1217 1767 1404 1849 Κρήτῃ
1432 1765 1537 1831 τοῖς
1573 1759 1853 1824 συσσιτίοις
1893 1759 1921 1814 ὅ

363 1874 645 1957 νομοθέτης
687 1868 980 1929 ἐκοίνωσεν.
1029 1895 1105 1909 -
1150 1862 1240 1929 ΙΙ,
1288 1859 1354 1927 6,
1402 1875 1470 1912 21
1510 1873 1525 1909 ε
1568 1852 1922 1927 Syssitiorum

367 1970 682 2026 institutum
727 1955 882 2033 apud
917 1950 1127 2011 Laced.
1170 1948 1314 2003 male
1354 1963 1412 2001 se
1435 1943 1610 1999 habet
1655 1950 1927 2013 quatenus

368 2054 683 2131 symbolam
706 2046 780 2104 ad
800 2062 866 2101 ea
881 2052 1343 2113 unumquemque
1370 2030 1628 2087 conferre
1655 2034 1884 2100 oportet
1908 2043 1920 2077 :

365 2143 477 2202 ἔδει
502 2139 605 2217 γὰρ
631 2133 736 2193 ἀπὸ
760 2134 930 2191 κοινοῦ
962 2126 1159 2205 μᾶλλον
1197 2112 1327 2180 εἶναι
1362 2115 1457 2189 τὴν
1495 2114 1727 2187 σύνοδον,
1757 2110 1926 2170 καθοί-

375 2251 472 2307 περ
494 2232 545 2288 ἐν
563 2221 766 2303 Κρήτῃ.
780 2220 947 2287 —11‚
962 2216 1021 2285 6,
1041 2213 1073 2269 3
1104 2209 1403 2268 :Thessalis
1419 2218 1475 2261 et
1493 2200 1931 2260 Lacedaemoniis

371 2320 620 2375 Penestae
656 2321 713 2367 et
733 2308 950 2365 Helotae
977 2302 1174 2376 saepius
1204 2316 1386 2371 remp.
1433 2293 1733 2349 turbarunt
1767 2308 1780 2343 ε
1808 2282 1928 2363 περὶ

379 2402 432 2461 δὲ
461 2398 579 2467 τοὺς
605 2399 816 2477 Κρῆτας
845 2387 988 2449 οὐδέν
1019 2410 1104 2446 πω
1125 2388 1352 2443 τοιοῦτον
1383 2376 1740 2455 συμὸἑὸηκεν·
1768 2371 1929 2432 αἴτιον

379 2489 423 2548 δ’
454 2486 580 2553 ἴσως
605 2482 664 2544 τὸ
687 2480 779 2547 τὰς
805 2473 1108 2557 γειτνιώσας
1131 2470 1331 2542 πόλεις,
1376 2466 1564 2546 καίπερ
1603 2460 1933 2537 πολεμούσας

383 2576 666 2646 ἀλλήλαις,
694 2567 955 2648 μηδεμίαν
977 2554 1111 2621 εἶναι
1139 2557 1421 2636 σύμμαχον
1449 2561 1555 2619 τοῖς
1571 2545 1936 2631 ἀφισταμένοις

381 2663 470 2723 ’διὰ
495 2661 555 2720 τὸ
594 2658 669 2737 μὴ
698 2652 977 2736 συμφέρειν
1015 2646 1105 2708 καὶ
1145 2648 1325 2710 αὗταῒς
1362 2638 1706 2718 κεκτημέναις
1733 2633 1936 2716 περιοί-

379 2775 520 2818 κους.
542 2747 902 2809 Contrarium
926 2751 1044 2797 erat
1066 2735 1221 2812 apud
1241 2724 1752 2805 Lacedaemonios]

937 2890 987 2948 Τ
996 2888 1086 2947 ΕΓ
1095 2884 1242 2945 ΕΑΤ
1246 2883 1370 2942 ΩΝ.

1120 3017 1214 3092 89.

471 3160 660 3218 Schol.
682 3155 953 3230 Apollon.
978 3152 1089 3206 Rh.
1118 3149 1174 3203 11
1188 3188 1204 3216 ,
1222 3146 1359 3213 264,
1381 3145 1453 3200 de
1467 3141 1780 3198 Arcadibus
1805 3139 1932 3195 Pro·

2001 1311 2107 1367 diae
2149 1309 2359 1364 incolas
2399 1305 2684 1377 ejecerint.
2723 1303 2835 1357 Res
2873 1302 2991 1374 ipsa
3021 1298 3316 1354 referenda
3345 1299 3417 1354 ad
3444 1300 3556 1355 Mi-

2002 1416 2138 1471 nyas
2160 1397 2259 1470 qui
2278 1397 2339 1448 in
2351 1392 2513 1449 Elide
2526 1390 2685 1446 sedes
2700 1388 3005 1443 habebant.
3029 1386 3290 1442 Ceterum
3308 1387 3426 1442 haec
3446 1404 3561 1442 me·

2003 1504 2131 1540 rum
2155 1482 2444 1555 scriptoris
2461 1478 2679 1553 (malim
2701 1474 3242 1547 Orchomeniorum)
3270 1492 3565 1531 commen-

2003 1584 2123 1629 tum
2149 1589 2261 1626 esse
2282 1568 2509 1623 videtur
2532 1565 2772 1620 Miillero
2792 1564 2923 1620 Dor.
2961 1564 3049 1630 ΙΙ,
3082 1580 3141 1635 p.
3166 1561 3263 1631 68,
3293 1581 3351 1618 n.
3378 1581 3436 1617 a.
3478 1593 3561 1605 -

2008 1660 2330 1716 Scholiasta!
2375 1653 2547 1710 verba
2598 1649 2677 1708 διὸ
2721 1646 3209 1723 κατωνομοὶσθησαν
3254 1648 3565 1728 προσέληνοι

2006 1747 2151 1801 nihil
2171 1745 2241 1803 ad
2261 1741 2615 1799 Aristotelem
2628 1739 2913 1812 pertinere
2938 1737 3205 1810 opinatur
3221 1735 3565 1807 Grashofius‚

2008 1833 2164 1890 haud
2186 1832 2357 1888 dubie
2374 1847 2577 1904 parum
2592 1827 2763 1901 digna
2778 1824 3121 1899 philosopho
3140 1824 3369 1880 habens.
3390 1824 3571 1879 Scho-

2011 1923 2166 1977 liasta
2191 1931 2382 1994 aperte
2398 1918 2559 1973 aliter
2569 1915 2762 1971 statuit
2779 1930 2796 1986 ς
2822 1928 3009 1985 neque
3029 1910 3343 1985 quidquam
3372 1922 3453 1966 est
3470 1930 3572 1966 cur

2014 2026 2220 2065 errasse
2231 2006 2578 2062 scholiastam
2593 2001 3112 2071 censeamus.Quam
3123 2016 3260 2054 vero
3272 1997 3445 2054 sidem
3453 2000 3588 2056 Ari··

2016 2097 2239 2151 stoteles
2253 2090 2525 2165 ejusmodi
2540 2087 2934 2146 traditionibus
2942 2085 3225 2154 habuerit,
3240 2085 3299 2145 id
3314 2087 3372 2140 in
3383 2086 3573 2140 medio

2021 2181 2477 2256 relinquendum.
2511 2177 2865 2232 —Aliorum
2887 2183 3204 2228 commenta
3230 2171 3303 2226 de
3324 2172 3578 2227 Prosele-

2018 2272 2103 2324 nis
2132 2270 2245 2323 istis
2270 2265 2588 2324 Arcadibus
2612 2261 2744 2318 vide
2768 2260 2921 2335 apud
2947 2259 3125 2316 schol.
3155 2260 3424 2332 Apollon.
3448 2260 3486 2314 l.
3510 2259 3550 2316 l.

2099 2354 2267 2429 Apud
2295 2356 2637 2411 Clementem
2666 2352 2725 2406 in
2761 2348 3116 2421 Protreptico
3164 2364 3224 2419 p.
3265 2344 3299 2399 8
3328 2346 3482 2419 Sylb.
3512 2363 3581 2401 ex

2021 2443 2318 2499 Aristotele
2341 2450 2703 2497 recensentur
2717 2436 3008 2510 Apollines
3027 2436 3278 2507 quinque
3292 2474 3307 2502 ,
3336 2451 3581 2505 quorum

2024 2542 2286 2605 quartum
2303 2532 2467 2603 ponit
2487 2526 2572 2584 τὸν
2602 2522 2828 2604 Ἀρκάδα
2845 2520 2933 2580 τὸν
2954 2520 3208 2591 Σειληνοῦ
3223 2541 3235 2553 ·
3251 2519 3424 2594 νόμιος
3439 2509 3583 2583 οὗτος

2024 2615 2275 2687 κέκληται
2300 2618 2429 2693 παρ’
2462 2611 2724 2693 Ἀρκάσιν.
2766 2614 2899 2667 Haec
2921 2621 3106 2665 tamen
3133 2627 3253 2662 non
3277 2626 3348 2662 ex
3372 2608 3587 2662 Politiis

2029 2707 2200 2780 petita
2225 2716 2378 2774 sunt,
2403 2702 2500 2759 sed
2528 2701 2732 2776 procul
2752 2699 2926 2754 dubio
2943 2737 2958 2765 ,
2982 2715 3111 2752 cum
3152 2694 3585 2750 Schneidewino

2034 2792 2383 2866 (Philologus
2412 2790 2541 2847 fasc.
2572 2791 2616 2857 1,
2672 2808 2763 2844 an.
2806 2784 2984 2858 1846)
3020 2781 3317 2838 referenda
3362 2780 3436 2836 ad
3478 2782 3588 2835 Pe-

2030 2880 2189 2953 plum
2212 2878 2522 2936 Aristotelis
2553 2876 2642 2952 (v.
2665 2875 2815 2930 infra
2858 2873 2930 2931 fr.
2967 2870 3077 2935 284
3103 2871 3141 2943 ).
3173 2870 3427 2924 Fortasse
3449 2884 3588 2923 vero

2033 2987 2105 3024 ex
2142 2967 2423 3026 Arcadum
2458 2969 2603 3040 Rep.
2649 2966 2856 3039 petitus
2900 2973 2981 3017 est
3016 2960 3173 3013 locus
3214 2955 3286 3011 de
3330 2956 3586 3024 musicis,

2034 3072 2203 3128 quem
2224 3072 2393 3127 supra
2430 3052 2531 3126 (fr.
2580 3052 2650 3122 87
2676 3049 2691 3127 )
2716 3051 2833 3122 jam
2875 3046 3285 3120 adscripsimus,
3313 3044 3592 3114 Quantam

2031 3144 2146 3197 vim
2183 3143 2392 3197 musica
2428 3143 2488 3195 in
2523 3139 2841 3197 leniendam
2871 3137 3065 3210 priscae
3116 3134 3241 3186 vitae
3288 3130 3593 3186 ruditatem

385 3250 593 3306 selenis
613 3262 779 3321 agens
810 3259 825 3300 Ξ
852 3233 1205 3317 Ἀρῑστῡτὲλης
1232 3230 1287 3289 δὲ
1313 3233 1365 3288 ἐν
1387 3231 1452 3306 τῇ
1481 3229 1761 3304 Τεγεατῶν
1791 3226 1946 3283 πολι·
2035 3230 2187 3303 apud
2214 3229 2462 3286 Arcades
2489 3227 2835 3295 exercuerit,
2867 3224 3057 3278 multis
3085 3232 3141 3276 et
3172 3220 3397 3294 egregie
3421 3237 3592 3291 expo·

396 3334 512 3413 τεία
541 3331 694 3413 φησὶν
730 3327 810 3387 ὅτι
836 3322 1093 3405 βᾶρὸαροι
1126 3319 1220 3390 τὴν
1244 3314 1520 3392 Ἀρκαδίαν
1548 3311 1792 3396 ᾤκησαν,
1816 3310 1950 3369 Οῗτῑ·
2035 3320 2123 3372 nit
2146 3318 2431 3390 Polybius,
2473 3319 2575 3373 Vix
2611 3318 2818 3370 intacta
2845 3313 2963 3366 haec
2988 3309 3220 3380 reliquit
3246 3307 3590 3362 Aristoteles,

395 3445 478 3488 νες
508 3416 857 3488 ἕξεὸλήθησαν
887 3410 989 3470 ὑπὸ
1015 3413 1118 3468 τῶν
1142 3405 1402 3484 Ἀρκάδων
1435 3400 1748 3478 ἐπιθεμένων
1780 3401 1951 3464 αὐτοῖς

2120 3407 2340 3460 Nomen
2376 3405 2686 3460 Aristotelis
2712 3402 2940 3456 sortasse
2962 3394 3358 3470 reponendum
3387 3403 3469 3448 est
3497 3411 3592 3467 ap.

399 3508 503 3588 πρὸ
528 3511 616 3564 τοῦ
651 3501 905 3562 ἐπιτεῖλαι
943 3495 1036 3569 τὴν
1066 3492 1286 3565 αὲλῆνην
1306 3511 1322 3527 ’
1358 3489 1437 3548 διὸ
1471 3485 1950 3564 κα’·ῑωνομ’·ῦῖαθηῦάν
2041 3492 2217 3547 schol.
2250 3492 2525 3565 Apollon.
2549 3489 2740 3547 Rhod.
2774 3488 2830 3558 I,
2870 3485 3000 3553 164,
3030 3483 3127 3538 ubi
3150 3498 3163 3538 :
3188 3475 3488 3557 Λυκούργου
3509 3477 3599 3534 καὶ

399 3593 746 3675 Προσέληνοι.

2041 3573 2305 3648 Ἀντιόπης
2333 3574 2569 3652 Ἀγκαῖος
2584 3619 2599 3644 ,
2629 3582 2847 3648 τιμᾶται
2875 3569 2930 3628 δὲ
2948 3567 3071 3647 παρ’
3096 3563 3373 3644 Ἀρκάσιν,
3396 3562 3466 3630 ὥς
3490 3586 3598 3645 φη-

483 3687 554 3740 1¹¹
586 3682 760 3739 ⁸⁰h01·
802 3678 995 3738 Alffin·
1023 3674 1097 3732 ad
1123 3670 1484 3744 Aristophan·
1512 3668 1666 3726 NUb·
1700 3666 1808 3736 387
1838 3666 1958 3719 ¹¹aess
2044 3684 2125 3719 ⁶²2
2156 3660 2540 3741 Ἀρῑστομένης.
2571 3666 2658 3720 De
2686 3669 2893 3718 Ancaeo
2919 3656 3138 3715 Arcade
3170 3654 3371 3710 eodem
3393 3652 3524 3726 jure
3543 3653 3603 3706 in

397 3771 686 3829 transtulit
711 3770 1002 3833 Musurus,
1025 3780 1135 3837 pro
1163 3755 1265 3816 ὑπὸ
1291 3759 1395 3814 τῶν
1419 3754 1559 3832 Ἀρκ.
1588 3755 1837 3810 scribens
1855 3749 1956 3807 ὑπὸ
2044 3752 2327 3807 Arcadum
2363 3753 2505 3825 Rep.
2546 3749 2871 3807 Aristoteles
2900 3747 3089 3802 dicere
3128 3744 3350 3816 potuit,
3383 3758 3498 3812 quo
3528 3737 3601 3794 de

405 3861 511 3916 τῶν
534 3860 622 3913 νῦν
650 3853 791 3932 'Apin
813 3864 870 3908 et
889 3850 1095 3908 deinde
1108 3840 1644 3924 προσωνομάσθησαν.
1668 3870 1747 3882 -
1766 3842 1960 3912 Expo-
2047 3843 2251 3896 Ancaeo
2276 3841 2462 3895 Samio
2490 3839 2632 3894 dixit
2668 3839 2730 3892 in
2759 3838 2902 3909 Rep.
2937 3834 3272 3890 Samiorum.
3307 3827 3393 3885 Cf.
3422 3838 3607 3882 tamen

407 3950 510 4003 sita
557 3943 869 4001 Aristotelis
911 3937 1213 4007 sententia,
1259 3931 1554 3987 scholiasta
1605 3946 1674 3983 ex
1730 3926 1963 3982 Duridis
2052 3946 2106 3983 ν.
2134 3929 2512 3983 Aristomenes
2539 3928 2601 3981 in
2627 3923 3009 3998 scriptoribus
3035 3920 3205 3975 aetatis
3223 3919 3473 3972 incertae.

422 4027 3415 4076 -ῥ--ῤ--Μ-

411 4119 536 4166 Nam
563 4122 721 4172 neque
743 4120 895 4170 quum
915 4104 1019 4153 ullo
1041 4100 1244 4164 imperio
1261 4100 1467 4148 externo
1502 4093 1682 4142 habent
1711 4105 1969 4141 commune
2057 4093 2190 4143 cidit.
2220 4098 2378 4144 Causa
2394 4095 2558 4143 autem
2578 4092 2724 4154 hujus
2746 4089 2813 4140 rei
2847 4090 3049 4139 fortasse
3074 4086 3173 4145 est,
3193 4081 3324 4145 quod
3346 4080 3480 4134 nulla
3498 4080 3611 4129 fini-

413 4191 678 4255 quidquam
708 4189 875 4236 Cretes
900 4203 912 4232 e
936 4184 986 4232 et
1007 4194 1105 4231 uon
1134 4180 1203 4227 ita
1226 4176 1411 4239 pridem
1432 4172 1613 4222 bellum
1642 4172 1897 4218 externum
1919 4170 1970 4217 in
2054 4173 2283 4223 timavum
2298 4174 2564 4236 civitatum,
2579 4171 2803 4234 quamvis
2812 4169 2936 4218 inter
2949 4164 3191 4216 sebellum
3207 4163 3389 4223 gerant,
3403 4160 3615 4222 proebeat

415 4269 617 4319 insulam
635 4266 924 4315 translatum
943 4262 1014 4310 δῖ
1032 4297 1046 4321 ²
1066 4256 1199 4320 qUOd
1215 4254 1544 4304 infirmitatem
1562 4249 1719 4308 legum
1734 4284 1748 4308 ι
1777 4260 1888 4308 <1¹¹ae
1906 4244 1970 4294 lbi
2057 4264 2109 4301 se
2129 4251 2243 4301 belli
2260 4252 2436 4302 sociam
2450 4289 2465 4314 ,
2485 4250 2783 4300 auxiliumve
2805 4246 2928 4296 serat
2944 4241 3098 4293 servis
3117 4240 3167 4288 in
3184 4237 3404 4286 dominos
3425 4236 3616 4297 conspi-

415 4348 528 4396 sunt
544 4381 559 4405 2
589 4342 826 4408 Ρθῖθῖθῦἢ·
853 4342 926 4389 ΒΘ
941 4333 1034 4386 ¹1⁸⁰
1059 4335 1206 4398 igitur
1237 4328 1484 4393 “pnlffiffl
1521 4326 1755 4374 metellus
1775 4337 1805 4372 8
1835 4322 1974 4371 1101)ἰὸ
2060 4327 2275 4379 rantibus
2307 4332 2357 4379 et
2387 4343 2416 4378 a
2440 4328 2633 4378 civitate
2664 4322 2999 4375 deficientibus
3038 4339 3051 4368 ε
3088 4316 3198 4364 ideo
3229 4312 3363 4376 quod
3398 4325 3497 4361 non
3522 4311 3614 4360 sibi

416 4423 603 4473 dictum
636 4419 716 4470 sit.

484 4585 637 4651 [Quae
654 4582 715 4632 ad
746 4582 963 4631 fortunas
984 4577 1034 4626 et
1051 4587 1152 4623 rem
1174 4569 1454 4621 familiarem
1472 4564 1727 4627 pertinent,
1751 4559 1975 4611 lacedae-

422 4680 568 4716 mone
585 4668 634 4714 et
653 4663 702 4712 in
732 4662 875 4711 Creta
895 4653 1128 4706 conviviis
1154 4663 1211 4700 ac
1236 4644 1468 4699 sodalitiis
1487 4640 1773 4693 introductis
1788 4638 1978 4701 legisla-

426 4749 505 4793 tor
529 4739 804 4791 communia
834 4735 966 4786 fecit.

491 4820 799 4884 Syssitiorum
818 4814 1089 4865 institutum
1111 4806 1239 4872 apud
1262 4799 1649 4856 Lacedaemonios
1670 4796 1796 4847 male
1814 4807 1866 4844 se
1898 4794 1977 4843 ha·

417 4900 510 4949 bet
528 4900 763 4960 qnatenus
772 4890 1034 4956 symbolam
1050 4885 1177 4937 adea
1191 4889 1585 4944 unumquemque
1598 4875 1814 4925 conferre
1834 4884 1974 4933 opor-

429 4979 521 5027 tet.
543 4973 808 5037 Oportebat
821 4970 948 5019 enim
966 4969 1161 5028 sumptu
1181 4960 1376 5026 publico
1398 4958 1691 5007 conventum
1704 4951 1841 5002 illum
1861 4947 1982 5010 lieri,

429 5049 837 5117 quemadmodum
863 5046 911 5095 in
934 5046 1092 5095 creta.

496 5130 729 5180 Thessalis
741 5131 788 5176 et
801 5120 1171 5175 tacedaemoniis
1189 5119 1398 5169 Penestae
1412 5117 1458 5164 et
1473 5112 1663 5163 Helotes
1679 5108 1852 5171 saepius
1866 5119 1987 5156 rem-

2061 4408 2283 4469 expediat
2305 4408 2399 4458 illis
2416 4407 2651 4457 auxilium
2690 4405 2839 4462 ferre,
2864 4402 2921 4449 ut
2947 4409 3058 4461 quae
3085 4395 3232 4445 etiam
3259 4392 3435 4443 similes
3456 4403 3621 4440 servos

2063 4484 2263 4547 habent,
2283 4498 2404 4548 quos
2426 4484 2663 4535 Perioecos
2678 4477 2906 4542 vocant]

2563 4630 3112 4699 TEGEATARUM.

2803 4794 2893 4846 89.

2132 4938 2410 4991 Aristoteles
2440 4935 2490 4984 in
2517 4934 2833 4994 Tegeatarum
2862 4925 3066 4989 Republ.
3100 4922 3218 4971 dicit
3254 4919 3368 4968 olim
3400 4914 3627 4966 barbaros

2074 5016 2323 5069 Arcadiam
2343 5012 2635 5063 inhabitasse
2650 5046 2665 5070 ‚
2684 5007 2769 5071 qui
2789 5005 2927 5068 ejecti
2964 5005 3059 5051 sint
3086 5000 3147 5048 ab
3168 4994 3428 5048 Arcadibus
3444 5003 3627 5054 agres-

2073 5099 2137 5146 sis
2158 5108 2240 5146 eos
2260 5096 2373 5142 ante
2390 5093 2552 5141 ortum
2584 5088 2743 5147 lunae3
2768 5084 2881 5132 hinc
2911 5078 3118 5131 Arcadas
3148 5071 3511 5136 cognominatos
3526 5079 3631 5118 esse

431 5223 456 5274 1
487 5210 677 5260 iblicam
703 5205 971 5256 turbarunt.
999 5198 1308 5251 Cretensibus
1331 5199 1492 5245 autem
1524 5188 1759 5241 nihildum
1787 5186 1882 5236 tale
1907 5197 1987 5233 ac·
2076 5176 2370 5229 Proselenos.
