4016 5916
1042 471 1051 480 -
1185 381 1938 521 SOSIBIUS
2022 378 2521 530 LACO.

1470 720 1617 728 ——-

321 893 574 952 Sosibius
632 894 815 960 Laco,
875 887 1268 964 grammaticus
1328 887 1430 944 τῶν
1497 886 1805 944 ἐπιλυτικῶν
1896 891 2055 965 isque
2078 891 2327 948 Sosibius
2340 934 2356 963 ,
2384 893 2477 949 cui
2500 894 2801 968 epinicium
2832 894 3201 954 Callimachus
3224 917 3460 973 compo-

239 1003 285 1041 ε.
314 983 536 1039 λυτικῶν
565 979 636 1058 (*)
659 975 991 1052 καλουμένων
1014 975 1100 1053 (v.
1128 974 1198 1035 fr.
1226 975 1262 1032 6
1292 984 1349 1031 et
1377 994 1473 1031 21.
1496 974 1693 1032 Lehrs.
1722 975 1806 1034 De

240 1070 549 1129 Aristarchi
569 1067 721 1126 stud.
748 1067 919 1124 Hom.
941 1083 1005 1140 Ρ.
1033 1081 1146 1121 200
1167 1082 1293 1139 sqq.
1309 1063 1353 1140 ),
1379 1063 1482 1120 sub
1503 1065 1806 1121 Ptolemaeo

240 1156 612 1232 Philadelpho
631 1154 770 1210 vixit
791 1151 1145 1210 Alexandriae
1158 1193 1176 1222 ,
1195 1152 1282 1206 uti
1301 1160 1518 1207 constat
1538 1169 1605 1207 ex
1631 1151 1809 1209 Athe-

239 1267 365 1303 naeo
396 1246 485 1322 (r.
515 1243 585 1300 fr.
619 1261 689 1298 αι
723 1242 855 1299 coll.
887 1239 960 1297 fr.
990 1258 1064 1295 αα
1087 1239 1127 1317 ).
1157 1241 1367 1298 Verum
1386 1238 1505 1312 jam
1531 1239 1636 1296 sub
1664 1241 1806 1297 Pto-

241 1338 436 1392 lemaeo
482 1333 680 1390 Sotere
724 1332 784 1386 in
836 1330 1146 1404 AEgyptum
1194 1329 1406 1384 venisse
1461 1326 1716 1398 videtur,
1761 1330 1807 1384 si

241 1422 473 1498 quiden
491 1431 646 1478 recte
665 1419 958 1476 statuimus
978 1415 1053 1474 ad
1076 1417 1345 1474 Noun-um
1371 1415 1669 1473 referenda
1692 1434 1806 1475 esse

237 1509 415 1567 verba
447 1508 731 1566 Plutarchi
759 1508 818 1562 in
858 1505 949 1563 Os.
982 1514 1039 1562 et
1061 1505 1136 1561 Is.
1168 1523 1218 1563 c.
1260 1503 1336 1561 28
1366 1524 1383 1561 z
1415 1502 1744 1580 Πτολεμαῖος
1779 1506 1807 1562 ὃ

240 1595 436 1677 Σωτὴρ
463 1593 590 1676 ὄναρ
615 1583 719 1652 εἶδε
740 1591 828 1650 τὸν
856 1593 910 1650 ἂν
934 1588 1154 1670 Σινώπῃ
1176 1593 1267 1649 τοῦ
1291 1588 1601 1657 Πλούτωνος
1621 1591 1804 1649 κολοσ·

237 1685 350 1759 σὺν,
384 1685 479 1743 οὔκ
521 1679 863 1756 ἐπιστάμενος
902 1676 1017 1737 obsi
1059 1675 1304 1757 ἑωρακὼς
1337 1676 1671 1757 πρότερον....
1716 1676 1806 1736 καὶ

239 1769 566 1851 διηγουμένῳ
585 1770 690 1835 τοῖς
723 1767 885 1848 φίλοις
902 1765 998 1839 τὴν
1020 1764 1137 1847 ὄψιν
1160 1765 1339 1847 εὑρέθη
1361 1763 1698 1836 πολυπλανὴς
1716 1764 1805 1824 ἅν-

239 1865 466 1939 θρωπος,
485 1857 649 1936 ὄνομα
669 1854 946 1928 Σωσίὸιος,
968 1858 1020 1914 ἐν
1042 1852 1259 1932 Σινώπῃ
1280 1854 1506 1934 φάμενος
1521 1853 1807 1935 ἑωρακέναι
1858 1888 1865 1896 ·

240 1950 474 2006 τοιοῦτον
497 1944 771 2023 κολοσσὸν,
787 1933 891 2004 οἷον
913 1945 941 2001 ὅ
963 1940 1203 2023 βασιλεὺς
1223 1942 1348 2000 ἰδεῖν
1370 1939 1562 2009 ἔδοξεν.
1587 1943 1675 2004 Cf.
1695 1946 1808 2002 Ma-

240 2036 501 2092 nethonis
518 2034 588 2092 fr.
605 2034 705 2092 62.
729 2064 805 2077 -
825 2035 911 2090 Ex
926 2033 1147 2108 scriptis
1165 2031 1369 2089 Sosibii
1388 2030 1461 2088 ad
1483 2050 1587 2088 nos
1607 2034 1808 2106 proxi-

238 2143 332 2180 me
357 2125 600 2200 pertinet
630 2123 775 2180 liber
795 2123 894 2196 qui
919 2118 1131 2201 Χρόνων
1157 2117 1432 2200 ἀναγραφή
1458 2120 1802 2181 inscribitur.

238 2214 575 2289 Fragmenta
598 2210 718 2285 ejus
742 2228 978 2287 perrara
998 2208 1260 2284 quidem,
1290 2210 1479 2285 magni
1511 2219 1697 2266 autem
1734 2210 1808 2266 ad

239 2298 656 2375 pernoscendas
668 2301 914 2357 rationes
930 2297 1135 2354 veteris
1148 2296 1529 2371 chronologia}
1547 2306 1674 2352 sunt
1686 2315 1781 2353 mo
1795 2327 1809 2340 ·

238 2387 436 2444 menti.
458 2389 738 2462 Tempora
755 2404 949 2443 rerum
972 2383 1048 2440 ad
1069 2385 1271 2440 seriem
1297 2402 1586 2457 annosque
1607 2403 1805 2458 regum

237 2474 817 2547 lacedemoniorum,
832 2473 937 2530 ubi
953 2470 1077 2530 fieri
1091 2471 1150 2527 id
1168 2481 1416 2547 poterat,
1433 2461 1632 2528 a'uctor
1645 2490 1808 2529 revo-

238 2563 407 2620 cavit.
424 2564 697 2619 Praeterea
719 2561 969 2618 Sosibius
981 2562 1067 2617 De
1082 2560 1508 2635 antiquitatibus
1516 2561 1811 2616 Laconicis

238 2652 486 2726 scripsit,
516 2653 631 2708 sive
670 2667 788 2706 uno
826 2649 1101 2724 ampliore
1129 2666 1303 2723 opere
1331 2648 1391 2703 id
1433 2648 1628 2705 fecerit
1646 2690 1662 2718 ,
1692 2649 1809 2705 sive

239 2740 484 2815 singulas
545 2740 858 2815 argumenti
925 2748 1113 2813 partes
1165 2735 1551 2813 peculiaribus
1607 2736 1810 2792 libellis

241 2830 583 2885 tractaverit.
620 2829 862 2902 Reliqua
899 2826 1102 2883 Sosibii
1124 2828 1360 2900 scripta,
1387 2837 1625 2900 excepto
1655 2825 1806 2881 libro

242 2913 403 2995 Περὶ
442 2911 785 2995 βασιλείας
807 2910 934 2993 πρὸς
958 2909 1299 2991 Κάσσανδρον
1326 2911 1427 2988 (fr.
1452 2930 1523 2968 22
1542 2912 1583 2989 )‚
1608 2913 1654 2968 si
1678 2914 1811 2988 qui-

240 3005 371 3061 dem
405 3016 557 3061 recte
594 3003 655 3059 id
700 3002 962 3059 nonnulli
1014 3000 1086 3056 ad
1134 3001 1414 3061 Sosibium
1454 3001 1804 3074 referebant,

297 3168 363 3233 ς’)
382 3172 437 3218 111
455 3167 553 3218 vit.
578 3167 712 3218 Arati
728 3167 834 3218 ood.
862 3168 1178 3230 Matritensis,
1199 3169 1247 3218 in
1269 3172 1426 3234 Βιογρ.
1451 3170 1806 3222 wffitermanni

239 3250 289 3298 p.
311 3244 370 3286 58
383 3273 398 3297 ,
412 3238 635 3297 leguntur
656 3237 762 3285 hoec
786 3256 798 3286 ε
825 3239 1059 3293 Δωσίθεος
1074 3238 1123 3287 δὲ
1142 3240 1169 3287 ὀ
1190 3239 1427 3295 πολιτικός
1447 3257 1586 3304 φησιν
1598 3243 1808 3308 καὶπρὸς

240 3304 471 3366 Ἀντίοχον
492 3306 573 3353 τὸν
596 3303 816 3352 Σελεύκον
836 3307 1071 3365 (Aratum
1104 3307 1289 3356 venisse
1312 3308 1478 3370 dicit).
1502 3309 1706 3360 Meineli.
1744 3313 1806 3363 ad

242 3373 452 3437 Euphor.
474 3386 520 3435 p.
545 3378 601 3421 16
620 3374 720 3420 not.
747 3370 1076 3433 reponendum
1099 3374 1367 3434 suspicatur
1385 3376 1610 3432 Σωσίὸιος
1632 3379 1659 3425 ὀ
1678 3380 1807 3428 λυτι-

242 3447 321 3501 κὸς
342 3444 418 3494 vel
437 3444 465 3492 ὀ
479 3441 755 3497 ἐπιλυτικός.
772 3439 1007 3501 Equidem
1022 3440 1339 3490 intellexerim
1352 3444 1650 3506 Dositheum,
1661 3458 1807 3507 quem

244 3528 339 3565 una
354 3526 469 3564 cum
484 3510 715 3573 Callippo,
732 3509 955 3569 Eudoxo,
966 3508 1071 3559 aliis
1085 3510 1371 3559 astronomis
1388 3509 1450 3559 de
1467 3510 1677 3561 shlerum
1695 3515 1807 3563 ortu

243 3585 409 3636 laudat
432 3582 614 3634 Plinius
640 3583 700 3632 ll.
726 3583 785 3632 N.
806 3581 995 3641 xviii,
1017 3582 1095 3632 7⁴.
1122 3582 1283 3639 Quare
1305 3580 1465 3630 nescio
1487 3594 1549 3631 an
1566 3595 1654 3644 pro
1675 3584 1702 3632 ὁ
1722 3600 1806 3634 πο-

241 3654 411 3712 λιτικός
425 3652 685 3706 εινεῑυείε
696 3650 1088 3714 interpretatione
1102 3649 1249 3700 latina
1263 3650 1591 3713 reponendum
1605 3652 1666 3702 sit
1681 3671 1694 3702 ε
1714 3656 1808 3703 Pe-

243 3728 462 3776 luslnus.
488 3752 553 3768 --
577 3726 650 3773 Ex
676 3721 828 3772 nostri
846 3720 1019 3772 Sosibii
1039 3720 1219 3771 familia
1236 3722 1397 3771 nescio
1419 3734 1482 3771 an
1502 3722 1691 3773 oriundi
1711 3725 1808 3773 sint

243 3796 440 3858 Sosibii‚
460 3795 597 3858 pater
609 3795 659 3843 et
678 3791 804 3842 filius
816 3830 831 3854 ,
854 3792 937 3855 qui
958 3791 1008 3841 in
1029 3793 1140 3841 aula
1160 3792 1403 3843 Ptolemaei
1426 3793 1741 3856 Philopatoris
1758 3799 1808 3845 et

244 3865 504 3929 Epiphanis
520 3863 766 3915 vixerunt.
788 3865 1032 3925 Frequens
1052 3874 1220 3912 eorum
1242 3862 1424 3912 mentio
1446 3875 1523 3926 ap.
1553 3863 1806 3926 Polybium

244 3938 329 3998 (v.
351 3934 558 3986 indicem
578 3948 615 3985 ε.
635 3934 683 3984 11.
703 3947 750 3982 v.
764 3933 797 3995 ).
818 3932 893 3983 cf.
917 3933 1161 3983 Plutarch.
1180 3933 1426 3983 Cleomen.
1454 3947 1497 3983 c.
1518 3940 1605 3996 2³;
1626 3936 1804 3987 Zenob.

245 4012 331 4068 111,
344 4010 424 4059 94.
441 4006 571 4057 Alius
588 4003 799 4057 Sosibius
812 4005 1109 4054 memoratur
1122 4017 1198 4067 ap.
1221 4003 1355 4066 Diog.
1374 4007 1425 4054 1...
1446 4008 1507 4067 ll,
1524 4009 1605 4069 46,
1623 4012 1809 4057 Anaxa-

242 4089 369 4139 gorae
389 4076 615 4140 aequali83
635 4074 758 4125 alius
775 4074 986 4125 Sosibius
1002 4075 1262 4126 Britannici
1284 4074 1535 4138 educator,
1552 4090 1629 4140 ap.
1650 4078 1802 4128 Tacit.

245 4148 413 4196 Annal.
434 4150 520 4209 xl,
549 4153 590 4196 1.
609 4146 746 4196 Cous.
771 4145 942 4197 Malaia
958 4158 1006 4207 p.
1030 4149 1121 4196 224
1139 4145 1217 4196 ed.
1242 4148 1392 4196 Bona.
1414 4175 1477 4187 —
1497 4147 1631 4210 Apud
1651 4149 1802 4199 schol.

245 4218 482 4268 Tlieocrit.
507 4217 568 4267 ad
588 4215 659 4267 ld.
680 4219 745 4280 X,
766 4218 819 4265 et
834 4218 996 4268 rzetz.
1018 4216 1139 4265 Hist.
1164 4218 1235 4277 11,
1257 4222 1367 4279 592,
1385 4230 1474 4279 pro
1492 4218 1682 4281 vulgata
1700 4222 1804 4268 Σω-

242 4288 391 4344 οΐὸιος
407 4285 660 4350 legendum
674 4289 746 4337 est
762 4286 989 4344 Σωσίθεος
1001 4323 1016 4347 ,
1034 4290 1261 4337 monente
1280 4286 1446 4338 Jonsio
1462 4301 1511 4350 p.
1541 4291 1645 4339 152.
1667 4288 1803 4352 Apud

243 4360 449 4408 Tzetzen
473 4357 594 4407 nist.
615 4359 678 4420 V,
702 4363 819 4419 202,
844 4356 926 4407 nbi
947 4375 961 4406 ε
985 4357 1147 4414 Ἄτλας
1166 4358 1194 4406 ὁ
1219 4357 1392 4419 Amne,
1423 4359 1487 4415 ὥς
1512 4375 1624 4419 φασι
1647 4361 1804 4416 παῖδες

244 4433 337 4476 τῶν
361 4426 648 4489 Αἰγυπτίων,
678 4428 759 4477 καὶ
779 4428 951 4491 μᾶλλον
974 4427 1079 4478 ὅσοι
1096 4427 1332 4478 πείθονται
1353 4428 1521 4492 Σώφιδι
1542 4430 1802 4493 χρονογρά·

245 4512 343 4562 φφ,
364 4498 411 4547 ἐν
433 4497 615 4562 χρόνοις
641 4496 699 4559 ἦν
726 4496 989 4563 Ὀσίριδος,
1029 4510 1127 4547 non
1150 4498 1269 4548 latet
1291 4499 1460 4549 Sosibii
1489 4500 1667 4550 mentio
1683 4538 1699 4559 ‚
1718 4499 1802 4549 sed

238 4566 549 4617 scribendum
566 4568 671 4618 est:
704 4568 870 4617 Σὼθιδι
885 4604 900 4628 ,
929 4567 1219 4629 chronologo
1238 4567 1350 4618 ficto
1371 4581 1433 4618 ex
1458 4568 1799 4631 chronologiis,

246 4637 293 4686 iu
316 4637 492 4701 quibus
514 4640 731 4701 tempora
760 4637 1091 4701 AEgyptiorum
1109 4652 1171 4688 ex
1190 4638 1371 4701 periodi
1397 4639 1633 4691 Sothiacae
1652 4640 1798 4689 ratio·

244 4707 385 4758 nibus
406 4707 638 4758 adornata
655 4711 808 4758 erant.

815 4862 1225 4925 CHRONICA.

303 5058 518 5112 Sosibius
541 5063 665 5111 Laco
682 5061 733 5110 in
751 4979 1052 5123 Temperat}
1063 5061 1334 5111 recensione
1371 5064 1632 5111 Homerum
1669 5060 1802 5123 ponit

244 5138 305 5189 ad
320 5150 502 5189 annum
528 5141 753 5191 octavum
787 5139 919 5202 regni
941 5139 1136 5190 Charilli
1178 5140 1510 5204 (Chorsiai),
1549 5138 1635 5202 qui
1664 5138 1802 5202 Poly·

242 5217 396 5268 decta}
428 5218 553 5268 filius
591 5219 708 5268 erat.
746 5220 925 5282 Regnat
961 5231 1077 5268 vero
1108 5218 1346 5269 Charinus
1379 5218 1516 5267 annis
1558 5217 1800 5279 sexaginta

1893 979 2063 1034 suisse
2096 979 2325 1050 dicitur,
2353 982 2505 1037 Laco
2534 993 2724 1039 noster
2756 992 2868 1054 est,
2912 987 3258 1059 grammatici
3292 1005 3462 1061 argu-

1894 1068 2068 1122 menti
2089 1078 2235 1126 sunt.

2281 1231 2592 1291 ΧΡΟΝΩΝ
2636 1231 3076 1295 ΑΝΑΓΡΑΦΗ.

2659 1389 2708 1430 1.

1976 1510 2312 1571 Censorinus
2337 1513 2423 1568 De
2452 1511 2545 1569 die
2570 1522 2689 1569 nat.
2717 1531 2769 1570 c.
2804 1532 2873 1570 αι
2917 1534 2933 1571 z
2968 1513 3211 1572 Sosibius
3234 1522 3460 1592 scripsit

1895 1619 2012 1655 esse
2039 1599 2253 1656 CCCX
2252 1598 2361 1656 CV
2388 1599 2497 1673 (sc.
2521 1619 2694 1658 annos
2724 1600 2797 1657 ab
2833 1602 3057 1660 excidio
3085 1602 3265 1678 Trojae
3281 1623 3461 1680 usque

1895 1688 1968 1744 ad
1994 1688 2387 1763 Olympiadem
2427 1689 2721 1767 primam).

2652 1858 2706 1897 2.

1975 1991 2153 2052 Clem.
2181 1992 2341 2049 Alex.
2371 1993 2577 2050 Strom.
2606 1993 2655 2064 1,
2678 2012 2738 2069 Ρ.
2772 1999 2872 2061 141
2906 1996 3060 2071 Sylb.
3083 2016 3098 2054 ε
3123 1996 3380 2067 Σωσίὸιος
3406 1997 3462 2059 δὲ

1896 2081 1924 2137 ὃ
1951 2078 2140 2138 Λάκων
2166 2079 2218 2136 ἕν
2245 2078 2461 2159 Χρόνων
2485 2081 2761 2161 ἀναγραφῇ
2786 2078 2922 2139 κατὰ
2949 2080 3009 2141 τὸ
3030 2080 3206 2163 ὄγδοον
3234 2085 3346 2154 ἔτος
3371 2091 3464 2158 τῆς

1896 2164 2169 2250 Χαρίλλου
2208 2171 2300 2227 τοῦ
2343 2165 2674 2227 Πολυδέκτου
2715 2167 2983 2248 βασιλείας
3016 2168 3262 2252 Ὅμηρον
3292 2172 3457 2256 φέρει.

1896 2253 2173 2316 Βασιλεύει
2216 2254 2311 2333 μὲν
2352 2246 2438 2316 οὖν
2491 2256 2754 2338 Χάριλλος
2797 2257 2888 2331 ἔτη
2932 2258 3181 2332 ἑξήκοντα
3232 2262 3462 2345 τέσσαρα

1901 2347 1968 2422 (l.
1987 2342 2170 2424 τρία),
2201 2347 2315 2420 μεθ’
2349 2343 2404 2404 ὃν
2429 2347 2535 2414 υἱὸς
2557 2346 2845 2428 Νίκανδρος
2869 2345 2959 2421 ἔτη
2981 2347 3261 2430 τριάκοντα
3289 2349 3462 2410 ἐννέα·

1897 2430 2081 2491 τούτου
2110 2429 2247 2490 κατὰ
2278 2430 2339 2492 τὸ
2357 2431 2661 2515 τριακοστὸν
2688 2433 2931 2517 τέταρτον
2962 2434 3074 2504 ἔτος
3103 2437 3314 2511 τεθῆναί
3334 2462 3462 2521 φησι

1898 2518 1994 2592 τὴν
2017 2518 2231 2600 πρώτην
2254 2519 2580 2596 ὀλυμπιάδα,
2603 2526 2673 2589 ὡς
2697 2512 2827 2582 εἶναι
2853 2524 3186 2596 ἓννενήκοντά
3211 2550 3310 2586 που
3336 2530 3463 2587 ἐτῶν

1897 2606 2000 2688 πρὸ
2042 2611 2134 2680 τῆς
2169 2611 2271 2666 τῶν
2313 2608 2618 2687 Ὀλυμπίων
2658 2610 2846 2679 θέσεως
2886 2610 3151 2694 Ὅμηρον.
3185 2617 3326 2675 Vide
3364 2620 3460 2677 Fr.

1898 2698 2157 2755 chronol.
2178 2717 2243 2774 p.
2275 2699 2405 2757 133.

2658 2850 2713 2908 3.

1976 2990 2274 3046 Athenaeus
2293 2991 2450 3061 XIV,
2471 3010 2531 3065 p.
2550 2988 2688 3061 635,
2706 2992 2751 3048 F
2776 3011 2790 3047 ε
2811 2987 3052 3067 Ἐγένετο
3072 2989 3125 3048 δὲ
3146 2995 3179 3062 ἡ
3199 2990 3334 3058 θέσις
3356 2994 3458 3051 τῶν

1902 3074 2170 3157 Καρνείων
2196 3074 2334 3136 κατὰ
2356 3075 2451 3146 τὴν
2480 3073 2635 3148 ἕκτην
2659 3076 2748 3134 καὶ
2777 3075 3016 3150 εἰκοστὴν
3043 3078 3372 3156 ὀλυμπιάδα,
3393 3083 3464 3148 ὧς

1900 3162 2156 3232 Σωσίὸιός
2176 3187 2330 3245 φησιν
2355 3167 2407 3223 ἔν
2431 3167 2504 3245 τῷ
2528 3163 2662 3245 Περὶ
2681 3164 2907 3246 χρόνων.

1957 3309 2183 3355 Tnomu
2217 3318 2469 3355 exeunmo
2473 3341 2851 3357 ........
3057 3313 3174 3360 1180
3206 3322 3250 3359 a.
3279 3312 3337 3360 C.

1956 3375 2114 3437 Trojae
2134 3375 2372 3425 excidium
2380 3409 2857 3428 ..........
3052 3384 3163 3431 1171

2023 3444 2128 3505 (an.
2152 3449 2242 3494 395
2261 3447 2374 3494 ante
2391 3446 2532 3505 776.)

1960 3516 2168 3562 Rt-:nrrcs
2199 3516 2584 3563 neminemne·
2590 3548 2865 3563 ......
2909 3520 3017 3566 1091
3046 3518 3215 3578 (5Χ63
3236 3531 3283 3569 a.
3301 3520 3429 3582 776).

2020 3586 2137 3645 (an.
2166 3588 2225 3634 80
2245 3585 2378 3645 pose.
2409 3583 2581 3646 1171.)

1960 3656 2168 3703 Priores
2181 3665 2422 3715 reqessex
2434 3656 2588 3704 annis
2604 3658 3030 3705 219...1091-873

1957 3723 2164 3773 Chat-ilai
2187 3736 2266 3772 an.
2308 3729 2323 3772 1
2337 3752 2867 3773 ............
2934 3729 3025 3775 872

2083 3812 2108 3837 ι.
2207 3812 2232 3837 »
2297 3797 2324 3843 8
2360 3794 2869 3857 Ηοιιειωεαῃειινρ.)
2935 3803 3024 3845 865
3046 3797 3218 3858 (5Χ63
3235 3811 3281 3861 p.
3305 3802 3455 3863 1180).

2083 3883 2106 3906 n
2207 3870 3023 3916 »6:3..........810

1960 3932 2340 3984 Nicandrian.1.
2933 3940 3026 3986 809

2087 4023 2110 4047 υ
2209 4024 2234 4047 n
2270 4008 2329 4055 34
2415 4005 2610 4068 olymp.
2659 4010 2701 4055 1.
2739 4042 2754 4055 .
2802 4040 2814 4054 .
2853 4042 2865 4055 .
2933 4011 3024 4057 776

2083 4093 2110 4119 »
2205 4093 2231 4119 ¹»
2270 4081 2329 4126 39
2333 4110 2867 4127 ...........
2933 4081 3019 4126 771

1958 4144 2254 4207 Theopompi
2284 4158 2363 4195 an.
2404 4150 2422 4195 1
2433 4180 2865 4195 .........
2933 4151 3025 4197 770

1959 4216 2162 4263 Cannu
2195 4226 2434 4265 meritura
2463 4215 2543 4266 01.
2578 4221 2706 4277 26,1.
2742 4249 2760 4264 .
2791 4250 2805 4264 .
2840 4249 2856 4266 .
2922 4222 3015 4268 676
3036 4216 3209 4280 (8Χ63
3228 4231 3276 4281 p.
3298 4222 3453 4285 1180).

1973 4343 2230 4399 Charilao
2275 4362 2386 4417 pro
2415 4343 2488 4410 64
2536 4344 2695 4399 annis
2739 4345 2910 4400 tribui
2954 4343 3049 4402 63.
3099 4348 3264 4402 Hunc
3305 4348 3453 4402 enim

1892 4448 2190 4487 numerum
2219 4432 2502 4505 postulant
2524 4432 2765 4487 rationes
2788 4432 3010 4505 cyclicae
3027 4432 3193 4506 hujus
3215 4433 3456 4489 chrono-

1892 4521 2087 4596 logiae3
2111 4539 2294 4595 neque
2312 4521 2558 4577 violenta
2575 4521 2812 4578 mutatio
2843 4532 2943 4591 est,
2969 4541 3146 4595 quum
3163 4523 3455 4596 saepissime

1893 4627 2059 4664 voces
2078 4606 2196 4687 τρία
2220 4620 2276 4664 et
2298 4606 2521 4688 τέτταρα
2543 4609 2982 4668 confundantur.
3003 4611 3134 4667 Dixi
3159 4610 3231 4666 de
3250 4611 3450 4666 Sosibii

1894 4705 2167 4769 computo
2194 4697 2252 4750 in
2297 4696 2521 4769 Fragm.
2557 4696 2827 4752 Chronol.
2865 4714 2927 4770 p.
2969 4716 3095 4755 121.
3147 4698 3276 4753 128.
3317 4698 3447 4756 133.

1892 4875 2084 4913 novem.
2118 4862 2271 4925 Hujus
2289 4866 2450 4913 autem
2471 4876 2599 4912 anno
2632 4862 2874 4914 tricesimo
2895 4866 3067 4926 quarto
3097 4864 3300 4927 primam
3324 4864 3450 4914 cele-

1888 4940 2076 4992 bratam
2112 4955 2212 4993 esse
2237 4942 2568 5006 Olympiadem
2582 4980 2596 5004 ,
2624 4942 2743 4994 adeo
2774 4944 2832 4994 ut
2861 4947 3098 4995 Homerus
3139 4945 3278 4995 suerit
3313 4946 3449 4995 annis

1890 5020 2145 5082 nonaginta
2170 5020 2266 5071 fere
2284 5023 2396 5071 ante
2411 5021 2760 5071 institutionem
2781 5019 3131 5085 Olympiorum.

2625 5120 2675 5171 3.

1950 5219 2131 5267 carnea
2149 5216 2363 5267 instituta
2380 5219 2492 5267 sunt
2519 5216 2799 5279 olympiade
2821 5215 3042 5267 vicesima
3056 5220 3194 5269 sexta
3210 5255 3225 5280 ,
3245 5220 3299 5268 ut
3324 5218 3448 5269 Sosi·

243 5301 498 5364 quattuor;
523 5301 574 5350 et
608 5302 714 5363 post
735 5299 867 5349 hune
888 5297 1128 5349 Nicander
1152 5298 1279 5349 filius
1308 5310 1394 5362 per
1419 5310 1572 5348 annos
1605 5298 1799 5361 triginta
1890 5296 1999 5345 hius
2021 5295 2069 5345 in
2087 5293 2208 5344 libro
2233 5298 2302 5345 De
2319 5294 2615 5358 temporibus
2632 5295 2714 5344 ait.
2759 5376 2768 5387 ο

449 5386 724 5425 “aenean
746 5390 865 5427 nlsr.
892 5392 972 5428 GR·
1000 5405 1052 5417 —
1072 5394 1181 5431 VGL·
1213 5397 1270 5433 u.

1802 5398 1907 5448 625

3172 5432 3226 5473 ⁴0
