4016 5916
458 428 567 480 150

425 550 538 611 τεία
583 547 720 609 κατὰ
761 546 967 628 μόριον·
1015 546 1128 608 ἀντὶ
1171 545 1274 628 γὰρ
1313 549 1415 605 τῶν
1461 545 1738 626 φυλάρχων
1780 543 1970 623 βουλὴν

425 638 699 710 ἐποίησαν·
721 639 791 704 εἷς
819 635 873 694 δὲ
903 634 996 708 τὴν
1021 634 1267 697 Ἡλιαίαν
1305 633 1593 711 ἐπάναγκές
1618 637 1751 691 ἐστιν
1780 632 1854 690 ἔτι
1877 636 1978 690 τῶν

1465 414 1971 476 ARISTOTELIS
2015 415 2513 475 FRAGMENTA.

2148 630 2315 690 Phot.
2354 635 2494 691 Lex.
2525 651 2587 707 p.
2619 547 2985 707 594,513⁴:3·T*0
3016 633 3362 704 Μηλιακὸν
3387 639 3631 699 πλοῖον·

427 729 481 786 ἐν
515 729 590 806 τῷ
617 722 959 801 πολιτεύματι
990 723 1215 803 βαδίζειν
1237 721 1330 790 τὰς
1359 720 1551 801 ἀρχὰς,
1575 720 1700 779 ὅταν
1739 719 1978 799 ἐπιψηφί-
2070 722 2223 776 τοῦτο
2249 717 2335 776 ἐπὶ
2358 721 2460 776 τῶν
2489 719 2759 795 (παλαιῶν
2788 717 2881 776 καὶ
2906 720 3039 779 add.
3066 721 3292 798 Suidas)
3325 720 3456 800 ἄγαν
3489 725 3629 805 ῥεόν.

427 819 580 886 ζηται
604 809 744 891 ἀρχή
773 832 868 877 τις·
910 809 1244 891 ὀλιγαρχικὸν
1274 808 1330 868 δὲ
1371 809 1462 867 καὶ
1489 813 1516 866 ὁ
1552 809 1727 887 ἄρχων
1756 810 1783 865 δ
1821 797 1891 873 εἷς
1919 798 1983 876 ἧν

430 904 481 959 ἐν
510 904 574 970 ff.
601 897 841 974 πολιτείᾳ
870 896 1036 977 ταύτῃ
1055 920 1068 934 ·
1092 902 1367 976 πανταχοῦ
1391 894 1491 976 γὰρ
1517 894 1603 954 διὰ
1637 894 1698 954 τὸ
1743 892 1918 953 ἄνισον
1948 897 1980 963 ἡ

305 990 320 1003 “
428 967 626 1054 στάσις.
655 988 838 1045 Verba
870 983 1126 1063 ἑποίναγκ.
1159 987 1296 1043 ἔστιν
1326 982 1402 1041 ἔτι
1431 987 1533 1041 τῶν
1568 984 1611 1043 ἐ.
1642 1005 1693 1040 τ.
1725 1005 1783 1040 π.
1811 985 1862 1060 β.
1889 1001 1984 1039 va·

426 1079 516 1133 rio
569 1075 746 1132 modo
785 1075 1144 1149 interpretati
1182 1085 1314 1129 sunt
1361 1073 1471 1127 viri
1516 1072 1576 1127 d.
1621 1071 1750 1128 vid.
1781 1082 1988 1145 praeter

428 1166 661 1222 Aristot.
684 1165 1015 1237 intrepretes
1032 1161 1456 1229 Schneiderum,
1478 1160 1715 1230 Coraen,
1734 1159 1989 1215 Goettlin·

428 1254 613 1327 gium,
639 1252 945 1320 Hilarium,
974 1250 1253 1306 Stahrium
1276 1290 1291 1317 ‚
1318 1250 1567 1306 Kortiim
1598 1253 1616 1318 (
1647 1248 1765 1302 Zur
1788 1245 1984 1301 Gescle.

429 1341 563 1395 leell.
588 1335 911 1409 Stant-werf.
941 1356 1002 1411 p.
1038 1335 1212 1414 118),
1242 1337 1465 1394 Miiller.
1488 1337 1624 1393 Dor.
1649 1336 1735 1405 II,
1763 1352 1822 1407 p.
1856 1332 1985 1402 156,

431 1428 567 1486 coll.
592 1427 981 1483 Wachsmuth.
1011 1427 1242 1499 Antae'qq.
1275 1425 1331 1493 1,
1370 1441 1427 1493 α,
1458 1441 1517 1497 p.
1549 1420 1661 1496 933
1687 1423 1987 1477 Tittmann.

429 1510 755 1584 Staam’erf.
786 1532 847 1587 p.
877 1518 1016 1587 492.

511 1600 599 1671 11,
629 1608 660 1667 4
681 1642 697 1671 ,
732 1601 798 1656 13
831 1621 843 1656 ι
872 1598 1009 1657 Ἀλλ’
1041 1597 1185 1678 εἴπερ
1210 1599 1287 1656 δεῖ
1311 1594 1588 1674 δημοσίους
1616 1585 1750 1653 εἶναι
1781 1592 1897 1660 τοὺς
1919 1589 1988 1650 τὰ

431 1684 578 1744 κοινὰ
604 1684 1000 1763 ἐργαζομένους,
1027 1686 1103 1744 δεῖ
1125 1683 1361 1764 καθάπερ
1389 1686 1442 1742 ἐν
1472 1682 1785 1763 Ἐπιδάμνῳ
1812 1704 1868 1738 τε
1900 1679 1989 1739 καὶ

441 1776 509 1839 ὡς
555 1772 839 1855 Διόφαντός
887 1795 1012 1832 ποτε
1057 1769 1431 1839 κατεσκεύαζεν
1482 1768 1756 1842 Ἀθήνησι,
1808 1773 1987 1826 τοῦτον

432 1858 569 1939 ἔχειν
599 1859 687 1919 τὸν
709 1859 919 1939 τρόπον.
947 1863 1014 1918 V.
1043 1862 1268 1918 Miiller.
1290 1861 1331 1915 l.
1357 1861 1398 1916 l.
1429 1879 1489 1934 p.
1520 1880 1616 1931 27.

851 1988 874 2067 [
893 1987 1520 2049 ΑΠΟΛΛΩΝΙΑΤΩΝ.
1539 1986 1564 2064 ]

1115 2115 1305 2195 [ι4ι.]

393 2269 404 2280 -
521 2232 782 2311 [Aristot.
815 2235 938 2291 Pol.
970 2236 1078 2304 IV,
1112 2233 1178 2311 3,
1226 2233 1260 2290 8
1294 2253 1308 2290 t
1350 2231 1444 2292 Ἐν
1490 2227 1810 2307 Ἀπολλωνίᾳ
1843 2232 1909 2309 τῇ
1938 2230 1991 2286 ἐν

432 2321 507 2401 τῷ
535 2318 699 2401 Ἰονίῳ
724 2320 816 2379 καὶ
839 2321 892 2378 ἐν
916 2318 1140 2400 Θήρα...
1174 2321 1227 2378 ἐν
1250 2322 1364 2387 ταῖς
1383 2320 1560 2395 τιμαῖς
1587 2308 1722 2388 ἦσαν
1745 2317 1793 2374 οἱ
1815 2315 1992 2394 διαφέ-

435 2430 607 2487 ροντες
652 2405 772 2467 κατ’
816 2405 1075 2485 εὐγένειαν
1125 2405 1215 2465 καὶ
1265 2408 1463 2487 πρῶτοι
1500 2402 1852 2484 κατασχόντες
1897 2402 1991 2470 τὰς

433 2495 707 2567 ἀποικίας,
734 2493 897 2573 ὀλίγοι
926 2495 1067 2562 ὄντες
1089 2494 1357 2571 πολλῶν.]
1382 2497 1451 2551 V.
1477 2495 1701 2552 Miiller.
1731 2495 1868 2548 Dor.
1898 2494 1954 2547 ΙΙ
1973 2533 2005 2566 ,v

433 2584 658 2658 p.156.

1025 2680 1396 2740 ΜΗΛΙΕΩΝ.

1151 2800 1281 2859 ι4α.

511 2917 716 2972 suidas
746 2935 790 2972 S.
824 2934 875 2971 ν.
921 2916 1044 2975 Τῶν
1091 2911 1350 2994 φιλτάτων
1380 2909 1464 2990 ,τὰ
1514 2910 1735 2993 φίλτατα
1765 2930 1781 2973 :
1814 2909 1992 2983 Φησὶν

436 3001 795 3081 Ἀριστοτέλης
850 3003 901 3059 ἐν
955 3004 1021 3080 τῇ
1063 2999 1314 3073 Μηλιέων
1359 2999 1598 3082 πολιτεία
1642 2999 1760 3067 τοὺς
1804 3002 1995 3066 παῖδας

433 3088 657 3166 γυμνοὺς
692 3086 922 3169 ἐκφέρειν
954 3089 1022 3164 (l.
1061 3085 1387 3170 περιφέρειν)
1426 3085 1612 3169 μέχρις
1641 3088 1767 3145 ἐτῶν
1803 3087 1874 3154 ις’
1904 3087 1992 3150 καὶ

435 3177 739 3254 καταφιλεῖν
758 3173 941 3242 αὐτοὺς
964 3177 1015 3234 ἐν
1044 3182 1148 3243 τοῖς
1175 3174 1501 3253 συμποσίοις.

518 3265 601 3322 Cf.
623 3267 793 3326 Prov.
818 3266 1072 3322 Vatican.
1099 3266 1362 3340 Append.
1382 3267 1481 3336 IV,
1515 3264 1548 3322 5
1581 3260 1837 3335 εΜηλίοις
1855 3265 1993 3320 ἅνεῑ-

437 3351 523 3408 λεν
551 3353 580 3408 ὁ
617 3349 756 3423 Θεὸς,
800 3352 965 3434 φιλεῖν
993 3353 1095 3409 τῶν
1131 3349 1391 3434 φιλτάτων
1420 3349 1488 3408 τὰ
1515 3347 1767 3432 φίλτατα·
1810 3347 1993 3429 μέχρις

434 3427 524 3496 οὗν
549 3440 677 3497 ἐτῶν
706 3439 832 3498 δέκα
864 3435 915 3508 ἔξ
948 3437 1029 3519 (δ’
1064 3436 1098 3510 ἢ
1135 3436 1257 3519 ς’ἲ)
1288 3434 1511 3516 γυμνοὺς
1537 3435 1836 3519 περιέφερον
1874 3434 1993 3504 τοὺς

434 3525 650 3600 παῖδας,
674 3525 764 3585 καὶ
791 3525 1100 3607 κατεφίλουν
1119 3527 1171 3584 ἐν
1202 3525 1473 3606 Ὀλυμπία
1512 3523 1596 3605 (Ρ).

511 3616 625 3672 Res
684 3617 956 3674 obscurae.
1035 3612 1338 3686 Μηλιέων
1408 3611 1746 3687 πολιτεία,
1812 3616 1992 3690 glossa

433 3700 618 3758 Suidae
641 3722 698 3778 p.
735 3702 848 3760 828
877 3704 971 3760 ed.
1002 3703 1356 3778 Bernhardy.

496 3871 557 3919 Et
576 3868 823 3931 Epidamni
837 3871 1026 3918 mutata
1047 3871 1120 3919 est
1136 3868 1414 3931 reipublicae
1432 3867 1824 3919 administrandae
1840 3868 1993 3917 torma

432 3959 492 3995 ex
512 3947 648 4009 parte
672 3945 901 4008 quadam.
922 3948 1044 3996 Nam
1065 3958 1153 4008 pro
1173 3944 1449 4008 phylarchis
1466 3950 1684 3995 senatum
1701 3943 1772 3993 sic
1788 3942 1992 4006 popula·

434 4035 536 4072 rem
560 4023 785 4072 fecerant.
811 4023 868 4072 ln
887 4021 1118 4071 Heliaeam
1141 4035 1256 4073 vero
1277 4023 1338 4085 (i.
1360 4034 1405 4072 e.
1441 4025 1498 4072 in
1518 4023 1687 4086 βουλῆς
1707 4023 1861 4071 istim
1878 4033 1989 4071 con·

433 4104 628 4160 clunes,
648 4101 727 4149 uei
751 4098 987 4162 videtur)
1013 4113 1204 4150 necesse
1228 4100 1389 4150 adhuc
1409 4102 1539 4160 erat,
1572 4101 1630 4148 ut
1646 4112 1710 4149 ex
1744 4097 1993 4149 nobiliori·

435 4178 527 4229 bus
551 4178 739 4228 civibus
756 4176 817 4238 ii,
846 4177 932 4241 qui
954 4176 1236 4239 magistratu
1266 4177 1607 4239 fungebantur,
1624 4175 1991 4238 secont'errent,

432 4254 626 4318 quando
645 4255 816 4319 aliquis
833 4254 1140 4317 magistratus
1152 4253 1204 4303 in
1216 4252 1458 4303 demortui
1472 4252 1635 4303 locum
1658 4252 1885 4316 mnssngio
1900 4254 1994 4303 suf-

433 4333 666 4384 iiciendus
686 4335 807 4385 erat.
826 4332 1113 4397 oligarchioe
1133 4334 1298 4382 autern
1312 4332 1630 4382 conveniebat
1651 4331 1800 4382 etiam
1815 4335 1994 4394 proewr

433 4422 518 4459 seu
551 4411 732 4460 archon
761 4423 889 4460 unus
910 4410 961 4459 in
988 4409 1081 4459 hac
1108 4409 1352 4473 republica
1388 4423 1402 4458 ε
1436 4407 1616 4472 ubique
1646 4409 1774 4459 enim
1802 4411 1993 4472 propter

433 4488 812 4553 inaequalitatem
825 4488 995 4541 seditio
1015 4489 1187 4540 oritur.

495 4568 676 4626 Quodsi
705 4569 921 4632 publicos
941 4582 1107 4620 servos
1132 4581 1235 4620 esse
1270 4569 1458 4632 oportet
1476 4581 1584 4633 eos,
1613 4569 1697 4632 qut
1717 4569 1994 4620 communia

433 4645 636 4695 artificia
651 4647 902 4719 ewra-caut,
923 4646 1068 4697 debet
1086 4647 1179 4697 hoc
1197 4646 1265 4697 ita
1283 4659 1337 4697 se
1354 4646 1531 4698 habere
1551 4649 1610 4698 ut
1637 4647 1919 4712 Dyrrhachii
1942 4650 1994 4698 et

433 4723 491 4770 ut
524 4721 782 4785 aliquando
795 4722 1096 4786 Diophantus
1112 4723 1309 4775 Athenis
1325 4723 1551 4776 instituit.

804 4817 1571 4896 [APOLLONIATARUM.
1590 4822 1615 4901 ]

496 5012 580 5077 {ln
607 5012 851 5075 Apollonia
873 5012 935 5063 ad
974 5027 1106 5066 mare
1126 4933 1341 5067 3:131:
1365 5017 1457 5068 sita
1474 5020 1524 5069 et
1547 5019 1595 5068 in
1620 5018 1775 5070 Thera
1803 5018 1989 5069 honori·

436 5089 529 5139 bus
549 5089 790 5152 pollebant
805 5090 892 5153 qui
914 5092 1206 5154 praestabant
1226 5094 1477 5145 nobilitate
1491 5130 1507 5156 ‚
1533 5095 1714 5159 quique
1738 5096 1881 5158 primi
1904 5109 1988 5146 co-

437 5165 591 5216 lonias
611 5172 930 5230 occuparant,
948 5169 1090 5231 pauci
1108 5169 1178 5219 ilii
1201 5171 1323 5221 inter
1340 5172 1569 5236 multos.]

2073 827 2175 861 των
2227 803 2422 863 πλοίων
2471 805 2575 863 ἀπὸ
2618 804 2849 884 ἱστορίας
2888 803 3025 873 τινὸς
3081 803 3309 883 εἴρηται·
3355 811 3483 886 φησὶ
3529 811 3631 893 γὰρ

2073 891 2426 972 Ἀριστοτέλης
2489 890 2743 965 Ἱππότην
2801 894 2872 959 εἷς
2935 892 3180 952 ἀποικίαν
3234 896 3252 973 (
3281 894 3448 956 οἰκίαν
3501 906 3630 962 Vat.

2075 983 2243 1041 Prov,
2260 982 2278 1058 )
2295 978 2635 1058 στελλόμενον
2654 980 2756 1046 τοῖς
2775 979 2851 1057 μὴ
2872 980 3195 1061 βουληθεῖσιν
3211 984 3355 1065 αὐτῷ
3373 989 3632 1063 συμπλεῖν

2075 1067 2490 1148 καταράσασθαι·
2522 1066 2699 1140 ἐπειδὴ
2728 1066 2829 1148 γὰρ
2849 1067 3313 1150 προφασιζόμενοι,
3342 1074 3389 1131 οἱ
3417 1072 3512 1148 μὲν
3539 1078 3634 1143 τὰς

2076 1159 2323 1234 γυναῖκας
2347 1157 2519 1224 αὐτοῖς
2547 1158 2832 1236 ἀρρωστεῖν
2848 1200 2866 1228 ,
2904 1159 2955 1215 οἳ
2992 1155 3047 1214 δὲ
3076 1154 3142 1216 τὰ
3169 1160 3329 1216 πλοῖα
3360 1163 3633 1240 §sivracen-

2076 1244 2318 1321 τέμενον,
2348 1242 2689 1324 κατηράσατο
2719 1241 2853 1320 μήτε
2890 1244 3050 1302 πλοῖα
3080 1245 3309 1323 στεγανὰ
3335 1248 3506 1316 αὐτοῖς
3542 1274 3630 1328 γε·

2077 1331 2254 1392 νέσθαι
2277 1329 2403 1391 ποτὲ
2433 1331 2524 1391 καὶ
2551 1330 2651 1391 ὑπὸ
2698 1335 2803 1390 τῶν
2825 1334 3084 1408 γυναικῶν
3111 1339 3414 1413 κρατεῖσθαι
3442 1337 3543 1398 ἀεί.

2158 1421 2370 1478 Eadem
2416 1421 2674 1492 brevius,
2720 1423 2887 1478 missa
2943 1422 3261 1479 Aristotelis
3312 1428 3630 1501 mentione,

2079 1510 2275 1567 Suidas
2313 1523 2370 1568 v,
2419 1506 2725 1579 Μηλιακόν,
2765 1510 3024 1584 Apostol.
3070 1512 3245 1569 Prov.
3297 1513 3471 1584 XIX,
3522 1514 3629 1590 893

2079 1599 2246 1655 Prov.
2265 1600 2388 1654 Vat.
2409 1596 2671 1671 Append.
2699 1599 2807 1667 1v,
2835 1602 2887 1662 l..
2911 1597 3090 1653 Aliter
3115 1598 3450 1675 Diogenian.
3478 1604 3629 1674 VIII,

2083 1684 2250 1759 31‚p.
2273 1683 2386 1741 310
2411 1684 2542 1743 edd.
2567 1687 2639 1743 L.
2662 1695 2718 1740 et
2735 1684 2903 1743 Schn.
2927 1701 2943 1742 ε
2966 1681 3045 1742 Τὸ
3062 1685 3142 1742 Μ.
3163 1685 3256 1743 πλ.
3274 1684 3360 1743 ἐπὶ
3376 1689 3478 1744 τῶν
3499 1686 3634 1765 ἄγαν

2083 1770 2297 1852 ῥεόντων
2326 1768 2540 1830 πλοίων.
2578 1768 2959 1848 Κατηρήσαντο
2981 1768 3082 1849 γὰρ
3109 1771 3511 1848 Λακεδαιμόνιοι
3535 1799 3636 1850 μη-

2083 1856 2265 1916 δέποτε
2292 1853 2480 1936 στεγνὰ
2508 1855 2575 1915 τὰ
2604 1859 2762 1914 πλοῖα
2789 1854 3023 1928 Μηλίων,
3036 1854 3305 1933 γενέσθαι·
3328 1857 3636 1938 παραὸάται

2080 1943 2204 2026 γάρ.
2235 1948 2565 2004 Leutschius
2584 1947 2623 2005 l.
2646 1946 2689 2005 l.
2711 1946 2903 2003 laudat
2919 1946 3179 2022 Kriegkii
3201 1947 3416 2007 dissert.
3439 1967 3634 2026 geogr.

2079 2037 2165 2091 De
2188 2035 2503 2094 Maliens'tb.
2535 2054 2590 2109 p.
2627 2034 2717 2093 16.
2749 2037 2837 2091 De
2860 2036 3147 2108 Hippote,
3171 2036 3347 2091 Aletae
3376 2038 3638 2095 Corinthi

2082 2123 2398 2179 conditoris
2434 2134 2631 2197 patre,
2676 2141 2790 2179 una
2834 2141 2960 2178 cum
3003 2123 3318 2179 Heraclidis
3358 2126 3419 2179 in
3465 2127 3637 2183 Pelo-

2078 2228 2394 2284 ponnesum
2418 2209 2748 2283 trajiciente,
2771 2229 2828 2269 v.
2853 2208 3193 2283 Apollodor.
3220 2212 3297 2281 ΙΙ,
3331 2210 3394 2282 8,
3426 2212 3495 2284 33
3525 2212 3638 2270 Co·

2080 2316 2220 2356 non.
2273 2298 2384 2373 263
2432 2300 2667 2354 Pausan.
2710 2299 2795 2368 II,
2845 2303 2914 2370 4,
2949 2297 3004 2356 3.
3034 2299 3150 2369 ΙΙΙ,
3201 2296 3306 2369 13,
3340 2298 3404 2371 33
3454 2303 3632 2360 schol.

2080 2387 2364 2445 Theocrit.
2394 2387 2469 2456 V,
2504 2383 2856 2456 833Miiller.
2894 2387 3032 2445 Dor.
3072 2387 3131 2455 Ι,
3172 2404 3239 2460 p.
3271 2385 3368 2456 84,
3409 2395 3639 2456 124.—

2082 2475 2395 2546 Quamnam
2417 2473 2697 2528 coloniam
2716 2473 3041 2529 Aristoteles
3058 2473 3413 2545 intellexerit,
3433 2477 3637 2534 obscu-

2082 2580 2246 2632 rum;
2274 2561 2345 2618 de
2364 2560 2548 2618 Cnido
2572 2562 2966 2636 cogitaverim3
3000 2561 3117 2633 ejus
3144 2563 3295 2616 enim
3320 2564 3477 2620 urbis
3496 2584 3640 2621 con·

2084 2649 2238 2705 ditor
2265 2645 2517 2718 Ἱππότης
2551 2650 2578 2704 ὁ
2603 2647 2797 2717 ἀλήτης
2821 2650 3134 2723 appellatur
3171 2668 3265 2723 ap.
3305 2653 3538 2708 Tzetzen
3561 2654 3638 2710 ad

2083 2736 2217 2810 Lyc.
2247 2734 2428 2812 1388,
2459 2737 2593 2794 coll.
2622 2736 2885 2792 Diodoro
2920 2740 2993 2806 V,
3025 2756 3095 2811 9,
3129 2756 3183 2793 α.
3208 2739 3390 2813 Vulgo
3425 2740 3633 2798 Cnidus

2083 2824 2640 2881 Lacedaemoniorum
2664 2825 2889 2881 colonia
2910 2824 3146 2895 dicitur;
3176 2826 3633 2884 Lacedaemonios

2082 2931 2222 2970 vero
2268 2914 2533 2988 Hippotae
2573 2913 2705 2968 loco
2743 2912 2897 2986 apud
2938 2913 3346 2990 Diogeniauum
3373 2932 3627 2972 comme-

2081 3004 2295 3058 morari
2322 3001 2594 3058 videmus».
2625 3002 2945 3074 Utrumque
2972 3002 3145 3077 igitur
3180 3004 3252 3058 ita
3286 3001 3626 3078 conjungere

2083 3092 2243 3161 licet,
2290 3101 2354 3145 ut
2401 3089 2686 3144 coloniam
2728 3088 2800 3144 ab
2847 3090 2914 3144 iis
2949 3091 3191 3145 maxime
3225 3090 3468 3145 Doribus
3512 3090 3628 3147 de-

2084 3179 2310 3235 ductam
2336 3188 2672 3246 statuamus,
2719 3177 2820 3249 qui
2845 3176 2948 3232 sub
2993 3178 3244 3252 Hippota
3281 3178 3340 3233 in
3374 3179 3625 3253 regioni-

2082 3265 2187 3320 bus
2209 3265 2357 3320 circa
2394 3263 2694 3320 Maliacum
2726 3264 2912 3319 sinum
2945 3264 3083 3320 olim
3118 3265 3505 3322 habitaverant
3539 3269 3630 3323 vel

2083 3354 2250 3408 etiam
2277 3370 2346 3408 ex
2386 3353 2453 3407 iis
2491 3353 2552 3407 in
2592 3352 2915 3408 societatem
2950 3354 3187 3409 coloniae
3233 3354 3574 3411 deducendae
3601 3374 3633 3411 a

2081 3439 2520 3496 Lacedaemoniis
2568 3439 2829 3496 advocati
2872 3452 3017 3498 sunt.
3062 3442 3131 3496 In
3170 3427 3518 3498 Maliensium
3545 3462 3638 3499 re-
3684 3484 3701 3498 .

2082 3529 2307 3604 gionem
2326 3528 2642 3603 migrarunt
2659 3528 2954 3598 AEnianes;
2978 3526 3037 3582 hi
3061 3527 3259 3584 infensi
3285 3540 3444 3584 erant
3466 3531 3635 3586 Lace·

2084 3614 2400 3684 daemoniis3
2426 3623 2579 3669 certe
2602 3610 2833 3670 παλαιὰν
2861 3610 3050 3691 ἔχθραν
3074 3615 3634 3672 Lacedaemoniorum

2084 3712 2257 3774 atque
2288 3701 2391 3756 τῶν
2433 3696 2521 3755 ἐπὶ
2549 3703 2640 3756 τοῦ
2670 3700 2887 3770 Μηλιῶς
2916 3698 3109 3756 κόλπου
3149 3698 3380 3757 Οἰταίων
3416 3721 3637 3758 memo-

2612 3866 3105 3927 MALIENSIUM.

2790 4003 2912 4055 142.

2147 4124 2427 4176 Aristoteles
2445 4123 2495 4173 in
2518 4123 2817 4173 Maliensium
2847 4135 2950 4185 rep.
2974 4121 3043 4171 ait
3066 4120 3315 4172 Malienses
3342 4126 3533 4187 (quum
3551 4126 3632 4176 dei

2081 4204 2279 4253 oraculo
2298 4203 2655 4253 carissimorum
2685 4200 2926 4251 carissima
2943 4199 3136 4264 diligere
3165 4199 3282 4263 jussi
3312 4203 3494 4266 essent)
3518 4204 3632 4255 lihe-

2082 4294 2161 4330 ros
2178 4293 2329 4344 usque
2346 4279 2407 4329 ad
2424 4279 2579 4329 aetatis
2596 4292 2778 4328 annum
2796 4277 3036 4329 decimum
3049 4279 3241 4336 sextum
3255 4278 3412 4330 nudos
3428 4280 3632 4332 circum·

2083 4362 2231 4423 serre,
2260 4361 2309 4409 et
2325 4356 2589 4410 deosculari
2617 4358 2669 4408 in
2687 4357 2937 4409 conviviis.

2788 4450 2911 4502 143.

2144 4552 2429 4603 Maliacum
2472 4554 2743 4614 novimum
2776 4549 2959 4601 dicitur
2992 4549 3055 4601 de
3087 4551 3279 4601 vemsto
3310 4553 3362 4602 et
3392 4551 3627 4604 rimarum

2080 4630 2221 4693 pleno
2250 4629 2438 4693 navigio
2458 4629 2521 4680 ab
2537 4629 2734 4679 historia
2761 4628 2988 4692 quadam.
3015 4628 3293 4680 Aristoteles
3323 4631 3452 4680 enim
3479 4632 3631 4684 refert

2082 4708 2344 4772 Hippoten,
2367 4722 2522 4772 quum
2552 4709 2794 4759 coloniam
2821 4709 3123 4760 deducturus
3146 4712 3293 4772 esset,
3318 4711 3635 4775 imprecatum

2079 4798 2181 4836 esse
2213 4785 2272 4836 iis
2300 4786 2386 4849 qui
2410 4799 2575 4837 secum
2610 4787 2841 4849 navigare
2864 4789 3175 4837 recusassent.
3212 4790 3331 4838 Nam
3366 4801 3518 4850 quum
3554 4791 3638 4841 alii

2080 4877 2286 4914 uxorum
2318 4865 2674 4928 infirmitatem,
2703 4865 2784 4914 alii
2818 4865 2963 4915 rimas
2990 4865 3291 4927 navigiorum
3323 4869 3641 4928 praetexentes

2078 4941 2208 4991 domi
2243 4943 2517 5002 manerent,
2554 4941 2848 5004 imprecatus
2888 4942 2947 4991 iis
2979 4943 3077 5004 est,
3106 4945 3162 4990 ut
3203 4956 3452 5007 nunquam
3486 4945 3639 4996 firmis

2080 5021 2327 5068 uterentur
2344 5018 2544 5083 navigiis
2558 5056 2574 5082 ‚
2598 5018 2987 5081 feminarumque
3007 5017 3209 5081 imperio
3226 5031 3414 5083 semper
3435 5021 3639 5085 subjecti

2080 5097 2253 5146 esseut.
