4016 5916
443 443 551 494 132

1508 419 2000 483 AmsTo‘rl-:Lls
2060 417 2528 478 FRAGMENTA
2541 461 2555 474 .

435 561 590 643 κυρία
609 560 657 618 δ’
679 558 879 624 οὐδενός
899 560 1038 616 ἐστιν
1057 555 1225 627 ἀλλ’ἢ
1256 548 1662 635 συνεπιψὴφίσαι
1679 554 1745 612 τὰ
1770 554 1988 623 δόξαντα
2089 552 2148 609 ἐκ
2169 552 2273 607 τῶν
2292 545 2713 623 κεκοσμηκότων.
2746 542 2813 623 (6)
2856 543 2992 623 Περὶ
3018 534 3090 602 ὧν
3121 542 3240 611 τοὺς
3264 544 3448 613 αὖτοὺς
3477 547 3539 604 ἄν
3563 571 3641 614 τις

436 657 542 716 τοῖς
568 645 776 730 γέρουσι
803 646 893 703 καὶ
919 652 1025 712 τοῖς
1062 644 1294 722 κόσμοις.
1317 641 1405 703 Τὰ
1429 641 1523 719 μὲν
1564 633 1652 699 οὖν
1677 645 1780 699 τῶν
1809 665 1990 702 συσσι-

439 736 565 795 τίων
591 735 702 814 ἔχει
736 734 936 814 βέλτιον
963 735 1068 799 τοῖς
1098 729 1299 812 Κρησὶν
1327 727 1363 800 ἢ
1390 737 1494 795 τοῖς
1517 727 1763 789 Λάκωσιν
1781 752 1797 768 ·
1824 733 1876 789 ἐν
1899 730 1993 807 μὲν

442 823 544 904 γὰρ
585 820 942 897 Λακεδαίμονι
990 818 1130 878 κατὰ
1169 815 1400 898 κεφαλὴν
1438 817 1652 883 ἕκαστος
1683 817 1906 898 εἰσφέρει
1933 818 1993 877 τὸ

439 908 781 988 τεταγμένον·
814 911 859 965 εἰ
888 908 943 965 δὲ
969 906 1042 983 μὴ
1062 952 1079 983 ,
1108 905 1346 983 μετέχειν
1376 902 1530 980 νόμος
1559 902 1749 962 κωλύει
1774 909 1866 976 τῆς
1887 928 1983 963 πο-

442 998 666 1071 λιτείας,
700 996 940 1078 καθάπερ
961 995 1164 1075 εἴρηται
1187 990 1561 1072 καὶπρότερον.
1587 990 1679 1050 Ἐν
1709 989 1763 1048 δὲ
1805 992 1992 1072 Κρήτῃ

440 1084 744 1165 κοινοτέρως
766 1107 780 1120 ·
809 1082 911 1141 ἀπὸ
937 1083 1148 1141 πάντων
1187 1080 1288 1161 γὰρ
1330 1082 1432 1137 τῶν
1462 1077 1743 1156 γινομένων
1781 1084 1994 1158 καρπῶν

445 1196 500 1231 τε
529 1171 619 1232 καὶ
661 1172 1037 1252 βοσκημάτων,
1061 1168 1152 1227 καὶ
1177 1170 1237 1226 ἐκ
1262 1169 1363 1226 τῶν
1394 1164 1654 1242 δημοσίων
1681 1164 1772 1224 καὶ
1800 1165 1967 1247 φόρων
1984 1212 2000 1240 ,

445 1259 530 1326 οὒς
549 1259 791 1341 φέρουσιν
820 1261 869 1316 οἱ
897 1256 1180 1337 περίοικοι,
1216 1253 1463 1313 τέτακται
1487 1251 1641 1332 μέρος
1661 1251 1720 1311 τὸ
1747 1252 1842 1331 μὲν
1870 1253 1997 1334 πρὸς

444 1346 561 1414 τοὺς
584 1346 725 1413 θεοὺς
746 1346 838 1404 καὶ
860 1344 953 1411 τὰς
973 1343 1148 1409 κοινὰς
1172 1340 1515 1420 λειτουργίας,
1539 1338 1672 1398 τὸδὲ
1699 1348 1803 1407 τοῖς
1819 1363 1998 1400 συσσι·

443 1435 590 1512 τίοις,
624 1435 759 1491 ὥστε
805 1437 864 1492 ἐκ
890 1436 1065 1492 κοινοῦ
1092 1429 1366 1511 τρέφεσθαι
1405 1426 1604 1493 πάντας
1630 1425 1722 1485 καὶ
1751 1429 1998 1505 γυναῖκας

447 1520 538 1579 καὶ
561 1522 756 1587 παῖδας
777 1522 870 1578 καὶ
892 1519 1100 1599 ἄνδρας.
1152 1519 1219 1594 (6)
1248 1516 1391 1596 Πρὸς
1418 1513 1585 1585 δὲτὴν
1601 1515 1914 1590 ὀλιγοσιτίαν
1933 1518 2003 1581 ὥς

445 1607 706 1689 ὠφέλιμον
734 1605 906 1666 πολλὰ
935 1602 1347 1684 πεφιλοσόφηκεν
1372 1605 1400 1659 ὁ
1423 1598 1727 1678 νομοθέτης,
1762 1599 1853 1658 καὶ
1877 1600 2004 1679 πρὸς

445 1694 541 1765 τὴν
566 1694 817 1762 διάζευξιν
831 1694 945 1750 ’τῶν
973 1695 1255 1770 γυναικῶν,
1280 1687 1366 1748 ἵνα
1397 1687 1471 1766 μὴ
1498 1689 1874 1759 πολυτεκνῶσι,
1905 1686 1999 1759 τὴν

447 1781 575 1862 πρὸς
598 1782 715 1848 τοὺς
732 1781 950 1862 ἄρρενας
977 1778 1199 1850 ποιήσας
1224 1776 1449 1855 ὁμιλίαν,
1475 1774 1595 1853 περὶ
1616 1768 1704 1847 ἧς,
1728 1777 1772 1832 εἰ
1796 1775 2005 1856 φαύλως

446 1867 480 1939 ἢ
511 1868 585 1945 μὴ
616 1866 856 1950 φαύλως,
899 1866 1069 1946 ἔτερος
1099 1865 1246 1924 ἔσται
1278 1869 1368 1924 τοῦ
1397 1862 1778 1942 διασκέψασθαι
1807 1862 2001 1943 καιρός.

445 1951 576 2015 Ὅτι
590 1955 644 2013 δὲ
661 1955 729 2013 τὰ
745 1955 947 2034 περὶτὰ
967 1953 1208 2013 συσσίτια
1227 1951 1427 2032 βέλτιον
1450 1949 1697 2008 τέτακται
1724 1957 1827 2015 τοῖς
1857 1953 2005 2028 Κρη-

448 2040 532 2099 σὶν
556 2039 592 2113 ἢ
616 2051 723 2109 τοῖς
751 2042 1006 2118 Λάκωσι,
1032 2040 1268 2121 φανερόν.
1296 2037 1382 2101 Τὰ
1410 2037 1465 2097 δὲ
1493 2036 1613 2117 περὶ
1640 2036 1757 2102 τοὺς
1784 2035 2006 2113 κόσμους

449 2126 526 2185 ἔτι
558 2132 730 2207 χεῖρον
755 2132 856 2195 τῶν
886 2127 1113 2208 ἐφόρων·
1152 2126 1181 2185 ὃ
1200 2125 1295 2203 μὲν
1321 2123 1422 2204 γὰρ
1471 2123 1583 2203 ἔχει
1616 2122 1778 2181 κακὸν
1808 2122 1873 2181 τὸ
1900 2126 2003 2182 τῶν

449 2213 646 2293 ἐφόρων
666 2219 896 2294 ἀρχεῖον,
922 2212 1153 2293 ὑπάρχει
1188 2214 1279 2272 καὶ
1308 2212 1503 2270 τούτων
1522 2233 1536 2247 ·
1563 2208 1791 2289 γίνονται
1817 2210 1918 2290 γὰρ
1953 2214 2000 2269 οἱ

450 2299 715 2380 τυχόντες·
739 2301 768 2359 ὃ
784 2301 827 2360 δ’
846 2304 957 2360 ἐκεῖ
968 2299 1218 2380 συμφέρει
1237 2298 1366 2379 πρὸς
1383 2296 1479 2368 τὴν
1497 2296 1781 2370 πολιτείαν,
1802 2300 2004 2356 ἐνταῦθ’

2084 637 2218 696 εἴποι
2239 634 2419 711 λόγους
2447 633 2537 692 καὶ
2564 632 2684 712 περὶ
2720 634 2824 689 τῶν
2852 633 2904 688 ἕν
2936 630 3296 708 Λακεδαίμονι
3317 634 3604 712 γινομένων
3626 660 3640 672 ·

2084 724 2144 782 τὸ
2165 720 2267 801 γὰρ
2300 719 2645 779 ἀνυπεύθυνον
2673 717 2765 777 καὶ
2786 717 2845 777 τὸ
2876 718 2963 776 διὰ
2995 718 3128 797 βίου,
3156 720 3332 797 μεῖζόν
3355 722 3466 779 ἐστι
3488 720 3651 802 γέρας

2083 816 2174 882 τῆς
2198 808 2343 877 ἀξίας
2368 809 2574 880 αὐτοῖς,
2615 805 2706 865 καὶ
2734 805 2793 865 τὸ
2824 806 2897 881 μὴ
2926 804 3064 865 κατὰ
3099 807 3390 886 γράμματα
3434 808 3642 889 ἄρχειν,

2085 900 2200 956 ἀλλ’
2230 894 2628 972 αὐτογνώμονας
2643 939 2668 967 ,.
2688 894 2990 974 ἐπισφαλές.
3076 894 3157 955 Τὸ
3181 895 3225 952 δ’
3251 895 3537 974 ἡσυχάζειν
3567 899 3647 973 μὴ

2088 984 2372 1063 μετέχοντα
2393 983 2478 1041 τὸν
2514 987 2696 1058 δῆμον,
2722 983 2864 1041 οὐδὲν
2889 991 3104 1059 σημεῖον
3132 987 3223 1040 τοῦ
3251 983 3502 1061 τετάχθαι
3536 1007 3641 1042 κα·

2084 1076 2213 1139 λῶς·
2237 1069 2351 1131 οὐδὲ
2391 1068 2491 1150 γὰρ
2518 1068 2796 1146 λήμματός
2827 1093 2879 1127 τι
2905 1074 3012 1136 τοῖς
3039 1069 3253 1146 κόσμοις
3274 1114 3290 1143 ,
3316 1068 3494 1150 ὥσπερ
3522 1072 3632 1138 τοῖς

2088 1159 2287 1240 ἐφόροις
2303 1204 2319 1232 ,
2346 1156 2523 1237 πόρρω
2542 1156 2593 1233 γ’
2614 1158 2917 1214 ἀποικοῦσιν
2938 1159 2991 1214 ἐν
3015 1155 3159 1237 νήσῳ
3180 1159 3281 1215 τῶν
3306 1157 3644 1238 διαφθερούν-

2088 1270 2211 1307 των.
2255 1246 2364 1306 “Hv
2392 1247 2445 1303 δὲ
2468 1248 2739 1303 ποιοῦνται
2760 1246 2853 1315 τῆς
2873 1243 3134 1324 ἁμαρτίας
3161 1243 3351 1316 ταύτης
3379 1245 3642 1325 ἰατρείαν,

2090 1333 2281 1400 ἄτοπος
2302 1332 2393 1391 καὶ
2421 1333 2479 1391 οὗ
2505 1329 2781 1405 πολιτικὴ,
2807 1329 2944 1388 ἀλλὰ
2977 1328 3371 1402 δυναστευτική.
3403 1331 3463 1411 (7)
3490 1333 3644 1391 Πολ-

2088 1420 2237 1488 λάκις
2261 1420 2363 1499 γὰρ
2395 1418 2706 1478 ἑκὸάλλουσι
2733 1416 3012 1485 συστάντες
3038 1416 3173 1484 τινὲς
3198 1416 3314 1485 τοὺς
3353 1419 3578 1497 κόσμους
3607 1418 3649 1490 ἢ

2090 1512 2192 1566 τῶν
2221 1505 2583 1586 συναρχόντων
2603 1508 2772 1563 αὐτῶν
2792 1503 2829 1576 ἢ
2852 1508 2958 1564 τῶν
2982 1507 3224 1566 ἰδιωτῶν.
3242 1503 3455 1573 Ἔξεστι
3478 1505 3531 1564 δὲ
3555 1506 3655 1565 καὶ

2098 1592 2290 1671 μεταξὺ
2314 1602 2420 1661 τοῖς
2443 1593 2660 1670 κόσμοις
2692 1595 2933 1651 ἀπειπεῖν
2961 1591 3054 1663 τὴν
3084 1591 3275 1672 ἀρχήν.
3358 1595 3546 1653 Ταῦτα
3576 1593 3647 1666 δὴ

2092 1681 2267 1741 πάντα
2299 1681 2500 1761 βέλτιον
2527 1680 2762 1760 γίνεσθαι
2781 1676 2919 1738 κατὰ
2942 1679 3099 1757 νόμον
3122 1677 3156 1751 ἢ
3184 1677 3323 1737 κατὰ
3356 1681 3649 1762 ἀνθρώπων

2096 1768 2344 1849 βούλησιν
2369 1792 2382 1806 ·
2416 1772 2474 1826 οὗ
2502 1766 2605 1848 γὰρ
2627 1766 2867 1848 ἀσφαλὴς
2895 1770 2923 1825 ὅ
2942 1765 3134 1826 κανών.
3174 1766 3399 1826 Πάντων
3428 1769 3482 1826 δὲ
3504 1791 3637 1849 φαυ·

2090 1856 2305 1916 λότατον
2334 1855 2394 1914 τὸ
2430 1860 2524 1926 τῆς
2563 1854 2817 1932 ἀκοσμίας
2863 1858 2967 1913 τῶν
3009 1854 3261 1927 δυνατῶν,
3283 1854 3350 1926 ἣν
3378 1866 3657 1916 συνιστᾶσι

2093 1943 2365 2015 πολλάκις,
2394 1942 2517 2001 ὅταν
2537 1940 2611 2019 μὴ
2639 1941 2784 2008 δίκας
2814 1941 3106 2019 βούλωνται
3126 1943 3304 1999 δοῦναι
3328 1965 3341 1977 ·
3370 1934 3407 2020 ᾗ
3431 1942 3522 2000 καὶ
3550 1944 3648 2013 δῆ-

2092 2033 2206 2107 λον,
2223 2034 2293 2098 ὡς
2313 2029 2420 2109 ἔχει
2444 2052 2493 2086 τι
2508 2027 2770 2095 πολιτείας
2791 2031 2826 2099 ἡ
2851 2026 3008 2099 τάξις,
3023 2029 3140 2086 ἀλλ’
3153 2030 3211 2087 οὗ
3227 2028 3459 2088 πολιτεία
3481 2030 3647 2102 ἐστὶν,

2095 2118 2232 2176 ἀλλὰ
2274 2114 2555 2175 δυναστεία
2603 2117 2822 2192 μᾶλλον.
2873 2113 3109 2174 Εἶώθασι
3146 2115 3200 2173 δὲ
3251 2116 3640 2193 διαλαμὸάνον-

2092 2229 2175 2273 τες
2205 2202 2293 2263 τὸν
2339 2206 2501 2281 δῆμον
2541 2201 2632 2261 καὶ
2664 2199 2781 2269 τοὺς
2814 2202 2987 2285 φίλους
3026 2203 3317 2284 μοναρχίαν
3343 2212 3504 2263 ποιεῖν
3549 2205 3643 2264 καὶ

2096 2292 2393 2362 στασιάζειν
2428 2289 2517 2349 καὶ
2541 2290 2805 2369 μάχεσθαι
2830 2288 2960 2371 πρὸς
2988 2290 3264 2362 ἀλλήλους.
3291 2292 3354 2370 (a)
3382 2292 3568 2352 Καίτοι
3595 2293 3651 2351 τί

448 2390 542 2446 οὔκ
569 2388 730 2449 ἔστιν.
758 2389 907 2449 Ἐκεῖ
924 2386 1017 2464 μὲν
1037 2387 1160 2468 γὰρ,
1184 2386 1270 2444 διὰ
1292 2385 1351 2444 τὸ
1373 2385 1468 2456 τὴν
1489 2382 1685 2464 αἵρεσιν
1708 2387 1767 2442 ἐκ
1794 2385 2002 2443 πάντων
2096 2379 2329 2462 διαφέρει
2356 2379 2416 2438 τὸ
2453 2384 2680 2437 τοιοῦτον
2704 2376 2739 2448 ἢ
2764 2377 2849 2436 διὰ
2882 2378 3018 2444 τινος
3043 2378 3231 2461 χρόνου
3276 2381 3466 2457 μηκέτι
3496 2380 3645 2439 πόλιν

449 2467 610 2555 εἶναι,
639 2476 877 2556 μετέχων
907 2480 934 2535 ὃ
979 2477 1142 2552 δῆμος
1170 2480 1263 2546 τῆς
1292 2473 1542 2551 μεγίστης
1572 2474 1738 2552 ἀρχῆς
1763 2469 2005 2550 βούλεται
2097 2459 2229 2526 εἶναι
2256 2467 2349 2538 τὴν
2372 2465 2638 2538 τοιαύτην,
2672 2464 2807 2524 ἀλλὰ
2827 2464 3040 2524 λύεσθαι
3056 2466 3151 2538 τὴν
3172 2467 3443 2539 πολιτικὴν
3461 2490 3649 2526 κοινω-

450 2560 622 2638 μένειν
634 2564 730 2635 τὴν
749 2562 1031 2622 πολιτείαν·
1049 2565 1269 2620 ἐνταῦθα
1285 2562 1331 2618 δ’
1354 2562 1447 2618 οὐκ
1465 2558 1518 2627 ἐξ
1534 2559 1777 2618 ἁπάντων
1800 2561 2004 2638 αἱροῦν-

2096 2554 2245 2627 νίαν;
2289 2553 2449 2614 Ἔστι
2488 2555 2533 2612 δ’
2574 2553 2889 2621 ἐπικίνδυνος
2928 2551 3090 2621 οὕτως
3132 2553 3325 2633 ἔχουσα
3366 2557 3511 2622 πόλις
3546 2560 3649 2615 τῶν

447 2672 537 2707 ται
552 2650 667 2718 τοὺς
677 2650 903 2727 κόσμους
916 2693 932 2721 ,
949 2650 1065 2706 ἀλλ’
1088 2650 1148 2706 ἐκ
1165 2650 1507 2724 τινῶνγενῶν,
1533 2644 1625 2704 καὶ
1641 2643 1757 2712 τοὺς
1766 2643 2010 2725 γέροντας
2112 2642 2436 2723 βουλομένων
2457 2642 2774 2700 ἐπιτίθεσθαι
2793 2641 2884 2700 καὶ
2903 2641 3216 2720 δυναμένων·
3237 2642 3391 2715 ἀλλὰ,
3417 2645 3648 2723 καθάπερ

454 2817 710 2867 natm-ibus
736 2818 786 2865 et
808 2817 982 2864 cosmis
1012 2812 1217 2863 decretae
1244 2817 1357 2863 sunt
1376 2849 1392 2874 ‚
1423 2812 1648 2873 suffragio
1685 2810 2004 2873 comproban-

450 2895 641 2943 darum.
661 2896 772 2942 Jam
791 2905 906 2940 vero
925 2889 1057 2952 quod
1081 2889 1143 2939 ad
1160 2890 1379 2939 convivia
1396 2888 1589 2953 publica
1606 2888 1809 2948 attinet,
1834 2887 2007 2935 melius

454 2973 537 3020 illa
566 2970 784 3019 instituta
821 2969 935 3016 sunt
968 2967 1097 3029 apud
1128 2969 1405 3030 Cretenses,
1444 2979 1590 3030 quam
1625 2966 1753 3028 apud
1780 2969 2006 3015 Lacones.

453 3045 798 3097 Lacedaemone
816 3045 942 3094 enim
957 3045 1143 3093 confert
1158 3045 1361 3106 quisque
1383 3058 1469 3107 per
1486 3043 1643 3105 capita
1682 3042 1732 3091 id
1745 3041 1874 3104 quod
1890 3054 2010 3104 prae-

455 3125 643 3174 smitum
662 3137 719 3171 ac
740 3122 1072 3185 praescriptum
1095 3123 1169 3171 est
1191 3141 1202 3170 z
1223 3123 1355 3184 quod
1373 3124 1522 3171 sinon
1547 3121 1726 3181 fecerit,
1750 3133 1834 3182 per
1857 3120 2006 3181 legem

455 3200 731 3263 reipublime
761 3211 862 3248 esse
896 3197 1135 3261 particeps
1169 3211 1265 3247 non
1307 3201 1492 3261 potest,
1519 3196 1927 3260 quemadmodum
1959 3198 2011 3246 et

455 3279 774 3329 antedictum
807 3279 897 3326 est.
920 3280 1171 3326 Cretenses
1192 3289 1309 3326 vero
1331 3276 1662 3336 communius,
1685 3274 1736 3324 id
1762 3276 1833 3323 est
1859 3287 2008 3336 popu-

453 3358 617 3406 larius.
645 3360 766 3407 Nam
789 3369 851 3406 ex
867 3355 1091 3405 omnibus
1108 3355 1341 3406 fructibus
1366 3358 1416 3406 et
1437 3354 1688 3418 pecoribus
1704 3353 1826 3402 natis
1842 3390 1856 3413 ,
1876 3355 1926 3402 et
1946 3366 2008 3403 ex

454 3433 765 3496 vectigalibus
785 3432 1061 3495 reipublicae
1081 3433 1133 3482 et
1150 3432 1346 3482 tributis
1360 3468 1375 3491 ,
1395 3445 1505 3495 qum
1521 3430 1719 3493 perioeci
1738 3430 2005 3493 pensitant,

455 3527 567 3575 pars
588 3516 717 3563 certa
736 3511 975 3574 praefinita
994 3513 1067 3560 est
1088 3510 1147 3560 ad
1168 3524 1243 3560 res
1259 3510 1444 3560 divinas
1470 3509 1707 3561 faciendas
1722 3511 1771 3559 et
1789 3508 2006 3571 publico·

456 3604 564 3640 rum
586 3603 840 3639 munerum
873 3588 1170 3649 functionem
1191 3589 1343 3638 altera
1360 3587 1420 3635 ad
1442 3586 1665 3636 convivia
1693 3586 1885 3649 publica
1902 3622 1917 3646 ,
1941 3585 2007 3634 ita

458 3671 514 3716 ut
541 3667 601 3716 de
621 3666 813 3729 publico
844 3678 1013 3714 omnes
1040 3666 1090 3714 et
1116 3663 1339 3714 mulieres
1365 3667 1414 3714 et
1441 3665 1577 3727 pueri
1598 3665 1647 3712 et
1677 3663 1770 3713 viri
1794 3664 2000 3713 alantur.

457 3746 524 3806 (5)
544 3747 655 3795 Jam
679 3758 793 3793 vero
816 3743 876 3792 ad
892 3744 1046 3792 victus
1064 3743 1403 3806 parsimoniam
1418 3743 1608 3807 cibique
1630 3743 1938 3806 paucitatem,
1953 3744 2010 3791 ut

456 3836 556 3872 rem
593 3823 786 3884 utilem,
819 3824 869 3872 et
900 3821 960 3871 ad
994 3822 1281 3871 feminarum
1320 3821 1695 3883 disjunctionem
1714 3857 1730 3884 ,
1771 3834 1836 3872 ne
1865 3820 2008 3871 nimis

455 3900 633 3949 multos
655 3899 779 3949 filios
796 3898 1009 3962 pariant,
1030 3899 1353 3948 masculorum
1371 3898 1715 3949 consuetudine
1731 3898 2008 3948 introducta

457 3977 650 4040 (recte,
674 3989 738 4026 an
765 3988 931 4037 secus,
966 3974 1089 4024 alius
1116 3975 1209 4045 erit
1231 3975 1502 4038 disputandi
1523 3976 1686 4036 locus,
1703 3975 1721 4036 )
1741 3976 1896 4025 multa
1911 3988 2003 4025 .sa·

453 4055 634 4116 pienter
656 4055 706 4103 et
734 4055 874 4102 acute
903 4051 1191 4113 excogitavit
1225 4052 1349 4101 lator
1379 4052 1511 4114 legis.
1577 4051 1720 4109 Quod
1753 4052 1898 4114 igitur
1931 4054 2006 4101 at·

451 4131 573 4180 tinet
611 4130 672 4179 ad
695 4128 918 4179 convivia
939 4128 1157 4191 publica,
1181 4128 1352 4178 melius
1386 4142 1442 4178 ea
1475 4142 1578 4178 esse
1598 4128 1835 4191 descripta
1863 4129 2010 4190 atque

451 4204 671 4254 ordinata
716 4203 843 4267 apud
889 4206 1140 4254 Cretenses
1169 4238 1185 4265 ,
1230 4217 1375 4267 quam
1421 4204 1551 4267 apud
1593 4204 2006 4268 LacedaemonioS,

452 4282 756 4344 perspicuum
792 4284 882 4331 est.
915 4281 1009 4332 Sed
1040 4294 1153 4343 quae
1186 4281 1249 4331 ad
1278 4295 1467 4331 cosmos
1499 4285 1741 4344 spectant,
1775 4295 1830 4331 ea
1862 4282 2007 4332 etiam

447 4359 662 4408 deterius
692 4358 898 4418 habent,
920 4371 1067 4420 quam
1098 4358 1389 4420 ephororum
1420 4358 1678 4408 institutio.
1713 4361 1835 4408 Nam
1875 4358 2007 4420 quod

452 4434 566 4484 mali
600 4435 744 4486 estin
771 4436 1062 4497 ephororum
1098 4433 1300 4497 imperio
1317 4472 1332 4497 ‚
1354 4435 1448 4484 hoc
1478 4437 1552 4485 est
1581 4437 1727 4485 etiam
1757 4435 1806 4484 in
1833 4435 2006 4486 borum

453 4515 690 4575 potestate
711 4531 724 4561 ε
744 4515 969 4562 creantur
982 4512 1111 4563 enim
1128 4513 1345 4563 homines
1359 4515 1480 4563 t'orte
1498 4514 1643 4564 oblati
1663 4534 1676 4564 z
1697 4513 1828 4578 quod
1845 4517 2006 4565 autem

457 4589 558 4638 illic
574 4589 636 4636 ad
653 4588 927 4650 reipublicae
951 4591 1131 4639 statum
1161 4590 1279 4639 utile
1310 4593 1411 4653 est,
1432 4591 1512 4639 luc
1531 4604 1626 4639 non
1646 4593 1734 4640 εει.
1762 4591 1860 4640 illic
1879 4592 2007 4641 enim

456 4668 710 4730 propterea
726 4700 742 4727 ,
764 4667 896 4728 quod
914 4667 1085 4717 electio
1103 4667 1159 4717 fit
1190 4682 1252 4717 ex
1275 4668 1525 4729 omnibus,
1550 4668 1784 4731 populu8‚
1809 4669 1894 4731 qui
1912 4670 2006 4718 im·

455 4743 571 4805 perii
589 4741 789 4791 maximi
820 4742 876 4790 fit
899 4744 1163 4806 particeps,
1196 4744 1542 4806 rempublicam
1576 4759 1772 4795 manere
1804 4747 1964 4797 studet
1989 4767 2003 4797 :

454 4821 534 4868 liic
565 4819 727 4867 autem
746 4831 843 4866 non
876 4832 938 4867 ex
971 4820 1196 4870 omnibus
1215 4821 1455 4883 eliguntur
1482 4821 1631 4871 cosmi
1650 4859 1664 4884 ,
1697 4821 1780 4871 sed
1813 4836 1875 4872 ex
1893 4823 2003 4886 qui·

458 4894 658 4943 busdam
684 4894 935 4956 generibus
959 4899 1235 4947 :senatores
1252 4900 1415 4947 autem
1440 4912 1500 4948 ex
1520 4899 1600 4960 iis,
1627 4899 1715 4962 qui
1731 4913 2004 4950 cosmorum

455 4985 659 5021 munere
671 4972 822 5021 suncti
841 4975 971 5022 sunt.
990 4973 1059 5036 (6)
1079 4978 1152 5024 De
1164 4976 1340 5038 quibus
1357 4975 1523 5025 eadem
1546 4977 1821 5039 quisdicere
1840 4979 2003 5041 possit,

457 5061 517 5097 ac
558 5047 620 5097 de
642 5048 699 5098 iis
734 5048 816 5110 qui
847 5049 1189 5099 Lacedaemone
1216 5055 1454 5101 creantur.
1516 5057 1637 5103 Nam
1660 5055 1902 5105 rationum
1929 5070 2005 5106 re·

458 5127 762 5175 ferendarum
788 5126 970 5188 judicio
991 5140 1088 5176 nou
1115 5128 1293 5191 teneri,
1317 5131 1369 5178 et
1386 5142 1470 5192 per
1488 5132 1639 5181 totam
1659 5134 1811 5183 vitam
1838 5147 2001 5196 gerere

447 5205 800 5268 magistratum,
819 5207 974 5269 major
990 5210 1059 5258 est
1079 5207 1258 5269 honos,
1274 5218 1423 5269 quam
1442 5220 1531 5271 pro
1550 5222 1718 5260 eorum
1739 5212 1969 5275 dignitate
1989 5231 2003 5276 ;

2096 2823 2305 2873 eumque
2330 2822 2428 2858 non
2453 2824 2513 2859 ex
2530 2811 2810 2871 praescripto
2833 2808 2958 2871 iuris
2986 2811 3151 2872 scripti
3174 2811 3433 2872 imperare,
3451 2809 3533 2859 sed
3554 2822 3645 2859 suo

2097 2889 2295 2939 arbitrio
2321 2888 2652 2951 magistratum
2674 2902 2855 2951 gerere,
2871 2888 3189 2950 periculosum
3210 2892 3297 2938 εει.
3318 2888 3460 2945 Quod
3480 2890 3645 2937 autem

2096 2969 2299 3032 quiescit
2309 2969 2529 3031 populus,
2537 2968 2724 3017 etiamsi
2738 2969 2883 3029 hujus
2895 2968 3198 3030 magistratus
3210 2980 3302 3016 non
3317 2968 3377 3016 sit
3389 2967 3653 3032 particeps,

2097 3046 2284 3095 nullum
2315 3047 2390 3094 est
2420 3048 2756 3107 argumentum
2794 3045 3071 3107 reipublicae
3094 3048 3213 3094 bene
3238 3044 3485 3093 ordinatae.
3524 3047 3647 3093 Nam

2096 3135 2255 3185 noque
2271 3122 2371 3171 ulla
2395 3120 2594 3182 cosmis,
2616 3123 2670 3170 ut
2687 3121 2880 3184 ephoris
2894 3158 2908 3182 ,
2929 3125 3145 3184 quaestus
3168 3121 3368 3171 faciendi
3403 3134 3470 3171 ex
3494 3121 3649 3184 magi·

2096 3202 2251 3250 stratu
2280 3198 2483 3248 facultas
2508 3197 2671 3258 datur,
2701 3200 2759 3247 ut
2776 3198 2863 3261 qui
2906 3198 2958 3248 in
2984 3199 3141 3249 insula
3163 3199 3302 3262 longe
3326 3199 3482 3249 absint
3504 3199 3566 3248 ab
3591 3199 3651 3248 iis

2096 3276 2178 3338 qui
2202 3276 2472 3337 corrupturi
2492 3274 2604 3324 sint.
2623 3277 2781 3332 Quam
2806 3276 2969 3324 autem
2996 3275 3229 3325 adhibent
3246 3275 3305 3325 ad
3324 3275 3417 3325 hoc
3438 3277 3651 3325 erratum

2094 3352 2428 3416 corrigendum
2448 3365 2507 3402 ac
2523 3352 2788 3402 sanandum
2806 3353 3091 3403 medicinam
3107 3391 3123 3417 ,
3146 3367 3302 3417 quum
3324 3354 3531 3405 absurda
3561 3354 3648 3415 sit,

2096 3436 2203 3482 tum
2226 3445 2287 3481 ne
2320 3431 2475 3481 civilis
2498 3432 2698 3495 quidem
2719 3434 2820 3494 est,
2836 3433 2921 3482 sed
2943 3433 3175 3496 potentiae
3196 3433 3341 3483 unius
3357 3435 3443 3483 aut
3470 3445 3648 3496 pauco·

2098 3522 2205 3557 rum
2225 3511 2559 3558 consentanea.
2603 3509 2673 3570 (7)
2702 3514 3040 3572 Saepenumero
3067 3510 3196 3560 enim
3222 3511 3443 3560 nonnulli
3466 3513 3552 3559 aut
3578 3523 3640 3560 ex

2097 3586 2291 3648 collegis
2325 3588 2410 3635 aut
2432 3584 2630 3648 privatis
2658 3586 2865 3635 coitione
2892 3588 3020 3636 sacta
3061 3599 3248 3635 cosmos
3271 3587 3483 3647 eJiciunt.
3518 3586 3653 3637 Licet

2096 3661 2242 3712 etiam
2268 3662 2327 3712 iis
2357 3667 2470 3712 ante
2496 3664 2686 3725 tempus
2720 3663 2943 3713 abdicare
2967 3676 3019 3712 se
3048 3662 3340 3724 magistratu.
3369 3666 3485 3712 Haec
3509 3664 3661 3726 igitur

2096 3740 2257 3790 omnia
2280 3742 2478 3802 praestat
2493 3740 2596 3790 fieri
2617 3754 2681 3791 ex
2704 3741 2806 3804 lege
2822 3778 2836 3803 ,
2857 3753 3001 3804 quam
3020 3751 3082 3788 ex
3100 3739 3348 3788 bominum
3368 3740 3646 3790 voluntate:

2096 3830 2193 3865 non
2216 3821 2287 3866 ost
2305 3817 2433 3866 enim
2456 3820 2562 3867 tuta
2576 3817 2682 3866 haec
2703 3818 2875 3880 regula.
2900 3819 3129 3865 omnium
3142 3819 3305 3864 autem
3325 3816 3653 3866 remediorum

2096 3895 2353 3956 pessimum
2371 3897 2444 3944 ost
2463 3895 2764 3957 magistratus
2781 3894 2921 3954 hujus
2935 3892 3211 3953 amplissimi
3232 3891 3445 3941 vacuitas
3459 3927 3474 3953 ‚
3500 3905 3646 3955 quam

2095 3984 2423 4033 saepenumero
2452 3974 2670 4034 potentes
2693 3970 2926 4029 indicunt,
2950 3980 3102 4030 quum
3122 3967 3361 4028 judicium
3381 3968 3543 4018 subire
3560 3972 3648 4019 aut

2096 4063 2260 4113 poenas
2276 4051 2392 4101 dare
2412 4050 2600 4100 nolunt.
2626 4049 2743 4112 (Alii
2767 4068 2780 4098 :
2803 4061 2948 4110 quam
2958 4059 3282 4109 saepenumero
3296 4046 3484 4111 indunt,
3498 4062 3661 4111 quum·

2097 4129 2350 4188 potentum
2372 4126 2555 4188 judicia
2580 4125 2738 4176 subire
2763 4124 2985 4187 nolunt.)
3008 4127 3078 4173 lix
3099 4137 3199 4186 quo
3222 4123 3485 4187 intelligere
3507 4125 3618 4175 licet
3633 4163 3649 4188 ‚

2099 4203 2150 4252 in
2187 4204 2278 4253 hac
2301 4204 2577 4267 reipublicae
2598 4203 2982 4253 administrandae
2999 4201 3317 4265 descriptione
3347 4203 3525 4266 aliquid
3549 4217 3653 4253 esse

2096 4281 2297 4342 politiae,
2314 4294 2587 4344 quanquam
2611 4281 2716 4330 haec
2740 4293 2835 4329 non
2854 4286 2925 4330 est
2951 4279 3141 4342 politia,
3170 4280 3255 4330 sed
3276 4281 3436 4343 potius
3462 4294 3651 4344 pauc-o·-

2098 4371 2204 4406 rum
2225 4360 2501 4421 potentatus
2526 4361 2610 4407 aut
2630 4357 2864 4421 dynastia.
2899 4359 3266 4407 consueverunt
3286 4361 3448 4406 autem
3472 4360 3663 4420 populo

2096 4436 2146 4484 in
2163 4440 2321 4499 partes
2338 4438 2567 4487 distracto
2587 4439 2637 4486 et
2655 4438 2911 4500 assumptis
2931 4436 3099 4486 amicis
3117 4436 3209 4486 sub
3228 4436 3372 4486 unius
3398 4437 3655 4500 imperium

2096 4518 2249 4564 totam
2267 4513 2610 4577 rempublicam
2629 4515 2915 4576 subjungere
2931 4551 2944 4575 ,
2968 4517 3018 4564 et
3034 4514 3313 4564 seditionem
3333 4516 3544 4564 excitare
3558 4552 3570 4574 ,
3601 4519 3650 4564 et

2100 4593 2224 4641 inter
2253 4604 2305 4640 se
2327 4590 2573 4654 digladiari
2600 4603 2658 4639 ac
2684 4589 2949 4641 decertare.
2983 4593 3048 4653 (8)
3068 4593 3129 4640 At
3151 4591 3267 4654 quid
3292 4592 3382 4640 hoc
3403 4590 3531 4640 aliud
3553 4604 3659 4641 esse

2100 4668 2261 4729 dicas,
2290 4668 2381 4717 nisi
2410 4681 2497 4730 per
2523 4668 2718 4730 aliquod
2744 4672 2936 4731 tempus
2958 4670 3203 4718 civitatem
3238 4669 3379 4732 plane
3410 4669 3578 4718 tollere
3604 4671 3655 4718 et

2098 4746 2289 4794 civilem
2329 4745 2605 4794 societatem
2641 4745 2932 4795 dissolvere?
2978 4748 3066 4795 Est
3102 4747 3266 4794 autem
3302 4748 3407 4794 tum
3438 4745 3651 4807 periculo

2096 4824 2317 4888 proxima
2337 4824 2406 4874 sic
2423 4824 2597 4874 assecta
2617 4824 2812 4886 civitas,
2840 4838 2994 4888 quum
3019 4823 3102 4886 qui
3122 4824 3291 4873 volunt
3310 4822 3357 4872 in
3381 4822 3661 4886 reipublicae

2094 4906 2275 4954 statum
2302 4901 2557 4964 invadere,
2579 4903 2613 4952 ii
2641 4903 2784 4952 etiam
2820 4906 3037 4966 possunt.
3076 4902 3197 4962 Sed,
3238 4901 3646 4964 quemadmodum

2097 4982 2280 5030 dictum
2301 4981 2400 5040 est,
2418 4982 2595 5029 natura
2613 4980 2708 5030 loci
2737 4993 2843 5030 eam
2862 4983 3027 5029 tuetur
3054 4983 3102 5029 et
3120 4983 3279 5030 servat
3302 4998 3312 5027 :
3334 4979 3502 5028 insulae
3522 4979 3653 5027 enim

2100 5058 2417 5120 longinquitas
2460 5058 2733 5120 peregrinos
2790 5057 2961 5106 melius
3005 5059 3139 5106 arcet
3203 5070 3350 5118 quam
3390 5056 3469 5105 lex
3520 5056 3649 5118 apud

2094 5136 2497 5186 Lacedaemonios.
2520 5139 2691 5199 Itaque
2715 5137 2905 5200 perioeci
2925 5137 3122 5186 manent
3137 5135 3187 5184 in
3210 5136 3367 5184 officio
3386 5135 3511 5197 apud
3530 5138 3647 5184 Cre·

2095 5217 2170 5263 tas
2189 5233 2202 5263 :
2219 5213 2413 5263 Helotes
2432 5225 2547 5262 vero
2564 5226 2894 5276 saepenumero
2911 5227 2940 5262 a
2961 5211 3337 5264 Lacedaemoniis
3368 5211 3641 5263 desciscunt
