4016 5916
1426 357 1779 419 vlTARUM
1824 360 2324 425 FRAGMENTA.

276 503 451 556 μενοι,
494 477 668 558 γυμνὰ
697 489 828 539 πᾶσι
856 483 947 551 τῆς
974 475 1172 560 ἡμέρας
1216 478 1283 538 τὰ
1330 478 1551 557 σώματα
1580 489 1828 560 παρεῖχον

275 572 500 645 θεωρεῖν·
534 567 623 626 καὶ
652 570 681 625 ὃ
724 567 1060 647 βουλόμενος,
1086 566 1321 647 καθάπερ
1346 569 1416 634 εἷς
1448 569 1619 647 ἀτυχῆ
1649 590 1829 647 παρα-

272 654 454 725 πηδῶν
511 653 726 731 ἇγέλην,
776 656 1006 713 ἐθοινᾶτο
1056 657 1167 721 ταῖς
1227 653 1524 729 ἐπιθυμίαις
1576 652 1671 725 τὴν
1729 659 1828 712 τῶν

273 739 641 821 ἁθροισθέντων
671 739 843 820 ὥραν,
864 741 1072 799 πάντων
1096 740 1189 818 μὲν
1218 741 1455 822 δρώντων
1473 785 1491 817 ,
1521 740 1752 819 μάλιστα
1774 743 1828 800 δὲ

272 819 343 887 ὦν
372 826 569 900 ἥκιστα
599 831 785 887 ἐκεῖνοι
813 828 1139 908 προσεδόκων
1163 832 1308 888 θεῶν.
1338 828 1497 889 Οὕτω
1533 828 1587 888 δὲ
1616 828 1675 888 τὸ
1715 831 1825 888 δαι-

274 914 448 992 μόνιον
477 915 864 994 ἠγανάκτησεν,
896 915 1031 975 ὥστε
1058 918 1397 996 Ταραντίνων
1426 915 1544 983 τοὺς
1582 917 1635 974 ἔν
1680 919 1827 997 Καρ-

273 1002 391 1084 ὅίνῃ
418 1003 894 1084 παρανομήσαντας
922 1002 1242 1083 ἐκεραύνωσε
1276 1003 1495 1070 πάντας.
1531 1003 1638 1064 Καὶ
1672 1003 1827 1084 μέχρι

273 1090 364 1149 καὶ
392 1096 481 1150 νῦν
509 1093 561 1149 ἕν
584 1090 817 1172 Τάραντι
840 1091 1037 1162 ἑκάστη
1062 1095 1165 1150 τῶν
1191 1093 1389 1166 οἰκιῶν,
1413 1090 1497 1158 οὓς
1519 1091 1828 1160 ὑπεδέξαντο

272 1179 377 1236 τῶν
404 1179 472 1245 εἰς
493 1178 761 1257 Ἰαπυγίαν
785 1179 1180 1258 ἐκπεμφθέντων
1196 1223 1212 1251 ,
1229 1178 1483 1248 τοσαύτας
1508 1173 1617 1259 ἔχει
1634 1179 1828 1250 στήλας

273 1264 375 1343 πρὸ
402 1269 502 1324 τῶν
532 1270 714 1345 θυρῶν·
737 1265 817 1342 ἐφ’
841 1258 920 1333 αἶς
943 1270 1062 1324 καθ’
1091 1267 1147 1324 δν
1188 1265 1456 1326 ἀπώλοντο
1492 1266 1675 1347 χρόνον
1720 1266 1827 1326 οὔτ’

274 1352 579 1422 οἰκτίζονται
600 1352 717 1420 τοὺς
742 1353 1118 1433 ἀποιχομένους
1132 1401 1148 1427 ,
1168 1352 1286 1413 οὔτε
1308 1351 1399 1420 τὰς
1418 1357 1663 1432 νομίμους
1684 1353 1829 1433 χέον-

273 1463 359 1498 ται
384 1438 512 1520 χοὰς
528 1486 545 1517 ,
577 1439 712 1500 ἀλλὰ
734 1440 911 1500 θύουσι
937 1441 1023 1502 Διὶ
1049 1441 1387 1523 Καταιόάτῃ.
1407 1468 1433 1493 ²·

1004 1593 1095 1633 10.

350 1701 508 1757 Idem
523 1703 655 1773 XII,
670 1721 727 1777 p.
748 1700 817 1768 54
833 1722 880 1774 1,
898 1704 939 1759 C
960 1722 972 1757 :
998 1702 1106 1761 Καὶ
1127 1700 1395 1781 Κλέαρχος
1410 1699 1462 1759 δὲ
1482 1703 1533 1759 ἐν
1550 1706 1622 1782 τῷ
1641 1703 1819 1784 τετάρ·

200 1803 207 1808 “
270 1810 348 1866 τῳ
367 1789 467 1844 τῶν
490 1786 627 1846 Βίων
650 1785 836 1869 γράφει
857 1787 1047 1855 οὕτως·
1066 1817 1087 1839 α
1112 1787 1372 1855 Διονύσιος
1396 1791 1442 1847 δ’
1467 1793 1495 1847 ὁ
1521 1790 1788 1849 Διονυσίου
1805 1836 1822 1868 ,

276 1873 485 1945 ἁπάσης
524 1874 792 1952 γενόμενος
824 1876 1067 1943 Σικελίας
1092 1876 1336 1958 ἀλάστωρ
1345 1923 1362 1951 ,
1391 1879 1461 1945 εἷς
1486 1876 1581 1948 τὴν
1609 1882 1823 1958 Λοκρῶν

268 1962 422 2021 πόλιν
449 1962 747 2041 παρελθὼν,
775 1953 933 2021 οὖσαν
963 1966 1104 2044 αὐτῷ
1132 1964 1450 2045 μητρόπολιν
1484 1965 1688 2045 (Δωρὶς
1724 1965 1822 2046 γὰρ

268 2053 303 2120 ἡ
334 2048 508 2132 μήτηρ
556 2052 709 2109 αὐτοῦ
754 2051 816 2108 τὸ
843 2050 983 2128 γε’νος
1011 2042 1074 2122 ἦν
1104 2052 1359 2132 Λοκρίς),
1403 2052 1638 2133 στρώσας
1686 2044 1821 2113 οἶκον

266 2139 374 2194 τῶν
414 2139 468 2194 ἐν
510 2141 575 2215 τῇ
614 2135 760 2195 πόλει
803 2136 890 2195 τὸν
921 2137 1163 2216 μέγιστον
1208 2138 1481 2219 ἑρπύλλοις
1509 2139 1601 2198 καὶ
1635 2139 1822 2220 ῥόδοις,

269 2224 634 2300 μετεπέμπετο
658 2223 752 2300 μὲν
775 2225 829 2281 ἐν
864 2223 1008 2304 μέρει
1037 2224 1129 2292 τὰς
1157 2230 1373 2304 Λοκρῶν
1401 2225 1703 2306 παρθένους·
1734 2229 1822 2284 καὶ

267 2309 462 2387 γυμνὸς
505 2308 637 2386 μετὰ
681 2315 888 2389 γυμνῶν
916 2312 1061 2370 οὐδὲν
1108 2311 1356 2391 αἰσχύνης
1395 2313 1699 2394 παρέλιπεν,
1736 2313 1822 2372 ἐπὶ

266 2401 359 2455 τοῦ
385 2396 691 2477 στρώματος
706 2398 1114 2476 κυλινδούμενος.
1135 2402 1186 2459 Τ
1188 2406 1425 2479 οιγαροῦν
1448 2403 1563 2476 μετ’
1585 2402 1641 2458 οὗ
1660 2399 1822 2458 πολὺν

265 2483 453 2563 χρόνον
485 2487 531 2543 οἱ
560 2484 880 2563 ὑὸρισθέντες
898 2530 912 2558 ,
938 2490 1158 2562 γυναῖκα
1197 2485 1286 2545 καὶ
1309 2486 1463 2544 τέκνα
1500 2486 1693 2544 ἐκείνου
1726 2488 1820 2544 λα-

267 2569 471 2646 θόντες,
497 2572 769 2651 ὑποχείρια
799 2573 885 2630 ἐπὶ
906 2577 996 2644 τῆς
1018 2575 1136 2632 ὁδοῦ
1171 2573 1453 2644 στήσαντες
1488 2573 1600 2651 μεθ’
1627 2572 1820 2654 ὕὸρεως

267 2657 698 2730 ἕνηκολάσταινον
727 2661 928 2727 αὐτοῖς·
963 2660 1053 2719 καὶ
1087 2659 1199 2719 ἐπεὶ
1225 2664 1317 2732 τῆς
1364 2659 1562 2742 ὕὸρεως
1609 2661 1822 2740 πλήρεις

266 2743 525 2824 Ξγίνοντο,
554 2752 846 2813 κεντοῦντες
876 2747 978 2806 ὑπὸ
1014 2746 1131 2815 τοὺς
1162 2752 1263 2806 τῶν
1289 2752 1477 2828 χειρῶν
1513 2752 1704 2828 ὄνυχας
1735 2753 1819 2827 βε·

266 2832 440 2900 λόναις
468 2835 668 2893 ἀνεῖλον
689 2834 891 2901 αὐτούς.
924 2823 1030 2893 Καὶ
1051 2836 1465 2908 τελευτησάντων
1491 2836 1558 2894 τὰ
1575 2837 1668 2914 μὲν
1690 2839 1819 2895 ὀστᾶ

264 2918 559 3004 κατέκοψαν
586 2923 638 2980 ἐν
661 2920 867 2998 ὅλμοις,
899 2921 966 2981 τὰ
994 2923 1047 2981 δὲ
1078 2921 1235 2983 λοιπὰ
1267 2920 1395 3004 κρέα
1434 2922 1784 3001 νεμησάμενοι
1804 2969 1819 2999 ,

266 3088 557 3153 cuicumque
580 3089 769 3140 libitum
797 3092 947 3152 esset,
970 3090 1013 3140 is
1039 3094 1267 3155 tanquam
1287 3091 1339 3141 in
1370 3090 1599 3142 miserum
1628 3103 1818 3154 gregem

265 3166 478 3219 insiliens
497 3202 513 3229 ‚
547 3172 939 3233 congregatarum
975 3168 1094 3219 tiore
1127 3182 1238 3219 suas
1263 3169 1550 3233 cupiditates
1579 3169 1816 3232 expleret,

267 3247 597 3310 spectantibus
639 3249 887 3311 omnibus,
930 3249 1142 3299 maxime
1174 3261 1318 3313 vero,
1352 3258 1475 3312 quos
1515 3249 1584 3299 illi
1620 3248 1819 3297 minime

265 3324 571 3387 cogitabant,
599 3325 703 3376 diis.
734 3328 844 3383 Quo
881 3326 1056 3390 flagitio
1090 3327 1156 3376 ita
1187 3326 1483 3387 indignatum
1514 3332 1587 3376 est
1621 3326 1699 3375 dei
1724 3339 1817 3374 nu-

265 3415 380 3453 men
398 3438 414 3465 ,
446 3405 500 3451 ut
512 3440 528 3466 ,
547 3405 788 3467 quotquot
806 3418 868 3453 ex
889 3404 1155 3454 Tarentinis
1176 3403 1297 3453 illud
1316 3405 1475 3455 scelus
1495 3404 1814 3465 admiserant,

264 3491 350 3529 eos
382 3492 549 3530 omnes
579 3480 779 3530 fulmine
808 3492 1059 3543 percussos
1091 3479 1290 3531 deleret.
1319 3484 1381 3530 Et
1414 3480 1476 3530 ad
1511 3480 1643 3529 hunc
1664 3493 1817 3542 usque

274 3554 407 3606 dian
441 3560 635 3608 Tarenti
667 3570 968 3621 unaquaque
1001 3557 1203 3617 domus,
1245 3562 1365 3620 quot
1392 3557 1473 3606 illa
1495 3557 1611 3607 olim
1629 3559 1819 3619 ceperat

265 3648 330 3685 ex
350 3635 425 3687 bis
444 3638 529 3700 qui
562 3638 611 3686 in
634 3637 873 3700 iapygiam
907 3636 1037 3687 missi
1067 3638 1231 3699 erant,
1256 3639 1330 3685 tot
1359 3636 1522 3699 cippos
1555 3634 1699 3685 habet
1730 3647 1817 3697 pro

268 3712 477 3777 fotmus,
497 3714 559 3764 ad
585 3728 707 3778 quos
723 3714 887 3778 cippos
900 3752 915 3777 ,
937 3714 1163 3765 redeunte
1180 3714 1331 3764 eodie
1351 3728 1449 3777 quo
1470 3714 1539 3764 illi
1554 3713 1814 3776 perierunt,

263 3804 423 3856 neque
437 3795 758 3844 lamentantur
778 3796 1020 3856 mortuos,
1037 3807 1195 3857 neque
1212 3792 1451 3844 consuetis
1466 3792 1646 3843 inferiis
1661 3792 1814 3843 hono·

263 3875 373 3922 rant
387 3909 402 3933 ‚
424 3871 507 3921 sed
525 3873 635 3923 Jovi
652 3871 967 3923 Fulmiriatori
992 3885 1126 3923 sacra
1145 3871 1339 3923 radunt.
1366 3892 1391 3917 ν

996 4001 1081 4053 10.

327 4111 584 4161 Clearchus
608 4115 783 4174 quarto
807 4112 928 4164 libro
951 4114 1169 4164 vitarum
1185 4116 1251 4164 ita
1268 4115 1432 4165 scribit
1454 4129 1466 4162 ε
1488 4134 1511 4157 α
1534 4115 1813 4177 DionysiuS,

264 4187 479 4252 Dionysii
498 4191 625 4240 filius
637 4226 653 4251 ,
671 4191 906 4241 unirersae
926 4193 1098 4243 siciliae
1124 4193 1413 4244 exsecranda
1431 4194 1577 4256 pestis
1591 4229 1607 4255 ,
1634 4197 1814 4244 Locro-

262 4278 374 4315 rum
409 4266 461 4315 in
499 4266 668 4317 urbem
706 4282 856 4329 quum
903 4270 1135 4331 venisset,
1176 4284 1288 4334 quoe
1324 4270 1367 4320 ei
1404 4270 1679 4334 metropolis
1711 4273 1815 4321 erat

263 4346 432 4408 (Doris
449 4347 577 4396 enim
595 4384 611 4410 ,
643 4350 797 4398 mater
825 4349 995 4413 ipsius,
1014 4363 1185 4413 genere
1207 4351 1359 4400 suerat
1391 4349 1697 4413 Locrensis),
1726 4349 1814 4401 do-

260 4423 466 4473 mumin
488 4424 611 4474 urbe
632 4426 974 4488 amplissimam
1001 4426 1192 4489 serpillo
1214 4429 1263 4476 et
1286 4426 1405 4476 rosis
1419 4426 1744 4489 sternijussit,
1764 4428 1814 4476 in

261 4512 409 4564 quam
439 4513 525 4563 per
555 4502 687 4551 vices
715 4502 959 4553 arcessivit
986 4504 1293 4554 Locrensium
1323 4503 1527 4566 virgines
1553 4507 1634 4555 :et
1658 4504 1815 4555 nudus

260 4588 376 4626 cum
395 4577 536 4626 nudis
554 4591 696 4640 super
716 4579 868 4627 strato
887 4579 968 4628 illo
1004 4594 1108 4629 sese
1130 4580 1335 4630 volvens
1351 4617 1366 4641 ,
1387 4580 1504 4629 nihil
1527 4580 1588 4630 ad
1614 4582 1813 4643 turpitu-

259 4656 424 4706 dinem
447 4655 777 4719 flagitiumque
803 4656 973 4719 reliqui
993 4658 1122 4709 fecit.
1151 4660 1319 4721 ltaque
1350 4658 1476 4709 haud
1496 4658 1650 4709 multo
1672 4663 1812 4724 post,

258 4730 440 4793 quiilla
456 4731 750 4781 contumelia
769 4732 929 4782 affecti
946 4737 1112 4798 erant,
1146 4740 1398 4800 postquam
1424 4751 1623 4788 uxorem
1646 4738 1748 4800 eius
1765 4743 1814 4789 et

258 4811 435 4863 liberos
452 4812 499 4859 in
519 4812 802 4874 potestatem
830 4817 1141 4878 acceperunt,
1162 4814 1210 4864 in
1237 4816 1315 4866 xia
1342 4816 1534 4878 publica
1556 4819 1813 4878 prostitue·

258 4889 378 4938 runt
390 4924 405 4948 ,
426 4887 557 4937 omni
582 4887 887 4939 contumelioe
909 4888 1213 4953 lasciviaeque
1231 4904 1403 4955 genere
1418 4891 1467 4941 in
1488 4905 1572 4942 eos
1590 4895 1777 4943 utentes
1798 4913 1810 4943 ε

257 4968 367 5016 tum
380 5001 396 5026 ,
425 4965 614 5027 expleta
632 4965 852 5028 libidine,
869 4966 1055 5016 subulis
1070 4969 1161 5018 sub
1175 4981 1405 5018 manuum
1424 4969 1666 5033 unguibus
1677 4984 1812 5020 com·

256 5045 467 5107 punctos
497 5043 861 5096 iuteremerunt.
898 5044 1194 5096 Mortuorum
1229 5058 1337 5097 ossa
1366 5047 1415 5097 in
1437 5048 1679 5099 mortariis
1699 5060 1814 5098 con·

257 5120 520 5182 tudemnt3
539 5122 775 5185 reliquam
793 5135 909 5173 vero
928 5135 1119 5173 carnem
1133 5124 1484 5189 distribuentes,
1499 5125 1625 5176 diras
1644 5126 1812 5189 impre-

3361 387 3471 441 307

1922 485 2253 565 ἐπηράσαντο
2298 489 2487 558 πάντες
2523 492 2628 559 τοῖς
2669 489 2744 568 μὴ
2773 493 3108 571 γευσαμένοις
3135 499 3324 557 αὐτῶν·
3361 500 3472 562 ὅθεν

1920 573 2047 652 πρὸς
2070 572 2164 644 τὴν
2195 575 2395 636 ἀνόσιον
2421 577 2552 657 ἀρὰν
2584 579 2879 650 κατήλεσαν
2919 584 3088 640 αὐτῶν
3127 583 3217 651 τὰς
3252 587 3472 667 σάρκας,

1919 656 1984 716 ἵν’
2012 663 2045 731 ἡ
2068 661 2231 743 τροφὴ
2261 664 2693 742 σιτοποιουμένων
2718 670 3030 748 κατεδεσθῇ·
3064 670 3131 729 τὰ
3164 670 3219 731 δὲ
3253 675 3472 757 λείψανα

1919 746 2342 811 κατεπόντωσαν.
2373 751 2538 820 Αὐτὸς
2564 754 2617 812 δὲ
2642 752 2907 820 Διονύσιος
2929 757 3073 824 τέλος
3095 767 3471 841 μητραγυρτῶν

1919 833 2010 892 καὶ
2037 835 2584 950 τυμπανοφορούμενος
2605 842 2818 921 οἰκτρῶς
2845 841 2931 900 τὸν
2959 843 3069 922 βίον
3100 848 3468 930 κατέστρεψεν.

1921 923 2259 996 Εὗλαὸητίον
2305 949 2391 985 ουν
2436 927 2527 1000 τὴν
2568 929 2895 1007 καλουμένην
2929 933 3142 1015 τρυφὴν,
3172 926 3329 995 οὖσαν
3369 941 3470 997 τῶν

1920 1011 2047 1089 βίων
2082 1013 2399 1092 ἀνατροπὴν,
2445 1014 2686 1074 ἁπάντων
2733 1040 2788 1075 τε
2835 1017 3061 1099 ὀλέθριον
3107 1025 3346 1100 ἡγεῖσθαι
3378 1023 3470 1094 τὴν

1919 1097 2085 1180 ὕὸριν.
2104 1127 2127 1150 ι·
2149 1102 2232 1160 Cf.
2255 1105 2457 1160 Strabo
2474 1107 2578 1181 VI,
2597 1125 2656 1180 p.
2685 1107 2830 1182 2593
2857 1109 3063 1169 AElian.
3089 1115 3152 1167 V.
3179 1115 3248 1170 H.
3271 1115 3386 1183 lx,
3412 1114 3467 1170 8.

2361 1260 2407 1318 Ε
2452 1260 2673 1320 LIBRO
2717 1263 3023 1336 QUINTO.

2653 1414 2743 1453 11.

1996 1519 2156 1576 Idem
2175 1523 2287 1579 XII
2301 1566 2316 1592 ,
2335 1543 2391 1599 p.
2411 1523 2442 1580 5
2459 1545 2482 1580 ι
2497 1525 2531 1581 8
2545 1567 2563 1596 ,
2585 1527 2659 1582 C:
2683 1525 2964 1598 Διαῦόητοι
2985 1527 3041 1585 δέ
3062 1530 3187 1586 εἰσιν
3205 1529 3288 1587 ἐπὶ
3303 1538 3467 1617 τρυφῇ

1915 1605 2006 1664 καὶ
2048 1610 2102 1665 αἱ
2143 1611 2244 1666 τῶν
2287 1611 2519 1669 Σικελῶν
2556 1612 2845 1691 τράπεζαι,
2882 1613 3060 1683 οἵτινες
3090 1615 3180 1674 καὶ
3222 1615 3316 1689 τὴν
3344 1622 3468 1699 παρ’

1915 1698 2086 1760 αὑτοῖς
2131 1695 2393 1755 θάλατταν
2437 1695 2673 1775 λέγουσιν
2721 1692 2852 1758 εἶναι
2891 1703 3157 1778 γλυκεῖαν,
3203 1705 3468 1783 χαίροντες

1914 1785 2020 1847 τοῖς
2041 1781 2093 1850 ἐξ
2125 1785 2283 1854 αὐτῆς
2309 1784 2591 1862 γινομένοις
2618 1786 2911 1866 ἐδέσμασιν,
2937 1788 3005 1856 ὥς
3041 1813 3169 1872 φησι
3197 1793 3468 1875 Κλέαρχος

1915 1871 1967 1928 ἔν
1991 1861 2224 1951 πέμπτιᾷ
2242 1870 2400 1935 Βίων.

2643 1999 2733 2037 12.

1988 2119 2148 2174 Idem
2180 2120 2256 2193 X,
2278 2139 2336 2194 p.
2362 2120 2471 2185 416
2489 2162 2506 2191 ,
2528 2123 2605 2177 B:
2631 2118 2904 2200 Κλέαρχος
2933 2121 2976 2179 δ’
3002 2123 3053 2181 ἐν
3073 2122 3296 2204 πέμπτῳ
3326 2125 3461 2185 Βίων

1913 2202 2205 2284 Καντιὸοίρι
2244 2205 2368 2285 φησὶ
2399 2210 2473 2288 τῷ
2509 2206 2719 2286 Πέρσῃ,
2753 2208 2907 2267 ὁπότε
2939 2212 3205 2269 κοπιάσειε
3228 2212 3319 2279 τὰς
3348 2235 3461 2271 σια-

1907 2290 2062 2368 γόνας
2105 2291 2305 2366 ἐσθίων,
2343 2292 2585 2373 κεχηνότι
2632 2295 2870 2376 καθάπερ
2900 2299 2969 2364 εἰς
3011 2296 3213 2378 ἄψυχον
3257 2302 3460 2376 ἀγγεῖον

1907 2379 2190 2436 εἰσαντλεῖν
2215 2375 2310 2450 τὴν
2330 2378 2524 2461 τροφὴν
2553 2380 2670 2446 τοὺς
2691 2381 2926 2450 οἰκείους.
2953 2387 3293 2444 Cantibarim
3323 2392 3460 2445 Per-

1906 2485 2023 2523 sam
2045 2479 2319 2524 memorat
2347 2471 2514 2525 etiam
2542 2469 2741 2527 AElian.
2769 2474 2830 2529 V.
2862 2474 2937 2531 H.
2967 2475 3027 2546 1,
3056 2493 3152 2546 27.

2638 2631 2658 2667 1
2673 2611 2727 2669 3.

1984 2747 2145 2804 Idem
2162 2749 2300 2818 XII,
2315 2767 2374 2823 p.
2398 2745 2527 2820 530,
2548 2751 2590 2806 C
2613 2768 2627 2807 :
2654 2747 2922 2828 Κλέαρχος
2943 2750 2989 2808 δ’
3008 2753 3060 2809 ἐν
3082 2750 3305 2831 πέμπτῳ
3325 2752 3457 2810 Βίων

1909 2832 2144 2912 Σάγαρίν
2173 2855 2297 2912 φησι
2325 2831 2412 2892 τὸν
2440 2833 2800 2913 Μαριανδυνὸν
2835 2837 2938 2893 ὑπὸ
2979 2842 3173 2918 τρυφῆς
3210 2844 3458 2897 σιτεῖσθαι

1910 2919 2004 2999 μὲν
2030 2920 2185 3001 μέχρι
2208 2919 2379 3002 γήρως
2401 2922 2460 2980 ἐκ
2484 2926 2578 2981 τοῦ
2613 2925 2705 2994 τῆς
2733 2926 2907 2992 τιτθῆς
2951 2923 3241 3003 στόματος,
3269 2923 3355 2985 ἵνα
3387 2924 3458 3004 μὴ

1908 3088 2004 3137 cati
2024 3091 2137 3138 sunt
2155 3087 2229 3138 his
2246 3088 2444 3151 quinon
2466 3091 2743 3151 gustarent3
2767 3103 2936 3153 quare,
2956 3104 3041 3154 pro
3062 3093 3262 3143 scelesta
3285 3094 3458 3156 impre-

1905 3166 2122 3226 catione,
2148 3177 2315 3215 cer-nes
2343 3165 2537 3215 illorum
2574 3166 2623 3214 in
2655 3166 2863 3228 pistrinis
2883 3169 3302 3232 comminuerunt,
3334 3176 3388 3220 ut
3411 3174 3459 3221 in

1905 3242 2014 3293 cibo
2038 3242 2403 3292 comederentur
2446 3242 2508 3291 ab
2529 3242 2619 3292 ’his
2648 3244 2731 3313 qui
2768 3256 2940 3305 panem
2976 3246 3265 3296 conticerent
3305 3267 3317 3297 ε
3357 3250 3458 3298 reli-

1903 3319 2042 3381 quius
2070 3332 2187 3368 vero
2221 3319 2271 3367 in
2303 3331 2438 3369 mare
2468 3321 2778 3381 projecerant.
2820 3323 2925 3383 lpse
2957 3335 3072 3371 vero
3106 3323 3360 3385 Dionysius
3398 3325 3456 3374 ad

1902 3398 2175 3446 extremum
2208 3396 2381 3457 stipem
2406 3395 2546 3445 Matri
2577 3397 2732 3445 Deum
2750 3396 3055 3447 emendicans
3081 3399 3458 3463 tympanumque

1902 3476 2122 3539 pulsans,
2142 3475 2313 3527 misere
2332 3477 2478 3526 vitam
2501 3476 2671 3526 finivit.
2693 3477 2935 3539 Fugienda
2959 3479 3102 3541 igitur
3120 3480 3329 3542 luxuria,
3348 3495 3456 3544 quae

1903 3556 2034 3604 recto
2068 3554 2214 3617 τρυφὴ
2249 3566 2278 3602 a
2307 3552 2610 3615 sranyendo
2645 3554 2887 3603 nominata
2925 3557 3024 3617 est,
3065 3560 3118 3605 ut
3159 3570 3269 3620 quae
3309 3558 3455 3607 vitam

1900 3645 2096 3683 omnem
2137 3633 2346 3692 evertat,
2374 3644 2750 3695 persuasumque
2793 3632 3053 3683 habeamus
3075 3670 3090 3693 ,
3119 3636 3291 3697 quovis
3314 3637 3457 3687 modo

1901 3708 2152 3760 exitiosam
2170 3720 2271 3759 ease
2287 3707 2626 3757 contumeliam
2641 3711 2786 3770 atque
2803 3707 3042 3769 injuriam.
3063 3731 3087 3755 υ

2347 3860 2394 3917 Ε
2436 3858 2663 3918 LIBRO
2707 3860 3018 3933 QUINTO.

2634 3996 2649 4040 Ι
2670 3995 2713 4044 Ι.

1965 4110 2256 4159 Deliciarum
2287 4114 2337 4161 et
2371 4113 2578 4161 luxuriae
2610 4113 2804 4162 nomine
2841 4113 3094 4164 celebratae
3126 4128 3318 4178 quoque
3343 4120 3454 4165 sunt

1904 4199 2083 4237 mensae
2101 4186 2394 4249 Siculorum;
2416 4191 2499 4251 qui
2518 4190 2662 4239 etiam
2695 4204 2854 4250 mare,
2886 4190 3015 4252 quod
3037 4191 3230 4240 illorum
3250 4192 3450 4241 insulam

1901 4263 2065 4328 alluit,
2082 4263 2225 4314 dulce
2247 4278 2351 4315 esse
2372 4265 2617 4326 dictitant,
2631 4266 2890 4329 gaudentes
2914 4266 3096 4316 scilicet
3114 4268 3230 4316 cibis
3250 4280 3372 4329 quos
3396 4269 3454 4318 il·

1904 4341 1987 4391 lud
2016 4341 2314 4407 suppeditat,
2350 4346 2404 4395 ut
2420 4344 2487 4394 ait
2504 4345 2791 4406 Clearchus,
2811 4345 2981 4407 quinto
3002 4345 3124 4395 libro
3148 4345 3386 4395 vitarum.

2641 4465 2729 4514 12.

1965 4578 2226 4629 Clearchus
2236 4615 2251 4640 ,
2285 4580 2454 4642 quinto
2486 4580 2608 4631 libro
2645 4581 2893 4643 vitarum,
2923 4582 3113 4644 scribit,
3150 4584 3444 4634 Cantibaridi

1904 4661 2080 4719 Persae,
2098 4657 2286 4721 quoties
2303 4659 2574 4710 mandendo
2588 4660 2854 4724 defatigatae
2873 4663 3029 4711 essent
3051 4662 3281 4723 maxillae,
3303 4663 3452 4713 hianti

1901 4736 2188 4786 domesticos
2209 4736 2371 4786 cibum
2394 4737 2442 4785 in
2464 4750 2519 4787 os
2542 4739 2753 4801 ingerere
2783 4738 2978 4799 solitos,
3017 4742 3247 4802 tanquam
3285 4739 3334 4789 in
3370 4755 3455 4791 vas

1901 4812 2143 4877 quoddam
2165 4814 2319 4863 inane.

2643 4927 2728 4976 13.

1964 5051 2226 5101 Clearchus
2241 5088 2257 5115 ,
2281 5052 2449 5114 quinto
2470 5050 2592 5102 libro
2607 5051 2828 5102 vitarum
2846 5087 2861 5113 ,
2884 5051 3078 5114 Sagarin
3097 5052 3166 5101 ait
3183 5054 3397 5103 Mariand
3403 5069 3452 5116 ς-

1902 5140 2022 5177 num
2043 5141 2143 5191 prae
2176 5128 2376 5180 mollitie
2416 5142 2570 5192 usque
2590 5127 2652 5179 ad
2687 5131 2980 5180 senectutem
3007 5128 3172 5179 cibum
3206 5142 3235 5180 e
3255 5130 3454 5181 nutricis

3219 5220 3290 5258 ιο.
