4016 5916
315 2854 324 2864 ,
424 2796 521 2867 λὴν
551 2804 643 2875 τῆς
668 2804 847 2873 τιμῆς,
872 2801 986 2858 ἀλλ’
1016 2798 1157 2875 ὅμως
1186 2800 1270 2859 ἐπὶ
1295 2810 1398 2867 τοῖς
1423 2803 1741 2873 πεντήκοντα
1779 2803 1975 2861 ταλάν-

449 415 551 465 172
1505 408 1992 473 ARISTOTELIS
2047 417 2531 480 FRAGMENTA.

438 541 608 593 θενται
634 532 794 605 αὐτοὶ,
814 534 847 605 ἢ
870 535 1342 603 κατασκευάζουσιν
1366 536 1560 618 ἕτερον,
1580 536 1759 619 ὥσπερ
1784 539 1978 601 Ἱππα-

441 624 570 702 ρῖνος
588 622 854 681 Διονύσιον
883 625 933 680 ἐν
964 623 1346 701 Συρακούσαις.

515 716 580 782 V,
608 717 665 785 4,
693 711 782 767 G:
827 708 1091 777 Διονύσιος
1126 715 1429 790 κατηγορῶν
1472 712 1738 791 Δαφναίου
1766 715 1856 775 καὶ
1885 721 1984 776 τῶν

437 795 692 854 πλουσίων
706 795 897 867 ἠξιώθη
917 801 1008 867 τῆς
1023 797 1332 877 τυραννίδος,
1351 797 1434 854 διὰ
1452 800 1543 869 τὴν
1566 800 1753 881 ἔχθραν
1775 827 1982 862 πιστευ-

434 883 534 950 θεις
564 887 632 949 ὡς
656 881 994 959 δημοτικὸς”
957 908 1047 942 ων.

512 975 732 1044 III,10,
763 992 880 1029 10:
909 972 1002 1031 Δεῖ
1018 971 1119 1049 γὰρ
1152 970 1305 1030 αὐτὸν
1333 972 1426 1048 μὲν
1470 975 1579 1049 (sc.
1605 973 1692 1033 τὸν
1722 977 1980 1052 μέλλοντα

436 1058 809 1137 βασιλεύειν)”
780 1083 916 1139 εχειν
943 1060 1119 1139 ἷσχυν,
1144 1084 1274 1118 ειναι
1314 1062 1368 1119 δὲ
1394 1063 1649 1133 τοσαύτην
1678 1063 1772 1135 τὴν
1798 1065 1979 1144 ἱο-χυν,

430 1147 566 1205 ὥστε
603 1146 821 1206 ἑκάστου
852 1146 947 1223 μὲν
977 1148 1066 1205 καὶ
1097 1147 1204 1213 ἓνος
1235 1147 1325 1206 καὶ
1348 1149 1705 1225 συμπλειόνων
1734 1153 1980 1230 κρείττω,

433 1239 522 1291 τοῦ
547 1232 601 1291 δὲ
626 1234 851 1305 πλήθους
872 1234 1028 1307 ἥττω,
1055 1234 1293 1315 καθάπερ
1321 1234 1373 1293 οἵ
1396 1238 1441 1292 τ’
1467 1238 1677 1316 ἀρχαῖοι
1699 1237 1792 1305 τὰς
1819 1241 1983 1319 φύλα-

431 1344 526 1386 κας
554 1321 807 1394 ἐδίδοσαν,
833 1320 914 1379 ὅτε
950 1322 1250 1381 καθισταῖέν
1286 1347 1403 1381 τινα
1426 1328 1522 1396 τῆς
1548 1323 1746 1392 πόλεως
1774 1326 1827 1384 ὃν
1852 1327 1982 1385 ἐκά-

430 1409 550 1465 λουν
581 1409 902 1484 αἰσυμνήτην
925 1407 959 1479 ἢ
981 1408 1243 1488 τύραννον,
1260 1410 1361 1467 και·
1372 1411 1626 1492 Διονυσιῳ
1649 1436 1742 1487 τις,
1766 1413 1842 1470 ὅτ
1866 1414 1978 1493 ᾔτει

431 1493 551 1560 τοὺς
574 1493 809 1572 φύλακας
829 1542 844 1568 ,
870 1495 1205 1555 συνεὸούλευε
1230 1504 1335 1564 τοῖς
1365 1498 1736 1578 Συρακουσίοις
1780 1501 1975 1559 διδόναι

428 1580 701 1649 τοσούτους
729 1582 844 1649 τοὺς
879 1582 1130 1662 φύλακας.

2074 546 2249 622 μέντοι
2277 553 2327 626 γ’
2357 549 2434 609 ἔτι
2467 550 2636 626 με’νειν
2672 556 2788 611 ἔν’*
2755 557 3139 636 ...υρακούσαις,
3165 563 3234 627 ὡς
3261 562 3448 642 πόρους
3490 566 3631 648 ευρί-

2074 658 2262 695 σκοντα
2284 647 2387 706 τοῖς
2411 641 2568 698 αὐτου
2591 642 2892 721 πράγμασιν
2920 649 3265 728 ἀσυμφόρους.
3286 650 3308 730 ]

2777 752 2909 809 223.

2149 852 2514 909 AthenaeusX
2518 873 2606 928 ,.p
2622 854 2756 925 435,
2773 859 2851 912 E:
2877 856 3295 936 Ἄριστοτέληςδ
3310 864 3439 942 ἐντῇ
3461 868 3628 946 Συρα-

2071 934 2291 993 κουσίων
2319 940 2420 996 πο)
2425 939 2582 1019 ιτεια,
2609 941 2698 998 καὶ
2733 948 2961 1022 συνεχῶς
2988 945 3144 1026 φησὶν
3173 948 3325 1007 αὐτὸν
3354 952 3374 1027 (
3390 973 3469 1011 sc.
3503 959 3623 1012 Διο-

2070 1020 2240 1081 νύσιον
2285 1023 2371 1083 τὸν
2403 1025 2685 1106 νεώτερον)
2728 1029 2832 1090 ἔσθ’
2862 1031 2947 1089 ὅτε
2977 1034 3062 1091 ἐπὶ
3099 1034 3296 1116 ἡμέρας
3322 1039 3627 1111 ἐνενήκοντα

2074 1109 2308 1181 μεθύειν·
2351 1112 2428 1171 διὸ
2468 1113 2559 1172 καὶ
2605 1115 3042 1200 ἀμὸλυωπότερον
3084 1121 3323 1199 γενέσθαι
3349 1125 3440 1193 τὰς
3466 1127 3624 1208 ὄψεις.

2071 1200 2153 1256 Cf.
2186 1203 2468 1261 Plutarch.
2517 1206 2685 1261 Dion.
2718 1225 2766 1262 c.
2813 1228 2865 1278 7.

2147 1290 2377 1346 Aristot.
2403 1291 2522 1345 Pol.
2550 1295 2615 1361 V,
2637 1292 2696 1368 8,
2726 1300 2843 1359 14·
2879 1294 2985 1355 Καὶ
3028 1298 3283 1377 Διονυσίῳ
3313 1303 3384 1358 τῶ
3423 1302 3634 1385 ὑστέρῳ

2070 1371 2206 1431 Δίων
2232 1373 2442 1432 ἐπέθετο
2472 1375 2556 1433 διὰ
2580 1400 2639 1435 τυ
2662 1401 3025 1461 καταφρονειν,
3050 1388 3181 1463 δρῶν
3202 1386 3318 1450 τούς
3336 1412 3392 1446 τε
3412 1390 3626 1459 πολίτας

2069 1460 2227 1526 οὕτως
2254 1460 2467 1540 ἔχοντας
2503 1486 2593 1521 και
2626 1465 2779 1525 αὐτὸν
2818 1468 2920 1528 αἰεὶ
2963 1474 3238 1547 μεθύοντα.
3282 1478 3366 1534 Cf.
3417 1479 3622 1539 AElian.

2067 1552 2169 1619 VI,
2211 1553 2541 1627 123Justin.
2576 1556 2757 1631 XXI,
2793 1576 2847 1616 2.

509 1675 576 1740 V,
618 1692 688 1745 9,
733 1669 763 1725 5
797 1690 810 1729 ;
852 1673 942 1728 Ad
971 1692 1067 1743 ea,
1104 1675 1310 1747 quibus
1347 1676 1701 1749 tyrannidem
1755 1688 1982 1733 tuentur
2746 1661 2933 1740 [ΜΨ]

428 1762 682 1832 tyranni,
710 1761 955 1833 pertinet
985 1762 1151 1816 etiam
1200 1763 1233 1831 ἡ
1268 1760 1480 1842 εἰσφορὰ
1517 1765 1619 1819 τῶν
1643 1762 1832 1838 τελῶν,
1870 1756 1975 1823 οἷον
2148 1751 2418 1838 [Alistot.
2444 1762 2570 1824 1³01.
2592 1771 2659 1837 V,
2685 1766 2738 1838 8,
2763 1789 2872 1840 17:
2901 1767 3127 1837 Ἐκεῖνος
3146 1769 3244 1852 γὰρ
3272 1772 3371 1853 (sc.
3401 1774 3617 1856 δΔίων)

428 1846 483 1900 ἐν
514 1844 897 1921 Συρακούσαις·
944 1847 998 1903 ἐν
1040 1845 1192 1903 πέντε
1238 1845 1339 1927 γὰρ
1368 1847 1534 1905 ἔτεσιν
1584 1848 1669 1906 ἐπὶ
1709 1850 1975 1910 Διονυσίου
2070 1851 2184 1922 μετ’
2217 1849 2404 1927 ὀλίγων
2453 1850 2790 1931 ἐστράτευσεν
2833 1855 2921 1914 ἐπὶ
2964 1858 3248 1933 Διονύσιον,
3286 1885 3446 1930 ουτως
3473 1863 3613 1945 ἔχειν

427 1930 521 2002 τὴν
541 1931 714 1990 οὐσίαν
741 1931 951 1990 ἅπασαν
976 1933 1353 2013 εἰσενηνοχέναι
1381 1934 1693 1994 συνέὸαινεν.
1717 1941 1982 1996 Similiter
2070 1934 2301 2015 φάσκων,
2341 1940 2443 2011 ὡς,
2476 1937 2768 2021 ὅπουπερ
2743 1965 2802 1999 αν
2851 1938 3063 2016 δύνηται
3110 1950 3390 2031 προελθεῖν,
3437 1951 3615 2010 ἱκανὸν

425 2020 689 2093 Cypselus
712 2040 801 2093 ap.
832 2022 1064 2079 Aristot.
1091 2024 1308 2080 OEcon.
1334 2026 1418 2093 11,
1448 2043 1497 2079 c.
1534 2044 1590 2084 2.
2072 2025 2211 2103 αὐτῷ
2241 2030 2483 2084 τοσοῦτον
2504 2038 2799 2138 μετασχεῖν
2832 2035 2925 2102 τῆς
2953 2031 3210 2113 πράξεως,
3235 2026 3340 2093 οἷον
3363 2039 3406 2095 εἰ
3432 2038 3614 2120 μικρὸν

508 2109 554 2175 1,
581 2125 636 2177 2,
663 2126 694 2162 2
721 2126 735 2163 :
761 2105 1064 2185 Ἐπιστήμη
1083 2109 1127 2165 δ’
1154 2106 1214 2166 ἂν
1240 2107 1321 2179 εἴη
1342 2108 1431 2166 καὶ
1457 2109 1733 2182 δεσποτικὴ
1760 2110 1847 2169 καὶ
1869 2112 1977 2169 δου-

426 2191 574 2263 λική·
605 2192 816 2264 δουλικὴ
859 2192 978 2271 μὲν,
1010 2193 1122 2252 οἵαν
1156 2219 1254 2276 περ
1283 2198 1311 2254 ὁ
1341 2198 1392 2254 ἓν
1425 2196 1785 2277 Συρακούσαις
1824 2199 1980 2257 ἐπαί-

430 2280 592 2337 δευεν·
629 2283 737 2339 ἐκεῖ
758 2279 858 2360 γὰρ
894 2280 1183 2358 >.0q.s.Goivmv
1219 2305 1294 2349 τις
1329 2283 1509 2360 μισθὸν
1536 2283 1774 2342 ἐδίδασκε
1803 2284 1868 2342 τὰ
1892 2287 1980 2363 ἐγ·

427 2363 614 2423 κύκλια
640 2366 997 2442 διακονήματα
1022 2391 1136 2434 τους
1160 2370 1371 2434 παῖδας.

508 2458 558 2527 I,
588 2462 648 2527 4,
685 2475 776 2527 7·
824 2452 914 2513 Ἐν
959 2455 1178 2514 Σικελία
1221 2455 1277 2512 δέ
1301 2480 1379 2522 τις
1405 2457 1631 2523 τεθέντος
1672 2457 1797 2537 παρ’
1834 2458 1976 2515 αὗτω

428 2539 745 2616 νομίσματος
777 2536 1088 2619 συνεπρίατο
1116 2542 1290 2599 πάντα
1320 2565 1405 2600 τον
1433 2545 1640 2622 σίδηρον
1672 2546 1731 2601 ἐκ
1759 2548 1864 2602 τῶν
1895 2567 1975 2601 σι-

430 2628 663 2704 δηρείων,
702 2626 836 2703 μετα
864 2627 1103 2685 δὲταῦτα
1132 2632 1201 2693 ὡς
1232 2628 1473 2709 ἀφίκοντο
1502 2633 1560 2687 ἐκ
1590 2633 1690 2687 τῶν
1716 2630 1975 2710 ἐμπορίων

423 2712 530 2769 οἱ
500 2734 719 2795 εμποροι
734 2760 751 2786 ,
775 2713 964 2772 ἐπώλει
988 2714 1169 2789 μόνος,
1199 2717 1255 2773 06
1281 2714 1477 2786 πολλὴν
1512 2716 1733 2787 ποιήσας
1761 2716 1972 2796 υπερὸο·

2069 2108 2324 2168 §medie-ea
2352 2117 2443 2184 τ’ἥς
2470 2116 2564 2189 γῆς
2606 2113 2751 2182 εὐθυς
2786 2116 3022 2193 συμδαίη
3068 2122 3400 2198 τελευτῆσαι,
3439 2150 3616 2186 τουτον

2067 2198 2297 2264 καλῶς’
2269 2222 2404 2277 εχειν
2440 2203 2582 2282 αὐτῷ
2609 2225 2695 2261 τον
2724 2202 2961 2268 θάνατον.
3006 2212 3094 2268 De
3129 2215 3313 2270 Dione
3355 2215 3428 2270 cf.
3455 2220 3528 2287 V,
3560 2218 3614 2288 8,

2076 2305 2144 2360 19
2178 2286 2286 2361 (fr.
2316 2289 2490 2365 221).

2147 2376 2212 2445 V,
2246 2393 2313 2445 2,
2355 2396 2415 2431 11
2452 2396 2466 2432 :
2514 2376 2862 2455 Συρακούσιοι
2908 2381 3040 2457 μετὰ
3085 2382 3150 2440 τὰ
3188 2388 3465 2465 τυραννικὰ
3503 2389 3618 2457 τους

2070 2453 2237 2524 ξένους
2260 2459 2349 2517 καὶ
2371 2484 2487 2528 τους
2509 2463 2846 2541 μισθοφόρους
2864 2467 3077 2537 πολίτας
3095 2475 3442 2550 ποιησάμενοι
3464 2479 3618 2536 ἔστα·

2069 2543 2255 2603 σίασαν
2282 2547 2371 2606 καὶ
2401 2551 2469 2614 εἰς
2499 2548 2676 2629 μάχην
2700 2543 2873 2624 ηλθον.
2896 2554 2919 2632 ]

2531 2669 2818 2748 [ΛΕΟΝ
2822 2676 3083 2736 Τ·.ΙΝΩΝ
3090 2678 3112 2755 ]

2728 2780 2902 2867 [225.
2909 2781 2931 2869 ]

2142 2898 2393 2976 [Aristot.
2417 2905 2540 2962 Pol.
2562 2908 2626 2977 V,
2659 2926 2746 2977 10,
2775 2914 2847 2974 4:
2869 2905 2961 2968 Ἐν
2982 2908 3265 2978 Λεοντίνοις
3288 2916 3356 2981 εἷς
3379 2912 3471 2988 τὴν
3503 2920 3614 2979 Πα-

2064 2985 2257 3045 ναιτίου
2284 2989 2560 3070 τυραννίδα
2592 2992 2610 3069 (
2633 2997 2666 3064 ἡ
2696 2995 2970 3074 ὀλιγαρχία
2996 2997 3311 3079 μετέὸαλε).

426 2909 529 2950 τοις
556 2885 810 2943 ἐπέλαὸεν
851 2885 1053 2943 ἑκατόν.
1083 2889 1254 2945 Τοῦτο
1295 2887 1387 2964 μὲν
1417 2880 1503 2946 οὗν
1542 2893 1570 2946 ὁ
1598 2889 1862 2956 Διονύσιος
1893 2893 1973 2948 αἷ-

428 2974 671 3047 σθόμενος
690 2971 754 3030 τὰ
779 2971 873 3047 μὲν
896 2973 1149 3052 χρήματα
1172 2973 1434 3033 ἐκέλευσεν
1456 2977 1832 3053 ἐκκομίσασθαι
1851 3026 1868 3052 ,
1890 2978 1964 3055 μὴ

424 3137 767 3198 rempublicam
779 3136 1099 3198 moderantur,
1113 3138 1394 3200 patrimonia
1403 3145 1796 3203 consumpserunt
1807 3143 1975 3193 intem-

420 3216 646 3275 peranter
658 3213 881 3262 vivendo.
897 3216 1087 3264 Etenim
1097 3217 1217 3264 tales
1231 3216 1444 3266 homines
1458 3218 1598 3267 rebus
1609 3219 1746 3268 novis
1759 3219 1971 3282 student,

424 3293 473 3340 et
507 3292 593 3339 aut
637 3290 724 3353 ipsi
762 3291 1065 3352 tyrannidem
1108 3297 1378 3355 occupant,
1421 3297 1504 3343 aut
1540 3296 1686 3345 alium
1710 3299 1971 3360 tyrannum

423 3369 619 3431 parant,
646 3367 1052 3431 quemadmodum
1082 3370 1368 3432 Hipparinus
1398 3372 1672 3434 Dionysium
1714 3376 1972 3437 Syracusis.

2065 3151 2347 3210 potestatem
2383 3151 2524 3213 fecit,
2556 3167 2726 3204 verum
2758 3160 3002 3219 Syracusis
3033 3173 3144 3210 eum
3184 3165 3416 3217 excedere
3438 3169 3613 3232 jussit,

2064 3230 2294 3288 tanquam
2315 3228 2401 3291 qui
2417 3229 2517 3280 vias
2535 3233 2752 3293 pecuniae
2772 3234 3000 3286 faciendae
3016 3240 3262 3300 reperisset
3288 3244 3386 3293 suis
3413 3246 3610 3297 rationi·
3622 3308 3630 3314 ι

2063 3304 2153 3353 bus
2173 3305 2300 3355 haud
2320 3309 2723 3361 accommodatas.
2731 3311 2752 3377 J

2767 3407 2891 3458 223.

483 3447 735 3508 Dionysius
750 3483 765 3508 ,
791 3460 944 3509 quum
964 3448 1263 3510 Dapbnaeum
1285 3452 1333 3499 et
1355 3454 1538 3500 ceteros
1561 3452 1818 3515 locupletes
1831 3467 1975 3503 accu·
2125 3453 2441 3543 Aristomae'·
2426 3493 2477 3542 in
2502 3498 2910 3557 Syracusanorum
2948 3515 3047 3564 rep
3071 3502 3350 3567 Dionyfflum
3372 3509 3614 3568 ,numm

420 3524 594 3588 sasset,
614 3525 783 3589 dignus
793 3525 1040 3589 tyrannide
1062 3526 1359 3579 existimatus
1376 3530 1465 3590 est,
1488 3531 1676 3602 propter
1692 3530 1964 3581 inimicitias

422 3616 535 3654 cum
556 3602 648 3652 illis
683 3606 924 3667 susceptas
956 3604 1101 3654 tidem
1119 3604 1243 3666 apud
1263 3606 1494 3668 populum
1512 3611 1819 3670 consecutus,
1833 3610 1969 3671 quasi

420 3676 662 3740 popularis
678 3681 819 3728 esset.

485 3755 685 3816 Oportet
703 3754 832 3804 enim
850 3756 892 3805 ei
920 3755 1049 3818 (regi
1069 3757 1086 3818 )
1105 3756 1202 3805 vim
1226 3757 1420 3819 quidem
1444 3761 1620 3820 praesto
1639 3772 1767 3819 esse,
1797 3761 1880 3810 sed
1904 3763 1972 3810 ta-

422 3832 542 3891 lem,
578 3831 632 3879 ut
664 3831 868 3881 validior
900 3833 960 3881 sit
989 3845 1137 3895 quam
1171 3834 1341 3895 singuli
1375 3837 1423 3884 et
1447 3849 1572 3885 unus
1598 3839 1648 3886 et
1677 3838 1969 3900 complures,

416 3907 699 3957 imbecillior
714 3911 873 3957 tamen
893 3922 1037 3971 quam
1054 3910 1272 3959 universa
1294 3911 1567 3961 multitudo.
1583 3914 1720 3972 Quod
1738 3915 1973 3964 faciebant

418 3986 533 4035 olim
547 4024 561 4048 ‚
581 3986 621 4036 si
638 3999 782 4049 quem
801 3973 1007 4038 civitatis
1024 3992 1348 4050 AEsymnetem
1361 4028 1375 4052 ‚
1391 3991 1796 4053 quemadmodum
1815 3994 1970 4056 appel·

2063 3580 2408 3631 nonnunquam
2439 3583 2525 3633 per
2555 3573 2812 3635 nonaginta
2843 3579 3095 3628 continuos
3119 3580 3219 3629 dies
3248 3582 3434 3633 ebrium
3468 3587 3611 3639 fuisse

2060 3645 2250 3710 scribit;
2278 3661 2433 3711 eoque
2453 3652 2597 3699 etlam
2625 3650 2901 3703 hebetatum
2932 3651 2998 3704 1111
3020 3657 3267 3707 oculorum
3294 3673 3453 3713 usum.

2125 3727 2181 3774 ln
2215 3724 2495 3788 Dionysium
2535 3728 2845 3790 posteriorem
2893 3731 3012 3781 Dion
3056 3737 3249 3795 propter
3281 3741 3609 3802 contemptum

2063 3801 2259 3864 invasit,
2294 3817 2448 3866 quum
2466 3807 2516 3856 et
2536 3805 2669 3856 cives
2700 3806 2767 3857 ita
2796 3809 2993 3859 affectos
3025 3813 3074 3859 et
3101 3811 3254 3873 ipsum
3288 3827 3476 3878 semper
3502 3833 3606 3870 ease

2062 3880 2250 3931 ebrium
2270 3883 2465 3934 videret.

2745 3982 2887 4046 [224.
2894 3982 2913 4047 ]

422 4063 603 4122 labant,
624 4066 708 4112 aut
724 4066 985 4125 tyrannum
1005 4065 1231 4114 creabant
1253 4085 1264 4115 z
1292 4066 1404 4116 item
1424 4070 1726 4130 Syracusanis
1748 4070 1898 4133 Diony
1902 4072 1970 4120 sio

418 4140 638 4189 custodes
655 4140 832 4202 petenti
855 4142 930 4190 tot
951 4154 1153 4191 numero
1176 4142 1371 4204 quidam
1401 4147 1455 4193 ut
1475 4145 1669 4207 darent,
1690 4146 1936 4195 suadebat.

484 4215 555 4265 Ad
600 4228 683 4276 ea,
718 4217 894 4279 quibus
931 4217 1232 4280 tyrannidem
1276 4222 1474 4269 tuentur
1511 4223 1730 4285 tyranni,
1769 4224 1972 4285 pertinet

2123 4072 2230 4135 [lile
2256 4074 2443 4144 (Dion)
2469 4083 2596 4134 enim
2614 4099 2724 4135 cum
2741 4099 2883 4148 parva
2907 4100 3050 4136 manu
3076 4086 3302 4139 adversus
3329 4092 3608 4155 Dionysium

2059 4163 2110 4199 se
2128 4154 2346 4218 contulit,
2367 4172 2518 4221 quum
2538 4162 2629 4212 hoc
2647 4164 2803 4212 animo
2821 4177 2872 4212 se
2894 4177 2994 4213 esse
3013 4164 3217 4228 diceret,
3235 4169 3288 4215 ut
3302 4181 3610 4235 quocumque

2059 4230 2278 4290 progredi
2311 4194 2523 4300 daretur,
2553 4241 2749 4289 eatenus
2776 4241 3012 4290 actionem
3047 4245 3313 4305 susceptam
3348 4246 3612 4308 perducere

416 4295 561 4343 etiam
581 4294 869 4343 tributorum
888 4297 1101 4357 exacti0,
1118 4299 1174 4344 ut
1188 4296 1447 4358 Syracusis,
1468 4300 1550 4349 ubi
1567 4299 1867 4362 tyrannidem
1886 4302 1970 4350 ob-
2059 4307 2174 4355 satis
2191 4311 2316 4359 esset
2335 4311 2613 4378 habiturus,
2636 4315 2727 4364 boc
2750 4320 2849 4376 est,
2870 4319 3144 4380 praeclaram
3163 4333 3267 4369 eam
3288 4326 3493 4373 mortem
3514 4339 3609 4376 non

414 4373 597 4422 tinente
617 4372 841 4435 Dionysio
854 4386 1021 4424 omnes
1038 4387 1151 4436 opes
1169 4375 1343 4424 civium
1368 4376 1583 4441 quinque
1601 4391 1836 4428 annorum
1850 4392 1959 4441 spa-

416 4449 489 4498 tio
511 4450 679 4499 tributi
702 4451 897 4501 nomine
909 4452 1099 4501 collatae
1124 4452 1336 4502 suerunt.

479 4525 683 4577 scientia
698 4540 799 4578 esse
811 4527 1001 4578 videtur
1014 4529 1063 4578 et
1080 4528 1266 4579 servilis
1281 4532 1330 4579 et
1346 4531 1507 4580 herilis
1525 4552 1537 4582 z
1554 4532 1739 4583 servilis
1755 4533 1968 4597 quidem,

2061 4387 2364 4436 recusaturus
2388 4389 2466 4439 vel
2492 4390 2533 4440 si
2559 4392 2722 4441 statim
2739 4393 2827 4443 sibi
2849 4394 2972 4443 mori
2986 4394 3246 4457 accideret,
3266 4398 3409 4448 modo
3433 4402 3608 4452 terram

2059 4458 2186 4509 iilius
2204 4461 2265 4509 ad
2284 4463 2430 4516 breve
2446 4468 2637 4529 tempus
2649 4470 2900 4533 attigisset.

2119 4542 2401 4600 Syracusani
2421 4548 2527 4605 post
2545 4550 2740 4614 exactos
2752 4552 3007 4612 tyrannos,
3028 4552 3284 4614 peregrinis
3300 4555 3349 4603 et
3363 4567 3608 4606 mercena-

2060 4618 2139 4668 riis
2154 4618 2384 4670 militibus
2409 4622 2594 4673 civibus
2613 4609 2766 4688 sactis,
2785 4627 3108 4679 dissenserunt
3128 4631 3251 4681 inter
3267 4643 3345 4694 se,
3375 4633 3526 4685 donec
3547 4637 3606 4687 ad

2059 4710 2262 4760 pugnam
2293 4703 2486 4751 tentum
2512 4704 2624 4768 est]

419 4603 573 4665 qualis
583 4615 659 4665 ea,
679 4616 827 4665 quam
837 4604 917 4655 ille
928 4608 1254 4668 Syracusanus
1270 4607 1503 4658 tradebat.
1516 4610 1621 4660 Illic
1634 4609 1761 4659 enim
1772 4610 1967 4672 quidam

416 4677 636 4729 mercede
642 4681 833 4741 accepta
842 4692 1014 4742 pueros
1021 4682 1197 4733 usitata
1205 4685 1253 4734 et
1264 4684 1475 4746 vulgaria
1486 4687 1747 4736 ministeria
1755 4687 1969 4739 docebat.

482 4759 535 4804 ln
582 4754 743 4805 Sicilia
786 4756 980 4817 quidam
1030 4759 1191 4810 numis
1238 4761 1364 4823 apud
1409 4775 1463 4812 se
1514 4763 1738 4826 depositis
1789 4766 1967 4815 terrum

419 4844 561 4880 omne
582 4844 644 4880 ex
663 4831 869 4886 ferrariis
905 4833 1107 4885 officinis
1127 4837 1318 4887 coemit.
1339 4841 1507 4888 Postea
1520 4876 1533 4899 ,
1561 4840 1645 4889 ubi
1661 4853 1725 4889 ex
1746 4843 1969 4903 emporiis

415 4909 748 4957 convenerunt
776 4913 1091 4972 mercatores,
1124 4914 1304 4964 fernim
1349 4928 1492 4964 omne
1526 4917 1657 4967 solus
1698 4916 1965 4981 vendebat,

420 4999 516 5036 non
552 4986 620 5034 ita
647 4986 959 5038 immoderate
993 4995 1143 5041 aucto·
1166 4993 1364 5054 pretio:
1400 4998 1734 5045 verumtamen
1767 4997 1964 5047 talentis
2749 4965 2916 5032 [225]

419 5063 762 5128 quinquaginta
782 5068 1026 5129 expensis,
1049 5072 1243 5119 centum
1265 5070 1384 5121 lucri
1404 5073 1530 5122 fecit.
1549 5074 1689 5132 Quod
1705 5087 1856 5137 quum
1876 5088 1965 5124 au·
2111 5074 2282 5137 {Apud
2327 5078 2589 5131 Leontinos
2622 5082 2671 5130 in
2714 5083 2913 5132 Panaetii
2954 5083 3257 5146 tyrannidem
3319 5090 3613 5153 (oiigarcbia

416 5145 563 5195 disset
592 5144 866 5207 Dionysius,
902 5150 1119 5208 pecunioe
1147 5148 1341 5210 quidem
1374 5163 1535 5200 mum
1569 5151 1878 5214 exportandae
1917 5154 1962 5203 ei
2054 5164 2188 5201 versa
2200 5151 2325 5216 est).

2515 4833 3116 4909 [ιιῑοΝΤιΝοιιυΜ
3124 4837 3146 4918 ]
