4016 5916
945 454 2028 599 HERACLIDAE
2124 459 2847 606 PONTICI

1165 756 1474 877 LIBER
1532 756 1672 841 DE
1732 755 2074 844 REBUS
2117 758 2625 847 PUssLicls.

383 1163 693 1221 Aristotelis
724 1163 973 1237 reliquiis
1006 1162 1329 1232 subjicimus
1369 1158 1705 1233 farraginem
1741 1157 1854 1214 fra-

304 1263 662 1329 gmentorum
716 1249 788 1306 de
833 1250 1001 1307 rebus
1048 1248 1319 1322 publicis,
1364 1265 1486 1319 quae
1535 1246 1857 1301 inscribitur

300 1339 406 1398 Ἕκ
432 1341 531 1396 τῶν
552 1333 897 1415 Ἡρακλείδου
928 1335 1059 1414 Περὶ
1090 1329 1377 1393 Πολιέειῶν
1405 1331 1504 1408 (1).
1526 1329 1853 1388 Heraclides

300 1427 397 1483 bic
440 1427 578 1482 citra
622 1442 846 1479 omnem
892 1422 1300 1478 dubitationem
1343 1419 1733 1494 intelligendus
1777 1430 1858 1473 est

304 1516 595 1582 Ponticus,
627 1513 899 1581 Platonis,
937 1511 1231 1585 Speusippi
1261 1518 1317 1563 et
1350 1509 1661 1564 Aristotelis
1689 1507 1858 1562 disci-

302 1605 489 1677 pulus,
514 1598 601 1656 vir
618 1601 804 1655 doctus
822 1605 876 1653 ιἰι
889 1597 1251 1673 primis(Cic.
1274 1597 1435 1651 Tusc.
1466 1596 1574 1667 Qu.
1590 1598 1658 1664 V,
1686 1593 1741 1664 3;
1771 1596 1856 1649 De

309 1691 483 1745 divin.
509 1688 566 1758 l',
593 1684 665 1744 23
693 1687 745 1762 ),
785 1689 881 1760 qui
908 1684 1276 1761 philosophiae
1299 1682 1517 1738 ratione
1534 1725 1549 1753 ‚
1594 1682 1855 1737 dictionis

308 1774 577 1852 elegantia
604 1786 661 1830 et
687 1775 893 1849 ingenii
933 1771 1284 1845 jucunditate
1313 1781 1369 1825 et
1400 1770 1586 1824 calore
1607 1769 1853 1823 scholam

306 1863 649 1919 Platonicam
691 1861 995 1927 referebat,
1052 1859 1188 1913 dum
1235 1867 1471 1931 propter
1526 1853 1857 1910 eruditionis

308 1952 527 2023 copiam
547 1960 603 2005 et
618 1949 957 2020 scriptorum
983 1943 1399 2001 multitudinem
1421 1944 1856 2014 varietatemque

306 2037 685 2111 Peripateticis
717 2047 835 2090 erat
856 2034 1108 2089 similior.
1140 2033 1273 2104 Quae
1295 2029 1366 2086 de
1388 2031 1501 2085 vita
1520 2028 1634 2100 ejus
1653 2038 1710 2083 et
1729 2039 1857 2083 stu-

308 2126 413 2181 diis
448 2123 768 2192 traduntur,
809 2121 1106 2196 diligenter
1146 2127 1535 2184 excusserunt,
1576 2116 1853 2188 simulque

304 2213 614 2288 fragmenta
630 2212 965 2285 scriptorum
988 2209 1338 2283 collegerunt
1354 2207 1387 2261 J
1393 2247 1409 2262 .
1437 2207 1490 2260 J.
1528 2205 1594 2261 G.
1619 2204 1853 2261 Roulez.

312 2299 658 2374 (Comment.
686 2300 771 2354 De
792 2298 903 2352 vita
931 2306 987 2352 et
1020 2295 1237 2368 scriptis
1273 2291 1408 2349 Her.
1444 2295 1606 2347 Pont.
1637 2293 1852 2349 Lovan.

316 2386 498 2455 1828,
529 2387 602 2460 4)
651 2395 706 2441 et
741 2387 804 2440 Ε.
834 2387 1106 2441 Deswert.
1161 2381 1335 2461 (mss.
1383 2380 1454 2436 de
1496 2381 1634 2437 Her.
1687 2380 1853 2436 Pont.

302 2477 524 2533 Lovan.
564 2473 730 2542 1830,
765 2471 856 2548 8).
887 2473 1004 2528 Nos
1031 2490 1131 2526 cur
1171 2469 1374 2526 eodem
1402 2485 1635 2523 munere
1656 2464 1857 2540 funga-

308 2581 440 2617 mur
464 2562 601 2616 nihil
622 2558 806 2615 video.
831 2560 972 2614 Nam
995 2576 1065 2614 ex
1080 2557 1345 2633 operibus
1368 2555 1705 2623 Heraclidae,
1734 2571 1854 2626 quae

304 2649 591 2721 sexaginta
614 2646 729 2707 Cere
756 2657 1134 2714 recensentur,
1167 2661 1449 2718 perpauca
1478 2651 1693 2696 tantum
1728 2651 1857 2694 sunt

304 2714 431 2809 (μία
444 2735 516 2790 ad
534 2735 820 2789 historiam
834 2731 1255 2806 quodammodo
1274 2730 1611 2804 pertineant.
1629 2732 1713 2789 Ac,
1724 2729 1855 2782 Dio-

308 2841 474 2896 genes
503 2822 606 2897 (V,
640 2817 741 2898 88)
771 2821 1000 2894 quidem
1026 2829 1320 2896 postquam
1352 2816 1558 2884 ethica,
1598 2815 1849 2888 physica,

310 2911 665 2984 grammatica
713 2910 790 2984 (a)
808 2949 822 2978 ,
872 2909 1079 2963 musica
1096 2947 1112 2977 ‚
1156 2905 1436 2962 rhetorica
1477 2903 1852 2971 enumeravit,

312 3009 592 3069 postremo
613 2999 742 3052 loco
761 3007 1040 3069 tamquam
1060 2991 1296 3070 ἱστορικὰ
1318 3001 1592 3047 memorat
1606 2991 1721 3046 duo
1734 3001 1855 3045 tau-

311 3096 429 3139 tum
470 3085 654 3140 baecce
688 3103 702 3138 ι
734 3079 869 3160 Περὶ
895 3083 996 3137 τῶν
1022 3077 1414 3157 Πυθαγορείων,
1444 3075 1533 3134 καὶ
1556 3075 1688 3155 Περὶ
1715 3078 1858 3155 εὑρη·

313 3169 512 3242 μάτων.
540 3174 621 3226 Ex
648 3173 840 3244 priore
872 3188 1044 3244 opere
1070 3169 1342 3224 nonnulla
1385 3177 1679 3222 servarunt
1711 3168 1856 3220 Por-

308 3258 579 3332 phyrius,
613 3259 864 3314 Clemens
887 3267 943 3312 et
969 3256 1165 3312 Suidas
1190 3255 1301 3329 (3l3
1339 3255 1563 3309 alterius
1588 3254 1859 3310 memoria

309 3364 539 3420 prorsus
552 3346 775 3402 interiit.
789 3347 1056 3401 Praeterea
1071 3341 1377 3399 Heraclidae
1393 3342 1462 3396 ab
1478 3342 1595 3395 aliis
1612 3341 1855 3396 tribuun-

374 3501 441 3562 (1)
471 3499 683 3550 Primum
697 3500 800 3550 liaec
813 3499 939 3549 edita
954 3500 1066 3548 sunt
1086 3511 1183 3547 una
1200 3511 1312 3545 cum
1332 3496 1500 3546 AEliani
1523 3497 1679 3545 Variis
1696 3496 1857 3546 Histo-

310 3571 395 3620 riis
412 3584 442 3620 ιι
459 3573 666 3620 Pei-usco
682 3608 696 3632 ,
718 3573 880 3620 Romae
906 3573 1024 3619 1545
1039 3606 1054 3631 ,
1079 3573 1135 3628 4;
1154 3567 1326 3617 deinde
1343 3580 1373 3616 a
1390 3567 1559 3628 cragio
1578 3567 1625 3616 in
1643 3567 1769 3616 libro
1790 3570 1860 3617 De

312 3640 570 3703 Republica
592 3640 1058 3690 Lacedaemoniorum
1072 3674 1086 3699 ‚
1110 3642 1228 3689 1593
1244 3674 1258 3698 ,
1279 3641 1306 3686 l·
1324 3637 1553 3700 (repetita
1573 3650 1651 3686 an.
1676 3644 1790 3688 1818
1810 3640 1859 3687 et

316 3718 429 3761 1621
468 3715 516 3760 et
538 3710 586 3759 in
612 3714 821 3761 Gronov.
840 3711 983 3761 Thes.
1002 3711 1112 3759 Ant.
1134 3710 1254 3766 tom.
1270 3711 1333 3757 vl
1348 3745 1362 3769 ,
1382 3721 1428 3770 p.
1448 3713 1561 3758 2821
1584 3709 1719 3770 sqq.)
1736 3721 1858 3770 μω-

310 3793 437 3843 pera
452 3781 641 3831 Koelero
666 3779 957 3842 (Heraclidae
986 3777 1170 3829 Pontici
1194 3779 1362 3840 fragm.
1388 3776 1493 3826 Hal.
1521 3781 1663 3838 1804,
1686 3779 1742 3838 8)
1763 3780 1812 3828 et
1830 3791 1859 3826 a

312 3853 497 3911 cureyo
510 3862 605 3898 una
616 3862 731 3898 cum
746 3849 949 3911 AEliano,
966 3847 1013 3896 in
1031 3846 1290 3896 prodromo
1308 3845 1424 3895 Bihl.
1444 3849 1545 3906 Gr.,
1561 3846 1705 3896 Paris.
1723 3852 1857 3897 1805.

374 3919 446 3980 (2)“
471 3921 603 3970 luter
633 3918 943 3982 grammatica
974 3917 1217 3979 ponuntur
1243 3934 1256 3965 t
1298 3916 1406 3978 Περὶ
1442 3921 1522 3974 τῆς
1543 3916 1747 3980 Ὀμήρου
1779 3919 1858 3966 καὶ

308 3989 528 4039 Ἡσιόδου
559 3991 738 4048 ἡλικίας
760 3991 824 4038 α’.
862 3987 924 4052 β’.
958 3989 1070 4049 Περὶ
1100 3985 1366 4050 Ἀρχιλόχου
1390 3987 1468 4034 καὶ
1492 3986 1711 4050 Ὁμήρου.
1750 3989 1859 4050 Περὶ

312 4065 406 4107 τῶν
419 4059 943 4122 τριῶντραγῳδιοποιῶν
958 4058 1019 4107 α’.
1043 4057 1152 4118 Περὶ
1167 4061 1407 4112 ποιητικῆς
1425 4056 1503 4102 καὶ
1521 4059 1613 4103 τῶν
1637 4061 1858 4113 ποιητῶν.

316 4128 385 4178 Λᾶ
404 4129 574 4178 librum
596 4133 666 4178 De
684 4127 878 4177 Homeri
900 4128 1042 4175 aetate
1066 4125 1272 4187 pertinet
1295 4124 1431 4173 locus
1461 4123 1583 4173 Vitae
1616 4128 1756 4174 Hom.
1782 4126 1858 4174 ed.

308 4199 470 4248 lriart.
490 4212 542 4261 p.
562 4203 651 4248 233
675 4213 687 4246 z
708 4197 1002 4260 Ἡρακλείδης
1021 4195 1324 4258 πρεσδύτερον
1337 4195 1546 4257 Ὅμηρον
1562 4195 1778 4244 Ἡσιόδου
1797 4196 1863 4245 λέ·

306 4284 402 4330 γει.
422 4267 642 4330 Aspasius
657 4267 720 4317 ad
739 4267 932 4317 Aristot.
966 4265 1077 4315 Eth.
1099 4265 1200 4315 Nic.
1225 4268 1322 4326 111,
1346 4269 1365 4314 1
1394 4284 1407 4314 :
1430 4265 1567 4326 Λέγει
1585 4265 1635 4313 δὲ
1663 4266 1740 4313 καὶ
1759 4269 1861 4331 περὶ

315 4336 545 4399 Αἰσχύλου
563 4338 641 4385 καὶ
661 4336 765 4400 Ἤρ.
787 4337 849 4385 Π.
867 4337 914 4384 ἐν
934 4333 974 4383 α’
994 4335 1105 4398 Περὶ
1127 4334 1334 4397 Ὁμήρου
1350 4336 1413 4390 ὡς
1436 4333 1772 4390 κινδυνεύοντος
1786 4335 1861 4384 ἐπὶ

314 4411 383 4468 τῷ
394 4411 487 4454 τῶν
506 4412 741 4469 μυστικῶν
762 4405 1010 4470 περιφέρειν
1027 4403 1130 4452 τινὰ
1144 4404 1312 4454 δοκεῖν.
1328 4404 1400 4453 Cf.
1420 4405 1522 4453 not.
1545 4402 1605 4452 ad
1626 4402 1688 4454 fr.
1711 4410 1763 4453 31
1783 4440 1799 4466 ,
1813 4409 1859 4455 3.

314 4501 379 4513 —
394 4479 460 4525 De
478 4475 760 4525 Antimacho
777 4473 1048 4525 Heraclides
1065 4472 1288 4523 laudatur
1299 4485 1380 4535 ap.
1404 4473 1559 4523 Procl.
1582 4472 1642 4521 ad
1662 4473 1785 4523 Tim.
1812 4477 1861 4536 1,

316 4559 363 4607 p.
380 4549 437 4594 28
458 4545 532 4606 (ν.
552 4545 714 4595 locum
733 4545 781 4593 in
811 4543 1003 4593 Duridis
1021 4543 1079 4592 fr.
1104 4544 1211 4607 87).

379 4615 447 4676 (3)
478 4616 615 4678 Περὶ
645 4611 1075 4677 Πυθαγορείων.
1107 4640 1169 4650 -
1190 4613 1479 4678 Porphyrius
1518 4617 1586 4664 De
1617 4613 1787 4662 abstin.
1816 4617 1860 4675 l,

317 4698 366 4745 p.
389 4689 447 4735 40
470 4683 751 4748 τῚστοροῦσί
769 4700 884 4740 τινες
898 4683 979 4732 καὶ
993 4683 1157 4739 αὐτοὺς
1175 4683 1398 4733 ἅπτεσθαι
1416 4689 1509 4733 τῶν
1523 4682 1745 4746 ἐμψύχων
1758 4685 1864 4740 τοὺς

320 4753 653 4817 Πυθαγορείους
676 4753 754 4801 ὅτε
770 4755 919 4802 θύοιεν
941 4755 1073 4807 θεοῖς.
1093 4755 1299 4802 Τοιαῦτα
1318 4754 1399 4815 μὲν
1411 4754 1569 4802 καὶτὰ
1582 4755 1708 4817 παρὰ
1733 4755 1861 4803 Κλω·

318 4823 404 4885 δίῳ
432 4825 512 4872 καὶ
535 4822 809 4887 Ἡρακλείδῃ
831 4828 900 4886 τῷ
931 4825 1144 4885 Ποντικῷ
1160 4821 1385 4886 Ἐρμάχῳ
1399 4840 1449 4872 τε
1472 4829 1540 4885 τῷ
1561 4823 1864 4887 Ἐπικουρείῳ

316 4895 399 4941 καὶ
421 4898 514 4949 τοῖς
538 4893 630 4943 ἀπὸ
655 4898 735 4949 τῆς
755 4897 895 4949 στοᾶς
912 4892 993 4941 καὶ
1015 4896 1099 4940 τοῦ
1116 4893 1385 4955 περιπάτου.
1407 4922 1468 4934 --
1487 4894 1706 4944 Clemens
1725 4897 1860 4944 Alex.

320 4966 494 5014 Strom.
517 4966 580 5025 Π,
600 4976 650 5026 p.
677 4968 797 5024 179,
831 4968 889 5013 28
912 4961 1043 5025 sylb.
1072 4980 1084 5011 ι
1120 4961 1396 5026 Πυθαγόραν
1425 4965 1452 5011 ὀ
1480 4965 1701 5020 Ποντικὸς
1722 4965 1863 5025 Ἡρα·

318 5032 495 5089 κλείδης
530 5034 706 5095 ἱστορεῖ
736 5033 820 5088 τήν
852 5031 1109 5092 ἐπιστήμην
1144 5037 1223 5089 τῆς
1256 5031 1538 5089 τελειότητος
1572 5037 1665 5080 τῶν
1692 5033 1863 5096 ἀρετῶν

314 5107 399 5161 τῆς
416 5104 568 5164 ψυχῆς
595 5100 889 5164 εὐδαιμονίαν
908 5101 1024 5149 εἶναι
1041 5101 1434 5163 παραδεδωκέναι.

380 5171 550 5222 suidas
569 5189 582 5220 ι
601 5169 951 5234 Ἐμπεδὰτιμος.
979 5168 1127 5224 Οὗτος
1153 5169 1322 5233 ἔγραψε
1350 5171 1460 5234 Περὶ
1475 5178 1667 5234 φυσικῆς
1691 5172 1863 5238 ἄκροά·

1948 1170 2041 1215 tur
2082 1179 2224 1234 opus
2249 1159 2380 1239 Περὶ
2409 1159 2577 1231 νήσων
2607 1160 2703 1241 (ι),
2736 1178 2791 1222 et
2824 1166 2957 1246 Περὶ
2979 1170 3338 1250 χρηστηρίων.
3372 1178 3497 1232 Hoc

1945 1245 2100 1303 idem
2125 1266 2237 1304 esse
2263 1262 2407 1323 puto
2451 1271 2578 1307 cuin
2608 1272 2706 1323 eo,
2738 1256 2895 1328 cujus
2921 1259 3342 1335 inscriptionem
3366 1266 3496 1321 Cle-

1945 1352 2101 1391 mens
2136 1338 2303 1409 ponit
2339 1357 2353 1393 :
2388 1336 2594 1404 Κτίσεις
2616 1340 2768 1418 ἱερῶν
2795 1342 2893 1419 (2).
2917 1377 2995 1387 -
3024 1348 3162 1403 Cum
3205 1367 3378 1422 opere
3413 1354 3496 1408 De

1946 1475 2090 1545 σεως·
2112 1465 2215 1527 περὶ
2239 1465 2294 1514 οὗ
2315 1466 2436 1527 λέγει
2465 1468 2490 1515 ὁ
2512 1468 2790 1531 Παραδάτης
2809 1471 2856 1520 ἐν
2874 1477 2968 1528 τοῖς
2988 1473 3361 1539 ἐπιγραφομένοις
3375 1484 3494 1544 Κρο·

1945 1548 2080 1587 νιοις·
2106 1552 2130 1576 κ
2165 1536 2325 1598 Ἡμεῖς
2356 1537 2404 1584 δὲ
2436 1536 2760 1603 Ἐμπεδοτίμῳ
2793 1542 2871 1589 καὶ
2897 1544 3144 1608 Πυθαγόρᾳ
3173 1549 3491 1613 πιστεύοντες,

1946 1600 2092 1685 οῐςθτε
2110 1604 2279 1654 ἐκεῖθεν
2299 1607 2455 1655 λαὸὼν
2472 1608 2769 1671 Ἡρακλείδης
2792 1612 2818 1659 ό
2853 1614 3074 1669 Ποντικὸς
3103 1615 3184 1677 ἔφη
3198 1652 3212 1677 ,
3240 1618 3330 1666 καὶ·
3344 1626 3495 1684 μικρῷ

1944 1687 2161 1735 προτερον
2187 1676 2267 1724 καὶ
2288 1676 2315 1723 ό
2332 1677 2505 1733 κλεινὸς
2526 1680 2636 1741 ἡμῖν
2663 1680 2800 1737 ἔδειξε
2820 1682 2901 1730 καὶ
2924 1684 3186 1749 ἱεροφάντης
3216 1687 3494 1754 Ἰάμόλιχος.

1944 1740 2020 1788 Cf.
2040 1742 2190 1792 elem.
2211 1743 2346 1794 Alex.
2367 1747 2545 1796 Strom.
2576 1750 2593 1797 Ι
2606 1785 2622 1809 ,
2643 1762 2691 1811 ρ.
2714 1754 2824 1800 334.

2006 1811 2109 1860 loli.
2143 1813 2302 1898 &ydus
2323 1817 2392 1864 De
2423 1829 2574 1866 mens.
2603 1821 2696 1879 lv,
2717 1825 2802 1882 29,
2824 1834 2874 1883 p.
2906 1827 2984 1873 181
3010 1822 3085 1874 ed.
3110 1826 3304 1876 Boether
3330 1846 3343 1876 ι
3368 1829 3424 1878 ‘0
3446 1830 3495 1879 δὲ

1945 1881 2240 1943 Ἡρακλειδης
2256 1886 2393 1946 φησὶν
2406 1921 2420 1945 ,
2436 1888 2499 1941 ὡς
2518 1886 2560 1935 εί
2579 1904 2643 1943 τις
2662 1890 2743 1948 τὴν
2761 1892 2941 1954 κύαμον
2965 1893 3013 1941 ἐν
3023 1900 3133 1957 κενῇ
3152 1898 3269 1959 Θήκῃ
3284 1898 3495 1960 ίμὸαλὼν

1946 1949 2201 2014 ἀποκρύψει
2236 1959 2294 2017 τῇ
2325 1954 2487 2018 κόπρῳ
2519 1957 2593 2005 ἐπὶ
2629 1959 2966 2023 τετταράκοντα
3004 1963 3161 2021 πάσας
3191 1968 3363 2028 ἡμέρας
3381 2005 3395 2027 ,
3430 1972 3494 2024 είς

1946 2019 2051 2079 ὄψιν
2075 2021 2314 2085 ἀνθρώπου
2333 2028 2691 2089 σεσαρκωμὲνου
2711 2031 3030 2091 μεταὸαλόντα
3051 2035 3129 2082 τὸν
3158 2036 3346 2098 κύαμον.
3366 2040 3490 2102 εὑρή-

1946 2106 2045 2150 σει,
2066 2093 2146 2140 καί
2179 2093 2255 2142 διὰ
2280 2099 2416 2143 τοῦτο
2434 2097 2513 2145 τὸν
2530 2099 2726 2157 ποιητὴν
2748 2099 2884 2163 φάναι

2071 2185 2174 2236 ἶσόν
2199 2204 2269 2237 τοι
2292 2188 2499 2252 κυάμους
2517 2207 2567 2240 τε
2589 2197 2747 2255 φαγεῖν
2769 2195 2968 2257 κεφαλάς
2990 2214 3040 2247 τε
3063 2199 3263 2259 τοκήων.

2007 2288 2250 2349 Subjicere
2270 2290 2343 2340 his
2365 2291 2503 2342 liceat
2521 2307 2633 2356 quae
2652 2308 2713 2344 ex
2733 2296 2853 2346 libro
2875 2303 2943 2348 De
2962 2301 3135 2364 Abori,
3159 2305 3298 2365 quus
3319 2306 3484 2369 Dioge·

1946 2370 2031 2407 nes
2048 2359 2232 2409 nullam
2256 2360 2370 2411 fecit
2390 2364 2679 2413 mentionem
2693 2402 2708 2427 ,
2731 2369 2989 2417 traduntur
3011 2390 3024 2421 z

2010 2428 2058 2478 'A
2071 2429 2101 2478 6
2110 2445 2176 2492 αρ
2187 2447 2245 2486 ις.
2262 2456 2322 2467 -
2337 2432 2579 2482 Plutarch.
2598 2437 2851 2492 Quomodo
2866 2442 2992 2500 poet.
3007 2441 3118 2491 aud.
3133 2442 3243 2493 deb.
3262 2446 3405 2507 p.‘14,
3427 2451 3460 2497 Ε
3478 2468 3490 2496 :

1946 2498 2018 2548 Οὐ
2040 2499 2128 2564 γὰρ
2152 2499 2288 2562 μόνον
2306 2503 2366 2550 τὰ
2385 2504 2626 2553 Αἰσώπεια
2645 2506 2842 2569 μυθάρια
2860 2510 2939 2557 καὶ
2961 2510 3042 2565 τὰς
3063 2516 3303 2571 ποιητικὰς
3324 2519 3492 2567 ὑποθέ-

1946 2583 2068 2629 σεις,
2098 2571 2277 2619 καὶτὸν
2306 2571 2488 2634 Ἀὅαριν
2515 2575 2594 2623 τὸν
2617 2575 2918 2638 Ἡρακλείδου
2935 2613 2950 2639 ,
2981 2583 3060 2629 καὶ
3084 2584 3161 2630 τὸν
3189 2585 3392 2634 Λύκωνα
3413 2591 3492 2637 τόν

1945 2636 2211 2701 Ἀρίστωνος
2229 2639 2544 2703 διερχόμενοι,
2565 2643 2683 2692 ἀλλὰ
2703 2646 2855 2694 καὶτὰ
2869 2648 2971 2710 περὶ
2990 2654 3082 2697 τῶν
3100 2653 3264 2715 ψυχῶν
3286 2654 3496 2717 δόγματα

1947 2709 2204 2770 μεμιγμένα
2230 2711 2479 2773 μυθολογίᾳ
2501 2713 2598 2774 μεθ’
2615 2714 2779 2772 ἡδονῆς
2797 2716 3083 2768 ἐνθουσιῶσι.

2008 2777 2189 2827 Bekker
2213 2779 2388 2827 Aneed.
2410 2793 2458 2843 p.
2480 2785 2594 2845 145,
2619 2789 2672 2832 21
2701 2803 2714 2832 :
2741 2785 3043 2847 Ἡρακλείδου
3064 2792 3293 2841 Ποντικοῦ
3319 2799 3412 2842 τῶν
3432 2799 3496 2852 εἰς

1946 2849 2125 2911 Ἄδαριν
2140 2851 2516 2914 ἀναφερομένων·
2554 2872 2579 2895 ιι
2603 2853 2726 2916 Ἔφη
2761 2855 2811 2903 δὲ
2841 2858 2895 2905 τὸ
2922 2858 3100 2921 δένδρον
3133 2861 3260 2924 αὐτῷ
3295 2865 3374 2912 τὸν
3402 2865 3496 2914 δαί-

1948 2935 2094 2981 μονα,
2116 2920 2297 2968 νεανίαν
2316 2920 2561 2986 γενόμενον
2574 2958 2589 2983 ,
2627 2925 2875 2985 ἐπιθεῖναι,
2895 2929 3165 2990 προστάξειν
3184 2933 3233 2981 δὲ
3263 2937 3496 2986 πιστεύειν

1951 2992 2053 3053 περὶ
2071 2992 2215 3107 θεάῶν,
2244 2992 2314 3040 ὅτι
2347 2995 2411 3050 ὡς
2435 2995 2584 3043 οἷόντε
2611 2997 2691 3044 καὶ
2716 3003 2808 3044 τῶν
2833 2999 3129 3062 ἀνθρωπίνων
3152 3002 3497 3070 ἐπιστρέφονται

2013 3075 2109 3122 αγμ
2142 3077 2253 3110 των.
2294 3080 2318 3104 υ

1946 3075 2082 3178 veld-
2119 3129 2187 3179 ib.
2224 3137 2310 3182 178
2325 3168 2339 3189 ,
2361 3137 2417 3182 27
2445 3153 2456 3181 :
2497 3135 2797 3197 Ἡρακλείδου
2835 3139 3067 3188 Ποντικοῦ
3102 3142 3156 3191 ἐκ
3177 3148 3259 3192 τοῦ
3286 3146 3497 3211 δευτέρου

1951 3198 2092 3260 λόγου
2117 3206 2208 3250 τῶν
2231 3204 2292 3258 είς
2315 3204 2393 3251 τὸν
2417 3204 2602 3267 Ἀὅαριν
2627 3206 2994 3269 ἀναφερομένων·
3018 3230 3040 3251 ιι
3063 3212 3150 3260 Ἐκ
3172 3213 3222 3262 δὲ
3244 3222 3338 3263 τῶν
3365 3217 3499 3279 ἐγγὺς

1951 3271 2142 3330 φωλεῶν
2170 3272 2437 3333 ἐξείρπυσαν
2470 3274 2593 3332 ὄφεις
2629 3276 2704 3324 ἐπὶ
2739 3277 2794 3326 τὸ
2826 3283 2967 3340 σῶμα
3002 3282 3208 3344 σφοδρῶς
3243 3284 3495 3348 ὀρούοντες·

1952 3340 2212 3389 ἐκωλύοντο
2232 3345 2386 3404 μέντοι
2404 3345 2496 3392 ὑπὸ
2515 3349 2608 3392 τῶν
2627 3351 2806 3406 κυνῶν,
2824 3348 3142 3400 ὑλακτούντων
3162 3353 3340 3412 αὐτούς.
3361 3375 3389 3400 »

2015 3411 2157 3460 Liber
2198 3413 2578 3476 Ζωροάστρης
2613 3414 2895 3478 inscriptus,
2931 3431 3077 3480 quem
3113 3427 3350 3473 memorat
3382 3426 3496 3475 Plu-

1950 3481 2099 3529 tarch.
2123 3483 2243 3530 Λᾶν.
2274 3482 2430 3530 Colot.
2452 3495 2499 3544 p.
2528 3488 2666 3543 1115,
2687 3488 2745 3545 Α,
2782 3484 2962 3548 physici
2983 3488 3193 3538 maxime
3228 3494 3496 3554 argumenti

1950 3551 2093 3599 misse
2109 3551 2319 3612 videtur,
2339 3553 2394 3599 ut
2420 3564 2483 3602 ex
2506 3552 2678 3601 ceteris
2695 3553 2854 3618 libris,
2872 3555 3161 3618 quibuscum
3175 3563 3496 3625 componitur,

1949 3619 2172 3681 augurari
2192 3619 2319 3668 licet.

2014 3691 2080 3751 (1)
2111 3691 2247 3764 Περὶ
2271 3690 2476 3749 νήσων.
2500 3691 2726 3754 stephan.
2755 3696 2870 3756 Byz.
2900 3713 2913 3744 ι
2951 3696 3195 3760 Ὠλίαρος,
3213 3697 3370 3757 νήσων
3397 3708 3494 3751 τῶν

1951 3761 2207 3810 Κυκλάδων
2231 3760 2344 3824 μία,
2385 3762 2492 3822 περὶ
2528 3760 2584 3820 ἧς
2602 3763 2901 3826 Ἡρακλείδης
2924 3767 2952 3815 ό
2973 3768 3195 3824 Ποντικὸς
3213 3770 3260 3818 ὲν
3287 3776 3356 3833 τῷ
3384 3775 3497 3836 Περὶ

1948 3831 2105 3888 νήσων
2127 3832 2249 3879 οὕτω
2285 3831 2448 3893 φησίν·
2477 3851 2502 3874 σι
2524 3831 2736 3895 Ὤλίαρος
2768 3835 3003 3885 Σιδωνίων
3039 3836 3231 3886 ἀποικία
3255 3839 3499 3904 ἀπέχουσα

1954 3901 2110 3964 Πάρου
2131 3902 2345 3958 σταδίους
2365 3902 2424 3960 ιη’
2456 3901 2554 3964 (sic
2572 3902 2741 3965 codd.;
2758 3902 2830 3962 νη’
2848 3903 2955 3954 edd.
2975 3907 3009 3968 ).
3361 3937 3366 3944 ·
3421 3928 3444 3945 e
3463 3936 3476 3958 -ι

2014 3972 2325 4034 Harpocratio
2345 3991 2357 4021 ε
2379 3972 2582 4035 Στρύμη·
2596 3975 2916 4036 Δημοσθένους
2930 3976 2977 4023 ἐν
2990 3980 3058 4038 τῷ
3075 3977 3185 4038 Περὶ
3200 3981 3283 4026 τοῦ
3297 3995 3497 4042 τριηραρ-

1952 4043 2180 4106 χήματος.
2203 4043 2502 4106 Ἡρακλείδης
2524 4045 2556 4101 ἢ
2575 4044 2915 4109 Φιλοστέφανος
2936 4047 2983 4094 ἐν
3005 4051 3074 4107 τῷ
3099 4049 3212 4109 Περὶ
3231 4048 3389 4106 νήσων
3409 4066 3495 4112 φη-

1953 4115 2031 4162 σίν
2047 4128 2058 4139 ·
2093 4132 2117 4156 «ι
2151 4113 2379 4163 Ἀποικίαι
2411 4114 2461 4161 δέ
2499 4115 2589 4162 εἶσι
2631 4113 2823 4164 Θασίων
2858 4120 2939 4172 τῆς
2966 4118 3149 4179 θρᾴκης
3182 4116 3393 4180 Γάληψος
3420 4123 3499 4167 καὶ

1953 4183 2136 4246 Στρύμη
2153 4186 2183 4242 ἡ
2201 4189 2361 4241 νῆσος.
2379 4202 2403 4226 u
2419 4183 2555 4231 Ἐστι
2576 4184 2626 4232 δὲ
2646 4184 2863 4248 ἐμπόριον
2878 4187 3082 4236 Θασίων.
3106 4188 3392 4249 Μνημονεύει
3407 4196 3499 4237 τῶν

1955 4256 2150 4304 Θασίων
2176 4255 2288 4318 πρὸς
2311 4255 2611 4317 Μαρωνείταις
2632 4255 2734 4318 περὶ
2755 4261 2838 4313 τῆς
2869 4258 3073 4321 Στρύμης
3108 4258 3497 4319 ἀμφισὸητῆσεως

1951 4324 2207 4386 Φιλόχορος
2230 4325 2277 4371 ἐν
2301 4322 2338 4370 ε’
2351 4357 2365 4381 ,
2387 4323 2651 4386 Ἀρχίλοχον
2673 4323 2955 4388 ἐπαγόμενος
2976 4327 3201 4389 μάρτυρα.

2017 4393 2196 4442 Plinius
2219 4396 2311 4452 lv,
2335 4401 2381 4453 5,
2404 4399 2463 4441 23
2492 4413 2502 4440 :
2533 4392 2689 4442 Melos
2708 4406 2823 4443 eum
2842 4395 3054 4457 oppido,
3070 4408 3230 4459 quam
3250 4397 3498 4446 Aristides

1953 4463 2172 4526 Byblida
2192 4464 2448 4525 appellat,
2470 4464 2765 4513 Aristoteles
2785 4465 3102 4527 Zephyrium
3115 4501 3130 4520 .
3150 4465 3498 4516 Callimachus

1954 4534 2273 4594 Mimallida,
2313 4533 2614 4582 Heraclides
2652 4534 2904 4596 Siphnum
2931 4537 2984 4584 et
3019 4539 3222 4597 Acycon.
3253 4535 3423 4585 Suidas
3445 4551 3495 4584 ν.

1952 4608 2156 4663 birine...
2186 4606 2276 4654 Καὶ
2300 4604 2444 4667 κρήνη
2478 4604 2526 4652 δὲ
2543 4603 2647 4652 καθ’
2674 4604 2975 4669 Ἡρακλείδην
2994 4605 3114 4667 ἐκεῖ,
3140 4607 3186 4662 ἐξ
3208 4605 3266 4666 ἧς
3289 4606 3410 4664 οἶνος
3432 4609 3501 4671 ῥεῖ

1954 4677 2081 4741 μάλα
2115 4676 2241 4734 ἡδύς.

2017 4747 2084 4809 (2)
2113 4745 2348 4800 Κτίσεις
2372 4746 2557 4806 ἱερῶν.
2578 4743 2730 4795 Clem.
2748 4747 2909 4794 Protr.
2937 4758 2981 4793 c.
3004 4751 3049 4804 2,
3072 4757 3121 4807 p.
3144 4751 3228 4808 11,
3249 4752 3309 4797 50
3332 4748 3461 4809 sylb.
3485 4761 3496 4790 =

1952 4815 2247 4880 Ἡρακλείδης
2266 4817 2313 4864 ἐν
2334 4814 2553 4864 Κτίσεσιν
2576 4818 2710 4880 ἱερῶν
2728 4818 2829 4880 περὶ
2848 4817 2932 4874 τὴν
2950 4817 3187 4879 Ἀκαρνίαν
3210 4819 3346 4879 φησὶν
3360 4819 3500 4878 ,ἔνθα

1952 4891 2007 4939 τὸ
2026 4889 2207 4938 Ἄκτιον
2231 4886 2355 4935 ἔστιν
2379 4887 2665 4950 ἀκρωτήριον
2695 4888 2776 4936 καὶ
2798 4892 2882 4935 τοῦ
2913 4886 3192 4944 ’Λπόλλωνος
3208 4894 3291 4937 τοῦ
3323 4889 3499 4939 Ἀκτίου

1953 4962 2006 5010 τὸ
2041 4960 2160 5020 ἱερὸν
2181 4960 2288 5012 ταῖς
2309 4956 2463 5018 μυίαις
2484 4956 2760 5018 προθύεσθαι
2786 4958 2918 5020 βοῦν.

2017 5031 2152 5090 Περὶ
2172 5027 2561 5090 χρηστηρίων.
2585 5028 2737 5076 Clem.
2768 5028 2902 5076 Alex.
2923 5029 3099 5077 strom.
3124 5031 3163 5087 l,
3183 5041 3231 5089 p.
3265 5033 3381 5091 139,
3403 5034 3496 5080 48ι

1952 5102 2010 5152 Ἦ
2031 5101 2228 5151 Σίδυλλα
2241 5097 2447 5159 Ὀρφέως
2460 5099 2758 5160 παλαιοτέρα·
2774 5098 2952 5159 λέγεται
2971 5099 3059 5160 γὰρ
3076 5101 3155 5146 καὶ
3170 5101 3271 5162 περὶ
3285 5105 3365 5158 τῆς
3379 5101 3500 5151 ἐπω·

1951 5173 2117 5237 νυμίας
2141 5171 2279 5229 αὐτῆς
2301 5171 2381 5218 καὶ
2404 5169 2507 5233 περὶ
2539 5172 2633 5218 τῶν
2662 5175 2886 5234 χρησμῶν
2907 5173 2999 5218 τῶν
3023 5170 3502 5233 καταπεφημισμένων

1875 5272 1973 5326 197
