4016 5916
566 386 701 448 'xxn

643 520 909 579 XXVIII.
932 517 1061 579 ’Ότι
1081 512 1203 590 ἧκεν
1231 523 1301 587 εἷς
1315 522 1408 590 τὴν
1430 522 1648 598 Ῥώμην
1675 524 1780 581 ἀπὸ
1798 529 1887 582 τοῦ
1916 528 2115 602 βασιλι·

569 611 660 665 κοῦ
689 606 863 682 γένους
889 607 1140 687 ὑπάρχων
1167 609 1432 687 Ἰογόρθας
1472 609 1669 688 ἕτερος,
1703 613 2122 687 ἀντιποιούμενος

565 698 658 765 τῆς
680 696 984 769 Νομαδικῆς
1004 696 1293 775 βασιλείας.
1323 699 1733 773 Εὖδοκιμοῧντος
1752 698 1806 757 δὲ
1827 702 1985 760 αὐτοῦ
2000 706 2120 760 καθ’

565 780 877 861 δπερὸολὴν,
916 786 944 840 ὁ
983 782 1245 862 Ἰογόρθας
1289 785 1682 860 μισθωσάμενός
1720 810 1861 855 τινας
1909 797 2122 868 σφαγεῖς

565 874 744 927 τοῦτον
770 868 866 945 μὲν
894 868 1284 950 ἐδολοφόνησεν,
1315 870 1467 937 αὐτὸς
1503 872 1556 928 δὲ
1603 875 1804 939 οὐδενὸς
1838 872 2121 941 κωλύοντος

566 958 850 1027 ἐπανῆλθεν
882 958 952 1023 εἷς
970 956 1065 1027 τὴν
1091 956 1379 1037 βασιλείαν.

643 1046 853 1104 XXIX.
881 1039 1011 1104 “Ort
1038 1049 1066 1103 ὁ
1105 1044 1455 1126 πρεσὸύτερος
1488 1048 1811 1123 Πτολεμαῖος
1839 1051 1891 1107 ἐν
1924 1050 2120 1108 Σελευ

566 1130 680 1188 κεία
708 1135 773 1209 τῇ
792 1130 939 1188 πόλει
959 1129 1030 1189 ὢν
1055 1133 1512 1208 συγκεκλεισμένος
1526 1176 1543 1203 ,
1566 1134 1664 1192 ὑπό
1686 1157 1819 1200 τινος
1836 1138 1938 1192 τῶν
1958 1134 2120 1215 φίλων

567 1213 980 1294 ε’πιὸουλευθεὶς,
1002 1218 1089 1275 τὸν
1115 1217 1210 1294 μὲν
1239 1216 1680 1277 ἐπιδουλεύσαντα
1711 1220 1991 1279 συλλαὸὼν
2016 1224 2117 1280 ἔτι·

567 1301 877 1382 μωρήσατο,
927 1263 998 1369 είς
1044 1304 1097 1362 δὲ
1138 1306 1197 1363 τὸ
1233 1304 1414 1364 λοιπὸν
1451 1307 1509 1363 οὗ
1559 1313 1664 1371 τοῖς
1704 1328 1918 1385 τυχουσι
1960 1307 2123 1385 φίλοις

567 1389 747 1449 ἑαυτὸν
777 1389 1065 1450 ἐπίστευεν.

644 1479 827 1538 ΧΧΧ.
856 1475 985 1538 Ὅτι
1009 1477 1203 1536 πολλαὶ
1235 1478 1298 1557 (1)
1330 1479 1709 1546 ἐπαναστάσεις
1736 1478 1970 1556 ἐγένοντο
1992 1483 2123 1539 οἰκε-

566 1569 685 1624 τῶν.
717 1565 916 1643 Πρώτη
949 1563 1047 1642 μὲν
1074 1569 1107 1635 ἡ
1132 1567 1250 1644 περὶ
1272 1564 1367 1636 τὴν
1401 1567 1464 1643 (2)
1500 1564 1814 1644 Νουκερίαν·
1841 1566 2123 1646 τριάκοντα

565 1653 777 1710 οἰκετῶν
805 1651 1131 1728 συνωμοσίαν
1153 1650 1524 1727 ποιησαμένων
1554 1653 1649 1711 καὶ
1679 1651 1814 1731 ταχὺ
1840 1654 2123 1712 κολασθέν-

565 1764 667 1797 των
684 1764 697 1776 ·
718 1739 929 1820 δευτέρα
956 1741 1010 1798 δὲ
1032 1740 1101 1819 (a)
1121 1746 1153 1811 ἡ
1173 1741 1292 1821 περὶ
1314 1740 1408 1811 τὴν
1429 1741 1670 1812 Καπύην,
1694 1741 1970 1800 διακοσίων
1996 1744 2125 1800 οἰκε-

565 1830 667 1883 τῶν
692 1825 1094 1885 ἐπαναστάντων
1120 1827 1211 1885 καὶ
1240 1826 1377 1907 ταχὺ
1407 1828 1759 1887 κολασθέντων
1784 1830 1876 1906 (4)·
1897 1829 2046 1909 τρίτη
2069 1830 2122 1888 δὲ

568 1913 854 1981 ἀπόστασις
894 1915 1095 1992 ἐγένετο
1132 1914 1419 1995 παράδοξος
1465 1915 1557 1974 καὶ
1598 1914 1732 1974 πολυ
1762 1916 1853 1982 τὰς
1892 1916 2120 1993 εἰθισμέ-

566 2024 656 2067 νας
680 2000 1056 2061 διαλλάττουσα
1104 2004 1190 2080 (ο).
1223 1994 1330 2063 τΗν
1352 2002 1455 2082 γάρ
1480 2026 1558 2068 τις
1586 2003 1741 2069 Τίτος
1761 2004 1854 2080 μὲν
1880 2004 2125 2072 Οὐέττιος

566 2087 753 2155 ἱππεὺς
780 2087 834 2146 δὲ
863 2091 924 2166 (ο)
952 2088 1254 2165 Ῥωμαίων,
1282 2089 1338 2156 ὃς
1360 2088 1496 2169 ἔχων
1524 2090 1727 2171 πατέρα
1757 2114 1821 2167 με
1860 2092 2121 2151 αλόπλου·

569 2197 677 2249 τον,
710 2174 801 2232 καὶ
827 2175 935 2241 νέος
965 2174 1039 2234 ὧν
1072 2179 1365 2249 παντελῶς,
1405 2181 1476 2243 εἰς
1510 2177 1785 2254 ἐπιθυμίαν
1850 2179 1937 2236 λθε
1964 2179 2120 2236 ἄλλο·

570 2262 713 2341 τρίας
751 2263 1144 2340 θεραπαινίδος,
1189 2263 1369 2322 κάλλει
1412 2264 1772 2345 διαφερούσης.
1856 2264 2124 2324 Ἐπιπλα·

568 2349 674 2415 κεὶς
704 2351 767 2427 (7)
799 2348 853 2407 δὲ
884 2354 1018 2430 αὐτῇ
1041 2351 1130 2409 καὶ
1165 2349 1469 2427 συμὸιώσας
1498 2351 1674 2410 ἱκανόν
1708 2375 1822 2410 τινα
1847 2352 2032 2431 χρόνον
2054 2354 2125 2417 εἷς

569 2437 738 2516 ἔρωτα
769 2437 1060 2515 παράδοξον
1102 2437 1312 2496 ἐνέπεσε
1347 2438 1437 2496 καὶ
1469 2439 1694 2497 διάθεσιν
1719 2440 1880 2518 μανία
1912 2462 2126 2517 παρεμ-

567 2527 719 2603 φερῆ.
805 2523 907 2583 Διὰ
926 2523 1027 2605 γὰρ
1049 2523 1143 2596 τὴν
1169 2524 1530 2605 φιλοστοργίαν
1550 2524 1927 2601 ἐπιὸαλόμενος
1947 2525 2124 2604 ἐξαγο-

569 2610 727 2688 ράσαι
748 2608 842 2679 τὴν
863 2610 1169 2687 παιδίσκην,
1187 2610 1249 2668 τὸ
1270 2608 1365 2687 μὲν
1387 2615 1592 2688 πρῶτον
1618 2611 1738 2691 ἔσχε
1760 2612 1848 2670 τὸν
1871 2613 2125 2683 δεσπότην

569 2696 727 2764 αὐτῆς
756 2695 1162 2775 ἀντιπράττοντα
1182 2741 1200 2774 ,
1233 2695 1368 2774 μετὰ
1396 2697 1450 2755 δὲ
1489 2704 1657 2756 ταῦτα
1694 2703 1769 2778 τῷ
1805 2698 2008 2775 μεγέθει
2036 2703 2126 2770 τῆς

567 2784 723 2854 τιμῆς
750 2783 1167 2862 προτρεψάμενος
1194 2782 1501 2862 ἐξηγόρασεν
1524 2784 1686 2855 αὐτὴν
1710 2785 1981 2844 ταλάντων
2000 2784 2122 2845 Ἀτ-

568 2871 724 2924 τικῶν
756 2868 919 2939 ἑπτὰ,
960 2868 1048 2927 καὶ
1082 2868 1176 2939 τὴν
1223 2869 1472 2929 ἀπόδοσιν
1509 2875 1601 2941 τῆς
1634 2876 1791 2948 τιμῆς
1829 2874 1899 2939 εἷς
1935 2872 2124 2930 τακτὸν

566 2953 747 3033 χρόνον
777 2955 1029 3014 συνέθετο.
1104 2956 1405 3025 Πιστευθεὶς
1429 2957 1482 3016 δὲ
1512 2965 1603 3017 τοῦ
1626 2960 1897 3040 χρήματος
1919 2958 2005 3017 διὰ
2032 2955 2125 3030 τὴν

568 3046 657 3098 τοῦ
687 3040 883 3120 πατρὸς
921 3042 1187 3123 εὐπορίαν,
1233 3043 1478 3121 ἀπήγαγε
1513 3046 1609 3116 τὴν
1638 3045 2007 3125 θεραπαινίδα,
2035 3046 2126 3104 καὶ

567 3127 793 3193 καταδυς
816 3127 885 3195 είς
911 3152 1027 3187 τινα
1059 3134 1163 3189 τῶν
1205 3153 1473 3212 πατρικων
1505 3135 1678 3212 ἀγρῶν
1715 3133 1997 3211 ἐξεπληρου
2025 3133 2123 3205 τὴν

571 3215 701 3273 ἰδίαν
730 3216 1022 3294 ἐπιθυμίαν.
1105 3217 1196 3285 Ὡς
1219 3217 1274 3277 δὲ
1294 3223 1322 3277 ὃ
1346 3219 1676 3298 συγκείμενος
1692 3245 1783 3279 του
1806 3222 1987 3302 χρέους
2006 3222 2124 3301 χρό-

568 3325 650 3369 νος
695 3304 917 3375 διῆλθεν,
961 3297 1087 3376 ἦκον
1130 3308 1179 3364 οί
1218 3305 1536 3386 πεμφθέντες
1575 3311 1644 3375 εἷς
1682 3308 1779 3379 τὴν
1815 3308 2119 3380 ἀπαίτησιν.

570 3388 639 3448 ‘0
671 3389 725 3448 δὲ
768 3392 840 3456 εἰς
874 3390 967 3462 τὴν
1008 3392 1319 3472 τριακοστὴν
1353 3393 1555 3472 ἡμέραν
1597 3395 1986 3471 ἀναὸαλόμενος
2030 3395 2124 3466 τὴν

571 3475 842 3548 ἀπόλυσιν,
864 3501 955 3535 και
980 3477 1040 3536 τὸ
1065 3478 1159 3554 μὲν
1182 3483 1366 3559 χρῆμα
1389 3481 1448 3538 οὗ
1470 3481 1748 3558 δυνάμενος
1774 3481 1988 3562 πορίσαι
2003 3525 2019 3552 ,
2047 3484 2123 3561 τῷ

571 3564 624 3621 δὲ
641 3563 793 3642 ἔρωτι
805 3564 1057 3624 δουλεύων
1066 3610 1083 3643 ,
1096 3566 1405 3645 ἐπεχείρησε
1415 3566 1595 3647 πράξει
1607 3590 1680 3625 πα
1688 3566 2024 3648 ραλογωτάτῃ
2040 3566 2122 3646 (s).

1337 393 1435 451 m<
1481 395 1634 453 ΤΗΣ
1676 395 2030 455 ΙΣΤΟΡΙΛΣ
2071 398 2456 461 ΔΙΟΔΩΡΟΥ
2497 403 2990 467 ΣΙΚΕΛΙΩΤΟΥ.

2269 541 2486 590 ΧΧΙΙΙΙΙ.
2527 544 2728 595 Romam
2765 547 2895 595 venit
2928 560 2956 597 e
2984 549 3110 609 regia
3135 549 3313 598 familia
3346 552 3481 599 ortus
3515 552 3770 613 logui-tua

2207 643 2346 704 alter,
2371 658 2570 706 regnum
2593 648 2907 698 Numidarum
2933 650 3023 699 sibi
3057 652 3399 701 vindicaturus.
3482 654 3576 712 Qui
3607 668 3772 717 quum

2209 747 2360 795 multa
2382 748 2535 810 gratia
2556 749 2681 812 apud
2701 753 2943 802 Romanos
2957 753 3134 815 pollere
3151 755 3397 818 coepisset,
3414 758 3441 805 J
3448 758 3656 819 ugurtha
3679 772 3774 820 per

2207 851 2400 901 sicarios
2418 851 2638 903 mercede
2653 854 2919 907 conductos
2934 856 3313 909 interficiendum
3326 860 3533 911 curavit.
3556 863 3678 924 lpse,
3693 876 3775 913 ne-

2207 953 2336 1004 mine
2354 956 2655 1019 prohibente,
2679 958 2728 1006 in
2752 971 2952 1020 regnum
2974 973 3117 1009 snum
3131 974 3350 1011 reversus
3367 965 3456 1012 est.

2269 1065 2438 1112 xxix.
2464 1063 2753 1114 Ptolemaeus
2768 1065 2944 1126 senior,
2967 1065 3086 1114 dum
3104 1065 3154 1115 in
3175 1067 3391 1118 Seleucia
3414 1067 3535 1119 urbe
3557 1069 3780 1120 inclusus

2207 1176 2458 1226 tenebatur
2470 1215 2484 1238 ,
2513 1177 2653 1227 amici
2671 1177 2920 1240 cujusdam
2940 1178 3118 1228 insidiis
3140 1181 3376 1243 appetitus
3390 1217 3406 1241 ,
3427 1182 3555 1232 bunc
3573 1184 3781 1246 quidem

2208 1288 2602 1351 comprehensum
2615 1291 2848 1353 supplicio
2865 1291 3025 1342 affecit
3037 1328 3051 1352 ,
3073 1292 3119 1341 in
3139 1295 3381 1355 postemm
3400 1309 3513 1346 vero
3532 1296 3664 1346 baud
3681 1298 3779 1347 ob·

2211 1394 2303 1444 viis
2327 1394 2598 1456 quibusque
2613 1408 2666 1445 se
2681 1395 2938 1446 commisit.

2271 1500 2420 1548 xxx.
2452 1498 2736 1561 complures
2765 1502 2882 1549 tunc
2907 1499 3160 1551 seditiones
3183 1514 3432 1552 servorum
3466 1509 3777 1557 exarserunt.

2212 1606 2372 1655 Prima
2401 1606 2614 1659 Nucerioe
2637 1607 2754 1668 fuit,
2779 1608 2861 1657 ubi
2882 1608 3075 1671 triginta
3098 1611 3223 1659 servi
3246 1611 3626 1672 conjurationem
3649 1614 3780 1664 inter

2210 1733 2262 1770 se
2283 1719 2525 1780 fecerunt,
2548 1718 2629 1768 sed
2650 1732 2764 1768 mox
2786 1733 2948 1781 poenas
2969 1719 3159 1771 dedere.
3221 1723 3442 1771 Secunda
3462 1724 3646 1774 exstitit
3675 1727 3778 1775 Ca·

2212 1842 2339 1891 puoe,
2351 1827 2432 1877 ubi
2445 1828 2569 1877 servi
2590 1828 2784 1878 ducenti
2798 1828 3087 1880 rebellarunt
3099 1866 3114 1891 ,
3134 1831 3186 1879 at
3199 1843 3314 1880 mox
3335 1831 3450 1881 item
3465 1833 3620 1894 puniti
3637 1838 3776 1885 stant.

2212 1940 2374 1990 Tertia
2394 1953 2425 1989 a
2446 1939 2640 2001 reliquis
2659 1952 2770 2002 quae
2801 1939 2904 1990 fieri
2927 1940 3145 1991 solebant
3165 1942 3307 2005 plane
3332 1942 3559 1993 differens
3593 1944 3778 1994 mirum

2213 2047 2262 2097 in
2283 2047 2482 2097 modum
2502 2048 2691 2098 accidit.
2754 2049 2893 2099 Titus
2913 2049 3108 2111 quidam
3133 2050 3323 2101 Vettius
3343 2055 3448 2103 erat
3464 2089 3479 2114 ,
3495 2067 3644 2117 eques
3671 2059 3774 2106 Ro-

2214 2172 2408 2220 manus,
2428 2161 2562 2222 patre
2577 2163 2720 2209 natus
2735 2159 2984 2210 ditissimo.
3047 2163 3093 2211 Is
3108 2197 3124 2222 ‚
3140 2161 3330 2224 juvenis
3359 2162 3623 2214 admodum
3643 2200 3659 2227 ‚
3698 2166 3773 2216 sa-

2217 2268 2363 2319 mulzn
2389 2270 2586 2331 alienae,
2621 2269 2869 2333 insigniter
2888 2271 3126 2333 formosae,
3152 2285 3317 2322 amore
3337 2276 3506 2336 captus
3538 2277 3627 2325 est.
3713 2280 3780 2327 Et

2213 2384 2434 2445 amplexu
2458 2384 2561 2445 eius
2578 2383 2756 2446 potitus
2771 2387 2821 2435 et
2843 2394 2927 2448 per
2944 2388 3135 2448 tempus
3154 2387 3349 2449 aliquod
3367 2401 3477 2437 cum
3499 2402 3556 2438 ea
3574 2403 3774 2441 consue·

2214 2502 2367 2552 soem,
2387 2489 2586 2540 mirifice
2604 2490 2812 2553 puellam
2822 2493 2870 2541 et
2888 2491 2949 2540 ad
2964 2491 3194 2542 insaniam
3211 2507 3362 2557 usque
3375 2493 3591 2557 deperire
3604 2497 3770 2560 coepit.

2215 2602 2322 2656 Qua
2340 2598 2516 2648 amoris
2536 2599 2838 2650 vehementia
2869 2600 3103 2663 impulsus
3123 2615 3272 2664 quum
3297 2603 3529 2655 redimere
3559 2607 3773 2669 puellam

2215 2707 2386 2769 vellet,
2407 2707 2541 2757 initio
2554 2707 2804 2757 dominum
2825 2708 3176 2772 obstrepentem
3195 2710 3377 2773 habuit,
3397 2726 3511 2763 mox
3529 2716 3772 2778 magnitu-

2214 2816 2324 2866 dine
2346 2816 2484 2879 pretii
2506 2829 2618 2866 eum
2639 2816 2916 2867 demulcens
2937 2818 3057 2868 emit
3074 2818 3283 2880 puellam
3301 2820 3492 2871 talentis
3510 2825 3681 2875 Atticis
3702 2838 3774 2875 se·

2215 2926 2364 2987 ptem,
2383 2927 2665 2989 certumque
2685 2925 2927 2976 solvendae
2945 2926 3159 2990 pecunioe
3172 2926 3299 2978 diem
3317 2928 3583 2980 constituit.
3607 2928 3772 2981 Fidem

2215 3036 2501 3086 conciliabat
2519 3035 2876 3099 patrimonium.
2960 3040 3132 3100 ltaque
3166 3051 3354 3088 servam
3373 3038 3604 3100 abduxit,
3637 3042 3688 3090 et
3720 3040 3772 3090 in

2217 3156 2368 3193 unum
2401 3157 2462 3193 ex
2486 3144 2612 3206 agris
2629 3145 2841 3207 paternis
2873 3157 2925 3196 se
2950 3145 3246 3196 abscondens
3279 3145 3525 3197 libidinem
3560 3148 3766 3200 satiavit.

2216 3258 2328 3305 Mox
2349 3268 2502 3318 quum
2525 3254 2627 3304 dies
2653 3255 2868 3317 pecuniae
2898 3255 3140 3306 solvendae
3175 3256 3385 3318 adesset,
3418 3261 3657 3308 venerunt
3684 3259 3767 3322 qui

2214 3367 2420 3429 pretium
2435 3366 2691 3428 exigerent.
2717 3366 2801 3416 llle
2823 3366 2872 3416 in
2890 3366 3184 3429 trigesimum
3204 3367 3316 3415 inde
3330 3365 3457 3416 diem
3480 3366 3766 3417 solutionem

2215 3469 2411 3520 remisit.
2437 3471 2498 3519 Et
2517 3482 2669 3532 quum
2687 3468 2831 3519 etiam
2856 3471 2974 3520 tunc
2986 3470 3216 3521 solvendo
3237 3481 3333 3518 non
3353 3471 3475 3519 esset
3489 3506 3504 3532 ,
3532 3470 3770 3534 simulque

2213 3573 2390 3622 amoris
2403 3572 2451 3621 vi
2465 3572 2695 3621 subactus
2703 3574 2963 3635 teneretur,
2977 3573 3159 3624 facinus
3170 3571 3361 3622 tandem
3372 3572 3577 3623 insolens
3590 3587 3770 3637 ami-es-

634 3732 852 3778 xxvlll.
888 3730 995 3781 Ful.
1038 3738 1149 3790 185,
1175 3739 1233 3781 22
1251 3758 1316 3769 —
1334 3739 1393 3782 26
1417 3745 1461 3781 r.
1498 3732 1789 3797 Ἰογόροας
1817 3731 2049 3796 ἕτερος]
2080 3735 2364 3782 Massivam
2391 3730 2598 3794 appellat
2626 3730 2819 3780 Sallust.
2839 3732 2950 3796 Jug.
2974 3735 3061 3791 353
3092 3730 3195 3780 Liv.
3219 3733 3306 3792 Ep.
3327 3733 3407 3782 64.
3434 3731 3766 3792 Fragmentum

572 3813 694 3861 pone
712 3805 818 3861 post
837 3799 919 3849 lib.
946 3804 1165 3862 xxxiv,
1184 3815 1228 3851 c.
1254 3806 1311 3853 35
1334 3802 1459 3863 (110
1484 3816 1530 3851 a.
1551 3805 1650 3862 0.).

634 3872 808 3919 ΧΧΙΧ.
843 3870 953 3921 Fot.
992 3876 1106 3930 185,
1122 3876 1305 3922 26—29
1325 3885 1372 3921 r.
1394 3873 1423 3921 ὁ
1452 3873 1845 3934 πρεσὸύτερος
1869 3867 2266 3934 Πτολεμαῖος]
2290 3870 2578 3919 Ptolemaeus
2596 3871 2711 3919 vlu
2729 3870 2870 3919 Soter
2890 3870 2963 3928 ΙΙ,
2983 3868 3109 3919 filius
3136 3867 3378 3918 Ptolemaei
3402 3870 3490 3917 vn
3510 3869 3690 3920 sotanis
3720 3874 3764 3932 Ι,

572 3939 718 3988 frater
735 3938 891 4000 major
913 3938 1168 3990 Alexandri
1195 3945 1234 3991 1.
1263 3944 1309 3990 ls
1327 3955 1471 4004 regno
1494 3942 1660 4003 pulsus
1685 3945 1700 4000 (
1721 3945 1804 3991 107
1830 3955 1876 3990 a.
1900 3945 1958 3991 c.
1977 3943 2024 4003 ),
2043 3955 2072 3990 e
2090 3944 2248 4003 Cypro
2266 3977 2281 3999 ‚
2307 3953 2456 4002 quam
2475 3939 2747 3998 obtinebat,
2773 3939 2820 3986 in
2853 3939 3040 3999 Syriam
3069 3938 3279 3999 trajecit,
3300 3940 3357 3986 ut
3379 3938 3613 3987 Antiocho
3629 3940 3763 4002 Cyzi·

571 4021 690 4056 reno
708 4011 877 4057 contra
902 4009 1190 4059 Antiochum
1211 4012 1425 4072 Grypum
1446 4010 1799 4069 auxiliaretur(
1820 4016 1904 4058 103
1932 4023 1979 4058 a.
2000 4012 2055 4059 c.
2070 4009 2104 4070 ).
2123 4013 2246 4067 Quoe
2263 4009 2313 4057 in
2331 4011 2468 4071 Syria
2483 4008 2676 4071 gesserit
2699 4008 2986 4057 Ptolemaeus
3009 4011 3171 4057 narrat
3190 4007 3425 4068 Josepbus
3444 4009 3550 4055 xlll
3572 4042 3589 4067 ‚
3616 4013 3700 4066 ¹2,
3719 4015 3761 4057 3.

572 4080 753 4126 verum
780 4077 842 4125 de
860 4090 971 4139 rege
988 4076 1036 4127 in
1052 4077 1269 4128 Seleucia
1287 4078 1405 4127 urbe
1421 4077 1614 4126 obsenso
1632 4077 1747 4127 nibil
1771 4077 1837 4128 ibi
1856 4078 2076 4126 traditur.
2101 4080 2171 4126 De
2192 4079 2487 4140 temporibus
2504 4077 2608 4139 ejus
2628 4090 2677 4125 v.
2702 4075 3072 4138 disputationem
3091 4075 3332 4126 Letronnii
3349 4075 3398 4123 in
3419 4078 3667 4138 Imm-ipe.
3688 4089 3760 4139 qr.

571 4148 635 4197 de
657 4141 903 4210 rssyypee.
926 4151 1045 4197 tom.
1068 4151 1119 4207 Ι,
1138 4161 1189 4210 p.
1213 4153 1272 4199 53
1289 4161 1394 4211 sqq.
1418 4151 1576 4198 lusere
1599 4149 1917 4210 fragmentum
1941 4150 2049 4210 post
2065 4150 2289 4209 xxxiv,
2310 4151 2389 4197 39.

634 4221 779 4268 xxx.
800 4218 907 4268 Fol.
932 4224 1040 4280 185,
1062 4226 1124 4269 30
1142 4232 1188 4268 r.
1207 4245 1267 4256 —
1288 4223 1393 4278 ¹85,
1397 4222 1455 4268 24
1477 4231 1524 4267 υ.
1548 4218 1784 4267 Diodorus
1796 4219 1855 4268 de
1875 4219 2037 4268 Siculo
2055 4218 2181 4267 bello
2201 4230 2466 4278 servorum,
2486 4216 2614 4278 quod
2632 4216 2816 4278 gestum
2834 4216 2906 4264 est
2923 4214 3035 4265 inde
3052 4214 3115 4264 ab
3131 4226 3258 4263 anno
3286 4220 3371 4264 102
3390 4228 3436 4264 a
3452 4217 3492 4265 c
3531 4216 3763 4276 expositu·

522 4315 535 4328 ·
574 4301 673 4346 rus,
692 4288 921 4348 praeniisit
939 4288 1168 4336 nonnulla
1186 4287 1247 4336 de
1263 4287 1496 4336 similibus
1513 4287 1872 4348 rebellionibus,
1892 4300 2001 4349 quoe
2017 4286 2129 4336 alibi
2148 4290 2258 4336 ante
2274 4287 2480 4337 Siculam
2498 4287 2630 4336 illam
2646 4285 2814 4335 iisdem
2829 4285 2928 4333 tere
2941 4284 3238 4347 temporibus
3253 4284 3534 4334 exarserint.
3556 4285 3765 4334 Eundem

574 4356 732 4403 locum
745 4354 891 4403 etiam
907 4356 1104 4405 photius
1120 4369 1168 4418 p.
1187 4361 1277 4406 529
1290 4356 1528 4417 excerpsit
1548 4357 1565 4417 (
1583 4356 1774 4405 Diodor-
1794 4359 2010 4417 xxxvl,
2029 4360 2058 4402 2
2074 4371 2121 4418 p.
2145 4363 2233 4406 550
2248 4357 2326 4405 ed.
2349 4356 2549 4416 Didot.).
2567 4355 2753 4405 Notabo
2771 4354 3053 4403 varietatem
3075 4352 3312 4403 lectionis.
3328 4361 3438 4404 -1,
3461 4355 3662 4404 Pliotius
3675 4357 3762 4417 ple-

573 4422 682 4471 nius
700 4423 765 4470 ita
786 4441 799 4471 ε
823 4424 918 4484 ΙΙρὸ
936 4424 986 4472 δὲ
1003 4430 1083 4482 τῆς
1106 4426 1227 4474 κατὰ
1244 4426 1327 4482 τὴν
1346 4423 1555 4473 Σικελίαν
1573 4430 1667 4474 τῶν
1684 4425 1859 4473 δούλων
1883 4425 2241 4482 ἐπαναστάσεως
2261 4427 2468 4487 ἐγένοντο
2484 4427 2608 4473 κατὰ
2630 4426 2712 4482 τὴν
2727 4424 2930 4473 Ἰταλίαν
2956 4423 3139 4478 πλείους
3163 4422 3444 4478 ἀποστάσεις
3465 4424 3762 4486 ὀλιγοχρόνια

572 4492 652 4539 καὶ
672 4493 829 4554 μικραὶ
842 4527 857 4549 ,
876 4493 1082 4554 καθάπερ
1102 4497 1185 4542 τοῦ
1203 4494 1443 4556 δαιμονίου
1467 4497 1860 4557 προσημαίνοντος
1882 4497 1936 4543 τὸ
1956 4495 2145 4556 μέγεθος
2166 4499 2246 4551 τῆς
2265 4495 2486 4559 ἐσομένης
2504 4496 2626 4544 κατὰ
2646 4496 2730 4553 τὴν
2749 4494 2958 4543 Σικελίαν
2976 4493 3356 4548 ἐπαναστάσεως.
3379 4495 3550 4557 Πρώτη
3575 4496 3657 4556 μὲν
3669 4497 3761 4543 κτλ.

572 4563 630 4608 ut
650 4561 777 4622 apud
800 4565 1042 4610 Nostrum.
1063 4588 1123 4597 —
1143 4570 1188 4612 2.
1208 4563 1345 4628 τὴν]
1369 4578 1467 4613 οιιι.
1491 4566 1632 4630 ἱζΙιοῑ.
1654 4593 1715 4601 -
1736 4573 1779 4615 3.
1799 4566 1855 4613 δὲ
1871 4564 1890 4627 ]
1909 4579 2008 4615 om.
2035 4567 2175 4615 t’bot.
2201 4593 2261 4606 -
2280 4568 2326 4613 4.
2343 4566 2686 4614 καταλυθέντων
2705 4563 2930 4625 photius,
2952 4565 3136 4614 melius.
3153 4591 3217 4604 -
3236 4572 3280 4612 5.
3306 4565 3472 4627 τρίτη
3490 4564 3595 4612 δὲ...
3616 4564 3762 4612 stai-

572 4633 897 4696 λάττουσα]
922 4634 1117 4683 letius
1138 4635 1329 4684 brevius
1349 4655 1361 4684 ι
1387 4636 1528 4699 Τρίτη
1552 4637 1602 4684 δὲ
1626 4637 1883 4698 παράδοξος
1909 4638 2070 4697 γέγονέ
2087 4654 2172 4693 τις.
2194 4639 2255 4686 Et
2278 4635 2449 4684 deinde
2470 4654 2482 4683 ε
2509 4634 2600 4684 'liv
2623 4636 2759 4690 Τίτος
2780 4633 3048 4689 Μενουίτιος
3065 4669 3081 4694 ,
3105 4633 3293 4682 omissis
3319 4635 3410 4696 γάρ
3426 4650 3512 4689 τις.
3537 4635 3628 4681 Pro
3651 4635 3763 4681 Μεν-

572 4705 724 4758 οὑτιος
739 4703 837 4764 ipse
859 4704 1055 4752 Pliotius
1070 4705 1117 4752 in
1137 4717 1272 4766 seqq.
1294 4705 1437 4755 babet
1456 4707 1687 4761 Οὐέττιος.
1708 4706 1842 4755 Unde
1861 4707 2018 4767 priore
2036 4707 2142 4754 loco
2160 4704 2484 4767 reponendum
2501 4717 2602 4753 esse
2617 4706 2698 4766 μὲν
2716 4704 2933 4759 Οὐέττιος
2952 4708 3081 4754 recte
3099 4703 3285 4751 monuit
3304 4703 3664 4764 wesselingius.
3685 4706 3763 4752 Ce-

573 4779 730 4821 terum
749 4786 835 4835 pro
849 4774 983 4830 Τίτος
1000 4774 1047 4822 iu
1069 4778 1232 4823 nostro
1250 4776 1413 4824 codice
1430 4780 1503 4825 cst
1517 4777 1683 4837 τΰγγος
1704 4777 1785 4838 μὲν
1803 4777 2015 4831 οὐίττιος.
2035 4801 2100 4811 -
2118 4782 2163 4823 (i.
2185 4774 2381 4824 Photius
2397 4793 2410 4823 z
2427 4774 2591 4830 ἱππεὺς
2610 4776 2691 4837 μὲν
2709 4774 2975 4837 Ῥωμαίων,
2998 4774 3373 4838 μεγαλοπλοῦτου
3392 4774 3442 4822 δὲ
3461 4774 3631 4835 πατρὸς
3642 4780 3760 4829 παῖς.

574 4840 724 4895 Οὗτος
749 4841 925 4902 ἠράσθη
946 4844 1260 4904 θεραπαινίδος
1283 4844 1518 4906 ἀλλοτρίας
1541 4847 1696 4893 κάλλει
1718 4846 1840 4907 διαφ.
1865 4874 1924 4886 -
1948 4848 1992 4893 7.
2021 4845 2217 4894 Photius
2234 4845 2517 4906 συμπλακεὶς
2545 4846 2562 4904 (
2583 4844 2750 4893 vocab.
2776 4844 2927 4892 rarius
2947 4842 3214 4897 ἐπιπλακεὶς
3241 4842 3413 4891 eodem
3430 4855 3570 4890 seusu
3589 4855 3617 4889 e
3637 4843 3760 4888 Pusi-

572 4910 716 4957 ‹lonio
742 4910 888 4959 habes
904 4925 983 4972 ap.
1012 4913 1183 4960 Allien.
1208 4925 1256 4974 p.
1278 4919 1386 4975 211,
1410 4917 1462 4963 F.
1489 4915 1665 4963 Eodem
1682 4916 1811 4964 sonte
1834 4916 1987 4962 utitur
2011 4913 2265 4964 Diodorus.
2285 4913 2406 4962 vide
2426 4914 2644 4962 Posidun.
2667 4914 2726 4963 fr.
2751 4913 2836 4972 15)
2855 4913 2897 4960 δ’
2915 4915 3034 4976 αὐτῇ
3056 4914 3135 4961 καὶ
3153 4913 3218 4966 εἰς
3239 4913 3391 4974 ἔρωτα
3411 4911 3667 4974 παράδοξον
3682 4914 3752 4958 αὑ·

573 4983 652 5035 τῆς
674 4979 891 5040 ἐμπεσὼν
906 4981 1177 5043 ἐξηγόρασεν
1204 4983 1366 5042 αὐτὴν,
1385 4985 1507 5032 οὕτω
1530 4989 1612 5032 τοῦ
1634 5001 1682 5032 τε
1708 4986 1966 5046 μανιώδους
1989 4983 2159 5045 ἔρωτος
2178 4983 2451 5045 βιαζομένου
2468 4984 2546 5032 καὶ
2565 4991 2648 5032 τοῦ
2667 4984 2826 5045 κυρίου
2848 4987 2930 5039 τῆς
2948 4984 3085 5045 κόρης
3102 4983 3186 5038 τὴν
3206 4987 3376 5042 πρᾶσιν
3397 4981 3524 5042 μόλις
3542 4981 3758 5028 κατανεύ-

574 5065 736 5105 σαντος
750 5086 764 5110 ,
783 5050 1019 5099 ταλάντων
1038 5051 1250 5100 Ἀττικῶν
1271 5053 1387 5101 ἑπτὰ
1400 5088 1414 5113 ,
1438 5055 1518 5101 καὶ
1534 5053 1696 5116 χρόνον
1711 5058 1851 5117 ὥρισε
1873 5053 1976 5101 καθ’
1998 5055 2051 5101 ὃν
2074 5053 2284 5102 ἀποτίσει
2301 5054 2355 5101 τὸ
2378 5055 2528 5115 χρέος.
2545 5053 2838 5102 Ἐπιστεύετο
2856 5053 2905 5099 δὲ
2923 5051 3000 5099 διὰ
3017 5067 3098 5106 την
3117 5052 3340 5112 πατρῴαν
3363 5050 3643 5113 περιουσίαν.
3667 5049 3760 5098 Ἑν-

572 5119 763 5174 στάντος
781 5122 828 5170 δὲ
847 5127 929 5169 τοῦ
948 5123 1201 5184 ὁρισθέντος
1214 5160 1228 5184 ,
1248 5126 1328 5170 καὶ
1348 5125 1413 5183 μὴ
1433 5125 1554 5186 ἔχων
1576 5126 1851 5185 ἀποδοῦναι,
1873 5125 2006 5172 πάλιν
2025 5124 2155 5179 ἔταξε
2177 5123 2419 5186 τριάκοντα
2439 5125 2620 5185 ἡμερῶν
2639 5121 2938 5185 προθεσμίαν.
2960 5120 3042 5175 Ὡς
3065 5121 3112 5166 δὲ
3131 5121 3210 5166 καὶ
3229 5120 3400 5177 ταύτης
3421 5118 3698 5198 ἐπιστᾶξης,
3722 5121 3759 5166 ῡὶ

575 5188 654 5250 μὲν
674 5189 919 5259 ἀπήντουν,
944 5193 970 5239 ὁ
992 5192 1041 5241 δὲ
1058 5192 1194 5241 οὐδὲν
1216 5194 1355 5242 πλέον
1382 5193 1504 5256 εἶχεν
1530 5194 1698 5256 ἀνύειν,
1722 5197 1748 5243 ὀ
1768 5196 1808 5244 δ’
1828 5197 1940 5257 ἔρως
1962 5195 2185 5256 ἤκμαζεν,
2206 5193 2474 5254 ἐπεχείρησε
2499 5193 2651 5255 πράξει
2674 5189 3059 5256 παραλογωτάτῃ.
3095 5189 3410 5237 Ἑπιὸουὶευει
3437 5190 3517 5249 μὲν
3548 5203 3639 5249 γαρ
3664 5189 3764 5254 τοὺς
