4016 5916
1678 442 2171 507 FRAGMENTA.

328 589 470 665 phin
498 583 761 642 Manetho
782 624 798 656 ,
831 577 1020 650 Chusa
1043 585 1402 633 monumenta
1420 571 1749 646 AEgyptiaca
1769 588 1877 624 vo-

333 686 476 731 cant.
520 677 718 730 Sensus
762 670 872 724 loci
914 669 1141 723 fortasse
1180 665 1271 719 hic
1320 660 1474 717 fuit:
1526 656 1876 732 Pyramidem

330 763 630 818 maximam
657 756 947 813 aedificavit
974 750 1249 808 secundus
1282 767 1381 803 rex
1417 747 1712 819 dynastiae,
1762 763 1877 798 non

330 860 467 896 vero
510 840 752 913 primus,
799 852 964 906 quem
1002 832 1284 901 Cheopem
1329 825 1655 881 Herodotus
1688 834 1875 878 vocat.

331 929 416 986 Cf.
446 930 684 983 Bunsen.
711 942 773 996 p.
807 918 1056 978 136.Sed
1079 918 1196 971 haec
1216 914 1598 969 incertisssima
1624 918 1767 977 sunt,
1782 906 1879 963 sse·

332 1017 498 1087 rique
516 1012 703 1086 potuit
721 1020 785 1065 ut
817 1003 1325 1079 reprehenderetur
1371 997 1696 1055 Herodotus
1722 995 1881 1068 quod

334 1103 619 1173 Cbeopem
639 1096 891 1167 Trojanis
909 1091 1258 1165 temporibus
1278 1088 1648 1163 posteriorem
1667 1084 1881 1158 posuis-

331 1201 435 1247 set.
467 1218 544 1230 —-
572 1187 831 1242 Ceterum
860 1180 1165 1237 Bunsenius
1195 1197 1255 1250 p.
1289 1175 1388 1232 161
1425 1174 1613 1229 statuit
1639 1172 1884 1246 pyrami-

3402 444 3506 494 ⁶51

1969 575 2130 650 quod
2159 591 2359 631 nomen
2379 571 2494 645 ejus
2535 572 2591 627 in
2610 569 2870 646 precibus
2894 568 3286 644 AEgyptiorum
3317 583 3522 622 occur·

1967 665 2068 733 rit,
2116 672 2339 720 testante
2365 662 2563 734 Lepsio
2608 659 2628 734 (
2656 658 3029 725 Todtenbuclz,
3086 665 3219 711 sect.
3273 654 3345 719 64
3366 654 3408 726 ).
3434 654 3520 711 Cf.

1968 752 2204 808 Bunsen.
2229 768 2292 822 p.
2324 749 2452 804 133.
2471 779 2547 789 —
2575 748 2682 803 Hic
2703 746 2873 820 igitur
2895 745 3208 817 Mycerinus
3230 744 3338 798 sive
3366 744 3525 798 Μειι-

1972 839 2151 906 chres,
2176 839 2261 892 uti
2283 837 2463 893 Graeci
2488 844 2741 890 auctores
2764 833 3008 890 referunt
3032 832 3074 886 l.
3095 831 3156 899 l.,
3182 829 3526 903 pyramidem

1972 927 2239 982 exstruxit
2265 944 2388 998 quae
2413 920 2795 998 magnitudine
2815 932 2892 977 est
2907 920 3062 976 tertia
3081 960 3097 988 ‚
3126 917 3378 991 lapidum
3396 936 3527 973 vero

1974 1012 2380 1088 magnificentia
2401 1023 2564 1084 atque
2593 1020 2705 1065 arte
2721 1018 3009 1063 structurae
3031 1007 3282 1061 omnium
3304 1005 3526 1078 pulcer-

1977 1101 2138 1156 rima.
2188 1099 2607 1173 Sarcophagum
2643 1097 2701 1151 in
2726 1115 2788 1152 ea
2815 1097 3104 1169 ipsumque
3134 1095 3274 1168 regis
3296 1091 3530 1148 cadaver

1974 1190 2178 1261 reperit
2193 1192 2352 1261 Vyse,
2378 1186 2591 1260 Anglus
2612 1183 3010 1241 celeberrimus.
3029 1184 3078 1237 N
3083 1201 3191 1236 unc
3213 1199 3306 1236 rex
3326 1180 3383 1234 in
3406 1179 3532 1237 Bri-

337 1277 462 1333 dem
500 1275 797 1329 maximam
827 1289 859 1325 a
881 1264 1339 1325 Chnemu-chusu
1371 1260 1750 1334 imperfectam
1773 1276 1883 1312 esse
1928 1319 1936 1340 ἢ
1978 1277 2166 1331 (Μυῖα
2180 1273 2340 1346 jacet·
2371 1273 2565 1330 Loculi
2603 1272 2867 1343 operculo
2900 1288 3022 1342 (με
3046 1269 3309 1341 inscripta
3335 1267 3535 1340 legun·

334 1365 607 1434 relictam,
633 1360 706 1416 ad
729 1357 896 1414 finem
919 1374 1054 1411 vero
1080 1372 1220 1427 opus
1246 1349 1582 1425 perductum
1611 1362 1643 1401 a
1675 1342 1885 1415 Clmfirz
1928 1342 1936 1389 Ι

332 1469 466 1527 rege
488 1447 651 1520 hujus
683 1446 945 1520 dynastiae
970 1452 1275 1516 postremO.
1304 1436 1445 1492 Vide
1482 1435 1647 1492 infra.
1683 1465 1753 1477 —
1781 1434 1889 1488 Mi-

319 1556 462 1613 ·rum
492 1536 738 1608 denique
771 1543 851 1587 est
888 1528 1046 1603 quod
1064 1523 1371 1602 pyramidis
1397 1522 1649 1576 maximae
1669 1529 1887 1575 exstru-

337 1636 580 1690 ctorem,
609 1639 776 1694 quem
802 1617 1124 1674 Herodotus
1151 1624 1205 1669 et
1241 1615 1356 1686 ipse
1374 1611 1633 1666 Manetho
1654 1606 1886 1662 deorum

338 1721 788 1782 contemptorem
815 1707 976 1761 fuisse
1002 1704 1223 1770 dicunt,
1252 1698 1511 1754 Manetho
1532 1694 1892 1750 nihilominus

334 1797 434 1868 τὴν
483 1794 627 1875 ἱερὰν
657 1792 952 1872 συγγράψαι
983 1788 1161 1868 βίὸλον
1203 1786 1393 1846 tradit.
1450 1783 1645 1839 Melius
1678 1783 1792 1836 haec
1834 1781 1892 1834 in

340 1897 662 1960 sequentem
687 1902 877 1955 regem
896 1879 1253 1943 Mencheren‚
1275 1875 1455 1927 virum
1478 1870 1891 1936 sanctissimum,

345 1974 703 2048 quadrarent.
722 1969 991 2026 Eusebius
1009 1984 1125 2021 rem
1164 1963 1403 2036 explicat
1430 1959 1605 2013 verbo
1638 1951 1892 2030 μετανοή-

345 2084 537 2130 σαντα,
575 2080 605 2116 e
630 2078 763 2126 suo,
792 2058 1018 2130 opinor,
1049 2071 1227 2127 penu,
1257 2049 1416 2106 sicuti
1451 2046 1614 2101 etiam
1652 2063 1775 2118 quae
1810 2062 1892 2099 se·

348 2161 597 2224 quuutur
621 2146 774 2220 apud
801 2144 1123 2200 Africanum
1141 2138 1205 2208 ἣν
1243 2139 1312 2200 ὡς
1347 2132 1481 2210 μέγα
1514 2133 1697 2209 χρῆμα
1722 2131 1774 2187 ἐν
1800 2130 1892 2187 Αἰ·

348 2238 530 2314 γύπτῳ
555 2234 823 2312 γενόμενος
871 2225 1172 2302 ἐκτησάμην
1206 2241 1503 2299 perperam
1534 2220 1789 2277 mutavit.
1836 2219 1893 2274 Si

352 2345 471 2380 non
499 2324 716 2391 omnia,
756 2330 1039 2395 postrema
1064 2316 1257 2371 saltem
1291 2307 1468 2386 (ἣν...
1496 2302 1834 2380 ἐκτησάμην)
1865 2324 1896 2359 a

351 2416 559 2469 seriore
586 2410 835 2484 quodam
865 2405 1094 2461 homine
1122 2411 1299 2458 assuta
1319 2408 1473 2466 sunt3
1498 2413 1635 2451 num
1662 2412 1796 2449 vero
1826 2393 1895 2448 ab

352 2501 616 2558 Africano
634 2539 649 2567 ,
676 2516 747 2552 an
775 2497 845 2550 ab
873 2492 1189 2564 antiquiore
1209 2489 1433 2559 aliquo,
1456 2500 1656 2558 parum
1698 2482 1893 2553 liquet.

434 2590 521 2644 111
565 2597 618 2642 et
645 2588 741 2642 lv.
773 2586 1097 2655 Sequuntur
1120 2575 1272 2650 apud
1298 2570 1717 2629 Eratosthenem
1743 2568 1901 2621 Mos-

354 2677 544 2732 cheres
585 2683 637 2732 et
657 2671 925 2729 Moscha.
948 2671 1019 2724 In
1054 2667 1121 2722 iis
1144 2666 1318 2719 latent
1340 2661 1457 2716 duo
1486 2675 1635 2733 reges
1659 2653 1900 2727 ejusdem

356 2765 600 2819 nominis
620 2761 935 2817 Mencberes
956 2758 983 2811 1
1011 2764 1068 2811 et
1094 2755 1151 2808 11
1167 2794 1185 2826 ‚
1210 2751 1297 2805 uti
1322 2755 1472 2822 patet
1493 2764 1558 2801 ex
1583 2750 1903 2815 comparata

358 2851 545 2905 tabula
568 2847 855 2922 Abydena.
886 2842 1144 2902 Man-etho
1181 2835 1403 2896 nonnisi
1441 2850 1614 2892 unum
1645 2830 1901 2887 Menche-

354 2958 475 2995 rem
493 2948 793 3007 memorat,
816 2934 908 2993 sed
930 2934 1061 2989 huic
1084 2930 1184 2987 uni
1205 2938 1288 2985 tot
1320 2927 1427 2983 sere
1451 2941 1624 2982 annos
1650 2917 1767 2997 (63)
1797 2917 1904 2975 tri-

354 3027 479 3083 buit
505 3036 646 3102 quot
663 3024 1042 3082 Eratosthenes
1064 3020 1159 3077 dat
1183 3018 1407 3090 utrique
1435 3009 1847 3087 (31÷33=64
1868 3009 1904 3082 ).

356 3147 438 3162 -—
463 3114 791 3172 Mencheres
826 3114 855 3167 1
896 3113 958 3171 in
999 3110 1188 3166 tabula
1220 3103 1487 3178 Abydena
1522 3100 1652 3155 loco
1682 3098 1904 3153 decimo

361 3212 561 3276 quarto
591 3198 658 3277 (⁴¹)
700 3199 962 3255 scrIbitur
1010 3200 1085 3251 ita
1132 3214 1147 3249 ε
1188 3188 1421 3250 Nema*
1473 3202 1676 3241 xli-n.
1716 3186 1908 3240 Unum

359 3291 577 3363 signum
593 3328 609 3358 ,
632 3285 789 3361 quod
804 3283 1036 3352 excidit,
1058 3280 1331 3354 supplevit
1357 3275 1659 3345 Bunsenius
1671 3271 1911 3326 scribens

364 3376 687 3433 Men-kern.
716 3375 891 3428 Neter
913 3369 995 3445 (i.
1026 3389 1071 3427 e.
1105 3366 1271 3441 deus)
1305 3380 1614 3437 cognomen
1653 3370 1729 3415 est
1755 3357 1911 3431 quod

363 3464 561 3535 saepius
606 3458 878 3515 defunctis
921 3455 1142 3530 regibus
1181 3451 1356 3507 tribui
1410 3449 1545 3504 solet
1596 3446 1689 3519 (ut
1746 3465 1759 3499 ι
1817 3463 1912 3500 ne-

364 3560 585 3617 ter-na,
626 3547 762 3602 deus
808 3561 1062 3616 magnus,
1119 3535 1451 3596 neter-nesra
1470 3574 1488 3605 ‚
1529 3535 1662 3589 deus
1691 3532 1910 3605 bonus);

366 3636 678 3694 Mencberes
697 3651 830 3691 vero
858 3631 1085 3698 meruit,
1110 3638 1401 3702 propterea
1428 3621 1584 3695 quod
1615 3630 1741 3693 post
1776 3617 1916 3673 duos

364 3743 517 3801 reges
533 3725 737 3799 impios
756 3724 869 3796 ipse
885 3738 942 3776 se
952 3718 1306 3792 justissimum
1326 3709 1567 3786 praebuit
1592 3702 1722 3763 etde
1739 3710 1917 3781 Aegy-

366 3816 499 3890 ptiis
525 3814 733 3888 optime
752 3809 979 3866 meritus
999 3816 1093 3862 est.
1122 3806 1264 3860 Nam
1301 3798 1464 3855 talem
1504 3794 1663 3851 fuisse
1691 3795 1917 3850 tradunt

368 3901 692 3960 Herodotus
717 3902 807 3969 11,
846 3893 1099 3970 129,ubi
1124 3888 1405 3966 Μυκερῖνος
1456 3903 1552 3939 rex
1577 3884 1915 3950 nominatur,

373 4005 425 4047 et
448 3989 737 4046 Diodorus
763 3990 819 4056 1,
847 3987 918 4049 64
934 4027 951 4053 ‚
979 3982 1046 4049 6,
1085 3979 1186 4035 ubi
1213 3975 1497 4053 Μυκερῖνος
1518 3968 1553 4039 ἢ
1580 3969 1917 4047 Μεγιερῗνος.

374 4078 618 4153 Uterque
627 4078 868 4151 scriptor
876 4073 1054 4129 filium
1066 4067 1362 4142 Cephrenis
1376 4062 1683 4138 perbibent.
1698 4059 1919 4131 Quanto

380 4167 595 4224 honore
616 4165 769 4240 apud
796 4160 1087 4237 AEgyptios
1113 4156 1275 4212 suerit
1292 4196 1307 4224 ,
1325 4153 1487 4209 etiam
1510 4148 1637 4207 inde
1663 4157 1918 4224 apparet,

444 4351 511 4413 (⁶)
536 4354 635 4401 Rex
668 4349 883 4398 decimus
904 4347 1106 4408 quartus
1128 4340 1429 4392 Eratostheni
1460 4338 1533 4387 est
1553 4337 1765 4385 decimus
1782 4334 1924 4395 septi·

381 4434 507 4469 mus.
568 4421 673 4468 Non
696 4418 834 4478 longe
860 4417 981 4465 alter
1012 4413 1073 4461 ab
1106 4412 1259 4461 altero
1296 4407 1500 4466 recedit3
1539 4404 1713 4454 recedit
1747 4407 1924 4452 tamen.

383 4486 660 4539 Differentia
682 4500 800 4535 vero
832 4483 1057 4548 explicari
1092 4483 1260 4544 potest.
1288 4480 1466 4537 Nempe
1491 4488 1642 4537 quum
1674 4472 1836 4522 tabula
1868 4473 1925 4520 ad

381 4556 600 4620 Abydum
624 4555 887 4617 pertineat,
920 4565 1030 4615 quae
1052 4551 1167 4599 urbs
1192 4549 1283 4597 fuit
1306 4543 1429 4607 regia
1459 4543 1619 4605 stirpis
1652 4541 1926 4598 Ttiinitieoe,

383 4628 752 4676 consentaneum
770 4627 841 4672 est
862 4626 1105 4672 auctorem
1136 4622 1240 4682 post
1258 4616 1457 4679 primam
1481 4612 1745 4675 dynastiam
1763 4611 1929 4662 Thini-

384 4697 530 4744 ticam
566 4707 663 4743 non
690 4692 901 4755 posuisse
921 4690 1275 4752 memphiticam
1298 4685 1498 4748 primam
1515 4719 1529 4743 ,
1552 4681 1633 4731 sed
1654 4692 1762 4743 qum
1792 4679 1930 4740 juxta

386 4767 507 4814 hanc
531 4764 776 4826 regnavit,
804 4761 1091 4812 Thiniticam
1131 4756 1408 4807 secundam.
1447 4752 1592 4815 igitur
1621 4751 1660 4800 si
1697 4751 1860 4812 primae
1877 4748 1915 4797 si

385 4835 485 4884 cuti
516 4833 852 4884 Eratosthenes
884 4830 1015 4881 dedit
1043 4842 1174 4891 reges
1195 4828 1435 4890 quinque,
1470 4823 1607 4873 alteri
1632 4834 1775 4878 vero,
1794 4818 1931 4868 sicuti

385 4905 608 4955 manetho
620 4940 638 4967 ,
658 4906 838 4965 septem
856 4938 870 4962 ,
902 4900 1153 4951 duodecim
1173 4897 1325 4959 regnis
1340 4894 1467 4943 idem
1487 4892 1690 4956 spatium
1705 4888 1930 4951 explevit,

336 5012 339 5017 -
386 4975 515 5039 quod
542 4975 669 5039 apud
692 4973 1051 5023 Eratosthenem
1075 4973 1148 5020 est
1169 4979 1333 5030 regum
1353 4961 1752 5024 quattuordecim.
1771 4962 1933 5021 itaque

388 5050 550 5097 nostra
577 5046 795 5110 dynastia
841 5044 1066 5106 inciperet
1091 5056 1119 5091 a
1155 5054 1264 5103 rege
1282 5040 1420 5098 xiil,
1445 5036 1526 5098 qui
1562 5038 1829 5084 antecessor
1864 5037 1935 5080 est

389 5122 650 5178 Menoetae,
687 5116 806 5166 adeo
826 5118 883 5165 ut
913 5113 1103 5164 nonnisi
1125 5125 1275 5161 unum
1323 5106 1494 5168 Chusa
1532 5104 1695 5166 (cuius
1732 5101 1938 5151 nominis

392 5188 639 5250 vestigium
662 5187 783 5237 inest
801 5185 850 5235 in
879 5185 1132 5248 superstite
1152 5184 1220 5245 F)
1240 5189 1490 5231 numerare
1507 5177 1676 5225 auctor
1690 5172 1933 5237 potuisset.

391 5258 512 5310 Vide
534 5260 741 5310 Bunsen.
765 5270 814 5320 p.
840 5261 926 5306 1⁸0
946 5267 1021 5318 sq.

1982 1373 2092 1431 tur,
2132 1382 2199 1420 ex
2225 1362 2373 1417 libro
2418 1360 2674 1415 Bunsenii
2713 1376 2773 1430 p.
2824 1376 2926 1427 ¹7¹
2978 1366 3134 1410 verto
3175 1354 3524 1421 verbotenus,

1987 1473 2008 1497 α
2043 1450 2213 1504 Osiris
2239 1445 2453 1521 (beate)
2477 1463 2575 1501 rex
2607 1445 2831 1499 Mamm
2860 1461 3018 1510 dm,
3051 1444 3111 1496 in
3147 1450 3412 1496 aeternum
3449 1441 3532 1494 vi·

1978 1555 2135 1605 vens,
2184 1530 2699 1598 coelitus-oriunde,
2747 1529 2826 1584 fili
2867 1531 3038 1603 Netpe
3066 1527 3282 1601 (ΝεὶιΙι,
3327 1527 3520 1592 Rhea»,

1979 1623 2157 1697 deoe),
2186 1621 2443 1696 prosapia
2481 1620 2674 1674 matris
2696 1615 2802 1691 (sc.
2819 1613 3069 1692 deorum)
3089 1656 3105 1683 ,
3135 1633 3168 1671 a
3194 1614 3299 1672 Seb
3328 1616 3396 1687 (a
3421 1614 3534 1668 Sa-

1986 1705 2175 1784 turno)
2202 1712 2408 1765 amate!
2434 1705 2738 1762 Extendere
2765 1705 2974 1768 velitse
3007 1712 3179 1758 mater
3216 1712 3312 1756 tua
3360 1702 3536 1773 Netpe

1982 1815 2153 1871 supra
2172 1796 2506 1853 te:nomine
2545 1813 2664 1862 suo,
2695 1811 2811 1866 quo
2852 1793 3054 1847 coelum
3096 1790 3338 1864 pandere
3389 1787 3536 1843 dici-

1984 1883 2217 1955 tur,****
2247 1882 2536 1939 ostendens
2562 1893 2612 1938 te
2639 1880 2742 1936 deo
2762 1875 3158 1954 [debellatori]
3184 1879 3537 1950 impurorum

1995 1983 2232 2027 tuorum
2270 1970 2628 2025 inimicorum
2661 1987 2676 2026 t
2705 1985 2801 2023 rex
2841 1968 3010 2022 Mur:
3051 1984 3225 2034 υ-ιιΑ,
3271 1965 3458 2020 vivens
3484 1965 3540 2017 in

1986 2076 2276 2122 aeternum.
2311 2087 2333 2112 υ
2363 2063 2617 2122 Ceterum
2639 2059 2763 2115 vide
2793 2080 2804 2114 z
2838 2047 3343 2115 Eclae’rcissements
3365 2077 3462 2112 sur
3488 2058 3540 2110 le

1984 2154 2220 2208 cercuee‘l
2231 2154 2308 2207 du
2325 2157 2410 2207 roi
2440 2153 2789 2222 Mure-eriam,
2824 2148 3054 2202 nudum
3071 2148 3142 2201 de
3171 2146 3450 2219 l'Anglae's
3486 2156 3541 2198 et

1985 2240 2384 2313 accompagn&
2399 2238 2471 2292 de
2493 2248 2644 2291 notes
2658 2254 2774 2308 par
2789 2236 3141 2288 Lenormant.
3166 2232 3334 2286 Paris
3367 2228 3538 2301 1839.

1991 2359 2068 2370 ——
2098 2329 2412 2401 Mycerinus
2442 2337 2623 2382 tamen
2670 2342 2788 2380 non
2813 2322 2885 2378 ad
2906 2321 3069 2377 finem
3091 2319 3355 2393 perduxit
3374 2337 3544 2392 pyra-

1988 2416 2191 2472 midem
2206 2458 2221 2487 ,
2243 2425 2373 2471 teste
2390 2412 2650 2470 Diodoro
2672 2413 2719 2482 1,
2751 2410 2851 2482 64,
2874 2429 2904 2478 7
2938 2428 2951 2464 :
2976 2397 3144 2472 Οῧτος
3177 2403 3544 2479 ἐπιόαλόμενος

1986 2501 2164 2581 τρίτην
2185 2498 2607 2571 κατασκευάζειν,
2625 2494 2876 2575 πρότερον
2897 2490 3224 2564 ἐτελεύτησεν
3242 2491 3374 2568 ἤπερ
3394 2490 3450 2547 τὸ
3470 2489 3549 2566 ἔρ-

1989 2611 2080 2667 γον
2101 2586 2257 2645 ἔλαὸε
2282 2583 2598 2645 συντέλειαν.
2625 2585 2806 2657 quue
2825 2585 3063 2638 rationes
3101 2580 3546 2637 architectonicae

1992 2679 2162 2753 ipsius
2200 2676 2382 2751 operis
2426 2673 2792 2748 comprobare
2832 2669 3116 2726 videntur.
3184 2670 3249 2721 V.
3309 2667 3545 2722 Bunen.

1991 2787 2050 2841 p.
2086 2786 2187 2838 ¹71
2210 2784 2356 2839 sqq„
2382 2763 2480 2836 qui
2505 2759 2787 2835 perfecisse
2814 2777 2931 2814 eam
2952 2757 3140 2813 statuit
3157 2752 3507 2818 ⁴Nitocridem
3523 2795 3534 2816 ,

1994 2854 2257 2927 dynastiae
2299 2861 2461 2907 sextae
2508 2849 2756 2923 reginam
2794 2855 3148 2919 postremam.
3204 2844 3361 2897 Hanc
3406 2841 3549 2896 enim

1995 2943 2252 3003 Manetho
2281 2941 2494 3000 tertiam
2519 2933 2861 3014 pyramidem
2889 2932 3209 2991 exstruxisse
3227 2927 3417 2986 tradit.

2076 3037 2256 3107 Prope
2279 3050 2398 3088 eam
2419 3031 2532 3085 sitae
2559 3036 2686 3082 sunt
2711 3042 2899 3098 parvae
2915 3019 3233 3096 pyramides
3255 3030 3381 3086 tres,
3411 3036 3554 3090 qua-

1997 3140 2126 3177 rum
2146 3123 2206 3176 in
2231 3118 2417 3175 media
2447 3118 2576 3172 item
2604 3122 2778 3170 exstat
2807 3128 3018 3166 nomen
3042 3107 3350 3163 Menkeura
3376 3102 3552 3178 lapidi

2000 3210 2357 3284 insculptum.
2410 3205 2592 3278 Quare
2618 3200 2920 3258 Bunsenius
2957 3197 3144 3252 statuit
3185 3195 3293 3248 boc
3330 3211 3434 3248 esse
3473 3210 3555 3245 se-

1999 3298 2261 3370 pulcrum
2291 3291 2610 3349 Mencheris
2648 3291 2740 3343 II.
2789 3284 3080 3342 Diodorus
3115 3282 3153 3335 l.
3198 3281 3235 3337 l.
3266 3279 3338 3335 de
3373 3279 3559 3351 parvis

2002 3385 2115 3439 istis
2146 3378 2529 3456 pyramidibus
2572 3375 2746 3431 refert
2769 3372 2886 3427 haec
2914 3388 2927 3427 :
2951 3366 3164 3432 Ταύτας
3193 3363 3246 3422 δέ
3273 3386 3399 3443 φασι
3443 3362 3559 3426 τοὺς

2003 3461 2404 3545 προειρημένους
2453 3466 2587 3538 τρεῖς
2629 3460 2856 3536 βασιλεῖς
2885 3456 2998 3519 ταῖς
3040 3454 3189 3517 ἰδίαις
3228 3448 3554 3509 κατασκευαί,

2006 3574 2095 3610 σαι
2127 3547 2370 3629 γυναιξίν.
2394 3553 2476 3606 Ac
2500 3548 2683 3603 nescio
2728 3564 2865 3601 num
2893 3559 3099 3597 nomen
3140 3540 3354 3613 regium
3395 3536 3557 3591 suffi-

2006 3643 2134 3709 ciat,
2160 3649 2224 3695 ut
2249 3637 2485 3693 mediam
2528 3631 2872 3707 pyramidem
2907 3647 3025 3684 non
3061 3627 3228 3680 uxori
3258 3622 3563 3679 Mencheris

2004 3728 2205 3802 primi,
2231 3726 2330 3781 sed
2374 3724 2485 3797 regi
2513 3721 2792 3779 Mencheri
2831 3720 2889 3774 11
2932 3724 3264 3773 exstructam
3303 3729 3415 3766 esse
3443 3730 3561 3765 me-

2011 3819 2122 3874 rito
2150 3825 2472 3874 statuamus».
3362 3796 3376 3812 '

2088 3906 2199 3978 Qui
2244 3913 2372 3977 post
2400 3898 2752 3957 Mencherem
2785 3895 2845 3948 in
2892 3888 3244 3946 Manetlionis
3288 3886 3565 3941 laterculis

2012 4002 2299 4068 ponuntur
2321 3992 2380 4045 5.
2415 3988 2664 4041 Ratoises
2696 3992 2751 4038 et
2780 3980 2833 4036 6.
2856 3977 3131 4042 Bicheres,
3171 3972 3244 4028 ad
3259 3971 3564 4045 dynastiam

2013 4077 2422 4136 antecedentem
2453 4071 2597 4152 (111,
2628 4072 2662 4126 8
2686 4082 2739 4126 et
2761 4067 2829 4142 9)
2856 4066 3148 4140 pertinent.
3177 4092 3254 4102 —
3295 4060 3566 4131 Deinceps

2013 4169 2161 4224 venit
2182 4161 2564 4231 Sebercheres,
2591 4156 2748 4232 quod
2758 4172 2960 4211 nomen
2977 4151 3200 4224 Lepsius
3220 4146 3300 4220 (ν.
3323 4147 3558 4202 Bunsen.

2014 4275 2072 4330 p.
2114 4252 2262 4329 128)
2296 4260 2473 4305 mutat
2499 4250 2558 4302 in
2606 4241 3024 4319 Nephercheres
3080 4234 3190 4313 (uti
3237 4245 3314 4290 est
3343 4235 3402 4287 in
3425 4232 3559 4306 dyn.

2016 4346 2080 4411 V,
2104 4341 2181 4416 3).
2203 4335 2525 4412 Respondet
2549 4335 2607 4388 in
2621 4331 2811 4387 tabula
2838 4326 3110 4399 Abydena
3134 4320 3561 4379 Numan-mn.

2017 4427 2165 4485 Nihil
2197 4428 2267 4482 de
2292 4443 2362 4480 eo
2381 4420 2788 4478 Eratosthenes.
2818 4419 3024 4472 Verum
3050 4428 3222 4484 quum
3240 4409 3435 4481 saepius
3455 4407 3566 4462 hoc

2018 4533 2227 4571 nomen
2248 4510 2442 4573 redeat
2469 4509 2528 4562 in
2548 4504 2797 4580 dynastia
2824 4502 3018 4575 quinta
3040 4496 3565 4570 Elephantinorum‚

2020 4601 2315 4677 probabile
2362 4607 2442 4653 est
2474 4594 2591 4667 jam
2637 4590 2901 4665 dynastiae
2961 4596 3170 4660 quartae
3224 4581 3570 4655 temporibus

2021 4708 2198 4748 unum
2236 4706 2306 4743 ex
2337 4685 2509 4757 stirpe
2536 4679 2901 4755 Elephantine
2915 4675 3075 4747 juxta
3105 4671 3434 4746 Memphitas
3458 4687 3568 4742 po-

2019 4789 2255 4835 stremos
2276 4780 2547 4847 regnasse.

2099 4876 2167 4929 V.
2210 4872 2452 4927 Ultimus
2485 4884 2585 4921 rex
2613 4883 2705 4937 ap.
2762 4862 2917 4916 Erat.
2948 4859 3233 4919 Pammes,
3293 4873 3385 4927 ap.
3419 4854 3568 4911 Man.

2030 4955 2414 5032 Thamphtlu‘s.
2447 4951 2542 5008 tiis
2563 4949 2796 5005 indicari
2818 4946 3124 5001 Bunsenius
3149 4941 3286 4998 dicit
3306 4939 3396 5015 (p.
3427 4942 3567 5017 ηπ)

2024 5062 2230 5102 nomen
2256 5042 2501 5116 regium,
2519 5034 2674 5110 quod
2702 5032 2775 5088 ad
2805 5029 3120 5106 pyramides
3152 5037 3438 5101 repertum
3494 5038 3573 5081 est

2026 5134 2330 5207 saepiusque
2351 5126 2618 5195 occurrit,
2640 5132 2706 5178 ut
2723 5122 2781 5176 in
2812 5119 3070 5194 sepulcro
3091 5114 3249 5190 quod
3276 5114 3349 5170 ad
3383 5114 3571 5169 archi-

2030 5230 2238 5277 tectum
2265 5215 2426 5289 hujus
2460 5214 2606 5289 regis
2628 5210 2907 5286 pertinere
2952 5206 3159 5263 dicitur
3205 5202 3296 5279 (ν.
3341 5203 3571 5276 Lepsius
