4016 5916
1245 353 1979 415 COMMENTARIOBUM
2023 353 2512 415 FRAGMENTA.

366 489 600 543 Photius
632 487 781 543 Bibl.
823 486 954 542 cod.
988 486 1163 543 CLXI
1200 487 1369 542 tradit
1402 488 1703 561 Sopatrum
1740 505 1831 542 so-

288 577 527 650 phistam
556 592 587 630 e
610 575 760 630 libro
788 586 946 629 sexto
979 575 1192 630 decimo
1218 575 1319 629 τῶν
1350 571 1672 649 Συμμίκτων
1711 575 1849 630 ὓπο-

282 659 576 738 μνημάτων
616 663 769 718 varia
795 660 1085 736 paradoxa
1120 671 1177 716 et
1210 661 1608 734 improbabilia
1658 661 1832 716 colle-

278 751 442 824 gisse.
465 749 653 822 Quare
670 751 783 805 huc
800 748 987 805 refero
1007 749 1197 804 locum
1209 746 1555 821 sequentem,
1579 748 1675 821 qui
1695 747 1836 823 fugit

284 838 589 893 Mahnium.

1008 923 1105 992 87.

362 1045 613 1100 AElianus
632 1045 698 1101 N.
717 1048 785 1102 A.
814 1045 943 1100 VIII
959 1085 974 1113 ‚
998 1062 1028 1114 7
1056 1061 1070 1100 :
1097 1039 1433 1120 Ἀριστόξενος
1454 1039 1510 1099 δέ
1529 1040 1628 1100 πού
1654 1064 1832 1121 φησιν,

284 1129 447 1208 ἄνδρα
479 1137 589 1196 ταῖς
629 1128 807 1209 χερσὶν
836 1127 950 1209 ὅφιν
978 1125 1094 1186 τινὰ
1124 1129 1458 1207 ἀποκτεῖναι,
1487 1127 1576 1188 καὶ
1620 1129 1694 1206 μὴ
1734 1130 1832 1201 δη-

280 1217 474 1296 χθέντα
497 1215 638 1292 ὅμως
660 1214 866 1293 θιγόντα
893 1219 1183 1274 ἀποθανεῖν·
1201 1214 1291 1274 καὶ
1315 1213 1410 1286 τὴν
1438 1218 1629 1287 ἐσθῆτα
1653 1217 1708 1274 δὲ
1736 1217 1832 1274 αὖ·

284 1307 374 1362 τοῦ
394 1347 409 1376 ,
437 1302 499 1375 ἣν
538 1301 690 1382 ἔτυχε
717 1305 886 1383 φορῶν
916 1300 1000 1361 ὅτε
1030 1303 1116 1361 τὸν
1143 1302 1255 1385 ὅφιν
1288 1303 1494 1384 ἀνῄρει,
1523 1303 1611 1362 καὶ
1636 1304 1834 1377 ἐκείνην

282 1395 516 1461 σαπῆναι
541 1392 598 1450 οὗ
629 1389 762 1467 μετὰ
782 1389 1003 1472 μακρόν.

362 1625 699 1699 Apollonius
745 1626 885 1680 flist.
923 1625 1124 1682 Mirah.
1155 1643 1206 1679 c.
1240 1624 1313 1680 30
1347 1644 1358 1679 :
1403 1621 1739 1703 Ἀριστόξενος
1781 1623 1834 1682 δὲ

284 1712 316 1767 6
344 1709 586 1786 μουσικὸς
613 1706 1043 1789 τεταρταΐζοντας
1082 1707 1177 1781 τὴν
1202 1708 1400 1781 ίλξίνην
1432 1710 1584 1792 φησὶν
1613 1712 1834 1790 βοτάνην

282 1794 417 1872 μετὰ
452 1797 626 1856 ἐλαίου
667 1796 978 1876 τριὸομίνην
1027 1796 1116 1855 καὶ
1167 1795 1545 1878 συγχριομένην
1590 1797 1691 1878 πρὸ
1740 1802 1829 1870 τῆς

282 1881 486 1963 λήψεως
515 1882 759 1941 ἀπολύειν
783 1888 871 1942 τοῦ
899 1882 1109 1950 πάθους.

361 1974 389 2028 6
434 1970 718 2050 μουσικός]
750 1972 850 2050 οὐχ
892 1974 919 2029 6
946 1993 1102 2045 μουσ.
1135 1976 1405 2030 Meursius
1446 1975 1518 2030 ad
1550 1976 1833 2031 medicum

281 2057 689 2133 llerophileum
716 2077 835 2117 rem
866 2061 1138 2132 reserens3
1163 2062 1281 2117 sine
1309 2081 1513 2119 caussa.

1018 2181 1116 2258 89.

770 2310 868 2367 ΤΑ
915 2307 1344 2368 ΣΠΟΡΑΔΗΝ.

359 2422 526 2496 Diog.
553 2423 616 2477 L.
638 2423 693 2490 l,
730 2440 861 2495 107,
890 2421 962 2477 de
989 2424 1221 2496 Mysone
1250 2441 1263 2476 ε
1294 2419 1634 2499 Ἀριστόξενος
1661 2419 1716 2478 δι’
1742 2442 1832 2499 φτ,-

280 2528 367 2564 σιν
411 2508 462 2581 ἐν
492 2510 596 2573 τοῖς
632 2507 930 2587 Σποράδην,
959 2509 1017 2566 οὗ
1063 2507 1239 2588 πόρρω
1266 2508 1509 2585 Τίμωνος
1544 2507 1699 2567 αὐτὸν
1742 2508 1829 2566 καὶ

288 2592 626 2671 Ἀπημάντου
659 2593 946 2672 γεγονέναι·
975 2601 1356 2674 μισανθρωπεῖν
1385 2594 1504 2675 γάρ.
1575 2595 1830 2677 Ὀιρθῆναι

276 2686 406 2759 γοῦν
428 2683 480 2740 ἕν
509 2681 861 2758 Λακεδαίμονι
878 2681 1030 2759 μόνον
1055 2682 1137 2739 ἐπ’
1160 2684 1378 2762 ἐρημίας
1399 2684 1631 2760 γελῶντα
1647 2705 1660 2720 ·
1686 2682 1830 2765 ἄφνω

278 2766 339 2826 δέ
377 2790 507 2835 τινος
544 2768 844 2835 ίπιστάντος
893 2768 983 2828 καὶ
1023 2767 1349 2878 πυθομένου,
1395 2768 1480 2826 διὰ
1519 2768 1572 2826 τί
1616 2768 1832 2844 μηδενος

278 2855 532 2936 παρόντος
548 2858 696 2937 γελᾷ,
722 2857 944 2938 φάναιμ
921 2855 1033 2915 ιδι’
1054 2856 1180 2915 αὐτὸ
1199 2879 1372 2917 τουτο.
1396 2854 1594 2921 »Φησὶ
1620 2856 1665 2915 δ’
1695 2855 1832 2933 Ἀρι-

284 2941 535 3017 στόξενος,
568 2941 645 3003 ὅτι
677 2942 816 3003 ἔνθεν
854 2966 945 3003 και
989 2941 1164 3013 ἄδοξος
1207 2933 1290 3017 ἠν,
1325 2946 1404 3003 ὅτι
1433 2945 1564 3021 μηδὲ
1605 2948 1830 3018 πόλεως,

284 3030 418 3088 ἀλλὰ
449 3030 659 3107 κώμης,
682 3032 771 3089 καὶ
793 3036 960 3089 ταῦτα
990 3033 1240 3113 ἅφανους
1266 3030 1377 3091 ὅθεν
1407 3031 1492 3090 διὰ
1513 3031 1606 3104 τὴν
1627 3031 1831 3100 ἀδοξίαν

284 3118 444 3177 αὐτου
471 3141 561 3177 και
604 3118 669 3177 τὰ
694 3121 853 3178 αυτου
880 3118 1021 3186 τινὰς
1059 3121 1421 3203 Πεισιστράτῳ
1446 3125 1726 3200 περιθεῖναι
1758 3124 1831 3179 τῶ

276 3203 539 3286 τυράννῳ,
572 3207 728 3285 χωρὶς
753 3206 1034 3274 Πλάτωνος
1056 3210 1144 3265 τοῦ
1173 3204 1473 3287 φιλοσόφου.

1003 3382 1092 3431 87.

344 3476 657 3526 Aristoxenus
693 3476 902 3540 quodam
940 3477 1047 3529 loco
1082 3478 1199 3528 dicit
1240 3479 1396 3528 virum
1434 3479 1517 3540 qui
1564 3480 1830 3540 serpentini

280 3553 529 3617 quandam
550 3555 771 3606 manibus
796 3556 1135 3617 interfecisset,
1169 3557 1307 3606 nullo
1342 3568 1506 3605 morsu
1533 3555 1596 3605 ab
1621 3568 1679 3606 ea
1709 3556 1828 3603 atle-

283 3635 439 3694 ctum,
457 3646 517 3682 ex
535 3631 636 3682 solo
654 3635 787 3683 tactu
802 3632 951 3683 vitam
973 3632 1212 3684 amisisse:
1232 3633 1453 3695 illiusque
1467 3635 1665 3694 vestem,
1683 3643 1829 3694 quam

282 3720 342 3757 eo
368 3711 581 3772 tempore
600 3722 752 3771 quum
769 3712 1037 3775 serpentem
1054 3709 1383 3773 interimebat,
1400 3711 1634 3772 gestaret,
1651 3721 1747 3757 non
1766 3708 1831 3757 ita

276 3785 439 3836 multo
463 3788 568 3849 post
587 3786 843 3849 putruisse.

1013 3880 1101 3931 88.

345 3973 656 4023 Aristoxenus
673 3973 885 4025 musicus
902 3987 984 4025 eos
1010 3977 1093 4038 qui
1122 3975 1341 4026 laborant
1356 3978 1622 4040 quartana,
1645 3976 1833 4027 liberari

278 4049 452 4099 morbo
472 4050 711 4112 affirmat,
734 4051 773 4099 si
808 4050 1033 4103 helxinen
1065 4053 1262 4103 herbam
1286 4055 1399 4104 ante
1425 4066 1668 4104 accessum
1693 4054 1836 4104 febris

274 4126 516 4190 inungant
538 4128 726 4191 corpori
748 4127 917 4178 tritum
944 4142 1056 4179 cum
1078 4130 1203 4181 oleo.

1015 4230 1105 4280 89.

345 4320 655 4373 Aristoxenus
675 4325 838 4374 autem
862 4324 912 4374 in
936 4326 1080 4375 Varia
1112 4326 1350 4387 Historia,
1376 4327 1503 4377 bunc
1528 4330 1832 4389 (Mysonem)

284 4410 316 4446 a
337 4398 552 4448 Timonis
568 4400 619 4448 et
645 4401 893 4463 Apemanti
918 4401 1132 4452 moribus
1153 4416 1249 4452 non
1268 4403 1475 4453 muitum
1496 4404 1705 4455 abluisse
1723 4418 1833 4468 per·

278 4475 443 4538 hibet,
472 4476 649 4541 quippe
680 4478 767 4542 qui
795 4480 1044 4530 hominum
1077 4494 1187 4531 osor
1221 4480 1383 4531 luerit.
1418 4483 1496 4533 Sic
1527 4485 1834 4545 conspectum

286 4555 633 4607 Lacedaemone
655 4558 813 4608 solum
847 4559 897 4608 in
934 4559 1188 4610 solitudine
1220 4560 1480 4622 ridentem,
1508 4562 1558 4611 et
1587 4561 1837 4625 interroga·

282 4634 393 4682 tum
417 4631 479 4681 ab
517 4633 681 4696 aliquo
697 4671 712 4697 ‚
735 4635 817 4698 qui
848 4635 1104 4699 derepente
1134 4640 1500 4701 supervenerat,
1532 4650 1620 4688 our
1644 4639 1838 4689 nemine

286 4714 521 4773 presente
538 4711 715 4763 rideret
742 4729 755 4762 ι
786 4716 849 4765 At
869 4715 934 4764 ob
956 4715 1048 4765 hoc
1065 4715 1218 4779 ipsum
1233 4752 1248 4777 ‚
1271 4715 1467 4780 dixisse,
1484 4716 1635 4768 rideo.
1657 4719 1838 4769 Auctor

276 4788 360 4837 -est
389 4787 728 4853 Aristoxenus,
757 4804 869 4841 eum
900 4794 950 4842 et
968 4793 1217 4855 propterea
1234 4792 1448 4856 ignotum
1480 4794 1675 4846 latuisse
1705 4795 1837 4859 quod

287 4876 385 4914 non
415 4877 477 4914 ex
495 4866 643 4929 urbe,
665 4866 750 4917 sed
770 4880 833 4918 ex
850 4868 959 4919 vieo
981 4881 1136 4933 eoque
1157 4869 1390 4931 obscuro,
1427 4874 1570 4922 natus
1594 4874 1717 4922 esset
1739 4892 1751 4923 ε
1772 4873 1836 4922 ob

286 4954 491 5006 eamque
506 4943 868 5010 ignominium,
887 4960 997 5011 quae
1016 4947 1162 5011 ipsius
1177 4951 1307 5012 sunt,
1318 4949 1575 5001 nonnullos
1593 4950 1838 5002 Pisistrato

280 5020 492 5087 qranno
514 5022 750 5089 tribuere,
782 5028 957 5090 praeter
981 5025 1226 5079 Platonem
1245 5022 1600 5093 philosophum.

3364 368 3473 423 2⁹1

2244 542 2401 602 ΣΥΜ
2410 543 2650 602 ΜΙΚΤΑ
2693 541 3032 602 >aminon
3045 545 3163 604 ΚΑ.

2653 717 2749 774 90.

2006 838 2300 892 Athenaeus
2333 838 2484 907 xlv,
2519 855 2580 911 p.
2627 835 2777 906 632,
2805 840 2893 893 A.
2881 854 2894 868 ·
2924 833 3115 915 Διόπερ
3147 835 3483 917 Ἀριστόξενος

1925 926 1976 982 ἐν
1999 930 2101 988 τοῖς
2119 921 2441 999 Συμμίκτοις
2464 944 2871 1000 συμποτικοις,ι
2885 920 3131 999 Ὅμοιον,
3149 924 3293 1005 φησὶ,
3313 950 3484 987 ποιου·

1928 1032 2023 1087 μεν
2076 1008 2510 1075 Ποσειδωνιάταις
2559 1012 2666 1075 τοῖς
2717 1010 2769 1067 ἓν
2815 1013 2891 1069 τῶ
2940 1013 3253 1092 Τυρσηνικῷ
3293 1013 3481 1072 κόλπω

1923 1119 2268 1157 κατοικουσιν.
2310 1087 2408 1162 Οἷς
2448 1095 2639 1168 συνέὸη
2684 1096 2751 1155 τὰ
2790 1095 2883 1174 μὲν
2922 1097 2974 1166 ἐξ
3013 1099 3178 1178 άρχης
3221 1098 3481 1174 Ἕλλησιν

1923 1175 2066 1242 ουσιν
2087 1182 2614 1263 ἑκ6ε6αρ6αρῶσθαι,
2643 1183 2983 1265 Τυρρηνοῒςῆ
3014 1184 3301 1262 Ῥωμαίοις
3328 1212 3479 1267 γεγο·

1922 1271 2061 1345 νόσι,
2099 1270 2187 1329 καὶ
2232 1269 2325 1342 τήν
2354 1293 2409 1329 τε
2439 1271 2612 1353 φωνὴν
2652 1271 3099 1350 μεταὸεόληκέναι
3122 1273 3190 1332 τά
3224 1297 3281 1333 τε
3320 1275 3481 1334 λοιπὰ

1922 1383 2026 1418 των
2071 1355 2517 1436 ἐπιτηδευμάτων,
2560 1357 2703 1435 άγειν
2740 1381 2798 1417 τε
2847 1358 2971 1436 μίαν
3008 1358 3124 1419 τινὰ
3152 1361 3336 1429 αὗτους
3376 1365 3478 1422 τῶν

1922 1450 2113 1529 ἑορτῶν
2144 1449 2246 1504 τῶν
2275 1444 2600 1519 Ἑλληνικῶν
2649 1444 2724 1504 ἔτι
2763 1446 2853 1505 καὶ
2890 1451 3002 1525 νῦν,
3043 1450 3095 1506 ἕν
3136 1440 3174 1528 ᾖ
3218 1449 3474 1519 συνιόντες

1925 1532 2408 1612 ἀναμιμνήσκονται
2422 1535 2523 1592 τῶν
2547 1532 2780 1614 ἀρχαίων
2800 1533 3006 1592 ἐκείνων
3021 1535 3286 1609 ὀνομάτων
3309 1560 3365 1596 τε
3388 1541 3479 1597 καὶ

1922 1622 2175 1699 νομίμων,
2205 1645 2294 1679 και
2323 1620 2774 1702 ἀπολοφυράμενοι
2805 1645 2935 1700 προς
2961 1622 3215 1692 ἀλλήλους
3242 1625 3381 1684 xui'
3353 1649 3477 1684 απο-

1924 1709 2271 1789 δακρυσαντες
2298 1706 2634 1788 ἀπέρχονται.
2762 1708 2922 1769 Οὕτω
2951 1709 3013 1780 δὴ
3059 1700 3171 1786 ουν,
3202 1712 3359 1792 φησὶ,
3387 1712 3478 1771 καὶ

1921 1797 2105 1874 ἡμεις,
2137 1795 2316 1868 ἐπειδὴ
2345 1794 2521 1855 καὶτὰ
2548 1795 2740 1875 θέατρα
2770 1795 3268 1877 ἕκὸεὸαρὸάρωται,
3294 1798 3384 1858 καὶ
3408 1803 3480 1867 είς

1924 1882 2158 1961 μεγάλην
2207 1881 2485 1963 διαφθορὰν
2538 1883 2886 1961 προελήλυθεν
2935 1886 2968 1954 ἡ
3023 1881 3294 1963 πάνδημος
3343 1885 3476 1961 αὕτη

1924 1971 2177 2046 μουσικὴ,
2217 1970 2333 2029 καθ’
2362 1967 2545 2036 αὑτους
2572 1967 2838 2047 γενόμενοι
2879 1968 3043 2048 ὀλίγοι
3071 1972 3476 2050 ἀναμιμνησκό-

1924 2061 2076 2133 μεθα,
2107 2055 2188 2115 οἵα
2209 2048 2272 2128 ἦν
2299 2060 2332 2127 ἡ
2355 2055 2600 2132 μουσική.
2630 2058 2867 2116 »Ταῦτα
2898 2055 2992 2132 μὲν
3021 2061 3049 2115 6
3072 2056 3431 2138 Ἀριστόξενος.

2650 2222 2750 2280 91.

1999 2334 2332 2390 Plutarchus
2355 2336 2436 2389 De
2456 2351 2596 2391 mus·
2623 2352 2675 2389 c.
2701 2332 2867 2408 43‚p.
2897 2353 2918 2389 1
2937 2333 3065 2405 146,
3087 2337 3132 2391 F
3156 2355 3169 2389 ε
3192 2333 3475 2396 Συνέδαινε

1921 2416 2023 2497 γὰρ
2075 2416 2368 2494 εἰσάγεσθαι
2419 2414 2695 2495 μουσικὴν,
2738 2421 2807 2485 ὡς
2850 2419 3034 2490 ἱκανὴν
3081 2421 3339 2479 ἀντισπᾶν
3385 2421 3475 2480 καὶ

1920 2499 2167 2584 πραΰνειν
2207 2504 2301 2576 τὴν
2337 2510 2428 2564 τοῦ
2465 2504 2600 2565 οἴνου
2640 2506 2928 2586 ὑπόθερμον
2959 2505 3197 2584 δύναμιν·
3240 2506 3474 2587 καθάπερ

1922 2614 2022 2651 που
2067 2592 2196 2673 φησὶ
2237 2591 2329 2652 καὶ
2371 2595 2398 2652 6
2444 2590 2691 2673 ὑμέτερος
2731 2592 3098 2674 Ἀριστόξενος·
3145 2595 3335 2662 ἔκεῒνος
3372 2595 3475 2675 γὰρ

1922 2682 2118 2755 ίλεγεν,
2160 2679 2455 2755 εἰσάγεσθαι
2507 2679 2762 2757 μουσικὴν
2805 2684 2932 2760 παρ’
2977 2681 3094 2740 ὅσον
3138 2685 3166 2741 6
3210 2681 3306 2761 μὲν
3342 2675 3474 2749 οἶνος

1921 2767 2169 2847 σφάλλειν
2210 2766 2410 2849 πέφυκε
2445 2770 2549 2825 τῶν
2592 2767 2721 2838 ἄδην
2751 2770 2892 2847 αὐτῷ
2934 2768 3285 2848 χρησάμίνων
3312 2771 3379 2828 τά
3419 2792 3475 2828 τε

1922 2853 2144 2931 σώματα
2168 2855 2257 2914 καὶ
2279 2854 2369 2922 τὰς
2402 2853 2655 2922 διανοίας·
2685 2858 2719 2926 ἡ
2746 2853 2798 2913 δὲ
2824 2854 3048 2931 μουσικὴ
3069 2859 3133 2935 τῇ
3162 2855 3282 2936 περὶ
3309 2856 3472 2928 αὐτὴν

1921 2945 2061 3012 τάξει
2100 2967 2155 3003 τε
2188 2940 2279 3003 καὶ
2309 2940 2605 3065 συμμετρία
2639 2943 2710 3009 είς
2753 2938 2846 3013 τὴν
2887 2942 3122 3001 ἐναντίαν
3156 2943 3478 3009 κατάστασιν

1925 3029 2039 3107 αγει
2065 3053 2122 3088 τε
2149 3028 2239 3088 καὶ
2268 3022 2503 3108 πραΰνει.
2555 3029 2712 3110 Παρὰ
2752 3035 2936 3089 τοῦτον
2977 3021 3065 3089 ουν
3088 3031 3176 3089 τὸν
3204 3031 3383 3112 καιρὸν
3408 3036 3478 3100 ὥς

1920 3115 2222 3265 βὸηθήματι
2248 3120 2313 3192 τῇ
2359 3119 2585 3195 μουσικῇ
2608 3114 2726 3183 τοὺς
2754 3117 3002 3196 ἀρχαίους
3036 3116 3164 3198 φησὶ
3191 3122 3480 3199 κεχρησθαι

2002 3226 2182 3284 μηρθς·

2157 3389 2593 3451 MISCELLAN
2601 3391 2702 3449 EA
2742 3392 2882 3451 CON
2895 3390 3230 3451 V1VAL1A.

2645 3525 2734 3575 90.

1980 3631 2350 3679 Aristoxenusin
2366 3633 2410 3679 M
2417 3629 2674 3679 iscellaneis
2683 3630 3038 3691 convivalibus,
3056 3650 3079 3671 α
3100 3633 3197 3681 Nos
3215 3628 3282 3691 id,
3301 3629 3473 3693 inquit,

1921 3708 2147 3769 iacimus,
2176 3707 2307 3771 quod
2341 3707 2659 3758 Posidoniatae
2695 3708 2756 3757 ad
2782 3709 3130 3771 Tyrrhenicum
3164 3709 3328 3758 sinum
3359 3708 3438 3758 siti
3455 3744 3472 3771 ,

1919 3786 2000 3848 qui
2019 3788 2160 3835 antea
2181 3784 2338 3836 Graeci
2369 3786 2416 3834 in
2440 3785 2799 3847 Tyrrhenorum
2822 3788 2906 3835 aut
2944 3788 3270 3836 Romanorum
3300 3784 3475 3835 barita-

1921 3865 2038 3913 riem
2067 3862 2184 3926 lapsi
2205 3862 2405 3912 mutatis
2430 3875 2549 3913 voce
2574 3864 2623 3912 et
2648 3863 2880 3912 institutis
2895 3898 2910 3923 ,
2933 3876 3087 3912 unum
3115 3865 3279 3912 tamen
3301 3863 3474 3912 festum

1922 3941 2254 3992 Graecanicum
2275 3943 2423 4003 agunt
2440 3939 2503 3991 ad
2522 3941 2651 3990 hunc
2664 3953 2814 4002 usque
2834 3940 2962 3990 diem
2974 3977 2990 4001 ,
3009 3954 3107 4003 quo
3123 3952 3222 3990 ‘una
3240 3941 3474 4002 congressi

1920 4020 1967 4068 in
1996 4018 2277 4068 memoriam
2300 4017 2389 4067 sibi
2417 4020 2646 4067 revocant
2675 4017 2827 4079 prisca
2861 4017 2943 4066 itta
2974 4018 3170 4067 nomina
3200 4020 3250 4068 et
3274 4029 3475 4066 consue-

1921 4094 2109 4146 tudines
2138 4094 2404 4145 :lacriunti
2446 4107 2563 4144 vero
2602 4096 2746 4157 atque
2778 4096 2957 4143 sortem
2987 4107 3125 4144 suam
3148 4096 3320 4144 mutuo
3356 4106 3475 4143 oon-

1920 4172 2076 4236 questi
2100 4171 2366 4223 discedunt.
2394 4172 2472 4222 Sic
2488 4172 2536 4221 et
2553 4184 2641 4220 nos
2653 4207 2668 4231 ,
2689 4171 2844 4232 inquit
2861 4207 2876 4233 ‚
2906 4172 3158 4234 postquam
3177 4171 3367 4220 theatra
3385 4183 3476 4220 no·

1919 4253 2023 4299 stra
2047 4248 2249 4299 barbara
2267 4248 2392 4298 tacta
2408 4253 2538 4309 sunt,
2561 4249 2613 4298 et
2630 4247 2803 4297 misere
2820 4250 3046 4311 corrupta
3061 4260 3141 4297 ars
3161 4247 3269 4297 haec
3291 4247 3476 4297 musica

1920 4328 1969 4374 et
1999 4324 2254 4388 prostituta
2289 4326 2386 4386 est,
2411 4324 2633 4387 privatim
2656 4323 2738 4387 qui
2763 4326 2997 4374 restamus
3032 4324 3206 4386 pauci,
3243 4324 3476 4373 memoria

1922 4405 2183 4467 repetimus
2208 4404 2363 4467 qualis
2392 4404 2506 4454 olim
2536 4403 2681 4453 tuerit
2702 4404 2901 4453 musica.
2935 4423 2959 4447 n
2991 4404 3108 4454 Haec
3136 4404 3470 4453 Aristoxenus.

1980 4569 2097 4620 ideo
2114 4569 2288 4634 quippe
2314 4568 2545 4619 musicam
2580 4568 2814 4619 conviviis
2835 4567 3052 4618 adhiberi
3083 4570 3332 4631 receptum
3351 4566 3442 4617 suit
3460 4603 3475 4626 ,

1920 4645 2050 4708 quod
2080 4646 2296 4696 animum
2323 4658 2551 4696 revocare
2570 4648 2618 4695 et
2644 4645 2744 4693 vim
2777 4645 2983 4694 calidam
3009 4643 3108 4693 vini
3139 4644 3358 4708 mitigare
3387 4657 3476 4693 va-

1921 4722 2059 4772 leret.
2095 4725 2152 4772 ln
2182 4734 2331 4786 quam
2362 4723 2647 4772 sententiam
2678 4722 2823 4770 etiam
2858 4722 3169 4772 Aristoxenus
3206 4723 3363 4771 vester
3384 4720 3476 4770 aii·

1921 4800 2034 4849 cubi
2063 4799 2213 4861 dixit,
2256 4800 2488 4851 musicam
2527 4800 2849 4850 introductam
2884 4801 2936 4850 in
2967 4813 3128 4850 ooenas
3172 4813 3303 4861 esse3
3343 4798 3476 4863 quod

1921 4877 2047 4926 sicut
2081 4876 2250 4926 vinum
2283 4877 2433 4927 nimio
2473 4876 2577 4940 ipso
2610 4877 2850 4927 utentium
2890 4879 2941 4927 et
2974 4876 3161 4927 animos
3195 4880 3244 4927 et
3275 4889 3477 4940 corpora

1920 4953 2179 5004 labefactat
2193 4991 2212 5018 ,
2232 4954 2299 5004 ita
2316 4954 2499 5005 musica
2519 4967 2607 5005 suo
2624 4953 2792 5006 ordine
2811 4957 2859 5005 et
2878 4954 3200 5006 concinnitate
3215 4954 3267 5004 in
3285 4955 3479 5004 contra·

1924 5032 2048 5080 rium
2068 5031 2251 5081 statum
2281 5031 2482 5081 abducit
2499 5034 2647 5095 atque
2663 5030 2818 5082 sedat.
2847 5035 2917 5082 Ea
2935 5029 3076 5095 igitur
3092 5032 3476 5095 opportunitate,

1928 5111 2164 5160 Homerus
2180 5108 2266 5173 ait,
2279 5107 2650 5173 priscosmusica
2658 5107 3330 5174 tanquammedioqnodam
3348 5120 3478 5159 usos.

3201 5203 3270 5245 18.
