4016 5916
558 363 631 413 66

551 494 699 548 deux
731 492 852 547 faits
876 492 1153 566 distinct5‚
1182 491 1318 547 d'ou
1342 501 1421 547 est
1440 492 1643 546 resulte
1663 511 1739 545 un
1763 494 2108 566 rapproche-

1748 352 2129 412 DAMAS'ris
2171 353 2564 415 SIGEENSIS

2199 493 2242 549 δ’
2265 490 2426 563 αὐτὴν
2449 492 2553 551 ἀπὸ
2574 503 2694 571 μιᾶς
2717 497 2818 553 τῶν
2837 495 3075 556 Ἰλιάδων
3096 495 3331 574 Ῥώμης.
3358 498 3573 571 Ταύτην
3602 500 3657 559 δὲ
3676 501 3769 559 λε’·

551 591 705 635 ment
732 581 955 634 inexact
978 600 992 634 ι
1026 599 1098 634 au
1125 581 1240 634 lieu
1264 579 1337 634 de
1370 579 1491 634 dire
1522 597 1663 651 que,
1695 581 1849 634 selon
1876 581 2106 653 Scylax,
2197 601 2277 657 γει
2304 580 2417 647 ταῖς
2442 580 2624 648 ἄλλαις
2644 580 2859 661 Τρωάσι
2887 583 3443 663 παρακελευσαμένην,
3473 592 3621 665 κοινῇ
3648 589 3764 662 μετ’

551 670 604 721 la
627 668 852 740 largeur
879 666 959 720 du
988 666 1198 721 detroit
1216 666 1314 721 des
1342 666 1610 720 colonnes
1630 677 1711 720 est
1732 668 1885 741 egale
1914 667 1944 722 a
1970 668 2110 722 celle

550 755 629 809 du
657 755 977 827 Bosphore,
1010 755 1048 808 il
1082 755 1263 809 aurait
1293 752 1372 808 du
1408 753 1531 808 dire
1558 772 1669 826 que
1692 756 1746 810 la
1786 756 2010 830 largeur
2038 756 2111 810 de

549 861 613 897 ce
637 841 875 911 den—nit,
900 843 1057 897 selon
1077 844 1392 911 Damastes,
1424 842 1557 895 ctait
1589 842 1744 916 egale
1770 843 1801 898 a
1833 844 1972 898 celle
1998 861 2111 916 que

548 929 747 1002 Scylax
771 928 1006 983 donnait
1034 947 1107 982 au
1133 929 1440 1002 Bosphore.
1471 931 1578 985 Les
1601 931 1859 985 citations
1884 931 1981 986 des
2008 951 2113 986 an-

551 1016 729 1082 ciem,
752 1016 797 1069 si
819 1026 1056 1070 souvent
1087 1016 1240 1070 saites
1258 1015 1328 1071 de
1348 1017 1619 1071 memoire
1638 1059 1653 1085 ‚
1675 1018 1995 1090 presentent
2015 1019 2111 1073 des

549 1118 769 1155 erreurs
795 1102 926 1156 bien
948 1102 1075 1174 plus
1096 1101 1267 1156 fortes
1287 1120 1399 1174 que
1420 1120 1483 1158 ce
1508 1104 1887 1161 malentendu.
1920 1129 1944 1154 n

1300 1205 1354 1264 5.

629 1323 881 1378 Valerius
903 1319 1051 1376 Max.
1079 1324 1242 1390 VIII,
1281 1321 1346 1376 13
1365 1363 1380 1391 ‚
1406 1322 1440 1377 6
1466 1342 1478 1376 :
1508 1324 1827 1377 Hellanicus
1857 1342 1976 1377 vero
1995 1329 2098 1392 ait,

546 1410 815 1483 quosdam
837 1427 913 1464 ex
931 1420 1096 1481 gente
1124 1411 1383 1484 Epiorum
1394 1452 1408 1477 ,
1441 1429 1569 1483 qaoe
1583 1429 1722 1484 pars
1747 1422 1833 1465 est
1851 1414 2104 1479 AEtolice,

547 1498 784 1551 ducenos
806 1498 1034 1569 explere
1060 1514 1263 1564 annos;
1290 1501 1446 1570 quue
1473 1495 1764 1553 subscribit
1788 1500 2108 1569 Damastes,

547 1582 652 1637 hoc
669 1584 907 1656 amplius
933 1580 1255 1655 assumam,
1289 1587 1582 1640 fictor-iam
1605 1586 1883 1658 quendam
1903 1604 1978 1640 ex
1998 1585 2098 1654 heir,

549 1673 918 1723 maz-imarum
948 1674 1135 1725 vit-ium
1173 1682 1508 1747 stataroeqtee
1528 1678 1858 1748 proecipuoe,
1899 1684 2107 1728 Μεσση-

552 1761 1027 1829 tesimumflnnum
1054 1761 1382 1815 cumulasse.

1297 1872 1334 1928 6

623 1975 835 2030 Plinius
865 1977 991 2045 VII,
1025 1981 1121 2051 49,
1147 1996 1206 2050 p.
1242 1976 1311 2047 37
1343 1977 1519 2033 Tchn.
1549 1995 1564 2031 ε
1593 1978 1914 2032 Hellam'cas
1940 1998 2109 2052 quos-

545 2063 677 2117 dam
712 2066 770 2116 e'n
806 2065 1016 2117 AEtole‘a
1042 2066 1304 2138 Epiorum
1348 2069 1525 2139 gentis
1554 2067 1828 2120 ducentos·
1857 2064 1970 2139 (sc.
2004 2085 2108 2120 an·-

546 2148 685 2226 nos)
714 2153 959 2225 e.1·plere.
986 2152 1085 2207 Cui
1110 2154 1480 2228 adstipulatur
1496 2155 1791 2208 Damastes
1821 2153 2111 2228 (nonnulli

544 2235 673 2290 libri
700 2239 1007 2293 Damiadcs
1023 2238 1061 2315 ),
1092 2259 1403 2295 memorans
1430 2241 1736 2296 Pictoreum
1765 2259 1839 2296 cx
1866 2246 1930 2295 iis
1947 2260 2109 2314 prce-

543 2329 758 2398 ‹v’peeum
781 2345 1006 2401 corpore
1045 2329 1368 2402 viribusque,
1405 2332 1572 2384 etiam
1600 2340 1863 2384 trecentos
1887 2332 2104 2384 auxisse.

1147 2482 1516 2509 ——-—000⁴·——-
2090 2478 2119 2516 Χ

1127 2592 1536 2672 [xpoxum]

1293 2715 1350 2766 7.

622 2817 903 2871 Plutarch.
927 2816 1142 2871 Camill.
1167 2835 1214 2872 c.
1243 2836 1314 2891 ¹9
1337 2836 1351 2872 ε
1379 2820 1722 2894 Thargelion
1740 2824 1940 2878 mensis
1963 2826 2096 2879 Bar-

540 2903 690 2958 baris
715 2903 984 2960 infaustus
1020 2915 1119 2960 est.
1151 2906 1234 2961 Eo
1265 2924 1454 2964 mense
1485 2908 1662 2965 Persae
1688 2908 1761 2966 ad
1802 2911 2102 2968 Granicum

542 2989 671 3044 victi
688 3029 704 3058 ‚
730 2987 820 3044 καὶ
841 2988 1193 3068 Καρχηδόνιοι
1215 2990 1336 3070 περὶ
1365 2992 1612 3051 Σικελίαν
1631 2993 1733 3054 ὑπὸ
1758 2995 2103 3069 Τιμολέοντος

539 3075 774 3142 ἡττῶντο
813 3077 877 3151 τῇ
919 3074 1117 3152 ἑὸδόμῃ
1160 3076 1448 3157 φθίνοντος,
1487 3081 1608 3160 περὶ
1635 3082 1699 3153 ἣν
1737 3084 1879 3142 δοκεῖ
1918 3088 2008 3143 καὶ
2043 3086 2102 3144 τὸ

540 3150 704 3212 Ἴλιον
734 3152 962 3225 ἁλῶναι,
996 3157 1066 3222 ὡς
1092 3153 1318 3236 Ἔφορος
1350 3159 1440 3216 καὶ
1473 3160 1827 3234 Καλλισθένης
1858 3163 1949 3222 καὶ
1982 3170 2099 3226 Δα-

541 3238 746 3316 μάστης
775 3239 864 3298 καὶ
883 3240 1167 3322 Φύλαρχος
1199 3247 1299 3320 (fr.
1332 3248 1441 3323 66)
1465 3248 1820 3324 ἱστορήκασιν.

618 3331 686 3384 Iu
711 3331 796 3385 his
819 3332 980 3386 aliter
1005 3335 1194 3388 statuit
1221 3354 1285 3390 ac
1319 3338 1640 3393 Hellanicus
1671 3336 1775 3414 (fr.
1811 3340 1975 3416 144).
2011 3344 2095 3398 Cf.

491 3405 498 3412 ⁴
537 3426 658 3471 not.
685 3417 757 3472 ad
784 3420 862 3473 M.
890 3420 1016 3474 Par.
1043 3439 1102 3493 p.
1135 3420 1269 3477 568.
1315 3424 1507 3479 Fluxit
1528 3444 1794 3484 numerus
1821 3447 1890 3485 ex
1920 3431 2098 3487 Iliade

533 3522 726 3576 parva.
760 3506 885 3560 vid.
919 3507 1273 3565 Callisthenes
1299 3510 1367 3566 sr.
1405 3510 1494 3566 15.

1281 3623 1355 3679 ·8.

613 3732 847 3806 DionyS.
872 3736 997 3793 Hal.
1028 3740 1095 3792 A.
1120 3739 1191 3792 R.
1220 3737 1282 3808 I,
1306 3709 1356 3794 c.
1385 3758 1456 3810 72
1484 3759 1501 3797 ε
1528 3737 1593 3799 Ὁ
1614 3737 1704 3808 τὰς
1722 3741 1910 3821 ἱερείας
1930 3742 2023 3811 τὰς
2042 3745 2095 3803 ἐν

535 3810 710 3894 Ἄργει
737 3816 828 3875 καὶ
854 3816 920 3877 τὰ
949 3822 1066 3879 καθ’
1097 3820 1322 3894 ἑκάστην
1346 3826 1647 3905 πραχθέντα
1673 3828 1980 3908 συναγαγὼν
2000 3833 2094 3892 Αἰ·

535 3902 674 3962 νείαν
710 3903 863 3986 φησὶν
901 3908 961 3965 ἐκ
1004 3908 1287 3968 Μολοττῶν
1329 3911 1401 3978 εἰς
1445 3911 1679 3973 Ἰταλίαν
1725 3916 1936 3976 ἐλθόντα
1981 3922 2097 3996 μετ’

2201 670 2369 727 αὐτῶν
2399 671 2664 748 ἐμπρῗσαι
2696 667 2763 728 τὰ
2809 669 3014 748 σκάφη,
3059 671 3414 750 βαρυνομένην
3453 678 3518 753 τῇ
3562 676 3767 755 πλάνῃ.

2200 755 2479 833 Ὁμολογεῖ
2507 757 2550 814 δ’
2576 758 2715 836 αὐτῷ
2746 756 2835 815 καὶ
2860 756 3149 835 Δαμάστης
3172 761 3200 817 ὁ
3230 758 3463 838 Σιγειεὺς
3495 764 3639 840 (vig.
3671 766 3767 825 Σι·

2198 842 2345 925 γεύςὶ
2373 843 2462 902 καὶ
2482 842 2629 903 ἄλλοι
2648 844 2802 911 τινές.

2280 929 2488 988 Eadem
2524 950 2591 987 ex
2619 935 2894 1006 Dionysio
2926 935 3129 989 Euseb.
3157 938 3315 991 Arm.
3348 956 3404 1011 p.
3439 946 3553 1005 ποί.
3590 942 3725 995 Mai.
3747 984 3763 1009 ‚

2201 1038 2269 1075 ex
2289 1021 2531 1075 Eusebio
2552 1022 2792 1097 Syncell.
2815 1040 2874 1095 p.
2907 1041 3038 1096 192.
3064 1023 3234 1096 Apud
3252 1024 3491 1096 Syncell.
3513 1028 3573 1081 in
3594 1028 3769 1085 codd.

2200 1103 2473 1181 Δαμαστὶς
2494 1105 2699 1182 Σιγιεὺς
2719 1110 2808 1162 vel
2831 1104 3097 1183 Αἷγειεύςς
3124 1129 3216 1184 ap.
3242 1113 3442 1169 Euseb.
3464 1116 3770 1171 Damastes

2198 1193 2431 1252 Sidetes.
2480 1227 2556 1238 —
2597 1192 2697 1252 Ἐκ
2728 1193 3044 1272 Μολοττῶν]
3090 1196 3404 1272 ἐκμολωτὸν,
3458 1200 3767 1276 ἐκμολώτον

2200 1281 2371 1337 codd.
2395 1283 2611 1356 Syncell
2623 1324 2634 1336 .
2652 1302 2668 1350 3
2689 1287 2959 1356 captivum
2986 1280 3377 1364 (αἰχμάλωτον)
3400 1292 3571 1345 vertit
3587 1291 3765 1348 Goar.

2199 1399 2282 1411 —-
2308 1364 2376 1426 ‘O
2418 1365 2509 1434 τὰς
2534 1365 2764 1447 ἱερείας..
2795 1367 3137 1447 συναγαγών]
3166 1391 3244 1431 se.
3294 1371 3637 1435 Hellanicus,
3676 1381 3769 1435 Ad

2199 1457 2470 1512 Molossos
2496 1458 2699 1511 AEneas
2738 1458 2889 1512 venit
2923 1476 2993 1513 ex
3020 1459 3286 1530 Thracia,
3327 1463 3408 1516 uti
3450 1466 3673 1539 colligis
3701 1486 3770 1523 cx

2203 1545 2493 1599 Hellanico
2524 1543 2625 1621 (fr.
2666 1563 2770 1615 127
2804 1545 3085 1620 extrem).

2810 1679 2828 1687 ο
2838 1672 3131 1695 *000*-

2573 1744 2796 1821 [ΠΕΡΙ
2842 1748 3380 1827 E1'PHMATDN.]

2279 1955 2491 2010 Plinius
2520 1957 2593 2014 H.
2623 1958 2693 2012 N.
2725 1959 2856 2027 VII,
2891 1957 2983 2029 57,
3009 1958 3082 2014 de
3104 1978 3295 2015 rerum
3326 1962 3721 2023 inventoribus
3750 1994 3763 2023 ι

2200 2033 2472 2097 Biremem
2517 2045 2807 2099 Damastes
2837 2047 3156 2118 Eqrthroeos
3182 2046 3411 2119 sec-Isse,
3476 2058 3755 2111 triremem

2208 2129 2553 2197 Tlmcrcle’dcs
2574 2134 2915 2187 Aminoclem
2943 2134 3303 2196 Corinthium.

2276 2218 2344 2271 In
2363 2217 2548 2273 indice
2571 2228 2862 2274 auctorum
2882 2222 3119 2280 Plinian.
3141 2224 3413 2280 Damastis
3432 2246 3643 2283 nomen
3665 2250 3763 2285 oc-

2200 2305 2377 2359 currit
2409 2304 2482 2359 ad
2507 2305 2633 2362 libr.
2661 2307 2755 2362 IV.
2775 2309 2839 2362 V.
2862 2309 2957 2365 VI.
2984 2310 3106 2365 vn.
3128 2311 3273 2366 Num
3302 2309 3422 2390 περὶ
3448 2314 3758 2392 εὓρημοῖτων

2197 2393 2480 2448 Damastes
2501 2392 2629 2448 data
2658 2412 2829 2468 opera
2857 2397 3110 2471 scripsit?

2396 2575 2577 2634 ΠΕΡΙ
2613 2576 2955 2637 ΠΟῙΗΤΩΝ
2998 2580 3132 2640 ΚΑΙ
3173 2583 3594 2646 ΣΟΦΙΣΤΩΝ.

2935 2705 3022 2743 10.

2194 2829 2200 2835 .
2275 2787 2388 2841 vit.
2436 2788 2665 2846 Homer.
2704 2790 2834 2849 cod.
2865 2793 3073 2847 Matrit.
3107 2794 3197 2853 ed.
3248 2798 3433 2854 Iriart.
3474 2818 3534 2874 p.
3570 2801 3687 2858 233
3737 2824 3755 2859 ε

2198 2868 2526 2948 Ἀναξιμένης
2554 2871 2644 2931 καὶ
2672 2873 2961 2951 Δαμάστης
2982 2876 3073 2935 καὶ
3099 2878 3357 2961 Πίνδαρος
3380 2884 3506 2944 Χῖον
3535 2884 3625 2945 τὸν
3648 2886 3759 2949 Ὅ·

2198 2980 2362 3037 μηρον
2408 2958 2780 3040 ἀποφαίνονται
2824 2962 2914 3022 καὶ
2954 2963 3248 3046 Θεόκριτος·
3285 2974 3313 3028 ὁ
3362 2971 3417 3030 δὲ
3455 2974 3748 3050 Δαμάστης

2192 3045 2285 3102 καὶ
2313 3045 2525 3104 δέκατον
2555 3048 2710 3107 αὐτὸν
2741 3050 2845 3108 ἀπὸ
2870 3053 3140 3113 Μουσαίου
3170 3056 3297 3136 φησὶ
3324 3061 3607 3139 γεγονέναι.

2269 3137 2500 3193 Proclus
2546 3141 2657 3196 vit.
2714 3143 2884 3196 Hom.
2948 3161 3009 3216 p.
3060 3143 3134 3201 25
3181 3148 3243 3202 in
3285 3151 3463 3230 Βιογρ.
3505 3155 3757 3213 Wester-

2192 3225 2418 3282 manni:
2442 3220 2748 3291 Ἑλλάνικος
2782 3226 2873 3284 καὶ
2901 3229 3190 3306 Δαμάστης
3217 3233 3307 3292 καὶ
3345 3238 3649 3317 Φερεκύδης
3685 3245 3756 3311 εἰς

2190 3306 2391 3387 Ὀρφέα
2415 3308 2638 3387 τὸγένος
2667 3310 2990 3394 παράγουσιν
3029 3319 3208 3379 αὐτοῦ.
3247 3322 3457 3381 Μαίονα
3491 3327 3594 3408 γάρ
3623 3352 3750 3410 φασι

2188 3394 2274 3453 τὸν
2298 3394 2535 3476 Ὁμήρου
2570 3400 2771 3479 πατέρα
2791 3446 2807 3473 ,
2842 3400 2933 3463 καὶ
2954 3407 3076 3464 Δῖον
3111 3406 3199 3466 τὸν
3225 3405 3474 3472 Ἡσιόδου
3512 3416 3750 3493 γενέσθαι

2188 3482 2512 3558 Ἀπελλίδος,
2560 3492 2651 3545 τοῦ
2699 3490 3052 3566 Μελανωποῦ,
3103 3500 3195 3555 τοῦ
3240 3496 3617 3579 Ἐπιφραδέος,
3663 3514 3752 3567 τοῦ

2188 3570 2531 3651 Χαριφήμου,
2560 3580 2649 3634 τοῦ
2672 3576 3051 3658 Φιλοτερπέος,
3080 3587 3168 3640 τοῦ
3202 3582 3496 3663 Ἰδμονίᾶα,
3527 3596 3618 3652 τοῦ
3648 3594 3752 3655 Εὗ-

2190 3657 2423 3730 κλέους,”
2445 3666 2536 3720 τοῦ
2589 3663 2883 3744 Δωρίωνος,
2928 3673 3018 3726 τοῦ
3065 3668 3319 3752 Ὀρφέως.
3379 3677 3602 3757 Γοργίας
3648 3683 3695 3739 δ’
3722 3688 3753 3742 ὅ

2186 3753 2455 3815 Λεοντῖνος
2479 3751 2548 3817 εἷς
2581 3753 2846 3812 Μουσαῖον
2872 3755 3024 3814 αὐτὸν
3048 3759 3250 3836 ἀνοίγει.

2262 3837 2391 3891 Non
2410 3839 2621 3913 ubique
2639 3842 2809 3917 igitur
2829 3845 3198 3921 Pherecydes,
3221 3853 3541 3913 Hellanicus
3559 3870 3615 3914 et
3634 3863 3750 3917 Da·-

2188 3936 2385 3982 mastes
2415 3928 2562 3984 inter
2586 3947 2643 3984 se
2667 3949 2996 3990 consensere
3013 3978 3028 4004 ,
3063 3939 3166 3992 nisi
3195 3939 3341 3997 forte
3372 3944 3430 3998 in
3457 3946 3592 4006 cod.
3620 3951 3747 4005 Ma-

537 3990 858 4066 Ὀδυσσέως,
886 3993 1118 4067 οἰκιστὴν
1147 3996 1384 4074 γενέσθαι
1425 4004 1516 4072 τῆς
1557 4000 1786 4071 πόλεως·
1822 4005 2095 4083 ὠνομάσαι
2185 4013 2301 4067 trit.
2328 4016 2612 4071 Damastes
2639 4035 2937 4090 perperam
2960 4024 3163 4080 citatur
3188 4045 3297 4099 pro
3327 4029 3535 4106 Gorgia
3567 4034 3749 4091 Leon·

973 4213 980 4221 .
1081 4163 1549 4246 [ennomus]

1280 4300 1333 4351 7.

600 4388 1011 4453 Carthaginienses
1026 4407 1057 4443 a
1078 4395 1377 4448 Timoleonte
1393 4398 1444 4448 in
1462 4399 1622 4450 Sicilia
1648 4401 1770 4454 victi
1799 4408 1915 4455 sunt
1941 4406 2096 4458 Tliar·

537 4464 733 4528 gellonis
752 4466 830 4518 die
852 4471 965 4520 ante
981 4470 1127 4522 finem
1145 4475 1322 4526 mensis
1336 4477 1566 4540 septim03
1587 4478 1713 4528 circa
1735 4482 1941 4534 eundem
1966 4485 2095 4536 diem

537 4541 683 4592 etiam
714 4543 856 4607 Troia
881 4549 1023 4611 capta
1053 4561 1159 4600 esse
1184 4551 1390 4617 videtur,
1417 4556 1473 4605 ut
1499 4556 1741 4619 Ephorus,
1763 4560 2093 4627 Callisthenes,

541 4623 790 4673 Damastes
806 4623 855 4673 et
873 4625 1171 4689 Phylarchus
1189 4631 1507 4685 tradiderunt.

1275 4731 1309 4782 8

599 4814 646 4863 ls
663 4812 748 4876 qui
763 4816 1032 4870 sacerdotes
1048 4807 1267 4873 Iunonis
1286 4826 1487 4889 Arqivae
1507 4830 1747 4880 recensuit
1775 4834 1825 4883 et
1855 4846 1967 4897 quae
1999 4834 2091 4886 sub

541 4888 906 4953 uniuscujusque
913 4892 1177 4952 sacerdotio
1184 4900 1316 4961 gasts
1324 4904 1438 4969 siut,
1453 4911 1704 4972 congessit,
1720 4912 1917 4962 AEneam
1931 4913 2047 4965 dicit
2061 4929 2090 4966 e

539 4967 755 5019 Molossis
771 4969 820 5020 in
840 4973 1026 5025 ltaliam
1039 4987 1153 5026 cum
1167 4978 1333 5042 Ulysse
1349 4984 1619 5046 profectum
1638 4988 1772 5039 urbis
1792 4992 2087 5045 conditorem

538 5044 797 5110 exstitisse,
823 5062 970 5112 quam
987 5051 1048 5102 de
1076 5054 1267 5119 Romae,
1287 5058 1433 5111 nnius
1454 5074 1520 5112 ex
1535 5064 1765 5116 madibus
1786 5069 2086 5132 mulieribus,

538 5122 730 5174 nomine
752 5130 1114 5192 nuncupaverit.
1151 5135 1284 5184 Hanc
1317 5137 1445 5188 enim
1478 5142 1660 5193 ceteras
1677 5146 1904 5206 Troianas
1925 5148 2086 5213 impu·

2189 4175 2299 4227 iisse
2318 4180 2372 4227 ut
2396 4191 2491 4228 una
2522 4194 2636 4230 cum
2662 4181 2761 4243 ipsa
2784 4196 2933 4237 naves
2953 4187 3289 4254 incenderent,
3307 4195 3547 4257 nugatam
3566 4199 3747 4250 scilicet

2186 4255 2368 4307 itineris
2388 4261 2641 4310 erroribus.
2665 4264 2916 4316 consentit
2938 4268 3209 4321 Hellanico
3232 4274 3378 4324 etiam
3407 4277 3654 4331 Damastes
3670 4284 3747 4333 Si-

2186 4338 2368 4398 geensis
2390 4339 2539 4388 etalii
2566 4341 2803 4394 nonnulli.

2463 4418 2565 4478 DE
2607 4419 2877 4484 POETIS
2920 4426 3018 4486 ΕΤ
3057 4428 3463 4495 sornis'rls,

2921 4533 3003 4583 10.

2243 4605 2560 4658 Anaximenes
2576 4611 2627 4659 et
2649 4611 2897 4663 Damastes
2926 4617 2976 4666 et
3005 4616 3240 4670 Pindarus
3268 4624 3532 4675 Homerum
3563 4628 3742 4681 chium

2182 4692 2283 4730 esse
2298 4682 2552 4746 exhihent3
2579 4686 2694 4736 item
2720 4687 3019 4744 Theocritus.
3050 4700 3119 4745 Ac
3141 4699 3389 4751 Damastes
3406 4703 3601 4766 quidem
3625 4719 3741 4758 eum

2180 4769 2281 4807 esse
2299 4759 2541 4813 decimum
2557 4777 2587 4813 a
2606 4767 2786 4817 Musaeo
2812 4767 2947 4821 dicit.
3340 4777 3361 4784 “

2244 4837 2514 4891 Hellanicus
2529 4843 2579 4892 ct
2610 4846 2856 4896 Damastes
2876 4849 2925 4898 et
2949 4848 3247 4914 Pherecydes
3274 4858 3467 4908 Homeri
3498 4873 3646 4922 genus
3675 4867 3743 4917 ab

2181 4913 2373 4975 Orpheo
2411 4916 2674 4971 deducunt.
2720 4925 2911 4974 Etenim
2955 4929 3188 4980 Moeonem
3230 4931 3399 4986 dicunt
3427 4938 3653 5002 Homeri,
3688 4947 3741 4994 et

2181 4991 2324 5042 Dium
2363 4995 2551 5046 Hesiodi
2596 5003 2779 5062 patrem
2812 5002 2935 5053 filios
2978 5005 3123 5057 fuisse
3154 5009 3409 5075 Apellidis,
3444 5016 3704 5080 Melanopis
3721 5058 3737 5081 ,

2181 5071 2484 5138 Epiphradis,
2506 5078 2810 5143 Chariphemi
2826 5119 2842 5146 ,
2871 5084 3183 5152 Philota-pis,
3206 5089 3487 5154 ldmonidis‚
3529 5098 3739 5160 Eudeis,

2179 5152 2423 5217 Dorionis,
2456 5159 2649 5220 Orphei.
