4016 5916
451 412 562 463 230

446 550 555 607 pro
581 534 669 589 his
694 534 882 607 posuit
905 529 1023 596 Βίος
1050 528 1319 602 Ἑλλάδος,
1349 535 1594 590 Marxius
1627 534 1832 591 deinde
1860 537 1992 590 reli·

449 622 657 694 quique
692 622 769 675 ita
805 621 1205 689 distinxerunt,
1258 631 1319 674 ut
1362 623 1605 678 metricis
1646 621 2001 697 praefigerent

448 709 673 763 titulum
713 727 726 762 z
756 704 1053 784 Ἀναγραψὴ
1088 709 1184 775 τῆς
1216 703 1488 778 Ἑλλάδος,
1518 708 1827 783 fragmenta
1860 729 1997 766 vero

446 797 697 868 prosaica
715 795 1081 849 inscriberent
1098 812 1111 850 ε
1134 790 1251 857 Βίος
1266 791 1531 858 Ἑλλάδος.
1550 827 1623 837 -
1638 793 1799 851 Patet
1812 798 1999 869 itaque

446 884 753 938 Dicaearchi
788 884 968 937 nostri
1011 878 1132 939 Βίον
1172 878 1424 946 Ἑλλάδος
1460 886 1682 939 nonnisi
1710 886 1999 957 opinioni-

444 973 548 1027 bus
568 973 899 1045 quibusdam
917 974 1169 1028 virorum
1185 973 1486 1028 doctorum
1501 974 1572 1029 ad
1584 973 1887 1048 fragmenta
1908 976 1996 1028 illa

449 1062 771 1116 translatum
797 1078 931 1117 esse.
967 1063 1035 1115 In
1063 1059 1261 1116 codice
1288 1061 1425 1114 nihil
1452 1062 1557 1116 nisi
1583 1063 1840 1117 carminis
1867 1064 1999 1116 titu-

445 1147 558 1217 lu5‚
578 1144 899 1225 Δικαιάρχου
927 1143 1199 1223 ἀναγραφὴ
1233 1148 1322 1215 τῆς
1349 1144 1601 1213 Ἑλλάδος
1619 1188 1635 1217 ,
1662 1159 1828 1221 atque
1850 1151 1998 1204 istud

448 1230 792 1310 ἀναγραφὴ
826 1255 878 1291 τ.
911 1228 997 1291 Ἑ.
1027 1235 1241 1305 optime
1269 1234 1422 1289 cadit
1467 1235 1526 1288 in
1561 1237 1845 1290 trimetros
1872 1237 1998 1289 illos

446 1332 670 1375 tenuem
693 1322 986 1374 nominum
1011 1323 1486 1376 enumerationem
1512 1322 1857 1390 exhibentes,
1880 1341 1997 1376 non

444 1409 575 1462 item
597 1408 657 1462 in
684 1408 936 1480 prosaica
954 1407 1278 1481 fragmenta.
1306 1410 1486 1464 Nemo
1515 1426 1651 1463 vero
1670 1419 1992 1482 propterea,

444 1494 604 1565 quod
630 1495 873 1549 metricis
899 1496 1152 1567 prosaica
1171 1497 1388 1570 generis
1410 1495 1761 1550 diversissimi
1788 1498 1997 1550 intexta

444 1590 602 1649 sunt,
650 1591 891 1654 utraque
936 1582 1188 1653 ejusdem
1237 1600 1348 1637 esse
1396 1583 1641 1637 auctoris
1695 1584 1994 1655 putaverit.

442 1666 615 1737 Quod
673 1686 745 1723 ne
788 1669 1027 1723 scribam
1089 1668 1318 1741 quidem
1364 1670 1610 1724 statuisse
1655 1668 1997 1724 contendere

444 1754 607 1809 liceat
644 1773 657 1809 ε
687 1774 814 1811 nam
840 1754 962 1810 fieri
984 1759 1173 1830 potuit
1189 1767 1253 1811 ut
1276 1757 1466 1812 titulus
1486 1756 1788 1826 exciderit,
1820 1757 1996 1811 inter-

444 1842 759 1898 calarentur
772 1862 909 1898 vero
926 1844 1043 1898 haec
1060 1846 1336 1917 prosaica,
1360 1862 1427 1900 ex
1452 1845 1638 1900 nescio
1663 1845 1995 1918 quibusnam

404 1970 412 1979 .
442 1930 648 2004 eclogis
679 1942 929 2004 arrepta,
969 1933 1059 1986 vel
1085 1932 1280 1987 scribae
1315 1932 1650 2007 negligentia
1682 1944 1736 1987 et
1763 1951 1957 1988 errore
1976 1972 1992 2001 ,

439 2016 530 2070 vel
572 2018 736 2071 etiam
765 2019 998 2073 consilio
1016 2059 1032 2087 ,
1060 2029 1124 2073 ut
1158 2018 1368 2075 scilicet
1398 2038 1522 2092 quae
1557 2019 1629 2075 ad
1659 2020 1879 2075 easdem
1903 2038 1993 2076 re-

438 2104 632 2177 giones
655 2107 1003 2178 pertinerent
1029 2106 1229 2161 eodem
1258 2106 1387 2162 loco
1416 2107 1832 2162 exhiberentur.

518 2193 645 2247 Jam
683 2211 820 2248 vero
856 2192 1076 2248 dudum
1113 2194 1404 2249 constabat
1440 2193 1857 2263 Dicaearchum,
1903 2196 1992 2250 cui

439 2279 541 2335 ista
577 2275 831 2344 Ἑλλάδος
877 2276 1151 2359 ἀναγραφὴ
1184 2281 1498 2349 ascribitur,
1521 2299 1640 2335 non
1673 2299 1835 2354 posse
1872 2283 1992 2338 No—

439 2374 615 2422 strum
643 2386 755 2423 esse
775 2369 1211 2438 Aristotelicum,
1235 2387 1298 2422 ac
1336 2386 1521 2441 nuper
1546 2367 1789 2443 denique
1817 2369 1992 2425 Lehr·

435 2454 547 2509 sius
601 2455 1005 2511 demonstravit
1053 2464 1343 2510 auctorem
1396 2454 1513 2525 ejus
1564 2474 1678 2510 esse
1722 2452 1987 2513 Διονύσιον

439 2540 839 2619 Καλλιφῶντος,
888 2542 1047 2615 quod
1072 2560 1280 2597 nomen
1305 2544 1500 2616 primae
1535 2543 1706 2597 literae
1729 2544 1989 2615 priorum

432 2646 692 2684 versuum
717 2630 788 2683 23
804 2670 822 2699 ,
852 2630 1056 2701 quibus
1071 2628 1323 2703 praefatio
1349 2631 1689 2699 continetur,
1712 2630 1982 2687 indicant.

432 2715 739 2785 Quomodo
768 2715 941 2788 igitur
971 2712 1034 2769 fit
1061 2725 1123 2769 ut
1144 2733 1254 2788 pro
1278 2716 1551 2788 Dionysio
1591 2716 1858 2772 afferatur
1883 2720 1986 2774 Di-

430 2801 744 2855 caearchus?
772 2802 949 2857 Variis
971 2801 1154 2856 modis
1178 2801 1476 2858 efformare
1490 2821 1611 2858 rem
1638 2804 1783 2859 licet.
1810 2806 1985 2862 Statui

434 2896 618 2961 potest
654 2888 885 2942 metrica
913 2905 1025 2941 esse
1069 2888 1356 2962 Dionysii,
1407 2891 1663 2963 prosaica
1713 2909 1849 2945 vero
1890 2894 1982 2949 Di-

430 2972 694 3040 caearchi3
736 2973 977 3028 scribam
1006 2985 1190 3044 autem
1228 2974 1445 3031 diversa
1469 2977 1589 3032 haec
1617 2978 1678 3032 in
1710 2979 1872 3033 titulo
1907 2980 1983 3037 ita

430 3060 837 3132 conglutinasse
887 3071 952 3115 ut
989 3063 1297 3117 Dicaearchi
1334 3081 1543 3119 nomen
1570 3064 1833 3140 jungeret
1874 3087 1983 3123 no-

432 3145 569 3196 mini
609 3146 825 3217 operis‚
876 3146 1034 3218 quod
1087 3159 1207 3204 erat
1252 3151 1525 3223 Dionysii.
1571 3152 1738 3212 Alius,
1759 3156 1983 3225 putabit

428 3247 639 3285 nomen
663 3232 917 3306 Dionysii
944 3236 1003 3288 in
1042 3233 1198 3290 fonte
1227 3235 1438 3291 codicis
1461 3239 1637 3293 nostri
1664 3241 1807 3295 male
1843 3260 1981 3298 exa-

427 3327 612 3371 ratum
655 3319 745 3374 vel
786 3331 1118 3395 corruptum
1146 3322 1341 3392 fuisse3
1372 3325 1612 3381 scribam
1637 3344 1774 3381 vero
1805 3346 1978 3400 quum

427 3403 870 3477 Theophrastum
903 3409 1066 3463 initio
1104 3410 1362 3464 carminis
1399 3415 1701 3469 memorari
1731 3414 1974 3486 videret,

429 3509 533 3547 nec
553 3491 624 3548 de
649 3494 761 3549 alio
791 3506 958 3567 atque
988 3498 1277 3552 notissimo
1302 3499 1655 3555 Aristotelico
1677 3503 1973 3576 cogitaret,

423 3578 571 3635 inter
583 3581 965 3638 Aristotelicos
981 3595 1167 3639 autem
1183 3584 1459 3640 celebrem
1469 3590 1857 3662 geographum
1874 3592 1976 3645 Di-

424 3667 732 3721 caearcbum
762 3671 1037 3740 novisset,
1068 3673 1340 3744 Dionysio
1365 3673 1705 3730 substituisse
1730 3678 1978 3732 Dicaear-

425 3750 617 3807 chum.
647 3755 827 3809 Porro
849 3753 970 3810 fieri
994 3759 1184 3830 potuit
1219 3768 1283 3812 ut
1310 3759 1425 3832 ipse
1466 3762 1794 3834 Dionysius,
1815 3775 1976 3836 post-

423 3855 594 3911 quam
616 3838 853 3896 artificio
878 3862 1086 3899 nomen
1107 3863 1269 3900 suum
1292 3847 1608 3920 praefationi
1632 3850 1970 3921 intexuisset,

418 3926 477 3979 in
502 3928 666 3983 titulo
689 3931 997 3986 Dicaearchi
1024 3950 1234 3987 nomen
1255 3935 1606 4004 mentiretur,
1629 3938 1688 3990 in
1711 3936 1976 3993 eundem·

419 4031 530 4085 que
556 4013 727 4072 finem
755 4019 919 4072 etiam
947 4020 1395 4094 Theophrastum
1422 4024 1838 4079 Aristotelicum
1867 4027 1972 4081 sibi

419 4103 661 4158 amicum
676 4102 989 4179 affingeret.
1024 4107 1390 4180 (Quamquam
1410 4128 1545 4165 num
1569 4129 1765 4166 revera
1786 4113 1971 4169 Theo·

415 4190 673 4260 phrastus
704 4192 1015 4248 Dicaearchi
1053 4196 1262 4250 amicus
1299 4196 1495 4266 fuerit,
1526 4208 1765 4271 propter
1803 4217 1972 4274 supra

413 4276 578 4333 allata
602 4277 732 4333 licet
750 4277 1064 4356 dubitare.)

491 4366 698 4419 Verum
724 4367 1010 4422 enimvero
1037 4368 1438 4442 quodcumque
1459 4371 1667 4425 horum
1694 4373 1969 4427 verisimi-

414 4449 519 4504 lius
544 4452 798 4522 duxeris,
830 4456 889 4509 in
908 4473 1088 4511 meras
1119 4455 1468 4528 conjecturas
1491 4475 1647 4530 aeque
1663 4462 1852 4515 omnia
1876 4477 1970 4516 re·

414 4546 564 4592 trusa
590 4549 735 4595 sunt.
758 4542 873 4595 Nec
900 4542 1078 4597 ullum
1101 4545 1228 4599 satis
1250 4555 1465 4599 certum
1492 4546 1554 4600 in
1582 4545 1778 4601 codice
1797 4557 1971 4603 exstat

410 4623 713 4694 indicium,
749 4644 863 4698 quo
887 4627 1016 4684 fisus
1042 4629 1351 4706 fragmenta
1374 4633 1627 4705 prosaica
1658 4634 1967 4690 Dicoearchi

411 4727 545 4780 esse,
572 4713 750 4766 multo
782 4715 963 4770 minus
988 4720 1154 4773 etiam
1190 4736 1257 4775 ea
1284 4737 1314 4774 e
1347 4721 1473 4776 Vita
1493 4720 1721 4777 Groeciae
1747 4718 1967 4779 fluxisse

410 4798 754 4855 contendere
770 4804 963 4873 possis.
989 4805 1099 4860 Sed
1120 4806 1423 4882 largiamur
1455 4818 1605 4863 recte
1622 4808 1696 4864 ad
1721 4809 1970 4864 Dicaear-

411 4886 581 4940 chum
600 4885 818 4942 referri.
844 4890 994 4944 Num
1021 4904 1149 4965 apte
1170 4904 1289 4949 tum
1308 4890 1420 4973 Βίῳ
1440 4889 1693 4960 Ἑλλάδος
1706 4897 1964 4954 vindica-

407 4973 734 5030 renturi’De
755 4994 869 5049 quo
888 4982 1530 5055 antequamjudicemus,
1548 5002 1763 5040 novum
1778 4985 1969 5059 hospi·

411 5069 522 5114 tem
573 5060 1012 5123 introducamus.
1056 5066 1329 5124 Videlicet
1370 5068 1593 5125 duobus
1641 5069 1963 5146 fragmentis

407 5148 618 5204 codicis
645 5149 780 5204 olim
804 5153 1073 5209 Pithoeani
1096 5152 1257 5230 jungi
1289 5157 1431 5213 solet
1455 5160 1678 5214 tertium
1706 5157 1777 5216 de
1804 5160 1960 5216 Pelio

1783 399 2298 464 DICAEARCHUS

2085 548 2306 605 monte,
2337 536 2494 610 quod
2526 537 2810 592 Fabricius
2837 535 3018 591 edidit
3045 554 3076 591 e
3117 536 3315 592 codice
3346 537 3648 612 Gudiano,

2087 624 2344 696 itemque,
2357 623 2586 678 exhibet
2608 622 2791 678 codex
2807 624 3088 679 Parisinus
3103 624 3150 679 N
3157 632 3199 680 ⁰.
3217 623 3289 695 57
3301 644 3324 679 1
3335 665 3352 695 ,
3373 625 3475 680 fol.
3495 626 3609 692 430
3623 669 3645 699 ‚

2086 710 2186 763 ubi
2207 710 2412 784 legitur
2434 721 2563 783 post
2587 710 2868 766 Stathmos
2897 708 3131 781 Isidori,
3158 712 3256 784 qui
3278 712 3445 767 etiam
3465 714 3529 767 in
3547 716 3645 770 Pi-

2088 798 2311 853 thoeano
2324 798 2473 854 libro
2489 797 2716 869 reliquis
2729 796 2951 853 duobus
2961 796 3281 872 fragmentis
3290 802 3649 873 praemittun-

2088 895 2195 939 tur.
2212 887 2257 941 Τ
2258 885 2399 939 itulo
2417 884 2646 958 quidem
2665 894 2816 939 caret
2829 882 3230 959 fragmentum,
3251 885 3490 942 dubium
3507 906 3648 945 vero

2086 991 2205 1027 non
2224 983 2303 1027 est
2324 973 2465 1046 quin
2483 972 2666 1028 eidem
2681 972 2900 1027 auctori
2917 972 3214 1046 eidemque
3239 975 3429 1047 operi,
3451 978 3542 1031 cui
3561 996 3646 1033 re·

2085 1060 2239 1132 liqna
2262 1060 2379 1115 duo
2393 1101 2409 1130 ,
2439 1060 2510 1115 sit
2533 1059 2977 1115 attribuendum.
3013 1061 3235 1116 Etenim
3261 1074 3393 1136 post
3413 1062 3644 1119 absolu-

2087 1156 2196 1200 tam
2222 1148 2359 1202 Pelii
2375 1150 2581 1203 montis
2599 1146 3034 1221 descriptionem
3053 1150 3296 1222 scriptor
3314 1151 3391 1205 ait
3413 1147 3523 1208 :Tb
3546 1149 3645 1227 μὲν

2085 1222 2172 1289 οὖν
2191 1232 2390 1302 Πήλιον
2424 1232 2514 1291 καὶ
2539 1232 2884 1312 Δημητριάδα
2923 1232 3257 1309 συμὸέὸηκεν
3292 1234 3540 1308 τοιαύτην
3568 1230 3647 1297 εἶ-

2086 1343 2190 1377 ναι.
2224 1324 2368 1378 Hinc
2399 1324 2573 1399 igitur
2598 1323 2859 1379 discimus
2879 1323 2938 1377 in
2962 1324 3422 1381 antecedentibus
3449 1328 3649 1385 Deme·

2086 1410 2323 1465 triadem
2347 1412 2547 1466 urbem
2580 1410 2736 1485 (quae
2764 1411 2932 1466 etiam
2958 1412 3120 1465 initio
3150 1409 3447 1487 frag-menti
3472 1433 3644 1470 com-

2083 1496 2466 1572 memoratur)
2519 1496 2877 1572 descriptam'
2905 1515 3048 1567 esse,
3095 1516 3200 1553 nec
3242 1500 3314 1555 de
3357 1503 3645 1560 montibus

2081 1583 2264 1637 solum
2302 1585 2360 1637 in
2398 1584 2618 1659 integro
2650 1601 2820 1658 opere
2854 1602 3171 1639 sermonem
3210 1585 3392 1643 fuisse.
3422 1590 3643 1646 Deinde

2082 1668 2375 1740 subjicitur
2396 1672 2533 1726 alius
2555 1671 2851 1746 fragmenti
2875 1673 3096 1728 initium
3124 1673 3302 1729 hocce
3329 1693 3344 1728 ε
3375 1670 3504 1735 Ὅτι
3523 1674 3577 1732 δὲ
3605 1680 3638 1746 ἡ

2084 1751 2278 1821 Ἑλλὰς
2301 1755 2406 1813 ἀπὸ
2439 1756 2839 1828 Πελοποννήσου
2871 1756 2966 1827 τὴν
2991 1755 3158 1835 ἀρχὴν
3193 1757 3454 1832 λαμὸάνει
3481 1758 3640 1840 μέχρι

2082 1846 2171 1899 τοῦ
2195 1840 2493 1920 Μαγνήτων
2509 1842 2760 1923 ἀφορίζων
2783 1842 3024 1919 στάμπου
3043 1845 3153 1901 μ’.
3178 1846 3248 1902 Id
3264 1866 3398 1905 vero
3416 1851 3640 1907 initium

2084 1941 2165 1985 est
2181 1931 2475 2006 fragmenti
2489 1932 2721 1988 secundi
2735 1933 2948 1990 codicis
2962 1934 3234 1989 Pithoeani
3245 1979 3260 2004 ,
3273 1935 3371 1989 ubi
3388 1938 3466 1992 sic
3487 1956 3502 1992 :
3520 1934 3635 2007 Τὴν

2083 2013 2178 2091 μὲν
2206 2007 2291 2073 οὖν
2314 2015 2567 2084 Ἑλλάδος
2588 2019 2691 2076 ἀπὸ
2723 2017 3119 2089 Πελοποννήσου
3143 2019 3241 2089 τὴν
3267 2019 3429 2099 ἀρχὴν
3455 2021 3633 2081 λαὸὼν

2083 2103 2240 2182 μέχρι
2277 2108 2365 2162 τοῦ
2412 2104 2718 2183 Μαγνήτων
2761 2106 3013 2186 ἀφορίζων
3040 2105 3284 2183 στάμπου
3324 2110 3438 2166 κτλ.
3479 2112 3637 2168 Patet

2078 2190 2212 2247 hinc
2252 2192 2562 2267 fragmenta
2584 2204 2774 2249 nostra
2797 2196 2902 2251 tria
2930 2214 2997 2251 ex
3024 2195 3218 2250 iisdem
3239 2194 3458 2254 fluxisse
3478 2199 3639 2255 eclo-

2079 2278 2188 2352 εἰς,
2219 2279 2361 2335 illud
2390 2280 2462 2335 de
2490 2280 2643 2336 Pelio
2661 2292 2856 2338 monte
2877 2282 3128 2338 medium
3153 2284 3301 2338 inter
3319 2284 3494 2341 altera
3516 2286 3634 2342 duo

2080 2365 2270 2421 locum
2315 2386 2613 2442 occupasse
2635 2410 2651 2438 ‚
2678 2370 2926 2443 ideoque
2962 2388 3032 2425 ex
3055 2369 3256 2427 eodem
3286 2391 3459 2446 opere
3495 2376 3640 2447 peti-

2080 2463 2199 2507 tum
2226 2472 2360 2510 esse.
2391 2457 2526 2528 Quae
2557 2457 2786 2530 quidem
2814 2457 3116 2513 adornatio
3138 2460 3302 2514 etiam
3345 2462 3406 2514 in
3438 2463 3638 2518 seriem

2076 2543 2509 2619 geographicam
2529 2546 2740 2618 optime
2755 2544 2933 2615 cadit3
2957 2564 3084 2600 nam
3098 2547 3348 2619 primum
3363 2546 3637 2622 fragmen-

2081 2637 2201 2682 tum
2238 2641 2320 2686 est
2360 2629 2432 2687 de
2460 2633 2680 2701 Attica,
2731 2633 2979 2702 Boeotia,
3004 2633 3249 2701 Euboea3
3281 2634 3519 2690 alterum
3562 2636 3636 2692 de

2076 2713 2361 2771 Thessaliae
2394 2718 2754 2775 Demetriade
2786 2718 2930 2773 urbe
2972 2728 3029 2773 et
3051 2719 3207 2774 Pelio
3244 2731 3472 2791 monte3
3509 2730 3636 2776 ter-

2074 2801 2183 2871 tio,
2211 2804 2374 2875 quod
2422 2823 2492 2859 ex
2525 2803 2637 2860 fine
2685 2807 2873 2880 operis
2905 2807 3142 2879 petitum
3162 2818 3276 2877 est,
3304 2826 3492 2864 causas
3527 2828 3636 2864 au·-

2073 2899 2198 2946 ctor
2244 2894 2480 2966 exponit
2527 2911 2629 2948 cur
2675 2894 3005 2949 Thessaliam
3056 2894 3114 2948 in
3158 2895 3383 2951 Graeciae
3428 2895 3635 2952 descri-

2042 3017 2048 3024 .
2068 2978 2264 3050 ptione
2294 2981 2804 3053 comprehenderit.

2148 3067 2274 3121 Jam
2304 3069 2466 3140 quod
2513 3068 2764 3124 indolem
2790 3069 2999 3128 horum
3029 3068 3509 3146 fragmentorum(
3531 3070 3627 3128 58.

2073 3148 2168 3225 59.
2192 3152 2312 3227 60)
2343 3155 2573 3224 attinet,
2618 3155 2680 3210 id
2724 3155 2884 3228 quod
2920 3156 2991 3211 de
3024 3157 3259 3214 Athenis
3308 3170 3366 3215 et
3400 3162 3630 3218 Boeotiae

2068 3239 2305 3296 urbibus
2362 3250 2443 3296 est
2493 3239 2510 3319 (
2558 3241 2629 3297 fr.
2670 3240 2744 3298 58
2773 3243 2829 3317 ),
2885 3243 3074 3297 locum
3122 3245 3380 3302 habuisse
3415 3249 3477 3302 in
3521 3245 3631 3327 Βίῳ

2071 3322 2324 3390 Ἑλλάδος
2367 3339 2672 3401 propterea
2707 3332 2956 3403 potuisse
2981 3330 3259 3402 videatur,
3294 3335 3451 3406 quod
3484 3337 3630 3391 mul-

2069 3424 2187 3468 tum
2211 3424 2412 3470 auctor
2436 3414 2510 3470 ad
2537 3434 2723 3471 mores
2742 3426 2796 3470 et
2828 3417 3208 3473 characterem
3236 3420 3504 3494 cujusque
3525 3443 3623 3478 ur·

2067 3499 2151 3554 bis
2179 3500 2492 3556 incolarum
2519 3502 2772 3558 attendit.
2799 3501 2969 3574 Quod
2997 3521 3136 3558 vero
3170 3505 3484 3580 fragmento
3506 3519 3628 3565 ter-

2069 3588 2146 3641 tio
2166 3588 2355 3642 multis
2391 3589 2665 3644 docemur
2687 3589 2951 3646 Hellenes
2980 3609 3010 3646 e
3037 3592 3311 3648 Thessalia
3353 3595 3629 3652 oriundos

2065 3693 2177 3730 esse
2202 3687 2259 3731 et
2280 3675 2574 3732 Helladem
2595 3678 2880 3750 principio
2903 3678 3041 3733 nihil
3064 3679 3168 3733 nisi
3205 3680 3406 3734 urbem
3446 3682 3626 3736 Thes-

2061 3762 2207 3818 saliae
2236 3763 2415 3832 suisse,
2440 3763 2504 3817 id
2522 3764 2569 3818 si
2591 3774 2790 3820 auctor
2815 3765 2875 3817 in
2897 3766 3126 3838 epilogo
3155 3763 3380 3819 demum
3412 3765 3484 3820 ad
3504 3769 3618 3820 sin-

2062 3851 2317 3924 gularum
2342 3851 2571 3906 urbium
2590 3851 3041 3924 descriptionem,
3071 3869 3186 3906 non
3208 3852 3419 3905 veroin
3433 3854 3616 3924 prima

2062 3934 2187 3994 Βίου
2213 3948 2371 4012 parte
2396 3939 2660 3995 historica
2679 3940 3042 4013 exposuisset,
3068 3957 3266 3995 vereor
3287 3956 3358 3994 ne
3375 3940 3615 4012 perine-

2061 4036 2190 4098 ptus
2232 4027 2405 4081 homo
2461 4043 2573 4082 esse
2613 4038 2950 4082 censeretur.
3008 4029 3143 4082 Haec
3189 4027 3359 4100 igitur
3399 4027 3614 4101 vulgari

2062 4113 2314 4185 opinioni
2335 4114 2614 4168 contraria
2630 4124 2775 4168 sunt.
2792 4115 2973 4170 Multo
3000 4115 3172 4188 magis
3186 4110 3421 4168 offendit
3433 4116 3617 4188 ampla

2060 4200 2156 4254 illa
2184 4199 2485 4275 descriptio
2519 4200 2657 4256 Pelii
2698 4203 2933 4269 montis,
2961 4202 3277 4275 plantarum
3310 4201 3368 4254 in
3404 4219 3469 4256 ea
3510 4202 3615 4257 ob—

2060 4288 2275 4341 viarum
2295 4329 2309 4356 ,
2362 4305 2666 4361 earumque
2723 4290 3152 4363 proprietatum.
3205 4289 3402 4360 Neque
3460 4288 3622 4346 latuit

2061 4375 2333 4430 Fuhrium
2375 4386 2431 4431 et
2461 4376 2774 4447 Osannum,
2803 4377 3006 4451 quodsi
3045 4377 3210 4432 simili
3251 4376 3506 4431 ubertate
3547 4376 3618 4432 de

2058 4463 2274 4535 reliqua
2318 4463 2529 4520 Graecia
2568 4464 2920 4521 Dicaearchus
2968 4465 3171 4537 egerit,
3217 4461 3339 4517 fieri
3384 4463 3617 4517 omnino

2058 4568 2176 4604 non
2202 4552 2449 4624 potuisse
2487 4561 2553 4605 ut
2591 4551 2966 4628 geographica
3015 4553 3133 4606 haec
3171 4551 3314 4605 nihil
3349 4551 3455 4605 nisi
3491 4569 3616 4623 par·

2056 4646 2169 4692 tem
2196 4640 2361 4693 unius
2393 4637 2522 4692 libri
2562 4640 2620 4693 in
2646 4641 2772 4696 vita
2798 4639 3022 4696 Graeciae
3047 4637 3356 4693 effecerint.
3396 4636 3498 4693 Cui
3537 4639 3619 4690 in-

2057 4723 2358 4779 commodo
2379 4726 2454 4780 ita
2475 4725 2687 4780 mederi
2708 4737 3001 4795 conantur,
3022 4736 3089 4779 ut
3106 4724 3479 4797 fragmentum
3503 4723 3615 4779 hoe

2054 4828 2123 4865 ex
2150 4812 2260 4866 alio
2286 4829 2458 4886 opere
2479 4814 2716 4885 petitum
2745 4831 2858 4868 esse
2881 4813 3090 4868 dicant.
3122 4812 3400 4867 Nimirum
3436 4829 3610 4885 quum

2053 4909 2268 4953 constet
2304 4899 2689 4953 Dicaearchum
2738 4910 2959 4954 montes
3004 4899 3151 4953 inter
3193 4916 3402 4971 eosque
3444 4899 3607 4954 etiam

2052 4986 2266 5041 Pelium
2308 5003 2594 5041 emensum
2622 5003 2762 5056 esse,
2801 4987 2933 5041 huic
2963 4983 3422 5062 Καταμετρήσεων
3449 4987 3610 5059 operi

2051 5073 2423 5150 fragmentum
2451 5073 2773 5143 vindicant,
2801 5075 3052 5128 incusant
3078 5086 3470 5146 excerptorem
3514 5074 3609 5144 qui

2052 5179 2174 5237 quae
2196 5161 2267 5217 ad
2296 5163 2634 5237 geometrica
2653 5161 3057 5234 pertinuerint,
3073 5160 3342 5230 omiserit,
3359 5160 3610 5214 Dicaear-
