4016 5916
508 440 619 492 878

516 564 613 636 18,
665 564 821 638 quod
851 583 987 618 num
1015 564 1088 618 ad
1125 566 1409 639 Periplum
1435 583 1507 620 an
1540 564 1611 620 ad
1639 567 1898 621 Nomima
1933 568 2063 622 Bar-

506 652 697 707 barica
726 653 1033 725 pertineat,
1067 653 1342 707 incertum
1370 662 1468 711 est.

1251 791 1336 828 10.

586 893 882 948 Athenaeus
904 893 1073 960 XIII,
1089 910 1150 965 p.
1177 891 1319 966 6o9‚
1338 894 1384 947 E
1416 910 1431 950 z
1456 889 1810 969 Νυμφόδωρος
1835 890 1878 947 δ’
1908 891 1960 946 ἐν
1983 893 2058 968 τῷ

507 981 597 1047 τ’ἧς
633 975 807 1043 Ἀσίας
836 975 1088 1057 Περίπλῳ
1116 977 1391 1043 καλλίονας
1417 978 1543 1057 φησὶ
1568 977 1795 1054 γίνεσθαι
1815 977 2062 1054 γυναῖκας

505 1069 608 1122 τῶν
636 1069 908 1143 πανταχοῦ
941 1066 1194 1140 γυναικῶν
1221 1065 1273 1121 ἐν
1302 1062 1541 1143 Τενέδῳ,
1573 1068 1637 1142 τῇ
1657 1067 1872 1144 Τρωικῇ
1896 1063 2058 1142 νήσῳ.

506 1154 717 1210 Eadem
736 1172 807 1210 ex
836 1154 1102 1209 Athenaeo
1120 1155 1373 1209 Eustath.
1405 1155 1463 1209 in
1482 1155 1552 1210 11.
1579 1157 1660 1229 Α,
1688 1173 1750 1227 p.
1782 1153 1894 1224 875
1914 1197 1929 1224 ,
1963 1153 2059 1208 52.

1241 1298 1330 1334 11.

585 1401 879 1456 Athenaeus
891 1402 1017 1469 VII,
1032 1419 1091 1473 p.
1113 1400 1183 1454 32
1197 1420 1217 1454 1
1232 1442 1246 1466 ,
1268 1402 1312 1456 F
1333 1421 1345 1455 z
1368 1396 1529 1457 Ἔστι
1548 1397 1601 1457 δὲ
1618 1397 1845 1464 ποικίλος
1866 1403 1894 1458 ὁ
1919 1398 2063 1478 ἰχθὺς

508 1487 618 1562 (sc.
660 1489 694 1554 ἦ
732 1484 979 1560 σάλπη),
1016 1484 1127 1542 ὅθεν
1168 1484 1256 1542 καὶ
1293 1485 1379 1543 τὸν
1409 1485 1609 1566 Λοκρὸν
1645 1484 1679 1556 ἢ
1732 1485 2060 1565 Κολοφώνιον

505 1567 777 1642 Μνασέαν,
819 1569 1200 1645 συνταξάμενον
1240 1570 1307 1644 τᾷ
1353 1571 1739 1653 ἐπιγραφόμενα
1805 1571 2060 1649 Παίγνια,

507 1657 591 1716 διὰ
629 1681 687 1717 το
717 1658 952 1716 ποικίλον
997 1682 1087 1729 της
1128 1665 1428 1738 συναγωγῆς
1476 1661 1699 1731 ὶάλπην
1740 1662 1786 1718 οἱ
1833 1659 2060 1729 συνήθεις

505 1747 904 1827 προσηγόρευον.
949 1747 1307 1828 Νυμφόδωρος
1338 1747 1391 1806 δὲ
1421 1749 1529 1806 ὁ).
1485 1745 1833 1826 ..ἶυρακούσιος
1873 1748 1929 1804 ἐν
1978 1750 2055 1827 τῷ

508 1859 601 1906 της
627 1835 801 1901 Ἀσίας
831 1835 1084 1914 Περίπλῳ
1125 1835 1355 1895 Λεσόίαν
1394 1835 1521 1916 φησὶ
1559 1834 1795 1912 γενέσθαι
1834 1832 2053 1905 Σάλπην

504 1921 601 1995 τὴν
628 1921 694 1981 τὰ
721 1922 952 2001 Παίγνια
987 1924 1274 1982 συνθεῖσαν.
1304 1922 1549 2000 Ἄλκιμος
1577 1922 1630 1980 δὲ
1660 1925 1771 1982 κτλ.

584 2013 875 2086 Excerpsit
900 2013 1150 2067 Eustath.
1185 2012 1255 2067 ad
1282 2015 1351 2068 Il.
1385 2013 1451 2086 Σ,
1479 2031 1536 2086 p.
1566 2030 1587 2067 1
1605 2011 1737 2078 163,
1780 2030 1870 2069 12.
1892 2009 2057 2084 Salpa
2149 2051 2162 2069 .
2186 2051 2199 2065 .

504 2101 674 2173 piscis
707 2100 972 2173 frequens
1000 2099 1069 2154 ad
1097 2100 1404 2173 Mytilenen
1443 2099 1458 2176 (
1484 2101 1686 2156 Athen.
1713 2100 1751 2156 l.
1782 2100 1818 2154 l.
1845 2097 1898 2173 );
1928 2099 2060 2153 hinc

504 2187 705 2243 Lesbia
749 2188 969 2260 poetria
1010 2186 1421 2260 Nymphodori.
1459 2190 1545 2242 De
1601 2205 1663 2241 re
1712 2205 1766 2242 ν.
1804 2185 2059 2242 Bodeum

508 2277 694 2331 Gescle.
731 2277 790 2330 d.
839 2277 944 2347 lyr.
989 2275 1215 2333 Dichtk.
1259 2287 1396 2332 tom.
1435 2276 1541 2344 111,
1572 2293 1627 2348 p.
1679 2271 1816 2340 468.
1856 2274 2058 2347 Salpen

506 2362 791 2436 quandam
819 2364 1172 2418 obstetricem
1190 2362 1382 2418 laudat
1411 2363 1550 2420 Ptin.
1574 2363 1850 2430 XXVIII,
1883 2382 1937 2431 7,
1963 2360 2057 2418 23.

1237 2492 1325 2529 12.

585 2583 881 2638 Athenaeus
901 2584 978 2638 VI
996 2623 1012 2652 ‚
1038 2601 1099 2655 p.
1130 2581 1266 2654 215,
1299 2583 1341 2637 C
1370 2601 1383 2635 ε
1417 2578 1484 2638 ‘0
1513 2577 1608 2653 μὲν
1627 2570 1714 2637 οὗν
1741 2576 2055 2653 Θεόπομπος

506 2669 614 2748 (fr.
648 2670 786 2742 134)
816 2670 962 2723 ταῦθ’
992 2665 1281 2744 ἱστόρησεν.
1319 2663 1460 2742 Ἐγὼ
1497 2664 1552 2722 δὲ
1584 2669 1688 2732 τοῖς
1714 2664 1858 2730 Χίοις
1890 2669 2053 2743 ἡγοῦ-

508 2779 605 2833 μαι
646 2754 731 2812 διὰ
773 2760 924 2812 τοῦτο
962 2758 1248 2828 νεμεσῆσαι
1287 2752 1346 2811 τὸ
1384 2751 1673 2829 δαιμόνιον·
1716 2751 1920 2832 χρόνοις
1958 2752 2059 2831 γὰρ

512 2841 722 2920 ὕστερον
743 2839 1197 2915 ἐξεπολεμήθησαν
1218 2837 1302 2896 διὰ
1327 2839 1551 2904 δούλους.
1571 2842 1617 2900 Ν
1622 2839 1921 2920 υμφόδωρος
1937 2844 2059 2915 γοῦν

504 2931 535 2986 ὁ
561 2925 879 3006 Συρακόσιος
909 2928 960 2984 ἐν
985 2929 1068 3006 :rifi
1105 2929 1195 2997 τῆς
1223 2924 1392 2992 Ἀσίας
1425 2925 1703 3005 Παράπλῳ
1731 2925 1842 2984 τάδ’
1867 2926 2063 3005 ἱστορεῖ

505 3011 626 3091 περὶ
656 3013 843 3069 αὐτῶν.
867 3041 888 3063 α
913 3014 1034 3071 Τῶν
1056 3012 1198 3073 Χίων
1222 3015 1269 3070 οἱ
1286 3015 1455 3071 δοῦλοι
1482 3014 1941 3095 ἀποδιδράσκουσιν
1964 3016 2061 3071 αὐ-

507 3098 622 3164 τοὺς
660 3098 751 3155 καὶ
788 3100 858 3165 εἰς
893 3098 961 3157 τὰ
997 3097 1092 3180 ὅρη
1119 3102 1437 3181 ὁρμώμενοι,
1463 3100 1556 3167 τὰς
1585 3101 1847 3181 ἀγροικίας
1885 3103 2055 3158 αὐτῶν

506 3190 870 3259 κακοποιοῦσι,
915 3186 1099 3245 πολλοὶ
1144 3186 1609 3267 συναθροισθέντες.
1664 3188 1729 3248 Ἡ
1765 3188 1865 3267 γὰρ
1907 3189 2062 3261 ν’ἤσός

507 3275 618 3331 ἐστι
644 3277 865 3353 τραχεῖα
906 3273 995 3332 καὶ
1038 3275 1392 3354 κατάδενδρος.
1429 3275 1628 3355 Μικρὸν
1671 3278 1724 3334 δὲ
1760 3277 1863 3354 πρὸ
1889 3279 2060 3353 ἡμῶν,

506 3360 711 3432 οἰκέτην
733 3361 846 3419 τινὰ
865 3364 1238 3440 μυθολογοῦσιν
1267 3362 1414 3423 αὐτοὶ
1440 3367 1486 3422 οἱ
1507 3366 1627 3423 Χῖοι
1664 3364 1963 3445 ἀποδράντα
2003 3367 2057 3421 ἐν

1246 3555 1327 3603 10.

568 3639 937 3701 Nymphodorus
960 3641 1008 3689 in
1029 3641 1152 3691 Asiae
1171 3641 1362 3705 Periplo
1384 3642 1453 3691 ait
1474 3641 1699 3693 mulieres
1715 3641 1931 3691 omnium
1950 3643 2058 3704 pul·

507 3716 767 3767 cherrimus
778 3731 879 3768 mse
898 3719 945 3767 in
963 3719 1155 3769 Tenedo
1173 3720 1327 3770 insula
1344 3721 1565 3782 Troiana.

567 3904 847 3966 Variegatns
868 3904 944 3953 hic
967 3906 1106 3967 piscis
1133 3906 1317 3970 (salpe)
1341 3909 1427 3958 est.
1491 3910 1794 3972 Quapropter
1820 3912 2059 3959 Mnaseam

506 3984 712 4032 Locrum
747 3985 831 4031 aut
861 3983 1206 4046 colophonium
1219 4021 1235 4047 ,
1256 3989 1531 4048 poematum
1554 3988 1798 4039 auctorem
1820 4000 1931 4049 quae
1959 3989 2062 4037 Lu·

505 4058 639 4108 diora
658 4058 999 4120 inscribuntur,
1031 4061 1219 4123 salpen
1244 4062 1543 4124 appellabant
1564 4063 1817 4114 familiares
1832 4101 1846 4125 ,
1868 4064 1930 4113 ob
1956 4066 2031 4114 col
2047 4088 2060 4098 ·

505 4137 722 4188 lectionis
744 4138 1040 4188 varietatem.
1105 4140 1474 4204 Nymphodorus
1498 4153 1616 4191 vero
1652 4144 1976 4204 Syracusanus
2011 4142 2061 4190 in

505 4215 630 4265 Asiae
659 4214 843 4277 Periplo
872 4216 1093 4266 Lesbiam
1125 4216 1287 4267 scribit
1313 4216 1453 4268 fuisse
1479 4219 1651 4278 salpen
1667 4253 1683 4279 ,
1709 4232 1820 4281 quae
1856 4218 2060 4269 Ludicra

507 4291 589 4342 illa
617 4293 955 4355 composuerit.

569 4461 684 4509 Haec
717 4459 858 4523 igitur
891 4461 1227 4525 'theopompus
1259 4464 1464 4526 scripsit.
1543 4467 1642 4525 Ego
1685 4476 1801 4513 vero
1835 4465 2058 4525 arbitror,

508 4536 639 4585 Chiis
660 4536 835 4587 idcirco
858 4538 1092 4589 Infensum
1127 4540 1267 4590 misse
1298 4538 1516 4589 divinum
1543 4553 1760 4589 numen:
1794 4556 1905 4590 nam
1934 4543 2059 4591 inse—

506 4612 766 4674 quentibus
782 4614 1077 4677 temporibus
1094 4615 1219 4666 bello
1235 4629 1263 4665 a
1281 4617 1430 4667 servis
1448 4616 1583 4680 petiti
1602 4618 1907 4680 oppressique
1928 4622 2058 4669 sunt.

506 4691 873 4753 Nymphodorus
898 4694 1091 4756 quidem
1120 4694 1396 4757 Syracusius
1421 4694 1471 4744 in
1495 4695 1618 4745 Asiae
1652 4696 1852 4759 Paraplo
1876 4697 1980 4745 hoec
2002 4696 2062 4746 de

507 4769 578 4818 eis
595 4773 787 4821 narrat:
854 4790 877 4814 ιι
903 4772 1134 4822 Chiorum
1153 4773 1302 4835 servi,
1323 4772 1522 4823 desertis
1538 4774 1769 4837 dominis,
1787 4775 2062 4838 profugiunt

505 4847 559 4896 in
584 4852 839 4910 montana;
863 4851 991 4900 unde
1018 4864 1187 4914 magno
1209 4865 1412 4902 numero
1443 4853 1712 4917 congregati
1735 4852 1965 4917 impetum
1988 4855 2061 4904 sa·

509 4924 641 4974 ciunt
672 4926 721 4974 in
752 4926 915 4988 villas,
949 4941 1069 4989 quas
1099 4929 1186 4991 ipsi
1217 4928 1576 4993 habitaverant,
1605 4930 1852 4993 multaque
1886 4930 2061 4980 damna

507 4998 735 5049 inserunt.
799 5004 884 5051 Est
919 5002 1045 5050 enim
1077 5004 1232 5053 insula
1265 5003 1414 5053 Chius
1448 5016 1614 5065 aspera
1637 5006 1687 5053 et
1725 5003 1858 5053 silvis
1886 5003 2057 5053 obsita.

508 5076 685 5123 Parum
702 5089 818 5126 vero
837 5080 948 5127 ante
971 5082 1183 5128 nostram
1234 5082 1425 5129 atatem
1455 5094 1648 5129 servum
1683 5079 1922 5143 quendam
1946 5095 2059 5129 nar-

508 5155 617 5201 rant
632 5152 717 5214 ipsi
738 5153 864 5213 Chii,
882 5153 1069 5204 deserto
1086 5154 1297 5215 domino,
1318 5158 1505 5205 montes
1522 5170 1775 5219 occupasse
1786 5175 1801 5220 ;
1820 5162 1887 5219 et,
1908 5172 2059 5221 quum

506 5236 629 5282 esset
648 5230 720 5281 vir
741 5232 872 5283 sortis
889 5234 937 5282 et
956 5233 1069 5283 felix
1083 5234 1130 5284 in
1150 5235 1275 5287 bello
1286 5272 1302 5299 ,
1324 5236 1549 5299 fugitivos
1565 5235 1758 5287 duxisse
1775 5236 1904 5286 haud
1922 5249 2062 5286 secus

1578 430 2098 492 NYMPHODORI
2139 431 2609 495 SYRACUSANI

2152 566 2256 632 τοῖς
2292 563 2434 645 ὄρεσι
2472 564 2563 632 τὰς
2601 564 2868 644 διατριόὰς
2893 564 3178 638 ποιεῖσθαι,
3222 565 3449 644 ἀνδρεῖον
3494 562 3552 623 δέ
3588 588 3713 623 τινα

2151 653 2274 712 ὄντα
2311 654 2400 711 καὶ
2429 652 2494 712 τὰ
2521 651 2748 728 πολέμια
2777 654 3018 732 ἐπιτυχῆ,
3042 655 3145 711 τῶν
3188 654 3458 731 δραπετῶν
3488 655 3714 732 ἀφηγεῑ·

2154 745 2273 799 σθαι
2297 745 2366 806 ὡς
2390 739 2452 799 ἂν
2478 740 2700 819 βασιλέα
2733 742 3136 820 στρατεύματος.
3185 739 3294 799 Καὶ
3322 738 3577 806 πολλάκις
3602 742 3710 797 τῶν

2151 826 2294 887 Χίων
2340 824 2851 906 ἐπιστρατευσάντων
2890 829 2972 884 ἐπ’
3009 825 3161 884 αὐτὸν
3198 825 3288 884 καὶ
3326 825 3471 884 οὐδὲν
3519 823 3713 884 ἀνύσαι

2152 914 2470 990 δυναμένων,
2519 912 2631 971 ἐπεὶ
2674 911 2857 978 αὗτους
2905 912 3043 992 ἑώρα
3098 911 3269 989 μάτην
3321 915 3718 989 ἀπολλυμένους

2153 1005 2181 1060 ὁ
2200 1003 2464 1079 Δρίμακος
2504 1002 2688 1078 (τουτο
2715 998 2815 1080 γὰρ
2843 992 2905 1072 ἦν
2903 1000 3092 1108 ὄνομα
3121 1005 3195 1080 τῷ
3230 1001 3532 1079 δραπέτῃ),
3560 1002 3704 1079 λέγει

2150 1089 2274 1167 πρὸς
2304 1086 2485 1155 αὐτους
2510 1085 2660 1145 τάδε·
2689 1086 2879 1164 ζΥμῖν,
2897 1112 2941 1145 ω
2968 1087 3094 1146 Χῖοί
3122 1111 3179 1145 τε
3198 1111 3289 1145 και
3307 1086 3500 1166 κύριοι,
3527 1087 3588 1147 τὸ
3614 1088 3714 1165 μὲν

2149 1177 2413 1252 γινόμενον
2462 1183 2683 1254 πρᾶγμα
2725 1173 2871 1252 παρὰ
2920 1178 3023 1232 τῶν
3065 1176 3275 1233 οἰκετῶν
3326 1175 3568 1234 οὐδέποτε
3623 1177 3702 1252 μὴ

2150 1260 2437 1333 παύσηται.
2469 1265 2593 1328 Πῶς
2609 1260 2710 1340 γὰρ
2730 1305 2745 1332 ,
2768 1260 2923 1320 ὁπότε
2946 1260 3081 1319 κατὰ
3101 1261 3342 1340 χρησμὸν
3364 1261 3564 1340 γίνεται
3589 1267 3708 1321 θεοῦ

2151 1348 2352 1424 δόντοςτ,
2382 1348 2520 1408 Ἀλλ’
2557 1348 2648 1406 ἐὰν
2672 1348 2790 1425 ἐμοὶ
2828 1346 3071 1419 πείθησθε
3116 1349 3205 1407 καὶ
3235 1351 3350 1406 ἐᾶτε
3389 1353 3532 1425 ἡμᾶς
3570 1356 3712 1420 ἡσυ-

2149 1435 2271 1515 χίαν
2295 1436 2456 1513 ἄγειν,
2482 1435 2583 1513 ἐγὼ
2605 1440 2723 1513 ὑμῖν
2755 1436 2943 1513 ἔσομαι
2978 1437 3181 1495 πολλῶν
3214 1437 3420 1513 ἀγαθῶν
3456 1437 3704 1515 ἀρχηγός.

2230 1551 2253 1577 ι
2281 1523 2664 1600 Σπεισαμένων
2693 1514 2780 1581 οὗν
2800 1526 2902 1581 τῶν
2933 1523 3077 1584 Χίων
3111 1522 3239 1602 πρὸς
3267 1522 3423 1580 αὐτὸν
3456 1525 3547 1580 καὶ
3585 1527 3736 1581 dvo-⁶

2147 1609 2248 1689 χὰς
2274 1610 2640 1686 ποιησαμένων
2675 1609 2858 1689 χρόνον
2877 1608 3029 1686 τινὰ,
3058 1610 3501 1677 κατασκευάζεται
3537 1611 3705 1688 μέτρα

2148 1720 2237 1755 και
2257 1696 2464 1775 σταθμὰ
2495 1696 2584 1755 καὶ
2612 1697 2871 1777 σφραγῖδα
2900 1696 3051 1756 ἰδίαν.
3084 1695 3192 1756 Και
3217 1694 3381 1763 δείξας
3420 1697 3525 1764 τοῖς
3556 1697 3702 1763 Χίοις

2150 1776 2261 1842 εἷπε
2286 1784 2414 1843 διότι
2436 1784 2690 1865 Ληψομαι
2714 1781 2747 1841 δ’
2763 1807 2811 1842 τι
2832 1782 2896 1843 ἂν
2915 1783 3058 1865 παρά
3082 1806 3216 1850 τινος
3239 1785 3387 1859 ὑμῶν
3421 1783 3703 1860 λαμὸάνω,

2148 1873 2343 1938 τούτοις
2369 1874 2471 1940 τοῖς
2490 1872 2692 1951 μέτροις
2719 1895 2807 1930 και
2829 1876 3073 1949 σταθμοῖς
3088 1917 3102 1943 ,
3128 1871 3216 1929 καὶ
3235 1870 3412 1929 λαὸὼν
3428 1869 3494 1929 τὰ
3518 1872 3698 1948 ἱκανὰ,

2148 1959 2311 2039 ταύτῃ
2325 1964 2388 2039 τῇ
2406 1963 2650 2042 σφραγῖδι
2661 1958 2725 2017 τὰ
2735 1983 2797 2018 τα
2803 1983 2946 2036 μιεια
2962 1959 3375 2040 σφραγισάμενος
3385 1960 3704 2040 καταλείψω.

2160 2049 2286 2113 lob<
2316 2049 2362 2106 δ’
2393 2045 2865 2127 ἀποδιδράσκοντας
2890 2050 3033 2123 ὑμῶν
3073 2047 3280 2111 δούλους
3309 2046 3587 2126 ἀνακρίνας
3609 2049 3705 2117 τὴν

2150 2136 2339 2209 αἰτίαν,
2377 2135 2468 2195 ἐὰν
2508 2135 2602 2212 μέν
2650 2159 2741 2212 μοι
2784 2137 3001 2193 δοκωσιν
3042 2134 3324 2206 ἀνήκεστόν
3369 2158 3420 2192 τι
3451 2136 3708 2201 ’παθόντες

2151 2224 2591 2305 ἀποδεδρακέναι,
2614 2223 2712 2292 ἔξω
2736 2247 2833 2299 μετ
2840 2223 3125 2301 ’ἐμαυτου,
3140 2222 3228 2281 ἐαν
3253 2222 3304 2280 δὲ
3330 2223 3492 2296 μηδὲν
3512 2223 3708 2301 λέγωσι

2150 2311 2370 2388 δίκαιον,
2393 2309 2692 2391 ἀποπέμψω
2719 2312 2845 2391 πρὸς
2866 2333 2981 2376 τους
3012 2309 3284 2375 δεσπότας.
3329 2308 3588 2390 Ὃρῶντες
3616 2335 3706 2369 ουν

2149 2400 2196 2457 οἱ
2218 2398 2387 2457 λοιποι
2412 2398 2608 2456 οἰκέται
2630 2421 2747 2465 τους
2769 2396 2927 2464 Χίους
2960 2394 3123 2467 ἡδέως
3147 2420 3206 2454 το
3227 2405 3450 2475 πρᾶγμα
3479 2399 3703 2476 προσδε-

2151 2485 2421 2562 ξαμένους,
2459 2487 2638 2566 πολλῷ
2684 2483 2897 2543 ἔλαττον
2952 2483 3351 2561 ἀπεδίδρασκον,
3393 2483 3708 2562 φοὸουμενοι

2150 2572 2244 2645 τὴν
2271 2574 2465 2632 ἐκείνου
2497 2572 2687 2650 κρίσιν.
2722 2572 2833 2632 Καὶ
2874 2574 2921 2631 οἱ
2949 2572 3088 2638 ὄντες
3108 2572 3160 2629 δὲ
3192 2571 3303 2641 μετ’
3326 2573 3484 2630 αὐτοῦ·
3513 2573 3710 2651 δραπὲ·

2149 2685 2236 2720 ται
2261 2660 2392 2720 πολὺ
2419 2662 2618 2738 μᾶλλον
2644 2659 2921 2739 {poenam
2944 2662 3134 2718 ἐκεῖνον
3163 2656 3196 2729 ἢ
3226 2657 3342 2725 τοὺς
3362 2657 3516 2724 ἰδίους
3536 2663 3710 2717 αὑτῶν

2151 2748 2426 2824 δεσπότας,
2442 2747 2531 2806 καὶ
2548 2747 2699 2806 πάντ’
2715 2749 2854 2826 αὐτῶ
2867 2746 2932 2804 τὰ
2948 2745 3107 2806 δέοντ’
3118 2745 3340 2817 ἐποίουν,
3361 2750 3710 2826 πειθαρχοῦν-

2149 2858 2235 2902 τες
2264 2839 2335 2902 ὡς
2388 2833 2449 2893 διν
2485 2838 2783 2916 στρατηγῷ.
2820 2834 3167 2913 Ἐτιμωρεῒτό
3189 2856 3245 2891 τε
3291 2832 3392 2912 γὰρ
3428 2832 3546 2900 τοὺς
3572 2837 3706 2891 ἀτα-

2150 2929 2424 2999 κτοῦντας,
2447 2922 2537 2982 καὶ
2573 2922 2741 2983 οὐδενὶ
2781 2921 3029 3003 ἐπέτρεπε
3059 2923 3217 2985 συλᾶν
3248 2920 3406 3002 ἀγρὸν
3434 2921 3540 2980 οὐδ’
3576 2922 3710 2982 ἄλλο

2151 3012 2349 3070 ἀδικεῖν
2379 3011 2494 3069 οὐδὲ
2522 3010 2576 3068 ἓν
2605 3010 2726 3069 ἄνευ
2756 3015 2847 3082 τῆς
2872 3014 3028 3070 αὑτοῦ
3050 3008 3282 3088 γνώμης.
3315 3008 3625 3085 Ἐλάμόανε
3651 3010 3708 3069 δὲ

2153 3109 2265 3165 ταῖς
2297 3102 2497 3180 ἑορταῖς
2535 3100 2966 3178 ἐπιπορευόμενος
3008 3100 3067 3156 ἐκ
3101 3101 3203 3155 τῶν
3236 3100 3406 3175 ἀγρῶν
3432 3088 3565 3154 οἶνον
3606 3098 3708 3155 καὶ

2150 3191 2312 3269 ἱερεῖα
2341 3186 2407 3245 τὰ
2436 3187 2610 3253 καλῶς
2628 3185 2814 3265 ἔχοντα
2831 3231 2846 3258 ,
2863 3185 2959 3244 ὅσα
2980 3186 3023 3243 δ’
3048 3184 3156 3266 (καὶ
3174 3184 3272 3242 ὅσα
3299 3184 3419 3261 Eb.)
3441 3182 3502 3241 ἂν
3526 3186 3711 3252 αὐτοῖς

2153 3277 2366 3348 δοίησαν
2395 3277 2442 3334 οἱ
2468 3275 2659 3355 κύριοι·
2687 3273 2778 3332 καὶ
2806 3273 2855 3332 εἴ
2878 3296 2994 3331 τινα
3031 3272 3258 3332 αἴσθοιτο
3290 3270 3698 3331 ἐπιδουλεύοντα

2154 3366 2292 3442 αὑτῷ
2308 3408 2324 3439 ,
2351 3361 2385 3433 ἢ
2406 3362 2611 3443 ἐνέδρας
2636 3361 3085 3429 κατασκευάζοντα
3103 3404 3119 3429 ,
3141 3363 3457 3438 ἐτιμωρεῖτο.

2148 3534 2292 3592 atque
2335 3544 2420 3579 rex
2458 3530 2723 3579 exercitum
2758 3528 2907 3578 ducit.
2974 3532 3156 3579 Contra
3197 3542 3339 3591 quem
3382 3540 3535 3590 quum
3579 3542 3710 3591 saepe

2150 3608 2321 3670 egressi
2340 3610 2494 3658 &sent
2509 3608 2611 3658 cnii
2631 3645 2646 3670 ,
2665 3621 2753 3656 nec
2771 3621 2885 3657 vero
2900 3606 3161 3670 quidquam
3179 3606 3484 3669 profecissent
3503 3624 3518 3668 ;
3541 3607 3712 3657 videns

2150 3685 2403 3736 Drimacus
2432 3685 2510 3748 (id
2535 3699 2706 3735 nomen
2731 3685 2928 3748 suum'tivo
2948 3686 3079 3748 erat)
3108 3685 3284 3734 frustra
3303 3684 3407 3732 illos
3433 3684 3614 3747 perire,
3637 3684 3712 3733 his

2150 3762 2310 3811 verbis
2343 3775 2425 3811 eos
2465 3764 2536 3811 est
2561 3762 2836 3811 allocutus:
2883 3760 3052 3820 Vobis,
3097 3774 3127 3809 ο
3165 3761 3310 3821 chii,
3344 3761 3470 3809 olim
3507 3760 3708 3809 domini

2152 3844 2341 3897 nostri,
2370 3840 2478 3890 hoec
2500 3854 2617 3904 quce
2635 3855 2669 3890 a
2691 3843 2854 3890 servis
2870 3843 3115 3904 patimini
3122 3840 3287 3902 finem
3320 3852 3594 3903 uunquam
3617 3841 3706 3889 lm·

2150 3918 2355 3969 bebune.
2385 3919 2483 3977 Qui
2506 3924 2642 3969 enim
2660 3923 2882 3982 possint,
2902 3932 3063 3983 quum
3082 3933 3148 3969 ex
3168 3918 3533 3981 oraculofiane
3552 3933 3583 3969 a
3609 3920 3704 3969 deo

2149 3996 2325 4046 edito?
2353 3999 2443 4058 At,
2478 4009 2560 4045 me
2594 4000 2638 4045 si
2674 3996 3013 4058 audiveritis,
3056 4008 3249 4060 nosque
3280 3999 3514 4045 siveritis
3558 4010 3706 4057 ηοω-ε

2148 4076 2337 4133 atium,
2362 4086 2449 4135 eqo
2473 4074 2608 4122 vobis
2631 4074 2912 4123 multorum
2937 4074 3183 4123 bonorum
3206 4076 3391 4123 auctor
3417 4086 3522 4122 ero.

2215 4170 2239 4195 α
2263 4151 2410 4213 igitur
2442 4151 2596 4201 l‘oedus
2613 4164 2725 4200 cum
2750 4164 2806 4200 eo
2829 4165 2980 4213 quum
3000 4150 3213 4200 iniissent
3235 4148 3341 4199 chii
3359 4186 3374 4211 ,
3394 4150 3708 4211 induciasque

2148 4230 2197 4279 in
2229 4229 2424 4293 aliquod
2456 4232 2646 4293 tempus
2668 4233 2824 4279 essent
2857 4229 3014 4292 pacti3
3043 4242 3290 4279 mensuras
3320 4229 3401 4278 ille
3423 4232 3470 4277 et
3494 4228 3706 4291 pondera

2149 4311 2196 4357 et
2220 4308 2463 4371 proprium
2481 4309 2686 4370 sigillum
2704 4307 2790 4356 sibi
2811 4308 2910 4358 lieri
2933 4307 3135 4357 curavit.
3199 4310 3359 4369 Atque
3394 4308 3498 4355 haec
3542 4308 3705 4356 osten·

2148 4384 2267 4434 dens
2305 4385 2463 4446 Clitis,
2499 4384 2622 4433 dixit
2669 4403 2681 4433 :
2739 4383 3004 4447 Quidquid
3037 4398 3071 4432 a
3104 4387 3350 4447 quopiam
3381 4383 3610 4433 vestram
3631 4398 3705 4433 ce·

2148 4476 2299 4525 pero,
2345 4463 2427 4513 Itis
2477 4465 2737 4512 mensuris
2778 4462 2961 4526 hisque
3005 4461 3316 4524 ponderibus
3363 4465 3564 4523 capiam
3597 4475 3615 4508 .·
3653 4466 3705 4511 et

2144 4545 2420 4605 postquam
2455 4556 2573 4606 quoe
2595 4545 2726 4591 satis
2747 4545 2851 4591 sint
2874 4554 3075 4603 cepero,
3100 4540 3192 4590 hoc
3209 4541 3380 4604 siqilla
3404 4540 3591 4589 horrea
3615 4540 3704 4588 ob·

2148 4624 2360 4682 siqnata
2383 4622 2697 4685 relinquam.
2761 4623 3030 4669 Servorum
3056 4622 3264 4679 autem,
3305 4622 3396 4682 qui
3431 4618 3571 4668 robis
3607 4632 3702 4667 au·

2149 4696 2381 4759 fument,
2416 4710 2652 4748 caussam
2688 4709 2980 4760 cognoscam
3015 4710 3032 4743 .·
3068 4708 3195 4759 quos
3231 4699 3276 4745 si
3314 4708 3600 4757 comperero
3641 4710 3701 4745 ea

2149 4785 2336 4823 caussa
2365 4773 2679 4837 prosuqisse‚
2704 4772 2845 4837 quod
2873 4772 3083 4833 indique
3110 4775 3159 4821 et
3196 4785 3296 4821 non
3311 4771 3536 4832 serendo
3553 4772 3702 4821 inodo

2151 4852 2364 4900 tractati
2385 4849 2599 4911 suerint
2623 4862 2658 4898 a
2693 4848 2942 4910 dominis,
2966 4846 3111 4911 apud
3143 4860 3222 4897 me
3245 4846 3503 4902 reuinctum
3527 4851 3574 4895 si
3607 4851 3699 4911 qai

2140 4927 2342 4988 ,iustam
2354 4928 2506 4989 suyae
2543 4939 2778 4978 caussam
2799 4926 3034 4989 proferre
3057 4939 3155 4975 non
3184 4929 3477 4988 potuerint,
3516 4925 3607 4975 hos
3630 4926 3708 4974 ad

2151 5017 2265 5053 suos
2304 5004 2532 5054 dominos
2573 5006 2853 5054 remittam.
2935 5003 3161 5053 videntes
3193 5002 3336 5065 igliur
3367 5000 3536 5065 reliqui
3575 5003 3702 5051 servi

2151 5082 2295 5131 Chios
2317 5083 2517 5133 libenter
2547 5081 2839 5132 conditiones
2860 5081 2972 5131 istas
3000 5080 3244 5142 accipere,
3274 5081 3430 5131 multo
3448 5079 3509 5129 ad
3530 5083 3701 5143 proru-

2149 5160 2371 5222 giendum
2401 5161 2631 5211 tardiores
2655 5159 2858 5223 flebant,
2887 5158 3117 5221 iudicium
3141 5158 3269 5208 illius
3298 5158 3387 5207 viri
3413 5162 3702 5209 metuentes.

2150 5240 2208 5287 Et
2224 5238 2308 5301 qui
2324 5252 2434 5290 cum
2453 5239 2535 5287 illo
2549 5240 2682 5287 erant
2703 5237 2913 5299 fugitivi,
2933 5236 3085 5286 multo
3100 5236 3250 5297 magis
3263 5236 3417 5301 ipsum
3432 5235 3668 5285 timebant
3685 5272 3704 5297 ,
