4016 5916
1429 443 1778 504 VITARUM
1826 445 2026 505 FRAG
2039 447 2326 505 MENTA.

3363 458 3473 509 309

276 604 423 659 σμων
444 577 757 661 γράμματα.
781 575 932 648 Φησὶ
955 573 1010 635 δὲ
1024 574 1114 634 καὶ
1136 572 1211 633 ὅτι
1233 576 1261 633 6
1279 574 1499 654 Χάρμος
1519 576 1588 640 εἰς
1608 571 1825 632 ἕκαστον
1923 598 2048 651 μους
2072 574 2488 655 συνηγόρασται,
2511 572 2824 651 λουσάμενος
2860 577 3032 653 παρῆν
3060 572 3281 645 ἄκλητος
3300 578 3368 642 ὡς
3391 573 3477 633 τὸν

273 673 377 728 τῶν
400 664 828 750 παρατιθεμένων
856 661 991 743 ἔχων
1014 686 1065 720 τι
1085 660 1385 741 πρόχειρον,
1407 664 1476 728 ὡς
1503 660 1828 741 προείρηται,

274 754 445 838 ἕδόκει
488 759 593 823 τοῖς
643 751 958 824 Μεσσηνίοις
999 749 1407 828 πεπαιδευμένος
1447 740 1601 826 εἶναι,
1631 753 1700 814 ὡς
1743 748 1834 807 καὶ

274 843 641 924 Καλλιφάνης,
685 845 713 900 6
759 845 851 898 τοῦ
898 835 1336 918 Παραὸρύκοντος
1387 836 1619 910 κληθεὶς,
1667 836 1833 918 ἀρχὰς

273 931 585 1010 ποιημάτων
635 930 842 988 πολλῶν
897 924 1316 1006 ἐκγραψάμενος,
1364 923 1627 1004 ἀνειλήφει
1677 926 1832 1006 μέχρι

274 1026 430 1100 τριῶν
453 1018 545 1079 καὶ
566 1014 832 1097 τεσσάρων
858 1014 1069 1094 στίχων,
1094 1011 1448 1091 πολυμαθείας
1480 1011 1629 1080 δόξαν
1663 1035 1830 1092 προσ-

275 1107 597 1186 ποιούμενος.
624 1111 843 1165 Locum
874 1105 1025 1160 hunc
1057 1103 1341 1177 exscripsit
1370 1101 1568 1158 Suidas
1592 1120 1646 1160 v.
1678 1094 1841 1168 Ἀθή·

277 1220 417 1264 ναιος
441 1210 495 1254 et
515 1192 751 1274 Χάρμος.

1774 1270 1802 1298 c!

358 1286 521 1342 Idem
549 1287 606 1360 1,
642 1302 703 1358 p.
731 1288 796 1352 4,
821 1284 872 1338 D
910 1300 924 1335 ι
951 1275 1219 1347 Κλεάνθης
1242 1273 1295 1334 δὲ
1320 1276 1348 1333 6
1374 1276 1724 1354 Ταραντῖνος,
1764 1298 1834 1341 ως

277 1395 406 1454 φησι
424 1366 900 1449 Κλίαρχος,’πάντα
916 1362 1061 1442 παρὰ
1078 1361 1193 1429 τοὺς
1210 1362 1393 1428 πότους
1409 1360 1642 1441 ἔμμετρα
1661 1360 1803 1439 ἔλεγε
1816 1405 1832 1434 ,

276 1459 368 1519 καὶ
397 1458 668 1539 Πάμφιλος
696 1457 749 1515 δὲ
779 1460 806 1514 ὃ
830 1454 1072 1526 Σικελὸς,
1096 1454 1165 1518 ὣς
1191 1456 1385 1509 ταῦτα·
1414 1522 1427 1535 .

399 1601 561 1662 Ἐγχει
584 1601 702 1647 πιεῖν
722 1612 800 1659 μοι
813 1631 826 1653 ,
844 1596 923 1643 καὶ
947 1594 1000 1644 τὸ
1022 1594 1238 1656 πέρδικος
1260 1591 1436 1646 σκέλος.

398 1669 555 1732 Ἀμίδα
572 1668 692 1716 δότω
711 1679 800 1722 τις·
825 1667 855 1724 ἢ
871 1663 1140 1730 πλακοῦντά
1156 1678 1224 1718 τις
1241 1661 1385 1710 δότω.

357 1780 515 1837 Idem
538 1781 565 1833 I
583 1820 599 1847 ,
620 1796 681 1852 p.
711 1783 740 1843 4
761 1818 776 1845 ,
802 1777 848 1831 E
873 1794 887 1832 t
908 1767 1039 1832 Ὅτι
1062 1767 1434 1850 Ἀρχέστρατος
1461 1770 1488 1824 6
1516 1765 1831 1845 Συρακόσιος

276 1867 312 1939 ἢ
328 1870 531 1932 Γελῶος
549 1868 601 1924 ἐν
614 1868 700 1943 τῇ,
716 1867 784 1929 ὥς
804 1860 1109 1941 Χρύσιππος
1129 1858 1430 1937 ἐπιγράφει,
1448 1854 1829 1935 Γαστρονομίᾳ,

274 1959 343 2021 ὡς
387 1952 441 2012 δὲ
481 1951 713 2030 Λυγκεὺς
753 1948 843 2008 καὶ
883 1946 1252 2025 Καλλίμαχος,
1283 1941 1607 2022 Ἡδυπαθείᾳ
1623 1986 1638 2014 ,
1670 1944 1740 2008 ὣς
1777 1944 1830 2000 δὲ

276 2042 550 2120 Κλέαρχος
566 2086 581 2112 ,
623 2035 992 2114 Δειπνολογίᾳ,
1031 2037 1101 2100 ὡς
1124 2035 1169 2091 δ’
1204 2032 1352 2091 ἄλλοι
1370 2076 1388 2107 ,
1432 2028 1719 2109 Ὅψοποιίᾳ
1753 2063 1830 2073 -

276 2129 452 2189 ἒπικὸν
482 2128 536 2188 δὲ
562 2126 621 2185 τὸ
648 2126 883 2202 ποίημα,
912 2113 971 2181 οὗ
994 2127 1028 2193 ἡ
1054 2120 1191 2201 ἀρχή
1209 2143 1221 2156 ·

398 2258 617 2321 Ἱστορὶης
643 2256 886 2320 ἐπίδειγμα
902 2252 1175 2315 ποιούμενος
1197 2248 1379 2299 Ἑλλάδι
1407 2247 1537 2308 πάσῃ
1588 2283 1598 2294 .

356 2370 516 2428 Idem
538 2371 566 2424 1
584 2410 599 2438 ‚
620 2387 679 2443 p.
707 2365 740 2423 5
754 2409 772 2438 ,
791 2368 836 2422 F
861 2385 875 2421 ε
903 2360 1173 2439 Κλέαρχος
1191 2356 1248 2416 δέ
1269 2379 1394 2437 φησι
1413 2353 1690 2423 Φιλόξενον
1710 2377 1830 2431 προ·

272 2456 550 2532 λουόμενον
566 2451 928 2533 περιέρχεσθαι
941 2446 1032 2515 τὰς
1053 2444 1242 2517 οἰκίας,
1257 2441 1670 2502 ἀκολουθούντων
1689 2440 1828 2520 αὐτῷ

272 2542 477 2602 παίδων
517 2539 607 2598 καὶ
630 2538 886 2619 φερόντων
932 2533 1132 2604 ῖλαιον,
1177 2522 1341 2601 οἶνον,
1368 2528 1527 2611 γάρον
1546 2572 1563 2601 ,
1596 2525 1704 2595 ὄξος
1732 2527 1841 2585 καὶ·

276 2633 411 2690 ἄλλα
458 2627 765 2703 ἡδύσματα·
813 2622 992 2683 ἔπειτα
1044 2618 1268 2678 εἰσιόντα
1320 2619 1391 2682 εἷς
1430 2614 1521 2682 τὰς
1558 2613 1830 2694 ἀλλοτρίας

274 2718 468 2790 οἰκίας,
505 2713 570 2774 τὰ
607 2712 835 2794 ἑψόμενα
862 2713 965 2773 τοῖς
1010 2707 1184 2774 ἄλλοις
1213 2703 1418 2785 ἀρτύειν
1468 2701 1828 2779 ἐμὸάλλοντα,

274 2799 348 2867 ὧν
392 2809 501 2865 ἐστι
545 2801 724 2883 χρεία,
775 2790 865 2858 εἶθ’
907 2795 1067 2861 οὔτως
1109 2792 1452 2874 ἆνακάψαντα
1497 2791 1825 2868 εὐωχεῖσθαι.

273 2886 444 2961 Οὗτος
467 2895 536 2960 εἷς
552 2889 785 2971 Ἔφεσον
811 2882 1202 2954 καταπλεύσας,
1221 2878 1387 2960 εὑρὼν
1407 2877 1501 2949 τὴν
1529 2873 1828 2957 ὄψοπωλίαν

274 2982 447 3055 κενὴν,
476 2979 691 3040 ἐπύθετο
718 2976 813 3049 τὴν
841 2973 1027 3033 αἰτίαν·
1048 2970 1138 3029 καὶ
1170 2967 1351 3047 μαθὼν
1377 2965 1454 3025 ὅτι
1490 2975 1596 3025 πᾶν
1637 2967 1706 3030 εἰς
1728 2962 1830 3041 γά-

1920 663 2159 744 νυμφίον.
2191 662 2296 723 Καὶ
2322 660 2455 738 μετὰ
2478 661 2536 720 τὸ
2559 661 2761 719 δεῖπνον
2779 659 2908 742 ᾄσας
2923 661 3182 737 ὑμέναιον,
3201 653 3259 720 οὗ
3282 667 3316 734 ἡ
3337 662 3475 774 ἀρχὴ

1925 779 1944 802 u
1964 753 2115 828 Γάμε
2137 755 2264 810 θεῶν
2285 749 2621 830 λαμπρότατε
2650 777 2671 800 ¹·
2691 737 2890 816 πάντας
2911 747 3340 829 ἐψυχαγώγησεν.
3400 754 3478 810 Ην

1922 838 1975 896 δὲ
2022 834 2473 918 διθυραμὸοποιός.
2515 835 2622 896 Καὶ
2648 839 2675 893 6
2700 837 2940 915 νυμφίος,
2968 864 2990 886 κ
3012 834 3261 904 Φιλόξενε
3279 881 3295 906 ,
3333 826 3445 894 εἶπε
3462 880 3478 908 ,

1920 924 2011 983 καὶ
2035 921 2211 1004 αὔριον
2234 915 2333 983 ὧδε
2356 924 2607 1003 δειπνεῖς;
2632 951 2655 978 n
2683 922 2791 983 Καὶ
2814 926 2841 982 6
2869 921 3146 990 Φιλόξενος
3174 949 3196 975 ι
3216 921 3310 983 Ἂν
3333 922 3478 1004 ὄψον,

1921 1011 2018 1092 ἔφη
2034 1060 2048 1084 ,
2080 1011 2154 1088 μὴ
2179 1013 2331 1092 πωλῇ
2360 1035 2450 1078 τις.
2475 1012 2503 1063 ἰ

2657 1155 2749 1208 17·

1997 1259 2156 1315 Idem
2173 1260 2278 1329 IX,
2295 1278 2352 1333 p.
2376 1258 2511 1332 396,
2533 1260 2608 1314 E:
2631 1253 2901 1335 Κλέαρχος
2926 1257 2971 1313 δ’
2992 1257 3046 1314 ἕν
3061 1264 3163 1323 τοῖς
3183 1255 3317 1335 Περὶ
3334 1253 3479 1334 βίων,

1920 1348 1992 1410 εἰς
2015 1345 2166 1402 τοῦτό
2185 1367 2340 1423 φησιν
2357 1344 2624 1421 ὠμότητος
2645 1343 2890 1421 Φάλαριν
2905 1342 2990 1402 τὸν
3005 1343 3250 1423 τύραννον
3268 1344 3475 1421 ἐλάσαι,

1919 1436 1989 1499 ὣς
2024 1431 2295 1510 γαλαθηνὰ
2323 1436 2588 1490 θοινᾶσθαι
2615 1429 2803 1511 βρέφη.

2654 1573 2745 1631 18.

1998 1696 2156 1751 Idem
2186 1697 2332 1765 XII,
2369 1715 2427 1770 p.
2465 1693 2606 1767 539,
2634 1696 2677 1750 B
2713 1713 2727 1748 z
2762 1689 3030 1771 Κλέαρχος
3064 1691 3108 1749 δ’
3136 1695 3188 1750 ἐν
3212 1694 3316 1759 τοῖς
3346 1695 3476 1772 Περὶ

1922 1782 2077 1861 βίων,
2107 1780 2226 1860 περὶ
2253 1781 2473 1860 Δαρείου
2505 1778 2670 1857 λέγων
2707 1783 2796 1838 τοῦ
2824 1778 3210 1859 καθαιρεθέντος
3246 1779 3346 1837 ὑπὸ
3387 1786 3477 1839 τοῦ

1921 1869 2250 1950 Ἀλεξάνδρου
2271 1915 2286 1945 ,
2308 1867 2480 1948 φησίν·
2502 1894 2526 1917 ιι
2560 1865 2630 1926 Ὁ
2652 1869 2870 1946 Περσῶν
2898 1865 3165 1946 βασιλεὺς,
3191 1869 3475 1925 ἀθλοθετῶν

1919 1958 2023 2024 τοῖς
2069 1955 2160 2024 τὰς
2201 1954 2390 2027 ἡδονὰς
2436 1956 2577 2033 αὐτῷ
2619 1954 2972 2033 γνωρίζουσιν,
3004 1954 3103 2013 ὑπὸ
3139 1955 3349 2014 πάντων
3373 1957 3475 2012 τῶν

1918 2046 2084 2116 ἡδέων
2109 2042 2413 2121 ἡττωμένην
2439 2042 2672 2110 ἀπέδειξε
2695 2041 2792 2114 τὴν
2819 2042 3105 2121 βασιλείαν,
3125 2043 3214 2101 καὶ
3232 2065 3476 2120 καταγω-

1919 2127 2179 2204 νιζόμενος
2209 2126 2390 2186 ἑαυτὸν
2413 2128 2505 2185 οὐκ
2529 2125 2717 2206 ᾔσθετο
2754 2126 3019 2206 πρότερον,
3052 2124 3085 2196 ἢ
3115 2126 3175 2184 τὸ
3211 2131 3474 2207 σκῆπτρον

1919 2216 2082 2296 ἕτεροι
2108 2213 2357 2282 λαὸόντες
2379 2214 2825 2294 ἀνεκηρύχθησαν.
2850 2242 2872 2266 ιο
2905 2216 2990 2273 Cf.
3019 2216 3091 2271 fr.
3122 2213 3176 2269 5.

2658 2356 2744 2412 19.

1997 2461 2210 2518 Zenob.
2239 2461 2338 2529 IV,
2367 2459 2438 2529 87
2466 2478 2480 2513 z
2507 2459 2632 2515 Λευ
2647 2477 2860 2526 κηπατ
2877 2453 2975 2520 ίας
2996 2477 3009 2490 ·
3039 2451 3307 2532 Κλέαρχος
3329 2453 3380 2510 ἐν
3400 2453 3474 2531 τῷ

1920 2546 2055 2627 Περὶ
2079 2546 2203 2626 βίων
2234 2544 2361 2626 φησὶ
2390 2541 2696 2621 συμὸαίνειν
2719 2564 2770 2599 τι
2797 2541 2916 2621 περὶ
2945 2540 3003 2599 τὸ
3026 2533 3172 2620 ἧπαρ
3196 2540 3283 2597 ἐπί
3305 2561 3474 2611 τινων,

1918 2634 1945 2693 ὃ
1970 2633 2165 2779 δειίλοὺς
2184 2636 2354 2691 ποιεῖ·
2379 2633 2616 2711 εἰρῆσθαι
2638 2619 2724 2688 οὖν
2756 2628 2843 2686 ἐπὶ
2867 2631 2968 2686 τῶν
2994 2627 3235 2686 τοιούτων
3256 2624 3348 2697 τὴν
3369 2649 3476 2684 πα-

1920 2746 2041 2800 ροιμ
2065 2745 2143 2785 αν.

2651 2858 2743 2897 20.

1996 2961 2210 3019 Zenob.
2236 2962 2339 3027 IV,
2379 2957 2446 3013 18
2486 2977 2498 3012 :
2532 2955 2825 3014 Τιθωνοῦ
2850 2953 3075 3027 γῆρας·
3126 2948 3342 3007 ἐπὶτῶν
3379 2970 3474 3006 πο·

289 3064 3462 3114 ,ρῤῌ--ᾲ--ῄ-

272 3153 551 3201 ctaneorum
591 3158 790 3196 suorum
828 3140 1064 3192 fasciculis
1110 3137 1327 3197 libellos,
1359 3134 1509 3183 veluti
1546 3131 1821 3195 symbolas,

272 3226 596 3279 conserebant.
608 3222 685 3274 Ait
698 3222 840 3271 etiam
855 3257 868 3281 ,
881 3219 1142 3268 Charinum
1148 3252 1163 3278 ,
1177 3226 1329 3277 quum
1344 3211 1405 3260 ad
1418 3209 1632 3272 opposita
1642 3207 1825 3271 singula

274 3304 460 3357 fercula
485 3338 501 3362 ,
527 3302 585 3351 ut
609 3298 770 3363 paullo
797 3298 911 3346 aute
944 3294 1126 3344 dictum
1169 3293 1241 3341 est
1255 3328 1269 3353 ,
1309 3288 1493 3351 aliquid
1523 3287 1573 3336 in
1602 3287 1824 3349 promptu

273 3384 492 3442 haberet,
513 3378 753 3431 eruditum
778 3377 936 3426 virum
956 3372 1084 3437 apud
1108 3375 1430 3421 messanenses
1451 3378 1553 3417 esse
1570 3364 1788 3414 habitum
1810 3377 1823 3411 ε

275 3457 407 3519 quod
426 3456 475 3504 et
496 3451 764 3516 calliphani
786 3449 1015 3513 contigit,
1044 3445 1121 3495 cui
1144 3441 1506 3505 Parabrysontis
1528 3450 1792 3502 cognomen
1808 3472 1823 3498 ‚

274 3535 377 3600 qui,
406 3543 558 3594 quum
576 3528 841 3579 multorum
861 3524 1125 3574 carminum
1145 3521 1194 3570 et
1222 3517 1493 3567 orationum
1520 3512 1751 3578 principia
1777 3512 1826 3560 in

275 3624 389 3662 suos
424 3604 839 3658 commentariolos
872 3601 1140 3661 retulisset,
1170 3599 1269 3646 tres
1300 3596 1384 3643 aut
1401 3593 1633 3656 quattuor
1662 3602 1829 3640 versus

275 3687 508 3749 cujusque
524 3682 754 3733 memoria
772 3680 982 3741 tenebat,
1001 3675 1174 3741 quibus
1190 3670 1401 3722 recitatis
1419 3666 1695 3732 multiplicis
1714 3680 1828 3717 eru·

275 3764 468 3816 ditionis
485 3763 674 3813 laudem
693 3759 963 3833 affectabat.

339 3841 593 3893 Cleanthes
611 3837 926 3898 Tarentinus,
958 3836 1014 3884 ut
1041 3831 1300 3885 Clearchus
1324 3827 1491 3889 refert,
1517 3826 1566 3875 in
1601 3823 1829 3875 conviviis

276 3921 438 3971 omnia
457 3917 672 3969 versibus
687 3914 1004 3979 eloquebatur
1015 3928 1030 3973 ς
1041 3910 1317 3974 pariterque
1328 3905 1608 3969 Pamphilus
1617 3902 1821 3955 Siculus.

274 3998 423 4049 Velut
440 3997 528 4047 ista
549 4013 562 4044 ε
1496 4005 1501 4009 ·

379 4096 443 4138 Da
458 4091 577 4149 quod
592 4088 762 4141 bibam,
784 4077 831 4134 et
851 4085 1041 4145 perdicis
1058 4095 1183 4130 crus.

380 4160 586 4206 uatulam
609 4156 718 4201 mibi
735 4156 915 4212 aliquis.
930 4156 1007 4199 ant
1024 4153 1274 4210 placentam
1291 4148 1503 4208 porrigat.

274 4257 632 4316 Archestratus,
673 4251 949 4315 Syracusius
997 4248 1097 4298 sive
1140 4247 1344 4308 GelouS,
1399 4245 1449 4293 in
1498 4254 1641 4305 opere
1654 4278 1667 4303 ,
1720 4238 1798 4288 cui
1812 4276 1827 4301 ,

273 4334 593 4397 chrysippum
611 4331 650 4381 si
673 4329 838 4380 audias
850 4365 864 4389 ,
884 4328 1056 4377 titulus
1071 4328 1143 4376 est
1162 4320 1493 4376 Gastronomia
1506 4356 1521 4381 ,
1541 4318 1676 4380 quasi
1699 4317 1829 4365 dicas

272 4414 440 4465 Ventri
459 4413 612 4475 leges3
629 4411 670 4462 sl
693 4412 937 4473 Lynceum
955 4409 1005 4458 et
1032 4403 1383 4457 Callimachum
1396 4437 1411 4463 ,
1434 4397 1755 4461 Hedypathia,
1781 4394 1828 4444 id

274 4494 366 4551 est,
379 4489 649 4553 Voluptatis
658 4485 921 4547 instituti03
936 4484 975 4534 si
991 4481 1294 4542 marchum,
1311 4474 1614 4541 Deipnologia
1625 4510 1641 4537 ‚
1658 4474 1690 4523 i.
1707 4486 1735 4523 e
1768 4473 1830 4523 de

273 4570 440 4619 coenae
456 4566 664 4629 ratione3
693 4563 732 4614 si
750 4562 896 4625 alios,
913 4558 1168 4625 Opsopoeia
1182 4595 1198 4621 ,
1218 4556 1251 4607 i.
1269 4569 1313 4607 e.
1334 4554 1396 4604 de
1413 4550 1731 4604 Obsoniorum
1747 4563 1824 4612 ap·

271 4646 445 4709 paratu
467 4662 480 4692 2
500 4645 573 4693 est
587 4654 703 4692 vero
726 4652 918 4691 carmen
936 4632 1230 4688 hexametris
1249 4631 1463 4683 versibus
1482 4627 1797 4691 compositum
1811 4662 1825 4687 ,

272 4720 412 4782 cnjus
430 4720 520 4769 hoc
534 4719 724 4770 initium
750 4737 763 4768 :

284 4148 333 4159 -v

382 4830 554 4877 Helladi
568 4830 783 4877 doctrinae
800 4827 1024 4887 specimen
1042 4834 1169 4870 nunc
1180 4820 1361 4881 prabeo
1378 4819 1514 4866 toti...

337 4927 598 4979 clearchus
610 4924 774 4988 tradit,
786 4923 1120 4983 Philoxenum,
1131 4931 1282 4984 quum
1298 4917 1349 4966 in
1362 4916 1531 4980 patria,
1542 4915 1647 4962 tum
1664 4911 1712 4960 in
1726 4912 1830 4962 aliis

236 5018 245 5027 ·
272 5002 578 5064 civitatibus,
608 5003 862 5065 postquam
883 4998 1117 5059 lavasset,
1146 4996 1313 5045 domos
1340 4991 1593 5043 circumire
1615 4989 1827 5049 solitum,

273 5078 479 5131 servulis
495 5076 864 5138 comitantibus,
885 5074 971 5139 qui
988 5074 1151 5124 oleum
1164 5108 1179 5135 ,
1198 5071 1368 5121 vinum
1381 5106 1397 5132 ,
1416 5080 1583 5132 garum
1600 5103 1615 5129 ,
1640 5068 1828 5114 acetum

273 5160 465 5222 aliaque
482 5156 785 5206 condimenta
802 5155 981 5205 terrent
991 5169 1006 5215 ;
1030 5155 1137 5202 tum
1159 5151 1337 5201 alimas
1354 5148 1524 5198 domos
1545 5146 1826 5208 ingressum,

272 5250 387 5302 quae
406 5250 491 5298 pro
510 5235 613 5285 aliis
630 5233 974 5298 coquebantur,
995 5244 1050 5280 ea
1068 5232 1224 5294 ipsum
1236 5265 1252 5291 ‚
1278 5227 1461 5290 injectis
1479 5237 1588 5288 quae
1611 5236 1732 5287 opus
1754 5223 1825 5271 so-

1916 3129 2052 3189 rent,
2067 3123 2333 3176 condivisse
2345 3159 2359 3184 ‚
2371 3133 2524 3184 eoque
2537 3119 2699 3169 labore
2712 3118 2994 3168 defunctum
3010 3115 3160 3179 epulis
3177 3114 3471 3164 accubuisse.

1918 3211 1935 3257 l
1941 3206 2051 3256 dem
2075 3218 2226 3269 quum
2255 3202 2497 3266 Ephesum
2528 3196 2784 3262 aliquando
2802 3196 3070 3259 navigasset
3082 3232 3096 3257 ‚
3130 3194 3476 3258 reperissetque

1920 3295 2130 3333 vacuum
2147 3280 2345 3331 obsonio
2376 3278 2532 3328 sorum
2545 3316 2562 3340 ,
2583 3287 2777 3325 causam
2796 3273 3161 3336 percunctatus,
3180 3269 3265 3320 ubi
3287 3269 3350 3319 ad
3380 3282 3472 3318 nn·

1917 3362 2038 3425 ptias
2050 3359 2212 3411 omnia
2225 3359 2443 3420 coempta
2458 3355 2600 3405 fuisse
2614 3353 2863 3416 cognovit,
2876 3351 3006 3401 lotus
3023 3349 3085 3415 acl
3101 3349 3260 3412 sponsi
3274 3348 3472 3398 domum

1917 3440 2153 3503 perrexit,
2172 3451 2269 3487 non
2287 3436 2533 3485 invitatus.
2559 3437 2685 3483 Tum
2702 3432 2812 3490 post
2829 3442 3017 3480 coenam
3037 3440 3230 3478 carmen
3262 3426 3475 3488 nuptiale

1916 3533 2107 3579 canens,
2120 3517 2258 3580 cnjus
2280 3518 2383 3566 erat
2401 3513 2590 3564 initium
2612 3524 2627 3561 ε
2650 3512 2859 3573 Nuptioe
2872 3545 2888 3568 ‚
2907 3509 3127 3558 dearum
3157 3504 3471 3568 splendidis·

1915 3600 2078 3647 sima!
2100 3594 2299 3643 mirifice
2320 3603 2487 3641 omnes
2503 3587 2762 3639 oblectavit
2788 3605 2801 3635 z
2824 3588 2926 3634 erat
2949 3584 3074 3633 enim
3098 3580 3474 3643 dithyrambicus

1917 3677 2075 3738 poeta.
2096 3674 2310 3735 Rogante
2344 3682 2461 3719 vero
2492 3680 2695 3731 sponso,
2738 3678 2856 3715 num
2893 3661 3121 3727 postridie
3155 3673 3320 3711 rursus
3345 3659 3474 3722 apud

1917 3765 2029 3803 eum
2056 3750 2204 3800 vellet
2229 3760 2419 3798 coenare
2441 3765 2455 3796 ι
2479 3747 2558 3796 Sic
2578 3756 2721 3805 sane,
2757 3741 2940 3805 inquit,
2969 3737 3224 3790 obsonium
3260 3736 3298 3787 si
3330 3751 3471 3786 nemo

1917 3829 2108 3880 vendat.
2719 3882 2728 3887 ὓ

2647 3915 2710 3963 17
2722 3951 2733 3961 .

1977 4012 2237 4064 Clearchus
2267 4011 2317 4061 in
2347 4011 2470 4059 Vilis
2500 4008 2696 4070 scribit,
2721 4019 2779 4056 eo
2813 4005 3009 4054 saevitiae
3045 4014 3344 4066 progressum
3371 4012 3472 4049 esse

1918 4088 2251 4150 Phalaridem,
2285 4090 2341 4137 ut
2371 4085 2657 4137 lactentibus
2688 4083 2963 4133 vesceretur
2999 4078 3273 4129 infantibus.

2642 4183 2731 4235 18.

1982 4287 2242 4340 Clearchus
2273 4286 2322 4335 in
2351 4282 2485 4335 libris
2511 4286 2582 4333 De
2615 4279 2753 4342 vitis,
2777 4279 2838 4329 de
2876 4276 3023 4328 Dario
3057 4275 3259 4337 loquens
3292 4272 3376 4335 qui
3410 4272 3472 4321 ab

1917 4365 2187 4418 Alexandro
2208 4361 2546 4429 sublatus-est,
2567 4357 2732 4409 scribit
2761 4375 2775 4406 ε
2799 4373 2824 4398 σι
2856 4358 3106 4405 Persarum
3134 4364 3244 4411 rex,
3276 4349 3472 4413 pra-mia

1916 4448 2131 4494 statuens
2147 4443 2222 4493 bis
2242 4442 2325 4506 qui
2346 4452 2497 4491 novas
2513 4437 2602 4488 sibi
2621 4436 2891 4498 voluptates
2917 4432 3209 4492 indicarent,
3230 4429 3291 4478 ab
3313 4427 3470 4478 omni·

1917 4522 2007 4571 bus
2025 4521 2081 4571 iis
2097 4520 2277 4570 deliciis
2294 4518 2442 4580 frangi
2462 4516 2709 4577 eves-tique
2735 4525 2876 4562 suum
2898 4509 3149 4573 imperium
3174 4519 3337 4570 passus
3356 4508 3425 4554 est
3454 4522 3464 4553 :

1916 4615 2005 4651 nec
2021 4601 2152 4663 prius
2169 4596 2403 4649 intellexit
2422 4596 2579 4659 ipsum
2597 4606 2649 4643 se
2662 4592 2902 4642 debellare
2918 4627 2933 4652 ,
2954 4600 3102 4651 quam
3117 4585 3198 4635 alii
3213 4584 3470 4635 renuntiati

1915 4681 2029 4729 sunt
2045 4678 2286 4741 sceptrum
2303 4686 2449 4724 manu
2472 4673 2704 4721 tenentes.
2736 4688 2761 4710 ι

2656 4769 2739 4821 19.

1976 4875 2092 4926 Albi
2108 4873 2352 4937 jecinoris
2367 4868 2533 4933 homo]
2547 4866 2809 4918 Clearchus
2823 4863 2946 4914 libro
2963 4863 3035 4911 De
3049 4860 3159 4909 vitis
3175 4859 3348 4908 auctor
3374 4859 3469 4917 est,

1916 4966 2122 5018 quorum
2141 4950 2301 5015 hepati
2322 4950 2509 5000 certum
2530 4944 2769 5010 quoddam
2793 4942 2965 4991 vitium
2990 4938 3242 4998 acciderit,
3265 4937 3467 4986 meticu-

1918 5032 2045 5082 losos
2073 5029 2227 5080 reddi.
2256 5031 2328 5079 De
2352 5025 2529 5089 quibus
2550 5024 2834 5085 usurpatum
2862 5014 3185 5081 proverbium.

2531 5148 2542 5161 ·
2653 5119 2741 5170 20.

1984 5218 2186 5299 Tithoni
2205 5210 2457 5282 senectus]
2479 5214 2551 5263 De
2571 5206 2801 5273 longaevis
2830 5207 2876 5257 el
2896 5200 3146 5267 decrepitis
3165 5198 3462 5262 usurpatum.
