4016 5916
1678 424 2260 485 MEGAs'rflENES.

364 573 438 611 an
459 550 764 628 perductus
786 549 953 605 fuerit
974 549 1102 604 loco
1126 547 1415 603 Strabonis
1432 549 1559 620 XV,
1588 567 1645 622 p.
1676 567 1806 622 709,
1824 549 1923 604 ubi

3458 438 3571 489 309

2006 548 2252 627 populos
2273 549 2486 605 transit.
2505 548 2728 603 Rudem
2747 549 3039 604 hominum
3056 551 3566 623 antiquissimorum

365 642 539 715 vulgo
562 639 770 712 legitur
801 654 816 692 ε
848 631 1127 708 Γενόμενος
1152 632 1198 689 δ’
1224 623 1312 690 οὗν
1342 634 1396 689 ἐν
1423 635 1498 711 τῷ
1526 631 1922 714 Σανδρακόττου
2012 636 2186 691 vitam
2223 637 2546 709 victumque
2572 638 2762 710 paucis
2787 635 3054 691 describit
3085 633 3143 711 (§
3179 638 3268 693 18.
3310 639 3442 714 19);
3471 639 3563 694 fu-

369 723 705 805 στρατοπέδῳ
734 721 887 803 φησὶν
915 724 945 778 ὁ
972 716 1371 796 Μεγασθένης...
1404 719 1666 797 μηδεμίαν
1713 719 1922 799 ἡμέραν
2013 723 2124 777 sius
2156 722 2396 794 explicat
2423 722 2714 794 quomodo
2758 722 3023 796 deinceps
3048 725 3328 780 mitiorem
3355 728 3564 781 cultum

375 812 498 872 ἰδεῖν
511 807 832 886 ἀνηνεγμένα
844 806 1123 884 κλέμματα
1135 805 1434 876 πλιιόνωνῆ
1477 806 1755 867 διακοσίων
1780 808 1913 889 δρα·

365 901 520 979 χμῶν
534 895 664 964 ἄξια.
686 899 818 968 Quae
847 895 1077 969 quidem
1105 896 1302 951 referri
1322 896 1537 968 possint
1566 895 1640 951 ad
1662 896 1843 968 ipsum
1863 897 1922 950 il·

367 988 470 1044 lud
484 1000 718 1060 tempuS,
737 1003 851 1057 quo
866 1001 1058 1058 pacem
1076 994 1132 1039 et
1145 982 1326 1039 foedus
1339 985 1601 1039 Seleucus
1629 1003 1755 1038 cum
1776 985 1921 1040 San-—

372 1076 638 1132 drocotto
662 1074 898 1127 initurus
917 1083 1055 1127 erat.
1086 1074 1161 1127 At
1186 1070 1331 1126 bene
1358 1069 1660 1126 tenendum
1680 1083 1760 1126 est
1781 1068 1922 1126 istud

364 1161 634 1239 γενόμενος
654 1159 1033 1232 conjecturam
1061 1177 1175 1214 esse
1200 1159 1531 1226 Casauboni,
1551 1157 1774 1213 codices
1788 1176 1924 1213 vero

366 1268 579 1318 omnes,
606 1258 879 1321 quantum
903 1248 1093 1316 sciam,
1120 1247 1376 1322 praebere
1393 1241 1721 1321 γενομένους,
1768 1246 1925 1318 quod

364 1357 499 1395 num
527 1335 862 1392 mutandum
890 1336 986 1405 sit,
1013 1335 1305 1407 quaeritur.
1336 1334 1690 1405 Quamquam
1734 1351 1924 1408 gram-

362 1424 563 1480 matica
592 1422 703 1478 loci
728 1421 871 1476 ratio
889 1421 1217 1477 sententiam
1245 1419 1557 1476 Casauboni
1582 1437 1925 1494 magnopere

362 1509 738 1567 commendat.
779 1510 927 1565 Num
954 1527 1091 1581 quas
1131 1520 1187 1563 et
1226 1525 1493 1580 quasnam
1530 1505 1705 1561 Indiae
1738 1519 1923 1580 partes

360 1608 564 1672 praeter
590 1614 680 1651 eas
700 1614 823 1668 quae
842 1594 1161 1650 Palibothra
1181 1595 1288 1649 iter
1317 1594 1537 1648 facienti
1562 1593 1926 1668 peragrandae

361 1694 537 1754 erant,
568 1684 948 1757 Megasthenes
967 1682 1172 1737 viderit
1198 1699 1317 1735 non
1342 1691 1574 1738 constat.
1599 1682 1724 1753 lpse
1742 1691 1925 1736 tamen

362 1772 433 1828 de
457 1774 579 1827 aliis
604 1771 897 1825 itineribus
944 1769 1081 1823 nihil
1126 1768 1406 1823 monuisse
1436 1767 1694 1834 videtur,
1746 1785 1923 1839 quum

359 1860 501 1914 nihil
539 1859 611 1914 de
639 1858 704 1912 iis
726 1858 993 1912 Arrianus
1015 1856 1309 1911 invenerit.
1329 1856 1509 1930 Igitur
1529 1853 1924 1910 Palimbothris

363 1965 489 2002 eum
511 1945 822 2002 consedisse
866 1955 922 2000 et
941 1962 1065 2017 quae
1093 1942 1165 1999 de
1207 1943 1573 1998 ulterioribus
1609 1943 1770 1997 terris
1799 1953 1924 1998 tra·

363 2034 510 2089 didit
539 2032 734 2089 auditu
765 2050 797 2086 a
817 2030 1253 2088 Brachmanibus
1274 2031 1546 2103 accepisse
1564 2030 1684 2084 veri
1710 2028 1926 2084 similli-

362 2140 518 2176 mum
543 2133 621 2177 est
641 2119 732 2196 (Ἴ.
1356 2121 1361 2128 ’

447 2207 688 2263 Ιιιάὶοόιι
732 2206 862 2262 libri
912 2204 1213 2260 laudantur
1262 2205 1531 2258 secundus
1577 2201 1678 2277 (fr.
1730 2202 1799 2278 9)
1851 2204 1922 2260 de

366 2297 537 2352 eoenis
573 2295 880 2362 Indorum,
922 2298 1110 2348 tertius
1138 2292 1234 2364 (fr.
1275 2297 1345 2356 40
1385 2290 1451 2366 a.)
1479 2291 1551 2346 de
1575 2291 1925 2365 philosophis

364 2383 831 2457 Indicis,quartus
860 2380 956 2456 (fr.
989 2378 1083 2454 23)
1111 2379 1183 2434 de
1208 2378 1451 2434 Hercule
1470 2397 1601 2434 cum
1617 2379 1917 2435 Nabucho-

366 2471 652 2526 donosoro
672 2479 1014 2542 comparato.
1042 2469 1173 2522 Haec
1198 2466 1666 2522 Schwanbecltius
1693 2485 1923 2540 compo·

365 2574 500 2613 nens
533 2574 660 2611 cum
701 2556 923 2612 Arriani
961 2563 1016 2609 et
1055 2552 1348 2608 Strabonis
1374 2553 1542 2623 locis,
1587 2553 1685 2607 ubi
1728 2552 1920 2609 eadem

369 2662 498 2698 cum
529 2644 649 2699 aliis
675 2642 972 2715 conjuncta
1016 2650 1334 2708 narrantur,
1372 2658 1515 2713 opus
1552 2640 1626 2695 ita
1650 2640 1922 2696 distribu-

368 2741 489 2785 tum
510 2730 673 2785 fuisse
700 2739 913 2798 censet,
943 2740 1005 2784 ut
1036 2739 1235 2784 auctor
1279 2739 1409 2801 post
1448 2728 1755 2800 expositam
1781 2730 1923 2783 libro

361 2823 548 2892 primo
570 2817 967 2891 geographiam
993 2815 1167 2871 Indiae
1205 2826 1260 2870 et
1290 2815 1752 2889 topographiam,
1783 2816 1922 2871 libro

364 2906 600 2961 secundo
628 2906 801 2979 egerit
830 2902 900 2958 de
946 2902 1199 2957 moribus
1240 2902 1548 2972 Indorum,
1596 2902 1733 2957 libro
1766 2908 1922 2957 tertio

367 2993 437 3048 dc
468 2994 716 3048 tribuum
755 2992 1058 3060 divisione,
1097 2991 1233 3047 libro
1264 3001 1460 3065 quarto
1492 2988 1564 3065 de
1593 2988 1726 3061 diis,
1755 2994 1923 3048 sacris

366 3092 421 3137 et
450 3080 521 3137 de
554 3082 785 3136 historia
811 3079 1106 3136 Indorum.
1158 3081 1231 3137 At
1257 3079 1397 3134 alius
1434 3097 1625 3134 rerum
1670 3078 1815 3134 ordo
1843 3091 1922 3135 est

368 3171 426 3222 in
453 3187 517 3224 ea
548 3167 723 3223 Indiae
752 3167 1127 3240 descriptione
1150 3183 1274 3239 quse
1302 3165 1454 3239 apud
1489 3165 1809 3221 Diodorum
1836 3168 1922 3223 le-

367 3257 518 3329 gitur
540 3256 641 3309 lib.
668 3256 723 3310 11
738 3295 754 3323 ‚
787 3253 858 3309 35
877 3272 1000 3327 sqq.
1032 3254 1145 3309 Etsi
1171 3255 1319 3309 enim
1339 3272 1615 3327 nusquam
1637 3253 1924 3310 Diodorus

370 3362 581 3398 nomen
624 3343 989 3416 Megasthenis
1028 3343 1288 3416 apponit,
1334 3344 1679 3416 comparatis
1737 3354 1921 3399 tamen

369 3430 611 3486 aliorum
630 3430 1277 3486 testimoniisluculenter
1300 3442 1453 3504 patet
1473 3441 1651 3485 totum
1665 3431 1808 3486 istud
1832 3451 1921 3487 ca·

368 3530 474 3592 put
493 3537 523 3573 e
540 3527 732 3572 nostro
752 3526 979 3572 auctore
993 3535 1104 3572 esse
1126 3516 1542 3591 depromptum.
1564 3519 1922 3592 Quapropter

368 3604 612 3661 Diodori
655 3604 1034 3658 narrationem
1076 3615 1357 3677 tamquam
1409 3606 1698 3679 epitomen
1740 3610 1924 3680 operis

370 3691 662 3767 praefigere
694 3692 922 3764 reliquis
964 3691 1202 3747 Indicbn
1239 3692 1561 3768 fragmentis
1588 3694 1920 3750 Schwanbe·

370 3781 557 3837 eltium
571 3781 744 3835 secuti
764 3779 917 3835 haud
939 3779 1327 3837 dubitavimus.
1349 3783 1380 3836 J
1384 3800 1473 3836 am
1486 3800 1624 3836 vero
1640 3783 1924 3839 Diodorus

369 3866 669 3923 exorditur
703 3884 736 3921 a
764 3865 1144 3921 describendis
1167 3868 1341 3924 Indiae
1376 3867 1616 3941 finibus,
1648 3870 1781 3940 situ,
1806 3889 1923 3926 ma·

368 3954 663 4029 gnitudine
697 3952 798 4029 (fr.
831 3974 883 4027 1,
912 3953 946 4029 S
986 3973 1036 4012 1.
1073 3953 1162 4030 α).
1183 3956 1402 4011 Deinde
1420 3957 1653 4030 exponit
1669 3956 1740 4012 de
1759 3977 1923 4012 mon·

369 4043 518 4099 tibus
550 4043 901 4115 campisque,
932 4042 1004 4097 de
1028 4041 1309 4098 fertilitate
1350 4043 1456 4098 soli
1485 4044 1924 4117 animaliumque

369 4130 738 4203 abundantia,
779 4129 850 4185 de
872 4129 1248 4186 humanorum
1276 4149 1586 4204 corporum
1612 4134 1924 4204 praestantia

371 4225 426 4269 et
451 4212 710 4270 firmitate
733 4234 800 4271 ex
825 4215 1158 4289 limpiditate
1179 4218 1319 4272 aeris
1341 4228 1398 4272 et
1422 4235 1579 4289 aquae
1607 4216 1927 4275 derivandis

375 4299 438 4377 (§
475 4300 643 4377 3-5)‚
667 4302 739 4357 de
769 4303 927 4358 venis
959 4304 1315 4359 metallorum
1349 4304 1414 4378 (§
1443 4302 1538 4378 6),
1574 4303 1646 4360 de
1673 4304 1927 4380 frugibus

373 4389 680 4445 cerealibus
720 4390 984 4462 aliisque,
1030 4408 1268 4462 quarum
1310 4390 1522 4465 duplex
1567 4390 1666 4448 fiat
1705 4394 1922 4464 messis,

372 4473 516 4529 adeo
549 4484 609 4529 ut
647 4475 800 4531 haud
835 4475 998 4532 facile
1026 4476 1196 4533 sames
1240 4478 1492 4552 ingruat,
1538 4480 1629 4534 cui
1672 4480 1926 4536 arcendae

370 4572 639 4634 praeterea
652 4564 1029 4637 legislatorum
1042 4566 1306 4647 sapientia
1318 4565 1641 4639 praeviderit
1655 4565 1709 4643 (§
1743 4566 1803 4623 5-
1817 4587 1838 4623 1
1849 4566 1923 4645 o).

373 4649 638 4722 Sequitur
678 4648 982 4705 fluviorum
1025 4653 1274 4707 recensio
1307 4650 1574 4729 (ix-17).
1606 4653 1825 4709 Deinde
1853 4655 1927 4710 ad

433 4828 499 4891 (*)
534 4832 759 4879 Ceterum
787 4831 1028 4893 proximas
1067 4830 1399 4883 Palimbothris
1421 4833 1633 4894 regiones
1668 4836 1929 4897 Megasthe-

370 4913 481 4948 nem
514 4899 820 4962 perlustrasse
838 4914 988 4963 quum
1013 4914 1096 4961 per
1119 4914 1170 4950 se
1195 4914 1291 4950 non
1317 4904 1413 4952 veri
1433 4903 1659 4954 dissimile
1687 4909 1790 4967 est,
1824 4910 1929 4955 tum

373 4972 533 5019 nescio
554 4983 617 5018 an
635 4971 974 5020 excursionum
1006 4971 1203 5020 istarum
1226 4974 1456 5023 memoria
1477 4974 1698 5036 quaedam
1726 4977 1929 5039 supersit

371 5039 417 5087 in
440 5040 649 5102 Epistola
674 5039 1176 5091 Pseudo-Callisthenis
1193 5042 1314 5103 (ΙΙΙ,
1343 5048 1415 5103 17,
1434 5057 1483 5105 p.
1527 5049 1612 5094 120
1631 5058 1736 5109 sqq.
1753 5046 1830 5096 ed.
1856 5047 1930 5096 Di·

371 5108 524 5170 dot),
549 5109 629 5158 uhi
659 5110 923 5160 Alexander
940 5110 1087 5160 Indiae
1128 5112 1358 5162 miracula
1389 5115 1624 5163 visui-usa
1659 5116 1927 5166 Prasiorum

372 5178 624 5240 metropoli
652 5179 1044 5243 (Palimbothris)
1060 5181 1307 5231 itcntidem
1330 5182 1660 5246 proficiscitur.

2016 824 2085 861 ex
2114 808 2407 864 occidente
2448 810 2732 864 attulerint
2760 808 3008 865 Bacchus
3041 821 3096 864 et
3130 812 3399 868 Hercules
3418 854 3433 883 ,
3463 833 3568 868 ur-

2015 894 2222 969 besque
2249 897 2319 951 ab
2349 898 2414 951 iis
2441 894 2681 952 conditae
2709 897 2844 965 sint,
2878 907 3045 969 atque
3072 900 3332 972 prosapia
3371 918 3568 955 eorum

2014 1000 2119 1054 per
2155 984 2331 1039 multa
2359 985 2553 1039 saecula
2592 985 2799 1058 regiam
2845 983 3172 1058 dignitatem
3210 987 3361 1060 apud
3397 987 3572 1043 Indos
3655 1013 3666 1019 ·

2017 1070 2341 1128 obtinuerit.
2424 1070 2855 1146 subjunguntur
2884 1073 2991 1127 alia
3012 1072 3270 1146 quaedam
3293 1073 3364 1129 ad
3394 1075 3568 1130 histo·

2015 1158 2153 1212 riam
2171 1158 2513 1230 pertinentia
2529 1157 2745 1231 (ao—2
2757 1155 2840 1232 7).
2864 1157 3081 1229 Quibus
3094 1159 3378 1230 absolutis,
3393 1162 3573 1217 tribus

2020 1242 2297 1298 Indorum
2318 1255 2530 1318 septem
2555 1255 2955 1300 enumerantur
2978 1243 3282 1324 (29—38).
3304 1250 3567 1323 Interpo-

2017 1333 2171 1386 nitur
2210 1333 2367 1386 locus
2400 1331 2472 1387 de
2512 1332 2819 1406 elephantis
2866 1330 3002 1406 (39).
3045 1336 3329 1391 Postremo
3355 1335 3425 1392 de
3452 1337 3569 1392 sin-

2015 1418 2156 1491 gulis
2174 1418 2449 1473 Indorum
2465 1420 2879 1493 'magistratibus
2899 1437 3076 1493 pauca
3099 1420 3388 1475 delibavit.

2095 1507 2226 1562 Haec
2250 1507 2440 1563 omnia
2463 1508 2676 1581 optimo
2705 1506 2903 1562 ordine
2921 1508 3263 1581 procedunt,
3289 1510 3390 1565 nisi
3411 1509 3568 1582 quod

2015 1595 2396 1649 narrationem
2451 1594 2523 1651 de
2576 1595 2883 1669 elephantis
2925 1594 2991 1669 (§
3038 1595 3138 1671 39)
3193 1597 3574 1672 Megasthenes

2018 1677 2210 1757 (sicuti
2239 1680 2468 1757 Strabo)
2496 1682 2649 1738 hand
2672 1682 2844 1738 dubie
2868 1701 2937 1738 eo
2958 1684 3085 1738 loeo
3112 1686 3327 1758 posuit,
3355 1703 3470 1757 quo
3496 1684 3570 1740 de

2016 1780 2345 1825 venatorum
2367 1771 2519 1825 tribu
2532 1787 2716 1825 sermo
2729 1781 2865 1840 erat3
2879 1770 3166 1827 Diodorus
3177 1782 3372 1827 contra
3386 1773 3564 1844 (sicuti

2018 1856 2312 1932 Arrianus)
2341 1875 2412 1912 ne
2433 1856 2664 1912 brevem
2704 1875 2857 1912 suam
2876 1857 3134 1934 ,tribuum
3185 1863 3569 1918 recensionem

2021 1942 2488 2016 interrumperet,
2516 1945 2588 2000 ad
2612 1945 2819 2000 calcem
2841 1947 3036 2019 capitis
3058 1965 3178 2002 eam
3203 1948 3487 2022 relegavit.

2095 2028 2352 2085 Eundem
2398 2039 2567 2104 atque
2613 2031 2902 2087 Diodorus
2939 2036 3270 2089 narrationis
3311 2034 3570 2089 ordinem

2012 2118 2264 2189 sequitur
2289 2120 2588 2192 Arrianus,
2620 2121 2716 2192 qui
2741 2121 2800 2174 in
2833 2122 3091 2176 Historiae
3119 2121 3328 2177 Indicae
3356 2124 3564 2195 priori·

2013 2201 2119 2257 bus
2168 2205 2443 2278 capitibus
2483 2205 2727 2261 sedecim
2761 2224 2877 2279 prae
2910 2209 3107 2262 ceteris
3147 2212 3411 2282 expressit
3446 2212 3572 2265 Me-

2012 2290 2352 2364 gasthenem.
2379 2293 2564 2366 Igitur
2600 2294 2694 2348 hic
2718 2313 2947 2367 quoque
2983 2297 3230 2368 primum
3261 2295 3333 2352 dc
3368 2298 3572 2371 populi

2012 2379 2124 2434 vita
2153 2380 2530 2452 antiquissima
2558 2390 2613 2435 et
2650 2380 2722 2436 de
2744 2382 2945 2436 Bacchi
2986 2393 3042 2437 et
3075 2382 3333 2438 Herculis
3357 2381 3568 2440 benefi-

2012 2466 2136 2534 ciis,
2167 2477 2224 2521 et
2244 2466 2449 2522 deinde
2477 2467 2707 2522 demum
2728 2467 2800 2523 de
2825 2467 3083 2523 tribubus
3105 2471 3355 2543 exponit.
3388 2472 3569 2542 Quem

2011 2564 2307 2609 auctorum
2327 2572 2657 2610 consensum
2677 2556 2720 2610 si
2727 2554 2980 2627 junxeris
2999 2556 3383 2613 adornationis
3400 2558 3566 2631 hujus

2008 2642 2373 2715 simplicitati,
2421 2641 2658 2696 dubium
2696 2660 2814 2696 non
2856 2653 2936 2697 est
2994 2644 3134 2716 quin
3177 2643 3464 2700 Diodorus
3512 2656 3568 2701 et

2012 2730 2280 2784 Arrianus
2304 2730 2503 2804 seriem
2531 2730 2866 2785 narrationis
2887 2731 3307 2804 Megasthenicae
3329 2731 3569 2788 fideliter

2011 2815 2384 2871 reddiderint.
2423 2817 2557 2887 Quae
2598 2835 2774 2889 quum
2811 2817 2887 2871 ita
2926 2818 3068 2890 sint,
3105 2819 3261 2873 locus
3308 2820 3400 2874 ille
3441 2821 3568 2874 libri

2010 2908 2200 2976 quarti
2243 2921 2312 2960 ex
2353 2904 2608 2960 Herculis
2652 2904 2882 2960 historia
2926 2904 3248 2979 desumptus
3301 2906 3562 2962 mendam

2013 2991 2237 3045 traxisse
2248 2991 2386 3045 mihi
2399 2990 2643 3048 videtur.
2665 2991 2773 3046 Pro
2789 2990 2841 3047 ἐν
2858 2988 2900 3047 δ’
2920 2990 3087 3047 suerit
3104 2992 3155 3048 ἕν
3175 2991 3396 3071 δευτέρῳ
3417 2982 3569 3068 (quie

2008 3076 2162 3133 haud
2189 3078 2511 3151 infrequens
2539 3078 2792 3135 confusio
2812 3077 2948 3153 est).
2992 3079 3108 3135 Dici
3135 3083 3308 3153 possit
3346 3080 3578 3137 diversis

2011 3165 2149 3220 locis
2183 3165 2256 3221 de
2301 3166 2545 3221 Hercule
2586 3176 2643 3222 et
2681 3165 3242 3222 Nabuchodonosore
3287 3177 3572 3223 auctorem

2008 3251 2183 3308 verba
2211 3252 2418 3310 fecisse.
2449 3252 2560 3309 Sed
2587 3271 2771 3327 neque
2793 3253 2904 3308 hoc
2931 3253 3250 3327 probabile.
3285 3256 3426 3311 Nam
3455 3257 3561 3310 tri-

2012 3338 2195 3394 buum
2212 3351 2266 3395 et
2280 3340 2699 3414 magistratuum
2723 3338 3044 3414 descriptio,
3061 3351 3126 3395 ut
3143 3352 3472 3416 argumento
3496 3344 3572 3398 sic

2011 3426 2158 3482 libro
2190 3425 2487 3498 conjuncta
2505 3427 2707 3497 fuerit;
2733 3428 2908 3482 tribus
2930 3446 3062 3483 vero
3084 3439 3281 3483 auctor
3295 3431 3574 3485 recensuit

2011 3513 2158 3569 libro
2199 3516 2401 3582 tertio;
2447 3523 2503 3569 et
2545 3523 2672 3587 post
2722 3516 3068 3588 magistratus
3103 3528 3569 3571 commemoratos

2011 3599 2176 3655 finem
2198 3600 2535 3674 excerpendi
2553 3600 2804 3656 fecerunt
2823 3612 2879 3656 et
2898 3601 3183 3656 Diodorus
3205 3612 3259 3657 et
3277 3603 3566 3660 Arrianus.

2011 3689 2210 3744 Omnia
2254 3689 2424 3763 igitur
2465 3687 2701 3743 suadent
2741 3690 2904 3744 etiam
2943 3686 3364 3763 inMegasthene
3404 3702 3566 3765 caput

2011 3775 2158 3832 istud
2184 3775 2256 3832 de
2292 3775 2701 3851 magistratibus
2720 3776 2980 3831 ultimum
3023 3776 3185 3832 fuisse
3209 3777 3424 3850 operis,
3463 3789 3562 3833 tres

2014 3875 2227 3919 tantum
2245 3864 2419 3919 libros
2438 3863 2736 3936 complexi.
2776 3864 2974 3936 Itaque
3012 3863 3318 3938 fragmenta
3343 3882 3466 3937 quae
3496 3865 3570 3921 ad

2012 3950 2210 4006 Bacchi
2237 3961 2291 4006 et
2323 3951 2577 4007 Herculis
2602 3950 2889 4006 historiam
2911 3952 3229 4025 pertinent,
3264 3951 3568 4007 vindicavi·

2011 4054 2137 4091 mus
2177 4035 2324 4091 libro
2364 4036 2634 4093 secundo.
2667 4038 2751 4092 De
2777 4037 3005 4110 reliquis
3026 4038 3279 4110 acquievi
3312 4036 3564 4091 adorna-

2015 4125 2166 4178 tione
2185 4165 2202 4197 ,
2246 4123 2469 4196 qualem
2513 4121 2980 4180 Schwanbeckius
3026 4123 3210 4192 dedit;
3251 4141 3371 4178 non
3412 4124 3566 4195 qnod

2012 4211 2312 4285 genuinam
2333 4209 2595 4279 habeam,
2618 4208 2718 4265 sed
2760 4209 2917 4283 quod
2946 4212 3238 4267 meliorem
3278 4209 3414 4266 dare
3429 4252 3445 4280 ,
3469 4214 3570 4266 nisi

2013 4297 2299 4352 Strabonis
2319 4308 2580 4371 excerpta
2604 4299 2662 4352 in
2686 4299 2901 4354 minuta
2923 4298 3155 4354 fmstula
3177 4299 3446 4354 dissecare
3471 4317 3570 4354 vo·

2015 4384 2210 4455 lueriS,
2239 4385 2309 4439 sit
2334 4383 2745 4444 difficillimum.

2091 4472 2177 4526 De
2237 4470 2484 4527 dictione
2529 4473 2894 4547 Megasthenis
2947 4473 3088 4528 nihil
3131 4473 3394 4529 traditur.
3445 4476 3570 4548 Ipsa

2021 4558 2193 4614 verba
2238 4559 2609 4635 Megasthenis
2655 4560 2980 4633 paucissima
3030 4560 3337 4633 Abydenus
3383 4562 3572 4617 citavit

2018 4646 2119 4721 (fr.
2151 4645 2291 4724 28),
2319 4665 2437 4702 non
2465 4648 2680 4703 sincera
2726 4660 2928 4718 tamen,
2970 4647 3069 4703 sed
3115 4649 3312 4703 ionicis
3355 4647 3566 4717 formis,

2017 4751 2154 4807 quas
2173 4732 2244 4789 de
2267 4752 2370 4789 suo
2393 4733 2700 4807 Abydenus
2720 4734 2934 4805 intulit,
2958 4733 3289 4790 deformata.

2096 4818 2266 4892 Quod
2290 4818 2460 4876 fidem
2506 4831 2562 4875 et
2603 4823 2992 4877 auctoritatem
3025 4822 3314 4895 scriptoris
3339 4823 3567 4891 attinet,

2018 4906 2171 4980 apud
2214 4908 2409 4981 vulgus
2439 4909 2821 4982 Megasthenes
2855 4911 3002 4963 inter
3025 4909 3306 4981 principes
3334 4909 3572 4966 habetur

2019 5013 2215 5050 eorum
2232 5035 2249 5064 ,
2272 4996 2370 5068 qui
2388 4996 2588 5069 ineptis
2609 4995 2913 5051 mendaciis
2929 4995 3282 5069 indulgentes
3296 5035 3309 5061 ,
3335 4995 3572 5051 anilibus

2020 5102 2208 5139 rerum
2236 5085 2694 5140 miraculosamm
2719 5083 3135 5140 narrationibus
3155 5084 3371 5139 animos
3398 5084 3570 5137 lecto·

1966 5226 1980 5233 ,
2021 5190 2145 5225 rum
2170 5171 2489 5229 demulcere
2515 5172 2846 5229 studuerint.
2871 5171 3038 5243 Cujus
3066 5172 3345 5244 opinionis
3372 5190 3572 5245 parens
