4016 5916
1164 377 1262 438 ET
1301 375 1710 438 TIMONlDIS
1751 376 2120 438 LEUCADH
2161 377 2660 442 FRAGMENTA.
3445 405 3518 457 03

309 511 416 590 μὴν
445 514 741 584 affin,
772 508 860 568 &d
884 513 1035 569 τοῦτο
1061 511 1156 579 τῆς
1179 507 1509 588 πολιορκίας,
1540 508 1655 566 ἀλλ’
1683 507 1874 585 ἐμμεί-
1964 529 2108 586 opus
2127 530 2259 567 vere
2285 514 2613 568 historicum
2628 556 2643 584 ,
2667 515 2766 572 sed
2785 518 3032 593 epistolae
3050 518 3211 576 fuisse
3235 522 3523 587 videntur.

306 624 472 660 ναντα
499 601 578 679 τῷ
613 595 833 678 πολέμῳ
868 596 1050 657 λαθεῖν
1089 594 1205 661 τοὺς
1231 594 1537 676 τυράννους·
1560 597 1631 662 ὣς
1658 593 1712 653 δὲ
1736 597 1873 654 ἐπα-

1969 600 2169 673 Neque
2188 599 2341 655 aliud
2359 600 2612 657 indicant
2630 604 2802 659 verba
2830 604 3113 661 Plutarchi
3136 605 3228 681 (fr.
3254 627 3286 663 2
3311 604 3328 687 )
3361 630 3374 665 :
3400 611 3530 687 Τιμ.

306 692 494 762 νῆλθεν
517 690 589 754 εἰς
607 685 965 766 Συρακούσας,
990 683 1135 752 εὐθὺς
1155 682 1440 744 ἀποθέσθαι
1465 681 1558 752 τὴν
1583 683 1872 763 μοναρχίαν
1968 683 2182 765 γράφων
2210 684 2337 766 πρὸς
2381 684 2809 751 Σπεύσιππον....
2838 691 3051 770 ἱστορεῖ.
3085 689 3233 749 Nuin
3278 700 3532 772 genuinae

307 776 400 837 καὶ
427 776 802 857 παραιτεῖσθαι
823 772 940 840 τοὺς
959 771 1207 847 πολίτας,
1226 774 1330 830 τῶν
1358 770 1684 852 πραγμάτων
1709 775 1780 840 εἰς
1813 770 1874 832 τὸ
1970 773 2180 829 suerint
2198 774 2311 830 istae
2335 777 2582 849 epistolae
2614 796 2717 833 nos
2736 778 2865 850 jure
2894 780 3222 853 quaerimus,
3251 784 3351 838 etsi
3380 802 3531 858 φικ-

306 864 593 923 κιίλλιστον
621 858 854 932 ἡκόντων
876 858 1041 927 τέλος.

1961 860 2199 915 stionem
2229 860 2496 919 dirimere
2523 882 2641 919 non
2664 865 2814 921 licet.
2848 863 3179 923 Plutarchus
3205 869 3438 943 quidem
3458 872 3530 929 de

389 952 473 1011 Cf.
508 951 737 1009 Cornel.
759 952 906 1026 Nep.
937 952 1083 1008 Tim.
1108 968 1157 1006 c.
1184 948 1217 1004 3
1257 968 1272 1003 ι
1309 949 1490 1021 Quam
1513 953 1756 1023 prImum
1769 969 1875 1023 po-
1962 945 2078 1003 fide
2097 967 2287 1005 earum
2307 969 2425 1005 non
2446 952 2621 1027 magis
2640 951 2886 1025 dubitat,
2913 972 3083 1028 quam
3101 954 3175 1012 de
3192 960 3527 1018 auctoritate

309 1046 436 1107 tuit,
469 1044 762 1114 imperium
784 1039 1038 1112 deposuit
1050 1049 1110 1092 et
1117 1040 1372 1112 privatus
1396 1036 1707 1108 Syracusis,
1730 1038 1879 1111 quod
1965 1036 2329 1108 epistolarum
2356 1039 2770 1096 Platonicamm
2784 1083 2801 1112 ,
2844 1059 2913 1097 ex
2954 1043 3164 1115 quibus
3202 1048 3378 1118 petita
3403 1061 3531 1105 sunt

308 1130 585 1203 reh'quum
613 1122 918 1197 vitoefue't,
962 1130 1163 1183 ve'xe't...
1204 1124 1312 1178 Hic
1347 1143 1512 1199 quum
1554 1136 1724 1179 oetate
1743 1131 1872 1197 Jam
1967 1134 2182 1178 tantum
2205 1143 2322 1178 non
2350 1127 2568 1195 omnia,
2607 1150 2631 1176 a
2662 1146 2787 1201 quae
2817 1127 2890 1185 de
2915 1130 3161 1186 Platonis
3198 1151 3326 1188 cuin
3345 1136 3531 1191 Dione

303 1227 605 1292 provectus
638 1225 800 1283 esset,
827 1218 951 1269 sine
985 1214 1097 1269 ullo
1126 1213 1312 1268 morbo
1349 1214 1563 1267 lumina
1601 1214 1872 1267 oculorum

308 1308 525 1358 amisit.

914 1438 1276 1467 *-

635 1547 1064 1610 TIMONIDES
1107 1545 1557 1608 LEUCADlUS.

383 1712 546 1768 Dion
588 1712 681 1779 iis,
713 1728 839 1784 quae
879 1709 1220 1784 Speusippus
1241 1706 1451 1762 amicus
1477 1702 1548 1758 de
1575 1700 1872 1777 Syracusa-

309 1818 520 1856 norum
547 1799 608 1853 in
632 1809 932 1872 tyrannum
957 1797 1144 1853 animo
1175 1793 1475 1863 retulerat,
1494 1793 1554 1846 in
1573 1809 1728 1865 spem
1757 1809 1873 1847 ere-

310 1900 459 1956 ctus,
496 1887 704 1942 reverti
732 1882 1029 1959 Syracusas
1066 1884 1421 1958 patriamque
1460 1881 1520 1935 in
1558 1879 1871 1935 libertatem

309 1974 603 2032 vindicare
631 1971 901 2028 decrevit.
934 1966 1295 2048 Συνίπραττον
1325 1963 1379 2025 δὲ
1411 1963 1500 2024 καὶ
1537 1966 1639 2022 τῶν
1667 1966 1872 2023 πολιτι-

313 2063 416 2121 κῶν
434 2058 621 2118 πολλοὶ
641 2056 854 2116 καὶτῶν
880 2054 1194 2137 φιλοσόφων,
1214 2052 1247 2112 ὅ
1261 2077 1317 2112 τε
1343 2052 1575 2134 Κύπριος
1599 2050 1870 2129 Εὔδημος,

314 2150 383 2215 εἰς
403 2146 461 2206 ὃν
481 2143 841 2226 Ἀριστοτέλης
873 2141 1194 2203 ἀποθανόντα
1218 2140 1306 2201 τὸν
1335 2139 1468 2220 Περὶ
1497 2142 1667 2221 ψυχῆς
1691 2137 1872 2198 διάλο-

313 2234 669 2313 γονὲποίησε,
698 2231 788 2290 καὶ
829 2229 1204 2308 Τιμωνίδης
1239 2231 1268 2287 ὁ
1309 2225 1670 2293 Λευκάδιος
1709 2227 1874 2304 (Plu-

317 2326 489 2383 tarch.
513 2324 668 2380 Dion
694 2339 744 2379 c.
781 2318 899 2396 22).
930 2317 1252 2375 Timonides
1279 2314 1338 2393 Γ)
1359 2318 1531 2392 igitur
1551 2316 1795 2372 Dionem
1814 2317 1872 2371 in

313 2414 554 2470 Siciliam
574 2421 795 2468 secutus
822 2419 932 2477 est,
956 2407 1234 2479 rebusque
1252 2406 1322 2462 ab
1351 2424 1420 2461 eo
1451 2405 1613 2479 gestis
1633 2422 1754 2459 non
1780 2423 1871 2460 so-

315 2503 428 2557 lum
464 2500 719 2557 oculatus
747 2497 898 2553 testis
927 2494 1176 2551 interfuit
1213 2488 1541 2568 (Τιμωνίδης
1570 2488 1872 2568 πραττομέ-

317 2608 421 2654 ναις
441 2584 495 2654 ἰξ
520 2587 689 2665 ἀρχῆς
709 2589 824 2649 ταῖς
842 2579 1059 2661 πράξεσι
1080 2577 1293 2645 ταύταις
1320 2575 1455 2656 μετὰ
1478 2576 1670 2645 Δίωνος
1697 2600 1873 2657 παρα-
1894 2634 1897 2638 Α

315 2673 599 2751 γενόμενος,
621 2674 692 2730 fr.
711 2672 790 2750 α),
817 2671 917 2727 sed
936 2688 1058 2726 suas
1079 2671 1246 2726 etiam
1267 2670 1328 2723 in
1355 2668 1419 2723 iis
1439 2679 1626 2741 partes
1648 2667 1866 2722 habuit.

314 2764 450 2820 Nam
461 2763 560 2819 nbi
576 2763 732 2818 Dion
747 2770 948 2816 contra
959 2756 1337 2815 mercenarios
1347 2756 1600 2829 Dionysii
1618 2772 1874 2829 pugnans

313 2851 510 2908 vulnus
533 2859 861 2925 acceperat,
889 2845 1161 2901 recedens
1188 2845 1303 2919 ipse
1336 2841 1693 2899 'simonidem
1717 2842 1872 2895 mili-

316 2950 430 2994 tum
446 2935 933 3012 Syracusanorum
960 2932 1161 2989 ducem
1182 2932 1472 2989 constituit
1496 2925 1732 3008 (ἐκείνοις
1755 2930 1873 3005 ἡγε-

315 3024 445 3100 μόνα
464 3021 770 3099 Τιμωνίδην
811 3017 1096 3090 ἐπέστησεν
1119 3022 1265 3079 Plut.
1295 3021 1335 3075 l.
1359 3020 1397 3076 l.
1416 3038 1468 3074 c.
1503 3014 1617 3093 30).
1643 3048 1718 3059 —
1737 3018 1871 3089 Quae

314 3113 527 3169 viderat
537 3110 868 3168 'simonides
885 3108 1279 3177 Academicus,
1301 3125 1366 3163 ea
1387 3107 1563 3162 literis
1586 3105 1872 3180 consigna-

313 3211 370 3257 ta
397 3201 549 3256 misit
567 3199 640 3255 ad
667 3198 1066 3273 Speusippum.

399 3290 681 3363 Diogenes
696 3290 762 3344 L.
787 3288 886 3355 lv,
911 3284 944 3341 5
971 3303 986 3340 ε
1014 3278 1155 3360 Πρὸς
1171 3284 1349 3338 τοῦτον
1380 3274 1483 3356 (se.
1511 3276 1869 3355 Σπεύσιππον)

311 3373 419 3453 γρά
488 3396 506 3428 ι
525 3371 617 3430 καὶ
639 3369 932 3448 Σιμωνίδης
956 3370 1150 3447 (scrib.
1171 3364 1498 3446 Τιμωνίδης)
1517 3364 1610 3433 τὰς
1623 3363 1870 3445 ἱστορίας,

397 3395 484 3526 αἶ
500 3459 842 3538 κατατετάχει
862 3456 956 3524 τὰς
977 3454 1187 3538 πράξεις
1205 3453 1398 3521 Δίωνός
1418 3454 1499 3532 [τε
1524 3453 1614 3512 καὶ
1636 3451 1868 3530 Βίωνος].

309 3554 604 3608 Postrema
629 3568 696 3607 ex
722 3548 1048 3623 corruptela
1082 3547 1328 3602 nominis
1354 3540 1571 3609 Δίωνος.
1588 3555 1717 3599 nata
1743 3542 1872 3598 fue-

311 3641 448 3696 rint.
469 3670 552 3682 —
574 3639 835 3696 Ceterum
847 3632 1098 3714 ῖστορίαι,
1114 3652 1251 3708 quas
1268 3633 1552 3707 Diogenes
1572 3629 1729 3701 dicit,
1753 3649 1871 3684 non

371 3801 434 3862 (Ἰ
471 3803 565 3850 Pro
597 3797 888 3850 Timonides
906 3797 1134 3858 corrupte
1149 3793 1324 3857 legitur
1345 3790 1626 3843 Simonides
1646 3794 1703 3842 fr.
1730 3795 1777 3840 3.
1795 3793 1871 3840 Ti·

309 3872 468 3934 μῶναξ
480 3871 529 3919 ἐν
543 3879 590 3919 α·
605 3875 700 3919 τῶν
719 3869 971 3919 Σικελικῶν
989 3865 1219 3916 laudatur
1229 3877 1308 3926 ap.
1329 3862 1490 3914 schol.
1504 3898 1520 3923 ,
1544 3863 1697 3925 Apoll.
1714 3860 1871 3911 Rhod.

311 3944 359 4002 Ι,
387 3944 520 3991 1217.
550 3941 721 3990 latere
737 3939 788 3988 in
804 3937 882 3988 his
902 3934 1164 3988 'simonidis
1186 3933 1366 3985 mentio
1389 3932 1550 3995 putari
1577 3932 1740 3994 possit.
1781 3929 1875 3981 Sed

307 4009 603 4074 probabilius
656 4022 746 4072 pro
799 4008 1050 4058 Σικελικῶν
1090 4003 1233 4055 scrib.
1271 4015 1374 4054 esse
1405 4002 1670 4061 Σκυθικῶν,
1723 4013 1874 4064 quum

307 4080 534 4143 scythim
564 4092 597 4129 a
630 4079 917 4130 Timonacte
947 4072 1210 4137 composita
1236 4085 1341 4124 esse
1377 4071 1589 4134 constet,
1625 4070 1878 4133 ipsumque

309 4151 632 4213 unguentum
651 4150 716 4199 sit
740 4147 802 4198 de
821 4147 983 4198 tabula
1000 4143 1242 4197 colchica.

307 4299 464 4361 rme,
489 4298 577 4349 ned
599 4298 647 4348 in
667 4297 794 4348 hello
820 4307 1176 4359 perseverasse,
1197 4297 1527 4358 tyrannosque
1550 4293 1602 4343 in
1626 4305 1762 4342 suam
1790 4306 1869 4341 re-

307 4375 490 4440 degisse
499 4379 790 4440 potestatem
807 4372 945 4424 :inde
959 4375 1220 4435 Syracusas
1229 4385 1490 4436 termam,
1502 4371 1665 4421 statim
1675 4369 1874 4433 imperio

309 4466 361 4503 se
376 4453 622 4506 abdicasse
642 4456 694 4507 et
711 4452 1023 4517 deprecatum
1046 4461 1147 4501 esse
1165 4448 1295 4501 cives
1310 4449 1455 4501 rebus
1471 4448 1656 4513 optimo
1678 4447 1730 4497 in
1745 4449 1874 4497 statu

913 4631 1277 4660 ψ-

731 4773 836 4838 DE
878 4775 1124 4837 REBUS
1165 4772 1453 4836 DIONIS.

1073 4907 1098 4957 1
1109 4943 1124 4957 .

377 5008 737 5061 caduceatores
754 5021 784 5057 a
801 5007 1027 5070 Dionysio
1044 5003 1342 5056 devenerunt
1359 5015 1473 5052 cum
1488 4998 1703 5064 epistolis
1717 5034 1733 5060 ,
1755 5011 1877 5061 quas

1968 1212 2237 1281 amicitia,
2272 1210 2343 1266 de
2370 1212 2693 1286 philosophi
2716 1216 2776 1269 in
2796 1215 3040 1272 Siciliam
3066 1221 3534 1294 peregrinationi-

1966 1296 2073 1353 bus
2105 1316 2169 1353 ac
2194 1317 2321 1353 cum
2345 1301 2618 1374 Dionysio
2648 1313 2930 1359 conventu
2960 1317 3260 1362 narrantur
3289 1332 3312 1357 n
3346 1306 3528 1382 (Hee-

1962 1403 2085 1440 ren.
2110 1388 2197 1442 De
2219 1386 2386 1442 fontt.
2419 1388 2564 1444 Plut.
2594 1407 2657 1463 p.
2696 1388 2817 1467 53).
2851 1392 2932 1447 Ac
2978 1390 3255 1463 ejusmodi
3285 1394 3525 1450 fontium

1963 1471 2215 1529 indolem
2240 1485 2356 1530 tota
2371 1476 2570 1532 Dionis
2590 1477 2733 1547 vita,
2759 1478 2912 1534 haud
2941 1497 3144 1555 magno
3162 1481 3365 1553 judicii
3394 1501 3526 1539 acu-

1962 1561 2115 1617 mine
2143 1564 2457 1637 conscripta
2472 1604 2489 1634 ,
2510 1563 2709 1637 prodit
2734 1565 3045 1622 manifesto,

2413 1858 2516 1916 TA
2559 1858 2763 1917 RATA
2806 1860 3066 1920 ΔΙΩΝΑ.

2729 1993 2780 2032 1.

2041 2076 2324 2131 Plutarch.
2364 2078 2539 2133 Dion.
2573 2096 2623 2132 c.
2658 2078 2725 2133 31
2757 2098 2771 2132 ε
2803 2081 2933 2135 Post
2964 2082 3255 2138 victoriam
3284 2102 3315 2139 a
3341 2086 3525 2140 Dione

1961 2163 2033 2220 de
2048 2164 2319 2236 Dionysio
2340 2175 2683 2239 reportatam
2705 2164 2796 2240 (cs.
2823 2167 3047 2223 Diodor
3067 2170 3224 2239 XVI,
3253 2173 3365 2246 ια.)
3385 2188 3400 2229 z
3418 2168 3528 2240 Κή-

1963 2270 2110 2328 ρυκες
2134 2246 2279 2328 παρὰ
2301 2252 2393 2307 τοῦ
2429 2247 2699 2308 Διονυσίου
2728 2248 3061 2324 κατίὸαινον,
3096 2253 3372 2320 ἐπιστολὰς
3396 2255 3525 2335 πρὸς

1961 2335 2135 2396 Δίωνα
2161 2333 2304 2417 παρὰ
2333 2337 2434 2394 τῶν
2458 2335 2662 2395 οἰκείων
2691 2338 2948 2415 γυναικῶν
2973 2338 3288 2416 κομίζοντες.
3328 2341 3445 2402 Μία
3476 2344 3522 2400 δ’

1959 2414 2023 2495 ἦν
2049 2422 2228 2493 ἔξωθεν
2248 2422 2691 2504 Ξπιγεγραμμένη·
2713 2426 2764 2484 Τ
2765 2428 2808 2504 ᾧ
2836 2425 2995 2505 πατρὶ
3029 2430 3155 2507 παρ’
3193 2425 3520 2510 Ἱππαρίνου·

1960 2515 2112 2571 τοῦτο
2138 2510 2240 2591 γὰρ
2279 2502 2342 2583 ἦν
2383 2510 2548 2588 ὄνομα
2571 2514 2644 2590 τῷ
2672 2515 2762 2570 τοῦ
2790 2510 2986 2581 Δίωνος
3013 2514 3130 2594 υἱῷ.
3176 2514 3367 2576 Καίτοι
3391 2517 3519 2595 φησὶ

1959 2598 2183 2675 Τίμαιος
2206 2599 2293 2679 (fr.
2324 2597 2449 2676 129)
2465 2641 2482 2670 ,
2518 2597 2777 2678 Ἀρεταῖον
2801 2597 2956 2658 αὐτὸν
2981 2600 3086 2658 ἀπὸ
3110 2604 3200 2673 τῆς
3219 2601 3414 2684 μητρὸς
3434 2602 3525 2663 Ἀ-

1963 2684 2113 2765 ρέτης
2140 2687 2434 2744 καλεῖσθαι.
2463 2682 2738 2764 Τιμωνίδῃ
2768 2683 2822 2744 δὲ
2853 2688 3072 2763 μᾶλλον,
3092 2690 3161 2755 ὥς
3185 2686 3384 2766 οἴομαι,
3405 2691 3525 2770 περί

1961 2794 2018 2850 γε
2061 2769 2257 2831 τούτων
2302 2771 2621 2845 πιστευτέον,
2666 2772 2815 2853 ἀνδρὶ
2858 2773 2993 2854 φίλῳ
3038 2774 3130 2834 καὶ
3166 2775 3523 2856 συστρατιώτῃ

1959 2858 2154 2927 Δίωνος
2174 2860 2426 2938 (Olymp.
2461 2860 2601 2933 105,
2630 2868 2687 2929 Ι..
2726 2881 2778 2919 a.
2812 2863 2876 2920 C.
2910 2863 3078 2942 357).
3105 2866 3244 2938 Quae
3284 2879 3526 2940 sequun-

1963 2962 2056 3006 tur
2079 2969 2171 3025 ap.
2198 2951 2348 3006 Plut.
2376 2967 2447 3005 ex
2477 2948 2681 3007 eodem
2709 2950 3012 3008 Timonide
3037 2948 3323 3009 fluxerint.

2702 3074 2760 3112 2.

2038 3160 2199 3217 Idem
2226 3159 2368 3216 ibid.
2401 3158 2497 3231 35,
2527 3160 2599 3216 de
2623 3172 2808 3216 morte
2851 3161 3063 3216 Philisti
3110 3153 3378 3240 εἜφορος
3417 3160 3517 3240 (fr.

1968 3248 2108 3324 152)
2143 3244 2236 3323 μὶν
2259 3235 2349 3304 οὖν
2376 3267 2553 3326 φησιν,
2581 3248 2653 3313 ὡς
2679 3245 3027 3324 ἁλισκομένης
3048 3249 3140 3317 τ’ἧς
3162 3244 3314 3318 νεὼς,
3341 3246 3521 3305 ἑαυτὸν

1962 3333 2151 3392 ἀνέλοι·
2173 3331 2473 3409 Τιμωνίδης
2491 3331 2574 3405 δὲ,
2596 3330 2979 3414 πραττομέναις
2995 3332 3047 3401 ἐξ
3071 3337 3237 3413 ἀρχῆς
3255 3334 3368 3400 ταῖς
3388 3335 3522 3413 πρά·

1958 3420 2065 3489 ξεσι
2097 3420 2309 3486 ταύταις
2345 3417 2479 3496 μετὰ
2507 3419 2700 3485 Δίωνος
2726 3419 3165 3497 παραγενόμενος,
3186 3418 3277 3478 καὶ
3306 3419 3520 3502 γράφων

1958 3507 2085 3589 πρὸς
2114 3506 2477 3580 Σπεύσιππον,
2505 3506 2593 3565 τὸν
2626 3505 2922 3586 φιλόσοφον,
2948 3508 3172 3586 ἱστορεῖ,
3211 3510 3379 3575 ζῶντα
3421 3510 3523 3579 λη-

1959 3600 2175 3677 φθῆναι,
2194 3597 2287 3665 τῆς
2316 3593 2552 3674 τριήρους
2571 3595 2640 3661 εἷς
2667 3590 2762 3665 τὴν
2781 3596 2878 3669 γῆν
2908 3593 3240 3666 ἐκπεσούσης,
3261 3593 3349 3654 τὸν
3364 3595 3521 3654 Φίλι-

1959 3702 2100 3742 στον·
2125 3680 2216 3740 καὶ
2250 3684 2454 3760 πρῶτον
2478 3679 2572 3758 μὲν
2603 3678 2965 3748 ἀποδύσαντας
3001 3683 3161 3740 αὐτοῦ
3194 3681 3283 3740 τὸν
3310 3680 3521 3760 θώρακα

1957 3770 2077 3837 τοὺς
2104 3768 2518 3850 Συρακουσίους,
2543 3767 2636 3826 καὶ
2656 3765 2851 3846 γυμνὸν
2887 3768 3305 3845 ἐπιδειξαμένους
3330 3769 3389 3828 τὸ
3417 3773 3521 3828 σῶ-

1961 3881 2070 3934 μα,
2114 3855 2544 3937 προπηλακίζειν,
2591 3854 2733 3922 ὄντος
2761 3856 2863 3928 ἤδη
2909 3855 3162 3937 γέροντος·
3206 3856 3388 3916 ἔπειτα
3423 3856 3519 3930 τὴν

1960 3944 2192 4027 κεφαλὴν
2216 3942 2497 4020 ἀποτεμεῖν
2516 3943 2724 4010 καὶτοῖς
2742 3941 2896 4002 παισὶ
2916 3943 3243 4022 παραδοῦναι
3267 3946 3329 4002 τὸ
3349 3949 3520 4022 σῶμα,

1961 4031 2303 4098 κελεύσαντας
2326 4030 2495 4089 ἕλκειν
2509 4028 2593 4089 διὰ
2610 4033 2704 4101 τῆς
2726 4029 3060 4110 Ἀχραδινῆς,
3089 4029 3178 4088 καὶ
3199 4030 3518 4090 καταὸαλεῖν

1963 4124 2035 4189 εἰς
2058 4119 2149 4187 τὰς
2178 4118 2447 4196 Λατομίας
2478 4122 2742 4196 (olymp.
2774 4120 2915 4189 106,
2957 4140 3006 4177 1.
3035 4138 3085 4175 a.
3119 4121 3180 4176 C.
3215 4119 3396 4196 356.).

1963 4292 2120 4340 Aretae
2138 4287 2333 4338 nomine
2349 4289 2698 4351 nuncupatum.
2720 4288 2903 4336 Verum
2921 4286 2972 4335 in
2989 4286 3064 4336 his
3080 4285 3322 4336 Timonidi
3345 4287 3519 4349 potius,

1960 4381 2070 4417 meo
2094 4366 2291 4430 quidem
2304 4364 2515 4430 jndicio,
2535 4365 2619 4429 qui
2641 4364 2829 4415 amicus
2850 4364 3017 4415 Dionis
3035 4367 3085 4414 et
3112 4364 3376 4414 commnito
3400 4363 3487 4416 fuit
3503 4403 3519 4429 ,

1962 4445 2255 4496 credendum
2273 4446 2364 4496 est.
2714 4518 2748 4569 2

2023 4611 2243 4675 Ephorus
2272 4609 2419 4660 tradit
2454 4609 2734 4670 Philistum,
2755 4620 2879 4658 nave
2914 4606 3018 4670 eius
3049 4609 3216 4670 capta,
3246 4607 3403 4670 lpum
3429 4605 3519 4657 sihi

1959 4701 2158 4738 manum
2181 4686 2708 4749 intulisse51'imonides
2723 4698 2870 4747 vero,
2891 4685 2975 4748 qui
2997 4683 3107 4735 inde
3130 4684 3193 4733 ab
3220 4683 3360 4733 initio
3376 4683 3520 4734 rebus

1960 4766 2091 4815 hisce
2117 4763 2358 4824 interfuit,
2396 4763 2448 4812 in
2486 4763 2688 4826 epistola
2723 4760 2786 4811 ad
2825 4762 3142 4825 Speusippum
3180 4760 3518 4824 philosophum

1959 4842 2152 4904 scribit,
2178 4840 2431 4892 Philistum
2446 4875 2462 4903 ,
2480 4839 2625 4890 triete
2644 4838 2749 4901 ejus
2766 4838 3026 4888 adiectam
3053 4837 3204 4902 illisa,
3224 4838 3393 4888 vivum
3417 4851 3519 4889 esse

1960 4919 2358 4983 comprehensum
2367 4935 2384 4981 3
2416 4930 2475 4967 ac
2504 4918 2716 4980 primum
2747 4915 2943 4979 quidem
2979 4917 3299 4978 syracusanos
3324 4916 3519 4964 thorace

1959 5002 2163 5050 exutum
2181 4997 2367 5048 nudum
2392 4996 2698 5048 ostendentes
2721 4995 2853 5046 omni
2881 4994 3173 5045 contumelia
3202 4994 3418 5044 affecisse
3441 4995 3515 5043 vi-

315 5087 380 5136 nd
412 5087 618 5138 Dionem
649 5085 936 5148 scripserant
963 5083 1184 5135 mulieres
1200 5081 1499 5146 propinqum.
1525 5081 1631 5128 Una
1653 5090 1770 5129 vero
1799 5076 1876 5127 in-
1961 5091 2071 5127 rum
2088 5075 2248 5128 senilis
2258 5075 2361 5138 iam
2376 5074 2566 5137 aetatis3
2585 5073 2758 5124 deinde
2774 5073 2930 5136 capite
2951 5070 3158 5121 abscisso
3174 5069 3339 5145 pueris
3362 5071 3517 5119 uadi-

313 5166 625 5230 ecrlptionem
657 5164 869 5214 habebat
901 5186 915 5215 ε
939 5165 1066 5214 Patri
1094 5162 1155 5213 ab
1186 5159 1465 5225 Hipparini).
1497 5157 1554 5207 Id
1584 5169 1759 5208 nomen
1789 5155 1877 5206 tuit
1960 5155 2085 5207 disse
2110 5168 2284 5218 corpus
2310 5153 2533 5216 jubentes
2560 5156 2617 5205 ut
2651 5166 2736 5217 per
2772 5150 3091 5204 Achradinam
3118 5151 3329 5200 tractum
3357 5149 3408 5198 in
3442 5150 3514 5199 Ιε·

317 5243 486 5295 Diouis
507 5243 638 5306 tilio,
665 5241 782 5294 licet
808 5244 1044 5293 Aretaeum
1073 5240 1210 5291 illum
1227 5237 1344 5290 dicit
1372 5237 1582 5289 Timaeus
1611 5246 1676 5286 ex
1707 5233 1877 5285 matris
1960 5231 2192 5296 picidinas
2209 5230 2485 5293 abjicerent.

3276 5308 3315 5346 ῦ.
