4016 5916
491 350 601 401 120
710 319 748 363 '⁴

475 467 667 549 ἀγορὰν
686 466 812 530 ὤνια
841 469 1144 535 διοικοῦντες
1173 467 1488 547 ἄρχοντες...
1515 467 1872 548 Ἀριστοτέλης
1896 470 1939 527 δ’
1968 470 2020 527 ἐν

473 556 754 627 Ἀθηναίων
773 553 1008 635 πολιτείᾳ
1026 555 1345 634 κληροῦσθαι(
1364 577 1491 637 φησι
1510 555 1550 613 ε’
1577 555 1672 632 μὲν
1698 557 1766 622 εἷς
1783 557 2027 636 Πειραιᾶ,

1598 339 2094 400 ARISTOTELIS
2137 341 2646 403 FRAGMENTA.

2842 475 2934 540 46.
3298 530 3305 537 .

2197 577 2611 651 Harpocration
2642 596 2658 632 ε
2699 576 2750 637 Ἀ
2765 556 2913 635 στυν
2928 577 2956 635 ό
2971 602 3049 655 μο
3063 602 3108 644 ς.
3154 581 3490 657 Δημοσθένης
3533 587 3674 646 κατὰ

475 644 514 704 ε’
545 643 601 701 δὲ
631 645 716 710 εἰς.
732 642 884 702 ἄστυ.
909 647 977 700 111
1006 644 1306 701 Blancardi
1335 645 1585 701 editione
1609 662 1910 720 perperam
1934 645 2020 700 le-
2117 659 2476 739 Τιμοκράτους
2505 662 2575 737 (§
2610 682 2742 736 112,
2780 684 2839 739 p.
2881 666 3022 738 735,
3060 669 3194 746 10).
3226 666 3369 727 Δέκα
3406 671 3563 750 φησὶν
3595 665 3677 732 εἶ.

476 735 628 809 gitur
667 751 682 788 z
707 728 779 797 μ’
811 727 866 788 δὲ
896 730 967 796 εἷς
996 729 1159 803 ἄστυ,
1182 750 1306 806 quae
1341 732 1511 801 lectio
1541 750 1725 805 neque
1762 734 1824 787 in
1846 731 2021 790 codd.

474 820 713 876 Bekkeri
754 820 1054 888 invenitur,
1087 836 1273 892 neque
1314 819 1541 874 aliunde
1575 837 1633 874 se
1656 818 2031 876 commendat.

474 910 541 966 V.
573 906 803 971 Boeckh.
831 906 892 962 C.
919 907 1098 961 Inscr.
1130 908 1188 975 1,
1212 924 1274 980 p.
1309 904 1417 976 337
1447 907 1513 965 Β.
1566 905 1652 961 Cf.
1684 905 1860 961 schol.
1901 907 2029 962 Ari-

475 994 661 1068 stoph.
683 996 790 1049 Av.
818 992 952 1064 7233
966 993 1328 1066 Theophrast.
1348 993 1711 1067 ap.Photium
1735 1003 1790 1048 et
1802 992 2031 1049 Suidam

475 1100 532 1136 v.
562 1076 713 1138 Κατὰ
739 1078 832 1148 τὴν
849 1075 1061 1158 ἀγοράν,
1088 1082 1399 1137 Hermann.
1436 1078 1565 1156 150,
1587 1098 1645 1154 93
1669 1076 2025 1136 Schoemann.

477 1185 538 1239 p.
569 1165 705 1231 246.

708 1276 716 1293 ’
1205 1247 1305 1351 44⁸.

558 1440 971 1514 Harpocration
995 1430 1270 1515 εΣιτοξρύ
1285 1437 1406 1495 λακ
1421 1459 1445 1494 ε
1462 1454 1503 1503 ς·
1532 1434 1670 1516 ἀρχή
1689 1438 1781 1503 τις
1802 1430 1863 1508 ἦν
1885 1435 2035 1508 Ἀθή-

355 1564 362 1571 ·
479 1546 624 1596 νησιν
648 1525 759 1595 ἥτις
783 1525 1083 1599 ἐπεμελεῖτο
1094 1523 1232 1590 ὅπως
1255 1526 1283 1582 ὁ
1308 1531 1444 1590 σῖτος
1480 1525 1688 1590 δικαίως
1707 1523 2034 1604 πραθήσεται

478 1610 570 1668 καὶ
584 1610 647 1668 τὰ
668 1614 862 1692 ἄλφιτα
882 1609 971 1669 καὶ
986 1613 1034 1669 οἱ
1051 1610 1219 1691 ἄρτοι.
1236 1600 1416 1672 ’Ἦσαν
1434 1608 1487 1669 δὲ
1502 1611 1590 1669 τὸν
1610 1608 1825 1691 ἀριθμὸν
1843 1610 1926 1683 ιε’,
1949 1610 2033 1688 [ι’]

353 1725 362 1735 ·
480 1698 573 1774 μὲν
619 1700 670 1756 ἐν
711 1697 891 1770 ἄστει,
928 1698 969 1756 ε’
999 1699 1045 1756 δ’
1074 1700 1128 1755 ἐν
1173 1698 1443 1777 Πειραιεῖ,
1479 1701 1549 1765 ὥς
1594 1697 1946 1779 Ἀριστοτέλης
1980 1701 2034 1756 ἐν

481 1783 759 1855 Ἀθηναίων
785 1784 1043 1863 πολιτείᾳ.

559 1868 643 1955 [ι’]
673 1875 893 1931 addidit
923 1876 1189 1933 Valesius.
1251 1875 1424 1950 Apud
1461 1876 1724 1931 Photium
1754 1887 2037 1950 postrema

479 1964 820 2027 exhibentur.
845 1963 924 2018 ita
955 1983 972 2017 ε
1004 1951 1138 2031 ἦσαν
1162 1958 1216 2018 δὲ
1245 1960 1329 2018 τὸν
1359 1960 1572 2040 ἀριθμὸν
1595 1961 1762 2018 πάλαι
1794 1960 1885 2036 μὲν
1923 1961 1983 2019 ιε’
2005 2005 2024 2037 ,

481 2045 563 2129 [ι’]
605 2050 658 2106 ἐν
689 2047 857 2119 ἄστει,
902 2048 942 2106 ε’
969 2045 1024 2106 δὲ
1052 2049 1103 2106 ἑν
1136 2049 1402 2126 Πειραιεῖ,
1438 2046 1647 2126 ὕστερον
1677 2044 1731 2105 δὲ
1758 2048 1806 2105 λ’
1836 2047 1930 2124 μὲν
1979 2050 2033 2106 ἐν

479 2134 644 2205 ἄστει,
670 2133 710 2193 ε’
730 2135 784 2193 δὲ
808 2137 860 2193 ἐν
887 2134 1144 2213 Πειραιεῖ,
1175 2135 1244 2200 ὡς
1270 2133 1383 2213 Ἀρ.
1418 2134 1471 2191 ἐν
1498 2133 1607 2193 Ἀθ.
1641 2134 1764 2193 πολ.
1789 2137 1872 2195 Cf.
1904 2138 2033 2193 Pol-

480 2225 591 2280 luc.
633 2227 738 2293 vl,
776 2224 848 2280 36
889 2234 946 2280 et
984 2223 1157 2280 Bekk.
1200 2223 1417 2281 Anecd.
1443 2225 1504 2294 1,
1533 2242 1595 2297 p.
1639 2222 1773 2282 300.
1802 2224 2032 2283 Boeckh.

481 2313 947 2383 OEcon.·Athen.
977 2313 1034 2382 Ι,
1063 2329 1160 2385 913
1192 2312 1502 2367 Hermann.
1536 2308 1662 2380 150,
1699 2330 1787 2368 11.

1210 2445 1306 2513 45.

555 2583 714 2638 Idem
749 2600 765 2638 ε
804 2575 1235 2656 Μετρονόμοι.
1259 2577 1424 2657 Ἀρχῆ
1445 2600 1521 2644 τις
1548 2577 1819 2651 Ἀθήνησίν
1867 2582 2006 2638 ἐστιν

476 2670 510 2737 ἠ
557 2670 659 2724 τῶν
690 2663 1041 2777 μετρονόμων,
1081 2667 1151 2731 ὡς
1191 2665 1469 2742 Δείναρχος
1510 2666 1562 2720 ἐν
1597 2669 1673 2746 τῷ
1700 2663 1838 2724 κατὰ
1875 2666 2033 2725 Καλ-

479 2753 753 2819 λισθένους.
823 2755 977 2812 How
1011 2753 1065 2809 δὲ
1088 2750 1176 2809 τὸν
1214 2750 1429 2830 ἀριθμὸν
1456 2751 1548 2822 iss„
1568 2753 1638 2816 εἷς
1661 2751 1755 2828 μὲν
1793 2752 1879 2811 τὸν
1905 2755 2032 2812 Πει-

480 2847 603 2917 ραιᾶ
642 2838 709 2915 ι’,
737 2838 779 2896 ε’
810 2837 857 2896 δ’-
884 2840 956 2904 ziz
985 2837 1146 2910 ἄστυ,
1187 2828 1329 2916 εἶχον
1364 2836 1420 2895 δὲ
1451 2837 1545 2908 τὴν
1573 2839 1870 2917 ἐπιμέλειαν
1894 2839 2034 2907 ὅπως

478 2924 654 2983 δίκαια
699 2921 779 2996 εἴη
815 2922 881 2982 τὰ
914 2922 1079 3004 μέτρα
1117 2927 1220 2983 τῶν
1272 2921 1614 2997 πωλούντων,
1638 2927 1711 2991 ’ὡς
1750 2925 1841 2984 καίΙ
1889 2925 2033 3008 Ἀρι-

478 3012 723 3084 στοτέλης
750 3013 802 3070 ἐν
827 3011 1112 3085 Ἀθηναίων
1137 3010 1373 3091 πολιτεία
1402 3013 1570 3083 δηλοῖ.

560 3100 617 3156 ιε’
641 3098 735 3176 μὲν
755 3100 825 3166 εἰς
848 3101 1094 3176 Πειραιᾶ,
1112 3098 1157 3157 θ’
1184 3100 1354 3177 (ἐννέα
1369 3143 1386 3171 ,
1409 3102 1567 3175 quod
1585 3113 1777 3159 natum
1794 3121 1861 3159 ex
1883 3099 1951 3180 ε’)
1977 3101 2041 3161 δὲ

477 3191 547 3254 εἷς
569 3187 700 3245 ἄστυ
726 3181 854 3246 cod.
874 3191 946 3245 D.
969 3192 1136 3248 Paris.
1162 3192 1248 3245 Ita
1267 3190 1431 3245 etiam
1450 3188 1647 3245 Suidas
1667 3207 1712 3245 s.
1742 3190 1802 3248 h.
1828 3210 1912 3260 v.‚
1929 3191 2032 3246 ubi

453 3287 835 3333 ‘tamen‘unus
859 3273 1006 3334 liber
1042 3296 1153 3352 pro
1182 3274 1226 3332 θ’
1257 3275 1428 3331 habet
1456 3274 1511 3335 ι’.
1592 3277 1824 3333 Photius
1848 3296 1893 3335 s.
1921 3296 1973 3335 v.
2011 3297 2027 3337 ε

476 3353 610 3433 ἦσαν
635 3359 688 3419 δὲ
725 3360 814 3419 τὸν
850 3359 1066 3440 ἀριθμὸν
1093 3358 1372 3420 δεκαπέντε
1409 3358 1503 3436 μὲν
1530 3363 1601 3428 εἰς
1644 3363 1900 3442 Πειραιᾶ,
1948 3363 2032 3420 ἐν·

474 3448 563 3507 νέα
605 3448 658 3507 δὲ
697 3451 766 3516 εἰς
806 3447 960 3521 ἄστυ,
1006 3460 1061 3506 et
1109 3450 1281 3506 altera
1307 3449 1486 3524 glossa
1540 3469 1555 3504 ε
1606 3446 1852 3528 ἄρχοντες
1894 3438 2029 3520 ἦσαν

475 3534 602 3594 δέκα
631 3535 717 3594 τὸν
747 3536 982 3615 ἀριθμὸν,
1011 3527 1084 3594 ὧν
1113 3532 1265 3592 πέντε
1295 3532 1390 3610 μὲν
1416 3535 1469 3591 ἐν
1500 3533 1675 3606 ἄστει,
1713 3534 1865 3593 πέντε
1886 3533 1942 3593 δὲ
1974 3537 2029 3594 ἐν

479 3626 730 3701 Πειραιεῖ.
761 3628 886 3682 Hoc
913 3627 1083 3681 etiam
1108 3625 1169 3680 in
1193 3626 1333 3683 Lex.
1365 3620 1494 3699 Seg.
1525 3642 1617 3699 ap.
1642 3623 1819 3680 Bekk.
1847 3625 2027 3682 Aned.

471 3731 532 3788 p.
586 3699 730 3785 278,
750 3711 845 3771 25.
881 3745 961 3757 —
992 3714 1248 3770 Ceterum
1280 3711 1526 3767 dubitari
1559 3713 1655 3767 vix
1685 3723 1869 3786 potest
1901 3731 2030 3768 cum

473 3800 762 3870 Boeckhio,
790 3801 1007 3857 OEcon.
1029 3800 1150 3857 Civ.
1187 3798 1317 3857 Ath.
1355 3800 1412 3867 1,
1441 3816 1502 3873 p.
1542 3797 1638 3868 52,
1666 3798 2029 3854 scribendum

473 3907 586 3944 esse
615 3906 703 3962 ap.
734 3889 1067 3963 Harpocrat-
1094 3887 1164 3951 εἰς
1201 3882 1295 3959 μὲν
1321 3881 1410 3941 τὸν
1429 3886 1655 3964 Πειραιᾶ
1677 3882 1861 3953 πέντε,
1890 3882 2015 3941 δέκα

473 3974 517 4033 δ’
541 3975 611 4040 εἰς
631 3973 783 4032 ἄστυ.
811 3975 895 4034 cf.
921 3978 1227 4033 Hermann.
1251 3974 1292 4030 l.
1325 3973 1365 4028 l.
1405 3971 1537 4043 152,
1563 3991 1657 4031 12.

538 4226 827 4289 Agoranoml
839 4262 854 4289 ,
888 4225 1199 4289 magistratus
1219 4224 1304 4287 qui
1329 4235 1407 4274 res
1427 4224 1477 4273 in
1514 4223 1619 4274 soro
1645 4223 1837 4273 venales
1865 4222 2021 4272 admi·

471 4302 690 4358 nistmt.
723 4302 1001 4368 Aristoteles
1015 4302 1066 4350 in
1084 4303 1201 4364 Rep.
1224 4299 1580 4351 Atheniensium
1606 4301 1735 4350 sorte
1760 4298 1866 4362 eligi
1885 4298 2019 4361 dicit,

471 4381 684 4443 quinque
703 4380 755 4430 tn
773 4380 1008 4432 Piraeeum
1021 4415 1037 4442 ,
1057 4379 1107 4429 et
1128 4377 1343 4440 quinque
1355 4377 1404 4426 in
1417 4376 1604 4427 urbem.

531 4541 856 4605 Sitophylaces
868 4579 884 4606 ,
908 4542 1218 4606 magistratus
1232 4540 1337 4591 erat
1361 4539 1560 4590 Athenis
1574 4577 1589 4602 ‚
1608 4538 1694 4603 qui
1734 4537 1939 4589 curabat
1964 4542 2022 4589 ut

471 4620 793 4680 frumentum,
838 4620 1001 4669 rarinae
1035 4621 1085 4670 et
1118 4631 1266 4682 panes
1303 4617 1438 4680 justo
1476 4616 1631 4679 pretio
1665 4614 2018 4679 venderentur3

469 4699 735 4760 eorumque
763 4696 1039 4760 quindecim
1075 4699 1243 4760 erant,
1276 4697 1445 4748 decem
1465 4696 1517 4746 in
1547 4695 1695 4758 urhe,
1721 4694 1938 4759 quinque
1969 4697 2022 4746 in

471 4778 677 4838 Piraeeo,
695 4774 769 4824 utl
788 4775 1058 4828 Aristoteles
1074 4778 1125 4826 in
1147 4779 1262 4841 nep.
1292 4777 1462 4829 Athen.
1486 4779 1669 4827 monet.

532 4938 846 5002 Metronomi,
866 4939 1170 5002 magistratus
1191 4940 1503 5005 Athenis,'qui
1521 4939 1757 4992 mensuris
1785 4939 2017 5003 praefecti,

472 5017 596 5065 teste
631 5014 875 5066 Dium-cho
901 5015 950 5065 in
981 5016 1197 5067 oratione
1235 5015 1464 5068 adversus
1483 5017 1841 5083 Callisthenem.
1873 5019 2020 5066 Erant

468 5095 632 5144 autem
649 5091 922 5157 quindecim
935 5131 949 5156 ,
969 5093 1135 5145 decem
1165 5094 1429 5160 (quinque
1450 5095 1469 5160 )
1492 5095 1543 5146 in
1563 5096 1775 5158 Piraeeo,
1807 5095 2020 5158 quinque

2117 746 2328 813 ναιτοὺς
2345 749 2664 825 ἀστυνόμους
2686 749 3042 830 Ἀριστοτέλης
3065 754 3118 811 ἐν
3133 758 3198 831 τῇ
3219 753 3500 826 Ἀθηναίων
3521 763 3671 819 πολι·

2118 833 2232 914 τείᾳ
2248 877 2265 907 ,
2288 833 2330 892 ε’
2352 833 2446 911 μὲν
2466 837 2517 893 ἐν
2539 838 2801 915 Πειραιεῖ,
2824 836 2864 895 ε’
2889 839 2932 896 δ’
2958 840 3010 896 ἐν
3036 837 3202 899 ἄστει.
3230 841 3447 911 Τούτοις
3468 844 3525 903 δέ
3546 869 3675 927 φησι

2125 921 2296 997 μέλειν
2321 919 2439 1001 περί
2480 944 2536 980 τε
2558 925 2661 980 τῶν
2698 923 3021 1005 αὐλητρίδων
3046 925 3137 985 καὶ
3163 928 3430 1009 ψαλτριῶν
3458 930 3548 988 καὶ
3570 937 3677 991 τῶν

2119 1007 2450 1088 κοπρολόγων
2476 1007 2684 1068 καὶτῶν
2708 1009 2971 1070 τοιούτων.
2996 1014 3081 1071 Cf.
3100 1018 3331 1072 Aristot.
3355 1019 3523 1077 Polit.
3547 1022 3626 1077 VI
3645 1062 3668 1090 ,

2124 1103 2180 1168 4,
2207 1097 2272 1167 63
2297 1098 2527 1158 Boeckh.
2560 1099 2619 1156 C.
2646 1101 2690 1156 1.
2720 1101 2784 1169 1,
2812 1119 2876 1175 p.
2910 1100 3057 1172 3373
3082 1099 3381 1164 Schubart.
3409 1108 3495 1162 De
3513 1106 3663 1165 aedil.

2119 1203 2180 1258 p.
2205 1183 2311 1255 88;
2334 1184 2641 1242 Hermann.
2676 1184 2804 1257 150,
2835 1207 2898 1258 73
2925 1189 3280 1246 Schoemann.
3303 1209 3367 1264 p.
3400 1192 3539 1259 246.

2851 1305 2946 1370 47·

2203 1407 2367 1465 Phot.
2397 1408 2537 1465 Lex.
2569 1425 2584 1462 t
2613 1403 2824 1472 Πεζὰς
2850 1403 3151 1485 μόσχους·
3178 1407 3289 1466 ἀντὶ
3314 1415 3403 1467 τοῦ
3441 1412 3675 1491 ἑταίρας·

2124 1490 2359 1570 ἐλέγοντο
2379 1490 2481 1572 γάρ
2498 1514 2631 1559 τινες
2649 1490 2840 1565 οὕτως,
2861 1496 2930 1559 ὣς
2949 1491 3305 1571 Ἀριστοτέλης
3339 1499 3391 1554 ἐν
3412 1498 3676 1579 πολιτεία·

2123 1578 2215 1646 τὰς
2230 1577 2389 1659 χωρὶς
2412 1577 2663 1658 ὀργάνων.
2695 1577 2961 1660 Κάνθαρος
2975 1580 3297 1664 Συμμαχίᾳ·
3318 1608 3343 1636 ι
3370 1584 3670 1664 Αὔλητρίδα

2123 1667 2283 1737 πεζήν
2321 1688 2371 1719 ιι·
2401 1667 2491 1724 καὶ
2526 1665 2755 1732 Εὔπολις
2798 1664 3010 1733 Κόλαξι.
3042 1671 3168 1726 Huc
3191 1673 3437 1744 pertinet
3466 1692 3589 1747 quae
3617 1677 3678 1729 in

2123 1755 2482 1829 sequentibus
2504 1773 2565 1829 p.
2601 1753 2731 1825 405,
2758 1773 2782 1810 1
2811 1755 2996 1811 alieno
3023 1756 3152 1812 loco
3169 1774 3210 1813 s.
3229 1776 3285 1812 v.
3311 1756 3455 1828 Πεζή
3480 1762 3673 1835 leg-un-

2126 1853 2218 1898 tur
2248 1863 2262 1897 :
2287 1838 2400 1905 Τὰς
2429 1838 2636 1918 ἑταίρας
2665 1838 2759 1907 τὰς
2797 1838 2871 1917 μὴ
2906 1841 3191 1916 μουσικὰς,
3222 1844 3338 1901 ἀλλ’
3368 1843 3487 1902 ἄνευ
3511 1847 3671 1927 ὀργά-

2123 1950 2223 1985 νων
2254 1927 2344 1987 καὶ
2370 1926 2555 2009 ψιλὰς,
2589 1925 2746 1996 πεζὰς
2772 1929 3037 1987 καλοῦσιν.
3061 1931 3146 1988 Cf.
3183 1933 3417 2006 Hesych.
3453 1954 3467 1988 τ
3499 1933 3670 2003 Πεζδις

2128 2013 2380 2095 μόσχους
2431 2012 2594 2083 οὕτως
2638 2014 2856 2075 ἐκάλουν
2903 2014 2996 2083 τὰς
3044 2015 3416 2098 μισθαρνούσας
3462 2021 3672 2101 ἑταίρας

2123 2103 2283 2183 χωρὶς
2313 2101 2557 2183 ὀργάνου.
2595 2100 2777 2179 Etym.
2814 2103 2889 2161 Μ.
2921 2124 2983 2179 p.
3023 2104 3168 2177 658,
3197 2106 3267 2163 36
3300 2127 3316 2162 ε
3342 2107 3505 2174 Πεζαὶ
3526 2111 3667 2167 ἑταῖ-

2127 2213 2211 2270 ραι
2240 2191 2293 2248 at
2319 2189 2482 2271 χωρὶς
2511 2189 2744 2270 ὀργάνων
2783 2192 2854 2258 εἷς
2880 2190 2948 2249 τὰ
2972 2190 3239 2268 συμπόσια
3272 2196 3535 2274 φοιτῶσαι.
3576 2200 3665 2257 Cf.

2121 2279 2297 2335 schol.
2320 2281 2458 2335 Eur.
2483 2280 2605 2336 Alc.
2634 2278 2767 2346 460.

2809 2383 2880 2448 47
2924 2395 2976 2435 a·

2202 2490 2383 2563 Etym.
2404 2489 2484 2545 M.
2508 2484 3026 2568 Ἱεροποιοί(0011.
3053 2491 3190 2545 Lex.
3214 2491 3383 2551 Rhet.
3414 2495 3474 2548 in
3492 2494 3671 2554 Bekk.

2122 2578 2231 2634 An.
2263 2594 2326 2650 p.
2369 2574 2482 2631 265
2522 2587 2580 2632 et
2614 2577 2848 2632 Photius
2872 2594 2918 2632 s.
2960 2595 3022 2631 v.
3048 2574 3102 2654 ),
3131 2576 3393 2655 κληρωτοὶ
3428 2578 3679 2660 ἄρχοντες

2123 2659 2223 2719 εἰσὶ
2270 2659 2396 2719 δέκα
2423 2659 2511 2719 τὸν
2541 2661 2777 2740 ἀριθμὸν,
2814 2656 2866 2718 οἳ
2890 2659 2958 2718 τά
2996 2682 3053 2718 τε
3095 2662 3438 2740 μαντεύματα
3477 2668 3670 2745 ἱεροθε·

2121 2752 2267 2808 τοῦσι
2290 2749 2657 2827 (ἱεροθυτοῦσι,
2678 2752 2816 2807 Lex.
2838 2751 3007 2809 Rhet.
3036 2763 3090 2807 et
3104 2753 3268 2809 Phot.
3283 2752 3320 2828 ),
3341 2751 3437 2810 κᾶν
3461 2777 3510 2811 τι
3534 2756 3666 2813 καλ-

2121 2838 2359 2916 λιερῆσαι
2410 2833 2500 2914 δέῃ
2523 2877 2540 2907 ,
2591 2836 2921 2916 καλλιεροῧσι
2975 2833 3106 2913 μετὰ
3150 2838 3251 2894 τῶν
3286 2837 3541 2914 μάντεων,
3572 2841 3667 2900 καὶ

2122 2923 2301 2991 θυσίας
2320 2922 2413 2992 τὰς
2440 2922 2780 3001 νομιζομένας
2805 2925 3096 2984 ἐπιτελοῦσι
3113 2923 3201 2983 καὶ
3227 2923 3319 2993 τὰς
3343 2930 3672 3011 πενταετηρί·

2122 3012 2216 3079 δας
2243 3011 2481 3083 ἁπάσας,
2509 3010 2648 3083 πλὴν
2679 3011 3078 3084 Παναθηναίων.
3100 3015 3286 3073 Ταῦτα
3312 3013 3671 3094 Ἀριστοτέλης

2121 3101 2317 3179 ἱστορεῖ
2338 3100 2391 3157 ἓν
2416 3103 2481 3178 τῇ
2504 3098 2783 3170 Ἀθηναίων
2812 3101 3070 3180 πολιτείᾳ.
3103 3101 3322 3160 Deinde
3362 3106 3531 3162 citato
3553 3109 3669 3164 De-

2118 3189 2408 3246 mosthene
2426 3208 2488 3263 p.
2512 3195 2609 3260 47,
2637 3187 2737 3261 13,
2765 3189 2963 3246 addit:
2993 3187 3086 3259 Μὴ
3111 3189 3378 3267 ἀγνοῶμεν
3396 3187 3449 3248 δὲ
3472 3189 3551 3250 ὅτι
3577 3193 3667 3252 καὶ

2121 3273 2270 3333 ἄλλοι
2293 3272 2420 3333 εἰσὶν
2444 3274 2693 3353 ἱεροποιοὶ
2715 3277 2816 3334 τῶν
2838 3279 3040 3352 σεμνῶν
3066 3278 3192 3334 θεῶν
3206 3274 3294 3335 τὸν
3312 3276 3523 3359 ἀριθμὸν
3544 3279 3668 3340 δέκα

2120 3360 2139 3443 (
2154 3362 2203 3419 οἱ
2230 3359 2316 3419 τὸν
2346 3360 2559 3441 ἀριθμόν
2592 3364 2717 3421 εἰσιν
2743 3360 2973 3442 ἀόριστοι
2998 3366 3161 3422 Phot.
3180 3363 3222 3441 ).
3245 3365 3429 3441 quue
3463 3368 3669 3425 confir·

2118 3461 2235 3506 mat
2276 3451 2446 3507 citato
2477 3451 2856 3509 Demosthene
2891 3470 2956 3527 p.
2989 3449 3136 3523 552,
3185 3453 3221 3509 6
3274 3465 3333 3509 et
3362 3456 3667 3516 Dinarcho.

2119 3538 2201 3596 Cf.
2226 3538 2426 3594 Pollux
2447 3541 2608 3609 VIII,
2648 3558 2753 3611 107
2784 3558 2800 3596 t
2826 3538 2968 3598 Δέκα
2996 3537 3135 3605 ὄντες
3166 3537 3184 3617 (
3204 3560 3278 3597 sc.
3310 3542 3356 3598 oi
3384 3542 3663 3622 ἱεροποιοὶ)

2116 3616 2258 3682 οὗτοι
2296 3621 2439 3682 ἔθυον
2468 3623 2645 3692 θυσίας
2676 3624 2768 3692 τὰς
2796 3624 3224 3705 πενταετηρίδας,
3254 3625 3350 3696 τὴν
3363 3629 3434 3692 εἰς
3469 3630 3662 3699 Δῆλον,

2118 3708 2213 3780 τὴν
2234 3709 2286 3766 ἰν
2308 3712 2601 3790 Βραυρῶνι,
2617 3707 2709 3781 τὴν
2728 3712 2830 3769 τῶν
2850 3709 3202 3789 Ἡρακλειδῶν
3224 3710 3574 3789 (Ἡρακλείων
3588 3713 3661 3788 Ρ),

2115 3793 2209 3865 τὴν
2230 3794 2582 3855 Ἐλευσινάδε.
2610 3801 2913 3855 Hermann.
2928 3798 3228 3854 Staatsalt.
3269 3798 3378 3854 150
3396 3840 3412 3866 ,
3442 3818 3491 3869 1;
3527 3802 3665 3856 Got-

2117 3885 2525 3941 tesde’enstle'che
2558 3885 2797 3941 Alter-th.
2846 3902 2945 3952 11,
2993 3903 3079 3941 10.
3123 3884 3228 3952 62,
3267 3902 3329 3938 11
3364 3896 3421 3940 et
3456 3889 3544 3944 13.
3576 3890 3667 3944 De

2117 3969 2398 4028 Διονυσίων
2425 3972 2752 4047 ἐπιμελητῶν
2778 3990 2833 4028 ν.
2853 3971 2921 4027 fr.
2945 3988 3014 4041 27
3042 3972 3102 4026 b.

2113 4139 2132 4199 (
2154 4135 2361 4199 decem)
2382 4137 2433 4187 in
2467 4137 2589 4188 urbe
2604 4153 2619 4199 ς
2647 4135 2975 4200 curabantque
2991 4140 3049 4185 ut
3078 4149 3317 4187 mensura:
3350 4137 3667 4188 vendentium

2107 4212 2252 4274 iustae
2270 4217 2444 4278 essent,
2461 4213 2589 4278 quod
2604 4213 2878 4265 Aristoteles
2889 4226 3083 4277 quoque
3102 4213 3151 4265 in
3165 4216 3282 4278 Rep.
3303 4214 3475 4266 Athen.
3498 4215 3660 4266 docet.

2170 4380 2348 4429 Decem
2373 4390 2476 4429 esse
2505 4379 2782 4442 asty-nomos
2807 4298 3081 4430 :gimenes
3101 4377 3219 4429 dicit
3238 4378 3287 4429 in
3310 4379 3489 4430 Athen.
3516 4382 3663 4443 nep„

2108 4456 2323 4520 quinque
2347 4458 2397 4507 in
2419 4460 2643 4521 Pyramo,
2680 4457 2897 4522 quinque
2920 4458 2971 4508 in
3002 4458 3153 4523 nrbe3
3187 4470 3319 4509 curm
3336 4458 3396 4509 iis
3413 4471 3515 4509 esse
3540 4458 3668 4509 dicit

2110 4534 2354 4597 tibicinas,
2376 4534 2628 4598 psaltrias,
2648 4535 2984 4599 stercorilegos
3002 4538 3053 4586 et
3080 4536 3254 4586 horum
3277 4535 3473 4586 similes.

2176 4697 2325 4755 Πιζὰς
2342 4696 2550 4760 μόσχους
2566 4617 3100 4763 merehices⁴t⁷1uasdam
3134 4697 3462 4761 appellabant,
3482 4699 3538 4748 ut
3556 4698 3656 4749 Ari-

2109 4774 2303 4825 stoteles
2318 4774 2370 4824 in
2389 4773 2631 4836 (Athen.)
2666 4778 2785 4839 Rep.
2820 4775 2937 4826 dicit
2953 4812 2969 4837 ,
3001 4788 3083 4827 eas
3106 4775 3314 4837 scilieet,
3337 4788 3449 4838 quse
3480 4775 3667 4838 absque

2109 4852 2302 4902 musicis
2320 4851 2654 4903 instrumentis
2664 4855 2820 4903 artem
2834 4865 2971 4903 suam
2994 4852 3131 4915 quasi
3150 4851 3328 4902 nudam
3349 4852 3653 4903 exercebant.

2805 4935 2874 4986 47
2906 4945 2957 4986 a.

2170 5015 2410 5079 sacrifici,
2451 5016 2758 5081 magistratus
2788 5018 2919 5066 sorte
2961 5016 3074 5066 lecti
3104 5016 3270 5066 decem
3312 5030 3542 5078 numero,
3575 5018 3661 5080 qui

2112 5093 2447 5144 vaticiniorum
2475 5107 2620 5144 causa
2650 5107 2785 5144 sacra
2804 5092 3097 5155 instituunt,
3117 5095 3165 5142 et
3198 5095 3236 5142 si
3258 5092 3394 5142 litare
3412 5095 3661 5156 oporteat,
