4016 5916
752 393 1470 466 AGRlGENTlNORUM,
1517 396 1972 473 GELOORUM,
2018 399 2687 465 ὃΐηιῖΑΟῑδᾶΝΟΒΠΜ
2746 408 3257 470 RESPUBLICAE.

428 525 522 593 lv,
539 522 632 593 545
656 525 915 581 Favorin.
940 543 993 579 ν.
1022 521 1273 593 Καλλικς
1299 526 1340 581 1⁷
1346 535 1479 599 tym
1495 525 1736 585 Gudian.
1755 546 1817 600 p.
1846 526 1972 597 1653

429 611 756 667 Herodotus
782 613 911 680 VII,
959 608 1452 681 1553Eustath.11.
1480 631 1540 687 p.
1573 611 1708 688 295,
1753 614 1847 683 31,
1875 615 1973 669 ubi

425 700 791 756 librariorum
826 716 1079 755 errorem
1106 709 1267 753 notat
1304 699 1611 756 Ruhnken.
1662 701 1735 756 ad
1776 703 1971 757 Timaei

427 789 563 844 Lex.
578 805 633 862 p.
653 805 686 842 2
699 806 719 842 ι
732 792 763 852 4
772 806 789 856 3
809 786 1134 862 wesseling.
1151 786 1223 842 ad
1235 786 1477 843 Diodor.
1495 797 1634 842 tom.
1650 790 1727 857 11,
1743 807 1803 863 p.
1828 787 1971 862 5493

426 877 710 932 Welcker.
736 876 996 950 Prolegg.
1028 874 1361 949 adTheogn.
1388 893 1444 948 p.
1470 893 1570 949 193
1593 877 1812 932 Miiller.
1836 878 1970 932 Dor.

429 966 506 1033 ΙΙ,
533 982 596 1037 p.
623 963 690 1019 61
730 981 886 1039 sqq.;
916 964 1220 1020 Hermann.
1247 963 1476 1036 AntIqq.
1506 963 1538 1037 §
1570 981 1659 1036 19.

1109 1072 1300 1152 [ιω]

509 1190 765 1267 [Aristot.
792 1188 921 1249 Pol.
957 1192 1020 1261 V,
1052 1189 1109 1262 3,
1143 1208 1166 1244 1
1203 1206 1217 1247 ε
1250 1184 1489 1247 Γίνονται
1516 1187 1611 1265 μὲν
1639 1179 1725 1248 οὗν
1757 1192 1809 1249 αἱ
1840 1190 1970 1248 στοί-

430 1300 534 1343 σεις
561 1278 619 1335 οὗ
657 1275 776 1356 περὶ
803 1278 1023 1355 μικρῶν,
1050 1231 1167 1332 ἀλλ’
1208 1276 1266 1333 ἐκ
1295 1297 1527 1355 μικρων·
1559 1276 1894 1344 στασιάζουσι
1921 1277 1975 1335 δὲ

386 1378 391 1385 ’
427 1363 544 1444 περὶ
575 1363 840 1442 μεγάλων.
873 1361 1123 1422 Μάλιστα
1162 1360 1216 1419 δὲ
1252 1384 1341 1420 και
1371 1366 1423 1420 αἱ
1464 1363 1650 1443 υικραὶ
1688 1362 1973 1443 ἰσχύουσιν,

426 1449 548 1509 ὅταν
590 1452 643 1509 ἐν
687 1457 791 1516 τοῖς
839 1472 954 1530 κυρι
943 1472 1028 1516 ,οις
1063 1473 1120 1528 γ
1097 1447 1341 1507 έ·νωνται
1394 1440 1497 1508 οἷον
1542 1450 1733 1521 συνέὸη
1780 1475 1870 1509 και
1923 1454 1974 1510 ἐν

429 1535 788 1618 Συρακούσαις
828 1537 881 1594 ἐν
911 1538 1013 1602 τοῖς
1057 1535 1293 1616 ἀρχαίοις
1335 1538 1567 1619 χρόνοις·
1597 1537 1851 1616 μετέὸαλε
1875 1538 1974 1619 γὰρ

426 1632 459 1697 ἡ
502 1622 736 1685 πολιτεία
765 1626 823 1683 ἐκ
854 1621 944 1682 δύο
978 1624 1260 1683 νεανίσκων
1307 1626 1721 1700 στασιασάντων,
1767 1627 1820 1684 ἐν
1864 1634 1977 1695 ταῖς

429 1717 615 1792 ἀρχαῖς
639 1710 817 1785 ὄντοιν,
848 1710 965 1791 περὶ
992 1708 1241 1791 ἐρωτικὴν
1271 1711 1471 1771 αἰτίαν·
1458 1712 1704 1791 ·θατε’ρου
1727 1710 1829 1792 γὰρ
1853 1714 1979 1773 ἀπο-

427 1800 726 1876 δημοῧντος,
747 1797 1005 1878 ἑταῖρος”
969 1822 1041 1856 ων
1063 1823 1140 1865 τις
1171 1798 1378 1880 (ἅτερος
1402 1802 1600 1881 ἑταῖρος
1620 1797 1691 1858 ὢν
1719 1804 1927 1877 Coray.
1955 1804 1973 1879 )

425 1887 513 1947 τὸν
563 1883 816 1968 ἐρώμενον
860 1888 1016 1945 αὐτοῦ
1065 1886 1448 1958 ὑπεποιήσατο·
1496 1886 1654 1944 πάλιν
1694 1885 1747 1947 δὲ
1788 1889 1976 1955 ἐκεῖνος

423 1974 588 2051 τούτω
616 1973 918 2054 χαλεπήνας
953 1972 1049 2046 τὴν
1077 1983 1298 2053 γυναῖκα
1318 1976 1474 2033 αὐτοῦ
1505 1972 1817 2033 ἀνίπεισεν“
1790 1997 1857 2041 ως
1881 1976 1974 2032 αὖ·

424 2062 512 2123 τὸν
540 2033 722 2121 ἐλθεῖν·
746 2059 858 2121 ὅθεν
895 2060 1384 2141 προσλαμὸάνοντες
1409 2060 1524 2129 τους
1550 2065 1604 2120 ἐν
1632 2064 1705 2141 τῷ
1730 2062 1973 2121 πολιτεύ-

426 2175 555 2229 ματι
577 2149 942 2209 διεστασίασαν
970 2149 1188 2216 πάντας.
1217 2150 1319 2229 ]

503 2241 883 2296 Narratetiam
903 2241 1232 2296 Plutarchus
1254 2240 1971 2315 Praecept.Pol.c.32,17‚

424 2346 484 2401 Ρ.
511 2329 683 2383 1006.
709 2329 853 2383 Rem
867 2327 939 2382 ad
979 2328 1168 2383 turbas
1191 2339 1387 2384 contra
1409 2328 1721 2386 Geomoros
1756 2348 1786 2383 a
1809 2329 1975 2402 plebe

427 2417 687 2471 excitatns
711 2415 884 2471 refert
909 2417 1092 2488 Heyn.
1123 2416 1332 2488 Opusc.
1373 2417 1463 2485 ΙΙ,
1493 2435 1548 2490 p.
1583 2414 1715 2486 257.
1748 2418 1834 2472 De
1860 2419 1973 2490 My·

431 2501 630 2572 letidis,
661 2520 905 2575 quorum
940 2501 1296 2575 Thucydides
1333 2502 1457 2576 (VI,
1504 2501 1575 2579 5)
1632 2506 1975 2559 mentionem

429 2588 623 2660 injicit,
653 2591 917 2664 cogitavit
938 2590 1177 2647 Amold.
1210 2590 1407 2648 Gesclz.
1432 2610 1475 2648 ο.
1500 2590 1838 2665 Syracus,p.
1875 2591 1969 2650 30.

425 2676 513 2737 Cf.
545 2676 772 2734 Goeller.
803 2678 887 2733 De
908 2677 1017 2732 situ
1039 2676 1164 2751 Syr.
1196 2696 1253 2752 Ρ.
1290 2695 1377 2738 ιο.
1470 2734 1479 2743 ,

1103 2789 1237 2869 [221
1253 2790 1293 2869 ]

505 2903 626 2983 [Id.
657 2907 739 2966 ib.
765 2909 830 2975 V,
861 2925 925 2974 2,
949 2906 1038 2963 6.
1069 2903 1164 2964 Ἔν
1194 2903 1554 2985 Συρακούσαις
1574 2927 1674 2985 προ
1694 2903 1974 2976 τῆςΓέλω-

423 3014 505 3057 νος
537 2985 830 3071 τυραννίδος
870 2993 941 3070 (ἡ
971 2993 1298 3072 δημοκρατία
1343 2995 1518 3058 κακῶς
1564 2992 1974 3069 πολιτευομένων

425 3077 735 3158 διεφθάρη).

502 3171 566 3236 V,
598 3187 686 3238 ιο,
717 3167 800 3226 3:
860 3165 1260 3247 (muraenula)
1287 3167 1378 3225 καὶ
1419 3170 1489 3234 εἷς
1517 3167 1870 3247 δημοκρατίαν
1902 3172 1971 3239 (ἡ

425 3252 730 3334 τυραννις),
752 3251 929 3332 ὥσπερ
960 3258 995 3326 ἡ
1023 3258 1112 3312 τοῦ
1142 3254 1370 3321 Γέλωνος
1393 3258 1446 3313 ἐν
1470 3256 1852 3336 Συρακούσαις.

506 3346 567 3412 V,
598 3343 652 3413 8,
683 3361 797 3417 19.
849 3340 1168 3420 (Φθείρεται
1196 3345 1229 3410 ἡ
1257 3342 1519 3422 τυραννὶς)
1572 3341 1694 3400 ὅταν
1723 3345 1770 3401 οἱ
1820 3341 1975 3419 μετέ-

489 3592 750 3656 [oriuntur
771 3594 1028 3644 seditiones
1049 3607 1146 3643 non
1163 3594 1223 3644 de
1241 3596 1400 3657 parvis
1417 3595 1577 3657 rebus,
1596 3595 1678 3644 sed
1701 3609 1762 3644 ex
1780 3597 1972 3658 parvis.

429 3669 654 3721 dissident
683 3671 811 3721 enim
839 3670 1057 3721 homines
1078 3669 1139 3720 de
1166 3671 1311 3720 rebus
1345 3671 1543 3759 magnis.
1570 3671 1780 3722 Maxime
1812 3675 1974 3723 tamen

427 3759 559 3797 acres
586 3749 699 3798 sunt
716 3747 862 3798 etiam
881 3759 1060 3811 parvm,
1095 3759 1252 3809 quum
1269 3747 1319 3796 in
1341 3746 1429 3810 iis,
1449 3747 1499 3797 in
1519 3759 1729 3811 quorum
1754 3748 1974 3798 modera-

430 3824 554 3875 tione
565 3824 827 3888 respublica
839 3825 1058 3888 vertitur,
1071 3824 1333 3875 exsistunt:
1348 3825 1616 3888 cuiusmodi
1637 3826 1838 3877 resollm
1848 3826 1977 3876 acci·

428 3899 497 3950 dit
513 3904 559 3951 et
571 3903 835 3965 syracusis.
853 3904 1037 3953 Mutata
1050 3900 1177 3951 enlm
1194 3903 1266 3952 est
1276 3901 1548 3965 reipublicae
1559 3902 1712 3953 forma
1721 3916 1777 3954 ex
1790 3903 1979 3953 duobus

424 3979 677 4040 iuvenibus
697 3980 1000 4044 magistratus
1014 3981 1300 4045 gerentibus,
1312 3995 1465 4046 quum
1482 3981 1607 4033 inter
1624 3995 1708 4034 eos
1724 3995 1786 4033 ex
1802 3982 1977 4032 amori·

430 4055 517 4106 bns
536 4056 768 4108 dissensio
794 4060 900 4108 orta
919 4061 1060 4109 esset.
1086 4058 1249 4109 Altero
1268 4058 1398 4109 enim
1432 4059 1631 4111 absente
1655 4059 1853 4124 quidam
1872 4059 1979 4122 eius

430 4132 602 4184 sodalis
617 4147 847 4199 puerum,
868 4135 972 4197 eius
997 4134 1216 4195 delicias,
1234 4134 1298 4184 ad
1321 4148 1373 4186 se
1398 4136 1683 4199 pellexerat3
1709 4136 1791 4186 ille
1812 4139 1976 4187 autem

431 4223 666 4274 reversus,
683 4212 803 4262 huie
832 4213 1009 4275 iratus,
1024 4213 1193 4262 contra
1212 4211 1318 4274 eius
1341 4225 1543 4263 uxorem
1563 4211 1818 4263 induxerat
1840 4216 1895 4263 ιιι
1918 4214 1977 4264 ad

426 4300 479 4338 se
496 4290 723 4340 τσπίνοι.
755 4304 820 4341 ex
839 4303 958 4354 quo,
985 4290 1223 4351 adiunctis
1248 4290 1337 4341 sibi
1356 4292 1459 4354 qui
1473 4291 1522 4340 in
1544 4291 1790 4354 republica
1815 4305 1978 4343 versa·

428 4364 623 4428 bantur,
648 4379 819 4418 omnes
848 4367 979 4418 cives
1004 4367 1064 4418 ad
1095 4367 1376 4419 seditionem
1411 4369 1729 4419 concitarunt.
1749 4367 1770 4434 ]

1118 4456 1236 4524 [221
1251 4457 1289 4524 .]

489 4548 763 4614 [Syracusis
804 4552 916 4602 ante
937 4551 1136 4603 Gelonis
1160 4552 1466 4615 tyrannidem
1502 4551 1820 4616 (democratia
1858 4553 1983 4604 male

429 4628 753 4681 administrata
775 4629 987 4681 funditus
1003 4641 1225 4694 oppressa
1249 4631 1373 4694 est).

491 4708 542 4756 ln
559 4706 899 4757 democratiam
920 4720 1113 4770 qnoque
1131 4708 1149 4771 (
1167 4707 1415 4771 tyrannis)
1448 4709 1694 4772 mutatur,
1736 4706 1972 4772 quemad·

429 4783 622 4834 modum
645 4788 938 4848 Syracusana
961 4785 1174 4836 Gelonis.

488 4864 730 4914 Evertitur
754 4865 1020 4928 tyrannis..
1043 4878 1128 4928 per
1148 4863 1388 4914 sociorum
1410 4864 1727 4926 seditionem,
1753 4865 1810 4913 ιιι
1832 4862 1978 4914 Gelo·

432 4939 506 4989 nis
545 4944 593 4990 et
627 4953 781 5005 nuper
814 4940 1046 5004 Dionysii.
1073 4944 1194 4992 Nam
1231 4941 1426 4993 Gelonis
1460 4940 1653 5004 quidem
1688 4941 1901 5005 tyrannis
1922 4953 1980 4990 eo

429 5027 594 5066 eversa
626 5019 726 5081 est,
764 5017 895 5081 quod
941 5018 1301 5082 Thrasbeulus
1338 5017 1558 5068 Hieronis
1589 5017 1751 5080 irater,
1787 5017 1980 5067 Gelonis

431 5093 581 5145 tilium
598 5095 964 5161 demagogorum
998 5109 1134 5148 more
1148 5095 1390 5147 blanditiis
1418 5095 1674 5147 deliniebat
1691 5098 1740 5146 et
1758 5095 1819 5145 ad
1846 5096 1978 5145 volu·

428 5174 580 5233 ptates
591 5172 836 5235 incitabat
856 5176 912 5224 ιιι
935 5174 1033 5238 ipse
1060 5175 1344 5239 imperaret:
1364 5173 1612 5224 necessarii
1637 5177 1800 5223 autem
1818 5172 1886 5222 ita
1905 5185 1981 5223 res

3502 425 3606 475 27*

2064 549 2239 606 χοντες
2268 528 2636 604 στασιάζωσιν,
2665 531 2842 613 ὥσπερ
2875 539 2908 605 ἡ
2937 539 3041 596 τῶν
3090 535 3211 616 περὶ
3242 536 3475 613 Γέλωνα,
3525 540 3620 599 καὶ

2066 623 2151 674 νῦν
2175 622 2207 689 ἡ
2237 643 2339 678 των
2364 643 2481 701 περι
2502 621 2788 682 Διονύσιον·
2814 629 2847 696 ἡ
2885 625 2979 702 μὲν
3013 623 3268 699 Γέλωνος,
3294 629 3617 709 Θρασυὸού-

2065 706 2189 779 λου,
2213 712 2302 764 τοῦ
2332 704 2566 816 Ἱέρωνος
2604 710 2843 789 ἀδελφου,
2871 735 2956 770 τον
2985 711 3093 771 υἱὸν
3117 717 3207 770 τοῦ
3242 712 3474 783 Γέλωνος
3512 718 3623 787 δη-

2069 814 2142 867 μα
2147 798 2433 870 γωγουντος
2449 793 2540 852 και
2560 818 2686 875 προς
2701 797 2885 868 ηδονὰς
2900 801 3187 879 ὁρμῶντος,
3209 797 3274 856 ἵν’
3289 799 3439 869 αὐτὸς
3459 803 3618 881 αρχῃ,
3621 856 3630 861 .

2065 877 2166 935 τῶν
2215 880 2260 937 δ’
2303 880 2505 939 οἰκείων
2547 883 2933 957 συστησάντων,
2968 880 3055 941 ἵνα
3098 882 3172 962 μὴ
3214 887 3446 993 τυραννὶς
3487 889 3621 955 ὅλως

2065 967 2366 1044 καταλυθῇ,
2390 965 2529 1025 ἀλλὰ
2552 966 2957 1047 Θρασύὸουλος·
2979 972 3024 1028 oi
3054 968 3107 1028 δὲ
3138 971 3418 1039 συστάντες
3440 978 3568 1035 αυτι
3567 999 3611 1033 ιν

2065 1076 2134 1117 ως
2156 1052 2334 1134 καιρὸν
2355 1052 2575 1134 ἔχοντες,
2597 1054 2837 1124 ἐξέὸαλον
2861 1056 3097 1124 ἅπαντας
3125 1055 3325 1125 αὐτούς.
3349 1061 3615 1121 Διονύσιον

2069 1136 2121 1197 δὲ
2145 1140 2283 1199 Δίων
2317 1141 2662 1221 στρατεύσας,
2685 1143 2935 1217 κηδεστὴς
2958 1144 3048 1219 ὢν,
3073 1144 3163 1203 καὶ
3182 1146 3498 1225 προσλαὸὼν
3530 1148 3615 1208 τὸν

2066 1229 2253 1306 δῆμον,
2280 1230 2470 1289 ἐκεῖνον
2501 1229 2739 1289 ἔκὸαλὼν
2769 1231 3036 1313 διεφθάρη.

2144 1320 2206 1386 V,
2245 1336 2302 1392 9,
2334 1317 2451 1377 23:
2479 1313 2691 1389 Ἔτηδ’
2721 1319 2825 1377 οὐδ’
2857 1318 2990 1391 αὕτη
3027 1320 3149 1397 (sc.
3183 1322 3215 1393 ἠ
3257 1321 3375 1400 περὶ
3401 1320 3613 1403 Ἱέρωνα

2066 1403 2155 1460 καὶ
2181 1405 2391 1463 Γέλωνα
2414 1405 2664 1483 τυραννίς
2681 1412 2699 1476 )
2733 1405 2904 1465 πολλὰ
2934 1405 3201 1485 διέμεινεν,
3235 1408 3369 1467 ἀλλὰ
3391 1409 3457 1468 τὰ
3482 1410 3544 1470 σύ
3549 1436 3624 1488 μ·

2066 1513 2238 1549 παντα
2267 1492 2403 1550 δυοῖν
2455 1492 2634 1551 δέοντα
2660 1492 2842 1552 εἴκοσι.
2873 1492 3049 1555 Γέλων
3084 1493 3179 1572 μὲν
3225 1494 3326 1574 γὰρ
3356 1500 3490 1556 ἑπτὰ
3528 1523 3624 1557 τυ·

2067 1578 2380 1659 ραννεύσας,
2414 1583 2486 1661 τῷ
2506 1580 2670 1661 ὀγδόω
2688 1581 2775 1640 τὸν
2803 1582 2913 1661 βίον
2938 1584 3266 1655 ἐτελεύτησε·
3290 1584 3415 1643 δέκα
3447 1588 3492 1644 δ’
3520 1585 3616 1648 Ἱέ-

2068 1688 2189 1745 ρων,
2212 1666 2581 1747 Θρασύῦουλος
2609 1668 2662 1727 δὲ
2692 1673 2767 1749 τῷ
2803 1669 3059 1748 ἑνδεκάτῳ
3087 1695 3212 1747 μηνι
3244 1670 3496 1739 ἐξέπεσεν.

2144 1760 2212 1827 V,
2253 1776 2311 1831 9,
2357 1757 2448 1813 3.
2480 1760 2636 1815 Inter
2675 1778 2774 1830 ea,
2815 1761 3020 1835 quibus
3059 1764 3282 1835 tyranni
3327 1766 3614 1820 securitati

2065 1862 2174 1898 suae
2204 1845 2497 1901 consulere
2542 1847 2797 1917 student,
2839 1859 2920 1904 est
2951 1849 3118 1904 etiam
3143 1845 3203 1904 τὸ
3232 1845 3308 1923 μὴ
3351 1847 3618 1907 λανθάνειν

2064 1933 2342 2007 πειρᾶσθαι
2371 1928 2470 1987 ὅσα
2493 1930 2740 2010 τυγχάνει
2762 1955 2836 1998 τις
2863 1930 3029 2011 λέγων
3056 1930 3092 2005 ἢ
3115 1931 3358 2013 πράττων
3392 1938 3494 1993 τῶν
3516 1938 3618 2016 ἀρ-

2064 2014 2324 2093 χομένων,
2347 2016 2464 2074 ἀλλ’
2503 2007 2634 2075 εἶναι
2658 2018 3055 2092 κατασκόπους,
3078 2010 3182 2078 οἷον
3186 2020 3323 2122 περι
3348 2019 3616 2101 Συρακού-

2067 2115 2160 2159 σας
2189 2096 2243 2151 αἱ
2264 2096 2613 2171 ποταγωγίδες
2635 2094 2989 2173 καλούμεναι,
3015 2096 3107 2155 καὶ
3127 2096 3242 2164 τους
3272 2099 3624 2166 ωτακουστὰς

2066 2179 2346 2258 ἐξέπεμψεν
2366 2179 2561 2258 Ἱέρων,
2583 2182 2711 2242 ὅπου
2734 2207 2810 2251 τις
2829 2185 2907 2257 εἴη
2929 2182 3173 2243 συνουσία
3197 2185 3286 2249 καὶ
3317 2186 3580 2265 σύλλογος.
3598 2188 3622 2266 ]

2145 2274 2229 2327 De
2252 2273 2515 2327 Hieronis
2538 2272 2857 2330 infirmitate
2877 2293 2932 2329 v.
2964 2274 3187 2334 sr.216.

2737 2376 2898 2455 [222.
2902 2378 2925 2457 ]

2149 2472 2269 2541 [ld.
2289 2472 2368 2526 ib.
2393 2474 2460 2542 V,
2490 2472 2543 2544 8,
2577 2472 2682 2531 ι8.
2713 2472 3348 2559 ΚαιΣυρακούσιοικατὰ
3373 2473 3459 2532 τὸν
3488 2476 3613 2556 γρό-

2065 2580 2167 2630 νον,
2194 2556 2249 2614 ὃν
2279 2555 2635 2615 ἐπολιτεύοντο
2656 2560 2859 2632 καλῶς,
2887 2550 3180 2638 (πλείστας
3196 2559 3488 2620 κατέλυσαν
3520 2585 3630 2621 τυ-

2071 2645 2306 2725 ραννίδας
2325 2644 2366 2720 ).

2145 2735 2210 2805 V,
2242 2732 2294 2805 3,
2315 2733 2389 2789 6.
2423 2729 2517 2791 Ἐν
2543 2731 2904 2810 Συρακούσαις
2927 2736 2956 2791 ὁ
2983 2735 3144 2810 δῆμος
3162 2733 3324 2801 αἴτιος
3349 2734 3631 2813 γενόμενος·

2064 2823 2156 2890 τῆς
2176 2818 2321 2890 νίκης
2337 2842 2429 2878 του
2396 2819 2677 2896 ”nolin-ou
2691 2824 2781 2878 τοῦ
2805 2819 2933 2900 πρὸς
2954 2819 3266 2895 Ἀθηναίους,
3277 2824 3338 2881 ἐκ
3359 2822 3631 2890 πολιτείας.

2067 2908 2139 2974 εἰς
2171 2904 2527 2987 δημοκρατίαν
2557 2904 2866 2984 μετέὸαλεν.

2147 3001 2212 3066 V,
2238 2996 2309 3066 8,
2341 3005 2416 3062 4.
2444 2992 2707 3062 Διονύσιος
2737 2996 2790 3053 ἐν
2833 2995 3240 3074 Συρακούσαις..

2067 3082 2184 3159 γίας
2210 3084 2283 3140 ad
2313 3084 2665 3158 tyrannidem
2696 3087 2973 3158 pervenit.

2144 3175 2215 3244 V,
2249 3170 2302 3242 5,
2345 3175 2444 3230 6.
2477 3170 2750 3248 Γίγνονται
2792 3169 2847 3227 δὲ
2878 3170 3169 3245 μεταὸολαι
3197 3175 3289 3241 τῆς
3314 3171 3630 3251 ὀλιγαρχίας

2068 3280 2158 3315 και
2177 3255 2300 3315 ὅταν
2330 3255 2641 3315 ἀναλώσωσι
2668 3254 2736 3314 τὰ
2761 3255 2870 3314 ἴδια
2893 3260 3076 3326 ζῶντες
3108 3259 3364 3334 ἀσελγῶς·
3393 3257 3485 3316 καὶ
3513 3257 3614 3337 γὰρ

2069 3347 2116 3402 οἱ
2145 3366 2362 3403 τοιουτοι
2390 3351 2714 3421 καινοτομεῖν
2745 3347 2969 3417 ζητοῦσι,
2992 3340 3137 3414 καιῆ
3166 3343 3425 3422 τυραννίδι
3451 3346 3624 3403 ἐπιτί·

3281 2999 3339 3056 ἐκ
3366 2999 3429 3069 δη
3434 3022 3626 3076 μαγωο

2062 3513 2444 3572 composuerant,
2469 3513 2522 3559 ιιι
2536 3524 2596 3559 ne
2610 3510 2822 3572 tyrannis
2839 3508 3053 3559 funditus
3068 3522 3123 3559 ον
3127 3511 3377 3570 erieretur,
3390 3509 3474 3559 sed
3487 3511 3618 3560 solus

2063 3586 2422 3649 Thrasybulus·
2449 3586 2579 3636 cives
2602 3599 2719 3635 vero
2741 3589 2790 3635 et
2811 3585 3017 3649 populus
3033 3598 3169 3634 occas
3171 3584 3328 3635 ionem
3352 3585 3500 3646 nacti,
3525 3586 3618 3635 coi·

2064 3662 2194 3712 tione
2213 3663 2366 3725 facta,
2389 3676 2472 3712 eos
2492 3675 2660 3712 omnes
2682 3664 2954 3724 exegerunt.
2971 3661 3250 3724 Dionysium
3272 3664 3434 3712 autem
3454 3663 3611 3723 Dion,

2063 3739 2166 3801 eius
2179 3738 2350 3800 affinis,
2365 3741 2530 3790 coacta
2543 3739 2752 3788 militnm
2780 3751 2927 3790 manu
2955 3741 3005 3789 et
3041 3739 3220 3801 populo
3235 3738 3325 3789 sibi
3353 3737 3627 3802 adjuncto„

2065 3815 2317 3879 tyrannide
2334 3816 2535 3878 dejecit,
2554 3817 2604 3865 et
2622 3817 2722 3878 ipse
2738 3815 3016 3865 interfectus
3032 3816 3122 3866 eet.

2128 3894 2344 3944 Hieronis
2363 3895 2413 3943 et
2442 3893 2636 3942 Gelonis
2660 3892 2874 3955 tyrannis
2890 3905 3041 3941 annos
3062 3891 3190 3941 baud
3215 3893 3397 3943 multos
3434 3893 3633 3943 stabilis·

2064 3973 2373 4034 permansit.
2411 3971 2495 4022 sed
2529 3972 2642 4021 anni
2683 3973 2798 4022 sunt
2818 3971 3015 4021 omnino
3051 3969 3218 4021 decem
3252 3973 3299 4021 et
3326 3972 3455 4021 octo.
3495 3953 3630 4022 Nam

2066 4049 2186 4099 Gelo
2194 4062 2346 4112 quum
2358 4062 2509 4100 annos
2516 4051 2698 4112 septem
2715 4047 3017 4112 tyrannidem
3029 4047 3328 4110 obtinuisset,
3340 4051 3516 4098 octavo
3535 4063 3619 4098 ex·

2066 4127 2206 4176 cessit
2228 4139 2256 4176 e
2278 4127 2396 4188 vita3
2442 4127 2584 4177 Riero
2624 4125 2812 4177 decimo
2837 4137 2986 4184 ιιιιιιος
3011 4124 3335 4187 Thrasybulus
3364 4124 3632 4175 undecimo·

2067 4216 2230 4254 mense
2252 4207 2452 4255 exactus
2469 4207 2559 4255 est.
3714 4254 3723 4262 ,

2128 4287 2336 4345 Operam
2354 4284 2471 4333 dant
2508 4283 2702 4346 tyranni
2732 4283 2807 4344 ut,
2843 4281 2959 4345 quid
2977 4279 3304 4341 subjectorum
3326 4279 3528 4343 quisque
3554 4281 3621 4330 di·
3603 4307 3635 4318 --

2066 4364 2145 4413 cat
2161 4365 2209 4412 et
2236 4363 2373 4425 agat,
2405 4375 2501 4411 non
2521 4362 2766 4424 ignoretur
2784 4363 2833 4411 et
2856 4360 3184 4423 exploratores
3204 4358 3428 4420 babeant,
3452 4360 3634 4421 quales-

2067 4443 2267 4505 erantSy
2277 4442 2455 4492 racusis
2456 4453 2591 4504 ,quse
2603 4437 3294 4506 Polagogidaeappellabantur,
3311 4440 3628 4489 etotacustoe

2065 4521 2167 4572 sive
2188 4522 2561 4582 auscultatores,
2585 4533 2708 4583 quos
2728 4520 2872 4570 Hiero
2887 4516 3221 4580 submittebat,
3239 4516 3530 4581 ubicumque
3547 4518 3617 4567 ci-

2067 4598 2202 4648 vium
2220 4601 2373 4649 coetus
2394 4601 2442 4649 et
2459 4599 2724 4648 conventus
2748 4598 2865 4648 erat.
2884 4594 2905 4660 ]

2760 4684 2901 4756 [ιιι.
2907 4688 2928 4754 ]

2129 4778 2408 4844 [syracosii
2436 4793 2536 4843 quo
2552 4782 2769 4843 tempore
2801 4780 2923 4830 bene
2953 4777 3412 4829 administrabantur
3433 4776 3622 4840 (pluri-

2067 4871 2171 4908 mas
2192 4860 2465 4909 everterunt
2487 4856 2818 4920 tyrannides).

2127 4935 2390 4998 Syracusis,
2409 4948 2560 4998 quum
2575 4935 2623 4983 in
2638 4935 2813 4998 populo
2826 4945 2971 4985 causa
2989 4934 3200 4985 victoriae
3211 4903 3451 4984 bellicum
3470 4934 3627 4984 Albe-

2066 5013 2306 5064 niensibus
2316 5015 2434 5077 gesti
2445 5013 2746 5074 constitisset,
2755 5013 2918 5077 politia
2932 5013 2981 5063 in
2989 5012 3328 5065 democratiam
3339 5013 3521 5064 mutata
3530 5014 3620 5062 est.

2129 5091 2384 5155 Dionysius
2403 5090 2650 5154 Syracusis
2669 5103 2733 5140 ex
2757 5090 3020 5155 demagogo
3038 5093 3270 5153 tyrannus
3289 5088 3459 5139 evasit.

2131 5171 2273 5223 Fiunt
2300 5169 2569 5234 oligarchioe
2590 5170 2925 5222 conve-sione·
2955 5172 3129 5231 οιίειιι,
3148 5181 3299 5232 quum
3330 5167 3472 5232 paud
3483 5202 3501 5231 ,
3532 5177 3626 5229 qus
