4016 5916
1640 450 2123 513 FRAGMENTA

239 576 469 631 XXXI
492 575 999 650 Elephantiuomm,
1049 595 1273 649 quorum
1310 584 1526 651 primus
1568 580 1795 652 Othe'us,

239 668 338 737 que·
355 681 395 718 a
416 664 746 719 satelliti-bus
773 669 888 718 suis
907 668 1114 719 occisus
1146 675 1248 740 fst.
1283 663 1524 734 Quartus
1549 666 1761 745 Phiops
1772 707 1792 734 ,

241 754 338 821 qui
376 755 591 821 regim
639 750 972 822 dignitatem
1019 769 1059 803 a
1102 762 1261 804 sexto
1309 758 1497 807 oetatis
1533 772 1682 809 anno
1721 757 1802 809 ad

242 841 593 892 centesimum
613 855 778 910 usque
797 842 987 893 tenuit.

322 925 478 996 Quos
498 924 765 980 Eusebius
790 934 1063 979 memorat
1089 924 1312 980 Othoen
1340 937 1398 981 et
1414 927 1687 1002 Phiopem
1714 947 1798 984 re·

242 1029 338 1084 ges
366 1013 650 1085 pertinent
676 1010 750 1066 ad
776 1010 1085 1083 dynastiam
1106 1020 1344 1082 sextam3
1386 1025 1587 1070 nostrae
1619 1014 1799 1089 dyna-

244 1099 359 1150 stiae
400 1115 557 1172 reges
594 1097 858 1152 Eusebius
885 1108 1097 1170 quartae
1134 1098 1398 1172 dynastioe
1440 1114 1797 1158 accensuerat

252 1187 335 1256 (v.
360 1180 579 1260 supra).
596 1186 663 1238 In
686 1194 842 1240 sexta
867 1203 963 1240 sua
982 1183 1233 1259 dynastia
1260 1204 1430 1241 unam
1448 1189 1798 1245 Nitocridem

245 1281 537 1341 memorat,
570 1289 692 1344 quae
715 1289 803 1345 ap.
847 1272 1282 1329 Africam-sexta
1320 1283 1375 1328 et
1401 1283 1684 1348 postrema
1717 1289 1798 1332 est

248 1359 383 1433 dyn.
410 1368 592 1416 sextae.
626 1360 820 1432 Itaque
846 1360 1114 1415 Eusebius
1160 1362 1367 1434 quintae
1397 1361 1660 1435 dynastiae
1696 1364 1794 1420 ad·

246 1448 465 1519 scripsit
489 1464 648 1521 reges
666 1446 926 1520 dynastiae
949 1457 1112 1502 sextae
1133 1449 1542 1523 quinque3vel,
1569 1452 1614 1505 si
1640 1449 1795 1507 Men-

249 1534 569 1608 desuphidis
586 1553 794 1590 annum
816 1553 989 1590 unum
1008 1536 1212 1604 omisit,
1231 1554 1388 1610 reges
1400 1539 1620 1611 priores
1639 1551 1794 1612 quat-

324 1842 723 1893 mni-:moltis
749 1842 895 1890 DYN.
920 1842 981 1889 V.
1054 1843 1324 1891 PAPYRUS
1343 1844 1721 1895 TURINEXSIS.

328 2055 367 2099 1.
401 2049 700 2099 Usercheres.
936 2055 995 2099 28

322 2147 369 2193 2.
403 2141 655 2204 snephrae.
942 2146 993 2190 13

327 2240 371 2285 3.
408 2234 775 2297 Nephercheres.
936 2241 993 2284 20

324 2329 370 2378 ⁴.
406 2326 587 2377 Sisirae.
965 2332 989 2376 7

325 2427 369 2470 5.
406 2419 596 2469 cheres.
940 2426 996 2468 20

325 2519 368 2563 6.
404 2512 651 2562 Rathures.
940 2517 995 2563 44

326 2607 373 2656 7.
408 2604 695 2656 Mencheres.
969 2613 997 2656 9

274 2742 279 2757 ,
328 2703 374 2749 8.
408 2691 706 2748 Ταῑοὴετεε.’
940 2703 997 2749 44

328 2791 376 2841 9.
412 2795 594 2842 Onnos.
942 2798 997 2842 33

1088 2608 1426 2657 sien-erenei«.

1086 2700 1199 2747 Ter.

1086 2793 1238 2841 Utus.

686 2943 814 3005 (248)
910 2949 999 2994 218

328 3131 410 3181 Vl.
455 3135 491 3177 t.
525 3128 720 3179 Othoes.
942 3136 1000 3178 30

910 3283 1001 3329 248

261 3614 496 3670 Canone
515 3613 951 3687 chronologic03
976 3629 1107 3667 nam
1121 3612 1225 3686 qui
1242 3613 1502 3685 proxime
1520 3609 1671 3685 apud
1694 3628 1823 3666 eum

268 3702 539 3774 sequitur,
583 3710 753 3773 caput
796 3710 876 3754 est
918 3699 1288 3773 Memphiticae
1333 3697 1599 3771 dynastiae
1636 3705 1819 3754 sextae.

271 3787 439 3843 Unde
480 3787 763 3861 colligitur
798 3786 1296 3860 Elephantinorum
1326 3785 1629 3858 dynastiam
1667 3782 1824 3855 juxta

270 3875 602 3949 Memphitas
629 3890 883 3947 regnasse
910 3874 971 3927 in
998 3874 1241 3949 AEgypto
1274 3873 1587 3945 superiore.
1619 3873 1821 3925 Monu-

271 3973 457 4017 menta
498 3979 530 4018 e
571 3960 779 4034 quibus
805 3962 1032 4016 nomina
1056 3962 1463 4035 adscripsimus,
1506 3958 1636 4014 vide
1672 3958 1824 4032 apud

276 4050 533 4122 Lepsium
571 4050 657 4120 ΙΙ,
714 4068 762 4105 1.
796 4080 873 4092 —
914 4051 1127 4105 Eorum
1163 4051 1411 4122 primum
1456 4063 1825 4102 usi-:stamar

273 4148 465 4210 aperte
508 4135 812 4212 respondet
853 4137 1150 4192 Usercheri
1191 4134 1561 4191 Manethonis.
1610 4135 1822 4205 Quam-

272 4241 447 4297 quam
481 4222 726 4278 dubitari
752 4224 957 4297 possit,
984 4241 1119 4278 num
1146 4232 1297 4277 recte
1334 4219 1406 4275 ad
1430 4221 1826 4295 Elephantinos

278 4328 436 4383 reges
463 4309 758 4377 reseratur,
800 4327 973 4381 quum
1002 4326 1120 4363 non
1147 4310 1208 4363 in
1232 4308 1519 4381 superiore
1545 4310 1790 4383 AEgypto
1806 4350 1821 4378 ,

274 4398 374 4454 sed
422 4413 607 4470 prope
647 4394 969 4451 Gizehianas
1030 4394 1348 4469 pyramides
1394 4405 1682 4469 repertum
1730 4398 1818 4457 sit.

279 4517 355 4529 —
383 4481 671 4540 Secundus
693 4500 793 4537 rex
821 4483 879 4538 in
905 4483 1346 4539 Manethonianis
1378 4483 1656 4539 laterculis
1679 4483 1823 4540 dici-

279 4575 429 4628 citur
452 4570 715 4645 Sephres3
748 4568 906 4641 quod
931 4589 1142 4626 nomen
1166 4570 1225 4625 in
1253 4569 1470 4627 Snefres
1498 4570 1822 4626 mutandum

268 4677 394 4715 esse
419 4658 587 4715 suasit
612 4674 854 4725 sarran,
894 4660 991 4730 qui
1029 4668 1255 4714 octavus
1282 4669 1360 4713 est
1386 4660 1445 4713 in
1470 4658 1654 4713 tabula
1683 4658 1825 4717 Car-

278 4749 532 4803 naciana.
558 4774 632 4787 —
655 4746 826 4799 Tertii
854 4745 998 4819 regis
1015 4763 1241 4815 nomen,
1260 4743 1689 4819 Nephercheres,
1709 4745 1823 4818 jam

280 4833 427 4888 inter
450 4829 784 4906 Memphim
806 4828 944 4905 dyn.
972 4832 1184 4904 'quartae
1212 4849 1298 4906 ap.
1326 4832 1715 4888 Manethonem
1741 4834 1823 4887 vi-

282 4920 493 4988 dimus;
516 4918 616 4974 sed
636 4917 717 4973 ibi
739 4936 968 4993 quoque
989 4920 1142 4975 nulla
1160 4918 1277 4991 ejus
1298 4938 1387 4993 ap.
1408 4920 1823 4976 Eratosthenem

282 5010 513 5065 mentio.
565 5009 750 5080 Quare
795 5008 902 5062 isto
940 5008 1347 5082 Nephercheris
1394 5027 1568 5084 regno
1610 5010 1822 5063 initium

282 5095 570 5169 quoddam
612 5094 700 5150 vel
734 5094 1071 5168 praeludium
1123 5094 1406 5152 divisionis
1452 5096 1612 5170 regni
1656 5097 1820 5171 AEgy-

281 5184 451 5257 ptiaci
479 5184 637 5258 argui
666 5182 981 5238 videbatur.
1014 5184 1364 5256 Quamquam
1404 5184 1514 5241 hoc
1539 5202 1653 5238 non
1682 5185 1825 5239 adeo

272 5271 505 5329 firmum
535 5290 647 5328 esse
660 5315 675 5343 ,
699 5282 866 5343 atque
884 5272 1317 5346 Nephercheren
1336 5272 1597 5346 dynastiae
1617 5282 1826 5345 quartae

1784 2060 2130 2109 U-sesen-xer.

1787 2152 1993 2199 Susrnu.

1786 2245 2148 2294 Νεηυ-κε-Μ.

3333 477 3443 528 553

1888 594 2038 652 tuor,
2065 587 2103 643 i.
2137 604 2188 641 e.
2221 584 2312 650 Δ’;
2343 587 2474 642 hinc
2515 589 2788 646 oriundos
2813 590 2962 648 dicas
2984 612 3141 669 reges
3161 593 3226 653 A'
3260 609 3316 653 et
3357 597 3443 669 A‘,

1888 681 1943 724 et
1959 671 2165 728 deinde
2185 669 2303 730 AA‘
2334 691 2479 746 quos
2529 677 2739 750 reperit
2765 675 3080 751 Syncellus,
3122 686 3220 755 qui
3253 695 3440 742 tamen

1887 774 1955 811 eo
1983 760 2236 833 ineptum
2254 777 2311 816 se
2330 761 2557 834 praebet,
2579 762 2738 835 quod
2757 765 2984 839 Phiopis
3018 785 3194 824 annos
3222 783 3444 827 centum

1887 854 2171 917 tamquam
2187 864 2460 903 summam
2489 865 2768 905 annorum
2799 853 2971 908 totius
3005 854 3267 927 dynastiae
3293 877 3447 913 com·

1883 933 2121 1004 putavit.
2166 934 2317 989 Nihil
2372 933 2647 1006 ejusmodi
2700 938 2760 992 in
2809 938 3048 995 Eusebio
3087 945 3447 1003 Armeniaco.

1885 1019 2111 1074 Summa
2134 1019 2396 1094 dynastiae
2427 1023 2635 1096 quintae
2677 1034 2730 1080 et
2756 1036 2923 1081 sextae
2950 1039 3102 1083 recte
3131 1032 3365 1103 ponitur
3393 1034 3452 1088 in

1884 1103 1995 1159 fine
2024 1105 2160 1179 dyn.
2184 1108 2282 1163 vl.
2313 1108 2515 1165 Turbae
2543 1112 2656 1166 istae
2684 1112 2744 1166 in
2764 1111 3042 1170 divisione
3073 1115 3451 1189 dynastiarum

1883 1193 2071 1247 nescio
2098 1210 2209 1266 qua
2249 1194 2598 1252 festinatione
2631 1199 2717 1253 vel
2743 1218 2858 1273 quo
2889 1219 3012 1256 casu
3038 1203 3363 1266 acciderint.

1962 1279 2133 1351 Quod
2175 1281 2500 1338 Africanum
2543 1288 2758 1358 attinet,
2801 1289 3005 1363 singuli
3048 1295 3268 1348 numeri
3311 1294 3450 1349 dant

1881 1383 2150 1422 summam
2166 1386 2255 1423 an.
2275 1387 2306 1424 2
2321 1389 2338 1424 1
2353 1370 2408 1426 8.
2422 1372 2600 1429 Verus
2617 1393 2882 1431 numerus
2905 1387 2982 1432 est
2998 1395 3090 1437 an.
3108 1377 3242 1445 248.
3260 1383 3329 1436 In
3342 1400 3454 1436 nu-

1883 1472 2041 1510 mero
2071 1458 2214 1531 regis
2239 1458 2327 1512 vel
2362 1460 2549 1532 quarti
2574 1461 2664 1515 vel
2690 1465 2909 1536 septimi
2930 1465 3088 1521 litera
3104 1464 3153 1522 λ’
3191 1467 3456 1524 excidisse

1887 1541 2135 1613 videtur,
2162 1557 2426 1600 monente
2458 1548 2726 1604 Boeckhio
2752 1568 2811 1623 p.
2841 1549 2967 1621 175.

1882 1849 2290 1899 MONUMENTA.
2429 1785 2438 1930 Ι
2644 1856 2888 1904 TABULA
2923 1858 3231 1908 ABYDENA.

2431 1995 2437 2108 Ι
2510 2062 2661 2110 xvii.
2695 2063 3023 2112 Neruo-sens
3055 2077 3183 2114 neni.

2431 2115 2437 2218 ἔ
2487 2154 2664 2204 xvm.
2697 2157 3116 2204 'smne-nimi...

2431 2233 2436 2298 Ῑ
2533 2248 2658 2297 xlx.
2695 2249 3018 2297 Nereo-neas
3051 2262 3253 2302 enemo„

2557 2341 2658 2388 XX.
2695 2342 3033 2390 Men-esven.

2447 2493 2452 2514 3
2538 2435 2664 2481 xxt.
2700 2436 3004 2482 Sacrae-ts.

2433 2497 2454 2628 {l
2513 2528 2664 2576 ΧΧΙΙ.
2701 2527 2966 2575 ils-em.

2489 2619 2663 2668 xxiii.
2698 2620 3046 2668 Nereo-seem
3079 2631 3252 2669 aena.

2435 2645 2444 2788 ἱ
2491 2712 2665 2759 xxtv.
2701 2712 3033 2760 Narrare...

2519 2805 2665 2854 XXV.
2700 2805 3302 2855 §cracaben-sewum.

2431 2373 2453 2466 η

2451 3062 2457 3231 Ξ
2492 3138 2659 3184 XXVI.
2696 3140 3135 3188 Sacrae-sanxo.

2450 3238 2458 3405 Ι

347 3525 736 3581 Eratosthenes
758 3523 1156 3598 Elephantinos
1177 3542 1333 3599 reges
1352 3544 1468 3580 non
1490 3532 1741 3580 recenset
1762 3523 1823 3576 in
1912 3524 2145 3578 omnino
2164 3522 2568 3599 sejungendum
2591 3524 2661 3581 ab
2684 3526 3067 3599 Elephantinis
3085 3528 3309 3602 regibus
3329 3529 3463 3584 inde

1912 3611 2141 3665 sortasse
2178 3610 2506 3680 concludas,
2533 3612 2689 3685 quod
2723 3631 2931 3668 nomen
2960 3614 3077 3685 ejus
3117 3616 3173 3668 in
3207 3617 3461 3688 pyrami-

1912 3696 2050 3751 dum
2080 3716 2280 3771 campo
2322 3709 2607 3771 repertum
2647 3700 2747 3767 sit,
2786 3701 2844 3752 in
2886 3718 3069 3772 eoque
3102 3701 3261 3757 litera
3282 3704 3330 3756 R
3362 3721 3464 3757 ex·-

1909 3786 2188 3858 primatur
2215 3786 2382 3840 oculo
2411 3783 2519 3860 (iri
2533 3785 2550 3859 )
2572 3828 2587 3854 ,
2610 3785 2765 3857 cujus
2782 3786 2912 3841 loco
2938 3804 3000 3841 os
3028 3786 3162 3863 (ro)
3197 3786 3465 3845 exhibent

1911 3871 2158 3942 ejusdem
2189 3873 2430 3927 nominis
2471 3872 2885 3946 inscriptiones,
2933 3892 3056 3947 quae
3083 3875 3142 3928 in
3167 3877 3460 3949 superiore

1914 3957 2153 4035 AEgypto
2172 3960 2550 4032 reperiuntur.
2574 3990 2652 4002 -—
2671 3960 2756 4015 De
2775 3971 3000 4033 quarto,
3019 3961 3217 4033 quinto
3231 3971 3285 4015 et
3304 3973 3463 4019 sexto

1910 4064 2043 4121 rege
2090 4048 2272 4102 omnis
2321 4044 2460 4103 fides
2503 4056 2584 4102 est
2630 4045 2783 4121 apud
2825 4064 3002 4104 unum
3043 4048 3459 4107 Manethonem.

1912 4133 2122 4191 Contra
2147 4134 2416 4207 postremi
2438 4153 2595 4207 reges
2609 4144 2718 4190 tres
2733 4153 3042 4208 eorumque
3061 4136 3226 4190 series
3244 4139 3464 4210 egregie

1910 4219 2206 4277 firmantur
2248 4240 2467 4295 papyro
2513 4222 2833 4291 Turinensi,
2882 4240 2948 4277 ex
2996 4239 3111 4295 qno
3151 4239 3258 4295 pro
3285 4222 3458 4280 ‘mr-

1913 4308 1957 4365 Χ
1970 4308 2167 4365 ΕΡΗΣ
2195 4307 2300 4382 (sic
2320 4309 2466 4362 enim
2489 4325 2668 4382 graece
2686 4307 2927 4364 debebat
2943 4309 3110 4363 scribi
3130 4327 3239 4382 pro
3260 4305 3463 4385 Τανχέ-

1914 4394 2039 4471 ρης)
2087 4396 2357 4451 lenissima
2394 4396 2744 4450 correctione
2785 4394 3010 4469 Lepsius
3038 4395 3256 4469 scripsit
3277 4395 3463 4454 TAT-

1914 4483 2186 4542 ΧΕΡΗΣ.
2211 4484 2298 4539 Ab
2324 4484 2508 4553 Onna,
2540 4502 2671 4559 rege
2693 4494 3007 4557 postremo,
3027 4493 3291 4539 monente
3311 4485 3463 4539 Bun-

1912 4571 2092 4640 seni0,
2139 4590 2258 4626 non
2296 4569 2545 4625 diversus
2584 4579 2664 4624 est
2707 4568 2934 4637 Othoes,
2971 4570 3061 4625 vel
3088 4570 3170 4624 uti
3197 4570 3465 4626 Eusebius

1911 4658 2106 4714 scribit
2130 4657 2347 4726 Othe‘os,
2386 4675 2554 4730 quem
2573 4654 2835 4712 Manetho
2858 4657 2946 4711 vel
2970 4654 3087 4729 ejus
3104 4668 3464 4731 excerptores

1912 4748 2158 4820 primum
2184 4755 2407 4820 ponunt
2432 4745 2712 4817 sequentis
2753 4743 3016 4818 dynastiae
3042 4760 3057 4801 ε
3099 4762 3229 4799 nam
3255 4763 3464 4801 nomen

1912 4836 2090 4891 simile
2110 4843 2190 4890 est
2202 4844 2369 4906 atque
2388 4849 2654 4888 numerus
2666 4850 2942 4888 annorum
2959 4831 3110 4887 idem
3125 4832 3312 4906 plane,
3335 4850 3461 4888 cum

1915 4943 1982 4979 eo
1999 4965 2015 4993 ,
2052 4940 2219 4995 quem
2244 4922 2410 4977 Onno
2440 4921 2636 4975 tribuit
2656 4938 2901 4994 papyrus
2924 4920 3269 4989 Turinensis,
3294 4929 3464 4995 atque

1915 5011 2127 5085 optime
2145 5010 2204 5063 in
2220 5020 2564 5083 postremum
2582 5007 2842 5081 dynastiae
2862 5025 3049 5081 regem
3065 5005 3289 5075 cadunt,
3304 5006 3462 5080 qnod

1914 5097 1985 5153 de
2013 5096 2198 5153 Othoe
2224 5094 2510 5151 annotavit
2539 5094 2800 5150 Manetho
2840 5112 2854 5147 ε
2884 5090 2936 5157 ὃς
2967 5088 3068 5147 ὑπὸ
3107 5093 3208 5148 τῶν
3246 5091 3462 5171 δορυφό-

1915 5204 2016 5260 ρων
2055 5177 2298 5257 ἀνῃρέθη.

1990 5271 2231 5327 Nomina
2259 5269 2458 5326 tabulae
2503 5269 2787 5344 Abydena·
2831 5269 2929 5324 etsi
2979 5265 3162 5326 lacera
3203 5286 3272 5324 ex
3301 5277 3459 5341 parte
