4016 5916
526 373 643 422 558
1605 357 2111 418 MANETHONIS
2169 358 2645 418 SEBENNYTAE

525 495 598 551 ad
625 494 763 567 dyn.
799 495 867 561 V,
897 491 996 546 ubi
1028 490 1288 564 primitus
1314 489 1656 544 notabantur
1684 507 1839 564 reges
1874 485 1953 560 Δ’,
1978 491 2076 563 qui

525 598 785 637 numerus
804 576 1008 634 deinde
1031 577 1167 632 abiit
1195 579 1253 630 in
1281 575 1381 633 ΛΑ
1413 574 1501 645 (ν.
1528 571 1745 651 supra).
1769 577 1895 647 Quo
1923 596 2075 631 00111-

522 671 714 738 misso,
768 684 942 740 quum
1018 683 1149 719 mox
1192 663 1599 732 adverteretur,
1651 683 1951 718 numerum
1992 681 2075 719 re·

521 775 682 831 gum,
712 757 810 828 qui
836 753 1099 809 undecim
1133 753 1395 825 dynastiis
1426 753 1699 807 recenseri
1728 752 2076 820 dicebantur,

523 844 777 917 exputat-i
804 843 915 897 hoc
938 841 1110 895 modo
1131 860 1251 894 11011
1272 858 1434 914 posse
1451 881 1468 913 ,
1486 840 1625 894 alius
1653 838 1908 912 quidam,
1932 849 1995 892 ut
2019 840 2077 893 in

524 930 779 985 ordinem
804 947 892 983 res
936 928 1245 1002 redigeret,
1288 927 1523 981 mutavit
1555 945 1851 981 numerum
1880 945 2076 1000 regum

523 1016 788 1090 dynastiae
819 1027 1025 1070 octavae
1050 1028 1102 1069 ct
1130 1032 1312 1072 nonae.
1351 1045 1427 1056 —
1460 1013 1629 1092 Quod
1659 1013 1863 1068 deinde
1892 1032 2076 1068 anno-

520 1123 645 1158 rum
673 1121 939 1158 numeros
959 1102 1155 1181 attinet
1174 1145 1188 1174 ,
1220 1103 1279 1155 in
1303 1101 1495 1174 aprico
1526 1110 1607 1155 est
1642 1111 1940 1174 corruptos
1964 1120 2077 1156 esse

520 1211 781 1248 numeros
806 1189 1110 1258 rotundOS,
1146 1191 1242 1263 qui
1273 1188 1667 1244 adscribuntur
1696 1188 1830 1264 dyn.
1862 1190 1994 1243 VIII
2023 1200 2079 1243 et

520 1280 635 1350 1X3
678 1299 801 1353 quae
843 1297 1015 1351 quum
1048 1278 1155 1331 sint
1195 1275 1402 1331 eaedem
1445 1277 1503 1330 in
1537 1277 1739 1349 quibus
1782 1295 2077 1332 numerum

520 1385 711 1442 regum
743 1376 1014 1422 mutatum
1046 1383 1157 1420 esse
1183 1364 1435 1432 diximuS,
1457 1365 1615 1419 facile
1636 1362 1755 1419 fieri
1783 1365 1991 1438 potuit,
2016 1375 2080 1419 ut

514 1454 830 1510 offenderet
843 1452 1122 1526 quendam
1135 1471 1296 1506 nonae
1308 1452 1568 1525 dynastiae
1579 1452 1801 1527 regibus
1813 1463 2080 1525 quattuor

523 1540 636 1615 (qui
658 1541 793 1595 olim
809 1538 1028 1594 fuerant
1067 1531 1161 1616 19)
1187 1537 1426 1594 adscribi
1453 1556 1627 1593 annos
1652 1544 1763 1611 409
1788 1538 1900 1616 (tot
1929 1541 2074 1594 enim

518 1639 643 1683 sunt
670 1646 763 1701 ap.
789 1625 1149 1701 Africanum)
1179 1627 1383 1700 :igitur
1398 1626 1504 1681 hos
1523 1624 1593 1680 ad
1618 1628 1925 1700 marginem
1951 1646 2078 1681 mu-

521 1716 716 1770 taverit
734 1715 791 1768 in
817 1731 1112 1768 numerum
1135 1714 1541 1783 centenarium
1575 1712 1726 1769 unde
1755 1713 1959 1768 deinde
1986 1715 2077 1770 hic

520 1819 784 1856 numerus
806 1798 1028 1854 duobus
1047 1800 1185 1854 locis
1202 1800 1263 1854 in
1302 1799 1515 1855 textum
1550 1801 1851 1874 irrepserit.
1876 1802 2076 1873 Itaque

516 1905 693 1942 annos
710 1886 846 1959 dyn.
866 1888 1085 1943 VII—XI
1100 1883 1359 1960 primitus
1374 1887 1599 1943 eosdem
1615 1889 1777 1943 fuisse
1794 1898 1961 1960 atque
1986 1906 2075 1962 ap.

520 1975 844 2029 Africanum
862 1975 1323 2029 verisimillimum
1340 1984 1419 2028 est
1448 1973 1596 2050 [142
1624 1975 1715 2028 vel
1756 1973 1863 2038 146
1881 1996 1896 2044 ;
1917 1980 2031 2047 409
2052 1994 2068 2043 ;

531 2061 671 2133 185;
706 2062 809 2133 43;
840 2062 907 2118 16
949 2088 1029 2113 ---.
1071 2060 1183 2136 795
1212 2064 1300 2118 vel
1327 2061 1494 2139 799J.
1539 2101 1612 2113 -
1651 2061 1825 2134 Quod
1854 2063 2074 2136 priores

515 2168 610 2205 sex
634 2149 909 2222 dynastias
926 2151 1148 2219 attinet,
1175 2150 1460 2222 Syncellus
1484 2148 1713 2223 quidem
1734 2151 1810 2206 ita
1836 2168 2076 2224 compu-

520 2248 629 2305 tat,
657 2247 723 2291 ut
747 2237 1018 2292 Eusebius
1045 2247 1100 2292 et
1128 2237 1424 2298 Africanus
1466 2228 1525 2290 in
1555 2255 1769 2292 summa
1792 2255 2071 2292 annorum

515 2325 659 2381 bene
693 2326 1055 2380 consentiant.
1097 2325 1237 2378 Nam
1273 2323 1426 2397 apud
1457 2324 1781 2380 Africanum
1809 2335 2070 2380 numerat

516 2431 690 2468 annos
737 2419 879 2486 1497
923 2410 1031 2487 (ita
1056 2430 1153 2479 sc.,
1194 2422 1256 2466 ut
1297 2411 1560 2485 dynastiae
1601 2422 1812 2485 quartae
1864 2412 2073 2466 tribuat

509 2517 642 2554 ann.
686 2499 866 2574 277),
917 2497 1070 2572 apud
1122 2498 1419 2553 Eusebium
1462 2499 1629 2572 ponit
1677 2517 1851 2554 annos
1901 2498 2070 2572 1498.

519 2588 729 2642 Verum
768 2605 943 2660 quum
981 2594 1200 2659 pateat,
1246 2604 1414 2658 quam
1458 2588 1647 2660 inepte
1690 2586 1977 2659 Syncellus
2016 2587 2074 2639 in

519 2672 885 2746 supputandis
902 2672 1147 2726 numeris
1166 2673 1484 2728 Eusebianis
1504 2675 1708 2748 egerit,
1740 2674 1952 2746 quippe
1972 2674 2073 2745 qui

514 2760 743 2833 Phiopis
764 2777 939 2814 annos
966 2769 1189 2812 centum
1218 2769 1393 2830 ponat
1414 2777 1519 2832 pro
1547 2777 1760 2814 summa
1791 2778 2068 2816 annorum

516 2844 777 2918 dynastiae
800 2847 868 2913 V,
900 2847 1131 2900 omnino
1164 2846 1303 2899 nihil
1325 2846 1413 2900 his
1453 2846 1816 2901 tribuendum
1853 2858 1956 2902 est.

590 2934 782 2989 Restat
816 2943 880 2986 ut
928 2949 1308 2988 recenseamus
1348 2933 1727 2990 Eratosthenis
1762 2951 1920 3009 reges
1962 2945 2074 2989 no-

512 3038 639 3075 vem
669 3022 764 3093 qui
790 3020 934 3074 inter
959 3020 1264 3075 Nitocridis
1294 3030 1349 3074 et
1375 3022 1752 3077 Ammenemis
1780 3039 1953 3097 regna
1980 3024 2075 3076 in-

516 3107 727 3179 terjecti
751 3107 1092 3179 respondere
1121 3107 1385 3163 videntur
1406 3107 1851 3166 Manethonianis
1870 3109 2075 3186 dynas-

516 3195 600 3249 tiis
618 3196 719 3251 VII
736 3226 812 3236 -
830 3195 934 3249 XI.

993 3400 1321 3455 ERATOST
1324 3402 1374 3455 H
1380 3402 1556 3456 ENES
1566 3445 1577 3455 .

967 3508 1235 3583 (Dynast.
1274 3513 1594 3571 VII—XI.
1615 3512 1631 3585 )

591 3630 877 3703 Syncellus
901 3648 963 3702 p.
1006 3634 1144 3698 104,
1179 3630 1240 3686 C.
1286 3649 1426 3703 109,
1461 3632 1527 3688 B.
1568 3632 1705 3702 123,
1735 3636 1829 3689 D:

592 3715 805 3773 XXIII.
848 3711 1102 3785 Θηὸαίων
1131 3713 1213 3793 κγ’
1253 3714 1556 3773 ἐδασίλευσε
1616 3720 1956 3797 Μυρταῖος
1996 3724 2065 3794 (l.

514 3801 562 3861 ’A
580 3801 919 3878 μυρταῖος)
939 3844 955 3876 ,
982 3800 1386 3878 Ἄμμωνόδοτος,
1410 3803 1499 3875 ἔτη
1529 3802 1636 3864 κδ’.
1663 3806 1770 3863 Τοῦ
1796 3804 1849 3863 δὲ
1874 3806 2072 3882 κόσμου

509 3878 573 3960 ἦν
600 3886 709 3952 ἔτος
737 3885 921 3967 ,γφοςᾌ

593 3976 797 4034 xxlv.
846 3977 940 4051 (p.
995 3996 1137 4052 109,
1172 3976 1272 4053 Β.)
1322 3974 1575 4048 Θηὸαίων
1617 3976 1695 4035 κδ’
1737 3978 2069 4039 ἐὸασίλευσεν

518 4062 967 4142 Θυωσιμάρης
1016 4065 1120 4140 (sic
1149 4067 1214 4123 B.
1264 4065 1603 4145 Θυοσιμαίρης
1643 4069 1757 4138 Α),
1790 4068 2065 4147 κραταιὸς,

522 4147 553 4207 ὅ
577 4153 711 4208 ἐστιν
739 4149 882 4222 ἥλιος
915 4156 1107 4226 (Buns,
1136 4172 1150 4211 z
1179 4152 1454 4228 Τωσιμά
1471 4176 1611 4232 ρης,
1641 4155 1885 4233 κραταιός
1926 4158 2064 4215 ἐστιν

515 4238 720 4315 ἥλιος),
748 4238 841 4308 ἔτη
870 4237 957 4295 ιδ’.
993 4242 1042 4298 Τ
1045 4244 1101 4297 οῦ
1133 4239 1187 4297 δὲ
1213 4241 1410 4317 κόσμου
1437 4232 1500 4312 ἧν
1528 4239 1637 4307 ἔτος
1664 4243 1857 4322 ,γφζηᾭ

590 4329 771 4387 XXV.
817 4327 1072 4397 Θηὸαίων
1106 4326 1179 4386 κε’
1205 4326 1506 4387 ἐδασίλευσε
1550 4333 1881 4396 Σεθίνιλος
1931 4332 2066 4409 (Θί-

506 4416 680 4494 ριλλος
720 4418 789 4474 Α.
824 4414 1203 4496 Ἔνεντιςρίναος
1238 4419 1467 4494 BunS.),
1511 4412 1544 4474 δ’
1579 4418 1714 4475 ἐστιν
1758 4418 1980 4490 αὐξήσας
2013 4418 2070 4477 τὸ

513 4502 730 4581 πάτριον
754 4502 939 4580 κράτος
956 4549 972 4577 ,
1001 4504 1090 4573 ἔτη
1116 4502 1185 4573 η’.
1219 4505 1269 4561 Τ
1271 4508 1328 4560 οῦ
1342 4502 1412 4585 ,δὲ
1436 4502 1635 4581 κόσμου
1657 4496 1721 4577 ἦν
1752 4503 1859 4572 ἔτος
1884 4507 2027 4587 ,γχιᾜ

594 4592 806 4650 XXVI.
851 4589 1105 4661 Θηὸαίων
1136 4589 1219 4656 κς’
1250 4589 1554 4649 ἐδασίλευσε
1583 4593 2068 4673 Σεμφρουκρᾶ-

504 4682 628 4750 της
675 4680 788 4755 (Σε
815 4677 1247 4758 μφουκροὶτης
1290 4680 1520 4756 Rutu),
1568 4675 1603 4736 ὅ
1638 4682 1774 4738 ἐστιν
1804 4678 2071 4760 Ἡρακλῆς

510 4765 890 4846 Ἁρποκράτης,
926 4763 1017 4837 ἔτη
1053 4765 1141 4838 ιη’.
1171 4770 1277 4825 Τοῦ
1303 4768 1355 4825 δε
1376 4765 1572 4845 κόσμου
1594 4759 1655 4839 ἦν
1681 4767 1787 4834 ἔτος
1813 4769 1988 4848 sard.

592 4855 822 4914 XXV11.
848 4851 1103 4923 Θηὸαίων
1129 4854 1205 4922 κζ’
1226 4852 1529 4912 ἐὸασίλευσε
1556 4853 1807 4934 Χουθὴρ
1827 4857 2068 4933 Ταῦρος

513 4938 880 5019 (Μεντουφ.
929 4944 1038 5019 Ββ.
1080 4944 1130 5000 Τ
1147 4939 1335 5021 αὔρης
1382 4944 1617 5019 Buns.)‚
1671 4940 1935 5021 τύραννος,
1978 4941 2069 5014 ἔτη

503 5026 575 5094 ζ’.
608 5029 716 5085 Τοῦ
741 5025 795 5085 δὲ
822 5026 1018 5103 κόσμου
1041 5018 1105 5099 ἦν
1134 5026 1242 5094 ἔτος
1266 5027 1456 5108 ,γάλςᾌ

592 5112 851 5174 XXVIII.
869 5111 1123 5184 Θηὸαίων
1138 5113 1221 5184 κη’
1239 5114 1538 5175 ἐὸασίλευσε
1560 5119 1615 5176 Μ
1630 5115 1816 5197 ευρὴς
1847 5115 1939 5195 (Μ
1954 5125 2012 5175 εἰ·
2028 5140 2068 5174 ι-

2172 489 2284 568 ρής
2330 492 2522 566 Β11115.)
2543 534 2558 560 ,
2588 487 2914 569 φιλόσκορος,
2959 487 3048 558 ἔτη
3089 486 3183 547 ιδ’.
3215 489 3327 547 Τοῦ
3358 486 3414 546 δὲ
3447 487 3704 564 κόσμου
3737 477 3809 560 ἦν

2169 574 2277 642 ἔτος
2298 575 2498 656 ,mtr-

2248 666 2453 724 Xxlx.
2478 661 2728 734 Θηὸαίων
2744 661 2824 722 κθ’
2843 659 3144 720 ἑὸασίλευσε
3166 663 3214 722 Χ
3232 685 3329 738 ωμ
3345 686 3376 719 α
3395 686 3420 720 ε
3437 667 3522 742 opo
3539 661 3582 719 οἱ
3620 664 3806 739 (Τω-

2171 749 2430 831 μαεφθοὶ
2458 756 2622 809 Buns,
2643 751 2697 827 ),
2730 747 2925 826 κόσμος
2966 748 3334 830 φιλήφαιστος,
3367 749 3466 821 ἔτη
3502 749 3622 810 ια’.
3680 755 3808 811 Τοῦ

2172 835 2224 894 δὲ
2255 836 2451 913 κόσμου
2479 828 2542 908 ἦν
2573 835 2681 904 ἔτος
2710 835 2890 918 ’γχνεῖ

2247 926 2428 985 ΧΧΧ.
2466 922 2722 996 Θηὸαίων
2770 920 2817 980 λ’
2857 922 3162 981 ἐὸασίλευσε
3216 923 3535 991 Σοικούνιος
3578 925 3809 1006 &Loni-

2171 1034 2346 1089 ραννος
2383 1012 2401 1088 (
2420 1013 2775 1076 Σοικοῦνις....
2811 1013 2878 1076 ὣς
2904 1001 3069 1089 Ὦχος
3096 1010 3343 1090 τύραννος
3369 1015 3570 1074 Buns,
3595 1016 3618 1092 )
3647 1059 3670 1085 ,
3701 1013 3806 1084 ἔτη

2170 1095 2227 1164 ξ’.
2254 1101 2363 1157 Τοῦ
2389 1096 2443 1156 δὲ
2467 1096 2662 1173 κόσμου
2692 1087 2755 1168 ἦν
2778 1094 2887 1164 ἔτος
2913 1098 3093 1177 m&-

2247 1186 2462 1245 XXXI.
2497 1185 2586 1262 (p.
2617 1186 2724 1242 123
2742 1229 2758 1256 ,
2777 1184 3151 1257 D.}Gv162io›v
3169 1184 3257 1243 λα’
3279 1185 3625 1248 ἔὸασίλευσε
3659 1193 3720 1250 Π
3735 1214 3760 1248 ε
3779 1225 3799 1236 ·

2170 1276 2442 1353 τεαθυρῆ
2455 1297 2503 1344 ς,
2544 1270 2635 1344 ἔτη
2667 1270 2757 1337 ις’.
2784 1274 2895 1332 Τοῦ
2919 1273 2972 1331 δὲ
2996 1273 3192 1349 κόσμου
3224 1264 3286 1344 ἦν
3307 1273 3420 1341 ἔτος
3447 1277 3677 1358 ,γψκᾴ

2247 1364 2510 1436 Sequitur
2554 1364 2940 1418 Ammenemes
2986 1364 3083 1435 qui
3121 1361 3278 1435 apud
3322 1361 3486 1419 Man.
3543 1371 3799 1440 primus

2167 1468 2267 1505 rex
2296 1463 2376 1505 est
2402 1449 2664 1523 dynastiae
2698 1447 3066 1506 duodecimae.
3098 1479 3178 1491 --
3207 1450 3287 1505 De
3317 1454 3790 1511 emendationi-

2166 1538 2271 1594 bus
2289 1539 2398 1593 suis
2417 1537 2724 1595 Bunsenius
2747 1546 2885 1595 tom.
2913 1538 3021 1605 111,
3039 1555 3098 1610 p.
3124 1535 3198 1592 65
3217 1555 3299 1610 sq.
3327 1548 3595 1598 annotat
3627 1545 3790 1601 haec.

2247 1626 2458 1684 XXIII.
2508 1622 2850 1701 Ἀμυρταῖος]
2879 1648 2902 1674 ,ι
2926 1625 2964 1682 ἰ.
2995 1643 3044 1681 0.
3073 1625 3493 1698 Ama-heran,
3520 1631 3608 1684 ab
3641 1637 3793 1686 Am—

2166 1731 2335 1768 mone
2380 1715 2542 1768 Horo
2569 1710 2743 1768 datuS.
2770 1710 2940 1767 Unde
2987 1720 3041 1767 et
3080 1715 3393 1785 Amyrtaeus
3439 1715 3510 1769 in
3556 1720 3784 1773 seriori

2166 1801 2293 1874 AEg.
2331 1799 2581 1859 historia.
2620 1822 2642 1848 υ
2693 1800 2861 1855 Tom.
2901 1798 2994 1868 11,
3035 1816 3095 1871 p.
3138 1798 3251 1869 267
3283 1801 3546 1860 Bunsen.
3583 1817 3791 1862 censet

2167 1889 2507 1960 Amyrtaeum
2555 1879 2797 1941 eundem
2841 1903 2954 1940 esse
2995 1905 3122 1941 011111
3159 1889 3348 1943 Amasi
3401 1907 3596 1963 quem
3648 1905 3787 1949 ante

2167 1977 2360 2030 Mareu
2387 1991 2640 2049 regnasse
2663 1973 2832 2028 tradit
2852 1972 3137 2029 Diodorus
3149 1976 3198 2040 Ι,
3227 1974 3304 2028 60
3321 2011 3342 2043 5
3373 1995 3421 2031 1.
3453 1977 3650 2051 Quod
3675 1981 3784 2036 ad..

2167 2062 2558 2118 dubitaverim.
2577 2061 2879 2117 -XXIV.
2915 2083 2940 2110 <t
2970 2061 3208 2117 Vocibus
3221 2064 3520 2122 Eratosth.
3559 2067 3780 2144 κράτος,

2165 2145 2409 2226 κραταιός
2426 2167 2645 2222 semper
2667 2150 2783 2204 fere
2810 2148 3116 2222 respondet
3142 2150 3201 2202 in
3219 2151 3570 2209 nominibus
3593 2158 3780 2232 χες-Υ-

2163 2239 2359 2311 ptiacis
2382 2242 2512 2292 tosis
2536 2237 2626 2292 vel
2649 2240 2801 2294 casis.
2822 2238 2911 2292 Ita
2930 2254 3119 2311 regem
3148 2247 3414 2293 octavum
3437 2240 3777 2299 Sesonasin

2164 2327 2559 2397 interpretatus
2582 2341 2696 2378 esse
2721 2322 2951 2379 videtur
2978 2317 3365 2402 Ἥγησίκρατος
3381 2367 3397 2396 ,
3429 2327 3768 2388 Sesonosin

2165 2430 2301 2467 vero
2326 2409 2676 2466 duodecimae
2706 2411 2969 2484 dynastiae
2997 2407 3203 2490 Ἑρμῆς
3238 2408 3272 2480 ἢ
3306 2409 3608 2488 (Ηραχλῆς
3645 2419 3761 2491 (Se

2164 2500 2284 2574 sor)
2310 2494 2554 2578 κραταιός
2581 2501 2749 2554 vertit
2768 2540 2783 2568 ,
2803 2500 3038 2555 Ratosin
3076 2517 3267 2574 regem
3306 2502 3466 2558 XIII
3499 2503 3769 2586 ἀρχικραὶ·

2164 2608 2287 2666 τωρ.
2316 2587 2500 2657 Quare
2527 2586 2714 2641 nullus
2742 2585 2942 2640 dubito
2959 2630 2973 2655 ,
3000 2588 3139 2659 quin
3165 2586 3278 2646 hoc
3299 2607 3528 2645 nomen
3563 2593 3768 2667 legen·

2165 2670 2304 2726 dum
2354 2674 2425 2727 sit
2462 2669 2820 2749 Τωσιμᾶρης,
2866 2672 3027 2745 quod
3054 2673 3128 2728 ad
3177 2676 3400 2730 literam
3430 2681 3766 2737 secundum

2164 2758 2448 2833 vulgarem
2472 2760 2870 2833 AEgyptiorum
2901 2760 3146 2833 linguam
3169 2760 3279 2815 hoc
3307 2773 3393 2817 est
3419 2782 3434 2817 :
3456 2762 3655 2834 sortis
3683 2769 3770 2824 lo-

2166 2863 2259 2899 cus
2290 2847 2452 2916 solis,
2492 2847 2594 2901 ubi
2623 2848 2771 2901 locas
2797 2846 3013 2920 copulae
3054 2848 3234 2903 vicem
3264 2850 3382 2924 agit
3423 2852 3523 2906 vel
3585 2873 3762 2930 agere

2165 2934 2517 2990 Eratostheni
2560 2934 2876 2994 videbatur.
2924 2960 2948 2984 υ
2983 2964 3063 2977 -
3102 2935 3285 2995 ΧΧἎ
3323 2933 3750 3021 Ἐνεντιφί-ιαος]

2165 3023 2251 3077 Ita
2274 3024 2491 3096 scripsit
2516 3024 2823 3078 Bunsenius
2849 3020 2955 3099 (11,
2977 3042 3034 3097 p.
3058 3021 3169 3078 255
3189 3023 3236 3098 ),
3257 3025 3437 3083 latere
3463 3029 3528 3083 in
3551 3034 3761 3105 graecis

2164 3120 2407 3165 statuens
2432 3128 2642 3165 nomen
2684 3120 2886 3185 aegypt.
2938 3107 3258 3182 Nantefna,
3299 3113 3359 3166 in
3399 3133 3525 3187 quo
3561 3115 3667 3187 tes
3675 3132 3762 3175 est

2159 3209 2345 3271 patet-5
2375 3216 2454 3254 na
2485 3195 2760 3275 significat
2782 3216 3034 3273 magnas.
3059 3229 3141 3243 —
3158 3198 3403 3259 XXVII.
3434 3199 3759 3264 ἐδασίλευσε

2167 3286 2434 3364 Μεντουφ,
2452 3286 2606 3358 κτλ.]
2636 3289 2764 3343 Haec
2793 3287 3116 3344 abbreviata
3137 3307 3245 3362 pro
3272 3285 3592 3348 ε’ὅασίλευσε
3617 3295 3756 3352 Μεν-

2163 3376 2339 3452 τοῦφις
2356 3371 2678 3453 Νεὸταύρης,
2704 3371 2966 3452 τύραννος.
3001 3377 3326 3451 Mentuphis
3353 3389 3444 3434 est
3479 3382 3753 3438 Menum-

2166 3473 2280 3536 tep5
2307 3463 2413 3518 neb
2439 3460 2713 3536 significat
2736 3462 3029 3533 dominus3
3061 3476 3119 3518 tu
3140 3465 3397 3538 (coptice
3431 3465 3584 3544 tuo),
3603 3488 3750 3542 pen-

2164 3548 2356 3605 fectus.
2383 3550 2768 3606 Eratosthenes
2794 3551 2963 3625 igitur
2989 3551 3139 3607 hunc
3161 3553 3508 3627 Mentuphin
3529 3557 3588 3611 11
3605 3556 3756 3613 dixit

2166 3638 2504 3710 NebtayreS,
2539 3637 2872 3705 Neb-tu-ra‚
2903 3638 3096 3693 addito
3117 3640 3351 3715 nomine
3390 3640 3655 3713 familiae,
3687 3656 3752 3699 ut

2164 3723 2527 3799 distingueret
2565 3742 2694 3779 eum
2739 3744 2768 3779 a
2811 3725 3103 3798 Mentuphi
3155 3727 3200 3780 Ι.
3240 3726 3387 3782 Vide
3427 3731 3603 3783 Buns.
3653 3733 3745 3799 11,

2163 3829 2221 3884 p.
2251 3810 2381 3885 259.
2406 3811 2737 3885 Respondet
2767 3830 2868 3868 rex
2889 3813 3107 3867 nomini
3120 3814 3237 3868 XX
3267 3814 3642 3872 tah.-Carnac.
3669 3851 3754 3860 —

2160 3899 2427 3955 XXVIII.
2455 3896 2757 3975 φιλόσκορος
2775 3944 2790 3970 ,
2819 3902 2854 3955 i.
2878 3917 2929 3954 e.
2956 3918 3156 3955 amans
3166 3902 3489 3975 pupillam.
3516 3904 3603 3959 Cf.
3643 3925 3752 3961 rex

2160 3985 2506 4043 undecimus.
2525 4014 2606 4029 —-
2629 3987 2849 4043 XXIX.
2880 3984 3236 4095 ‘P‘Mffwwi-
3261 3990 3299 4046 i.
3323 4008 3374 4047 e.
3403 4003 3618 4065 aegypt.
3653 3996 3749 4048 To.

2163 4072 2550 4132 mae-Phtath.
2581 4104 2659 4116 —-
2691 4074 2878 4130 XXX.
2918 4076 2986 4140 ὥς
3038 4073 3220 4151 Ωχος]
3260 4098 3285 4124 α
3319 4076 3408 4133 Cf.
3453 4080 3748 4137 Plutarch.

2160 4162 2246 4217 De
2263 4161 2333 4217 Is.
2353 4170 2408 4215 et
2427 4161 2520 4217 Os.
2549 4179 2600 4220 0.
2621 4179 2657 4234 9
2680 4179 2693 4215 :
2720 4157 2828 4217 Καὶ
2851 4156 2951 4237 γὰρ
2971 4159 3058 4216 τὸν
3082 4160 3358 4237 ὠμότατον
3387 4165 3618 4243 Περσῶν
3647 4170 3748 4243 βα-

2162 4241 2309 4301 σιλέα
2336 4242 2426 4301 καὶ
2470 4244 2831 4324 φοὸερώτατον
2871 4235 3039 4323 Ὦχον
3066 4247 3453 4307 ἀποκτείναντα
3485 4250 3743 4324 πολλοὺς,

2160 4331 2304 4398 τέλος
2341 4329 2392 4389 δὲ
2423 4332 2512 4389 καὶ
2540 4330 2628 4389 τὸν
2655 4323 2809 4391 Ἆπιν
2842 4333 3211 4413 ἀποσφάξαντα
3242 4336 3333 4392 καὶ
3376 4338 3745 4409 καταδειπνή-

2161 4441 2326 4477 σαντα
2352 4418 2485 4495 μετὰ
2508 4423 2610 4478 τῶν
2634 4420 2794 4499 φίλων
2822 4420 3074 4479 ἐκάλεσαν
3099 4421 3373 4503 μάχαιραν
3403 4425 3495 4482 καὶ
3519 4428 3746 4485 καλοῦσι

2162 4503 2317 4583 μέχρι
2339 4510 2426 4563 νῦν
2451 4503 2611 4572 οὕτως
2630 4508 2683 4563 ἐν
2714 4510 2788 4586 τῷ
2819 4507 3095 4588 καταλόγῳ
3117 4512 3220 4566 τῶν
3251 4512 3540 4589 βασιλέων,
3562 4516 3622 4571 οὗ
3645 4538 3746 4572 κυ-

2162 4593 2280 4675 ρίως
2316 4591 2481 4663 δήπου
2510 4590 2604 4664 τὴν
2632 4594 2809 4652 οὐσίαν
2859 4597 3016 4653 αὓτοῦ
3045 4595 3393 4673 σημαίνοντες
3413 4642 3431 4673 ‚
3478 4601 3624 4659 ἀλλὰ
3649 4608 3744 4659 τοῦ

2159 4678 2351 4757 τρόπου
2394 4680 2489 4750 τὴν
2547 4680 2879 4759 σκληρότητα
2921 4681 3012 4740 καὶ
3037 4682 3228 4741 κακίαν
3269 4684 3480 4765 ὀργάνῳ
3545 4692 3740 4767 φονικῷ

2162 4766 2578 4846 παρεικάζοντες.
2607 4769 2861 4826 Soicunis
2895 4790 2927 4825 a
2961 4771 3153 4829 radice
3199 4772 3305 4827 ken
3327 4773 3736 4845 derivandum,

2161 4875 2284 4929 quae
2311 4855 2696 4927 confodiendi,
2710 4860 3019 4934 jugulandi
3040 4860 3156 4914 vim
3178 4860 3353 4916 habet
3371 4903 3387 4931 ,
3413 4874 3480 4918 ut
3509 4866 3740 4938 coptice

2161 4945 2293 4999 ,116111
2303 4985 2319 5013 ,
2363 4945 2516 5001 unde
2563 4945 2720 5015 kens,
2774 4947 3072 5004 confossio.
3115 4949 3240 5004 Jam
3291 4967 3434 5005 vero
3483 4970 3672 5024 quum
3712 4971 3742 5006 s

2162 5033 2523 5106 praepositum
2577 5034 2919 5090 transitivarn
2962 5033 3164 5090 reddat
3223 5035 3512 5107 radicem,
3584 5041 3740 5094 s-ken

2162 5119 2409 5195 gladium
2440 5121 2652 5194 optime
2682 5123 2996 5195 exprimere
3023 5121 3271 5193 videtur,
3311 5124 3472 5196 quasi
3505 5127 3740 5182 confos-
