4016 5916
519 402 636 452 ⁴14

522 518 718 590 πολλὴν
756 517 926 577 δοκέει
967 539 1057 593 μοι
1097 518 1328 574 ἐπελθεῖν
1367 517 1460 586 τ’ἧς
1488 514 1663 574 Ἰνδῶν
1696 511 1905 593 χώρης,
1931 511 2071 582 πλήν

520 630 582 683 γε
602 605 682 665 ὅτι
710 607 906 664 πλεῦνα
929 602 965 674 ἢ
993 607 1039 662 οἱ
1061 603 1147 671 ξὺν
1178 601 1493 681 Ἀλεξάνδρῳ
1519 604 1595 681 τῷ
1617 599 1890 660 Φιλίππου
1917 602 2074 659 ἐπελ-

521 695 709 758 θόντες.
736 689 1088 767 Συγγενίσθαι
1116 687 1217 768 γὰρ
1249 685 1628 767 Σανδρακόττῳ
1664 685 1804 764 λέγει
1822 730 1840 760 ,
1866 687 1943 765 τῷ
1978 696 2076 760 με·

519 777 685 857 γίστῳ
707 776 911 856 βασιλέϊ
932 775 1023 833 καὶ
1052 774 1227 855 Πώρῳ
1242 818 1258 845 ,
1284 772 1361 832 ἔτι
1385 773 1566 831 τούτου
1592 772 1765 850 μέζονι
1794 770 1917 850 (καὶ
1943 769 2077 832 Πώ-

524 889 611 944 ρου
636 864 712 922 ἔτι
733 861 898 941 τούτῳ
926 865 1098 939 μέζονι
1112 883 1223 921 em.
1247 864 1588 935 Schwanb.).

601 954 806 1009 Strabo
831 955 960 1020 XV,
989 970 1048 1025 p.
1075 970 1187 1020 702
1222 950 1295 1006 de
1325 951 1515 1024 Gange
1554 967 1569 1002 ι
1614 945 1866 1023 Λέγουσιν
1895 947 1943 1004 οἱ
1980 942 2075 1020 μὲν

522 1037 802 1116 τριάκοντα
847 1035 1071 1093 σταδίων
1115 1033 1456 1110 τούλάχιστον
1501 1032 1693 1097 πλάτος
1713 1075 1730 1104 ‚
1786 1032 1835 1087 οῖ
1887 1028 1943 1087 δὲ
1986 1029 2077 1087 καὶ

528 1127 683 1200 τριῶν
699 1145 716 1158 ·
746 1121 1085 1198 Μεγασθένης
1119 1119 1204 1196 δὲ,
1224 1117 1347 1177 ὅταν
1387 1110 1419 1197 ᾖ
1443 1118 1675 1198 μέτριος,
1701 1115 1791 1175 καὶ
1817 1119 1866 1182 ἐς
1894 1114 2078 1173 ἕκατὸν

530 1208 827 1288 εὐρύνεσθαι
841 1252 860 1284 ‚
886 1208 1040 1286 βάθος
1058 1207 1113 1264 δὲ
1137 1206 1300 1266 εἴκοσι
1323 1208 1542 1284 ὀργυιῶν
1560 1203 1920 1281 τούλάχιστον.
1950 1200 2079 1262 Ἐπὶ

531 1292 586 1353 δὲ
614 1294 857 1373 συαὸολῇ
883 1292 1064 1352 τούτου
1092 1296 1207 1352 κτλ.
1235 1295 1377 1350 Vide
1404 1295 1548 1349 infra
1575 1293 1645 1351 fr.
1677 1292 1773 1347 26.

599 1384 682 1441 Cf.
708 1385 917 1438 Plinius
941 1384 1017 1440 VI
1034 1424 1052 1455 ‚
1077 1401 1145 1449 21
1173 1422 1189 1450 ‚
1227 1400 1265 1455 9
1289 1402 1303 1435 ε
1338 1382 1604 1435 Flumina
1636 1381 1835 1432 Pre'nas
1858 1389 1918 1432 ec
1938 1376 2076 1433 Cai-

522 1490 629 1523 ητις·
665 1469 849 1542 (quod
885 1474 943 1523 in
981 1471 1230 1543 Gangem
1264 1464 1484 1544 influit)
1528 1466 1693 1522 ambo
1726 1465 2081 1538 navigabiles.

525 1557 727 1611 Gentes
769 1557 1029 1630 Calingoe
1049 1559 1300 1629 pmxIme‘
1312 1572 1322 1581 ·
1336 1561 1493 1618 mari,
1532 1566 1588 1607 et
1605 1570 1774 1626 supra
1815 1550 2078 1617 Mandet',

522 1644 700 1697 Malle·
712 1684 729 1712 ,
775 1662 999 1715 quorum
1018 1661 1172 1697 mons
1200 1643 1416 1697 Mallus
1426 1680 1445 1707 ,
1453 1639 1705 1713 finisque
1725 1644 1847 1708 ejus
1876 1649 2083 1691 tractus

516 1740 603 1784 est
623 1731 860 1802 Ganges.
883 1730 1040 1783 Hunc
1064 1730 1173 1783 alii
1216 1732 1440 1782 Incertis
1470 1723 1731 1796 sontibus
1756 1737 1816 1779 ut
1844 1725 2040 1779 Nilum
2060 1763 2076 1791 ‚

518 1820 905 1890 rigantemque
928 1819 1109 1869 vicina
1148 1815 1338 1868 eodem
1357 1814 1548 1878 modo,
1588 1815 1696 1867 alii
1733 1817 1791 1866 1⁸71
1809 1810 2085 1882 Scythicis

523 1904 795 1956 „tontibus
813 1907 970 1956 nasci
995 1903 1276 1956 dixerunt.
1306 1901 1625 1974 Influetcin
1639 1918 1762 1954 cum
1789 1900 1857 1953 X
1850 1901 1953 1952 IX
1957 1916 2084 1952 am-

523 2007 621 2043 nes
668 1990 762 2043 Ex
776 1995 845 2042 iis
860 1991 1205 2060 navigabiles
1209 2000 1421 2062 proeter
1421 1995 1553 2058 jam
1575 1989 1748 2042 dictos
1761 1986 2085 2042 cominaba-

525 2089 632 2130 tem
646 2116 662 2143 ,
688 2077 1078 2132 Erannoboam
1096 2116 1115 2143 ,
1152 2079 1461 2152 Cosoagum
1483 2118 1501 2150 ,
1539 2077 1766 2132 Sotium.
1806 2077 1928 2130 Alii
1954 2095 2079 2131 cum

524 2183 730 2237 magno
748 2162 976 2239 fragore
998 2169 1169 2238 ipsius
1189 2171 1374 2219 statim
1382 2162 1564 2235 sontis
1583 2180 1892 2236 erumpere,
1925 2164 2079 2232 deje-

523 2265 774 2324 ctumque
805 2270 912 2324 per
948 2254 1237 2325 scopulosa
1277 2264 1334 2307 ee
1378 2252 1641 2324 abrupta,
1698 2251 1791 2303 ubi
1833 2254 2081 2321 pre'mum

524 2341 721 2395 moues
726 2340 1000 2412 planities
1024 2342 1342 2410 contingat,
1370 2343 1428 2392 in
1441 2338 1680 2411 quodam
1716 2338 1841 2389 lacu
1878 2334 2042 2409 hospi
2045 2368 2078 2377 -

525 2431 653 2494 tari,
686 2427 814 2480 inde
833 2427 1010 2480 lenem
1028 2425 1236 2496 fluere,
1273 2426 1365 2480 ubi
1397 2428 1715 2489 minimum,
1753 2424 1915 2476 VIII
1937 2425 2079 2480 mill.

515 2531 780 2587 passuum
806 2513 1121 2579 latitude'ne,
1163 2512 1257 2565 ubi
1278 2512 1572 2576 modicum,
1606 2510 1913 2564 stadiorum
1946 2528 2081 2562 cen-

526 2614 636 2654 tum
653 2641 683 2670 „
698 2599 990 2655 altituditze
1014 2616 1279 2671 nusquam
1309 2601 1519 2652 mitiore
1541 2614 1802 2670 passuum
1825 2596 1968 2650 XX.
1989 2596 2075 2655 Cf.

524 2688 704 2745 Solin.
730 2683 802 2740 52
822 2728 837 2755 ‚
870 2686 926 2739 6.

606 2775 690 2827 Ex
715 2769 1042 2826 fluminibus
1062 2768 1446 2843 undeviginti,
1471 2786 1615 2841 quos
1640 2769 1701 2822 in
1726 2769 1978 2840 Gangem
2005 2770 2086 2824 in-

526 2858 701 2913 fluere
714 2860 922 2912 Plinius
950 2857 1122 2927 dicit,
1156 2858 1421 2910 Arrianus
1443 2858 1484 2911 l.
1511 2857 1546 2910 l.
1564 2865 1810 2910 recenset
1841 2866 2083 2927 septem-

526 2944 728 3000 decim.
775 2943 991 3014 Quibus
1011 2942 1494 2998 duodevicesimus
1513 2941 1654 2998 -addi
1668 2952 1854 3015 potest
1869 2961 1937 2998 ex
1972 2946 2083 2999 Ar-

529 3032 689 3085 riano
719 3029 782 3099 8,
819 3028 850 3084 5
879 3025 1161 3105 Ἰωὸάρης.
1178 3031 1370 3083 veluti
1396 3029 1602 3084 rectius
1628 3028 1779 3103 apud
1803 3030 1943 3086 Plin.
1975 3032 2047 3086 VI
2063 3071 2081 3100 ‚

532 3135 604 3170 aa
622 3156 638 3185 ,
667 3116 704 3172 6
734 3117 936 3190 legitur
967 3133 981 3168 ε
1006 3117 1292 3171 domam-s·

607 3202 689 3260 De
705 3203 1053 3275 singulorum
1070 3201 1365 3255 nominum
1378 3200 1597 3254 ratione
1612 3201 2084 3257 Schwanbeckius

526 3304 584 3359 p.
618 3287 686 3352 34
721 3287 887 3342 docet
902 3289 1021 3342 haec
1045 3307 1058 3342 z
1084 3312 1108 3335 ι
1130 3288 1437 3341 Nominum
1457 3287 1768 3341 multorum
1783 3289 2086 3361 explicatio

531 3384 613 3429 est
642 3372 1003 3443 difficillima,
1030 3391 1344 3447 paucorum
1379 3372 1564 3427 adhuc
1601 3375 1878 3430 successit.
1923 3373 2083 3430 Post-

529 3477 698 3531 quam
728 3460 1085 3528 Rennellius,
1124 3460 1477 3526 Mannertus,
1519 3459 1852 3513 Wilfordius
1885 3460 1945 3515 in
1978 3460 2084 3515 hac

530 3564 591 3600 re
629 3546 958 3619 explicanda
1000 3545 1331 3601 industriam
1363 3555 1702 3618 posuerunt,
1741 3546 1947 3600 iterum
1974 3545 2086 3600 suit

531 3633 827 3707 Schlegelii
880 3643 936 3687 et
979 3633 1221 3688 Lassenii
1237 3671 1256 3701 ‚
1310 3633 1572 3699 nomina,
1624 3643 1893 3704 quantum
1942 3629 2084 3701 fieri,

526 3720 742 3791 potuit,
763 3703 1056 3774 illustrare.
1081 3722 1164 3774 lta
1183 3730 1438 3773 constant
1452 3720 1570 3774 haec
1591 3721 1819 3774 nomina
1841 3738 1855 3774 e
1883 3718 2084 3787 Σῶνος,

526 3822 730 3863 sanscr.
771 3804 928 3875 Cdna
942 3824 968 3875 ‚·
1012 3801 1360 3883 Ἔραννοὸόας
1377 3847 1396 3879 ‚
1440 3808 1615 3860 Hiran
1648 3806 1866 3876 javdlea
1913 3806 1988 3880 (i.
2029 3825 2081 3863 e.

526 3891 871 3969 χρυσοφόρος,
900 3893 1168 3967 aurifer),
1212 3893 1381 3965 (Ionae
1414 3911 1766 3967 cognomen;
1812 3890 2085 3968 Κονδοχά-

530 3998 624 4046 της
645 4010 669 4050 ,-
699 3980 1085 4034 Gandacavate'
1107 3980 1183 4051 (i.
1213 3998 1266 4036 e.
1300 3977 1630 4058 ῥινοκερόεις)
1650 4020 1666 4051 ,
1690 3981 1861 4035 altera
1904 3979 2085 4035 forma

527 4065 771 4118 nominis
795 4064 1072 4134 Gandaci3
1108 4068 1364 4121 Iomanes
1381 4106 1398 4134 ‚
1433 4068 1693 4123 lamund.
1715 4063 2083 4140 Κομμενάσης,

532 4150 885 4222 Cat-mandeti
903 4169 972 4206 ex
989 4153 1260 4207 sententia
1276 4154 1551 4208 Rennellii
1574 4163 1630 4208 et
1650 4154 1889 4209 Lassenii
1912 4152 1929 4227 (
1949 4156 2079 4209 Ind.

533 4237 1048 4292 Alter-thumslcundc
1077 4239 1136 4307 1,
1178 4237 1347 4312 130).
1386 4239 1496 4295 Sed
1529 4238 1937 4295 dubitationem
1989 4239 2087 4296 dat

529 4322 591 4377 id
620 4322 778 4394 quod
801 4323 1030 4378 additur
1053 4321 1214 4399 μέγας
1233 4322 1480 4399 ποταμός.
1512 4357 1591 4367 -
1616 4326 1888 4381 Praeterea
1909 4327 2084 4399 expli·

531 4427 658 4464 care
679 4428 901 4483 possum
915 4451 931 4479 ‚
952 4429 1068 4482 quo
1081 4413 1311 4466 nomine
1329 4411 1401 4467 ab
1421 4412 1577 4468 Indis
1594 4412 1907 4485 appelletur
1930 4408 2083 4478 ’056-

534 4517 722 4571 μαγις,
768 4496 855 4553 ἐπὶ
906 4496 1179 4564 Παζάλαις
1223 4497 1584 4572 καλουμένοισι
1633 4495 1946 4572 ξυμὸάλλων
2008 4501 2108 4576 τῷ

1847 380 2374 443 MEGAsTnEms

2164 525 2417 579 bitavisse
2444 524 2590 579 circa
2639 517 3060 596 Canjacubg'am
3092 521 3150 574 in
3187 537 3249 574 ea
3278 520 3692 592 mesopotamia
3713 561 3733 588 ‚

2164 629 2288 683 quae
2315 614 2558 666 lamunae
2592 622 2649 665 et
2673 610 2850 683 Gangi
2880 607 3188 678 interjacet.
3219 608 3378 661 Hanc
3406 618 3595 661 autem
3623 625 3734 662 re·

2164 698 2388 771 gionem
2415 699 2504 752 vel
2529 699 2716 770 potius
2749 699 2986 751 vicinam
3023 691 3248 768 perfluit
3281 695 3537 747 lxumatt
3558 695 3630 766 (i.
3675 714 3735 750 e.
3765 743 3770 747 .

2166 782 2440 839 arundine
2482 781 2845 838 saccharifera
2888 778 3205 851 abundans)
3253 780 3326 833 ita
3368 781 3732 848 nominatus,

2167 870 2298 941 quia
2322 871 2510 944 regio,
2542 888 2666 941 quae
2688 870 2835 922 inter
2865 868 3128 941 Vipacam
3157 875 3212 920 et
3239 864 3487 940 Gangem
3515 884 3732 921 secun·
3845 895 3852 904 ·

2167 954 2301 1010 dum
2322 955 2648 1027 Himalajam
2668 954 3008 1022 extenditur,
3026 953 3320 1008 arundinis
3335 952 3735 1009 sacchariserae

2168 1054 2250 1098 est
2265 1043 2570 1111 uberrima,
2591 1041 2664 1097 de
2684 1059 2793 1115 qua
2810 1059 2869 1096 re
2889 1040 2960 1097 cf.
2976 1041 3260 1095 Ritterum
3277 1043 3447 1093 Asicn
3470 1040 3546 1110 11,
3573 1038 3723 1110 847.

2168 1129 2513 1184 Memor-atur
2538 1130 2779 1183 Ixumatl
2806 1128 3105 1199 Harivanc.
3136 1124 3290 1199 9507
3307 1165 3324 1193 ,
3373 1125 3592 1200 12829‚
3615 1145 3728 1182 ac-

2169 1215 2413 1269 curatius
2433 1209 2648 1285 Ramaj.
2687 1215 2762 1269 11.
2794 1211 2905 1280 68,
2939 1229 3003 1282 17
3023 1251 3037 1278 ‚
3077 1229 3194 1283 quo
3227 1210 3356 1266 loco
3386 1214 3729 1266 nuntiorum

2170 1302 2276 1356 iter
2322 1301 2681 1356 describitur.
2746 1299 2974 1366 Nuntii,
3025 1299 3275 1372 Gangem
3329 1299 3730 1373 Hastinapurae

2172 1388 2488 1461 transgressi
2507 1426 2523 1455 ,
2545 1383 2679 1442 inde
2698 1386 2760 1440 in
2775 1395 2982 1440 terram
3001 1382 3315 1438 Pank'alam
3340 1387 3676 1462 perveniunt
3706 1406 3723 1440 :

2170 1483 2226 1527 et
2247 1489 2349 1547 per
2370 1473 2493 1528 loca
2520 1471 2772 1544 quaedam
2796 1471 2980 1527 adhuc
3002 1471 3193 1544 ignota
3223 1470 3462 1542 profecti
3480 1511 3497 1539 ,
3530 1472 3730 1527 Culin-

2172 1558 2301 1614 dasn
2326 1559 2527 1614 urbem
2552 1559 2861 1632 attingunt,
2884 1566 2940 1611 et
2957 1558 3274 1630 transgressi
3295 1559 3590 1611 Ixumatim
3612 1576 3729 1630 per

2170 1644 2414 1704 mediam
2440 1645 2772 1699 Bahicarum
2803 1653 3008 1698 terram
3039 1641 3113 1696 ad
3146 1642 3517 1697 Sudamanem
3551 1662 3724 1698 mon-

2174 1741 2317 1800 tem,
2348 1729 2553 1786 deinde
2590 1729 2664 1784 ad
2689 1730 2954 1802 vipicam
2994 1730 3352 1802 perveniunt.
3382 1729 3496 1784 Etsi
3521 1730 3725 1785 Culin-

2171 1813 2371 1870 darum
2414 1827 2635 1889 gentem
2678 1817 2937 1870 novimus
2974 1817 3124 1869 inter
3173 1815 3354 1869 sontes
3393 1815 3613 1889 Vipacoe
3662 1829 3727 1872 et

2170 1901 2651 1976 Gangishabitasse
2672 1901 2762 1979 (cf.
2785 1906 3005 1959 [asseri.
3024 1901 3293 1957 zeitschr.
3314 1903 3404 1969 11,
3427 1920 3493 1956 αι
3537 1904 3719 1976 seq.),

2170 1998 2356 2043 tamen
2394 1990 2482 2043 cui
2519 1990 2651 2043 urbi
2681 1989 2939 2045 Culindae
2970 2006 3180 2043 nomen
3214 1988 3383 2043 fuerit
3422 1990 3719 2046 nescitum.

2170 2076 2369 2147 Itaque
2395 2077 2560 2131 etiam
2585 2076 2697 2130 hoc
2724 2076 3062 2148 relinquitur
3089 2075 3149 2129 in
3173 2074 3377 2143 dubio,
3405 2076 3560 2149 quod
3598 2074 3717 2131 flu-

2171 2180 2302 2216 men
2326 2163 2563 2217 Ixumati
2599 2164 2912 2235 appelletur
2945 2181 2958 2216 ε
2995 2180 3123 2217 nam
3150 2164 3434 2217 lamunam
3471 2162 3533 2217 id
3567 2181 3717 2231 esse,

2171 2248 2262 2302 vix
2284 2248 2465 2302 audeo
2482 2248 2839 2306 contendere.
2860 2251 2928 2303 In
2941 2249 3168 2303 nomine
3182 2266 3363 2322 graeco
3382 2249 3576 2304 litterae
3599 2248 3644 2306 Γ
3656 2262 3717 2306 et

2172 2334 2224 2392 Τ
2254 2334 2519 2390 videntur
2544 2354 2656 2391 esse
2686 2346 3047 2408 permutatae,
3085 2336 3161 2390 ita
3201 2345 3266 2388 ut
3305 2335 3604 2410 legendum
3645 2338 3722 2391 sit

2173 2416 2475 2494 Ὀξύματις.
2509 2453 2584 2463 -—-
2610 2423 2802 2478 Cetera
2822 2463 2838 2490 ,
2870 2441 2994 2494 quae
3024 2421 3095 2475 de
3119 2421 3438 2477 nominibus
3464 2423 3574 2477 illis
3597 2425 3714 2478 VV.

2171 2508 2297 2563 DD.
2327 2507 2621 2576 dixerunt,
2651 2527 2770 2563 non
2802 2507 3081 2563 excedunt
3118 2509 3449 2580 opinionum
3471 2512 3720 2565 auctori·

2174 2602 2362 2649 tatem.
2388 2597 2616 2649 Inanem
2636 2604 2692 2649 et
2716 2604 3032 2650 memoratu
3057 2612 3172 2648 non
3199 2594 3425 2668 dignam
3443 2596 3604 2649 aliam
3621 2615 3720 2652 su·

2170 2698 2276 2752 per
2304 2681 2468 2735 aliam
2495 2680 2874 2752 conjecturam
2911 2682 3152 2752 protulit
3182 2681 3518 2756 Forbigerus
3554 2685 3720 2755 (Alte

2177 2766 2526 2841 Geographie
2547 2769 2627 2836 11,
2657 2766 2800 2832 1844
2823 2766 2868 2841 ).
2896 2768 3250 2822 Andomatim
3280 2765 3296 2842 (
3319 2764 3635 2840 Ἀνδώματις
3657 2763 3720 2825 ἐῖι

2174 2853 2565 2928 Μανδιαδινῶν)
2596 2856 2884 2910 Lassenius
2910 2856 3130 2928 egregie
3153 2855 3447 2928 explicavit
3469 2874 3537 2910 ex
3565 2865 3717 2911 terra

2172 2941 2563 3012 madj'ande'na
2581 2941 2618 2998 i.
2635 2958 2685 2999 e.
2705 2940 3058 2996 meridionali
3075 2939 3372 3015 profluere,
3392 2950 3446 2997 et
3456 2944 3721 2999 sanserite

2171 3030 2484 3102 nuncupari
2517 3030 2838 3084 and'amatl
2865 3028 2935 3103 (i.
2966 3048 3018 3086 e.
3053 3030 3294 3102 caecus),
3323 3029 3528 3085 deinde
3565 3030 3719 3085 idem

2172 3114 2382 3172 flumen
2404 3114 2775 3171 And'amatim
2796 3134 2909 3171 esse
2929 3125 3097 3189 atque
3120 3119 3404 3172 Tamasam
3423 3116 3493 3194 (i.
3521 3135 3571 3171 e.
3596 3119 3721 3173 obs·

2172 3202 2355 3278 curus)
2386 3202 2629 3273 conjecit
2649 3204 2708 3258 in
2726 3204 2855 3261 lad.
2886 3203 3123 3259 Altertk.
3150 3207 3197 3272 1,
3219 3203 3348 3259 130.
3381 3205 3716 3259 Cassoanum

2168 3309 2220 3348 s.
2246 3291 2554 3365 Cosoagwn
2576 3308 2692 3346 ene
2714 3291 3023 3362 Cane-isim,
3044 3300 3126 3345 est
3144 3289 3460 3361 conjectura
3486 3291 3717 3347 Wilfor·

2174 3377 2253 3431 dii
2283 3376 2412 3451 (As.
2442 3380 2567 3433 Res.
2593 3381 2664 3446 V,
2697 3375 2840 3449 272)
2869 3386 2924 3432 et
2950 3374 3250 3452 Schlegelii
3272 3377 3293 3451 (
3308 3379 3430 3435 lud.
3449 3378 3715 3437 Biblioth.

2175 3465 2265 3531 Π,
2300 3461 2484 3539 402.)
2532 3465 2662 3519 Non
2697 3463 2874 3518 modo
2906 3464 3170 3537 propius,
3211 3463 3310 3519 sed
3351 3465 3517 3519 etiam
3560 3483 3723 3520 accu-

2171 3551 2440 3605 ratissime
2488 3552 2704 3607 nomini
2752 3551 3029 3625 Cosoagus
3075 3549 3437 3623 responderet
3481 3553 3722 3607 sanseri-

2175 3647 2293 3711 tum
2330 3636 2627 3692 c6s’avaha
2673 3638 2713 3691 i.
2761 3655 2810 3694 e.
2857 3634 3266 3713 θησαυροφόρος,
3304 3635 3459 3709 quod
3504 3655 3719 3691 nomen

2173 3721 2324 3776 idem
2367 3721 2703 3798 significaret
2754 3734 2919 3796 atque
2966 3724 3338 3795 hiran'Javaha
3356 3763 3372 3788 ,
3428 3723 3716 3793 Gdnaeque

2175 3825 2492 3881 cognomen
2518 3827 2634 3864 non
2669 3811 2853 3865 minus
2884 3818 3076 3882 aptum
3103 3820 3255 3865 esset.
3301 3808 3473 3877 Quam
3512 3805 3708 3875 conje-

2174 3906 2391 3950 cturam
2411 3897 2653 3952 nominis
2662 3897 2959 3952 collocatio
2983 3894 3291 3961 confirmat,
3316 3893 3486 3965 quum
3502 3909 3706 3945 vocem

2175 3982 2455 4057 Cosoagtis
2510 3994 2566 4038 et
2626 3985 2895 4039 Arrianus
2935 3994 2992 4057 et
3037 3980 3244 4038 Plinius
3278 3963 3439 4033 int'er'
3474 3978 3710 4034 nomina

2176 4068 2351 4133 Σῶνος
2378 4081 2435 4125 et
2462 4066 2807 4147 Ἐραννοὸόας
2849 4070 3264 4125 collocaverint.
3301 4066 3484 4121 Minus
3519 4074 3713 4121 autem

2175 4174 2373 4212 eorum
2392 4157 2664 4213 sententia
2688 4168 2875 4230 potest
2898 4157 3160 4230 probari,
3189 4156 3290 4228 qui
3315 4153 3544 4208 nomine
3566 4153 3711 4207 Cai-

2174 4262 2277 4297 nas
2313 4242 2521 4299 Ce‘nam
2573 4241 2869 4317 significari
2892 4244 3210 4300 voluerunt.
3245 4242 3494 4297 Primum
3529 4241 3678 4294 enim
3699 4282 3716 4309 ,

2175 4333 2388 4387 tametsi
2406 4331 2756 4389 litterasansc
2764 4330 2865 4384 rita
2880 4327 2922 4383 A
2930 4330 3142 4402 ubique
3159 4330 3339 4384 littera
3355 4348 3392 4395 η
3406 4368 3424 4399 ,
3443 4344 3714 4399 nusquam

2174 4418 2370 4473 litteris
2395 4422 2453 4471 αῖ
2489 4433 2668 4490 graece
2705 4415 2967 4470 redditur
2991 4415 3096 4489 (cf.
3130 4415 3283 4489 apud
3309 4414 3715 4488 Megasthenem

2173 4504 2354 4576 ipsum
2382 4519 2550 4557 voces
2577 4497 2756 4576 Μηρός
2781 4512 2836 4555 et
2865 4502 3021 4557 Mem
3037 4545 3052 4571 ,
3093 4501 3425 4578 Σουρασῆναι
3461 4509 3517 4554 et
3543 4499 3715 4570 (lura-

534 4579 736 4658 Γάγγῃ.
779 4583 1008 4639 Jamdiu
1041 4586 1192 4641 enim
1230 4597 1449 4642 constat
1490 4588 1638 4640 inter
1684 4604 1908 4656 omnes,
1960 4605 2084 4642 eam
2124 4590 2133 4676 1
2172 4585 2364 4664 sena),
2402 4597 2585 4641 tamen
2619 4587 2889 4641 Arrianus
2919 4576 2975 4640 et
2999 4586 3212 4640 Plinius
3235 4603 3354 4640 uno
3382 4602 3481 4639 ore
3506 4585 3718 4638 Cainas

534 4679 790 4739 gentem,
842 4688 1013 4743 quam
1057 4670 1432 4743 Megasthenes
1471 4673 1768 4745 appellavit
1809 4672 2084 4743 Παζᾶλαι,

532 4756 740 4809 Plinius
767 4758 840 4813 Η.
859 4758 928 4812 N.
957 4758 1053 4824 VI,
1086 4775 1183 4831 aa,
1203 4764 1233 4821 4
1263 4759 1547 4825 Passalae,
1585 4760 1914 4815 Ptolemaeus
1943 4760 2085 4817 Πασ·

2172 4693 2382 4730 nomen
2396 4674 2784 4746 pronuntiant,
2807 4671 3168 4728 deindeCena
3191 4673 3252 4726 in
3266 4672 3577 4744 lamunam,
3600 4687 3718 4724 non

2174 4763 2232 4815 in
2275 4762 2524 4835 Gangem
2567 4757 2749 4814 influit
2764 4798 2781 4826 ,
2840 4768 3126 4832 postremo
3172 4757 3340 4813 Plinii
3385 4756 3716 4829 descriptio,

531 4840 721 4910 σᾶλαι,
744 4844 1007 4897 sanson-ite
1025 4855 1401 4917 nuncupatam
1425 4862 1540 4900 esse
1569 4842 1843 4900 Pank'dla
1858 4887 1875 4914 ‚
1901 4857 1956 4901 et
1976 4847 2084 4901 ha·
2124 4823 2134 4901 Ι
2173 4845 2304 4901 licet
2330 4845 2403 4900 de
2425 4844 2810 4902 inultissimus
2846 4847 2915 4900 sit
2955 4844 3193 4898 obscura
3209 4886 3227 4918 ,
3254 4843 3409 4898 haud
3436 4842 3609 4898 dubie
3643 4841 3717 4898 ad

598 5014 802 5070 Quidam
825 5017 1073 5069 minimam
1097 5020 1274 5081 Gangis
1292 5019 1591 5070 latitudInem
1611 5019 1803 5082 triginta
1822 5021 2085 5071 stadiorum
2173 5025 2274 5084 est,
2300 5023 2379 5072 vel
2402 5022 2463 5072 ad
2487 5024 2680 5071 emtum
2702 5021 2852 5072 stadia
2870 5020 3053 5071 dilatari
3075 5057 3090 5081 ,
3109 5021 3356 5071 minimam
3381 5034 3496 5070 vero
3515 5020 3714 5083 promn-

530 5090 723 5150 dirunt,
758 5092 965 5171 quidam-
989 5094 1163 5157 trinum
1202 5098 1526 5159 Megasthenes
1541 5111 1684 5160 eum,
1723 5098 1803 5149 ub}
1836 5098 2086 5148 mffllioeris

2173 5098 2371 5148 ditatum
2398 5111 2499 5149 esse
2523 5098 2687 5161 viginti
2710 5098 2950 5147 ulnarum.
