4016 5916
532 466 746 509 xxvii!

1195 448 1295 508 ΕΚ
1340 448 1498 507 ΤΗΣ
1540 448 1897 509 ΙΣΤΟΡΙΑΣ
1941 451 2339 513 nominor
2380 454 3051 519 ΜΕΓΑΛΟΠΟΛΙΤΟΥ.

530 582 604 655 τῷ
634 582 723 655 ζῇν
753 575 900 657 ῧὸριν
937 575 1001 649 ἢν
1035 577 1097 654 (ε)
1131 574 1375 653 ὑπέμεινε
1400 579 1489 636 καὶ
1528 576 1621 648 τὴν
1665 578 1858 651 αἰκίαν,
1898 576 1990 638 σὺν
2036 578 2088 638 δὲ
2181 589 2369 640 exitum
2398 590 2664 653 infelicem,
2704 593 2960 644 intantum
2984 592 3257 644 inciderunt
3289 607 3544 645 moerorem
3571 598 3621 646 et
3648 600 3745 647 tri·-

529 664 727 729 ²0¹²²0²<
759 662 819 721 τὸ
861 666 979 741 '‘29“
1005 663 1098 734 τὴν
1128 664 1374 734 τελευτὴν
1412 666 1690 744 ἀτύχημα,
1725 670 1795 734 Εἷς
1832 668 2091 738 roomo-mv
2180 697 2387 759 stitiam,
2418 700 2472 748 ut
2497 698 2737 762 suspiriis,
2775 700 3010 763 lacrimis,
3031 700 3367 751 lamentatione
3397 703 3513 752 urbs
3535 704 3748 766 replere-

528 751 861 828 παράστασιν
886 749 1158 810 ἐνέπιπτον
1180 752 1271 810 καὶ
1299 752 1603 829 δυσθυμίαν,
1627 752 1763 813 ὥστε
1789 753 1966 833 πλήρη
2003 777 2089 831 γε·

529 836 706 896 νέσθαι
740 839 834 910 τὴν
871 838 1022 896 πόλιν
1061 846 1385 917 στεναγμοῦ,
1418 841 1672 920 δακρύων,
1697 843 1929 919 οἰμωγῆς
1959 843 2092 900 ἀκα-

529 924 853 984 ταπαύστου.
964 928 1153 985 Ταῦτα
1202 927 1245 984 δ’
1292 918 1354 997 ἦν
1395 936 1501 999 τοῖς
1543 930 1704 1006 ὀρθῶς
1748 926 2093 1004 λογιζομένοις

529 1015 630 1092 οὐχ
672 1013 809 1072 οὕτω
835 1018 928 1084 τῆς
967 1013 1094 1093 πρὸς
1120 1014 1385 1094 Ἀρσινόην
1414 1014 1609 1082 εὐνοίας
1644 1014 1932 1094 τεκμήρια,
1956 1014 2091 1073 πολὺ

528 1099 582 1156 δὲ
631 1102 831 1174 μᾶλλον
884 1107 973 1159 τοῦ
1025 1100 1153 1181 πρὸς
1204 1102 1320 1167 τοὺς
1369 1101 1489 1181 περὶ
1526 1102 1840 1179 Ἀγαθοκλέα
1887 1101 2089 1179 μίσους.

527 1187 597 1247 ‘0
628 1187 681 1246 δὲ
710 1188 1103 1267 προειρημένος,
1132 1189 1310 1260 ἐπειδὴ
1335 1189 1426 1256 τὰς
1453 1189 1655 1268 ὑδρείας
1693 1193 1763 1257 εἷς
1797 1188 1914 1257 τοὺς
1938 1195 2093 1270 βασι-

527 1275 701 1342 λικοὺς
714 1275 884 1343 οἴκους
898 1276 1072 1351 ἔθηκε,
1094 1278 1451 1355 παραγγείλας
1465 1276 1748 1337 ἀποθέσθαι
1772 1276 1836 1335 τὰ
1856 1278 1986 1357 φαιὰ
2001 1280 2089 1355 (a),

526 1366 731 1441 πρῶτον
762 1363 855 1437 μὲν
892 1363 1108 1440 διμήνου
1153 1365 1241 1430 τὰς
1277 1363 1518 1439 δυνάμεις
1550 1364 1871 1445 ὠψωνίασεν,
1898 1388 2091 1423 πεπει-

527 1449 712 1525 σμένος
738 1450 796 1509 τὸ
831 1451 976 1530 παρὰ
1016 1460 1120 1517 τοῖς
1148 1452 1355 1519 πολλοῖς
1389 1451 1452 1531 (ι)
1492 1453 1640 1528 μῖσος
1686 1452 1968 1528 ἀμὸλύνειν
2005 1452 2090 1509 διὰ

528 1542 620 1606 τῆς
654 1537 781 1617 πρὸς
816 1538 875 1596 τὸ
910 1538 1172 1606 λυσιτελὲς
1205 1542 1372 1618 ὁρμῆς
1416 1542 1614 1598 αὗτῶν·
1647 1530 1763 1598 εἶτα
1792 1538 2089 1618 ἐνεξώρκισε

526 1624 615 1680 τὸν
658 1623 826 1702 ὅρκον,
872 1625 930 1684 ὃν
980 1617 1113 1697 ἦσαν
1157 1626 1376 1701 ὀμνύναι
1417 1624 1693 1702 εἰθισμένοι
1732 1624 1867 1684 κατὰ
1900 1624 1993 1692 τὰς
2025 1630 2087 1704 (a)

526 1711 809 1781 ἀναδείξεις
867 1715 971 1770 τῶν
1031 1712 1310 1792 βασιλέων·
1367 1709 1708 1781 ἐξαπέστειλε
1744 1712 1799 1771 δὲ
1850 1713 1942 1772 καὶ
1980 1716 2091 1774 Φι-

525 1799 819 1876 λάμμωνα,
867 1800 954 1858 τὸν
1018 1800 1301 1859 ἐπιστάντα
1349 1803 1425 1881 τῷ
1475 1804 1566 1872 τῆς
1612 1801 1872 1881 Ἀρσινόης
1920 1800 2088 1882 φόνῳ,

523 1890 746 1956 ποιήσας
777 1886 932 1945 αὐτὸν
962 1887 1271 1966 Λιὸυάρχην
1313 1891 1415 1945 τῶν
1457 1886 1595 1946 κατὰ
1613 1888 1858 1969 Κυρήνην
1893 1889 2087 1946 τόπων·

523 1974 582 2031 τὸ
617 1974 669 2032 δὲ
696 1975 901 2033 παιδίον
936 1977 1244 2054 ἐνεχείρισεν
1285 1983 1389 2042 τοῖς
1419 1974 1538 2052 περὶ
1579 1971 1672 2046 τὴν
1708 1975 1969 2048 Οἰνάνθην
1996 1976 2088 2035 καὶ

525 2059 907 2139 Ἀγαθόκλειαν.
995 2062 1149 2123 Μετὰ
1170 2064 1225 2121 δὲ
1252 2068 1419 2121 ταῦτα
1449 2062 1669 2123 Πέλοπα
1700 2062 1795 2139 μὲν
1828 2062 2087 2145 ἐξέπεμψε

520 2150 609 2206 τὸν
647 2150 882 2217 Πέλοπος
907 2151 979 2218 είς
999 2149 1093 2221 τὴν
1116 2149 1292 2209 Ἀσίαν
1319 2150 1447 2230 πρὸς
1470 2150 1727 2229 Ἀντίοχον
1752 2151 1836 2209 τὸν
1865 2152 2087 2229 βασιλέα

520 2236 956 2315 παρακαλέσοντα
982 2245 1251 2317 συντηρεῖν
1278 2236 1374 2307 τὴν
1403 2237 1577 2317 φιλίαν
1601 2238 1692 2296 καὶ
1717 2236 1792 2314 μὴ
1821 2237 2080 2317 παραὸαί-

518 2347 624 2383 νειν
647 2323 743 2392 τὰς
769 2326 899 2404 πρὸς
920 2324 1015 2396 τὴν
1040 2331 1129 2384 τοῦ
1153 2325 1336 2393 παιδὸς
1357 2325 1560 2406 πατέρα
1584 2325 1866 2397 συνθήκας·
1954 2329 2089 2386 Πτο-

518 2413 734 2484 λεμαῖον
760 2412 828 2491 (ο)
856 2411 909 2471 δὲ
932 2412 1020 2471 τὸν
1045 2412 1305 2473 Σωσιὸίου
1332 2411 1461 2492 πρὸς
1479 2411 1768 2483 Φίλιππον,
1787 2412 1854 2470 τά
1881 2435 1937 2472 τε
1965 2413 2087 2492 περὶ

518 2503 611 2566 τῆς
639 2499 923 2577 ἐπιγαμίας
951 2499 1330 2577 συνθησόμενον
1356 2500 1449 2561 καὶ
1491 2499 1928 2578 παρακαλέσαντα
1960 2503 2086 2578 βοη·

520 2589 643 2657 θεῖν,
672 2585 760 2642 ἐὰν
798 2584 1228 2665 ὁλοσχερέστερον
1272 2585 1457 2654 αὐτοὺς
1484 2585 1741 2666 Ἀντίοχος
1769 2584 2101 2657 ἐπιὸάληται

517 2676 924 2749 παρασπονδεῖν,
1022 2673 1429 2752 Προεχειρίσατο
1489 2673 1545 2731 δὲ
1607 2673 1699 2731 καὶ
1752 2674 2084 2749 Πτολεμαῖον

518 2757 609 2815 τὸν
638 2758 967 2839 Ἀγησάρχου
998 2759 1326 2840 πρεσὸευτὴν
1352 2758 1481 2838 πρὸς
1519 2759 1847 2837 Ῥωμαίους,
1879 2763 1979 2840 οὐχ
2015 2766 2084 2829 ὡς

519 2845 898 2905 ἐπισπεύσοντα
928 2845 1021 2917 τὴν
1050 2846 1350 2925 πρεσὸείαν,
1389 2849 1507 2905 ἀλλ’
1545 2851 1616 2915 ὡς
1656 2847 1718 2906 ἂν
1750 2847 1949 2929 ἅψηται
1989 2852 2084 2921 τῆς

518 2930 771 3000 Ἑλλάδος
800 2933 891 2993 καὶ
919 2932 1148 3014 συμμίξῃ
1170 2942 1276 3001 τοῖς
1304 2936 1411 2994 ἐκεῖ
1433 2934 1599 3015 φίλοις
1625 2933 1716 2995 καὶ
1758 2935 2079 3014 συγγενέσιν,

518 3023 677 3079 αὐτοῦ
709 3028 1127 3096 καταμενοῧντα·
1152 3020 1421 3100 προέκειτο
1443 3021 1545 3103 γὰρ
1574 3025 1714 3103 αὐτῷ
1740 3023 1942 3091 πάντας
1968 3023 2083 3093 τοὺς

518 3111 782 3187 ἐπιφανεῖς
859 3107 1047 3187 ἄνδρας
1113 3110 1347 3168 ἐκποδὼν
1413 3115 1630 3182 ποιῆσαι
1662 3126 1672 3132 ·
1698 3110 1751 3180 ἐξ
1819 3111 2079 3180 ἀπιστίας.

518 3192 940 3271 [Ἐξαπέστειλε]
988 3198 1051 3272 (7)
1097 3193 1151 3253 δὲ
1199 3195 1289 3254 καὶ
1327 3194 1548 3256 Σκόπαν
1583 3196 1673 3255 τὸν
1711 3196 1950 3256 Αἰτωλὸν
1991 3198 2081 3257 ἐπὶ

518 3280 805 3357 ξενολογίαν
847 3283 917 3348 εἷς
952 3280 1047 3353 τὴν
1090 3281 1354 3356 Ἑλλάδα,
1381 3283 1578 3353 πλῆθος
1619 3283 1835 3362 χρυσίου
1883 3283 2082 3351 συνθεὶς

517 3371 588 3435 εἰς
631 3369 700 3426 τὰ
737 3368 1067 3446 προδόματα.
1169 3369 1291 3430 Δύω
1333 3368 1435 3448 γὰρ
1483 3368 1605 3448 ἔσχε
1647 3369 1911 3449 προθέσεις
1950 3369 2079 3451 ὖπὲρ

515 3455 707 3527 ταύτης
733 3460 825 3528 τῆς
852 3455 1122 3527 ἐπιὸολῆς·
1151 3455 1281 3533 μίαν
1312 3454 1407 3534 μὲν
1441 3458 1774 3536 ἀποχρῆσθαι
1801 3465 1903 3523 τοῖς
1940 3453 2078 3525 ξενο-

516 3544 805 3621 λογηθεῖσιν
835 3545 906 3609 εἰς
945 3541 1033 3602 τὸν
1073 3545 1200 3622 πρὸς
1244 3543 1503 3623 Ἀντίοχον
1542 3545 1790 3620 πόλεμον,
1818 3544 1983 3617 ἄλλην
2023 3544 2077 3604 δὲ

517 3630 632 3698 τοὺς
660 3631 904 3710 ἀρχαίους
930 3631 1019 3689 καὶ
1043 3630 1478 3712 προῦπάρχοντάς
1509 3633 1557 3690 οἳ
1600 3632 1663 3708 (s)
1706 3629 1872 3700 ξένους
1898 3630 1983 3690 ἐπὶ
2013 3631 2079 3690 τὰ

514 3717 651 3775 κατὰ
671 3718 764 3788 τὴν
789 3717 967 3797 χώραν
985 3717 1205 3798 φρούρια
1231 3720 1321 3777 καὶ
1344 3718 1436 3784 τὰς
1456 3719 1724 3784 κατοικίας
1746 3718 2075 3789 ἀποστεῖλαι,

516 3813 622 3870 τοῖς
642 3804 697 3862 δὲ
721 3804 1157 3885 παραγενομένοις
1187 3808 1568 3885 ἀναπληρῶσαι
1593 3805 1684 3864 καὶ
1712 3808 2079 3876 καινοποιῆσαι

513 3893 610 3964 τὴν
638 3892 916 3973 θεραπείαν
942 3891 1033 3949 καὶ
1057 3890 1122 3949 τὰ
1144 3891 1265 3971 περὶ
1288 3891 1379 3962 τὴν
1407 3891 1572 3963 αὐλὴν
1598 3894 1881 3973 φυλακεῑα,
1903 3914 2075 3971 παρα-

513 3981 747 4052 πλησίως
779 3982 842 4055 (9)
876 3980 929 4038 δὲ
967 3979 1056 4038 καὶ
1079 3978 1146 4037 τὰ
1169 3978 1307 4038 κατὰ
1329 3978 1424 4051 τὴν
1463 3979 1628 4049 ἄλλην
1655 3979 1824 4051 πόλιν,
1851 3979 2074 4056 νομίζων

510 4067 631 4136 τοὺς
672 4070 738 4126 δι’
783 4070 939 4127 αὐτοῦ
977 4065 1401 4144 ξενολογηθέντας
1430 4067 1521 4125 καὶ
1552 4067 2074 4144 μισθοδοτουμένους,

509 4157 613 4213 τῶν
651 4153 745 4232 μὲν
784 4154 1170 4234 προγεγονότων
1210 4155 1397 4231 μηδενὶ
1439 4153 1873 4230 συμπαθήσοντας
1897 4151 1981 4212 διὰ
2016 4151 2075 4212 τὸ

2181 812 2278 871 tur.
2303 814 2427 868 Qum
2444 811 2639 874 quidem
2659 815 2789 862 recte
2809 813 3088 876 putantibus
3104 828 3201 864 non
3227 819 3415 866 tantum
3452 817 3748 868 benevolen-

2180 920 2267 971 tiae
2297 934 2409 984 erga
2428 923 2657 973 Arsinoen
2678 923 2808 987 signa
2830 927 2984 986 erant,
3004 925 3086 976 sed
3118 928 3274 977 multo
3305 928 3455 991 magis
3477 929 3749 991 Agathoclis

2183 1032 2349 1081 odium
2367 1031 2684 1083 testabantur.
2721 1035 2948 1083 Ceterum
2976 1035 3285 1098 Agathocles,
3309 1040 3562 1100 postquam
3600 1052 3749 1088 urnas
3795 1016 3804 1022 ’

2186 1142 2235 1192 ἰιι
2258 1143 2478 1206 sepulcra
2507 1144 2638 1207 regia
2671 1145 2982 1210 deposuerat,
3013 1147 3198 1197 luctum
3221 1149 3396 1211 deponi
3425 1150 3626 1212 jubens,
3647 1153 3748 1214 pri-

2183 1266 2319 1302 mum
2338 1252 2532 1315 quidem
2554 1254 2781 1306 bimestre
2807 1256 3095 1319 stipendium
3114 1258 3263 1321 copiis
3279 1259 3518 1322 erogavit,
3547 1273 3746 1322 persua-

2184 1377 2268 1415 sus
2275 1366 2346 1415 sic
2359 1366 2526 1417 odium
2538 1368 2858 1420 multitudinis
2875 1368 3096 1430 obtundi,
3106 1370 3238 1434 quod
3246 1373 3512 1422 commodis
3523 1372 3621 1422 suis
3635 1386 3746 1422 con·

2182 1475 2342 1525 sulere
2364 1479 2616 1539 properet;
2636 1476 2809 1528 deinde
2829 1478 3166 1541 jusjurandum
3186 1481 3377 1542 praelvit
3391 1517 3405 1542 ,
3430 1482 3561 1544 quod
3578 1482 3747 1544 jurare

2184 1585 2233 1634 in
2254 1585 2376 1648 regis
2405 1586 2773 1650 inauguratione
2814 1588 3048 1639 solebant.
3087 1589 3469 1641 Philammonem
3496 1606 3636 1653 vero,
3660 1594 3745 1656 qui

2181 1695 2365 1743 caedem
2392 1696 2611 1746 Arsinoes
2636 1700 2911 1759 peregerat,
2948 1697 3187 1761 ablegavit
3213 1699 3261 1748 in
3306 1700 3472 1763 Libyae
3505 1703 3745 1764 regionem

2180 1804 2492 1868 cyrenaicam
2509 1842 2525 1867 ,
2553 1806 2693 1870 cujus
2725 1809 3008 1870 praesectum
3040 1810 3316 1872 constituit;
3340 1824 3546 1874 puerum
3584 1827 3744 1874 regem

2180 1914 2441 1963 OEnanthoe
2459 1915 2509 1965 et
2536 1914 2839 1977 Agathocleis
2862 1915 3086 1979 tradidit;
3114 1920 3222 1978 post
3254 1918 3360 1968 haec
3389 1920 3615 1985 Pelopem
3657 1925 3743 1972 Pe·

2179 2023 2301 2088 lopis
2322 2024 2475 2074 lilium
2495 2025 2543 2074 in
2572 2024 2730 2076 Asiam
2758 2025 2890 2075 misit
2920 2026 2980 2075 ad
3011 2027 3330 2091 Antiochum,
3353 2042 3501 2092 quem
3521 2031 3746 2080 exliorta-

2181 2137 2333 2196 retur,
2357 2137 2414 2185 ut
2434 2137 2695 2187 amicitiam
2726 2140 2941 2187 servaret
2971 2151 3128 2200 neque
3158 2141 3302 2201 pacta
3329 2140 3744 2202 transgrederetur

2180 2252 2293 2288 cum
2327 2240 2462 2301 patre
2483 2239 2620 2301 pueri
2649 2239 2784 2289 inita.
2811 2241 3123 2291 Ptolemoeum
3153 2242 3325 2292 Sosibii
3362 2243 3516 2293 filium
3543 2243 3604 2293 ad
3631 2244 3742 2294 Phi-

2180 2343 2364 2406 lippum
2387 2342 2590 2405 legavit,
2614 2346 2669 2392 ut
2687 2343 2748 2393 de
2774 2344 3009 2395 affinitate
3031 2345 3359 2395 contrahenda
3378 2348 3663 2410 transigeret
3693 2351 3745 2398 et

2177 2445 2240 2497 de
2260 2446 2453 2496 serendo
2477 2447 2658 2496 auxilio
2670 2483 2686 2509 ,
2705 2446 2743 2497 si
2765 2448 2886 2497 sorte
2904 2447 3076 2511 majori
3094 2451 3270 2498 conatu
3284 2449 3551 2500 Antiochus
3564 2451 3743 2505 violato

2179 2551 2357 2600 t'oedere
2378 2550 2504 2613 ipsos
2525 2564 2831 2613 aggressurus
2853 2552 2992 2602 toret.
3016 2555 3167 2602 Porro
3196 2553 3510 2602 Ptolemaeum
3539 2556 3739 2617 Agesar·

2178 2656 2254 2705 chi
2284 2655 2438 2704 filium
2477 2655 2539 2705 ad
2562 2654 2851 2715 legationem
2887 2659 3092 2706 Romam
3123 2656 3411 2707 mittendam
3446 2656 3740 2722 designavit,

2176 2772 2272 2808 non
2295 2758 2423 2822 quod
2441 2773 2554 2810 enm
2574 2759 2716 2822 legati
2731 2772 2909 2810 munus
2928 2763 3148 2823 prompte
3164 2762 3510 2811 exsecuturum
3522 2775 3644 2825 oese,
3658 2764 3740 2813 sed

2175 2863 2304 2926 quod
2325 2865 2374 2914 in
2398 2865 2638 2914 Groeciam
2671 2866 2955 2929 appulsum,
2984 2864 3066 2914 uhi
3089 2869 3318 2928 cognatos
3341 2879 3458 2917 suos
3491 2869 3541 2917 et
3562 2869 3741 2918 amicos

2174 2970 2479 3031 convenerit,
2503 2983 2786 3020 mansurum
2812 2970 2941 3033 apud
2965 2985 3047 3022 eos
3066 2972 3168 3021 fore
3190 2972 3410 3034 putabat.
3427 2972 3623 3024 Scilicet
3649 2974 3739 3024 hoc

2174 3077 2455 3139 Agathocles
2467 3077 2659 3140 agebat,
2683 3079 2741 3127 ut
2760 3077 2966 3139 insignes
2982 3077 3111 3128 viros
3128 3091 3296 3129 omnes
3312 3082 3562 3130 amoveret
3578 3097 3594 3142 ;
3612 3080 3738 3131 diiii·

2170 3181 2315 3232 debat
2334 3181 2480 3231 enim.
2502 3180 2721 3245 Denique
2739 3185 2946 3245 Scopam
2965 3182 3178 3232 AEtolum
3201 3183 3253 3231 in
3281 3183 3517 3234 Graeciam
3537 3183 3599 3233 ad
3618 3198 3734 3233 con-

2169 3285 2447 3336 scribendos
2479 3285 2802 3336 mercenarios
2825 3284 2953 3335 misit
2973 3298 3146 3348 magna
3169 3285 3218 3335 vi
3240 3286 3347 3336 auri
3383 3286 3446 3336 ad
3486 3288 3736 3338 mantissas

2168 3390 2426 3442 solvendas
2445 3391 2751 3441 instructum.
2770 3393 2880 3448 Qua
2903 3390 2951 3439 in
2974 3404 3028 3440 re
3046 3390 3228 3453 duplex
3247 3392 3352 3441 erat
3379 3393 3422 3440 ei
3447 3392 3698 3441 consilium
3716 3412 3731 3441 :

2168 3506 2284 3544 nam
2300 3494 2512 3557 primum
2536 3493 2751 3543 collectis
2775 3493 2927 3556 copiis
2952 3492 3013 3543 ad
3031 3492 3215 3543 bellum
3237 3506 3349 3542 cum
3387 3493 3625 3544 Antiocho
3658 3509 3734 3559 ge·

2168 3603 2374 3654 rendum
2414 3603 2488 3653 uti
2527 3602 2748 3665 volebat,
2791 3602 2967 3653 deinde
3003 3616 3119 3652 vero
3160 3603 3482 3654 mercenarios
3518 3606 3730 3667 veteres,

2165 3721 2289 3772 quos
2305 3708 2555 3771 huc-,nsque
2571 3709 2887 3770 usurpaverat
2900 3744 2915 3769 ,
2935 3706 2985 3755 in
3006 3706 3202 3756 castella
3224 3707 3274 3756 et
3304 3706 3521 3756 colonias
3541 3709 3730 3771 AEgypti

2165 3813 2450 3876 amandare,
2474 3825 2641 3863 recens
2673 3811 2957 3875 conscriptis
2990 3813 3157 3861 autem
3191 3812 3383 3875 explere
3414 3815 3464 3862 et
3499 3826 3731 3863 renovare

2164 3926 2271 3974 tum
2290 3922 2455 3986 palatii
2471 3921 2690 3971 custodes
2705 3923 2812 3971 tum
2835 3921 3020 3984 reliqua
3040 3920 3340 3971 Alexandriae
3362 3920 3498 3970 urbis
3509 3922 3730 3984 praesidia

2163 4033 2470 4094 moliebatuu
2502 4031 2784 4084 existimans
2806 4029 2983 4081 milites
3001 4030 3062 4079 ab
3090 4027 3193 4094 ipso
3228 4029 3524 4094 conscriptos
3555 4035 3606 4080 et
3642 4033 3726 4081 sti-

2165 4145 2445 4210 pendiatoe,
2482 4156 2606 4206 quos
2635 4144 2776 4192 antea
2811 4141 2971 4202 tacta,
3009 4141 3180 4204 utpote
3212 4141 3374 4203 ignota
3413 4140 3553 4203 ἰρώ,
3595 4141 3732 4191 nullo

510 4240 671 4319 μηδὲν
698 4241 990 4319 γινώσκειν,
1011 4243 1064 4299 ἐν
1089 4243 1232 4322 αὐτῷ
1257 4241 1312 4300 δὲ
1338 4240 1432 4308 τὰς
1466 4240 1680 4308 ἐλπίδας
1709 4240 1953 4321 ἔχοντας,
1981 4239 2073 4298 καὶ
2162 4245 2309 4297 modo
2339 4246 2616 4304 affecerint,
2639 4246 2689 4294 et
2724 4243 2810 4306 qui
2842 4242 2895 4293 in
2933 4242 3038 4306 ipso
3072 4256 3183 4306 spes
3213 4243 3442 4306 repositas
3483 4242 3723 4304 babeant,

510 4409 706 4459 demum
725 4409 787 4458 ab
804 4409 1062 4470 Agathocle
1079 4408 1099 4472 (
1116 4409 1286 4473 Polyb.
1306 4413 1414 4469 XV,
1439 4416 1501 4460 25
1515 4446 1530 4470 ,
1555 4411 1632 4471 ¹.)·
1652 4436 1717 4447 —
1736 4415 1780 4458 2.
1795 4409 1957 4471 ὔὸριν
1979 4406 2080 4471 ἣν]
2100 4409 2157 4466 ἣν
2175 4420 2236 4456 ex
2259 4407 2474 4468 margine
2491 4403 2667 4453 codicis
2686 4402 2841 4472 intuli.
2860 4410 2983 4453 —3.
3004 4403 3073 4452 τὰ
3091 4401 3446 4467 cainaea&
3467 4401 3639 4452 codex.
3657 4430 3727 4485 .—

508 4484 557 4530 4.
575 4496 602 4527 τ
614 4483 701 4535 οῖς
720 4480 960 4535 πολλοῖς
979 4479 1184 4544 μῖσος]
1206 4483 1334 4531 inter
1345 4482 1531 4536 πολλοῖς
1548 4483 1599 4530 et
1612 4485 1748 4544 μῖσος
1766 4480 1920 4529 codex
1937 4478 2084 4527 habet
2096 4490 2264 4526 vocem
2283 4478 2574 4538 expunctam
2589 4473 2819 4535 δυνάμεις.
2839 4476 2952 4523 Mox
2969 4486 3152 4523 novum
3171 4472 3463 4523 vocabulum
3480 4477 3690 4522 occurrit
3708 4487 3722 4521 ι

506 4549 792 4611 ἐνεξώρκισε.
812 4573 875 4584 —-
892 4553 937 4597 5.
962 4550 1074 4598 είθι
1088 4551 1298 4610 σμένοι
1322 4551 1479 4599 κατὰ
1495 4548 1625 4612 τὰς]
1648 4550 1909 4612 εἰθυσμίναι
1929 4548 2167 4603 καταστὰς
2184 4546 2365 4606 codex;
2387 4544 2516 4594 idem
2538 4558 2652 4593 mox
2672 4545 3014 4608 εφιλαμμώνα..
3039 4545 3309 4608 ἀρσινώης..
3335 4545 3626 4606 λικυαρχὴν..
3648 4546 3722 4595 οἶ·

504 4619 681 4676 νάῡην..
701 4616 1021 4674 &vasonum
1044 4622 1115 4669 De
1133 4619 1305 4681 Pelope
1324 4619 1476 4682 legato
1497 4618 1692 4668 aliunde
1712 4632 1808 4667 non
1824 4619 2032 4668 constat.
2051 4621 2124 4667 De
2146 4617 2296 4679 pactis
2316 4629 2429 4679 quoe
2453 4615 2744 4665 Ptolemaeus
2764 4616 3053 4678 Philopator,
3077 4615 3242 4679 proelio
3260 4615 3320 4664 ad
3344 4615 3575 4677 Raphiam
3594 4628 3722 4664 eom·

508 4690 652 4740 misso
676 4688 831 4737 victor
855 4691 977 4749 (217
998 4701 1040 4737 a.
1075 4691 1131 4738 c.
1150 4690 1196 4750 ),
1231 4703 1342 4740 cum
1367 4689 1601 4738 Antiocho
1628 4687 1798 4751 Magrio
1819 4688 1952 4749 iniit,
1976 4686 2087 4736 vide
2109 4687 2276 4748 Polyb.
2300 4689 2361 4747 V,
2383 4689 2457 4736 87.
2477 4690 2550 4736 De
2571 4685 2748 4735 t’oedere
2774 4686 2930 4748 quod,
2964 4688 3120 4736 morte
3143 4689 3220 4736 Pt.
3243 4686 3564 4749 Philopatoris
3584 4699 3722 4735 com·

505 4763 671 4822 perta,
706 4758 972 4809 Antiochus
988 4772 1100 4808 cum
1121 4759 1337 4830 Philippo
1370 4751 1628 4810 Macedone
1644 4759 1707 4809 de
1728 4758 1984 4809 dividendo
2002 4769 2148 4820 regno
2170 4755 2358 4818 AEgypti
2378 4755 2514 4814 t’ecit,
2534 4768 2583 4803 v.
2607 4754 2771 4816 Polyb.
2793 4757 2898 4817 xv,
2920 4762 3007 4816 213
3029 4759 3120 4816 111,
3141 4761 3198 4816 2,
3223 4762 3250 4805 8
3278 4774 3291 4804 2
3319 4756 3721 4818 Συμφρονήσαντες

504 4829 735 4892 Ἀντίοχος
752 4832 833 4878 καὶ
855 4830 1087 4886 Φίλιππος
1106 4831 1180 4879 ἐπὶ
1199 4831 1417 4895 διαιρέσει
1442 4838 1523 4890 τῆς
1540 4837 1624 4881 τοῦ
1650 4832 2068 4894 καταλελειμμένου
2084 4829 2247 4884 παιδὸς
2270 4828 2413 4891 ἀρχῆς
2432 4826 2624 4888 ἤρξαντο
2642 4830 3062 4890 κακοπραγμονεῖν.
3092 4825 3198 4875 Liv.
3219 4829 3376 4876 XXXI
3390 4862 3405 4885 ,
3429 4829 3512 4885 ¹4;
3537 4828 3717 4879 sustin.

505 4901 634 4948 xxx
652 4934 666 4958 ,
688 4905 715 4948 2
739 4901 862 4948 extr.
883 4924 948 4935 —
970 4906 1018 4948 6.
1051 4901 1121 4949 De
1156 4901 1371 4950 moribus
1398 4901 1542 4962 hujus
1570 4902 1812 4951 Ptolemaei
1840 4899 2010 4951 Sosibii
2035 4899 2070 4949 f.
2093 4911 2124 4947 a
2142 4896 2446 4947 Macedonica
2463 4894 2698 4961 legatione
2730 4894 2922 4944 reducis
2937 4894 3048 4944 vide
3074 4894 3244 4957 Polyb.
3266 4897 3376 4944 xvi
3392 4930 3407 4955 ,
3432 4901 3520 4955 22,
3545 4901 3574 4943 3
3610 4908 3719 4958 sqq.

504 4973 621 5019 Mox
640 4971 1004 5032 προεχειρὴσατο
1020 4969 1172 5020 codex
1182 4970 1422 5034 habetpro
1430 4977 1803 5035 προεχειρίσατο.
1830 4975 1899 5022 De
1913 4970 2176 5020 Ptolemaeo
2194 4966 2444 5030 Agesarchi
2464 4966 2515 5027 t'.,
2543 4966 2645 5014 viro
2663 4965 2900 5028 prudente
2919 4967 3197 5027 acstrenuo,
3216 4966 3327 5015 vide
3337 4965 3506 5025 Polyb.
3520 4967 3721 5027 xxvii,

510 5047 586 5089 ¹2.
617 5039 707 5088 ilic
728 5042 801 5088 est
824 5039 1111 5089 Ptolemaeus
1131 5042 1310 5103 quires
1338 5044 1413 5091 Pt.
1435 5042 1754 5104 Philopatoris
1771 5041 1920 5091 literis
1937 5039 2204 5089 mandavit.
2228 5067 2291 5081 —
2313 5041 2360 5088 7.
2390 5035 2808 5099 ἐξαπέστειλε]
2831 5036 2880 5084 h.
2900 5048 3067 5084 vocem
3092 5037 3328 5098 supplevi.
3358 5038 3537 5096 Scopas
3561 5048 3591 5083 e
3626 5038 3718 5084 Po·

506 5110 636 5173 lybio
662 5111 951 5160 notissimus.
979 5115 1213 5169 Quoenam
1234 5110 1327 5160 sub
1354 5111 1614 5161 Ptolemaeo
1639 5112 1886 5174 Epiphane
1903 5111 2050 5174 egerit
2066 5109 2177 5159 vide
2203 5108 2288 5158 lib.
2313 5109 2453 5167 xvl,
2478 5111 2566 5168 ³9,
2589 5106 2700 5157 coll.
2728 5108 2859 5164 xvi,
2879 5113 2926 5156 8.
2949 5108 3054 5155 Nex
3071 5105 3175 5167 ejus
3195 5108 3419 5154 narratur
3441 5107 3597 5154 xviii
3613 5143 3629 5166 ,
3655 5110 3722 5154 36

506 5194 612 5243 sqq.
628 5209 690 5222 -
707 5185 753 5230 8.
770 5187 977 5244 προῦπ.
997 5179 1078 5244 οἱ]
1096 5189 1268 5244 προῡπ.
1290 5184 1370 5231 καὶ
1393 5181 1563 5241 codex,
1582 5181 1712 5244 quod
1731 5181 1770 5231 si
1789 5180 2049 5242 genuinum
2068 5185 2156 5238 est,
2173 5177 2353 5229 excidit
2372 5176 2690 5238 vocabulum,
2712 5175 3014 5240 μισθοφόρους
3034 5175 3108 5224 vel
3132 5175 3286 5227 simile
3307 5175 3442 5238 quid.
3465 5201 3528 5216 -
3543 5190 3591 5237 9.
3611 5192 3716 5224 πα·

507 5250 913 5312 ραπ>.ησίωςδὲ
939 5252 1122 5301 καὶτὰ
1149 5251 1335 5316 κατὰ]
1361 5252 1663 5317 παραπλήσια
1685 5254 1746 5308 ὡς
1778 5251 1827 5301 δὲ
1856 5251 1936 5300 καὶ
1960 5251 2082 5300 κατὰ
2101 5249 2270 5300 codex.
2291 5251 2405 5300 Mox
2425 5261 2511 5311 pro
2534 5247 2724 5312 ἔχοντας
2743 5247 2908 5297 malim
2927 5247 3126 5303 ἕξοντας.
