4016 5916
1483 432 2717 578 ARISTOTELES.

1836 768 2404 803 ψ-

592 963 810 1037 Scripta
832 963 1170 1034 Aristotelis,
1199 964 1404 1038 quibus
1431 974 1759 1039 argumenta
1786 962 2061 1039 ‚historica
2152 960 2282 1018 λεων
2323 961 2595 1017 ἰδιωτικῶν
2645 960 2663 1036 (
2681 956 2823 1025 ἰδίως
2863 964 3177 1038 τυραννικῶν
3208 965 3358 1038 conj.
3393 969 3701 1048 Fabricius)

514 1061 821 1108 tractantur
849 1069 864 1105 :
2151 1047 2241 1106 καὶ
2265 1049 2662 1127 δημοκρατικῶν
2691 1046 2781 1106 καὶ
2806 1048 3153 1127 ὀλιγαρχικῶν
3180 1051 3311 1130 ρνη’.

600 1158 648 1195 1.
685 1138 1054 1195 Πολιτεῖαι.
1078 1140 1174 1196 Fr.
1209 1146 1456 1207 1—241.
2232 1135 2554 1214 [Ammonii
2581 1156 2624 1196 s.
2668 1136 3005 1214 Philoponi]
3037 1140 3150 1195 Vit.
3181 1139 3350 1198 Arist.
3382 1161 3442 1215 p.
3494 1150 3603 1210 401
3649 1149 3721 1203 in-

593 1244 649 1281 2.
681 1220 945 1299 Νόμιμα
974 1221 1368 1303 βαρᾶαρικά.
1396 1227 1493 1282 Fr.
1528 1224 1859 1290 242-253.
2153 1226 2328 1303 Βιογρ.
2381 1227 2678 1282 Westerm.
2731 1243 2746 1282 ε
2796 1222 3003 1300 Ἀμέλει
3054 1223 3144 1282 καὶ
3200 1224 3516 1286 συνώδευσεν
3564 1233 3709 1315 αὐτῷ

669 1308 951 1387 Ῥωμαίων
977 1308 1198 1388 νόμιμα.
1230 1315 1322 1369 Fr.
1355 1317 1624 1378 242-24
1635 1309 1687 1367 5.
2154 1308 2537 1390 (Ἀριστοτέλης
2565 1307 2913 1390 Ἀλεξάνδρῳ)
2963 1308 3120 1389 μέχρι
3147 1311 3238 1370 καὶ
3266 1310 3370 1371 ἔσω
3410 1317 3513 1373 τῶν
3534 1322 3717 1405 qu.-

669 1399 956 1478 Τυρρηνῶν
973 1397 1194 1474 νόμιμα.
1226 1401 1323 1456 Fr.
1350 1399 1484 1467 246.
2163 1395 2370 1472 μιαίνων)
2414 1394 2516 1455 ἔνθ’
2556 1394 2742 1467 ἔστησε
2774 1395 2891 1475 (sic)
2914 1393 3006 1462 τὰς
3025 1394 3128 1455 σνε’
3149 1398 3427 1467 πολιτείας.

594 1486 649 1542 3.
679 1483 1102 1562 Δικαιώματα
1143 1483 1386 1543 πόλεων
1442 1483 1512 1562 β’.
1557 1487 1650 1545 Fr.
1704 1485 1848 1558 254,
1886 1484 2022 1544 255.
2230 1485 2492 1559 Ejusdem
2516 1488 2656 1542 Vitae
2698 1489 3004 1560 Interpret.
3048 1488 3218 1544 latina
3259 1490 3352 1545 ed.
3397 1493 3717 1551 Nunnesius

595 1569 791 1651 [Περὶ
844 1574 965 1629 τῶν
1018 1570 1316 1637 Σόλωνος
1365 1569 1602 1638 ἀξόνων
1661 1572 1719 1633 ε’.
1775 1577 2061 1650 Anonym.
2151 1594 2209 1648 p.
2272 1580 2337 1640 ι4
2395 1572 2753 1648 (Helmstadii
2800 1574 2968 1640 1664.
3000 1573 3067 1650 4)
3112 1577 3362 1633 :Juvene
3382 1592 3565 1637 autem
3596 1590 3714 1638 exi·

514 1657 806 1737 menagii]
837 1660 921 1719 Cf.
950 1661 1026 1717 fr.
1059 1681 1083 1718 1
1096 1679 1152 1722 2.
2150 1674 2322 1717 stente
2338 1663 2668 1717 Alexandro
2692 1674 2746 1716 et
2767 1663 3042 1717 militante
3066 1675 3258 1719 contra
3278 1666 3494 1736 Pet-sar,
3526 1673 3709 1727 eundo

593 1755 647 1814 4.
679 1743 1137 1825 Ἀλέξανδροςῆ
1168 1744 1322 1825 ὑπὲρ
1353 1747 1688 1808 ἀποικιῶν.
1713 1751 1884 1826 Diog.
1912 1753 1979 1807 L.
1999 1754 2063 1818 V,
2153 1769 2273 1805 cum
2305 1768 2371 1804 eo
2415 1768 2516 1803 nec
2566 1761 2678 1804 tum
2706 1749 2976 1804 abstinuit
2992 1748 3388 1826 phoe‘losophart‘
3424 1759 3697 1814 Aristote-

512 1854 608 1895 22.
633 1839 918 1911 Anonym.
943 1838 1165 1913 Menag.
1199 1837 1353 1892 Nihil
1371 1846 1647 1910 superstes
1672 1835 1763 1913 (¹⁸¹).
2154 1841 2264 1905 tes‚·
2317 1850 2441 1892 tunc
2485 1843 2633 1893 enim
2670 1842 2967 1911 composuit
3015 1837 3301 1895 historiam
3338 1843 3701 1901 ducentarum

592 1921 650 1978 5.
687 1919 1144 2002 [Εὗρήματα.]
1175 1927 1271 1982 Fr.
1306 1922 1640 1982 256—260.
2152 1938 2211 1979 et
2240 1929 2649 1998 quinquaginta
2670 1927 3016 1999 politiorum.

591 2011 649 2066 6.
684 2007 1209 2085 Ὀλυμπιονῖκαι.
1238 2014 1334 2069 Fr.
1372 2010 1705 2079 261—264.
2232 2012 2525 2067 Herbelot.
2578 2012 2639 2066 in
2677 2009 3074 2084 Bibliotheque
3109 2013 3392 2070 Orientale
3436 2036 3489 2091 p.
3533 2039 3643 2093 971
3682 2040 3699 2075 τ

593 2116 648 2166 7,
689 2098 1084 2155 nummum,
1119 2101 1216 2156 Ἑρ,
1251 2099 1387 2160 265,
2161 2123 2184 2148 a
2217 2102 2412 2154 Kena
2457 2115 2675 2155 snssxr
2716 2116 3013 2167 uuonan,
3054 2100 3184 2156 titre
3207 2101 3286 2155 du
3322 2104 3456 2159 livre
3485 2105 3580 2161 des
3606 2109 3702 2162 re'-

2151 2187 2451 2260 publiques
2496 2185 2801 2242 d'Aristote
2843 2185 3053 2242 traduit
3078 2206 3152 2242 en
3192 2188 3388 2260 arabe,
3441 2191 3574 2247 dans
3613 2195 3700 2249 le-

2153 2274 2302 2346 quel,
2329 2274 2545 2328 suivant
2564 2272 3007 2346 flagi-Khalfah,
3030 2275 3067 2328 il
3082 2277 3177 2331 fait
3203 2279 3457 2333 mention
3483 2279 3552 2334 de
3576 2293 3705 2335 cent

2153 2359 2544 2433 quatre-vingt
2594 2377 2732 2413 onze
2784 2359 2945 2415 villes
2992 2378 3068 2414 ou
3125 2363 3490 2437 republiques
3544 2365 3706 2422 diffe-

2154 2455 2337 2500 rentes
2364 2454 2419 2499 et
2446 2443 2517 2499 de
2543 2445 2668 2499 leur
2690 2445 2801 2501 etat
2824 2445 3266 2522 democratique.
3303 2474 3327 2500 2,

2232 2533 2430 2588 Cicero
2466 2533 2553 2587 De
2575 2533 2699 2589 Fin.
2730 2533 2810 2602 V,
2850 2552 2912 2588 11
2953 2553 2967 2589 :
3011 2535 3100 2590 Ab
3135 2540 3433 2592 Aristotele
3462 2547 3707 2597 onmium

589 2183 647 2239 8.
687 2184 880 2243 Νῖκαι
914 2185 1371 2246 Διονυσιακαί.
1396 2192 1491 2250 Fr.
1523 2189 1660 2245 266.

589 2290 645 2344 9.
677 2271 1129 2333 Διδασκαλίαι.
1155 2277 1252 2332 Fr.
1283 2276 1616 2349 267-272.

555 2376 641 2415 10.
674 2358 836 2437 Περὶ
868 2362 1155 2432 ποιητῶν
1182 2361 1346 2439 βιὸλ.
1374 2362 1446 2441 γ’.
1478 2367 1574 2423 Fr.
1609 2362 1936 2436 573-280.

554 2465 642 2505 11.
675 2446 1063 2525 Παροιμίαι,
1098 2448 1279 2527 βιὸλ.
1311 2448 1380 2507 α’.
1406 2454 1500 2510 Fr.
1531 2451 1665 2509 281.

555 2552 647 2590 12.
684 2533 984 2610 [Πέπλος.]
1012 2539 1110 2594 Fr.
1143 2537 1478 2597 282-288.

2136 2618 2272 2689 sere
2302 2623 2578 2674 civitatum
2600 2637 2710 2675 non
2752 2621 2990 2676 Groecioe
3009 2623 3184 2677 solum
3203 2664 3223 2691 ,
3244 2625 3348 2678 sed
3370 2631 3541 2681 etiam
3580 2628 3708 2683 bar·-

1186 2714 1473 2743 *000*-
2154 2707 2331 2761 barioe
2349 2724 2547 2775 mores,
2579 2711 2853 2777 instituta,
2887 2710 3233 2783 disciplinas,
3264 2730 3303 2765 a
3333 2712 3713 2787 Theophrasto

1551 2838 1558 2842 .
2152 2797 2322 2848 etiam
2344 2796 2494 2866 leges
2508 2800 2873 2870 cognovimus,

984 2842 1586 2928 ΠΟΛῙΤΕῙΑῙ.
2231 2881 2355 2935 Jam
2378 2880 2536 2953 quod
2555 2899 2852 2937 numerum
2870 2884 3196 2940 Politiarum
3221 2886 3445 2955 attinet,
3471 2898 3533 2942 ut
3554 2908 3712 2945 nunc

2150 2977 2209 3015 se
2238 2978 2327 3015 res
2342 2958 3017 3034 haheg'acquiescendum
3043 2965 3198 3020 estin
3231 2966 3544 3022 testimonio
3565 2966 3710 3025 Dio-

1047 3044 1513 3106 TESTIMONIA.
2151 3048 2306 3121 genis
2338 3058 2394 3102 et
2431 3050 2713 3121 Anonymi
2747 3051 3007 3125 Menagii.
3055 3052 3122 3107 ln
3148 3051 3273 3108 Vita
3313 3054 3601 3110 Ammonii
3649 3070 3709 3112 et

873 3175 884 3190 ,
2150 3134 2418 3189 Nunnesii
2444 3154 2710 3191 numerus
2738 3134 2851 3191 255
2887 3139 2975 3193 vel
3005 3136 3117 3194 250
3142 3151 3443 3214 corruptus
3469 3160 3583 3198 esse
3612 3146 3707 3197 vi-

584 3203 824 3279 Diogen.
845 3205 912 3260 L.
942 3206 1022 3275 V,
1054 3224 1126 3277 27
1169 3207 1231 3262 in
1259 3208 1571 3267 Aristotelis
1596 3214 1935 3287 scriptorum
1966 3237 2064 3274 ca-
2152 3220 2319 3277 detur
2342 3240 2413 3277 ex
2461 3220 2567 3277 155
2610 3225 2702 3279 vel
2749 3223 2879 3280 150.
2928 3225 3081 3297 Quid
3117 3225 3189 3281 de
3227 3227 3429 3284 Arabis
3464 3248 3707 3287 numero

509 3291 698 3366 talogo
745 3309 760 3345 :
806 3289 1077 3348 Πολιτεῖαι
1118 3290 1321 3352 πόλεων
1360 3294 1497 3353 δυοῖν
1540 3294 1773 3355 δεούσαιν
1813 3298 2064 3371 ἐξήκοντα
2159 3325 2261 3382 191
2290 3308 2646 3364 statuendum
2673 3312 2774 3382 sit,
2806 3313 2865 3366 in
2897 3312 3086 3368 medio
3122 3313 3523 3387 relinquamus.
3555 3318 3707 3374 For-

508 3374 598 3434 καὶ
613 3373 930 3452 ἑκατὸν,καὶ
950 3375 1054 3457 ἰδίᾳ
1071 3377 2064 3466 δημοκρατικαὶ,ὀλιγαρχικαὶ,οἰριστο-
2150 3404 2291 3450 tasse
2320 3413 2387 3450 eo
2414 3397 2975 3469 comprehenduntur
3000 3399 3231 3473 populi,
3277 3420 3521 3475 quorum
3546 3405 3705 3461 insti-

507 3461 750 3544 κρατικαὶ
775 3462 863 3521 καὶ
887 3466 1210 3544 τυραννικαί.
2149 3490 2268 3536 tuta
2309 3483 2369 3536 in
2411 3479 2669 3558 Νομίμοις
2697 3482 3047 3563 Βαρὸαρικοῖς
3080 3497 3281 3543 auctor
3321 3506 3704 3549 recensuerat.

586 3554 914 3627 Anonymus
943 3556 1188 3632 Menagii
1220 3554 1314 3638 (p.
1349 3565 1461 3627 404
1508 3562 1571 3616 in
1599 3561 1777 3642 Βιογρ.
1806 3567 2063 3624 Wester-
2148 3568 2409 3624 Ceterum
2460 3589 2636 3644 quum
2690 3572 3008 3647 Simplicius
3058 3573 3421 3650 inProlegg.
3470 3578 3541 3632 ad
3594 3580 3706 3635 Ca-

505 3638 727 3715 manni)
772 3642 919 3697 inter
948 3644 1155 3718 scripta
1186 3645 1287 3702 Ar.
1319 3649 1569 3705 recenset
1602 3669 1616 3705 :
1657 3650 1935 3719 Πολιτείας
1962 3653 2058 3711 πό·
2148 3666 2295 3732 tegg.
2321 3653 2381 3732 Γ)
2420 3657 2497 3712 ita
2515 3659 2860 3715 mentionem
2887 3660 3172 3717 Πολιτειῶν
3196 3661 3439 3734 injiciat,
3470 3675 3533 3718 ut
3554 3668 3705 3722 inter

2143 3762 2416 3816 genuinas
2457 3756 2512 3799 et
2545 3751 2762 3820 spurias
2796 3746 3253 3822 distinguendum
3292 3750 3384 3819 sit,
3431 3751 3519 3805 vel
3565 3752 3700 3810 hinc

579 3807 641 3870 (⁴³)
669 3811 742 3857 De
757 3808 1026 3861 Aristotelis
1042 3825 1186 3875 opere
1203 3817 1345 3879 Περὶ
1361 3816 1738 3887 Ἀλεξάνδρου
1751 3858 1765 3884 ,
1788 3823 1919 3886 quod
1934 3838 2061 3875 nun·

507 3890 656 3940 quam
700 3879 820 3941 suit,
869 3880 978 3930 vide
1017 3883 1429 3937 lutroductionem
1474 3889 1525 3939 in
1566 3891 1965 3946 Pseudocallisth.
2008 3910 2059 3960 p.

505 3950 714 4010 xxvn,
738 3951 788 3999 et
812 3952 1002 4001 Proeset.
1031 3951 1082 4000 in
1100 3954 1329 4017 scriptor.
1359 3960 1472 4008 Ber.
1497 3960 1636 4012 Alex.
1659 3975 1707 4026 p.
1732 3977 1784 4015 v.
1814 3993 1878 4007 —
1905 3968 2062 4031 Vulgo

507 4016 652 4067 etiam
670 4019 908 4076 Κτίσεις
929 4019 1053 4071 inter
1076 4022 1345 4076 Aristotelis
1366 4040 1510 4090 opera
1538 4035 1845 4084 recensentur
1870 4049 1932 4085 ex
1952 4038 2060 4087 Plu·

506 4088 700 4150 tarcho,
725 4091 831 4139 Non
858 4103 994 4152 posse
1027 4104 1164 4144 suav.
1199 4095 1299 4145 vivi
1332 4110 1431 4147 seo.
1471 4100 1601 4162 Epio.
1641 4113 1685 4152 c.
1730 4109 1787 4154 ιο
1809 4141 1825 4166 ,
1847 4117 1898 4167 p.
1941 4111 2060 4158 1093

509 4157 588 4220 (p.
627 4161 743 4208 1337
773 4158 851 4208 ecl.
880 4159 1055 4224 Didot)
1097 4181 1110 4212 z
1141 4165 1292 4214 Ὅταν
1328 4167 1379 4216 δὲ
1414 4169 1555 4232 μηδὲν
1586 4171 1764 4236 ἔχουσα
1789 4175 1991 4240 λυπηρὸν
2028 4180 2057 4237 ἣ

509 4227 731 4291 βλαΰερὸν
751 4229 933 4294 ἱστορία
950 4232 1031 4281 καὶ
1051 4232 1262 4295 διήγησις
1286 4235 1362 4286 ἐπὶ
1384 4239 1576 4303 πράξεσι
1602 4243 1765 4300 καλαῖς
1795 4246 1875 4294 καὶ
1912 4248 2058 4310 μεγά-

505 4298 605 4354 λαις
645 4300 887 4362 προσλάὸῃ
921 4300 1060 4365 λόγον
1094 4303 1261 4368 ἔχοντα
1296 4308 1488 4371 δύναμιν
1520 4311 1600 4361 καὶ
1632 4312 1796 4376 χάριν,
1831 4317 1953 4372 ὡς...
1975 4324 2059 4380 γῆς

505 4365 741 4430 περιόδους
757 4370 953 4427 Εὔδοξος
997 4374 1028 4432 ἢ
1045 4374 1272 4432 κτίσεις
1295 4379 1392 4427 καὶ
1413 4381 1719 4438 πολιτείας
1742 4382 2060 4448 Ἀριστοτέ-

505 4438 604 4493 λης
625 4439 656 4496 ῆ
677 4437 812 4502 βίους
830 4439 1006 4505 ἀνδρῶν
1024 4442 1326 4508 Ἀριστόξενος
1346 4447 1542 4513 ἔγραψεν
1556 4488 1570 4511 ,
1599 4452 1656 4501 οὗ
1674 4454 1813 4516 μόνον
1837 4459 1957 4519 μέγα
1978 4461 2058 4510 καὶ

506 4505 625 4554 πολὺ
641 4507 697 4556 τὸ
716 4508 954 4572 εὐφραῖνον
966 4547 982 4572 ,
1007 4512 1123 4563 ἀλλὰ
1141 4517 1223 4565 καὶ
1243 4518 1445 4583 καθαρὸν
1459 4522 1539 4570 καὶ
1551 4521 1897 4587 ἀμεταμέλητόν
1917 4529 2056 4579 ἐστιν.

507 4575 569 4624 At
584 4577 753 4637 procul
770 4577 918 4628 dubio
936 4581 1108 4642 κτίσεις
1127 4599 1224 4636 non
1238 4590 1353 4638 sunt
1372 4588 1720 4654 distinguendae
1734 4608 1763 4644 a
1780 4598 2029 4656 πολιτείαις
2041 4638 2057 4663 ,

507 4643 559 4692 in
576 4643 753 4706 quibus
772 4646 918 4697 etlam
947 4649 1010 4701 de
1033 4653 1293 4717 originibus
1311 4657 1561 4711 civitatum
1588 4675 1858 4716 sermonem
1875 4668 2057 4720 sactum

508 4712 773 4797 [refluente
806 4715 981 4770 docent
1010 4720 1404 4779 luculentissime.
1436 4755 1501 4770 —-
1525 4733 1663 4783 Mitto
1697 4734 1905 4800 denique
1938 4753 2060 4804 opus

509 4782 773 4834 Aristotelis
789 4786 927 4850 Περὶ
960 4792 1275 4858 Ποταμῶν,
1297 4797 1436 4861 cuins
1453 4800 1629 4853 librum
1651 4807 1875 4867 quartum
1896 4806 2060 4860 laudat

2145 3842 2300 3905 patet
2343 3832 2482 3887 alios
2530 3834 2701 3888 alium
2749 3834 3078 3890 Politiarum
3121 3854 3417 3892 numerum
3466 3838 3711 3898 laudare

2145 3919 2410 3992 potuisse.
2436 3950 2512 3960 —
2532 3921 2601 3974 In
2623 3920 2943 3996 fragmentis
2965 3924 3167 3978 nostris
3188 3924 3564 3980 recensuimus
3582 3928 3709 3983 Po-

2146 4006 2288 4063 litias
2329 4011 2635 4080 nonaginta
2661 4013 2918 4083 quiaque.
2948 4011 3104 4065 Inter
3140 4028 3231 4066 eas
3257 4013 3525 4085 expressis
3563 4032 3696 4071 ver-

2143 4091 2229 4147 bis
2257 4095 2498 4148 citantur
2541 4095 2919 4169 quadraginta
2944 4101 3216 4170 qutuque5
3253 4116 3323 4153 ex
3361 4106 3719 4174 arg-umentis-

2146 4180 2588 4255 fragmentorum
2607 4223 2623 4248 ‚
2650 4182 2856 4255 quibus
2895 4183 3027 4238 libri
3055 4185 3258 4240 notitia
3297 4205 3415 4241 non
3442 4187 3713 4266 additur„

2146 4268 2389 4321 eruimus
2411 4268 2544 4323 alias
2570 4269 2793 4325 Politias
2813 4271 3081 4339 sedecim5
3118 4271 3364 4346 denique
3392 4275 3539 4329 inter
3561 4276 3700 4330 civi·

2148 4362 2311 4423 tates,
2345 4356 2632 4430 octoginta
2658 4355 2776 4411 fere
2798 4375 3036 4412 numero
3053 4402 3069 4432 ,
3098 4376 3221 4432 quae
3245 4360 3306 4414 in
3333 4362 3707 4417 Politicorum

2144 4439 2300 4496 libris
2341 4455 2874 4515 commemorantur,
2916 4449 3146 4518 trIginta
3185 4459 3445 4521 quattuor
3498 4468 3701 4505 occur-

2144 4538 2307 4596 runt,
2340 4546 2576 4601 quarum
2612 4531 2673 4585 in
2695 4530 3024 4607 fragmentis
3050 4535 3252 4590 nostris
3273 4535 3428 4591 nulla
3451 4534 3514 4590 fit
3535 4555 3705 4592 men-

2145 4615 2256 4684 tio,
2284 4633 2458 4687 quum
2484 4627 2668 4672 tamen
2687 4619 2871 4674 omitti
2894 4620 3041 4675 inter
3068 4618 3344 4686 Πολιτείας
3369 4624 3461 4677 vix
3486 4634 3691 4696 potue·

2140 4702 2290 4775 rint,
2323 4702 2496 4757 immo
2538 4704 2821 4761 Πολιτειῶν
2853 4723 2996 4779 opus
3038 4708 3195 4780 quasi
3239 4711 3703 4782 promptuarium

2144 4806 2339 4844 eorum
2370 4791 2652 4861 omnium,
2684 4793 2892 4866 quibus
2917 4806 3197 4869 praecepta
3238 4798 3299 4850 in
3337 4797 3582 4853 Politicis
3624 4800 3716 4853 il-

509 4850 757 4903 Plutarch.
781 4856 854 4904 De
887 4855 1047 4910 fluviis
1081 4863 1288 4915 extrem.
1329 4871 1472 4920 certe
1493 4872 1621 4935 quod
1647 4873 1934 4928 Plutarchus
1963 4879 1997 4928 1.
2021 4879 2055 4930 l.
2141 4875 2464 4947 lustrantur,
2504 4878 2667 4935 fuisse
2693 4882 2764 4936 sit
2791 4880 3151 4936 censendum.
3187 4884 3332 4939 Ecce
3358 4887 3587 4940 nomina
3619 4888 3704 4940 ci-

507 4921 2058 5079 tutasti?&liiffiffizffffifflflffssg'ffffw
2140 4962 2374 5017 ‘'stam“
2397 4974 2565 5038 ”que
2587 4966 2845 5022 ⁰¹'‘³³¹¹²¹¹¹
2864 4984 2979 5040 ‘¹¹¹⁰
3008 4967 3402 5045 insmgm²¹¹²³⁵
3419 4972 3624 5027 ⁰⁰⁵³ss
3643 4991 3705 5029 ⁵⁰

570 5065 858 5116 Annaeus
908 5073 1145 5137 aerump-
1187 5077 1455 5143 Reliquum
1485 5084 1690 5146 concon
1732 5089 1786 5137 0·
1823 5092 1885 5140 F·
1921 5091 2057 5143 Nm·
2143 5050 2448 5124 excipiunt.
2473 5053 2697 5109 Scilicet
2726 5071 2900 5128 quum
2926 5053 3098 5128 ipsius
3127 5057 3437 5113 Aristotelis
3462 5057 3706 5117 adorna·

506 5143 684 5212 mann.
721 5134 1019 5222 Heidelberg.
1047 5151 1181 5198 1827.
1215 5150 1308 5207 Qui
1336 5151 1528 5213 quidem
1561 5155 1750 5207 libellus
1769 5159 1948 5212 nullius
1969 5175 2052 5212 no·
2206 5165 2269 5228 ζ’)
2304 5167 2340 5216 l.
2366 5167 2403 5216 1.
2434 5181 2483 5231 p.
2510 5177 2537 5218 2
2567 5190 2579 5220 2
2602 5170 2869 5221 Aristotelis
2886 5173 3134 5235 perspicua
3158 5176 3335 5238 scripta
3372 5179 3485 5225 sunt
3529 5177 3589 5226 τὰ
3613 5195 3715 5241 με»

504 5200 580 5252 b¹⁸
599 5216 714 5255 ⁰⁸⁰⁸
731 5216 833 5258 0⁸⁵0
849 5211 1027 5271 ΡΟῙΙΙΙῐ·
1064 5217 1184 5267 Tam
1210 5219 1385 5282 supina
1407 5224 1479 5275 est
1512 5226 1721 5278 auctoris
1751 5229 2052 5293 negligentia.
2145 5235 2325 5300 τέωρα,
2349 5238 2408 5287 τὰ
2425 5239 2604 5290 τοπικὰ
2625 5242 2705 5290 καὶ
2726 5244 2784 5291 αἱ
2808 5243 3049 5300 γνήσιαι
3072 5245 3251 5295 αὐτοῦ
3275 5247 3602 5295 πολιτεῖαι.

2042 5339 2123 5383 102
