<?xml version="1.0" encoding="UTF-8"?>
<!DOCTYPE html PUBLIC "-//W3C//DTD XHTML 1.0 Transitional//EN"
    "http://www.w3.org/TR/xhtml1/DTD/xhtml1-transitional.dtd">
<html xmlns="http://www.w3.org/1999/xhtml" xml:lang="en" lang="en">
 <head>
  <title>
</title>
<meta http-equiv="Content-Type" content="text/html;charset=utf-8" />
  <meta name='ocr-system' content='tesseract 3.04.00' />
  <meta name='ocr-capabilities' content='ocr_page ocr_carea ocr_par ocr_line ocrx_word'/>
</head>
<body>
  <div class='ocr_page' id='page_1' title='image "./fragmentahistor00mgoog_0519.png"; bbox 0 0 4016 5916; ppageno 0'>
   <div class='ocr_carea' id='block_1_1' title="bbox 1669 390 2163 452">
    <p class='ocr_par' dir='ltr' id='par_1_1' title="bbox 1669 390 2163 452">
     <span class='ocr_line' id='line_1_1' title="bbox 1669 390 2163 452; baseline 0.002 -1"><span class='ocrx_word' id='word_1_1' title='bbox 1669 390 2163 452; x_wconf 75' lang='lat' dir='ltr'><strong>FRAGMENTA.</strong></span> 
     </span>
    </p>
   </div>
   <div class='ocr_carea' id='block_1_2' title="bbox 292 523 1858 1033">
    <p class='ocr_par' dir='ltr' id='par_1_2' title="bbox 292 523 1857 947">
     <span class='ocr_line' id='line_1_2' title="bbox 292 523 1851 600; baseline -0.003 -18"><span class='ocrx_word' id='word_1_2' title='bbox 292 526 545 584; x_wconf 73' lang='lat' dir='ltr'><strong>tioreetae</strong></span> <span class='ocrx_word' id='word_1_3' title='bbox 602 525 879 600; x_wconf 87' lang='lat' dir='ltr'><strong>supplices</strong></span> <span class='ocrx_word' id='word_1_4' title='bbox 917 523 989 579; x_wconf 88' lang='lat' dir='ltr'><strong>ad</strong></span> <span class='ocrx_word' id='word_1_5' title='bbox 1031 542 1217 599; x_wconf 84' lang='lat' dir='ltr'><strong>regern</strong></span> <span class='ocrx_word' id='word_1_6' title='bbox 1252 525 1439 580; x_wconf 80' lang='lat' dir='ltr'>literas</span> <span class='ocrx_word' id='word_1_7' title='bbox 1460 541 1490 580; x_wconf 87' lang='lat' dir='ltr'><strong>e</strong></span> <span class='ocrx_word' id='word_1_8' title='bbox 1515 524 1704 580; x_wconf 89' lang='lat' dir='ltr'><strong>Cilicia</strong></span> <span class='ocrx_word' id='word_1_9' title='bbox 1718 525 1851 578; x_wconf 89' lang='lat' dir='ltr'><strong>mit—</strong></span> 
     </span>
     <span class='ocr_line' id='line_1_3' title="bbox 303 607 1853 687; baseline -0.001 -20"><span class='ocrx_word' id='word_1_10' title='bbox 303 614 441 667; x_wconf 80' lang='lat' dir='ltr'><strong>tenti</strong></span> <span class='ocrx_word' id='word_1_11' title='bbox 494 610 511 687; x_wconf 85' lang='lat'><strong>(</strong></span> <span class='ocrx_word' id='word_1_12' title='bbox 536 613 819 667; x_wconf 87' lang='lat' dir='ltr'><strong>Plutarch.</strong></span> <span class='ocrx_word' id='word_1_13' title='bbox 879 611 1077 683; x_wconf 80' lang='lat' dir='ltr'><strong>Pyrrh.</strong></span> <span class='ocrx_word' id='word_1_14' title='bbox 1133 629 1179 666; x_wconf 89' lang='lat' dir='ltr'><strong>c.</strong></span> <span class='ocrx_word' id='word_1_15' title='bbox 1240 617 1310 680; x_wconf 74' lang='lat'><strong>47</strong></span> <span class='ocrx_word' id='word_1_16' title='bbox 1344 607 1360 687; x_wconf 93' lang='lat'>)</span> <span class='ocrx_word' id='word_1_17' title='bbox 1385 631 1401 678; x_wconf 90' lang='lat'>;</span> <span class='ocrx_word' id='word_1_18' title='bbox 1461 612 1559 683; x_wconf 90' lang='lat' dir='ltr'><strong>qui</strong></span> <span class='ocrx_word' id='word_1_19' title='bbox 1607 610 1853 683; x_wconf 87' lang='lat' dir='ltr'><strong>denique</strong></span> 
     </span>
     <span class='ocr_line' id='line_1_4' title="bbox 297 696 1857 774; baseline -0.001 -20"><span class='ocrx_word' id='word_1_20' title='bbox 297 711 429 774; x_wconf 87' lang='lat' dir='ltr'><strong>post</strong></span> <span class='ocrx_word' id='word_1_21' title='bbox 455 710 697 754; x_wconf 88' lang='lat' dir='ltr'><strong>mortem</strong></span> <span class='ocrx_word' id='word_1_22' title='bbox 737 698 953 753; x_wconf 82' lang='lat' dir='ltr'><strong>Seleuci</strong></span> <span class='ocrx_word' id='word_1_23' title='bbox 975 696 1148 773; x_wconf 79' lang='lat'>(280)</span> <span class='ocrx_word' id='word_1_24' title='bbox 1177 698 1248 753; x_wconf 89' lang='lat' dir='ltr'><strong>ab</strong></span> <span class='ocrx_word' id='word_1_25' title='bbox 1279 698 1560 753; x_wconf 83' lang='lat' dir='ltr'>Antiocho</span> <span class='ocrx_word' id='word_1_26' title='bbox 1585 699 1644 751; x_wconf 91' lang='lat' dir='ltr'><strong>in</strong></span> <span class='ocrx_word' id='word_1_27' title='bbox 1672 699 1857 753; x_wconf 80' lang='lat' dir='ltr'>Asiam</span> 
     </span>
     <span class='ocr_line' id='line_1_5' title="bbox 297 783 1856 855; baseline -0.002 -14"><span class='ocrx_word' id='word_1_28' title='bbox 297 787 495 841; x_wconf 84' lang='lat' dir='ltr'><strong>missus</strong></span> <span class='ocrx_word' id='word_1_29' title='bbox 532 796 612 841; x_wconf 87' lang='lat' dir='ltr'><strong>est</strong></span> <span class='ocrx_word' id='word_1_30' title='bbox 666 786 975 853; x_wconf 83' lang='lat' dir='ltr'><strong>minorem,</strong></span> <span class='ocrx_word' id='word_1_31' title='bbox 1021 793 1083 837; x_wconf 88' lang='lat' dir='ltr'><strong>ut</strong></span> <span class='ocrx_word' id='word_1_32' title='bbox 1121 783 1458 855; x_wconf 84' lang='lat' dir='ltr'><strong>pullulantes</strong></span> <span class='ocrx_word' id='word_1_33' title='bbox 1507 783 1588 837; x_wconf 90' lang='lat' dir='ltr'><strong>ibi</strong></span> <span class='ocrx_word' id='word_1_34' title='bbox 1628 783 1856 839; x_wconf 89' lang='lat' dir='ltr'><strong>seditio-</strong></span> 
     </span>
     <span class='ocr_line' id='line_1_6' title="bbox 298 869 1854 947; baseline -0.002 -19"><span class='ocrx_word' id='word_1_35' title='bbox 298 891 400 928; x_wconf 85' lang='lat' dir='ltr'><strong>nes</strong></span> <span class='ocrx_word' id='word_1_36' title='bbox 422 874 787 947; x_wconf 78' lang='lat' dir='ltr'><strong>restingueret</strong></span> <span class='ocrx_word' id='word_1_37' title='bbox 818 871 886 946; x_wconf 78' lang='lat' dir='ltr'><strong>(v.</strong></span> <span class='ocrx_word' id='word_1_38' title='bbox 903 873 1173 944; x_wconf 74' lang='lat' dir='ltr'><strong>Droysen.</strong></span> <span class='ocrx_word' id='word_1_39' title='bbox 1202 870 1521 926; x_wconf 76' lang='lat' dir='ltr'><strong>Hellenism.</strong></span> <span class='ocrx_word' id='word_1_40' title='bbox 1549 872 1596 935; x_wconf 92' lang='grc' dir='ltr'><strong>Ι,</strong></span> <span class='ocrx_word' id='word_1_41' title='bbox 1614 889 1672 943; x_wconf 89' lang='lat' dir='ltr'><strong>p.</strong></span> <span class='ocrx_word' id='word_1_42' title='bbox 1700 869 1854 945; x_wconf 70' lang='lat'>644).</span> 
     </span>
    </p>

    <p class='ocr_par' dir='ltr' id='par_1_3' title="bbox 381 957 1858 1033">
     <span class='ocr_line' id='line_1_7' title="bbox 381 957 1858 1033; baseline -0.003 -17"><span class='ocrx_word' id='word_1_43' title='bbox 381 959 579 1016; x_wconf 82' lang='lat' dir='ltr'>Fidem</span> <span class='ocrx_word' id='word_1_44' title='bbox 605 959 892 1033; x_wconf 89' lang='lat' dir='ltr'><strong>scriptoris</strong></span> <span class='ocrx_word' id='word_1_45' title='bbox 920 970 976 1013; x_wconf 86' lang='lat' dir='ltr'><strong>et</strong></span> <span class='ocrx_word' id='word_1_46' title='bbox 1001 958 1390 1013; x_wconf 88' lang='lat' dir='ltr'><strong>auctoritatem</strong></span> <span class='ocrx_word' id='word_1_47' title='bbox 1406 958 1631 1012; x_wconf 87' lang='lat' dir='ltr'><strong>summis</strong></span> <span class='ocrx_word' id='word_1_48' title='bbox 1657 957 1858 1013; x_wconf 82' lang='lat' dir='ltr'><strong>Strabo</strong></span> 
     </span>
    </p>
   </div>
   <div class='ocr_carea' id='block_1_3' title="bbox 1896 527 1905 896">
    <p class='ocr_par' dir='ltr' id='par_1_4' title="bbox 1896 527 1905 896">
     <span class='ocr_line' id='line_1_8' title="bbox 1896 527 1905 896; baseline 0 5020"><span class='ocrx_word' id='word_1_49' title='bbox 1896 527 1905 896; x_wconf 95' lang='lat' dir='ltr'><strong> </strong></span> 
     </span>
    </p>
   </div>
   <div class='ocr_carea' id='block_1_4' title="bbox 3388 410 3509 461">
    <p class='ocr_par' dir='ltr' id='par_1_5' title="bbox 3388 410 3509 461">
     <span class='ocr_line' id='line_1_9' title="bbox 3388 410 3509 461; baseline 0.033 -4"><span class='ocrx_word' id='word_1_50' title='bbox 3388 410 3509 461; x_wconf 67' lang='lat'><strong>⁴43</strong></span> 
     </span>
    </p>
   </div>
   <div class='ocr_carea' id='block_1_5' title="bbox 1943 519 3515 1128">
    <p class='ocr_par' dir='ltr' id='par_1_6' title="bbox 1943 519 3515 1128">
     <span class='ocr_line' id='line_1_10' title="bbox 1944 519 3515 607; baseline 0.006 -28"><span class='ocrx_word' id='word_1_51' title='bbox 1944 523 2096 599; x_wconf 81' lang='grc' dir='ltr'>ὀρῶν,</span> <span class='ocrx_word' id='word_1_52' title='bbox 2124 523 2170 580; x_wconf 79' lang='grc' dir='ltr'>οἱ</span> <span class='ocrx_word' id='word_1_53' title='bbox 2192 519 2245 579; x_wconf 78' lang='grc' dir='ltr'>δὲ</span> <span class='ocrx_word' id='word_1_54' title='bbox 2265 524 2356 590; x_wconf 77' lang='grc' dir='ltr'>τ’ἧς</span> <span class='ocrx_word' id='word_1_55' title='bbox 2384 521 2624 592; x_wconf 76' lang='grc' dir='ltr'>Ἰνδικῆς.</span> <span class='ocrx_word' id='word_1_56' title='bbox 2660 525 2711 582; x_wconf 90' lang='grc' dir='ltr'>Π</span> <span class='ocrx_word' id='word_1_57' title='bbox 2718 522 2798 601; x_wconf 66' lang='grc' dir='ltr'><strong>ρος</strong></span> <span class='ocrx_word' id='word_1_58' title='bbox 2822 521 2874 581; x_wconf 77' lang='grc' dir='ltr'>δὲ</span> <span class='ocrx_word' id='word_1_59' title='bbox 2904 521 2998 594; x_wconf 84' lang='grc' dir='ltr'><strong>τὴν</strong></span> <span class='ocrx_word' id='word_1_60' title='bbox 3028 523 3287 607; x_wconf 63' lang='grc' dir='ltr'>ἀπόφασιν</span> <span class='ocrx_word' id='word_1_61' title='bbox 3311 527 3515 602; x_wconf 72' lang='grc' dir='ltr'>ταύτην</span> 
     </span>
     <span class='ocr_line' id='line_1_11' title="bbox 1943 607 3507 698; baseline 0.008 -34"><span class='ocrx_word' id='word_1_62' title='bbox 1943 613 1971 668; x_wconf 82' lang='grc' dir='ltr'>δ</span> <span class='ocrx_word' id='word_1_63' title='bbox 1989 607 2281 690; x_wconf 81' lang='grc' dir='ltr'>Ἵππαρχος</span> <span class='ocrx_word' id='word_1_64' title='bbox 2305 609 2557 685; x_wconf 76' lang='grc' dir='ltr'>ἀντιλέγει</span> <span class='ocrx_word' id='word_1_65' title='bbox 2576 609 2871 669; x_wconf 77' lang='grc' dir='ltr'>διαὸάλλων</span> <span class='ocrx_word' id='word_1_66' title='bbox 2896 611 2988 678; x_wconf 73' lang='grc' dir='ltr'><strong>τὰς</strong></span> <span class='ocrx_word' id='word_1_67' title='bbox 3011 613 3240 680; x_wconf 76' lang='grc' dir='ltr'><strong>πίστεις·</strong></span> <span class='ocrx_word' id='word_1_68' title='bbox 3259 616 3376 676; x_wconf 82' lang='grc' dir='ltr'>οὔτε</span> <span class='ocrx_word' id='word_1_69' title='bbox 3405 618 3507 698; x_wconf 73' lang='grc' dir='ltr'><strong>γὰρ</strong></span> 
     </span>
     <span class='ocr_line' id='line_1_12' title="bbox 1947 686 3507 786; baseline 0.006 -32"><span class='ocrx_word' id='word_1_70' title='bbox 1947 694 2258 780; x_wconf 60' lang='grc' dir='ltr'>Πατροκλέα</span> <span class='ocrx_word' id='word_1_71' title='bbox 2286 692 2469 753; x_wconf 78' lang='grc' dir='ltr'>πιστὸν</span> <span class='ocrx_word' id='word_1_72' title='bbox 2491 686 2644 772; x_wconf 73' lang='grc' dir='ltr'>εἶναι,</span> <span class='ocrx_word' id='word_1_73' title='bbox 2670 697 2805 755; x_wconf 84' lang='grc' dir='ltr'>δυεῖν</span> <span class='ocrx_word' id='word_1_74' title='bbox 2831 699 3341 779; x_wconf 77' lang='grc' dir='ltr'>ἀντιμαρτυρούντων</span> <span class='ocrx_word' id='word_1_75' title='bbox 3364 707 3507 786; x_wconf 76' lang='grc' dir='ltr'>αὐτῷ</span> 
     </span>
     <span class='ocr_line' id='line_1_13' title="bbox 1946 780 3509 863; baseline 0.007 -23"><span class='ocrx_word' id='word_1_76' title='bbox 1946 781 2224 859; x_wconf 77' lang='grc' dir='ltr'>Δηιμάχου</span> <span class='ocrx_word' id='word_1_77' title='bbox 2256 804 2313 840; x_wconf 80' lang='grc' dir='ltr'><strong>τε</strong></span> <span class='ocrx_word' id='word_1_78' title='bbox 2341 780 2431 839; x_wconf 78' lang='grc' dir='ltr'><strong>καὶ</strong></span> <span class='ocrx_word' id='word_1_79' title='bbox 2455 781 2846 859; x_wconf 83' lang='grc' dir='ltr'>Μεγασθίνους,</span> <span class='ocrx_word' id='word_1_80' title='bbox 2873 782 2919 841; x_wconf 81' lang='grc' dir='ltr'>οἳ</span> <span class='ocrx_word' id='word_1_81' title='bbox 2939 790 3056 843; x_wconf 77' lang='grc' dir='ltr'>καθ’</span> <span class='ocrx_word' id='word_1_82' title='bbox 3085 786 3171 854; x_wconf 75' lang='grc' dir='ltr'><strong>οὒς</strong></span> <span class='ocrx_word' id='word_1_83' title='bbox 3200 787 3291 863; x_wconf 82' lang='grc' dir='ltr'><strong>μὲν</strong></span> <span class='ocrx_word' id='word_1_84' title='bbox 3323 789 3509 858; x_wconf 79' lang='grc' dir='ltr'>τόπους</span> 
     </span>
     <span class='ocr_line' id='line_1_14' title="bbox 1949 857 3507 952; baseline 0.007 -28"><span class='ocrx_word' id='word_1_85' title='bbox 1949 866 2235 947; x_wconf 77' lang='grc' dir='ltr'>δισμυρίων</span> <span class='ocrx_word' id='word_1_86' title='bbox 2258 857 2387 925; x_wconf 70' lang='grc' dir='ltr'>εἶναι</span> <span class='ocrx_word' id='word_1_87' title='bbox 2410 867 2633 925; x_wconf 76' lang='grc' dir='ltr'>σταδίων</span> <span class='ocrx_word' id='word_1_88' title='bbox 2670 869 2727 927; x_wconf 79' lang='grc' dir='ltr'><strong>τὸ</strong></span> <span class='ocrx_word' id='word_1_89' title='bbox 2747 869 3011 947; x_wconf 70' lang='grc' dir='ltr'>διάστημά</span> <span class='ocrx_word' id='word_1_90' title='bbox 3043 895 3170 952; x_wconf 69' lang='grc' dir='ltr'>φασι</span> <span class='ocrx_word' id='word_1_91' title='bbox 3198 873 3256 930; x_wconf 77' lang='grc' dir='ltr'><strong>τὸ</strong></span> <span class='ocrx_word' id='word_1_92' title='bbox 3296 877 3397 934; x_wconf 68' lang='grc' dir='ltr'>ἀπὸ</span> <span class='ocrx_word' id='word_1_93' title='bbox 3416 883 3507 948; x_wconf 76' lang='grc' dir='ltr'><strong>τῆς</strong></span> 
     </span>
     <span class='ocr_line' id='line_1_15' title="bbox 1948 953 3508 1040; baseline 0.007 -28"><span class='ocrx_word' id='word_1_94' title='bbox 1948 953 2085 1013; x_wconf 74' lang='grc' dir='ltr'>κατὰ</span> <span class='ocrx_word' id='word_1_95' title='bbox 2115 953 2447 1034; x_wconf 74' lang='grc' dir='ltr'>μεσημὸρίαν</span> <span class='ocrx_word' id='word_1_96' title='bbox 2479 955 2776 1033; x_wconf 78' lang='grc' dir='ltr'><strong>Θαλάττης,</strong></span> <span class='ocrx_word' id='word_1_97' title='bbox 2809 958 2924 1016; x_wconf 85' lang='grc' dir='ltr'>καθ’</span> <span class='ocrx_word' id='word_1_98' title='bbox 2966 958 3053 1026; x_wconf 75' lang='grc' dir='ltr'><strong>οὓς</strong></span> <span class='ocrx_word' id='word_1_99' title='bbox 3089 959 3142 1018; x_wconf 69' lang='grc' dir='ltr'>δὲ</span> <span class='ocrx_word' id='word_1_100' title='bbox 3180 962 3270 1019; x_wconf 79' lang='grc' dir='ltr'><strong>καὶ</strong></span> <span class='ocrx_word' id='word_1_101' title='bbox 3296 985 3508 1040; x_wconf 88' lang='grc' dir='ltr'>τρισμυ·</span> 
     </span>
     <span class='ocr_line' id='line_1_16' title="bbox 1950 1039 3508 1128; baseline 0.007 -30"><span class='ocrx_word' id='word_1_102' title='bbox 1950 1040 2070 1120; x_wconf 86' lang='grc' dir='ltr'>ρίων</span> <span class='ocrx_word' id='word_1_103' title='bbox 2087 1061 2103 1077; x_wconf 86' lang='grc'><em>·</em></span> <span class='ocrx_word' id='word_1_104' title='bbox 2122 1039 2329 1108; x_wconf 79' lang='grc' dir='ltr'>τούτους</span> <span class='ocrx_word' id='word_1_105' title='bbox 2350 1065 2409 1120; x_wconf 80' lang='grc' dir='ltr'><strong>γε</strong></span> <span class='ocrx_word' id='word_1_106' title='bbox 2438 1042 2502 1113; x_wconf 84' lang='grc' dir='ltr'>δὴ</span> <span class='ocrx_word' id='word_1_107' title='bbox 2529 1048 2745 1103; x_wconf 86' lang='grc' dir='ltr'>τοιαῦτα</span> <span class='ocrx_word' id='word_1_108' title='bbox 2783 1043 2970 1122; x_wconf 80' lang='grc' dir='ltr'>λέγειν,</span> <span class='ocrx_word' id='word_1_109' title='bbox 3008 1046 3098 1105; x_wconf 78' lang='grc' dir='ltr'><strong>καὶ</strong></span> <span class='ocrx_word' id='word_1_110' title='bbox 3123 1045 3239 1115; x_wconf 76' lang='grc' dir='ltr'>τοὺς</span> <span class='ocrx_word' id='word_1_111' title='bbox 3262 1051 3508 1128; x_wconf 79' lang='grc' dir='ltr'>ἀρχαίους</span> 
     </span>
    </p>
   </div>
   <div class='ocr_carea' id='block_1_6' title="bbox 296 989 3521 2258">
    <p class='ocr_par' dir='ltr' id='par_1_7' title="bbox 296 989 3521 2258">
     <span class='ocr_line' id='line_1_17' title="bbox 301 989 1906 1104; baseline -0.002 -2"><span class='ocrx_word' id='word_1_112' title='bbox 301 1046 565 1102; x_wconf 81' lang='lat' dir='ltr'><strong>laudibus</strong></span> <span class='ocrx_word' id='word_1_113' title='bbox 603 1045 784 1101; x_wconf 83' lang='lat' dir='ltr'><strong>effert.</strong></span> <span class='ocrx_word' id='word_1_114' title='bbox 831 1047 959 1101; x_wconf 80' lang='lat' dir='ltr'><strong>Non</strong></span> <span class='ocrx_word' id='word_1_115' title='bbox 989 1044 1223 1099; x_wconf 65' lang='lat' dir='ltr'><strong>indulsit</strong></span> <span class='ocrx_word' id='word_1_116' title='bbox 1248 1045 1529 1099; x_wconf 83' lang='lat' dir='ltr'><strong>Patrocles</strong></span> <span class='ocrx_word' id='word_1_117' title='bbox 1568 1043 1860 1098; x_wconf 87' lang='lat' dir='ltr'><strong>narrandis</strong></span> <span class='ocrx_word' id='word_1_118' title='bbox 1900 989 1906 1104; x_wconf 61' lang='grc' dir='ltr'><strong>ι</strong></span> 
     </span>
     <span class='ocr_line' id='line_1_18' title="bbox 301 1107 3519 1220; baseline -0.001 -32"><span class='ocrx_word' id='word_1_119' title='bbox 301 1133 529 1202; x_wconf 85' lang='lat' dir='ltr'><strong>fabulis,</strong></span> <span class='ocrx_word' id='word_1_120' title='bbox 570 1134 653 1188; x_wconf 90' lang='lat' dir='ltr'><strong>uti</strong></span> <span class='ocrx_word' id='word_1_121' title='bbox 685 1130 1061 1206; x_wconf 83' lang='lat' dir='ltr'><strong>Megasthenes</strong></span> <span class='ocrx_word' id='word_1_122' title='bbox 1094 1127 1438 1208; x_wconf 65' lang='grc' dir='ltr'>(Πατροκλῆς</span> <span class='ocrx_word' id='word_1_123' title='bbox 1477 1127 1667 1198; x_wconf 80' lang='grc' dir='ltr'>ἥκιστα</span> <span class='ocrx_word' id='word_1_124' title='bbox 1693 1132 1858 1187; x_wconf 86' lang='grc' dir='ltr'>τοιοῦ-</span> <span class='ocrx_word' id='word_1_125' title='bbox 1900 1107 1907 1220; x_wconf 56' lang='grc' dir='ltr'><strong>ξ</strong></span> <span class='ocrx_word' id='word_1_126' title='bbox 1945 1128 2169 1195; x_wconf 84' lang='grc' dir='ltr'>πίνακας</span> <span class='ocrx_word' id='word_1_127' title='bbox 2191 1127 2385 1194; x_wconf 76' lang='grc' dir='ltr'>τούτοις</span> <span class='ocrx_word' id='word_1_128' title='bbox 2404 1131 2696 1206; x_wconf 70' lang='grc' dir='ltr'>ὁμολογεῖν.</span> <span class='ocrx_word' id='word_1_129' title='bbox 2724 1131 2995 1190; x_wconf 80' lang='grc' dir='ltr'>Ἀπίθανον</span> <span class='ocrx_word' id='word_1_130' title='bbox 3020 1133 3083 1205; x_wconf 78' lang='grc' dir='ltr'>δή</span> <span class='ocrx_word' id='word_1_131' title='bbox 3110 1156 3209 1193; x_wconf 91' lang='grc' dir='ltr'><strong>που</strong></span> <span class='ocrx_word' id='word_1_132' title='bbox 3233 1137 3427 1211; x_wconf 83' lang='grc' dir='ltr'>νομίζει</span> <span class='ocrx_word' id='word_1_133' title='bbox 3449 1138 3519 1197; x_wconf 67' lang='grc' dir='ltr'>τὸ.</span> 
     </span>
     <span class='ocr_line' id='line_1_19' title="bbox 302 1215 3517 1303; baseline 0.002 -27"><span class='ocrx_word' id='word_1_134' title='bbox 302 1238 387 1281; x_wconf 89' lang='grc' dir='ltr'><strong>τος</strong></span> <span class='ocrx_word' id='word_1_135' title='bbox 406 1219 606 1275; x_wconf 80' lang='lat' dir='ltr'><strong>Strabo</strong></span> <span class='ocrx_word' id='word_1_136' title='bbox 627 1220 774 1291; x_wconf 86' lang='lat' dir='ltr'><strong>ll,p.</strong></span> <span class='ocrx_word' id='word_1_137' title='bbox 799 1236 890 1288; x_wconf 82' lang='lat'><strong>70.</strong></span> <span class='ocrx_word' id='word_1_138' title='bbox 910 1221 976 1275; x_wconf 90' lang='lat' dir='ltr'><strong>V.</strong></span> <span class='ocrx_word' id='word_1_139' title='bbox 996 1217 1336 1291; x_wconf 84' lang='lat' dir='ltr'><strong>Megasthen.</strong></span> <span class='ocrx_word' id='word_1_140' title='bbox 1361 1216 1499 1291; x_wconf 81' lang='lat' dir='ltr'><strong>fr.);</strong></span> <span class='ocrx_word' id='word_1_141' title='bbox 1528 1233 1715 1271; x_wconf 89' lang='lat' dir='ltr'><strong>rerum</strong></span> <span class='ocrx_word' id='word_1_142' title='bbox 1739 1234 1859 1270; x_wconf 89' lang='lat' dir='ltr'><strong>ma·</strong></span> <span class='ocrx_word' id='word_1_143' title='bbox 1901 1225 1906 1256; x_wconf 86' lang='lat'><strong>=&#39;</strong></span> <span class='ocrx_word' id='word_1_144' title='bbox 1949 1215 2090 1295; x_wconf 84' lang='grc' dir='ltr'>μόνῳ</span> <span class='ocrx_word' id='word_1_145' title='bbox 2118 1217 2221 1274; x_wconf 80' lang='grc' dir='ltr'>δεῖν</span> <span class='ocrx_word' id='word_1_146' title='bbox 2260 1217 2517 1275; x_wconf 75' lang='grc' dir='ltr'>πιστεύειν</span> <span class='ocrx_word' id='word_1_147' title='bbox 2548 1220 2874 1298; x_wconf 86' lang='grc' dir='ltr'>Πατροκλεῖ,</span> <span class='ocrx_word' id='word_1_148' title='bbox 2904 1219 3164 1301; x_wconf 79' lang='grc' dir='ltr'>παρέντας</span> <span class='ocrx_word' id='word_1_149' title='bbox 3189 1222 3376 1303; x_wconf 77' lang='grc' dir='ltr'>[τοὺς]</span> <span class='ocrx_word' id='word_1_150' title='bbox 3420 1248 3517 1284; x_wconf 50' lang='grc' dir='ltr'><strong>τοΦ</strong></span> 
     </span>
     <span class='ocr_line' id='line_1_20' title="bbox 307 1304 3517 1389; baseline 0.003 -29"><span class='ocrx_word' id='word_1_151' title='bbox 307 1307 724 1361; x_wconf 85' lang='lat' dir='ltr'><strong>thematicarum</strong></span> <span class='ocrx_word' id='word_1_152' title='bbox 776 1304 928 1360; x_wconf 87' lang='lat' dir='ltr'><strong>haud</strong></span> <span class='ocrx_word' id='word_1_153' title='bbox 980 1305 1272 1377; x_wconf 87' lang='lat' dir='ltr'><strong>imperitus</strong></span> <span class='ocrx_word' id='word_1_154' title='bbox 1334 1304 1467 1377; x_wconf 81' lang='lat' dir='ltr'><strong>suit,</strong></span> <span class='ocrx_word' id='word_1_155' title='bbox 1518 1315 1575 1360; x_wconf 88' lang='lat' dir='ltr'><strong>et</strong></span> <span class='ocrx_word' id='word_1_156' title='bbox 1627 1314 1862 1377; x_wconf 88' lang='lat' dir='ltr'><strong>propter</strong></span> <span class='ocrx_word' id='word_1_157' title='bbox 1950 1308 2131 1362; x_wconf 87' lang='grc' dir='ltr'>σοῦτον</span> <span class='ocrx_word' id='word_1_158' title='bbox 2186 1307 2211 1332; x_wconf 85' lang='lat'>*</span> <span class='ocrx_word' id='word_1_159' title='bbox 2265 1305 2770 1383; x_wconf 77' lang='grc' dir='ltr'>ἀντιμαρτυροῦντας</span> <span class='ocrx_word' id='word_1_160' title='bbox 2825 1307 2999 1386; x_wconf 73' lang='grc' dir='ltr'>αὐτῷ,</span> <span class='ocrx_word' id='word_1_161' title='bbox 3053 1307 3142 1366; x_wconf 80' lang='grc' dir='ltr'><strong>καὶ</strong></span> <span class='ocrx_word' id='word_1_162' title='bbox 3191 1310 3517 1389; x_wconf 78' lang='grc' dir='ltr'>διορθοῦσθαι</span> 
     </span>
     <span class='ocr_line' id='line_1_21' title="bbox 303 1388 3508 1473; baseline 0.002 -25"><span class='ocrx_word' id='word_1_163' title='bbox 303 1393 551 1448; x_wconf 88' lang='lat' dir='ltr'><strong>muneris</strong></span> <span class='ocrx_word' id='word_1_164' title='bbox 585 1393 917 1467; x_wconf 83' lang='lat' dir='ltr'><strong>dignitatem</strong></span> <span class='ocrx_word' id='word_1_165' title='bbox 961 1403 1017 1447; x_wconf 90' lang='lat' dir='ltr'><strong>et</strong></span> <span class='ocrx_word' id='word_1_166' title='bbox 1039 1393 1521 1467; x_wconf 88' lang='lat' dir='ltr'><strong>opportunitatem</strong></span> <span class='ocrx_word' id='word_1_167' title='bbox 1549 1410 1744 1447; x_wconf 69' lang='lat' dir='ltr'><strong>verum</strong></span> <span class='ocrx_word' id='word_1_168' title='bbox 1780 1392 1859 1447; x_wconf 87' lang='lat' dir='ltr'><strong>sa·</strong></span> <span class='ocrx_word' id='word_1_169' title='bbox 1948 1393 2072 1468; x_wconf 88' lang='grc' dir='ltr'>παρ’</span> <span class='ocrx_word' id='word_1_170' title='bbox 2110 1388 2237 1447; x_wconf 79' lang='grc' dir='ltr'>αὐτὸ</span> <span class='ocrx_word' id='word_1_171' title='bbox 2264 1394 2414 1448; x_wconf 87' lang='grc' dir='ltr'>τοῦτο</span> <span class='ocrx_word' id='word_1_172' title='bbox 2453 1390 2570 1456; x_wconf 73' lang='grc' dir='ltr'>τοὺς</span> <span class='ocrx_word' id='word_1_173' title='bbox 2598 1391 2841 1472; x_wconf 80' lang='grc' dir='ltr'>ἀρχαίους</span> <span class='ocrx_word' id='word_1_174' title='bbox 2866 1392 3115 1467; x_wconf 86' lang='grc' dir='ltr'>πίνακας,</span> <span class='ocrx_word' id='word_1_175' title='bbox 3143 1395 3275 1454; x_wconf 77' lang='grc' dir='ltr'>ἀλλὰ</span> <span class='ocrx_word' id='word_1_176' title='bbox 3315 1396 3389 1473; x_wconf 79' lang='grc' dir='ltr'>μὴ</span> <span class='ocrx_word' id='word_1_177' title='bbox 3420 1401 3508 1457; x_wconf 75' lang='grc' dir='ltr'><strong>ἐᾶν</strong></span> 
     </span>
     <span class='ocr_line' id='line_1_22' title="bbox 305 1475 3309 1559; baseline 0.002 -24"><span class='ocrx_word' id='word_1_178' title='bbox 305 1480 509 1535; x_wconf 87' lang='lat' dir='ltr'><strong>cillime</strong></span> <span class='ocrx_word' id='word_1_179' title='bbox 547 1480 843 1553; x_wconf 81' lang='lat' dir='ltr'><strong>explorare</strong></span> <span class='ocrx_word' id='word_1_180' title='bbox 874 1481 1081 1553; x_wconf 88' lang='lat' dir='ltr'><strong>potuit.</strong></span> <span class='ocrx_word' id='word_1_181' title='bbox 1166 1481 1255 1535; x_wconf 91' lang='lat' dir='ltr'><strong>Sic</strong></span> <span class='ocrx_word' id='word_1_182' title='bbox 1277 1481 1423 1535; x_wconf 88' lang='lat' dir='ltr'><strong>inter</strong></span> <span class='ocrx_word' id='word_1_183' title='bbox 1447 1480 1554 1534; x_wconf 88' lang='lat' dir='ltr'><strong>alia</strong></span> <span class='ocrx_word' id='word_1_184' title='bbox 1579 1480 1664 1533; x_wconf 88' lang='lat' dir='ltr'><strong>uti</strong></span> <span class='ocrx_word' id='word_1_185' title='bbox 1702 1480 1752 1534; x_wconf 89' lang='lat' dir='ltr'><strong>ei</strong></span> <span class='ocrx_word' id='word_1_186' title='bbox 1794 1480 1858 1532; x_wconf 91' lang='lat' dir='ltr'><strong>li·</strong></span> <span class='ocrx_word' id='word_1_187' title='bbox 1903 1483 1906 1500; x_wconf 94' lang='lat'>&#39;</span> <span class='ocrx_word' id='word_1_188' title='bbox 1948 1476 2138 1552; x_wconf 76' lang='grc' dir='ltr'>οὕτως,</span> <span class='ocrx_word' id='word_1_189' title='bbox 2162 1475 2256 1543; x_wconf 76' lang='grc' dir='ltr'><strong>ἕως</strong></span> <span class='ocrx_word' id='word_1_190' title='bbox 2276 1478 2402 1536; x_wconf 79' lang='grc' dir='ltr'>ἄντι</span> <span class='ocrx_word' id='word_1_191' title='bbox 2428 1477 2725 1558; x_wconf 82' lang='grc' dir='ltr'>πιστότερον</span> <span class='ocrx_word' id='word_1_192' title='bbox 2753 1480 2871 1559; x_wconf 77' lang='grc' dir='ltr'>περὶ</span> <span class='ocrx_word' id='word_1_193' title='bbox 2892 1482 3059 1538; x_wconf 76' lang='grc' dir='ltr'>αὐτῶν</span> <span class='ocrx_word' id='word_1_194' title='bbox 3085 1485 3309 1559; x_wconf 87' lang='grc' dir='ltr'>γνῶμεν.</span> 
     </span>
     <span class='ocr_line' id='line_1_23' title="bbox 304 1566 3517 1648; baseline 0.003 -26"><span class='ocrx_word' id='word_1_195' title='bbox 304 1568 418 1622; x_wconf 84' lang='lat' dir='ltr'><strong>cuit</strong></span> <span class='ocrx_word' id='word_1_196' title='bbox 441 1568 534 1622; x_wconf 87' lang='lat' dir='ltr'><strong>illa</strong></span> <span class='ocrx_word' id='word_1_197' title='bbox 551 1568 846 1642; x_wconf 84' lang='lat' dir='ltr'><strong>regionum</strong></span> <span class='ocrx_word' id='word_1_198' title='bbox 870 1567 1237 1622; x_wconf 83' lang='lat' dir='ltr'><strong>Asiatiearum</strong></span> <span class='ocrx_word' id='word_1_199' title='bbox 1266 1566 1640 1639; x_wconf 86' lang='lat' dir='ltr'><strong>descriptione</strong></span> <span class='ocrx_word' id='word_1_200' title='bbox 1655 1608 1669 1634; x_wconf 92' lang='lat'>‚</span> <span class='ocrx_word' id='word_1_201' title='bbox 1693 1585 1859 1639; x_wconf 86' lang='lat' dir='ltr'><strong>quam</strong></span> <span class='ocrx_word' id='word_1_202' title='bbox 2026 1570 2093 1622; x_wconf 92' lang='lat' dir='ltr'><strong>In</strong></span> <span class='ocrx_word' id='word_1_203' title='bbox 2115 1586 2240 1640; x_wconf 88' lang='lat' dir='ltr'><strong>sqq.</strong></span> <span class='ocrx_word' id='word_1_204' title='bbox 2277 1567 2481 1625; x_wconf 86' lang='lat' dir='ltr'><strong>Strabo</strong></span> <span class='ocrx_word' id='word_1_205' title='bbox 2517 1581 2713 1626; x_wconf 86' lang='lat' dir='ltr'><strong>contra</strong></span> <span class='ocrx_word' id='word_1_206' title='bbox 2732 1572 3118 1645; x_wconf 87' lang='lat' dir='ltr'><strong>Hipparchum</strong></span> <span class='ocrx_word' id='word_1_207' title='bbox 3139 1572 3422 1648; x_wconf 83' lang='lat' dir='ltr'><strong>disputans</strong></span> <span class='ocrx_word' id='word_1_208' title='bbox 3440 1576 3517 1632; x_wconf 79' lang='lat' dir='ltr'><strong>de</strong></span> 
     </span>
     <span class='ocr_line' id='line_1_24' title="bbox 296 1627 3507 1732; baseline 0.003 -24"><span class='ocrx_word' id='word_1_209' title='bbox 296 1653 453 1726; x_wconf 85' lang='lat' dir='ltr'><strong>jussu</strong></span> <span class='ocrx_word' id='word_1_210' title='bbox 487 1653 795 1709; x_wconf 81' lang='lat' dir='ltr'><strong>Alexandri</strong></span> <span class='ocrx_word' id='word_1_211' title='bbox 832 1655 939 1708; x_wconf 75' lang='lat' dir='ltr'><strong>viri</strong></span> <span class='ocrx_word' id='word_1_212' title='bbox 961 1654 1278 1727; x_wconf 86' lang='lat' dir='ltr'><strong>peritissimi</strong></span> <span class='ocrx_word' id='word_1_213' title='bbox 1314 1654 1741 1709; x_wconf 85' lang='lat' dir='ltr'><strong>elaboraverant</strong></span> <span class='ocrx_word' id='word_1_214' title='bbox 1771 1653 1856 1728; x_wconf 77' lang='lat' dir='ltr'><strong>(v.</strong></span> <span class='ocrx_word' id='word_1_215' title='bbox 1903 1627 1908 1698; x_wconf 50' lang='grc' dir='ltr'>Ῐ</span> <span class='ocrx_word' id='word_1_216' title='bbox 1947 1657 2219 1711; x_wconf 88' lang='lat' dir='ltr'><strong>Patroclis</strong></span> <span class='ocrx_word' id='word_1_217' title='bbox 2240 1659 2570 1713; x_wconf 86' lang='lat' dir='ltr'><strong>auctoritate</strong></span> <span class='ocrx_word' id='word_1_218' title='bbox 2594 1669 2790 1713; x_wconf 87' lang='lat' dir='ltr'><strong>monet</strong></span> <span class='ocrx_word' id='word_1_219' title='bbox 2807 1660 2924 1715; x_wconf 82' lang='lat' dir='ltr'><strong>haec</strong></span> <span class='ocrx_word' id='word_1_220' title='bbox 2950 1677 2963 1717; x_wconf 72' lang='grc' dir='ltr'><strong>ε</strong></span> <span class='ocrx_word' id='word_1_221' title='bbox 2996 1657 3103 1717; x_wconf 84' lang='grc' dir='ltr'><strong>Καὶ</strong></span> <span class='ocrx_word' id='word_1_222' title='bbox 3123 1659 3256 1729; x_wconf 78' lang='grc' dir='ltr'>αὐτὴ</span> <span class='ocrx_word' id='word_1_223' title='bbox 3280 1658 3333 1718; x_wconf 86' lang='grc' dir='ltr'>δὲ</span> <span class='ocrx_word' id='word_1_224' title='bbox 3362 1665 3395 1732; x_wconf 80' lang='grc' dir='ltr'>ἡ</span> <span class='ocrx_word' id='word_1_225' title='bbox 3415 1667 3507 1719; x_wconf 86' lang='grc' dir='ltr'><strong>τοῦ</strong></span> 
     </span>
     <span class='ocr_line' id='line_1_25' title="bbox 301 1739 3507 1824; baseline 0.002 -29"><span class='ocrx_word' id='word_1_226' title='bbox 301 1741 372 1799; x_wconf 74' lang='lat' dir='ltr'><strong>tr.</strong></span> <span class='ocrx_word' id='word_1_227' title='bbox 413 1761 433 1796; x_wconf 80' lang='grc' dir='ltr'><strong>ι</strong></span> <span class='ocrx_word' id='word_1_228' title='bbox 470 1753 526 1796; x_wconf 89' lang='lat' dir='ltr'><strong>et</strong></span> <span class='ocrx_word' id='word_1_229' title='bbox 554 1742 643 1814; x_wconf 71' lang='grc' dir='ltr'><strong>α).</strong></span> <span class='ocrx_word' id='word_1_230' title='bbox 1951 1739 2314 1818; x_wconf 81' lang='grc' dir='ltr'>Πατροκλέους</span> <span class='ocrx_word' id='word_1_231' title='bbox 2359 1742 2533 1811; x_wconf 79' lang='grc' dir='ltr'>πίστις</span> <span class='ocrx_word' id='word_1_232' title='bbox 2561 1744 2620 1800; x_wconf 75' lang='grc' dir='ltr'><strong>ἐκ</strong></span> <span class='ocrx_word' id='word_1_233' title='bbox 2642 1744 2848 1801; x_wconf 79' lang='grc' dir='ltr'>πολλῶν</span> <span class='ocrx_word' id='word_1_234' title='bbox 2884 1748 3178 1824; x_wconf 88' lang='grc' dir='ltr'>μαρτυριῶν</span> <span class='ocrx_word' id='word_1_235' title='bbox 3209 1745 3507 1824; x_wconf 81' lang='grc' dir='ltr'>σύγκειται,</span> 
     </span>
     <span class='ocr_line' id='line_1_26' title="bbox 1903 1775 3512 1917; baseline 0.004 -35"><span class='ocrx_word' id='word_1_236' title='bbox 1903 1775 1909 1917; x_wconf 74' lang='lat'>!</span> <span class='ocrx_word' id='word_1_237' title='bbox 1949 1829 2053 1883; x_wconf 82' lang='grc' dir='ltr'><strong>τῶν</strong></span> <span class='ocrx_word' id='word_1_238' title='bbox 2098 1825 2353 1903; x_wconf 83' lang='grc' dir='ltr'>βασιλέων</span> <span class='ocrx_word' id='word_1_239' title='bbox 2405 1830 2507 1887; x_wconf 89' lang='grc' dir='ltr'><strong>τῶν</strong></span> <span class='ocrx_word' id='word_1_240' title='bbox 2547 1829 2963 1889; x_wconf 81' lang='grc' dir='ltr'>πεπιστευκότων</span> <span class='ocrx_word' id='word_1_241' title='bbox 3012 1833 3152 1909; x_wconf 74' lang='grc' dir='ltr'>αὐτῷ</span> <span class='ocrx_word' id='word_1_242' title='bbox 3195 1832 3512 1904; x_wconf 81' lang='grc' dir='ltr'>τηλικαύτην</span> 
     </span>
     <span class='ocr_line' id='line_1_27' title="bbox 1901 1910 3508 1996; baseline 0.006 -28"><span class='ocrx_word' id='word_1_243' title='bbox 1901 1946 1909 1978; x_wconf 64' lang='lat'>1</span> <span class='ocrx_word' id='word_1_244' title='bbox 1950 1910 2141 1991; x_wconf 77' lang='grc' dir='ltr'>ἀρχὴν,</span> <span class='ocrx_word' id='word_1_245' title='bbox 2171 1915 2272 1970; x_wconf 85' lang='grc' dir='ltr'><strong>τῶν</strong></span> <span class='ocrx_word' id='word_1_246' title='bbox 2302 1914 2830 1988; x_wconf 78' lang='grc' dir='ltr'>ἐπακολουθησάντων</span> <span class='ocrx_word' id='word_1_247' title='bbox 2860 1918 3032 1996; x_wconf 80' lang='grc' dir='ltr'>αὐτῷ,</span> <span class='ocrx_word' id='word_1_248' title='bbox 3056 1921 3157 1976; x_wconf 88' lang='grc' dir='ltr'><strong>τῶν</strong></span> <span class='ocrx_word' id='word_1_249' title='bbox 3188 1919 3508 1988; x_wconf 79' lang='grc' dir='ltr'>ἀντιδοξούν·</span> 
     </span>
     <span class='ocr_line' id='line_1_28' title="bbox 384 1982 3521 2084; baseline 0.003 -30"><span class='ocrx_word' id='word_1_250' title='bbox 384 1985 586 2041; x_wconf 59' lang='lat' dir='ltr'><strong>Strabo</strong></span> <span class='ocrx_word' id='word_1_251' title='bbox 610 1987 693 2055; x_wconf 86' lang='lat'><strong>11,</strong></span> <span class='ocrx_word' id='word_1_252' title='bbox 721 2005 780 2059; x_wconf 81' lang='lat' dir='ltr'><strong>P·</strong></span> <span class='ocrx_word' id='word_1_253' title='bbox 814 1985 889 2041; x_wconf 73' lang='grc'><strong>68</strong></span> <span class='ocrx_word' id='word_1_254' title='bbox 914 2002 983 2040; x_wconf 67' lang='lat' dir='ltr'><strong>ex</strong></span> <span class='ocrx_word' id='word_1_255' title='bbox 1011 1986 1377 2041; x_wconf 57' lang='lat' dir='ltr'><strong>Eratosthene</strong></span> <span class='ocrx_word' id='word_1_256' title='bbox 1411 2005 1424 2039; x_wconf 80' lang='lat'><em>²</em></span> <span class='ocrx_word' id='word_1_257' title='bbox 1457 1982 1545 2043; x_wconf 67' lang='grc' dir='ltr'><strong>Τὰ</strong></span> <span class='ocrx_word' id='word_1_258' title='bbox 1572 1987 1664 2055; x_wconf 62' lang='grc' dir='ltr'><strong>τῆς</strong></span> <span class='ocrx_word' id='word_1_259' title='bbox 1700 1983 1862 2044; x_wconf 70' lang='grc' dir='ltr'>Ἰνδῑ·</span> <span class='ocrx_word' id='word_1_260' title='bbox 1905 2015 1910 2034; x_wconf 83' lang='grc'><em>·</em></span> <span class='ocrx_word' id='word_1_261' title='bbox 1954 2021 2078 2070; x_wconf 84' lang='grc' dir='ltr'>των,</span> <span class='ocrx_word' id='word_1_262' title='bbox 2111 1988 2183 2055; x_wconf 70' lang='grc' dir='ltr'><strong>ὧν</strong></span> <span class='ocrx_word' id='word_1_263' title='bbox 2216 1998 2371 2066; x_wconf 78' lang='grc' dir='ltr'>αὐτὸς</span> <span class='ocrx_word' id='word_1_264' title='bbox 2408 2004 2434 2059; x_wconf 86' lang='grc' dir='ltr'>δ</span> <span class='ocrx_word' id='word_1_265' title='bbox 2469 1999 2766 2083; x_wconf 79' lang='grc' dir='ltr'>Ἵππαρχος</span> <span class='ocrx_word' id='word_1_266' title='bbox 2793 2004 3159 2079; x_wconf 85' lang='grc' dir='ltr'>κατονομάζει·</span> <span class='ocrx_word' id='word_1_267' title='bbox 3197 2007 3244 2062; x_wconf 81' lang='grc' dir='ltr'>οἱ</span> <span class='ocrx_word' id='word_1_268' title='bbox 3270 2004 3371 2084; x_wconf 77' lang='grc' dir='ltr'><strong>γὰρ</strong></span> <span class='ocrx_word' id='word_1_269' title='bbox 3396 2017 3521 2064; x_wconf 72' lang='grc' dir='ltr'>κατ’</span> 
     </span>
     <span class='ocr_line' id='line_1_29' title="bbox 304 2068 3513 2170; baseline 0.003 -28"><span class='ocrx_word' id='word_1_270' title='bbox 304 2076 397 2142; x_wconf 53' lang='lat' dir='ltr'><strong>xz&lt;</strong></span> <span class='ocrx_word' id='word_1_271' title='bbox 435 2070 568 2150; x_wconf 63' lang='grc' dir='ltr'>ἄκρα</span> <span class='ocrx_word' id='word_1_272' title='bbox 602 2069 666 2127; x_wconf 64' lang='grc' dir='ltr'><strong>ῒὰ</strong></span> <span class='ocrx_word' id='word_1_273' title='bbox 697 2068 1174 2148; x_wconf 60' lang='grc' dir='ltr'>μεσημὸρῑνώταῖο</span> <span class='ocrx_word' id='word_1_274' title='bbox 1204 2072 1517 2147; x_wconf 58' lang='grc' dir='ltr'>ὁμολογοῦσι</span> <span class='ocrx_word' id='word_1_275' title='bbox 1544 2071 1728 2129; x_wconf 65' lang='grc' dir='ltr'>πολλοὶ</span> <span class='ocrx_word' id='word_1_276' title='bbox 1757 2081 1864 2141; x_wconf 65' lang='grc' dir='ltr'>τοῖς</span> <span class='ocrx_word' id='word_1_277' title='bbox 1906 2139 1909 2166; x_wconf 51' lang='grc' dir='ltr'>Ι</span> <span class='ocrx_word' id='word_1_278' title='bbox 1957 2085 2164 2144; x_wconf 78' lang='grc' dir='ltr'>ἐκείνων</span> <span class='ocrx_word' id='word_1_279' title='bbox 2204 2085 2408 2167; x_wconf 82' lang='grc' dir='ltr'>ἔλεγχοι</span> <span class='ocrx_word' id='word_1_280' title='bbox 2447 2088 2646 2156; x_wconf 86' lang='grc' dir='ltr'>πίστεις</span> <span class='ocrx_word' id='word_1_281' title='bbox 2667 2093 2769 2148; x_wconf 90' lang='grc' dir='ltr'><strong>τῶν</strong></span> <span class='ocrx_word' id='word_1_282' title='bbox 2797 2089 2897 2148; x_wconf 75' lang='grc' dir='ltr'>ὑπὸ</span> <span class='ocrx_word' id='word_1_283' title='bbox 2923 2089 3102 2150; x_wconf 89' lang='grc' dir='ltr'>τούτου</span> <span class='ocrx_word' id='word_1_284' title='bbox 3125 2091 3417 2170; x_wconf 78' lang='grc' dir='ltr'>λεγομένων</span> <span class='ocrx_word' id='word_1_285' title='bbox 3440 2096 3513 2152; x_wconf 79' lang='grc' dir='ltr'><strong>εἰ·</strong></span> 
     </span>
     <span class='ocr_line' id='line_1_30' title="bbox 305 2155 3515 2258; baseline 0.003 -31"><span class='ocrx_word' id='word_1_286' title='bbox 305 2157 439 2216; x_wconf 63' lang='lat' dir='ltr'><strong>aar&amp;</strong></span> <span class='ocrx_word' id='word_1_287' title='bbox 477 2157 685 2236; x_wconf 68' lang='grc' dir='ltr'>Μερόην</span> <span class='ocrx_word' id='word_1_288' title='bbox 715 2155 972 2236; x_wconf 62' lang='grc' dir='ltr'>ἀνταίρειν</span> <span class='ocrx_word' id='word_1_289' title='bbox 1012 2155 1185 2225; x_wconf 69' lang='grc' dir='ltr'>τόποῑς</span> <span class='ocrx_word' id='word_1_290' title='bbox 1213 2156 1318 2216; x_wconf 64' lang='grc' dir='ltr'><strong>ἀπό</strong></span> <span class='ocrx_word' id='word_1_291' title='bbox 1346 2179 1400 2215; x_wconf 64' lang='grc' dir='ltr'><strong>τε</strong></span> <span class='ocrx_word' id='word_1_292' title='bbox 1430 2160 1529 2215; x_wconf 68' lang='grc' dir='ltr'>τῶν</span> <span class='ocrx_word' id='word_1_293' title='bbox 1570 2157 1732 2238; x_wconf 64' lang='grc' dir='ltr'>ἀέρων</span> <span class='ocrx_word' id='word_1_294' title='bbox 1775 2161 1863 2217; x_wconf 65' lang='grc' dir='ltr'><strong>καὶ</strong></span> <span class='ocrx_word' id='word_1_295' title='bbox 1906 2205 1911 2230; x_wconf 80' lang='grc' dir='ltr'><strong>ι</strong></span> <span class='ocrx_word' id='word_1_296' title='bbox 1954 2172 2055 2234; x_wconf 90' lang='grc' dir='ltr'>σίν.</span> <span class='ocrx_word' id='word_1_297' title='bbox 2101 2171 2241 2233; x_wconf 76' lang='grc' dir='ltr'>Οὐδὲ</span> <span class='ocrx_word' id='word_1_298' title='bbox 2277 2179 2428 2234; x_wconf 90' lang='grc' dir='ltr'>τοῦτο</span> <span class='ocrx_word' id='word_1_299' title='bbox 2469 2174 2523 2234; x_wconf 86' lang='grc' dir='ltr'>δὲ</span> <span class='ocrx_word' id='word_1_300' title='bbox 2573 2176 2819 2235; x_wconf 79' lang='grc' dir='ltr'>ἀπίθανον</span> <span class='ocrx_word' id='word_1_301' title='bbox 2857 2182 2946 2236; x_wconf 86' lang='grc' dir='ltr'><strong>τοῦ</strong></span> <span class='ocrx_word' id='word_1_302' title='bbox 2973 2178 3365 2258; x_wconf 77' lang='grc' dir='ltr'>Πατροκλέους,</span> <span class='ocrx_word' id='word_1_303' title='bbox 3390 2179 3515 2237; x_wconf 79' lang='grc' dir='ltr'>ὅταν</span> 
     </span>
    </p>
   </div>
   <div class='ocr_carea' id='block_1_7' title="bbox 1060 1891 1109 1927">
    <p class='ocr_par' dir='ltr' id='par_1_8' title="bbox 1060 1891 1109 1927">
     <span class='ocr_line' id='line_1_31' title="bbox 1060 1891 1109 1927; baseline 0 0"><span class='ocrx_word' id='word_1_304' title='bbox 1060 1891 1109 1927; x_wconf 90' lang='lat'><strong>1.</strong></span> 
     </span>
    </p>
   </div>
   <div class='ocr_carea' id='block_1_8' title="bbox 305 2241 3514 2346">
    <p class='ocr_par' dir='ltr' id='par_1_9' title="bbox 305 2241 3514 2346">
     <span class='ocr_line' id='line_1_32' title="bbox 305 2241 3514 2346; baseline 0.006 -40"><span class='ocrx_word' id='word_1_305' title='bbox 305 2249 405 2306; x_wconf 84' lang='grc' dir='ltr'><strong>τῶν</strong></span> <span class='ocrx_word' id='word_1_306' title='bbox 443 2243 690 2326; x_wconf 80' lang='grc' dir='ltr'>οὗρανίων</span> <span class='ocrx_word' id='word_1_307' title='bbox 725 2241 1154 2325; x_wconf 85' lang='grc' dir='ltr'>τεκμαιρόμενοι·</span> <span class='ocrx_word' id='word_1_308' title='bbox 1189 2247 1417 2305; x_wconf 77' lang='grc' dir='ltr'>ἐντεῦθεν</span> <span class='ocrx_word' id='word_1_309' title='bbox 1472 2246 1516 2303; x_wconf 88' lang='grc' dir='ltr'>δ’</span> <span class='ocrx_word' id='word_1_310' title='bbox 1545 2245 1632 2304; x_wconf 72' lang='grc' dir='ltr'>ἐπὶ</span> <span class='ocrx_word' id='word_1_311' title='bbox 1676 2247 1743 2304; x_wconf 87' lang='grc' dir='ltr'><strong>τὰ</strong></span> <span class='ocrx_word' id='word_1_312' title='bbox 1775 2252 1861 2324; x_wconf 84' lang='grc' dir='ltr'>βο·</span> <span class='ocrx_word' id='word_1_313' title='bbox 1906 2245 1912 2338; x_wconf 61' lang='lat'>1</span> <span class='ocrx_word' id='word_1_314' title='bbox 1953 2258 2080 2334; x_wconf 71' lang='grc' dir='ltr'><strong>φησὶ</strong></span> <span class='ocrx_word' id='word_1_315' title='bbox 2122 2258 2238 2328; x_wconf 68' lang='grc' dir='ltr'>τοὺς</span> <span class='ocrx_word' id='word_1_316' title='bbox 2280 2260 2594 2343; x_wconf 68' lang='grc' dir='ltr'>Ἀλεξάνδρῳ</span> <span class='ocrx_word' id='word_1_317' title='bbox 2639 2266 3119 2343; x_wconf 82' lang='grc' dir='ltr'>συστρατεύσαντας</span> <span class='ocrx_word' id='word_1_318' title='bbox 3160 2265 3514 2346; x_wconf 74' lang='grc' dir='ltr'>ἔπιδρομάδην</span> 
     </span>
    </p>
   </div>
   <div class='ocr_carea' id='block_1_9' title="bbox 308 2330 1861 2415">
    <p class='ocr_par' dir='ltr' id='par_1_10' title="bbox 308 2330 1861 2415">
     <span class='ocr_line' id='line_1_33' title="bbox 308 2330 1861 2415; baseline 0.002 -24"><span class='ocrx_word' id='word_1_319' title='bbox 308 2332 546 2412; x_wconf 87' lang='grc' dir='ltr'>ρειότατα</span> <span class='ocrx_word' id='word_1_320' title='bbox 571 2337 661 2404; x_wconf 76' lang='grc' dir='ltr'><strong>τῆς</strong></span> <span class='ocrx_word' id='word_1_321' title='bbox 691 2331 914 2402; x_wconf 74' lang='grc' dir='ltr'>Ἰνδικῆς</span> <span class='ocrx_word' id='word_1_322' title='bbox 938 2330 1004 2391; x_wconf 73' lang='grc' dir='ltr'><strong>τὰ</strong></span> <span class='ocrx_word' id='word_1_323' title='bbox 1043 2331 1170 2412; x_wconf 75' lang='grc' dir='ltr'>πρὸς</span> <span class='ocrx_word' id='word_1_324' title='bbox 1196 2337 1302 2400; x_wconf 82' lang='grc' dir='ltr'>τοῖς</span> <span class='ocrx_word' id='word_1_325' title='bbox 1335 2333 1655 2400; x_wconf 84' lang='grc' dir='ltr'>Καυκασίοις</span> <span class='ocrx_word' id='word_1_326' title='bbox 1693 2334 1861 2415; x_wconf 86' lang='grc' dir='ltr'>ὄρεσι,</span> 
     </span>
    </p>
   </div>
   <div class='ocr_carea' id='block_1_10' title="bbox 307 2419 1912 2500">
    <p class='ocr_par' dir='ltr' id='par_1_11' title="bbox 307 2419 1912 2500">
     <span class='ocr_line' id='line_1_34' title="bbox 307 2419 1912 2500; baseline 0.002 -22"><span class='ocrx_word' id='word_1_327' title='bbox 307 2424 617 2500; x_wconf 65' lang='grc' dir='ltr'>Πατροκλῆς</span> <span class='ocrx_word' id='word_1_328' title='bbox 646 2423 673 2477; x_wconf 80' lang='grc' dir='ltr'><strong>ὃ</strong></span> <span class='ocrx_word' id='word_1_329' title='bbox 713 2420 942 2496; x_wconf 82' lang='grc' dir='ltr'>μάλιστα</span> <span class='ocrx_word' id='word_1_330' title='bbox 976 2419 1307 2479; x_wconf 83' lang='grc' dir='ltr'>πιστεύεσθαι</span> <span class='ocrx_word' id='word_1_331' title='bbox 1345 2419 1566 2492; x_wconf 86' lang='grc' dir='ltr'>δίκαιος,</span> <span class='ocrx_word' id='word_1_332' title='bbox 1600 2420 1684 2479; x_wconf 83' lang='grc' dir='ltr'><strong>διά</strong></span> <span class='ocrx_word' id='word_1_333' title='bbox 1714 2446 1769 2480; x_wconf 87' lang='grc' dir='ltr'><strong>τε</strong></span> <span class='ocrx_word' id='word_1_334' title='bbox 1808 2423 1866 2481; x_wconf 77' lang='grc' dir='ltr'><strong>τὸ</strong></span> <span class='ocrx_word' id='word_1_335' title='bbox 1907 2435 1912 2456; x_wconf 82' lang='lat'><strong>¹</strong></span> 
     </span>
    </p>
   </div>
   <div class='ocr_carea' id='block_1_11' title="bbox 307 2497 1866 2761">
    <p class='ocr_par' dir='ltr' id='par_1_12' title="bbox 307 2497 1866 2761">
     <span class='ocr_line' id='line_1_35' title="bbox 308 2497 1862 2588; baseline 0.001 -23"><span class='ocrx_word' id='word_1_336' title='bbox 308 2505 510 2584; x_wconf 77' lang='grc' dir='ltr'>ἀξίωμα</span> <span class='ocrx_word' id='word_1_337' title='bbox 543 2507 632 2565; x_wconf 82' lang='grc' dir='ltr'><strong>καὶ</strong></span> <span class='ocrx_word' id='word_1_338' title='bbox 655 2505 740 2566; x_wconf 80' lang='grc' dir='ltr'><strong>διὰ</strong></span> <span class='ocrx_word' id='word_1_339' title='bbox 769 2507 827 2564; x_wconf 78' lang='grc' dir='ltr'><strong>τὸ</strong></span> <span class='ocrx_word' id='word_1_340' title='bbox 855 2505 929 2584; x_wconf 84' lang='grc' dir='ltr'>μὴ</span> <span class='ocrx_word' id='word_1_341' title='bbox 957 2505 1163 2579; x_wconf 76' lang='grc' dir='ltr'>ἰδιώτης</span> <span class='ocrx_word' id='word_1_342' title='bbox 1190 2497 1442 2565; x_wconf 71' lang='grc' dir='ltr'>εἶναιτῶν</span> <span class='ocrx_word' id='word_1_343' title='bbox 1467 2512 1862 2588; x_wconf 77' lang='grc' dir='ltr'>γεωγραφικῶν,</span> 
     </span>
     <span class='ocr_line' id='line_1_36' title="bbox 307 2593 1866 2674; baseline 0.001 -22"><span class='ocrx_word' id='word_1_344' title='bbox 307 2597 433 2674; x_wconf 80' lang='grc' dir='ltr'>φησὶ</span> <span class='ocrx_word' id='word_1_345' title='bbox 470 2593 707 2663; x_wconf 84' lang='grc' dir='ltr'>σταδίους</span> <span class='ocrx_word' id='word_1_346' title='bbox 753 2594 966 2673; x_wconf 85' lang='grc' dir='ltr'>μυρίους</span> <span class='ocrx_word' id='word_1_347' title='bbox 1001 2594 1091 2652; x_wconf 79' lang='grc' dir='ltr'><strong>καὶ</strong></span> <span class='ocrx_word' id='word_1_348' title='bbox 1133 2595 1602 2673; x_wconf 76' lang='grc' dir='ltr'>πεντακισχιλίους.</span> <span class='ocrx_word' id='word_1_349' title='bbox 1656 2599 1866 2655; x_wconf 86' lang='lat' dir='ltr'><strong>Eadem</strong></span> 
     </span>
     <span class='ocr_line' id='line_1_37' title="bbox 307 2684 1114 2761; baseline 0 -21"><span class='ocrx_word' id='word_1_350' title='bbox 307 2687 508 2741; x_wconf 87' lang='lat' dir='ltr'><strong>iterum</strong></span> <span class='ocrx_word' id='word_1_351' title='bbox 537 2688 709 2761; x_wconf 84' lang='lat' dir='ltr'><strong>tangit</strong></span> <span class='ocrx_word' id='word_1_352' title='bbox 734 2688 858 2754; x_wconf 79' lang='lat' dir='ltr'><strong>XV,</strong></span> <span class='ocrx_word' id='word_1_353' title='bbox 891 2704 950 2759; x_wconf 88' lang='lat' dir='ltr'><strong>p.</strong></span> <span class='ocrx_word' id='word_1_354' title='bbox 979 2684 1114 2760; x_wconf 82' lang='lat'><strong>689.</strong></span> 
     </span>
    </p>
   </div>
   <div class='ocr_carea' id='block_1_12' title="bbox 1069 2809 1122 2847">
    <p class='ocr_par' dir='ltr' id='par_1_13' title="bbox 1069 2809 1122 2847">
     <span class='ocr_line' id='line_1_38' title="bbox 1069 2809 1122 2847; baseline 0.057 -3"><span class='ocrx_word' id='word_1_355' title='bbox 1069 2809 1122 2847; x_wconf 78' lang='lat'><strong>2.</strong></span> 
     </span>
    </p>
   </div>
   <div class='ocr_carea' id='block_1_13' title="bbox 309 2894 1868 3407">
    <p class='ocr_par' dir='ltr' id='par_1_14' title="bbox 309 2894 1868 3407">
     <span class='ocr_line' id='line_1_39' title="bbox 386 2894 1865 2971; baseline 0.003 -20"><span class='ocrx_word' id='word_1_356' title='bbox 386 2896 544 2951; x_wconf 85' lang='lat' dir='ltr'><strong>Idem</strong></span> <span class='ocrx_word' id='word_1_357' title='bbox 578 2915 636 2971; x_wconf 87' lang='lat' dir='ltr'><strong>p.</strong></span> <span class='ocrx_word' id='word_1_358' title='bbox 673 2895 747 2969; x_wconf 90' lang='lat'><strong>69</strong></span> <span class='ocrx_word' id='word_1_359' title='bbox 794 2896 912 2955; x_wconf 89' lang='lat' dir='ltr'><strong>init.</strong></span> <span class='ocrx_word' id='word_1_360' title='bbox 949 2916 963 2951; x_wconf 77' lang='lat' dir='ltr'><strong><em>z</em></strong></span> <span class='ocrx_word' id='word_1_361' title='bbox 995 2896 1384 2951; x_wconf 83' lang='lat' dir='ltr'><strong>Eratosthenes</strong></span> <span class='ocrx_word' id='word_1_362' title='bbox 1412 2896 1551 2952; x_wconf 91' lang='lat' dir='ltr'><strong>dicit</strong></span> <span class='ocrx_word' id='word_1_363' title='bbox 1595 2914 1610 2954; x_wconf 73' lang='grc' dir='ltr'><strong>ε</strong></span> <span class='ocrx_word' id='word_1_364' title='bbox 1660 2894 1784 2954; x_wconf 80' lang='grc' dir='ltr'>Ἀπὸ</span> <span class='ocrx_word' id='word_1_365' title='bbox 1812 2896 1865 2954; x_wconf 83' lang='grc' dir='ltr'>δὲ</span> 
     </span>
     <span class='ocr_line' id='line_1_40' title="bbox 311 2981 1863 3061; baseline 0 -19"><span class='ocrx_word' id='word_1_366' title='bbox 311 2983 515 3061; x_wconf 79' lang='grc' dir='ltr'>Μερόης</span> <span class='ocrx_word' id='word_1_367' title='bbox 544 2984 632 3041; x_wconf 82' lang='grc' dir='ltr'>ἐπὶ</span> <span class='ocrx_word' id='word_1_368' title='bbox 659 2982 745 3040; x_wconf 81' lang='grc' dir='ltr'><strong>τὸν</strong></span> <span class='ocrx_word' id='word_1_369' title='bbox 773 2981 1155 3053; x_wconf 76' lang='grc' dir='ltr'>Ἑλλήσποντον</span> <span class='ocrx_word' id='word_1_370' title='bbox 1184 2984 1241 3040; x_wconf 80' lang='grc' dir='ltr'>οὗ</span> <span class='ocrx_word' id='word_1_371' title='bbox 1270 2981 1475 3048; x_wconf 86' lang='grc' dir='ltr'>πλείους</span> <span class='ocrx_word' id='word_1_372' title='bbox 1505 2982 1605 3041; x_wconf 78' lang='grc' dir='ltr'>εἰσὶ</span> <span class='ocrx_word' id='word_1_373' title='bbox 1633 2987 1735 3041; x_wconf 88' lang='grc' dir='ltr'><strong>τῶν</strong></span> <span class='ocrx_word' id='word_1_374' title='bbox 1766 3009 1863 3060; x_wconf 87' lang='grc' dir='ltr'><strong>μυ-</strong></span> 
     </span>
     <span class='ocr_line' id='line_1_41' title="bbox 310 3067 1865 3149; baseline 0.002 -22"><span class='ocrx_word' id='word_1_375' title='bbox 310 3070 429 3149; x_wconf 85' lang='grc' dir='ltr'>ρίων</span> <span class='ocrx_word' id='word_1_376' title='bbox 459 3070 548 3128; x_wconf 85' lang='grc' dir='ltr'><strong>καὶ</strong></span> <span class='ocrx_word' id='word_1_377' title='bbox 576 3070 973 3148; x_wconf 74' lang='grc' dir='ltr'>ὀκτακισχιλίων</span> <span class='ocrx_word' id='word_1_378' title='bbox 999 3068 1243 3145; x_wconf 77' lang='grc' dir='ltr'>σταδίων,</span> <span class='ocrx_word' id='word_1_379' title='bbox 1264 3067 1374 3127; x_wconf 79' lang='grc' dir='ltr'>ὅσοι</span> <span class='ocrx_word' id='word_1_380' title='bbox 1393 3070 1482 3127; x_wconf 84' lang='grc' dir='ltr'><strong>καὶ</strong></span> <span class='ocrx_word' id='word_1_381' title='bbox 1512 3069 1616 3129; x_wconf 80' lang='grc' dir='ltr'>ἀπὸ</span> <span class='ocrx_word' id='word_1_382' title='bbox 1643 3076 1733 3129; x_wconf 80' lang='grc' dir='ltr'><strong>τοῦ</strong></span> <span class='ocrx_word' id='word_1_383' title='bbox 1765 3095 1865 3147; x_wconf 84' lang='grc' dir='ltr'><strong>με-</strong></span> 
     </span>
     <span class='ocr_line' id='line_1_42' title="bbox 309 3155 1868 3239; baseline 0.002 -25"><span class='ocrx_word' id='word_1_384' title='bbox 309 3157 598 3235; x_wconf 72' lang='grc' dir='ltr'>σημὸρινοῦ</span> <span class='ocrx_word' id='word_1_385' title='bbox 643 3160 868 3236; x_wconf 75' lang='grc' dir='ltr'>πλευροῦ</span> <span class='ocrx_word' id='word_1_386' title='bbox 905 3161 996 3228; x_wconf 77' lang='grc' dir='ltr'><strong>τῆς</strong></span> <span class='ocrx_word' id='word_1_387' title='bbox 1048 3156 1267 3226; x_wconf 76' lang='grc' dir='ltr'>Ἰνδικῆς</span> <span class='ocrx_word' id='word_1_388' title='bbox 1325 3156 1452 3236; x_wconf 83' lang='grc' dir='ltr'>πρὸς</span> <span class='ocrx_word' id='word_1_389' title='bbox 1498 3155 1565 3215; x_wconf 76' lang='grc' dir='ltr'><strong>τὰ</strong></span> <span class='ocrx_word' id='word_1_390' title='bbox 1593 3158 1712 3239; x_wconf 78' lang='grc' dir='ltr'>περὶ</span> <span class='ocrx_word' id='word_1_391' title='bbox 1751 3157 1868 3226; x_wconf 72' lang='grc' dir='ltr'>τοὺς</span> 
     </span>
     <span class='ocr_line' id='line_1_43' title="bbox 311 3241 1868 3324; baseline 0 -22"><span class='ocrx_word' id='word_1_392' title='bbox 311 3243 596 3321; x_wconf 84' lang='grc' dir='ltr'>Βακτρίους</span> <span class='ocrx_word' id='word_1_393' title='bbox 620 3241 751 3321; x_wconf 81' lang='grc' dir='ltr'>με’ρη</span> <span class='ocrx_word' id='word_1_394' title='bbox 771 3288 787 3314; x_wconf 87' lang='grc'>,</span> <span class='ocrx_word' id='word_1_395' title='bbox 814 3241 1198 3324; x_wconf 82' lang='grc' dir='ltr'>προστεθέντων</span> <span class='ocrx_word' id='word_1_396' title='bbox 1220 3242 1521 3324; x_wconf 71' lang='grc' dir='ltr'>τρισχιλίων</span> <span class='ocrx_word' id='word_1_397' title='bbox 1546 3248 1652 3311; x_wconf 84' lang='grc' dir='ltr'>τοῖς</span> <span class='ocrx_word' id='word_1_398' title='bbox 1672 3245 1868 3324; x_wconf 88' lang='grc' dir='ltr'>μυρίοις</span> 
     </span>
     <span class='ocr_line' id='line_1_44' title="bbox 310 3320 1868 3407; baseline 0.003 -20"><span class='ocrx_word' id='word_1_399' title='bbox 310 3327 402 3387; x_wconf 70' lang='grc' dir='ltr'><strong>καὶ</strong></span> <span class='ocrx_word' id='word_1_400' title='bbox 424 3328 888 3407; x_wconf 78' lang='grc' dir='ltr'>πεντακισχιλίοις,</span> <span class='ocrx_word' id='word_1_401' title='bbox 922 3320 994 3389; x_wconf 72' lang='grc' dir='ltr'><strong>ῶν</strong></span> <span class='ocrx_word' id='word_1_402' title='bbox 1022 3332 1067 3388; x_wconf 73' lang='grc' dir='ltr'>οἱ</span> <span class='ocrx_word' id='word_1_403' title='bbox 1093 3329 1186 3407; x_wconf 80' lang='grc' dir='ltr'><strong>μὲν</strong></span> <span class='ocrx_word' id='word_1_404' title='bbox 1234 3334 1325 3390; x_wconf 84' lang='grc' dir='ltr'><strong>τοῦ</strong></span> <span class='ocrx_word' id='word_1_405' title='bbox 1359 3330 1585 3398; x_wconf 78' lang='grc' dir='ltr'>πλάτους</span> <span class='ocrx_word' id='word_1_406' title='bbox 1608 3323 1741 3404; x_wconf 70' lang='grc' dir='ltr'>ἦσαν</span> <span class='ocrx_word' id='word_1_407' title='bbox 1768 3335 1868 3391; x_wconf 86' lang='grc' dir='ltr'><strong>τῶν</strong></span> 
     </span>
    </p>
   </div>
   <div class='ocr_carea' id='block_1_14' title="bbox 313 3496 1864 3715">
    <p class='ocr_par' dir='ltr' id='par_1_15' title="bbox 313 3496 1864 3715">
     <span class='ocr_line' id='line_1_45' title="bbox 313 3496 1862 3561; baseline 0.003 -18"><span class='ocrx_word' id='word_1_408' title='bbox 313 3498 360 3543; x_wconf 87' lang='lat' dir='ltr'><strong>et</strong></span> <span class='ocrx_word' id='word_1_409' title='bbox 389 3496 685 3545; x_wconf 79' lang='lat' dir='ltr'><strong>characteres</strong></span> <span class='ocrx_word' id='word_1_410' title='bbox 705 3496 828 3545; x_wconf 88' lang='lat' dir='ltr'><strong>etad</strong></span> <span class='ocrx_word' id='word_1_411' title='bbox 857 3497 1016 3546; x_wconf 83' lang='lat' dir='ltr'><strong>omnia</strong></span> <span class='ocrx_word' id='word_1_412' title='bbox 1033 3497 1349 3547; x_wconf 86' lang='lat' dir='ltr'><strong>instrumenta</strong></span> <span class='ocrx_word' id='word_1_413' title='bbox 1368 3499 1545 3561; x_wconf 83' lang='lat' dir='ltr'><strong>quibus</strong></span> <span class='ocrx_word' id='word_1_414' title='bbox 1567 3499 1744 3560; x_wconf 74' lang='lat' dir='ltr'><strong>lapides</strong></span> <span class='ocrx_word' id='word_1_415' title='bbox 1762 3501 1862 3548; x_wconf 86' lang='lat' dir='ltr'><strong>ela·</strong></span> 
     </span>
     <span class='ocr_line' id='line_1_46' title="bbox 319 3573 1863 3635; baseline 0.003 -13"><span class='ocrx_word' id='word_1_416' title='bbox 319 3574 514 3634; x_wconf 84' lang='lat' dir='ltr'><strong>borant,</strong></span> <span class='ocrx_word' id='word_1_417' title='bbox 550 3573 696 3635; x_wconf 78' lang='lat' dir='ltr'><strong>Lydia</strong></span> <span class='ocrx_word' id='word_1_418' title='bbox 714 3578 872 3624; x_wconf 84' lang='lat' dir='ltr'><strong>autem</strong></span> <span class='ocrx_word' id='word_1_419' title='bbox 892 3575 954 3623; x_wconf 88' lang='lat' dir='ltr'><strong>ad</strong></span> <span class='ocrx_word' id='word_1_420' title='bbox 976 3575 1112 3625; x_wconf 87' lang='lat' dir='ltr'><strong>limas</strong></span> <span class='ocrx_word' id='word_1_421' title='bbox 1140 3576 1252 3625; x_wconf 84' lang='lat' dir='ltr'><strong>item</strong></span> <span class='ocrx_word' id='word_1_422' title='bbox 1271 3579 1320 3626; x_wconf 92' lang='lat' dir='ltr'><strong>et</strong></span> <span class='ocrx_word' id='word_1_423' title='bbox 1353 3579 1615 3626; x_wconf 65' lang='lat' dir='ltr'><strong>machaeras</strong></span> <span class='ocrx_word' id='word_1_424' title='bbox 1631 3581 1679 3626; x_wconf 87' lang='lat' dir='ltr'><strong>et</strong></span> <span class='ocrx_word' id='word_1_425' title='bbox 1713 3591 1863 3627; x_wconf 70' lang='lat' dir='ltr'><strong>nova·</strong></span> 
     </span>
     <span class='ocr_line' id='line_1_47' title="bbox 314 3651 1864 3715; baseline 0.004 -16"><span class='ocrx_word' id='word_1_426' title='bbox 314 3651 448 3700; x_wconf 87' lang='lat' dir='ltr'><strong>cuias</strong></span> <span class='ocrx_word' id='word_1_427' title='bbox 482 3654 531 3701; x_wconf 87' lang='lat' dir='ltr'><strong>et</strong></span> <span class='ocrx_word' id='word_1_428' title='bbox 569 3651 783 3714; x_wconf 83' lang='lat' dir='ltr'><strong>scalpra,</strong></span> <span class='ocrx_word' id='word_1_429' title='bbox 814 3655 869 3701; x_wconf 85' lang='lat' dir='ltr'><strong>ut</strong></span> <span class='ocrx_word' id='word_1_430' title='bbox 899 3652 1050 3715; x_wconf 87' lang='lat' dir='ltr'><strong>inquit</strong></span> <span class='ocrx_word' id='word_1_431' title='bbox 1087 3653 1374 3702; x_wconf 81' lang='lat' dir='ltr'><strong>Daimaclms</strong></span> <span class='ocrx_word' id='word_1_432' title='bbox 1408 3654 1455 3702; x_wconf 91' lang='lat' dir='ltr'><strong>in</strong></span> <span class='ocrx_word' id='word_1_433' title='bbox 1499 3656 1864 3705; x_wconf 84' lang='lat' dir='ltr'><strong>Commentariis</strong></span> 
     </span>
    </p>
   </div>
   <div class='ocr_carea' id='block_1_15' title="bbox 314 3728 1082 3845">
    <p class='ocr_par' dir='ltr' id='par_1_16' title="bbox 314 3728 1082 3845">
     <span class='ocr_line' id='line_1_48' title="bbox 314 3728 1082 3845; baseline 0 -66"><span class='ocrx_word' id='word_1_434' title='bbox 314 3728 686 3779; x_wconf 77' lang='lat' dir='ltr'><strong>obsidionalibus</strong></span> <span class='ocrx_word' id='word_1_435' title='bbox 704 3731 891 3779; x_wconf 77' lang='lat' dir='ltr'><strong>XXXV.</strong></span> <span class='ocrx_word' id='word_1_436' title='bbox 1061 3797 1082 3845; x_wconf 65' lang='lat'>¹</span> 
     </span>
    </p>
   </div>
   <div class='ocr_carea' id='block_1_16' title="bbox 315 3875 1868 4329">
    <p class='ocr_par' dir='ltr' id='par_1_17' title="bbox 315 3875 1868 4329">
     <span class='ocr_line' id='line_1_49' title="bbox 377 3875 1859 3940; baseline 0.003 -16"><span class='ocrx_word' id='word_1_437' title='bbox 377 3878 631 3925; x_wconf 83' lang='lat' dir='ltr'><strong>Extremos</strong></span> <span class='ocrx_word' id='word_1_438' title='bbox 650 3875 796 3925; x_wconf 78' lang='lat' dir='ltr'><strong>Indiae</strong></span> <span class='ocrx_word' id='word_1_439' title='bbox 819 3888 984 3926; x_wconf 79' lang='lat' dir='ltr'><strong>versus</strong></span> <span class='ocrx_word' id='word_1_440' title='bbox 1013 3875 1257 3926; x_wconf 86' lang='lat' dir='ltr'><strong>meridiem</strong></span> <span class='ocrx_word' id='word_1_441' title='bbox 1292 3877 1519 3927; x_wconf 86' lang='lat' dir='ltr'><strong>terminos</strong></span> <span class='ocrx_word' id='word_1_442' title='bbox 1544 3877 1756 3940; x_wconf 85' lang='lat' dir='ltr'><strong>plerique</strong></span> <span class='ocrx_word' id='word_1_443' title='bbox 1789 3880 1859 3928; x_wconf 80' lang='lat' dir='ltr'><strong>sa-</strong></span> 
     </span>
     <span class='ocr_line' id='line_1_50' title="bbox 315 3955 1862 4016; baseline 0.003 -13"><span class='ocrx_word' id='word_1_444' title='bbox 315 3955 477 4003; x_wconf 85' lang='lat' dir='ltr'><strong>tentur</strong></span> <span class='ocrx_word' id='word_1_445' title='bbox 506 3958 682 4004; x_wconf 81' lang='lat' dir='ltr'><strong>Meroae</strong></span> <span class='ocrx_word' id='word_1_446' title='bbox 713 3955 981 4016; x_wconf 76' lang='lat' dir='ltr'><strong>oppositoS,</strong></span> <span class='ocrx_word' id='word_1_447' title='bbox 1011 3956 1072 4003; x_wconf 85' lang='lat' dir='ltr'><strong>ab</strong></span> <span class='ocrx_word' id='word_1_448' title='bbox 1085 3956 1198 4009; x_wconf 77' lang='lat' dir='ltr'><strong>oeris</strong></span> <span class='ocrx_word' id='word_1_449' title='bbox 1215 3960 1264 4006; x_wconf 91' lang='lat' dir='ltr'><strong>et</strong></span> <span class='ocrx_word' id='word_1_450' title='bbox 1292 3970 1452 4006; x_wconf 85' lang='lat' dir='ltr'><strong>rerum</strong></span> <span class='ocrx_word' id='word_1_451' title='bbox 1486 3958 1749 4007; x_wconf 66' lang='lat' dir='ltr'><strong>coelaetium</strong></span> <span class='ocrx_word' id='word_1_452' title='bbox 1775 3960 1862 4008; x_wconf 88' lang='lat' dir='ltr'><strong>ob-</strong></span> 
     </span>
     <span class='ocr_line' id='line_1_51' title="bbox 316 4031 1866 4098; baseline 0.002 -17"><span class='ocrx_word' id='word_1_453' title='bbox 316 4032 579 4081; x_wconf 79' lang='lat' dir='ltr'><strong>servatione</strong></span> <span class='ocrx_word' id='word_1_454' title='bbox 610 4031 933 4093; x_wconf 75' lang='lat' dir='ltr'><strong>coniecturam</strong></span> <span class='ocrx_word' id='word_1_455' title='bbox 970 4032 1198 4083; x_wconf 81' lang='lat' dir='ltr'><strong>ducentes</strong></span> <span class='ocrx_word' id='word_1_456' title='bbox 1234 4052 1246 4082; x_wconf 74' lang='lat'>2</span> <span class='ocrx_word' id='word_1_457' title='bbox 1286 4033 1396 4083; x_wconf 90' lang='lat' dir='ltr'><strong>inde</strong></span> <span class='ocrx_word' id='word_1_458' title='bbox 1430 4037 1590 4083; x_wconf 84' lang='lat' dir='ltr'><strong>autem</strong></span> <span class='ocrx_word' id='word_1_459' title='bbox 1623 4048 1774 4098; x_wconf 82' lang='lat' dir='ltr'><strong>usque</strong></span> <span class='ocrx_word' id='word_1_460' title='bbox 1806 4036 1866 4085; x_wconf 86' lang='lat' dir='ltr'><strong>ad</strong></span> 
     </span>
     <span class='ocr_line' id='line_1_52' title="bbox 316 4109 1868 4175; baseline 0.002 -16"><span class='ocrx_word' id='word_1_461' title='bbox 316 4109 640 4171; x_wconf 86' lang='lat' dir='ltr'><strong>septemtrioni</strong></span> <span class='ocrx_word' id='word_1_462' title='bbox 679 4110 886 4159; x_wconf 79' lang='lat' dir='ltr'><strong>maxime</strong></span> <span class='ocrx_word' id='word_1_463' title='bbox 917 4110 1204 4173; x_wconf 82' lang='lat' dir='ltr'><strong>propinquas</strong></span> <span class='ocrx_word' id='word_1_464' title='bbox 1236 4113 1395 4173; x_wconf 86' lang='lat' dir='ltr'><strong>partes</strong></span> <span class='ocrx_word' id='word_1_465' title='bbox 1423 4111 1596 4172; x_wconf 84' lang='lat' dir='ltr'><strong>Indioe,</strong></span> <span class='ocrx_word' id='word_1_466' title='bbox 1618 4125 1727 4175; x_wconf 79' lang='lat' dir='ltr'><strong>quae</strong></span> <span class='ocrx_word' id='word_1_467' title='bbox 1756 4115 1868 4163; x_wconf 90' lang='lat' dir='ltr'><strong>sunt</strong></span> 
     </span>
     <span class='ocr_line' id='line_1_53' title="bbox 317 4186 1865 4252; baseline 0.003 -17"><span class='ocrx_word' id='word_1_468' title='bbox 317 4186 379 4236; x_wconf 89' lang='lat' dir='ltr'><strong>ad</strong></span> <span class='ocrx_word' id='word_1_469' title='bbox 409 4188 662 4237; x_wconf 82' lang='lat' dir='ltr'><strong>caucasios</strong></span> <span class='ocrx_word' id='word_1_470' title='bbox 681 4191 866 4237; x_wconf 85' lang='lat' dir='ltr'><strong>montes</strong></span> <span class='ocrx_word' id='word_1_471' title='bbox 881 4225 896 4250; x_wconf 89' lang='lat'><strong>,</strong></span> <span class='ocrx_word' id='word_1_472' title='bbox 921 4189 1184 4238; x_wconf 85' lang='lat' dir='ltr'><strong>Patroclem</strong></span> <span class='ocrx_word' id='word_1_473' title='bbox 1211 4191 1394 4251; x_wconf 88' lang='lat' dir='ltr'><strong>(quum</strong></span> <span class='ocrx_word' id='word_1_474' title='bbox 1418 4190 1482 4240; x_wconf 89' lang='lat' dir='ltr'><strong>ob</strong></span> <span class='ocrx_word' id='word_1_475' title='bbox 1502 4192 1836 4240; x_wconf 85' lang='lat' dir='ltr'><strong>auctoritatem</strong></span> <span class='ocrx_word' id='word_1_476' title='bbox 1851 4227 1865 4252; x_wconf 89' lang='lat'>‚</span> 
     </span>
     <span class='ocr_line' id='line_1_54' title="bbox 317 4263 1867 4329; baseline 0.003 -17"><span class='ocrx_word' id='word_1_477' title='bbox 317 4264 421 4312; x_wconf 87' lang='lat' dir='ltr'><strong>tum</strong></span> <span class='ocrx_word' id='word_1_478' title='bbox 440 4263 569 4326; x_wconf 90' lang='lat' dir='ltr'><strong>quod</strong></span> <span class='ocrx_word' id='word_1_479' title='bbox 587 4278 747 4313; x_wconf 88' lang='lat' dir='ltr'><strong>rerum</strong></span> <span class='ocrx_word' id='word_1_480' title='bbox 764 4265 1179 4327; x_wconf 82' lang='lat' dir='ltr'><strong>geographicarum</strong></span> <span class='ocrx_word' id='word_1_481' title='bbox 1209 4278 1511 4329; x_wconf 82' lang='lat' dir='ltr'><strong>nequaquam</strong></span> <span class='ocrx_word' id='word_1_482' title='bbox 1533 4267 1675 4315; x_wconf 75' lang='lat' dir='ltr'><strong>fuerit</strong></span> <span class='ocrx_word' id='word_1_483' title='bbox 1705 4268 1837 4316; x_wconf 84' lang='lat' dir='ltr'><strong>rudis</strong></span> <span class='ocrx_word' id='word_1_484' title='bbox 1853 4305 1867 4329; x_wconf 93' lang='lat'>‚</span> 
     </span>
    </p>
   </div>
   <div class='ocr_carea' id='block_1_17' title="bbox 319 4338 1868 4406">
    <p class='ocr_par' dir='ltr' id='par_1_18' title="bbox 319 4338 1868 4406">
     <span class='ocr_line' id='line_1_55' title="bbox 319 4338 1868 4406; baseline 0.004 -18"><span class='ocrx_word' id='word_1_485' title='bbox 319 4338 412 4389; x_wconf 80' lang='lat' dir='ltr'><strong>fide</strong></span> <span class='ocrx_word' id='word_1_486' title='bbox 431 4340 642 4403; x_wconf 80' lang='lat' dir='ltr'><strong>apprime</strong></span> <span class='ocrx_word' id='word_1_487' title='bbox 674 4339 896 4402; x_wconf 82' lang='lat' dir='ltr'><strong>dignum)</strong></span> <span class='ocrx_word' id='word_1_488' title='bbox 927 4341 1191 4391; x_wconf 85' lang='lat' dir='ltr'><strong>stadiorum</strong></span> <span class='ocrx_word' id='word_1_489' title='bbox 1218 4355 1474 4393; x_wconf 84' lang='lat' dir='ltr'><strong>numerare</strong></span> <span class='ocrx_word' id='word_1_490' title='bbox 1500 4343 1648 4393; x_wconf 86' lang='lat' dir='ltr'><strong>millia</strong></span> <span class='ocrx_word' id='word_1_491' title='bbox 1666 4344 1868 4406; x_wconf 86' lang='lat' dir='ltr'><strong>quinde-</strong></span> 
     </span>
    </p>
   </div>
   <div class='ocr_carea' id='block_1_18' title="bbox 318 4417 1089 4535">
    <p class='ocr_par' dir='ltr' id='par_1_19' title="bbox 318 4417 1089 4535">
     <span class='ocr_line' id='line_1_56' title="bbox 318 4417 429 4466; baseline 0 0"><span class='ocrx_word' id='word_1_492' title='bbox 318 4417 429 4466; x_wconf 88' lang='lat' dir='ltr'><strong>cim.</strong></span> 
     </span>
     <span class='ocr_line' id='line_1_57' title="bbox 1055 4486 1089 4535; baseline 0 0"><span class='ocrx_word' id='word_1_493' title='bbox 1055 4486 1089 4535; x_wconf 82' lang='lat'><strong>2</strong></span> 
     </span>
    </p>
   </div>
   <div class='ocr_carea' id='block_1_19' title="bbox 317 4550 1877 5260">
    <p class='ocr_par' dir='ltr' id='par_1_20' title="bbox 317 4550 1877 5260">
     <span class='ocr_line' id='line_1_58' title="bbox 378 4550 1870 4628; baseline 0.003 -15"><span class='ocrx_word' id='word_1_494' title='bbox 378 4567 486 4613; x_wconf 82' lang='lat' dir='ltr'><strong>Jam</strong></span> <span class='ocrx_word' id='word_1_495' title='bbox 508 4576 537 4612; x_wconf 88' lang='lat' dir='ltr'><strong>a</strong></span> <span class='ocrx_word' id='word_1_496' title='bbox 570 4566 729 4613; x_wconf 78' lang='lat' dir='ltr'><strong>Meroe</strong></span> <span class='ocrx_word' id='word_1_497' title='bbox 759 4563 820 4613; x_wconf 86' lang='lat' dir='ltr'><strong>ad</strong></span> <span class='ocrx_word' id='word_1_498' title='bbox 839 4550 1201 4628; x_wconf 74' lang='lat' dir='ltr'><strong>Hellespontum</strong></span> <span class='ocrx_word' id='word_1_499' title='bbox 1231 4579 1328 4615; x_wconf 89' lang='lat' dir='ltr'><strong>non</strong></span> <span class='ocrx_word' id='word_1_500' title='bbox 1347 4578 1448 4616; x_wconf 85' lang='lat' dir='ltr'><strong>esse</strong></span> <span class='ocrx_word' id='word_1_501' title='bbox 1472 4565 1678 4628; x_wconf 86' lang='lat' dir='ltr'><strong>amplius</strong></span> <span class='ocrx_word' id='word_1_502' title='bbox 1697 4565 1870 4617; x_wconf 90' lang='lat' dir='ltr'><strong>duode-</strong></span> 
     </span>
     <span class='ocr_line' id='line_1_59' title="bbox 317 4641 1871 4706; baseline 0.001 -15"><span class='ocrx_word' id='word_1_503' title='bbox 317 4641 481 4706; x_wconf 74' lang='lat' dir='ltr'><strong>viginti</strong></span> <span class='ocrx_word' id='word_1_504' title='bbox 510 4641 772 4691; x_wconf 85' lang='lat' dir='ltr'><strong>stadiorum</strong></span> <span class='ocrx_word' id='word_1_505' title='bbox 791 4643 1030 4703; x_wconf 85' lang='lat' dir='ltr'><strong>millibus,</strong></span> <span class='ocrx_word' id='word_1_506' title='bbox 1060 4647 1180 4706; x_wconf 86' lang='lat' dir='ltr'><strong>quot</strong></span> <span class='ocrx_word' id='word_1_507' title='bbox 1203 4644 1347 4694; x_wconf 86' lang='lat' dir='ltr'><strong>etiam</strong></span> <span class='ocrx_word' id='word_1_508' title='bbox 1378 4647 1490 4695; x_wconf 88' lang='lat' dir='ltr'><strong>sunt</strong></span> <span class='ocrx_word' id='word_1_509' title='bbox 1517 4658 1548 4693; x_wconf 88' lang='lat' dir='ltr'><strong>a</strong></span> <span class='ocrx_word' id='word_1_510' title='bbox 1575 4644 1871 4694; x_wconf 87' lang='lat' dir='ltr'><strong>meridionali</strong></span> 
     </span>
     <span class='ocr_line' id='line_1_60' title="bbox 317 4718 1869 4781; baseline 0.002 -13"><span class='ocrx_word' id='word_1_511' title='bbox 317 4718 464 4769; x_wconf 81' lang='lat' dir='ltr'><strong>Indiae</strong></span> <span class='ocrx_word' id='word_1_512' title='bbox 482 4719 628 4768; x_wconf 89' lang='lat' dir='ltr'><strong>latere</strong></span> <span class='ocrx_word' id='word_1_513' title='bbox 649 4732 800 4781; x_wconf 82' lang='lat' dir='ltr'><strong>usque</strong></span> <span class='ocrx_word' id='word_1_514' title='bbox 819 4719 880 4768; x_wconf 89' lang='lat' dir='ltr'><strong>ad</strong></span> <span class='ocrx_word' id='word_1_515' title='bbox 904 4720 1205 4781; x_wconf 85' lang='lat' dir='ltr'><strong>Bactrianos,</strong></span> <span class='ocrx_word' id='word_1_516' title='bbox 1227 4720 1566 4770; x_wconf 81' lang='lat' dir='ltr'><strong>accedentibus</strong></span> <span class='ocrx_word' id='word_1_517' title='bbox 1582 4719 1738 4770; x_wconf 82' lang='lat' dir='ltr'><strong>tribus</strong></span> <span class='ocrx_word' id='word_1_518' title='bbox 1758 4721 1869 4771; x_wconf 89' lang='lat' dir='ltr'><strong>mil·</strong></span> 
     </span>
     <span class='ocr_line' id='line_1_61' title="bbox 318 4794 1874 4859; baseline 0.002 -13"><span class='ocrx_word' id='word_1_519' title='bbox 318 4796 442 4847; x_wconf 83' lang='lat' dir='ltr'><strong>libus</strong></span> <span class='ocrx_word' id='word_1_520' title='bbox 458 4795 516 4845; x_wconf 87' lang='lat' dir='ltr'><strong>ad</strong></span> <span class='ocrx_word' id='word_1_521' title='bbox 540 4794 811 4858; x_wconf 87' lang='lat' dir='ltr'><strong>quindecim</strong></span> <span class='ocrx_word' id='word_1_522' title='bbox 831 4796 921 4846; x_wconf 85' lang='lat' dir='ltr'><strong>ista</strong></span> <span class='ocrx_word' id='word_1_523' title='bbox 941 4798 1089 4846; x_wconf 85' lang='lat' dir='ltr'><strong>millia</strong></span> <span class='ocrx_word' id='word_1_524' title='bbox 1105 4833 1120 4858; x_wconf 92' lang='lat'><strong><em>‚</em></strong></span> <span class='ocrx_word' id='word_1_525' title='bbox 1153 4810 1358 4859; x_wconf 84' lang='lat' dir='ltr'><strong>quorum</strong></span> <span class='ocrx_word' id='word_1_526' title='bbox 1385 4797 1490 4847; x_wconf 78' lang='lat' dir='ltr'><strong>liaec</strong></span> <span class='ocrx_word' id='word_1_527' title='bbox 1520 4801 1656 4847; x_wconf 88' lang='lat' dir='ltr'><strong>erant</strong></span> <span class='ocrx_word' id='word_1_528' title='bbox 1673 4798 1874 4850; x_wconf 83' lang='lat' dir='ltr'><strong>latitudo</strong></span> 
     </span>
     <span class='ocr_line' id='line_1_62' title="bbox 319 4870 1873 4938; baseline 0.004 -19"><span class='ocrx_word' id='word_1_529' title='bbox 319 4871 550 4920; x_wconf 85' lang='lat' dir='ltr'><strong>montium</strong></span> <span class='ocrx_word' id='word_1_530' title='bbox 567 4905 582 4931; x_wconf 91' lang='lat'><strong><em>‚</em></strong></span> <span class='ocrx_word' id='word_1_531' title='bbox 602 4870 683 4920; x_wconf 88' lang='lat' dir='ltr'><strong>illa</strong></span> <span class='ocrx_word' id='word_1_532' title='bbox 703 4870 867 4921; x_wconf 77' lang='lat' dir='ltr'><strong>indiae.</strong></span> <span class='ocrx_word' id='word_1_533' title='bbox 891 4874 1027 4921; x_wconf 84' lang='lat' dir='ltr'><strong>Hanc</strong></span> <span class='ocrx_word' id='word_1_534' title='bbox 1059 4873 1342 4923; x_wconf 86' lang='lat' dir='ltr'><strong>sententiam</strong></span> <span class='ocrx_word' id='word_1_535' title='bbox 1375 4873 1655 4937; x_wconf 82' lang='lat' dir='ltr'><strong>impugnans</strong></span> <span class='ocrx_word' id='word_1_536' title='bbox 1674 4877 1873 4938; x_wconf 79' lang='lat' dir='ltr'><strong>nippar-</strong></span> 
     </span>
     <span class='ocr_line' id='line_1_63' title="bbox 319 4952 1874 5016; baseline 0.004 -16"><span class='ocrx_word' id='word_1_537' title='bbox 319 4952 437 5000; x_wconf 78' lang='lat' dir='ltr'><strong>clius</strong></span> <span class='ocrx_word' id='word_1_538' title='bbox 468 4953 746 5014; x_wconf 85' lang='lat' dir='ltr'><strong>argumenta</strong></span> <span class='ocrx_word' id='word_1_539' title='bbox 783 4952 883 5001; x_wconf 76' lang='lat' dir='ltr'><strong>baec</strong></span> <span class='ocrx_word' id='word_1_540' title='bbox 916 4953 1095 5016; x_wconf 78' lang='lat' dir='ltr'><strong>culpat.</strong></span> <span class='ocrx_word' id='word_1_541' title='bbox 1130 4955 1280 5015; x_wconf 78' lang='lat' dir='ltr'><strong>Negat</strong></span> <span class='ocrx_word' id='word_1_542' title='bbox 1305 4954 1432 5002; x_wconf 89' lang='lat' dir='ltr'><strong>enim</strong></span> <span class='ocrx_word' id='word_1_543' title='bbox 1453 4954 1713 5004; x_wconf 79' lang='lat' dir='ltr'><strong>Patroclem</strong></span> <span class='ocrx_word' id='word_1_544' title='bbox 1732 4956 1874 5006; x_wconf 86' lang='lat' dir='ltr'><strong>tidem</strong></span> 
     </span>
     <span class='ocr_line' id='line_1_64' title="bbox 319 5028 1874 5091; baseline 0.004 -14"><span class='ocrx_word' id='word_1_545' title='bbox 319 5028 488 5078; x_wconf 89' lang='lat' dir='ltr'><strong>mereri</strong></span> <span class='ocrx_word' id='word_1_546' title='bbox 506 5063 521 5089; x_wconf 87' lang='lat'>,</span> <span class='ocrx_word' id='word_1_547' title='bbox 554 5030 722 5078; x_wconf 78' lang='lat' dir='ltr'><strong>contra</strong></span> <span class='ocrx_word' id='word_1_548' title='bbox 747 5042 892 5091; x_wconf 89' lang='lat' dir='ltr'><strong>quem</strong></span> <span class='ocrx_word' id='word_1_549' title='bbox 923 5028 1021 5079; x_wconf 86' lang='lat' dir='ltr'><strong>duo</strong></span> <span class='ocrx_word' id='word_1_550' title='bbox 1051 5030 1149 5079; x_wconf 88' lang='lat' dir='ltr'><strong>sint</strong></span> <span class='ocrx_word' id='word_1_551' title='bbox 1176 5031 1504 5080; x_wconf 84' lang='lat' dir='ltr'><strong>testimonium</strong></span> <span class='ocrx_word' id='word_1_552' title='bbox 1530 5032 1732 5083; x_wconf 77' lang='lat' dir='ltr'><strong>serentes</strong></span> <span class='ocrx_word' id='word_1_553' title='bbox 1763 5034 1874 5083; x_wconf 83' lang='lat' dir='ltr'><strong>Dei·</strong></span> 
     </span>
     <span class='ocr_line' id='line_1_65' title="bbox 320 5106 1877 5171; baseline 0.003 -16"><span class='ocrx_word' id='word_1_554' title='bbox 320 5106 517 5156; x_wconf 79' lang='lat' dir='ltr'><strong>machus</strong></span> <span class='ocrx_word' id='word_1_555' title='bbox 534 5110 583 5156; x_wconf 87' lang='lat' dir='ltr'><strong>et</strong></span> <span class='ocrx_word' id='word_1_556' title='bbox 595 5109 947 5170; x_wconf 75' lang='lat' dir='ltr'><strong>Megasthenes,</strong></span> <span class='ocrx_word' id='word_1_557' title='bbox 968 5110 1052 5171; x_wconf 84' lang='lat' dir='ltr'><strong>qui</strong></span> <span class='ocrx_word' id='word_1_558' title='bbox 1073 5109 1378 5159; x_wconf 81' lang='lat' dir='ltr'><strong>intervallum</strong></span> <span class='ocrx_word' id='word_1_559' title='bbox 1397 5124 1424 5159; x_wconf 89' lang='lat' dir='ltr'><strong>a</strong></span> <span class='ocrx_word' id='word_1_560' title='bbox 1443 5111 1564 5160; x_wconf 84' lang='lat' dir='ltr'><strong>mari</strong></span> <span class='ocrx_word' id='word_1_561' title='bbox 1580 5111 1877 5161; x_wconf 74' lang='lat' dir='ltr'><strong>menidionali</strong></span> 
     </span>
     <span class='ocr_line' id='line_1_66' title="bbox 319 5183 1866 5260; baseline 0.003 -28"><span class='ocrx_word' id='word_1_562' title='bbox 319 5183 603 5246; x_wconf 77' lang='lat' dir='ltr'><strong>quibusdam</strong></span> <span class='ocrx_word' id='word_1_563' title='bbox 636 5186 752 5235; x_wconf 81' lang='lat' dir='ltr'><strong>locis</strong></span> <span class='ocrx_word' id='word_1_564' title='bbox 777 5186 951 5260; x_wconf 66' lang='lat' dir='ltr'><strong>yicies,</strong></span> <span class='ocrx_word' id='word_1_565' title='bbox 984 5186 1224 5249; x_wconf 78' lang='lat' dir='ltr'><strong>aliquibus</strong></span> <span class='ocrx_word' id='word_1_566' title='bbox 1245 5188 1391 5237; x_wconf 83' lang='lat' dir='ltr'><strong>etiam</strong></span> <span class='ocrx_word' id='word_1_567' title='bbox 1422 5188 1579 5239; x_wconf 80' lang='lat' dir='ltr'><strong>tricies</strong></span> <span class='ocrx_word' id='word_1_568' title='bbox 1609 5188 1739 5239; x_wconf 83' lang='lat' dir='ltr'><strong>mille</strong></span> <span class='ocrx_word' id='word_1_569' title='bbox 1768 5191 1866 5240; x_wconf 84' lang='lat' dir='ltr'><strong>sta·</strong></span> 
     </span>
    </p>
   </div>
   <div class='ocr_carea' id='block_1_20' title="bbox 1906 2563 1915 2798">
    <p class='ocr_par' dir='ltr' id='par_1_21' title="bbox 1906 2563 1915 2798">
     <span class='ocr_line' id='line_1_67' title="bbox 1906 2563 1915 2798; baseline 0 0"><span class='ocrx_word' id='word_1_570' title='bbox 1906 2563 1915 2798; x_wconf 95' lang='lat' dir='ltr'><strong> </strong></span> 
     </span>
    </p>
   </div>
   <div class='ocr_carea' id='block_1_21' title="bbox 1907 2803 1915 3099">
    <p class='ocr_par' dir='ltr' id='par_1_22' title="bbox 1907 2803 1915 3099">
     <span class='ocr_line' id='line_1_68' title="bbox 1907 2803 1915 3099; baseline 0 2817"><span class='ocrx_word' id='word_1_571' title='bbox 1907 2803 1915 3099; x_wconf 95' lang='lat' dir='ltr'><strong> </strong></span> 
     </span>
    </p>
   </div>
   <div class='ocr_carea' id='block_1_22' title="bbox 1908 3213 1916 3408">
    <p class='ocr_par' dir='ltr' id='par_1_23' title="bbox 1908 3213 1916 3408">
     <span class='ocr_line' id='line_1_69' title="bbox 1908 3213 1916 3408; baseline 0 2508"><span class='ocrx_word' id='word_1_572' title='bbox 1908 3213 1916 3408; x_wconf 95' lang='lat' dir='ltr'><strong> </strong></span> 
     </span>
    </p>
   </div>
   <div class='ocr_carea' id='block_1_23' title="bbox 1953 2345 3519 2690">
    <p class='ocr_par' dir='ltr' id='par_1_24' title="bbox 1953 2345 3519 2690">
     <span class='ocr_line' id='line_1_70' title="bbox 1957 2345 3513 2431; baseline 0.003 -27"><span class='ocrx_word' id='word_1_573' title='bbox 1957 2349 2233 2426; x_wconf 75' lang='grc' dir='ltr'>ἱστορῆσαι</span> <span class='ocrx_word' id='word_1_574' title='bbox 2271 2345 2507 2422; x_wconf 75' lang='grc' dir='ltr'>ἕκαστα,</span> <span class='ocrx_word' id='word_1_575' title='bbox 2554 2349 2708 2409; x_wconf 75' lang='grc' dir='ltr'>αὐτὸν</span> <span class='ocrx_word' id='word_1_576' title='bbox 2746 2350 2799 2408; x_wconf 81' lang='grc' dir='ltr'>δὲ</span> <span class='ocrx_word' id='word_1_577' title='bbox 2827 2347 3157 2430; x_wconf 78' lang='grc' dir='ltr'>Ἀλέξανδρον</span> <span class='ocrx_word' id='word_1_578' title='bbox 3197 2351 3513 2431; x_wconf 73' lang='grc' dir='ltr'>ἅκριὸῶσαι,</span> 
     </span>
     <span class='ocr_line' id='line_1_71' title="bbox 1956 2433 3514 2517; baseline 0.004 -26"><span class='ocrx_word' id='word_1_579' title='bbox 1956 2433 2371 2515; x_wconf 76' lang='grc' dir='ltr'>ἀναγραψάντων</span> <span class='ocrx_word' id='word_1_580' title='bbox 2416 2436 2518 2508; x_wconf 80' lang='grc' dir='ltr'><strong>τὴν</strong></span> <span class='ocrx_word' id='word_1_581' title='bbox 2569 2434 2696 2510; x_wconf 75' lang='grc' dir='ltr'>ὅλην</span> <span class='ocrx_word' id='word_1_582' title='bbox 2749 2436 2928 2517; x_wconf 80' lang='grc' dir='ltr'>χώραν</span> <span class='ocrx_word' id='word_1_583' title='bbox 2986 2441 3081 2497; x_wconf 86' lang='grc' dir='ltr'><strong>τῶν</strong></span> <span class='ocrx_word' id='word_1_584' title='bbox 3133 2439 3514 2517; x_wconf 71' lang='grc' dir='ltr'>ἕμπειροτάτων</span> 
     </span>
     <span class='ocr_line' id='line_1_72' title="bbox 1953 2520 3519 2606; baseline 0.004 -28"><span class='ocrx_word' id='word_1_585' title='bbox 1953 2520 2233 2601; x_wconf 78' lang='grc' dir='ltr'>αὖτῷ·τὴν</span> <span class='ocrx_word' id='word_1_586' title='bbox 2262 2524 2307 2581; x_wconf 86' lang='grc' dir='ltr'>δ’</span> <span class='ocrx_word' id='word_1_587' title='bbox 2332 2523 2639 2605; x_wconf 78' lang='grc' dir='ltr'>ἀναγραφὴν</span> <span class='ocrx_word' id='word_1_588' title='bbox 2682 2527 2823 2603; x_wconf 80' lang='grc' dir='ltr'>αὐτῷ</span> <span class='ocrx_word' id='word_1_589' title='bbox 2854 2525 3061 2596; x_wconf 75' lang='grc' dir='ltr'>δοθῆναί</span> <span class='ocrx_word' id='word_1_590' title='bbox 3109 2547 3263 2605; x_wconf 80' lang='grc' dir='ltr'>φησιν</span> <span class='ocrx_word' id='word_1_591' title='bbox 3302 2524 3519 2606; x_wconf 77' lang='grc' dir='ltr'>ὕστερον</span> 
     </span>
     <span class='ocr_line' id='line_1_73' title="bbox 1954 2607 2902 2690; baseline 0.003 -25"><span class='ocrx_word' id='word_1_592' title='bbox 1954 2607 2055 2666; x_wconf 80' lang='grc' dir='ltr'>ὑπὸ</span> <span class='ocrx_word' id='word_1_593' title='bbox 2083 2608 2399 2678; x_wconf 78' lang='grc' dir='ltr'>Ξενοκλέους</span> <span class='ocrx_word' id='word_1_594' title='bbox 2419 2615 2511 2670; x_wconf 89' lang='grc' dir='ltr'><strong>τοῦ</strong></span> <span class='ocrx_word' id='word_1_595' title='bbox 2531 2611 2902 2690; x_wconf 77' lang='grc' dir='ltr'>γαζοφύλακος.</span> 
     </span>
    </p>
   </div>
   <div class='ocr_carea' id='block_1_24' title="bbox 2708 2758 2763 2815">
    <p class='ocr_par' dir='ltr' id='par_1_25' title="bbox 2708 2758 2763 2815">
     <span class='ocr_line' id='line_1_74' title="bbox 2708 2758 2763 2815; baseline 0.018 -1"><span class='ocrx_word' id='word_1_596' title='bbox 2708 2758 2763 2815; x_wconf 86' lang='grc'><strong>3.</strong></span> 
     </span>
    </p>
   </div>
   <div class='ocr_carea' id='block_1_25' title="bbox 1955 2901 3520 3419">
    <p class='ocr_par' dir='ltr' id='par_1_26' title="bbox 1955 2901 3520 3419">
     <span class='ocr_line' id='line_1_75' title="bbox 2034 2901 3516 2984; baseline 0.003 -24"><span class='ocrx_word' id='word_1_597' title='bbox 2034 2905 2237 2961; x_wconf 86' lang='lat' dir='ltr'><strong>Strabo</strong></span> <span class='ocrx_word' id='word_1_598' title='bbox 2264 2907 2350 2975; x_wconf 88' lang='lat'><strong>11,</strong></span> <span class='ocrx_word' id='word_1_599' title='bbox 2376 2925 2435 2980; x_wconf 94' lang='lat' dir='ltr'><strong>p.</strong></span> <span class='ocrx_word' id='word_1_600' title='bbox 2469 2911 2538 2977; x_wconf 74' lang='lat'><strong>74</strong></span> <span class='ocrx_word' id='word_1_601' title='bbox 2575 2924 2590 2962; x_wconf 72' lang='grc' dir='ltr'><strong>ε</strong></span> <span class='ocrx_word' id='word_1_602' title='bbox 2621 2901 2819 2964; x_wconf 88' lang='grc' dir='ltr'>Ἔσται</span> <span class='ocrx_word' id='word_1_603' title='bbox 2841 2902 2895 2963; x_wconf 83' lang='grc' dir='ltr'>δὲ</span> <span class='ocrx_word' id='word_1_604' title='bbox 2922 2903 3136 2984; x_wconf 85' lang='grc' dir='ltr'>Βάκτρα</span> <span class='ocrx_word' id='word_1_605' title='bbox 3162 2903 3252 2963; x_wconf 81' lang='grc' dir='ltr'><strong>καὶ</strong></span> <span class='ocrx_word' id='word_1_606' title='bbox 3277 2909 3365 2964; x_wconf 87' lang='grc' dir='ltr'><strong>τοῦ</strong></span> <span class='ocrx_word' id='word_1_607' title='bbox 3395 2906 3516 2965; x_wconf 81' lang='grc' dir='ltr'>στό-</span> 
     </span>
     <span class='ocr_line' id='line_1_76' title="bbox 1956 2989 3513 3071; baseline 0.001 -23"><span class='ocrx_word' id='word_1_608' title='bbox 1956 3014 2117 3067; x_wconf 88' lang='grc' dir='ltr'>ματος</span> <span class='ocrx_word' id='word_1_609' title='bbox 2144 2995 2235 3062; x_wconf 82' lang='grc' dir='ltr'><strong>τῆς</strong></span> <span class='ocrx_word' id='word_1_610' title='bbox 2276 2990 2523 3058; x_wconf 81' lang='grc' dir='ltr'>Κασπίας</span> <span class='ocrx_word' id='word_1_611' title='bbox 2556 2989 2838 3065; x_wconf 84' lang='grc' dir='ltr'>θαλάττης,</span> <span class='ocrx_word' id='word_1_612' title='bbox 2870 2992 2972 3050; x_wconf 86' lang='grc' dir='ltr'>εἴτε</span> <span class='ocrx_word' id='word_1_613' title='bbox 3007 2991 3317 3071; x_wconf 87' lang='grc' dir='ltr'>Ὑρκανίας,</span> <span class='ocrx_word' id='word_1_614' title='bbox 3367 2993 3513 3071; x_wconf 80' lang='grc' dir='ltr'>πάμ-</span> 
     </span>
     <span class='ocr_line' id='line_1_77' title="bbox 1955 3076 3516 3159; baseline 0.004 -27"><span class='ocrx_word' id='word_1_615' title='bbox 1955 3076 2087 3134; x_wconf 86' lang='grc' dir='ltr'>πολύ</span> <span class='ocrx_word' id='word_1_616' title='bbox 2118 3101 2169 3134; x_wconf 90' lang='grc' dir='ltr'><strong>τι</strong></span> <span class='ocrx_word' id='word_1_617' title='bbox 2218 3077 2604 3158; x_wconf 74' lang='grc' dir='ltr'>ἅρκτικώτερα,</span> <span class='ocrx_word' id='word_1_618' title='bbox 2636 3076 2764 3159; x_wconf 83' lang='grc' dir='ltr'>ὅπερ</span> <span class='ocrx_word' id='word_1_619' title='bbox 2805 3085 2895 3138; x_wconf 89' lang='grc' dir='ltr'><strong>τοῦ</strong></span> <span class='ocrx_word' id='word_1_620' title='bbox 2934 3085 3104 3159; x_wconf 88' lang='grc' dir='ltr'>μυχοῦ</span> <span class='ocrx_word' id='word_1_621' title='bbox 3152 3084 3244 3151; x_wconf 80' lang='grc' dir='ltr'><strong>τῆς</strong></span> <span class='ocrx_word' id='word_1_622' title='bbox 3274 3080 3516 3148; x_wconf 85' lang='grc' dir='ltr'>Κασπίας</span> 
     </span>
     <span class='ocr_line' id='line_1_78' title="bbox 1957 3163 3516 3247; baseline 0.003 -27"><span class='ocrx_word' id='word_1_623' title='bbox 1957 3163 2047 3222; x_wconf 75' lang='grc' dir='ltr'><strong>καὶ</strong></span> <span class='ocrx_word' id='word_1_624' title='bbox 2092 3168 2195 3223; x_wconf 92' lang='grc' dir='ltr'><strong>τῶν</strong></span> <span class='ocrx_word' id='word_1_625' title='bbox 2248 3164 2599 3246; x_wconf 78' lang='grc' dir='ltr'>Ἀρμενιακῶν</span> <span class='ocrx_word' id='word_1_626' title='bbox 2627 3165 2716 3224; x_wconf 77' lang='grc' dir='ltr'><strong>καὶ</strong></span> <span class='ocrx_word' id='word_1_627' title='bbox 2744 3167 2998 3238; x_wconf 83' lang='grc' dir='ltr'>Μηδικῶν</span> <span class='ocrx_word' id='word_1_628' title='bbox 3037 3169 3170 3246; x_wconf 83' lang='grc' dir='ltr'>ὀρῶν</span> <span class='ocrx_word' id='word_1_629' title='bbox 3210 3165 3371 3246; x_wconf 77' lang='grc' dir='ltr'>διέχει</span> <span class='ocrx_word' id='word_1_630' title='bbox 3399 3167 3516 3247; x_wconf 75' lang='grc' dir='ltr'>περὶ</span> 
     </span>
     <span class='ocr_line' id='line_1_79' title="bbox 1959 3247 3520 3334; baseline 0.003 -28"><span class='ocrx_word' id='word_1_631' title='bbox 1959 3247 2336 3329; x_wconf 78' lang='grc' dir='ltr'>ἑξακισχιλίους</span> <span class='ocrx_word' id='word_1_632' title='bbox 2360 3250 2598 3319; x_wconf 80' lang='grc' dir='ltr'>σταδίους</span> <span class='ocrx_word' id='word_1_633' title='bbox 2616 3295 2633 3325; x_wconf 88' lang='grc'>,</span> <span class='ocrx_word' id='word_1_634' title='bbox 2678 3251 2769 3311; x_wconf 77' lang='grc' dir='ltr'><strong>καὶ</strong></span> <span class='ocrx_word' id='word_1_635' title='bbox 2792 3253 2932 3311; x_wconf 83' lang='grc' dir='ltr'>δοκεῖ</span> <span class='ocrx_word' id='word_1_636' title='bbox 2961 3257 3055 3323; x_wconf 77' lang='grc' dir='ltr'><strong>τῆς</strong></span> <span class='ocrx_word' id='word_1_637' title='bbox 3080 3255 3236 3324; x_wconf 71' lang='grc' dir='ltr'>αὐτῆς</span> <span class='ocrx_word' id='word_1_638' title='bbox 3257 3254 3520 3334; x_wconf 85' lang='grc' dir='ltr'>παραλίας</span> 
     </span>
     <span class='ocr_line' id='line_1_80' title="bbox 1959 3331 3519 3419; baseline 0.004 -27"><span class='ocrx_word' id='word_1_639' title='bbox 1959 3336 2115 3417; x_wconf 77' lang='grc' dir='ltr'>μέχρι</span> <span class='ocrx_word' id='word_1_640' title='bbox 2152 3341 2244 3409; x_wconf 78' lang='grc' dir='ltr'><strong>τῆς</strong></span> <span class='ocrx_word' id='word_1_641' title='bbox 2284 3338 2506 3410; x_wconf 76' lang='grc' dir='ltr'>Ἰνδικῆς</span> <span class='ocrx_word' id='word_1_642' title='bbox 2552 3338 2927 3419; x_wconf 80' lang='grc' dir='ltr'>ἂρκτικώτερον</span> <span class='ocrx_word' id='word_1_643' title='bbox 2980 3331 3109 3397; x_wconf 71' lang='grc' dir='ltr'>εἶναι</span> <span class='ocrx_word' id='word_1_644' title='bbox 3165 3349 3378 3415; x_wconf 86' lang='grc' dir='ltr'>σημεῖον</span> <span class='ocrx_word' id='word_1_645' title='bbox 3424 3340 3519 3399; x_wconf 74' lang='grc' dir='ltr'><strong>καὶ</strong></span> 
     </span>
    </p>
   </div>
   <div class='ocr_carea' id='block_1_26' title="bbox 1952 3501 3565 4728">
    <p class='ocr_par' dir='ltr' id='par_1_27' title="bbox 1952 3501 3565 3876">
     <span class='ocr_line' id='line_1_81' title="bbox 1952 3501 3521 3566; baseline 0.003 -16"><span class='ocrx_word' id='word_1_646' title='bbox 1952 3501 2143 3552; x_wconf 83' lang='lat' dir='ltr'><strong>diorum</strong></span> <span class='ocrx_word' id='word_1_647' title='bbox 2176 3502 2417 3553; x_wconf 85' lang='lat' dir='ltr'><strong>affirment</strong></span> <span class='ocrx_word' id='word_1_648' title='bbox 2445 3517 2576 3566; x_wconf 86' lang='lat' dir='ltr'><strong>esse·,</strong></span> <span class='ocrx_word' id='word_1_649' title='bbox 2607 3518 2719 3554; x_wconf 87' lang='lat' dir='ltr'><strong>cnm</strong></span> <span class='ocrx_word' id='word_1_650' title='bbox 2752 3505 2825 3556; x_wconf 86' lang='lat' dir='ltr'><strong>his</strong></span> <span class='ocrx_word' id='word_1_651' title='bbox 2856 3507 3122 3555; x_wconf 80' lang='lat' dir='ltr'><strong>consentire</strong></span> <span class='ocrx_word' id='word_1_652' title='bbox 3150 3507 3338 3555; x_wconf 75' lang='lat' dir='ltr'><strong>veteres</strong></span> <span class='ocrx_word' id='word_1_653' title='bbox 3367 3507 3521 3555; x_wconf 84' lang='lat' dir='ltr'><strong>etiam</strong></span> 
     </span>
     <span class='ocr_line' id='line_1_82' title="bbox 1955 3579 3505 3642; baseline 0.003 -15"><span class='ocrx_word' id='word_1_654' title='bbox 1955 3579 2159 3630; x_wconf 79' lang='lat' dir='ltr'><strong>tabulas,</strong></span> <span class='ocrx_word' id='word_1_655' title='bbox 2224 3586 2295 3630; x_wconf 81' lang='lat' dir='ltr'><strong>Ac</strong></span> <span class='ocrx_word' id='word_1_656' title='bbox 2324 3580 2517 3631; x_wconf 81' lang='lat' dir='ltr'><strong>videtur</strong></span> <span class='ocrx_word' id='word_1_657' title='bbox 2535 3582 2580 3631; x_wconf 89' lang='lat' dir='ltr'><strong>ei</strong></span> <span class='ocrx_word' id='word_1_658' title='bbox 2596 3581 2863 3631; x_wconf 84' lang='lat' dir='ltr'><strong>absurdum</strong></span> <span class='ocrx_word' id='word_1_659' title='bbox 2879 3617 2893 3642; x_wconf 88' lang='lat'>‚</span> <span class='ocrx_word' id='word_1_660' title='bbox 2912 3582 3038 3631; x_wconf 76' lang='lat' dir='ltr'><strong>velle</strong></span> <span class='ocrx_word' id='word_1_661' title='bbox 3065 3582 3155 3632; x_wconf 86' lang='lat' dir='ltr'><strong>soli</strong></span> <span class='ocrx_word' id='word_1_662' title='bbox 3178 3582 3381 3632; x_wconf 84' lang='lat' dir='ltr'><strong>Patrocli</strong></span> <span class='ocrx_word' id='word_1_663' title='bbox 3400 3596 3505 3632; x_wconf 89' lang='lat' dir='ltr'><strong>cre·</strong></span> 
     </span>
     <span class='ocr_line' id='line_1_83' title="bbox 1954 3654 3565 3719; baseline 0.003 -16"><span class='ocrx_word' id='word_1_664' title='bbox 1954 3654 2093 3717; x_wconf 81' lang='lat' dir='ltr'><strong>dere,</strong></span> <span class='ocrx_word' id='word_1_665' title='bbox 2115 3655 2339 3719; x_wconf 82' lang='lat' dir='ltr'><strong>neglectis</strong></span> <span class='ocrx_word' id='word_1_666' title='bbox 2355 3657 2555 3707; x_wconf 86' lang='lat' dir='ltr'><strong>testibus</strong></span> <span class='ocrx_word' id='word_1_667' title='bbox 2571 3657 2690 3707; x_wconf 87' lang='lat' dir='ltr'><strong>adeo</strong></span> <span class='ocrx_word' id='word_1_668' title='bbox 2704 3657 2956 3708; x_wconf 82' lang='lat' dir='ltr'><strong>evidenter</strong></span> <span class='ocrx_word' id='word_1_669' title='bbox 2972 3657 3208 3708; x_wconf 85' lang='lat' dir='ltr'><strong>contraria</strong></span> <span class='ocrx_word' id='word_1_670' title='bbox 3225 3658 3505 3716; x_wconf 76' lang='lat' dir='ltr'><strong>dicentibu5‚</strong></span> <span class='ocrx_word' id='word_1_671' title='bbox 3561 3656 3565 3660; x_wconf 72' lang='grc'><strong><em>’</em></strong></span> 
     </span>
     <span class='ocr_line' id='line_1_84' title="bbox 1955 3734 3510 3799; baseline 0.002 -15"><span class='ocrx_word' id='word_1_672' title='bbox 1955 3735 2005 3783; x_wconf 84' lang='lat' dir='ltr'><strong>et</strong></span> <span class='ocrx_word' id='word_1_673' title='bbox 2028 3747 2090 3784; x_wconf 83' lang='lat' dir='ltr'><strong>ex</strong></span> <span class='ocrx_word' id='word_1_674' title='bbox 2110 3734 2257 3797; x_wconf 86' lang='lat' dir='ltr'><strong>ipsius</strong></span> <span class='ocrx_word' id='word_1_675' title='bbox 2285 3738 2405 3785; x_wconf 86' lang='lat' dir='ltr'><strong>nutu</strong></span> <span class='ocrx_word' id='word_1_676' title='bbox 2442 3738 2627 3785; x_wconf 76' lang='lat' dir='ltr'><strong>veteres</strong></span> <span class='ocrx_word' id='word_1_677' title='bbox 2658 3736 2890 3797; x_wconf 84' lang='lat' dir='ltr'><strong>corrigere</strong></span> <span class='ocrx_word' id='word_1_678' title='bbox 2915 3735 3129 3798; x_wconf 79' lang='lat' dir='ltr'><strong>tabulas,</strong></span> <span class='ocrx_word' id='word_1_679' title='bbox 3166 3750 3321 3799; x_wconf 87' lang='lat' dir='ltr'><strong>neque</strong></span> <span class='ocrx_word' id='word_1_680' title='bbox 3352 3739 3510 3798; x_wconf 66' lang='lat' dir='ltr'><strong>potfus</strong></span> 
     </span>
     <span class='ocr_line' id='line_1_85' title="bbox 1954 3811 3511 3876; baseline 0.003 -17"><span class='ocrx_word' id='word_1_681' title='bbox 1954 3811 2109 3862; x_wconf 87' lang='lat' dir='ltr'><strong>sinere</strong></span> <span class='ocrx_word' id='word_1_682' title='bbox 2128 3811 2272 3874; x_wconf 85' lang='lat' dir='ltr'><strong>tales,</strong></span> <span class='ocrx_word' id='word_1_683' title='bbox 2292 3812 2444 3862; x_wconf 87' lang='lat' dir='ltr'><strong>donec</strong></span> <span class='ocrx_word' id='word_1_684' title='bbox 2471 3811 2648 3861; x_wconf 88' lang='lat' dir='ltr'><strong>certius</strong></span> <span class='ocrx_word' id='word_1_685' title='bbox 2674 3812 2853 3876; x_wconf 87' lang='lat' dir='ltr'><strong>aliquid</strong></span> <span class='ocrx_word' id='word_1_686' title='bbox 2874 3813 2965 3861; x_wconf 85' lang='lat' dir='ltr'><strong>bac</strong></span> <span class='ocrx_word' id='word_1_687' title='bbox 2982 3812 3043 3861; x_wconf 88' lang='lat' dir='ltr'><strong>de</strong></span> <span class='ocrx_word' id='word_1_688' title='bbox 3060 3826 3113 3863; x_wconf 89' lang='lat' dir='ltr'><strong>re</strong></span> <span class='ocrx_word' id='word_1_689' title='bbox 3131 3814 3511 3876; x_wconf 76' lang='lat' dir='ltr'><strong>cognoverimus,</strong></span> 
     </span>
    </p>

    <p class='ocr_par' dir='ltr' id='par_1_28' title="bbox 1956 3889 3525 4728">
     <span class='ocr_line' id='line_1_86' title="bbox 2021 3889 3513 3953; baseline 0.001 -13"><span class='ocrx_word' id='word_1_690' title='bbox 2021 3893 2130 3940; x_wconf 82' lang='lat' dir='ltr'><strong>Jam</strong></span> <span class='ocrx_word' id='word_1_691' title='bbox 2168 3890 2318 3953; x_wconf 86' lang='lat' dir='ltr'><strong>ipsius</strong></span> <span class='ocrx_word' id='word_1_692' title='bbox 2351 3890 2579 3941; x_wconf 87' lang='lat' dir='ltr'><strong>Patroclis</strong></span> <span class='ocrx_word' id='word_1_693' title='bbox 2652 3889 2772 3940; x_wconf 82' lang='lat' dir='ltr'><strong>fides</strong></span> <span class='ocrx_word' id='word_1_694' title='bbox 2800 3890 2967 3940; x_wconf 87' lang='lat' dir='ltr'><strong>multis</strong></span> <span class='ocrx_word' id='word_1_695' title='bbox 2995 3890 3164 3941; x_wconf 82' lang='lat' dir='ltr'><strong>nltitur</strong></span> <span class='ocrx_word' id='word_1_696' title='bbox 3203 3891 3513 3952; x_wconf 81' lang='lat' dir='ltr'><strong>testimoniis,</strong></span> 
     </span>
     <span class='ocr_line' id='line_1_87' title="bbox 1957 3966 3515 4031; baseline 0.002 -16"><span class='ocrx_word' id='word_1_697' title='bbox 1957 3980 2122 4029; x_wconf 79' lang='lat' dir='ltr'><strong>regum</strong></span> <span class='ocrx_word' id='word_1_698' title='bbox 2153 3966 2335 4017; x_wconf 85' lang='lat' dir='ltr'><strong>scilicet</strong></span> <span class='ocrx_word' id='word_1_699' title='bbox 2365 3968 2449 4030; x_wconf 85' lang='lat' dir='ltr'><strong>qui</strong></span> <span class='ocrx_word' id='word_1_700' title='bbox 2479 3967 2523 4017; x_wconf 85' lang='lat' dir='ltr'><strong>ei</strong></span> <span class='ocrx_word' id='word_1_701' title='bbox 2555 3969 2744 4017; x_wconf 85' lang='lat' dir='ltr'><strong>tantum</strong></span> <span class='ocrx_word' id='word_1_702' title='bbox 2778 3967 3121 4018; x_wconf 84' lang='lat' dir='ltr'><strong>commiserunt</strong></span> <span class='ocrx_word' id='word_1_703' title='bbox 3152 3966 3433 4031; x_wconf 80' lang='lat' dir='ltr'><strong>imperium,</strong></span> <span class='ocrx_word' id='word_1_704' title='bbox 3464 3972 3515 4018; x_wconf 86' lang='lat' dir='ltr'><strong>et</strong></span> 
     </span>
     <span class='ocr_line' id='line_1_88' title="bbox 1958 4043 3524 4107; baseline -0.001 -13"><span class='ocrx_word' id='word_1_705' title='bbox 1958 4057 2123 4094; x_wconf 85' lang='lat' dir='ltr'><strong>eorum</strong></span> <span class='ocrx_word' id='word_1_706' title='bbox 2138 4043 2222 4106; x_wconf 84' lang='lat' dir='ltr'><strong>qui</strong></span> <span class='ocrx_word' id='word_1_707' title='bbox 2243 4044 2318 4093; x_wconf 77' lang='lat' dir='ltr'><strong>vel</strong></span> <span class='ocrx_word' id='word_1_708' title='bbox 2338 4044 2485 4107; x_wconf 82' lang='lat' dir='ltr'><strong>ipsius</strong></span> <span class='ocrx_word' id='word_1_709' title='bbox 2502 4044 2783 4094; x_wconf 84' lang='lat' dir='ltr'><strong>sententiam</strong></span> <span class='ocrx_word' id='word_1_710' title='bbox 2799 4044 2949 4095; x_wconf 86' lang='lat' dir='ltr'><strong>secuti</strong></span> <span class='ocrx_word' id='word_1_711' title='bbox 2967 4047 3078 4095; x_wconf 86' lang='lat' dir='ltr'><strong>sunt</strong></span> <span class='ocrx_word' id='word_1_712' title='bbox 3094 4082 3109 4106; x_wconf 87' lang='lat'><em>,</em></span> <span class='ocrx_word' id='word_1_713' title='bbox 3128 4045 3205 4095; x_wconf 80' lang='lat' dir='ltr'><strong>vel</strong></span> <span class='ocrx_word' id='word_1_714' title='bbox 3224 4044 3524 4095; x_wconf 79' lang='lat' dir='ltr'><strong>contrarium</strong></span> 
     </span>
     <span class='ocr_line' id='line_1_89' title="bbox 1956 4120 3517 4184; baseline -0.001 -13"><span class='ocrx_word' id='word_1_715' title='bbox 1956 4121 2202 4171; x_wconf 86' lang='lat' dir='ltr'><strong>senserunt</strong></span> <span class='ocrx_word' id='word_1_716' title='bbox 2220 4157 2234 4183; x_wconf 88' lang='lat'>,</span> <span class='ocrx_word' id='word_1_717' title='bbox 2261 4134 2381 4182; x_wconf 88' lang='lat' dir='ltr'><strong>quos</strong></span> <span class='ocrx_word' id='word_1_718' title='bbox 2408 4121 2507 4183; x_wconf 85' lang='lat' dir='ltr'><strong>ipse</strong></span> <span class='ocrx_word' id='word_1_719' title='bbox 2530 4120 2745 4170; x_wconf 87' lang='lat' dir='ltr'><strong>nominat</strong></span> <span class='ocrx_word' id='word_1_720' title='bbox 2777 4120 3075 4184; x_wconf 79' lang='lat' dir='ltr'><strong>Hipparchus</strong></span> <span class='ocrx_word' id='word_1_721' title='bbox 3097 4138 3110 4170; x_wconf 73' lang='grc' dir='ltr'><strong>ι</strong></span> <span class='ocrx_word' id='word_1_722' title='bbox 3140 4121 3314 4184; x_wconf 88' lang='lat' dir='ltr'><strong>quibus</strong></span> <span class='ocrx_word' id='word_1_723' title='bbox 3332 4122 3459 4170; x_wconf 90' lang='lat' dir='ltr'><strong>enim</strong></span> <span class='ocrx_word' id='word_1_724' title='bbox 3479 4121 3517 4170; x_wconf 89' lang='lat' dir='ltr'><strong>ii</strong></span> 
     </span>
     <span class='ocr_line' id='line_1_90' title="bbox 1959 4196 3523 4262; baseline 0.001 -15"><span class='ocrx_word' id='word_1_725' title='bbox 1959 4197 2258 4258; x_wconf 76' lang='lat' dir='ltr'><strong>refelluntur,</strong></span> <span class='ocrx_word' id='word_1_726' title='bbox 2276 4196 2351 4247; x_wconf 82' lang='lat' dir='ltr'><strong>his</strong></span> <span class='ocrx_word' id='word_1_727' title='bbox 2372 4196 2488 4247; x_wconf 85' lang='lat' dir='ltr'><strong>fides</strong></span> <span class='ocrx_word' id='word_1_728' title='bbox 2512 4198 2739 4248; x_wconf 78' lang='lat' dir='ltr'><strong>Patroclis</strong></span> <span class='ocrx_word' id='word_1_729' title='bbox 2753 4199 2999 4248; x_wconf 84' lang='lat' dir='ltr'><strong>sententiae</strong></span> <span class='ocrx_word' id='word_1_730' title='bbox 3017 4200 3228 4261; x_wconf 83' lang='lat' dir='ltr'><strong>paratur.</strong></span> <span class='ocrx_word' id='word_1_731' title='bbox 3248 4198 3305 4249; x_wconf 84' lang='lat' dir='ltr'><strong>ld</strong></span> <span class='ocrx_word' id='word_1_732' title='bbox 3322 4209 3523 4262; x_wconf 83' lang='lat' dir='ltr'><strong>quoque</strong></span> 
     </span>
     <span class='ocr_line' id='line_1_91' title="bbox 1957 4273 3525 4338; baseline 0.001 -14"><span class='ocrx_word' id='word_1_733' title='bbox 1957 4276 2167 4325; x_wconf 87' lang='lat' dir='ltr'><strong>alienum</strong></span> <span class='ocrx_word' id='word_1_734' title='bbox 2184 4288 2213 4323; x_wconf 91' lang='lat' dir='ltr'><strong>a</strong></span> <span class='ocrx_word' id='word_1_735' title='bbox 2234 4286 2349 4324; x_wconf 77' lang='lat' dir='ltr'><strong>vero</strong></span> <span class='ocrx_word' id='word_1_736' title='bbox 2380 4273 2532 4324; x_wconf 77' lang='lat' dir='ltr'><strong>videri</strong></span> <span class='ocrx_word' id='word_1_737' title='bbox 2557 4288 2654 4324; x_wconf 88' lang='lat' dir='ltr'><strong>non</strong></span> <span class='ocrx_word' id='word_1_738' title='bbox 2684 4274 2854 4338; x_wconf 88' lang='lat' dir='ltr'><strong>debet,</strong></span> <span class='ocrx_word' id='word_1_739' title='bbox 2886 4274 3020 4337; x_wconf 81' lang='lat' dir='ltr'><strong>quod</strong></span> <span class='ocrx_word' id='word_1_740' title='bbox 3048 4276 3287 4326; x_wconf 86' lang='lat' dir='ltr'><strong>Patrocles</strong></span> <span class='ocrx_word' id='word_1_741' title='bbox 3304 4276 3399 4337; x_wconf 85' lang='lat' dir='ltr'><strong>ait,</strong></span> <span class='ocrx_word' id='word_1_742' title='bbox 3432 4289 3525 4326; x_wconf 65' lang='lat' dir='ltr'><strong>eos»</strong></span> 
     </span>
     <span class='ocr_line' id='line_1_92' title="bbox 1960 4351 3509 4415; baseline 0.001 -14"><span class='ocrx_word' id='word_1_743' title='bbox 1960 4352 2043 4415; x_wconf 83' lang='lat' dir='ltr'><strong>qui</strong></span> <span class='ocrx_word' id='word_1_744' title='bbox 2080 4351 2349 4401; x_wconf 79' lang='lat' dir='ltr'><strong>Alexandro</strong></span> <span class='ocrx_word' id='word_1_745' title='bbox 2366 4352 2566 4401; x_wconf 84' lang='lat' dir='ltr'><strong>comites</strong></span> <span class='ocrx_word' id='word_1_746' title='bbox 2596 4352 2912 4414; x_wconf 81' lang='lat' dir='ltr'><strong>expeditionis</strong></span> <span class='ocrx_word' id='word_1_747' title='bbox 2944 4351 3136 4401; x_wconf 80' lang='lat' dir='ltr'><strong>ruerunt</strong></span> <span class='ocrx_word' id='word_1_748' title='bbox 3153 4353 3307 4403; x_wconf 87' lang='lat' dir='ltr'><strong>obiter</strong></span> <span class='ocrx_word' id='word_1_749' title='bbox 3323 4356 3509 4402; x_wconf 86' lang='lat' dir='ltr'><strong>tantum</strong></span> 
     </span>
     <span class='ocr_line' id='line_1_93' title="bbox 1959 4428 3515 4493; baseline 0 -14"><span class='ocrx_word' id='word_1_750' title='bbox 1959 4429 2142 4492; x_wconf 80' lang='lat' dir='ltr'><strong>singula</strong></span> <span class='ocrx_word' id='word_1_751' title='bbox 2159 4428 2450 4493; x_wconf 79' lang='lat' dir='ltr'><strong>cognovisse,</strong></span> <span class='ocrx_word' id='word_1_752' title='bbox 2467 4428 2793 4479; x_wconf 77' lang='lat' dir='ltr'><strong>Alexandrum</strong></span> <span class='ocrx_word' id='word_1_753' title='bbox 2811 4442 2927 4478; x_wconf 76' lang='lat' dir='ltr'><strong>vero</strong></span> <span class='ocrx_word' id='word_1_754' title='bbox 2944 4429 3096 4491; x_wconf 85' lang='lat' dir='ltr'><strong>ipsum</strong></span> <span class='ocrx_word' id='word_1_755' title='bbox 3114 4432 3336 4480; x_wconf 86' lang='lat' dir='ltr'><strong>accurate</strong></span> <span class='ocrx_word' id='word_1_756' title='bbox 3354 4432 3515 4479; x_wconf 84' lang='lat' dir='ltr'><strong>omnia</strong></span> 
     </span>
     <span class='ocr_line' id='line_1_94' title="bbox 1959 4505 3521 4570; baseline 0.002 -15"><span class='ocrx_word' id='word_1_757' title='bbox 1959 4506 2231 4569; x_wconf 80' lang='lat' dir='ltr'><strong>indagasse,</strong></span> <span class='ocrx_word' id='word_1_758' title='bbox 2263 4518 2417 4569; x_wconf 85' lang='lat' dir='ltr'><strong>quum</strong></span> <span class='ocrx_word' id='word_1_759' title='bbox 2451 4505 2496 4557; x_wconf 77' lang='lat' dir='ltr'><strong>ei</strong></span> <span class='ocrx_word' id='word_1_760' title='bbox 2528 4505 2774 4569; x_wconf 81' lang='lat' dir='ltr'><strong>regionum</strong></span> <span class='ocrx_word' id='word_1_761' title='bbox 2798 4505 3133 4569; x_wconf 74' lang='lat' dir='ltr'><strong>descriptiones</strong></span> <span class='ocrx_word' id='word_1_762' title='bbox 3164 4520 3193 4555; x_wconf 88' lang='lat' dir='ltr'><strong>a</strong></span> <span class='ocrx_word' id='word_1_763' title='bbox 3223 4508 3521 4570; x_wconf 84' lang='lat' dir='ltr'><strong>peritissimis</strong></span> 
     </span>
     <span class='ocr_line' id='line_1_95' title="bbox 1959 4584 3517 4649; baseline 0.001 -14"><span class='ocrx_word' id='word_1_764' title='bbox 1959 4586 2261 4636; x_wconf 82' lang='lat' dir='ltr'><strong>traderentur</strong></span> <span class='ocrx_word' id='word_1_765' title='bbox 2277 4600 2291 4635; x_wconf 76' lang='grc' dir='ltr'><strong>ε</strong></span> <span class='ocrx_word' id='word_1_766' title='bbox 2312 4588 2459 4649; x_wconf 87' lang='lat' dir='ltr'><strong>atque</strong></span> <span class='ocrx_word' id='word_1_767' title='bbox 2474 4586 2601 4636; x_wconf 88' lang='lat' dir='ltr'><strong>hanc</strong></span> <span class='ocrx_word' id='word_1_768' title='bbox 2616 4585 2979 4649; x_wconf 79' lang='lat' dir='ltr'><strong>descriptionem</strong></span> <span class='ocrx_word' id='word_1_769' title='bbox 2996 4584 3086 4635; x_wconf 82' lang='lat' dir='ltr'><strong>sibi</strong></span> <span class='ocrx_word' id='word_1_770' title='bbox 3106 4588 3269 4649; x_wconf 83' lang='lat' dir='ltr'><strong>postea</strong></span> <span class='ocrx_word' id='word_1_771' title='bbox 3290 4588 3517 4649; x_wconf 82' lang='lat' dir='ltr'><strong>temporis</strong></span> 
     </span>
     <span class='ocr_line' id='line_1_96' title="bbox 1961 4663 3115 4728; baseline -0.002 -12"><span class='ocrx_word' id='word_1_772' title='bbox 1961 4666 2223 4716; x_wconf 82' lang='lat' dir='ltr'><strong>exhibitam</strong></span> <span class='ocrx_word' id='word_1_773' title='bbox 2244 4678 2345 4715; x_wconf 83' lang='lat' dir='ltr'><strong>esse</strong></span> <span class='ocrx_word' id='word_1_774' title='bbox 2362 4666 2428 4714; x_wconf 88' lang='lat' dir='ltr'><strong>ait</strong></span> <span class='ocrx_word' id='word_1_775' title='bbox 2444 4679 2473 4714; x_wconf 90' lang='lat' dir='ltr'><strong>a</strong></span> <span class='ocrx_word' id='word_1_776' title='bbox 2496 4666 2706 4716; x_wconf 84' lang='lat' dir='ltr'><strong>xenocle</strong></span> <span class='ocrx_word' id='word_1_777' title='bbox 2722 4677 2853 4728; x_wconf 64' lang='lat' dir='ltr'><strong>gazae</strong></span> <span class='ocrx_word' id='word_1_778' title='bbox 2868 4663 3115 4727; x_wconf 79' lang='lat' dir='ltr'><strong>praesecto.</strong></span> 
     </span>
    </p>
   </div>
   <div class='ocr_carea' id='block_1_27' title="bbox 2715 4776 2768 4825">
    <p class='ocr_par' dir='ltr' id='par_1_29' title="bbox 2715 4776 2768 4825">
     <span class='ocr_line' id='line_1_97' title="bbox 2715 4776 2768 4825; baseline -0.038 0"><span class='ocrx_word' id='word_1_779' title='bbox 2715 4776 2768 4825; x_wconf 82' lang='lat'><strong>3.</strong></span> 
     </span>
    </p>
   </div>
   <div class='ocr_carea' id='block_1_28' title="bbox 1965 4877 3525 5255">
    <p class='ocr_par' dir='ltr' id='par_1_30' title="bbox 1965 4877 3525 5255">
     <span class='ocr_line' id='line_1_98' title="bbox 2028 4877 3515 4941; baseline -0.003 -11"><span class='ocrx_word' id='word_1_780' title='bbox 2028 4882 2179 4930; x_wconf 84' lang='lat' dir='ltr'><strong>Erunt</strong></span> <span class='ocrx_word' id='word_1_781' title='bbox 2203 4881 2364 4931; x_wconf 85' lang='lat' dir='ltr'><strong>antem</strong></span> <span class='ocrx_word' id='word_1_782' title='bbox 2396 4881 2567 4931; x_wconf 81' lang='lat' dir='ltr'><strong>Bactra</strong></span> <span class='ocrx_word' id='word_1_783' title='bbox 2591 4879 2713 4928; x_wconf 83' lang='lat' dir='ltr'><strong>ostio</strong></span> <span class='ocrx_word' id='word_1_784' title='bbox 2741 4879 2895 4941; x_wconf 82' lang='lat' dir='ltr'><strong>Caspii</strong></span> <span class='ocrx_word' id='word_1_785' title='bbox 2923 4878 3023 4928; x_wconf 81' lang='lat' dir='ltr'><strong>sive</strong></span> <span class='ocrx_word' id='word_1_786' title='bbox 3042 4878 3250 4940; x_wconf 75' lang='lat' dir='ltr'><strong>Hyrcani</strong></span> <span class='ocrx_word' id='word_1_787' title='bbox 3268 4877 3412 4928; x_wconf 86' lang='lat' dir='ltr'><strong>maris</strong></span> <span class='ocrx_word' id='word_1_788' title='bbox 3428 4878 3515 4927; x_wconf 84' lang='lat' dir='ltr'><strong>ad·</strong></span> 
     </span>
     <span class='ocr_line' id='line_1_99' title="bbox 1965 4952 3525 5020; baseline -0.002 -13"><span class='ocrx_word' id='word_1_789' title='bbox 1965 4958 2163 5008; x_wconf 89' lang='lat' dir='ltr'><strong>modum</strong></span> <span class='ocrx_word' id='word_1_790' title='bbox 2186 4958 2652 5020; x_wconf 83' lang='lat' dir='ltr'><strong>septentrionaliora,</strong></span> <span class='ocrx_word' id='word_1_791' title='bbox 2677 4957 2807 5020; x_wconf 85' lang='lat' dir='ltr'><strong>quod</strong></span> <span class='ocrx_word' id='word_1_792' title='bbox 2838 4956 3016 5006; x_wconf 89' lang='lat' dir='ltr'><strong>ostium</strong></span> <span class='ocrx_word' id='word_1_793' title='bbox 3047 4955 3109 5004; x_wconf 85' lang='lat' dir='ltr'><strong>ab</strong></span> <span class='ocrx_word' id='word_1_794' title='bbox 3142 4956 3311 5005; x_wconf 87' lang='lat' dir='ltr'><strong>intimo</strong></span> <span class='ocrx_word' id='word_1_795' title='bbox 3330 4952 3525 5005; x_wconf 83' lang='lat' dir='ltr'><strong>secessu</strong></span> 
     </span>
     <span class='ocr_line' id='line_1_100' title="bbox 1966 5032 3517 5097; baseline -0.003 -12"><span class='ocrx_word' id='word_1_796' title='bbox 1966 5035 2125 5097; x_wconf 83' lang='lat' dir='ltr'><strong>Caspii</strong></span> <span class='ocrx_word' id='word_1_797' title='bbox 2144 5034 2289 5084; x_wconf 59' lang='grc' dir='ltr'>ωσι-ἠ</span> <span class='ocrx_word' id='word_1_798' title='bbox 2307 5037 2357 5085; x_wconf 87' lang='lat' dir='ltr'><strong>et</strong></span> <span class='ocrx_word' id='word_1_799' title='bbox 2373 5034 2665 5085; x_wconf 62' lang='lat' dir='ltr'><strong>armeniacis</strong></span> <span class='ocrx_word' id='word_1_800' title='bbox 2681 5047 2739 5084; x_wconf 89' lang='lat' dir='ltr'><strong>ac</strong></span> <span class='ocrx_word' id='word_1_801' title='bbox 2756 5032 2951 5084; x_wconf 76' lang='lat' dir='ltr'><strong>Medicis</strong></span> <span class='ocrx_word' id='word_1_802' title='bbox 2967 5032 3210 5083; x_wconf 85' lang='lat' dir='ltr'><strong>montibus</strong></span> <span class='ocrx_word' id='word_1_803' title='bbox 3226 5046 3313 5083; x_wconf 73' lang='lat' dir='ltr'><strong>sex</strong></span> <span class='ocrx_word' id='word_1_804' title='bbox 3331 5033 3517 5083; x_wconf 86' lang='lat' dir='ltr'><strong>circiter</strong></span> 
     </span>
     <span class='ocr_line' id='line_1_101' title="bbox 1968 5110 3512 5174; baseline -0.003 -11"><span class='ocrx_word' id='word_1_805' title='bbox 1968 5114 2117 5164; x_wconf 87' lang='lat' dir='ltr'><strong>millia</strong></span> <span class='ocrx_word' id='word_1_806' title='bbox 2155 5112 2419 5163; x_wconf 82' lang='lat' dir='ltr'><strong>stadiorum</strong></span> <span class='ocrx_word' id='word_1_807' title='bbox 2455 5113 2630 5162; x_wconf 81' lang='lat' dir='ltr'><strong>distat:</strong></span> <span class='ocrx_word' id='word_1_808' title='bbox 2664 5112 2953 5174; x_wconf 75' lang='lat' dir='ltr'><strong>videturque</strong></span> <span class='ocrx_word' id='word_1_809' title='bbox 2989 5110 3093 5173; x_wconf 83' lang='lat' dir='ltr'><strong>ejus</strong></span> <span class='ocrx_word' id='word_1_810' title='bbox 3121 5124 3221 5161; x_wconf 71' lang='grc' dir='ltr'><strong>στω</strong></span> <span class='ocrx_word' id='word_1_811' title='bbox 3254 5112 3512 5161; x_wconf 80' lang='lat' dir='ltr'><strong>maritimae</strong></span> 
     </span>
     <span class='ocr_line' id='line_1_102' title="bbox 1968 5188 3519 5255; baseline -0.003 -15"><span class='ocrx_word' id='word_1_812' title='bbox 1968 5204 2121 5255; x_wconf 80' lang='lat' dir='ltr'><strong>usque</strong></span> <span class='ocrx_word' id='word_1_813' title='bbox 2142 5190 2203 5240; x_wconf 84' lang='lat' dir='ltr'><strong>ad</strong></span> <span class='ocrx_word' id='word_1_814' title='bbox 2222 5191 2405 5241; x_wconf 85' lang='lat' dir='ltr'><strong>Indiam</strong></span> <span class='ocrx_word' id='word_1_815' title='bbox 2425 5191 2657 5253; x_wconf 85' lang='lat' dir='ltr'><strong>punctum</strong></span> <span class='ocrx_word' id='word_1_816' title='bbox 2684 5203 2785 5240; x_wconf 85' lang='lat' dir='ltr'><strong>esse</strong></span> <span class='ocrx_word' id='word_1_817' title='bbox 2800 5188 3201 5253; x_wconf 83' lang='lat' dir='ltr'><strong>septentrionibus</strong></span> <span class='ocrx_word' id='word_1_818' title='bbox 3216 5188 3489 5253; x_wconf 76' lang='lat' dir='ltr'><strong>proximum</strong></span> <span class='ocrx_word' id='word_1_819' title='bbox 3500 5205 3519 5251; x_wconf 73' lang='lat'>5</span> 
     </span>
    </p>
   </div>
  </div>
 </body>
</html>
