4016 5916
1596 438 2095 501 FRAGMENTA.

1840 611 1847 622 .
1886 589 1918 627 a
1959 569 2202 641 Trojana
2251 569 2465 641 epocha
2529 567 2774 623 Africani
2820 569 3125 624 Manethon
3177 569 3436 637 exhibet,

316 569 368 647 γ’
406 569 703 637 Τακέλωθις
729 570 819 642 ἔτη
845 571 929 648 ιγ’.

325 655 497 734 Ὁμοῦ
525 659 632 735 μθ’.

322 803 522 859 Euseb.
549 803 757 859 Chron.
784 821 838 875 p.
874 801 974 856 103
1004 819 1018 854 ε
1056 802 1333 856 Pice-rima
1350 801 1591 856 secunda
1608 801 1671 873 d)
1684 818 1792 854 na·

243 895 353 943 scia
373 890 784 944 Bubastitarum
803 891 916 944 III
928 906 1138 959 regum.

320 976 670 1033 Sesonchosis
687 981 854 1030 anneis·
870 976 1037 1032 XXI
1060 974 1109 1053 (1
1128 982 1259 1041 144·
1277 995 1296 1030 1
1316 977 1421 1033 163
1436 977 1478 1052 ).

329 1064 594 1120 Osorthon
612 1067 778 1118 annis
799 1063 921 1117 XV
948 1060 1005 1138 (1
1023 1063 1192 1128 164-1
1210 1082 1231 1118 1
1246 1063 1316 1134 78
1330 1060 1367 1140 ).

332 1150 645 1207 ‘I'acelotlzis
670 1154 835 1204 annis
851 1151 1030 1206 XIII
1055 1146 1114 1225 (1
1132 1169 1151 1205 1
1166 1168 1264 1223 79·
1284 1169 1304 1204 1
1323 1167 1423 1223 191
1449 1150 1490 1224 ).

323 1240 551 1295 Summa
573 1255 839 1293 annorum
862 1238 1077 1293 XLIX
1102 1236 1396 1313 (Samuelis
1421 1254 1435 1294 :
1468 1235 1591 1311 29).

325 1393 539 1451 Nomen
570 1391 921 1447 Sesonchose‘s
956 1391 1016 1445 in
1059 1390 1285 1447 Canone
1331 1400 1386 1445 et
1424 1391 1564 1446 serie
1605 1409 1799 1465 regum

245 1482 397 1536 varie
420 1490 715 1537 exaratur:
754 1477 1133 1552 Sysonchose's,
1179 1479 1516 1546 Sensecoris,
1540 1477 1803 1533 Senseco-

247 1587 364 1634 rus,
401 1567 695 1623 Senscon's.
726 1565 897 1641 Apud
926 1567 1332 1640 Hieronymum
1361 1566 1422 1620 in
1448 1565 1617 1623 codd.
1655 1584 1801 1620 non-

248 1655 414 1710 nullis
441 1655 607 1710 etiam
631 1655 749 1710 haec
770 1664 1040 1709 notantur
1065 1672 1079 1709 t
1110 1655 1288 1724 Hujus
1318 1652 1601 1710 Senscoris
1621 1656 1802 1727 AEgy-

243 1747 355 1816 pte'i
376 1747 525 1814 regis
548 1753 715 1816 pater
726 1739 854 1812 suit
891 1740 1128 1815 Sipcm's.
1168 1743 1327 1796 Hunc
1347 1737 1551 1812 serunt
1581 1741 1802 1814 qm‘dam

243 1842 374 1905 post
390 1842 616 1884 mortem
640 1829 714 1883 ab
753 1832 1038 1902 AEgyptiis
1052 1830 1213 1884 deum
1251 1839 1620 1902 nuncupatum
1645 1847 1800 1883 eum-

247 1936 352 1992 que
381 1918 623 1992 Sarapin
659 1918 1020 1992 appellatum.
1049 1918 1200 1972 Patet
1226 1916 1343 1971 liaec
1377 1915 1556 1971 aliena
1592 1933 1704 1970 esse
1731 1914 1801 1970 ab

249 2006 358 2060 hoc
382 2007 533 2060 loco.
566 2006 875 2061 Fluxerunt
894 2022 1030 2060 vcro
1049 2003 1200 2059 haud
1225 2002 1395 2058 dubie
1420 2020 1489 2058 ex
1514 2021 1582 2057 eo
1608 2013 1797 2059 aucto·

249 2109 340 2161 re,
371 2110 539 2165 quem
580 2092 865 2166 syncellus
895 2093 1163 2165 sequitur.
1188 2093 1243 2146 Is
1282 2092 1430 2146 enim
1472 2092 1619 2146 inter
1650 2110 1806 2166 reges

251 2177 663 2252 antiquissimos
705 2179 941 2252 septimo
981 2178 1110 2232 loco
1150 2178 1316 2252 ponit
1351 2173 1581 2255 Σέραπιν
1624 2174 1802 2253 (²002-

253 2263 399 2344 ροπὶν
444 2265 573 2322 cod.
622 2264 700 2342 Β)
749 2284 877 2321 cum
934 2266 1092 2321 annis
1137 2263 1242 2334 23,
1283 2265 1374 2321 cui
1413 2264 1661 2321 succedit
1702 2265 1808 2323 Σε-

253 2348 522 2429 σόγχωσις.

331 2441 416 2495 De
443 2439 684 2495 Eusebio
702 2482 717 2509 ‚
742 2441 839 2513 qui
860 2440 1085 2494 nonnisi
1111 2449 1219 2494 tres
1247 2455 1402 2513 reges
1426 2438 1658 2511 apponit
1689 2455 1802 2507 eos,

255 2544 498 2599 quorum
525 2527 755 2581 nomina
792 2524 1087 2582 Africanus
1134 2526 1398 2599 apponit,
1431 2523 1617 2579 dicere
1667 2524 1805 2578 nihil

253 2614 469 2684 habeo,
489 2615 592 2670 nisi
623 2612 781 2686 quod
801 2613 915 2685 jam
940 2614 1031 2668 alii
1071 2631 1190 2668 rem
1219 2611 1419 2668 eodem
1444 2610 1618 2667 modo
1647 2610 1806 2667 ador·

254 2713 543 2759 naverant.
571 2703 712 2758 Nam
755 2702 1043 2774 syncellus
1071 2699 1157 2775 (p.
1194 2719 1298 2770 177
1341 2710 1397 2756 et
1443 2699 1584 2774 184)
1624 2700 1683 2753 in
1705 2717 1806 2756 suo

255 2807 451 2865 reg-um
473 2790 744 2845 laterculo
770 2799 896 2862 post
920 2790 1233 2844 Psammum
1251 2789 1321 2860 (i.
1352 2805 1403 2842 e.
1437 2789 1768 2842 Psusennem
1786 2828 1802 2856 ‚

256 2893 443 2952 regem
475 2885 820 2950 postremum
865 2875 1128 2949 dynastiae
1154 2870 1331 2954 XXI)
1376 2885 1623 2931 recenset
1652 2891 1808 2951 reges

257 2975 367 3022 tres
390 2966 556 3021 hosce
583 2985 598 3020 :

415 3144 489 3184 71.
539 3124 824 3203 Κόγχαρις.
876 3167 891 3181 .
950 3170 965 3184 .
1027 3169 1043 3185 .
1088 3165 1102 3180 .
1154 3168 1169 3184 .
1218 3167 1234 3186 .
1284 3168 1299 3183 .
1349 3166 1366 3184 .
1421 3142 1621 3183 .an.2t

415 3210 949 3288 72.’Oe1090‹⁸ov...
1017 3256 1032 3271 .
1092 3258 1108 3271 .
1372 3254 1449 3269 ..
1575 3229 1624 3269 ts

417 3315 489 3357 7³.
535 3298 868 3375 Τακαλῶφις.
916 3332 933 3354 .·
978 3339 1382 3357 .......
1439 3338 1456 3356 .
1582 3316 1629 3355 13

1543 3379 1701 3395 ῃ

1580 3420 1633 3457 49

343 3561 510 3637 Apud
534 3561 857 3618 Africanum
870 3579 1102 3631 summa,
1121 3579 1289 3634 quam
1304 3579 1372 3616 ex
1385 3561 1612 3637 singulis
1632 3563 1816 3636 regnis

263 3648 618 3720 conficimus,
661 3664 939 3705 annorum
982 3658 1063 3705 est
1109 3647 1234 3703 116.
1264 3650 1389 3722 Ipse
1440 3659 1638 3703 auctor
1676 3667 1812 3722 sup-

262 3740 481 3816 putavit
519 3754 695 3794 annos
724 3754 853 3794 120.
887 3736 1327 3809 Discrepantiam
1361 3736 1503 3792 hanc
1524 3734 1817 3791 Boeckhius

265 3831 339 3883 ita
364 3825 669 3882 tollendam
697 3842 807 3880 esse
832 3833 1018 3899 putat,
1038 3833 1103 3878 ut
1136 3823 1361 3898 regibus
1388 3824 1584 3894 tertio,
1612 3833 1813 3897 quarto

266 3927 321 3971 et
350 3916 582 3990 quinto,
603 3931 714 3988 pro
749 3913 907 3970 annis
952 3907 1027 3968 κε’
1069 3911 1451 3968 adscribantur
1480 3905 1581 3966 κδ’.
1636 3912 1813 3968 Facil-

266 4004 397 4058 lime
441 4003 591 4057 enim
628 3999 793 4057 litera
820 4021 843 4055 ε
889 3999 1045 4056 abire
1091 3999 1282 4074 potuit
1322 3999 1382 4053 in
1409 3998 1625 4054 literam
1664 3998 1816 4053 0.-

267 4092 521 4147 ceterum
567 4086 921 4146 Sesonchidis
948 4089 1087 4162 regis
1121 4104 1299 4142 annus
1328 4087 1543 4160 primus
1574 4103 1640 4142 ex
1670 4084 1817 4142 Afri·

269 4179 391 4233 cani
414 4186 681 4249 computo
711 4187 791 4231 est
819 4173 930 4249 934
954 4194 1006 4234 a.
1035 4176 1098 4234 C.
1129 4176 1268 4232 Cum
1293 4173 1379 4228 his
1405 4191 1524 4228 non
1552 4171 1816 4246 quadrat,

271 4263 431 4338 quod
455 4262 737 4319 Roboami
759 4263 901 4337 regis
936 4281 1085 4317 anno
1130 4263 1330 4335 quinto
1356 4259 1527 4317 Sesak
1555 4260 1645 4316 vel
1669 4260 1817 4317 sisae

270 4350 359 4406 vel
386 4348 637 4407 Susakim
664 4348 745 4426 (is
765 4350 914 4405 enim
950 4360 1030 4405 est
1052 4349 1343 4405 Sesonchis
1373 4346 1587 4422 noster)
1613 4348 1819 4404 Hiero-

271 4438 485 4512 solyma
510 4436 716 4511 cepisse
741 4437 979 4493 insacris
994 4437 1151 4493 libris
1170 4436 1513 4511 perhibetur.
1535 4432 1678 4492 Nam
1699 4437 1818 4491 Ro-

271 4525 463 4580 boami
494 4541 670 4581 annus
703 4524 949 4601 quintus,
968 4524 1067 4578 etsi
1108 4526 1264 4579 vario
1310 4522 1482 4579 modo
1508 4540 1541 4578 a
1568 4521 1819 4577 chrono-

274 4613 418 4687 logis
450 4610 821 4681 constituitur,
851 4620 1036 4666 tamen
1065 4628 1133 4665 ex
1182 4610 1339 4664 nullo
1380 4620 1647 4683 computo
1693 4617 1821 4681 post

276 4716 484 4755 annum
511 4695 625 4772 958
655 4714 709 4755 a.
730 4697 794 4756 C.
816 4696 1112 4770 ponendus
1129 4707 1225 4754 est.
1260 4695 1493 4753 Videtur
1519 4697 1689 4770 igitur
1719 4695 1817 4751 Sc·

274 4784 556 4843 sonchidis
580 4802 814 4859 regnum
845 4785 1011 4859 longe
1050 4785 1197 4840 ultra
1224 4802 1398 4840 annos
1422 4785 1553 4839 istos
1582 4802 1646 4838 21
1670 4824 1686 4851 ‚
1725 4784 1821 4856 qui

278 4871 433 4946 apud
468 4872 793 4928 Africanum
816 4872 868 4926 ei
892 4871 1238 4941 tribuuntur,
1257 4889 1369 4926 esse
1391 4869 1821 4927 extendendum.

278 4962 470 5034 anue
497 4959 737 5032 suspicio
768 4956 1132 5014 confirmatur
1156 4958 1319 5033 inde,
1350 4957 1504 5030 quod
1534 4959 1591 5011 in
1618 4976 1818 5011 monu-

280 5046 481 5102 mentis
498 5055 727 5102 notatur
738 5044 1091 5102 Saeonchidis
1116 5064 1294 5102 annus
1311 5046 1601 5120 vigesimus
1628 5062 1820 5100 secun·

3322 449 3426 500 591

1887 676 1919 713 a
1939 655 2345 712 mutationibus
2393 672 2762 711 numerorum
2791 654 3122 710 traditorum
3156 656 3440 710 abstinen-

1886 744 2024 800 dum
2053 757 2147 800 est.
2179 745 2258 799 Ut
2285 743 2646 797 nihilominus
2675 752 2860 798 tamen
2888 759 3041 798 sacra
3074 742 3440 819 chronologia

1886 850 2014 887 cum
2039 831 2389 886 Manethonis
2412 830 2692 885 laterculis
2731 839 3000 902 quantum
3037 828 3153 901 ejus
3179 827 3300 884 fieri
3327 850 3438 905 po·-

1887 929 1990 974 test
2017 919 2428 985 conciliaretur,
2458 916 2752 973 Boeckbius
2775 915 2869 990 (p.
2898 915 3009 990 319
3028 915 3150 993 sq.)
3182 927 3440 971 statuen-

1888 1006 2024 1061 dum
2060 1017 2246 1062 censet
2280 1006 2430 1060 hunc
2477 1005 2533 1058 in
2577 1003 2810 1059 modum
2857 1022 2869 1058 :
2903 1005 3126 1059 Nomen
3168 1004 3439 1059 Osorthon

1886 1093 2037 1149 idem
2085 1103 2165 1149 est
2215 1111 2342 1148 cum
2377 1090 2633 1158 Osochor,
2684 1092 2912 1147 nomine
2942 1092 3141 1163 quinto
3181 1090 3442 1164 dynastiae

1885 1182 2165 1237 Taniticae.
2207 1181 2287 1235 Ut
2314 1179 2599 1237 Osorthon
2636 1178 2741 1233 suit
2766 1177 2910 1233 filius
2937 1189 2991 1234 et
3014 1195 3296 1233 successor
3336 1179 3442 1234 Se-

1885 1266 2201 1335 soncliidis,
2229 1268 2305 1320 sic
2334 1265 2451 1338 ejus
2486 1276 2645 1338 pater
2670 1265 2838 1320 suerit
2860 1265 3146 1321 Osorchor
3175 1264 3439 1338 dynastiae

1884 1354 2061 1423 XXI,
2095 1371 2336 1426 eumque
2363 1352 2513 1408 haud
2547 1362 2698 1408 recte
2733 1353 2940 1409 Tanitis
2960 1352 3223 1407 Manetho
3249 1372 3442 1409 accen·

1878 1444 2081 1500 suerit.
2108 1441 2392 1498 Osorchor
2421 1438 2541 1496 filio
2578 1458 2816 1515 regnum
2842 1440 3159 1513 reliquisse,
3194 1440 3292 1495 sed
3317 1452 3446 1514 post

1890 1530 2110 1586 obitum
2154 1528 2270 1601 ejus
2302 1527 2490 1583 denuo
2518 1529 2726 1584 Tanitoe
2769 1529 3010 1603 imperio
3045 1527 3234 1601 aliquo
3275 1530 3444 1602 potiti

1890 1633 2143 1691 regnasse
2161 1615 2346 1671 adhuc
2367 1614 2630 1671 videntur
2641 1633 2744 1690 per
2758 1632 2933 1671 annos
2958 1613 3056 1688 23,
3091 1632 3235 1688 quos
3255 1616 3443 1671 Psina-

1890 1705 1979 1760 chi
2023 1713 2078 1758 et
2100 1703 2361 1759 Psuseuni
2383 1702 2578 1759 tribuit
2609 1704 2908 1773 Manetho,
2949 1703 3050 1776 qui
3093 1702 3447 1759 Sesonchidis

1890 1810 2125 1866 regnum
2171 1791 2242 1847 ab
2284 1808 2353 1846 eo
2409 1789 2638 1846 demum
2678 1809 2827 1847 anno
2879 1801 3198 1864 computat,
3248 1808 3280 1846 a
3325 1809 3441 1864 quo

1890 1880 2039 1934 solus
2065 1880 2293 1954 AEgypti
2319 1879 2590 1935 universae
2638 1880 2936 1954 imperium
2959 1880 3154 1936 tenuit.
3193 1881 3312 1935 Hac
3336 1880 3444 1954 igi-

1891 1977 1984 2021 tur
2001 1967 2219 2022 ratione
2237 1984 2431 2023 verum
2459 1967 2617 2040 regni
2660 1965 3014 2023 Sesonchidis
3043 1967 3266 2022 initium
3295 1965 3448 2021 refe-

1893 2052 2134 2107 rendum
2162 2062 2243 2107 est
2265 2051 2337 2106 ad
2366 2070 2572 2108 annum
2596 2050 2731 2125 957,
2777 2054 2874 2125 qui
2897 2053 3157 2126 proxime
3194 2051 3350 2107 abest
3375 2052 3446 2108 ab

1893 2158 1961 2195 eo
2000 2157 2115 2212 quo
2140 2139 2527 2212 Hierosolyma
2553 2139 2822 2195 Sesakum
2851 2140 3054 2213 cepisse
3077 2147 3348 2194 statuunt.

1971 2227 2230 2283 Ceterum
2277 2244 2472 2301 regum
2488 2228 2687 2282 seriem
2712 2228 3097 2299 rationemque
3125 2225 3450 2300 genealogi·

1884 2332 2017 2370 cam
2081 2332 2148 2369 ex
2214 2312 2440 2369 duobus
2483 2314 2858 2368 monumentis
2905 2313 3057 2368 hunc
3098 2313 3157 2366 in
3214 2310 3450 2368 modum

1894 2402 2184 2459 constituit
2213 2400 2439 2475 Lepsius
2465 2397 2583 2476 (ap.
2603 2401 2844 2459 Bunsen.
2870 2402 2989 2469 111,
3026 2418 3086 2474 p.
3125 2398 3288 2476 133).

2240 2562 2550 2609 Scuescnonx
2583 2561 2604 2607 l
2631 2557 2874 2622 [ΧΧΙΙΙῃιιβ
2901 2558 3089 2623 annus}

2493 2622 2602 2682 (rex
2632 2621 2855 2682 primus).

2651 2684 2692 2729 o

2029 2796 2071 2909 ‹¹›
2665 2883 2678 2912 2

1926 2923 2164 2972 sonuum.
2531 2921 2761 2968 osorton
2790 2920 2828 2967 1.

2465 2981 2580 3042 (rex
2610 2979 2888 3059 secundus).

2582 3084 2765 3162 Pelion,

2498 3174 2611 3223 (rex
2646 3162 2857 3222 tertius).

2652 3292 2691 3334 Δ
3136 3287 3368 3334 Οοοιιοπ
3387 3287 3458 3345 11,

2043 3347 2850 3452 „f-——RE'EQ
2865 3285 3065 3513 .nu-{T
3091 3346 3196 3407 (η’
3214 3346 3451 3409 quartus)-

2231 3457 2274 3569 A
2639 3560 2644 3565 .
3027 3521 3069 3567 0

2056 3583 2374 3630 Senescuosr
2396 3581 2458 3637 11,
2935 3580 3149 3627 Ninnor.

2067 3642 2182 3702 (rex
2212 3640 2456 3718 quintus).

2120 3726 2350 3812 ΤΑιέιοτ
2378 3764 2415 3818 Ι,
2698 3764 2974 3812 Kmonn
3001 3759 3239 3824 (regina).

1991 3822 2091 3887 [an.
2111 3826 2173 3874 xl
2197 3824 2247 3873 et
2277 3820 2470 3885 xvmffi]
2935 3829 2974 3871 Δ

2073 3885 2192 3949 (rex
2213 3887 2420 3995 agtus).

2269 4015 2924 4118 vif—...⁶2

2586 4126 2627 4169 Ο

2239 4184 2474 4305 Μῖῗέκ
2497 4178 2896 4304 {affin-lxm]

2184 4368 2501 4416 scammis-x
2533 4349 2615 4422 ιη’,
2636 4362 2734 4427 [an.
2756 4360 3021 4425 xx1x¹¹¹⁰⁸l

2420 4438 2504 4475 rex
2530 4425 2775 4505 octavus).

2454 4513 2679 4597 'rusios-
2707 4549 2769 4608 11,
3029 4548 3257 4596 Τιτενοιι

2447 4609 2564 4671 (rex
2588 4612 2794 4720 laeuus).
3148 4605 3187 4717 A

2607 4741 3144 4770 Μ’
3159 4740 3178 4751 ‘

2793 4847 3003 4900 Ninum,

2605 4906 2743 4967 <sine
2773 4908 2934 4967 siquis
2967 4905 3122 4965 reqiis
3137 4904 3170 4963 J.

1988 5038 2337 5098 monendum
2379 5038 2623 5113 denique
2651 5038 2722 5094 de
2756 5039 2972 5093 ratione
3011 5056 3124 5111 qua
3159 5037 3466 5093 Bunsenius

281 5134 405 5193 dus.
444 5137 703 5189 Attamen
747 5134 848 5189 nisi
892 5151 1091 5206 susque
1136 5132 1319 5207 deque
1353 5130 1675 5187 habendum
1713 5149 1826 5188 esse
1918 5148 2006 5187 res
2047 5128 2150 5183 sibi
2182 5127 2558 5187 adornaverit.
2594 5127 2649 5182 Is
2681 5128 2852 5200 igitur
2894 5125 3222 5182 Sesonchosi
3269 5124 3462 5179 tribuit

280 5222 556 5279 censueris
585 5232 900 5294 temporum
929 5221 1413 5294 constitutionem,
1440 5220 1659 5293 qualem
1694 5218 1825 5275 iude
1920 5234 2097 5273 annos
2147 5212 2224 5271 κδ’
2269 5234 2376 5289 pro
2419 5212 2537 5283 ’‘2'3
2576 5213 2831 5270 Takeloti
2874 5210 2953 5289 κγ’
2984 5233 3090 5287 pro
3122 5210 3204 5287 232'3
3241 5222 3456 5286 postre-
