4016 5916
1643 377 1649 390 ,
1683 335 2183 399 FRAGMENTA.

301 479 588 536 scrutetur,
609 471 782 540 paria
800 469 964 521 dictis
992 470 1241 521 inveniet.
1301 467 1560 540 Namque
1566 480 1699 542 post
1726 470 1865 523 Eze-

307 555 497 610 clziam
521 556 755 610 residuis
777 556 999 610 Judoeis
1023 555 1317 608 Manasses
1345 558 1587 628 imperat
1616 557 1665 610 E
1665 555 1874 610 zechiae

299 643 457 712 filius
472 647 712 716 quinque
728 647 894 696 annis
907 652 963 695 et
984 644 1390 713 quinquaginta
1412 643 1624 718 (Regg.
1650 645 1745 711 lv,
1774 661 1870 713 21,

315 727 389 805 1),
414 729 619 784 deinde
649 733 883 783 Amosus
906 726 1011 801 (sic
1035 745 1144 799 pro
1165 731 1442 782 Ammone
1465 729 1644 784 Biblia
1667 734 1872 785 Arme-

308 814 508 890 niaca)
534 822 701 870 annis
731 817 1013 871 duodecim
1037 832 1055 869 t
1084 825 1194 868 tum
1234 816 1425 869 Josias
1448 820 1673 888 triginta
1695 823 1877 872 ·annis

310 916 366 958 et
389 922 496 958 uno
519 923 538 957 .·
561 914 758 977 postea
778 901 1121 968 Joachimus,
1159 902 1259 956 sub
1292 908 1447 972 cujus
1464 908 1623 977 regni
1637 909 1871 977 primor·

311 992 416 1046 diis
437 1002 792 1064 occupaturus
804 989 1180 1059 Hierosolyma
1198 989 1768 1045 Nabuchodonosor-us
1784 1009 1875 1046 su·

306 1083 583 1153 pervenit,
604 1081 950 1151 captivosque
971 1077 1201 1131 Judoeos
1227 1077 1573 1149 Babylonem
1596 1081 1880 1133 transtulit

316 1162 399 1243 (c.
430 1170 499 1228 αἱ.
518 1206 535 1233 ,
572 1183 596 1219 1
622 1159 659 1239 ).
701 1167 873 1237 Atqui
894 1164 968 1217 ab
999 1163 1246 1218 Ezechia
1267 1164 1350 1218 ad
1380 1163 1876 1221 Nabuchodonoso-

312 1270 432 1305 rum
459 1254 597 1304 anni
622 1261 742 1304 octo
779 1262 1080 1304 excurrunt
1109 1262 1168 1304 et
1198 1256 1510 1323 octoginta,
1554 1264 1688 1325 quot
1710 1257 1878 1308 nimi—-

313 1357 432 1393 rum
455 1337 778 1409 Polrhistor
796 1356 871 1392 ex
892 1336 1129 1392 historia
1157 1337 1468 1394 Chaldaica
1485 1345 1819 1414 supputavit.

394 1424 449 1480 3.
498 1426 601 1478 His
638 1426 892 1480 omnibus
927 1426 1208 1491 absolutis,
1246 1432 1431 1501 pergit
1486 1428 1662 1482 denuo
1708 1428 1882 1499 Poly·-

315 1513 493 1567 histor
513 1529 601 1567 res
625 1514 841 1586 aliquot
875 1517 1044 1568 etiam
1086 1533 1123 1567 a
1151 1513 1515 1568 Senecleeribo
1557 1524 1747 1585 gestas
1772 1531 1879 1567 ex-

303 1619 517 1676 ponere
530 1643 543 1666 ,
604 1601 782 1673 deque
833 1599 998 1670 husus
1040 1601 1098 1673 fi
1099 1603 1168 1654 lio
1210 1603 1405 1656 eadem
1447 1602 1626 1675 plane
1667 1604 1882 1655 ratione

312 1689 502 1742 scribit
538 1707 648 1761 qua
690 1689 820 1742 libri
859 1689 1239 1754 Hebraeorum,
1286 1700 1649 1763 accurateque
1688 1689 1879 1743 admo-

313 1778 446 1831 dum
470 1787 670 1830 cuncta
700 1776 963 1831 edisserit.
985 1776 1343 1848 Pythagoras
1369 1782 1596 1849 sapiens
1594 1778 1788 1847 fertur
1811 1795 1880 1830 ea

317 1875 642 1937 tempestate
663 1863 764 1917 sub
806 1862 898 1916 his
919 1865 1141 1938 regibus
1164 1869 1441 1918 exstitisse
1483 1863 1588 1938 (cf.
1618 1862 1880 1936 Abydeni

315 1951 389 2008 sr.
416 1971 445 2021 7
465 1951 505 2026 J„
529 1952 663 2004 Iam
686 1962 815 2024 post
832 1950 1230 2022 Sammughem
1263 1955 1553 2024 imperavit
1592 1949 1882 2005 Chaldoeis

316 2039 766 2112 Sardanapallus
785 2041 994 2111 viginti
1013 2043 1180 2092 annis
1201 2050 1257 2093 et
1269 2057 1393 2094 uno,
1416 2034 1472 2060 ¹⁵*
1493 2035 1573 2115 (l.)
1591 2039 1746 2092 Isad
1765 2040 1880 2092 As-

317 2126 598 2200 dahagem
651 2122 990 2199 (Astyagem
1028 2121 1294 2200 Aucher.)
1337 2129 1432 2198 qui
1466 2126 1594 2180 erat
1635 2126 1883 2180 Medica?

315 2220 724 2288 gentisproeses
743 2226 800 2266 et
834 2225 1067 2286 satrapa
1085 2255 1101 2282 ,
1128 2217 1316 2287 copias
1351 2215 1665 2268 auxiliares
1701 2218 1871 2281 misit,

317 2304 583 2357 videlicet
605 2313 664 2354 ut
693 2301 834 2374 filio
851 2319 952 2355 suo
982 2297 1467 2356 Nabucodrossoro
1519 2301 1882 2376 desponderet

320 2390 628 2446 Amabiam
654 2407 687 2443 e
711 2388 945 2457 filiabus
983 2388 1310 2464 Asdabagis
1337 2407 1526 2446 unam.
1560 2388 1636 2464 (5)
1666 2390 1884 2444 Deinde

319 2477 830 2533 Nabucoclrossorus
867 2476 1187 2530 dominatus
1207 2487 1291 2529 est
1321 2476 1489 2530 tribus
1515 2481 1678 2530 annis
1715 2495 1885 2549 supra

321 2567 697 2640 quadraginta
717 2606 730 2630 ‚
770 2569 867 2637 qui
883 2575 942 2617 et
963 2565 1191 2618 collecto
1218 2569 1464 2618 exercitu
1479 2567 1884 2638 impressionem

314 2651 560 2725 faciens,
580 2653 806 2706 Judaeos
819 2694 832 2717 ‚
883 2651 1181 2706 Phoenices
1219 2663 1277 2706 et
1304 2653 1347 2706 S
1336 2671 1472 2722 yros
1501 2657 1560 2706 in
1582 2657 1884 2706 servitutem

322 2744 552 2816 redegit.
581 2742 771 2814 Neque
786 2757 924 2794 sane
944 2757 1079 2813 opus
1092 2750 1174 2792 est
1192 2757 1280 2793 me
1290 2740 1544 2812 pluribus
1559 2739 1887 2810 confirmare

321 2829 719 2902 Polyb-{ctorem
739 2831 867 2884 item
893 2831 951 2881 in
968 2826 1055 2880 his
1074 2845 1196 2880 cum
1222 2826 1489 2881 hebraica
1510 2825 1746 2882 historia
1763 2845 1882 2881 con·

321 2937 538 2993 gruere.
563 2911 647 2993 (6)
671 2915 804 2972 Post
821 2915 884 2971 N
877 2914 1364 2970 abucodmssorum
1380 2925 1584 2988 regnat
1600 2919 1721 2986 ejus
1727 2913 1824 2987 fili
1827 2933 1889 2969 us

322 3003 849 3062 Amilmarudochus
888 3009 1055 3057 annis
1095 3003 1385 3058 duodecim
1417 3003 1580 3077 (deb.
1611 3000 1875 3078 duobus),

323 3114 482 3168 quem
514 3094 871 3148 Hebraeorum
894 3093 1076 3146 literoe
1103 3090 1555 3146 Ilmarudoclzum
1573 3093 1885 3165 appellant.

324 3183 472 3237 Mos:
515 3180 831 3251 Polyhistor
863 3184 947 3233 ait
987 3184 1336 3254 imperavisse
1369 3179 1665 3235 Chaldaeis
1689 3180 1889 3252 Negli-

325 3287 510 3322 sarum
532 3272 698 3321 annis
712 3278 994 3340 quattuor.-
1015 3267 1214 3321 deinde
1223 3267 1588 3323 Nabonedum
1606 3270 1768 3319 annis
1791 3284 1890 3320 se·-

316 3355 649 3429 ptemdecim
657 3396 668 3409 .
683 3354 766 3407 Eo
777 3370 906 3426 rege
916 3352 1089 3415 Crrus
1100 3353 1390 3426 Cambysis
1402 3355 1802 3422 Babylonicum
1813 3373 1893 3408 re-

323 3446 549 3513 gionem
572 3443 747 3512 copiis
768 3443 976 3509 invasit,
1006 3443 1217 3513 quicum
1238 3442 1574 3497 Nabonedus
1590 3447 1893 3501 certamine

330 3534 492 3597 inito,
520 3532 699 3582 victus
716 3545 776 3580 se
798 3523 943 3597 fuga
961 3534 1263 3603 proripuit.
1283 3531 1554 3605 Regnavit
1567 3541 1749 3584 autem
1778 3532 1890 3583 Ba-

329 3614 530 3687 lgrlone
547 3614 593 3669 C
582 3633 728 3684 frus
751 3619 917 3667 annis
934 3633 1141 3681 novem,
1171 3618 1342 3671 donec
1363 3623 1420 3671 in
1436 3620 1676 3691 planitie
1701 3617 1892 3671 Daha-

326 3723 448 3759 rum
468 3703 585 3755 alio
581 3703 791 3775 praelio
807 3714 1050 3757 conserto
1056 3708 1238 3776 periit.
1268 3704 1402 3758 Tum
1420 3708 1702 3778 imperium
1725 3709 1895 3759 tenuit

331 3790 634 3862 Cambyses
664 3792 826 3843 annis
848 3800 967 3844 octo
986 3810 1004 3842 .·
1030 3791 1234 3846 deinde
1267 3793 1478 3848 Darius
1510 3797 1676 3846 annis
1699 3810 1801 3845 sex
1838 3806 1893 3850 et

327 3884 561 3951 viginta
595 3898 615 3931 .·
641 3878 849 3932 deinde
867 3879 1087 3932 Xerxes
1106 3885 1375 3954 ceterique
1389 3882 1681 3934 Persarum
1708 3898 1886 3952 reges.

404 3972 540 4021 lam
560 3984 693 4020 vero
715 3966 787 4019 de
809 3963 1204 4022 Chaldoeorum
1233 3986 1405 4043 regno
1424 3973 1508 4021 uti
1539 3968 1767 4021 breviter
1776 3967 1890 4021 dis·

327 4058 604 4126 tincteque
638 4062 841 4107 &aetat
879 4053 1135 4122 Berosus,
1181 4060 1260 4110 ita
1290 4072 1519 4129 prorsus
1557 4056 1797 4127 quuitur
1838 4068 1895 4110 et

330 4139 652 4210 Polrhistor
669 4160 690 4194 .·
713 4159 788 4195 ex
820 4137 1015 4213 quibus
1052 4140 1404 4212 manifestum
1440 4153 1549 4211 est,
1589 4141 1892 4197 Nabucho-

331 4228 658 4282 donosor-um
698 4240 920 4283 armata
939 4248 1112 4283 manu
1143 4234 1349 4304 cepisse
1368 4229 1617 4283 Judceos.
1659 4227 1752 4282 Ab
1787 4228 1893 4284 lzoc

334 4328 518 4370 autem
542 4316 624 4369 ad
642 4317 844 4386 Cyrum
860 4318 1152 4372 Persarum
1174 4335 1361 4392 regem
1377 4321 1514 4372 anni
1529 4322 1891 4390 septuaginta

333 4405 664 4474 conflantur.
692 4405 1063 4463 —Postrema
1089 4406 1384 4482 fragmenti
1428 4424 1557 4482 pars
1583 4405 1657 4461 ad
1682 4405 1888 4461 librum

337 4495 568 4548 tertium
595 4494 862 4567 pertinet.

419 4580 497 4655 (1)
531 4583 924 4637 Ardumuzane
941 4576 967 4657 ]
987 4607 1007 4629 ιι
1029 4581 1089 4636 in
1119 4582 1371 4656 margine
1395 4580 1808 4651 Ardamuzane3
1834 4593 1891 4637 et

337 4669 570 4742 quidem
599 4671 754 4744 apud
777 4673 854 4725 IV
882 4673 1019 4742 Reg.
1050 4672 1213 4739 xlx,
1236 4671 1334 4744 37,
1365 4682 1422 4725 et
1445 4671 1752 4744 Josephum
1771 4674 1889 4726 An·

333 4757 521 4828 tiquit.
551 4757 684 4813 Jud.
716 4758 804 4827 X,
843 4775 895 4826 1,
925 4756 1331 4812 Senecheribus
1345 4755 1677 4813 interficitur
1705 4776 1734 4811 a
1761 4754 1890 4813 filiis

331 4843 736 4899 Adi-emelecho
762 4854 818 4898 et
843 4843 1131 4909 Sat-asaro,
1190 4844 1286 4916 qui
1310 4862 1340 4897 a
1364 4844 1706 4900 Chorenensi
1737 4846 1880 4903 Hist.

331 4936 385 5003 Ι,
417 4948 487 4986 aa
513 4931 783 4987 dicuntur
801 4932 1135 4986 Adramelus
1162 4942 1216 4986 et
1239 4932 1573 4988 Sanasarus.
1622 4957 1645 4981 υ
1667 4934 1803 4987 Mu.

3391 362 3506 416 5⁰5

2042 472 2133 527 Ad
2152 473 2184 548 §
2201 480 2233 538 4
2256 475 2330 533 cf.
2356 478 2595 549 Syncell.
2616 497 2674 551 p.
2696 498 2727 534 a
2744 500 2765 535 1
2780 499 2835 549 0,
2854 483 2897 536 B
2917 502 2929 537 :
2946 481 3142 540 Τοῦτον
3162 482 3178 561 (
3190 481 3521 542 Ναὸοπαλᾶ-

1964 578 2121 635 σαρον
2152 560 2240 617 τὸν
2263 561 2465 641 πατέρα
2485 567 2574 620 τοῦ
2605 564 3107 648 Ναὸουχοδονόσωρ)
3148 572 3176 626 6
3206 569 3516 652 Πολυΐστωρ

1965 641 2291 725 Ἀλέξανδρος
2350 646 2797 726 Σαρδανάπαλλον
2851 654 3001 711 καλεῖ
3054 654 3341 736 πέμψαντα
3389 659 3516 739 πρὸς

1964 728 2254 811 Ἀστυάγην
2296 734 2571 813 σατράπην
2610 736 2818 807 Μηδίας
2842 738 2931 796 καὶ
2953 740 3047 810 τὴν
3075 743 3329 824 θυγατέρα
3354 749 3512 806 αὐτοῦ

1964 814 2216 895 Ἀμυΐτην
2239 819 2522 901 (Ἀρωΐτην
2566 825 2774 902 Goar.)
2810 824 3043 884 λαὸόντα
3071 827 3277 906 νύμφην
3324 833 3393 898 εἰς
3435 833 3521 891 τὸν

1966 907 2075 964 υἱὸν
2093 909 2251 968 αὐτοῦ
2266 909 2763 992 Ναὸουχοδονόσωρ.
2792 904 2964 980 Οὗτος
2987 917 3270 995 στρατηγὸς
3289 918 3388 977 ὑπὸ
3412 920 3523 980 Σά-

1969 1017 2125 1073 ρακος
2141 1001 2233 1055 τοῦ
2254 997 2538 1057 Χαλδαίων
2558 998 2812 1077 βασιλέώς
2835 1001 3063 1076 σταλεὶς,
3086 1003 3222 1062 κατὰ
3248 1010 3337 1064 τοῦ
3367 1009 3524 1066 αὐτοῦ

1970 1080 2207 1162 Σάρακος
2217 1086 2289 1150 tl<
2304 1084 2458 1144 Νίνον
2475 1085 2848 1166 ἐπιστρατεύει·
2869 1081 2928 1147 οὗ
2941 1088 3033 1160 τὴν
3046 1089 3225 1171 ἔφοδον
3241 1094 3479 1165 πτοηῡεὶς
3500 1099 3528 1154 6

1969 1169 2212 1248 Σάρακος
2254 1172 2437 1232 ἑαυτὸν
2467 1173 2559 1233 σὺν
2584 1183 2686 1242 τοῖς
2709 1175 2985 1255 βασιλείοις
3010 1178 3292 1258 ἐνέπρησε,
3324 1182 3413 1241 καὶ
3433 1183 3527 1253 τὴν

1970 1257 2142 1337 ἀρχὴν
2174 1259 2456 1320 Χαλδαίων
2504 1261 2594 1322 καὶ
2626 1263 2938 1332 Βαὸυλῶνος
2968 1265 3264 1345 παρέλαθεν
3310 1272 3337 1325 6
3371 1270 3525 1337 αὐτὸς

1971 1346 2461 1426 Ναὸοπαλάσαρος,
2493 1353 2521 1407 6
2539 1355 2629 1408 τοῦ
2653 1350 3129 1432 Ναὸουχοδονόσωρ
3157 1354 3354 1437 παι-ἦρ.

2048 1437 2306 1493 Narratio
2345 1440 2583 1498 turbata.
2608 1438 2891 1514 Ἀστυάγης
2912 1443 3155 1516 Syncelli
3178 1456 3235 1499 et
3257 1448 3528 1503 Asdaha-

1968 1542 2068 1597 ges
2086 1523 2312 1581 Eusebii
2336 1526 2486 1582 idem
2529 1544 2642 1583 esse
2670 1528 2896 1584 videtur
2918 1540 3086 1603 atque
3117 1531 3401 1614 §fraxin-es
3428 1555 3531 1591 rex

1973 1607 2302 1689 (σατράπης)
2317 1615 2627 1680 Medorum,
2662 1616 2743 1670 uti
2760 1615 2907 1671 bene
2924 1630 3116 1673 monet
3135 1621 3411 1678 Niebuhr.
3432 1625 3527 1682 ΚΖ.

1970 1695 2204 1768 Schften
2227 1719 2286 1772 p.
2332 1718 2468 1772 207,
2491 1700 2590 1755 ubi
2625 1701 2776 1758 vide.
2813 1703 3033 1759 Deinde
3059 1705 3529 1780 Nabopalassarus

1974 1804 2092 1839 non
2107 1797 2292 1859 potest
2313 1788 2465 1843 idem
2498 1806 2611 1843 esse
2632 1806 2759 1843 cum
2788 1790 3192 1866 Sardanapallo
3210 1835 3225 1865 ,
3255 1797 3353 1868 qui
3379 1785 3527 1854 idem

1973 1892 2088 1928 esse
2105 1873 2416 1930 debetcum
2434 1875 2604 1930 statre
2623 1877 2992 1952 SammughiS,
3005 1881 3087 1934 uti
3104 1883 3392 1953 postulant
3405 1904 3530 1958 quae

1973 1960 2128 2034 apud
2155 1963 2455 2018 Eusebium
2485 1964 2753 2038 leguntur
2778 1964 2849 2019 de
2872 1966 3052 2022 tribus
3069 1971 3256 2042 regnis
3275 1971 3530 2028 Sammu-

1974 2049 2095 2121 ghis
2119 2046 2237 2126 (an.
2267 2068 2335 2106 αι
2355 2048 2400 2125 ),
2422 2049 2652 2124 ejusque
2673 2051 2859 2107 fratris
2886 2050 2902 2128 s
2912 2071 3003 2108 an.
3040 2053 3148 2130 αι)
3177 2067 3231 2110 et
3259 2058 3529 2133 Nabopa-

1974 2137 2159 2191 lassari
2186 2135 2272 2212 (a.
2307 2137 2441 2214 ao).
2467 2138 2681 2210 Quodsi
2708 2141 2767 2193 in
2790 2157 2950 2213 seqq.
2976 2137 3243 2198 Eusebius
3283 2145 3316 2218 §
3345 2145 3377 2200 3
3403 2159 3529 2220 post

1973 2221 2435 2298 Sardanapallum
2475 2226 2656 2280 statim
2690 2225 3230 2283 Nabucodrosorum
3276 2250 3530 2306 regnasse

1973 2309 2145 2380 dicit,
2176 2312 2237 2367 id
2266 2313 2533 2386 explicari
2562 2314 2784 2387 nequit,
2810 2315 2915 2369 nisi
2944 2320 3180 2389 antiqua
3200 2327 3382 2374 textus
3407 2339 3527 2375 cor·

1973 2399 2264 2475 ruptione,
2287 2418 2397 2473 qua
2418 2400 2874 2475 Nabupolassaris
2903 2405 3116 2457 mentio
3149 2405 3377 2460 excidit.
3410 2409 3527 2464 lta-

1974 2504 2086 2559 que
2097 2497 2225 2559 post
2244 2488 2418 2543 verba
2433 2506 2446 2540 ε
2461 2487 2911 2562 Sardanapallus
2928 2495 3138 2561 viginti
3147 2497 3313 2546 annis
3325 2505 3383 2547 et
3393 2513 3515 2563 uno,

1970 2573 2347 2647 supplendum
2374 2585 2454 2630 est
2482 2592 2497 2632 :
2529 2586 2585 2630 et
2606 2576 2665 2630 N
2664 2576 3091 2650 abupolassarus
3116 2583 3279 2632 annis
3305 2585 3521 2653 viginti.

1973 2663 2156 2716 Porro
2201 2663 2660 2736 Sardanapallus
2712 2673 2766 2716 et
2789 2663 3037 2717 Saracus
3072 2666 3301 2719 nomina
3352 2686 3527 2722 unum

1972 2748 2328 2824 eundemque
2355 2768 2547 2825 regem
2595 2751 2947 2824 Assyriorum
2976 2751 3531 2830 Babyloniorumque

1975 2835 2266 2910 designant
2289 2878 2308 2912 ‚
2330 2839 2445 2892 sive
2496 2835 2657 2909 quod
2700 2837 2940 2893 alterum
2995 2856 3203 2894 nomen
3241 2841 3528 2914 scripturae
3564 2909 3569 2915 ¹

1973 2924 2315 2999 compendio
2344 2927 2404 2981 in
2431 2925 2667 2981 alterum
2694 2925 2859 2995 abiit,
2885 2927 2999 2982 sive
3040 2927 3197 3001 quod
3225 2938 3528 3004 utrumque

1975 3013 2034 3066 in
2053 3032 2156 3067 usu
2183 3013 2304 3070 fnit.
2330 3014 2458 3087 Ipsa
2477 3012 2707 3068 historia
2757 3030 2829 3068 ex
2860 3013 3139 3086 Abydeno
3167 3014 3264 3088 (fr.
3298 3015 3398 3091 17)
3442 3035 3530 3073 re-

1973 3098 2257 3173 fingenda.
2288 3099 2511 3155 Scilicet
2548 3099 2709 3155 hoste
2742 3100 3113 3169 adventante,
3159 3099 3533 3176 Sardanapal-

1976 3179 2063 3233 lus
2088 3177 2593 3252 Nabopalassarum
2619 3178 2821 3233 ducem
2838 3179 3062 3235 miserat
3090 3179 3455 3252 Babylonem.
3480 3184 3534 3237 Is

1975 3283 2135 3334 vern,
2149 3264 2523 3322 defectionem
2536 3265 2608 3321 ab
2618 3266 2971 3339 Assyriorum
2985 3283 3117 3340 rege
3130 3268 3386 3339 moliens,
3403 3287 3532 3324 cum

1977 3354 2225 3427 Cyaxare
2247 3352 2518 3409 foedus'et
2544 3355 2939 3428 cognationem
2979 3357 3286 3423 contraxit,
3327 3356 3533 3413 deinde

1977 3440 2189 3495 bellum
2200 3440 2399 3510 movit,
2415 3436 2992 3513 Sardanapallumque
3003 3439 3076 3494 ad
3086 3441 3280 3495 incitas
3288 3442 3531 3517 redegit,

1978 3538 2147 3600 atque
2198 3528 2274 3581 ita
2306 3526 2628 3599 Babyloniae
2666 3524 3110 3579 dominationem
3153 3525 3389 3600 adeptus
3427 3542 3527 3586 est.

2061 3612 2158 3691 [ad
2184 3611 2305 3692 56]
2325 3618 2492 3668 annis
2508 3613 2792 3666 duodecim
2820 3607 2976 3689 (26');
2997 3609 3087 3668 δύο
3122 3609 3232 3690 (β’)
3256 3616 3287 3669 J
3293 3614 3532 3689 osephus

1982 3699 2068 3773 (v.
2094 3700 2166 3759 fr.
2203 3701 2387 3777 14)C.
2421 3698 2626 3772 Apion.
2656 3700 2704 3768 Ι,
2736 3699 3190 3772 19etAnt.Jud.
3219 3701 3304 3769 X,
3344 3720 3434 3773 11,
3465 3720 3533 3778 23

1982 3789 2225 3861 Syncell.
2254 3807 2316 3863 p.
2341 3786 2477 3857 226,
2499 3791 2566 3858 A,
2586 3798 2643 3842 et
2655 3788 2853 3844 Canon
2870 3796 3176 3844 astronom.
3191 3791 3252 3846 V.
3284 3789 3529 3846 Clinton.

1979 3876 2045 3934 F.
2068 3878 2142 3931 H.
2170 3877 2260 3945 11,
2284 3894 2344 3949 p.
2376 3874 2490 3930 388
2515 3884 2636 3931 not.
2679 3875 2738 3932 la.
2764 3872 2855 3929 ed.
2877 3884 3007 3933 tert.
3029 3874 3250 3931 Ibidem
3296 3877 3426 3932 vide
3460 3878 3531 3933 de

1979 3966 2329 4037 reliquorum
2405 3980 2599 4038 regum
2667 3962 3016 4035 temporibus
3085 3961 3524 4036 disputationem

1977 4053 2341 4111 uberrimam.

2067 4144 2155 4197 De
2174 4140 2552 4197 senacheribo
2582 4142 2851 4195 Berosum
2892 4140 3138 4196 laudavit
3165 4142 3331 4196 etiam
3368 4143 3532 4197 Jose-

1975 4231 2120 4304 phus
2146 4230 2275 4283 loco
2303 4246 2454 4283 nunc
2492 4228 2759 4284 lacunoso
2799 4229 2860 4281 in
2886 4229 3079 4301 Antiq.
3111 4227 3244 4287 Jud.
3272 4230 3360 4299 X,
3387 4246 3439 4299 1,
3473 4235 3530 4299 4,

1975 4338 2038 4391 p.
2071 4316 2183 4392 369
2210 4317 2302 4375 ed.
2331 4315 2527 4373 Didot.
2567 4333 2582 4373 τ
2615 4312 2776 4372 Ἀλλὰ
2808 4311 2899 4371 καὶ
2928 4312 3209 4393 Βηρωσσὸς
3228 4317 3256 4372 6
3282 4312 3349 4372 τὰ
3378 4314 3528 4374 Χαλ-

1978 4402 2135 4462 δαῖκὰ
2164 4400 2595 4482 συγγραψάμενος
2619 4399 2931 4479 μνημονεύει
2951 4405 3043 4459 τοῦ
3071 4400 3323 4480 βασιλέως
3356 4403 3530 4462 Σενα-

1974 4489 2216 4570 χηρίὸου,
2236 4490 2326 4548 καὶ
2337 4489 2416 4548 ὅτι
2430 4492 2533 4548 τῶν
2561 4487 2845 4568 Ἀσσυρίων
2865 4479 2996 4567 ἦρχε
3036 4488 3125 4547 καὶ
3148 4487 3227 4546 ὅτι
3250 4487 3395 4568 πάσῃ
3420 4490 3529 4547 ἕπε·

1977 4575 2329 4659 στρατεύσαιτο
2343 4581 2409 4658 τῇ
2429 4575 2576 4657 Ἀσία
2605 4574 2771 4656 καὶτῇ
2786 4574 3042 4657 Αἰγύπτῳ
3061 4574 3226 4653 λέγων
3242 4575 3421 4643 οὕτως.
3437 4576 3523 4609 *⁴*

2706 4708 2796 4766 13.

2054 4844 2329 4918 Josephus
2357 4847 2487 4901 Ant.
2522 4840 2655 4898 Jud.
2685 4842 2848 4909 X,2,
2886 4859 2937 4908 α,
2974 4859 3037 4914 p.
3068 4840 3181 4910 370
3210 4840 3303 4896 ed.
3344 4839 3476 4895 Did.
3513 4858 3528 4897 ε

1983 4928 2315 5007 Μνημονεύει
2338 4927 2394 4987 δὲ
2411 4932 2502 4986 τοῦ
2518 4926 2868 4989 Βαδυλωνίων
2892 4924 3147 5005 βασιλέως
3185 4923 3406 4985 Βαὸάδα
3420 4925 3531 4996 Βη-

1233 5182 1441 5235 Babadoe
1472 5184 1845 5250 Babyloniorum
1865 5105 1987 5250 rigis
2003 5188 2208 5238 Berosus
2226 5199 2419 5250 quoque
2436 5178 2668 5235 meminit.
