4016 5916
1582 429 2081 498 FRAGMENTA.

310 577 513 649 Papyri
556 594 818 631 numeros
857 577 1195 646 nominaque
1224 572 1594 626 restituendos
1620 574 1777 626 Bun-

216 666 413 718 senius
440 682 496 737 p.
529 682 643 738 299
668 674 850 720 censet
877 665 1025 718 hunc
1052 663 1111 716 in
1137 659 1370 715 modum
1399 678 1413 717 ε

230 804 285 842 ι.
338 786 679 840 Amenemhe
718 782 1446 859 Ra-satep·het(l).19a.
1485 787 1605 846 hm.
1646 806 1669 830 n
1718 780 1776 837 d.

220 889 286 926 2.
336 873 655 927 Sesortesen
681 873 993 927 Ra·ter·ke
1037 869 1113 946 (1)
1119 911 1233 928 .....
1320 868 1392 934 45
1486 869 1521 923 8

222 958 285 1016 3.
333 961 676 1015 Amenemhe
708 954 1218 1031 Ratnub-keu(11).
1304 956 1373 1023 37
1478 954 1514 1010 8
1648 977 1672 1003 n

226 1051 290 1110 4.
338 1047 655 1101 Sesortesen
679 1045 948 1099 Ra-scha·
964 1055 1049 1098 ter
1078 1042 1220 1121 (11)..
1314 1061 1382 1116 ¹9
1486 1041 1520 1096 8
1636 1041 1703 1095 16

230 1130 291 1188 5.
337 1132 655 1188 Sesortesen
679 1130 1059 1186 Ra-scha-keu
1086 1130 1231 1204 (111).
1317 1126 1388 1183 35
1487 1135 1518 1194 l.

226 1219 296 1277 6.
344 1217 687 1282 Αωειιεπὴε
736 1219 1058 1272 Ra-n-ma
1098 1213 1221 1292 (ΙΙΙ)
1314 1223 1386 1282 42
1485 1214 1516 1270 3

226 1324 287 1375 7.
336 1304 678 1360 Amenemhe
704 1305 1006 1358 Ra·ma-tu
1034 1303 1217 1376 (IV)...
1354 1321 1391 1375 9
1491 1301 1522 1356 3
1633 1321 1703 1371 ²7

228 1391 291 1447 8.
337 1391 690 1447 Sebeknofru
699 1431 826 1448 ......
839 1434 847 1444 .
858 1429 1223 1448 ...............
1366 1389 1398 1443 3
1454 1409 1522 1443 ιο
1672 1396 1702 1453 Ι.

1264 1493 1374 1548 213
1405 1513 1457 1547 a.
1499 1494 1784 1563 tm.17d.

230 1626 409 1699 Quod
473 1624 681 1681 deinde
740 1625 1136 1680 Manethonem
1201 1625 1428 1691 attinet,
1484 1625 1791 1680 Bunsenius

230 1724 442 1787 quarto
468 1714 587 1786 regi
606 1714 831 1767 Lamari
847 1730 955 1785 pro
974 1730 1106 1768 ann.
1128 1711 1163 1765 8
1184 1712 1382 1766 tribuit
1397 1729 1491 1767 an.
1518 1717 1589 1776 4²
1618 1710 1790 1782 (quot

232 1800 358 1860 fere
392 1797 659 1856 Eusebius
678 1798 815 1855 falso
836 1798 988 1854 haud
1015 1798 1187 1854 dubie
1208 1799 1407 1853 tribuit
1440 1816 1595 1872 regg.
1628 1797 1790 1870 5-8)‚

234 1889 341 1962 qui
392 1888 649 1961 proxime
686 1885 962 1941 accedunt
1003 1885 1077 1940 ad
1116 1904 1293 1940 annos
1335 1885 1408 1951 43
1446 1884 1614 1940 Maris
1649 1886 1795 1959 regis

236 1975 526 2034 Eratosth.
549 1971 747 2047 ltaq'ue
764 1990 978 2028 summa
995 1991 1273 2028 annorum
1293 1971 1445 2046 apud
1469 1971 1793 2028 Africanum

238 2063 392 2119 foret
417 2068 521 2136 194
549 2060 694 2136 (pro
720 2060 894 2136 160);
924 2060 1127 2132 quibus
1142 2061 1187 2114 si
1205 2058 1491 2114 addideris
1515 2077 1692 2115 annos
1726 2059 1792 2113 16

240 2150 645 2217 Ammonemis,
674 2146 989 2202 obtinemus
1014 2164 1106 2202 an.
1141 2164 1254 2202 210
1276 2186 1293 2214 ,
1328 2148 1426 2220 qui
1453 2147 1797 2219 respondent

242 2238 452 2312 Papyri
473 2236 630 2291 annis
653 2233 788 2293 213.
818 2236 1039 2291 Eusebii
1060 2251 1291 2308 quoque
1311 2251 1488 2289 annos
1513 2232 1624 2299 245
1644 2235 1795 2288 Bun-

240 2327 428 2380 senius
468 2321 510 2379 l.
551 2324 592 2381 1.
628 2322 907 2395 explicare
955 2321 1168 2376 studuit
1216 2319 1482 2395 fingendo
1526 2321 1796 2377 laterculo

244 2411 531 2484 quodam,
557 2427 725 2483 quem
757 2409 1026 2464 Eusebius
1051 2407 1290 2463 insonte
1323 2426 1425 2463 suo
1472 2406 1627 2482 (non
1649 2410 1797 2464 enim

246 2517 317 2553 ex
346 2497 612 2554 Africano
633 2497 752 2551 haec
782 2496 975 2552 hausta
1010 2495 1156 2571 esse)
1198 2496 1493 2569 repererit.
1532 2495 1643 2551 Sed
1681 2498 1799 2551 haec

248 2585 414 2640 nimis
438 2586 581 2640 lusui
617 2585 969 2657 propinqua,
999 2601 1169 2657 quam
1206 2594 1268 2638 ut
1294 2582 1630 2657 apponenda
1658 2602 1801 2639 cen-

249 2691 482 2729 scamus.

332 2754 707 2814 Eratosthenis
723 2758 970 2831 denique
982 2775 1142 2833 reges
1160 2769 1428 2831 quattuor
1440 2759 1529 2813 vel
1551 2759 1802 2832 quinque

250 2865 379 2901 cum
407 2844 849 2902 Manethonianis
874 2846 1166 2920 componit
1190 2846 1267 2900 ita
1290 2844 1381 2917 (p.
1410 2843 1557 2918 286)
1586 2864 1600 2899 ε

252 3006 300 3060 1.
332 3008 715 3059 Ammenemes
717 3041 1169 3062 ........
1245 3020 1291 3056 ι.
1320 3004 1704 3058 Ammenemes
1727 3004 1771 3058 l.

252 3134 327 3190 11.
354 3131 664 3211 [Sesonose‘s
683 3132 760 3210 et]
778 3136 1164 3190 Ammangmes
1233 3106 1291 3144 ²·
1333 3089 1630 3145 sefflrtosis
1651 3092 1699 3144 Ῑ·

3323 453 3434 502 563

2829 576 2836 588 ‘
2862 581 2911 639 Ι..
2947 573 3242 629 Sesortosis
3271 577 3346 629 11.

2862 659 2917 714 5.
2950 663 3281 732 (Sesortosis
3305 663 3430 737 111).

2851 748 2902 802 6.
2931 753 3315 804 Anunenemes
3331 751 3432 806 111.

1868 835 1959 889 lv.
2008 835 2187 888 Mares
2193 874 2792 892 ..........
2856 852 2906 902 7.
2941 838 3322 890 Ammenemcs
3343 839 3435 892 lv,

2861 920 2916 978 8.
2951 921 3329 998 (Sebeknosru
3348 925 3386 997 )

1947 1007 2172 1062 Scilicet
2205 1009 2454 1081 Papyrus
2495 1009 2622 1080 ille,
2653 1010 2750 1081 qui
2784 1008 3206 1080 quintodecimo
3249 1011 3440 1065 seculo

1869 1103 1998 1147 ante
2026 1112 2190 1148 aeram
2225 1106 2472 1149 nostram
2490 1097 2727 1168 scriptus
2753 1113 2867 1150 esse
2894 1094 3091 1162 fertur,
3123 1106 3291 1168 atque
3322 1098 3442 1150 Ma-

1872 1180 2067 1247 netho,
2089 1199 2281 1235 omnes
2295 1180 2540 1252 ejusdem
2558 1182 2820 1254 dynastia·
2835 1199 3011 1254 reges),
3026 1183 3137 1236 sive
3160 1185 3300 1238 alter
3317 1190 3444 1256 post

1873 1259 2110 1313 alterum
2124 1260 2240 1314 sive
2262 1260 2403 1314 alter
2415 1259 2573 1332 jugata
2591 1261 2827 1315 alterum
2848 1262 3225 1333 regnaverint,
3247 1280 3441 1316 recen-

1872 1356 2022 1413 sent,
2046 1346 2506 1419 singulorumque
2527 1365 2704 1402 annos
2722 1349 2780 1401 in
2803 1365 2978 1400 unum
3011 1349 3275 1403 collectos
3298 1360 3438 1402 tam·

1875 1450 2044 1504 quam
2063 1451 2334 1488 summam
2349 1451 2626 1488 annorum
2641 1433 2904 1507 dynastiae
2924 1434 3237 1506 adponant.
3256 1438 3436 1507 Quam

1875 1520 2136 1591 antiquus
2163 1517 2253 1574 hic
2289 1538 2412 1575 mos
2441 1520 2611 1575 fuerit
2633 1521 2748 1593 ipsa
2773 1522 2971 1594 papyri
3007 1531 3133 1576 aetas
3171 1540 3444 1596 compro-

1874 1606 1990 1661 bat.
2024 1606 2140 1664 Nec
2168 1608 2378 1661 mirum
2401 1608 2570 1680 igitur
2601 1608 2993 1664 Manethonem
3031 1626 3119 1663 res
3148 1609 3220 1664 ad
3245 1612 3440 1664 seriem

1877 1692 2338 1768 chronologicam
2366 1713 2630 1750 revocare
2666 1713 2784 1750 non
2819 1696 3083 1768 potuisse.
3126 1696 3195 1751 Id
3237 1699 3443 1753 Erato-

1877 1780 2058 1834 stheni
2081 1780 2326 1853 denique
2344 1783 2601 1856 contigit.
2635 1784 2720 1837 lta
2739 1782 2855 1838 scre
2880 1785 3186 1838 Bunsenius
3204 1803 3263 1856 p.
3292 1804 3405 1858 279
3424 1827 3439 1852 ,

1881 1885 2222 1940 quamquam
2243 1867 2394 1923 idem
2422 1869 2533 1924 alio
2563 1869 2690 1923 loco
2714 1871 2901 1925 statuit
2921 1889 3096 1925 annos
3121 1869 3271 1925 3555
3302 1890 3446 1943 quos

1881 1954 2233 2010 Manethonis
2261 1954 2524 2028 dynastiis
2551 1956 2778 2030 triginta
2799 1957 3086 2028 Synccllus
3114 1957 3341 2022 tribuit,
3371 1958 3442 2013 de

1884 2042 2042 2096 annis
2059 2042 2220 2097 seriei
2235 2042 2648 2115 chronologicae
2665 2042 3057 2117 intelligendos
3075 2061 3188 2098 esse
3201 2085 3215 2111 ‚
3233 2046 3444 2118 quippe

1883 2145 2054 2200 quam
2084 2126 2372 2200 Syncellus
2406 2130 2467 2183 in
2499 2129 2848 2183 Manethonis
2876 2129 3031 2184 libris
3051 2128 3208 2200 juxta
3243 2131 3445 2186 alteros

1883 2215 2010 2269 illos
2029 2233 2295 2271 numeros
2317 2226 2597 2271 enotatam
2621 2217 2907 2289 repererit.
2939 2248 3014 2256 —
3033 2218 3288 2272 Ceterum
3314 2219 3441 2291 plu·

1884 2320 1972 2356 res
1995 2321 2154 2377 reges
2172 2303 2230 2357 in
2255 2302 2504 2375 dynastia
2530 2302 2645 2357 XII
2666 2319 2920 2375 regnasse
2941 2303 3140 2376 simul,
3169 2306 3443 2377 probatur

1884 2390 2280 2444 monumentis.
2321 2391 2462 2444 Nam
2490 2390 2549 2442 in
2582 2389 2718 2443 stela
2739 2389 2916 2443 Musei
2949 2390 3178 2444 Parisini
3217 2401 3444 2447 notatur

1887 2495 2063 2532 annus
2086 2488 2344 2545 octavus,
2370 2477 2431 2530 in
2455 2477 2562 2531 alia
2579 2494 2755 2531 annus
2771 2494 2953 2532 nonus
2971 2516 2987 2545 ‚
3010 2479 3244 2551 appictis
3264 2482 3444 2534 nomi-

1888 2564 2055 2619 nibus
2079 2563 2419 2619 Amenemhe
2458 2561 2522 2637 (Ι)
2548 2574 2604 2619 et
2629 2563 2940 2619 Sesonesen
2977 2562 3062 2641 (1).
3092 2566 3271 2620 Porro
3314 2568 3448 2622 stela

1890 2650 2174 2708 Leidensis
2193 2650 2432 2722 junctim
2454 2650 2623 2705 habet
2644 2667 2852 2706 annum
2879 2657 3063 2716 44¹¹²¹¹¹¹¹
3093 2653 3239 2723 regis
3260 2653 3447 2709 Sesor·

1891 2751 2038 2792 lesen
2061 2739 2146 2811 (l)
2169 2749 2223 2793 et
2242 2757 2448 2793 annum
2469 2736 2774 2792 secundum
2797 2740 2942 2812 regis
2961 2739 3284 2793 Anemenhe
3305 2740 3443 2814 (11).

1969 2826 2060 2880 Ab
2105 2827 2188 2881 his
2239 2824 2458 2879 indiciis
2491 2821 2848 2897 proficiscens
2894 2826 3199 2879 Bunsenius
3247 2827 3447 2899 Papyri

1893 2924 1949 2969 et
1971 2914 2432 2971 Manethonianos
2453 2929 2716 2966 numeros
2728 2899 2754 2987 ‚‘
2772 2911 2960 2985 quales
2989 2913 3103 2985 ipse
3132 2915 3418 2969 constituit
3433 2956 3446 2981 ‚

1894 3003 1969 3057 ita
2020 3013 2242 3057 nectere
2282 2999 2626 3075 aggreditur,
2667 3009 2731 3054 ut
2766 3009 2993 3054 eruatur
3036 3002 3446 3055 Eratosthenica

1894 3089 2062 3145 serioe
2088 3088 2487 3162 chronologica
2508 3105 2784 3141 annorum
2821 3106 2841 3140 1
2855 3092 2946 3156 47.
2967 3086 3137 3157 Quod
3156 3087 3447 3160 quomodo

1865 618 1968 672 111.
1997 618 2295 672 Sesortosis
2321 619 2370 670 11
2383 657 2795 673 .........

1968 733 2010 750 ἆ

1236 3174 1290 3232 3.
1323 3179 1710 3232 Ammonemes
1736 3179 1808 3233 11.
1852 3214 1859 3221 ·
1900 3176 2180 3245 effecerit,
2220 3194 2288 3231 ex
2328 3175 2517 3231 tabula
2546 3192 2712 3246 quam
2738 3173 2854 3245 jam
2893 3192 3148 3247 appono,
3187 3175 3443 3248 patebit:
