4016 5916
1369 400 1773 461 GERGITHII
1814 402 2311 464 FRAGMENTA.

236 533 427 615 λακεία
444 579 460 611 ,
488 530 708 613 χαύνους
736 529 824 588 καὶ
851 527 1024 595 κενοὺς
1042 529 1536 603 ποιοῦντα,πάντων
1561 531 1613 589 ἓν
1641 533 1794 610 ὓπερ·

240 626 343 703 σχῇ
373 623 497 701 παρ’
536 618 707 684 αὐτοῖς
753 614 1213 693 ὑπολαμβάνεσθαι
1245 615 1740 685 κατασκευάζεσθαι.
1767 644 1791 668 ¹·

242 708 399 778 Ἑξῆς
417 731 473 765 τε
498 704 829 782 διηγούμενος
855 702 975 783 περί
996 726 1128 772 τινος
1150 703 1445 782 μειρακίου,
1466 704 1675 787 Παφίου
1700 701 1794 782 μὲν

238 796 300 854 τὸ
329 794 497 873 γένος,
539 791 789 872 βασιλέως
831 789 884 849 δὲ
916 790 1009 861 τὴν
1042 791 1225 871 τύχην,
1265 819 1287 841 ·
1331 794 1498 852 Τοῦτο
1531 792 1695 873 (φησὶ)
1734 793 1793 851 τὸ

246 881 511 963 μειράκιον
540 881 616 958 (οὐ
636 877 800 956 λέγων
822 880 975 936 αὐτοῦ
994 877 1237 957 τοῦνομα)
1260 878 1525 938 κατέκειτο
1550 879 1613 938 δι’
1633 883 1792 961 ὓπερ-

244 971 539 1029 6άλλουσαν
567 966 763 1047 τρυφὴν
795 966 879 1024 ἐπὶ
912 965 1256 1046 ἀργυρόποδος
1283 967 1460 1038 κλίνης
1479 1012 1495 1044 ,
1526 971 1790 1048 ὓπεστρω·

246 1057 402 1133 μένης
455 1056 721 1136 Σαρδιανῇ
782 1053 1083 1132 ψιλοτάπιδι
1134 1058 1235 1112 τῶν
1284 1055 1421 1114 πάνυ
1476 1057 1789 1116 πολυτελῶν.

246 1144 608 1215 Ἐπεὸέῦλητο
641 1143 684 1200 δ’
708 1144 849 1222 αὐτῷ
882 1146 1172 1221 πορφυροῦν
1204 1142 1498 1222 ἀμφίταπον
1530 1142 1792 1222 ἀμοργίνῳ

245 1232 554 1310 καλύμματι
574 1228 1020 1310 περιειλημμένον.
1046 1229 1454 1311 Προσκεφάλαια
1477 1232 1522 1288 δ’
1542 1221 1651 1310 εἶχε
1673 1229 1791 1309 τρία

246 1318 341 1394 μὲν
368 1317 466 1376 ὑπὸ
495 1322 559 1396 τῇ
583 1320 785 1397 κεφαλῇ
817 1316 1034 1396 βύσσινα
1060 1320 1397 1397 παραλουργῆ
1414 1364 1429 1393 ,
1463 1319 1527 1377 δι’
1550 1310 1622 1376 ὧν
1653 1318 1789 1394 ἠμύ-

164 1413 187 1434 ⁶
244 1429 358 1465 νετο
397 1405 455 1464 τὸ
484 1411 690 1482 καῦμα,
731 1402 820 1462 δύο
862 1404 905 1461 δ’
956 1404 1055 1462 ὕπὸ
1099 1408 1204 1472 τοῖς
1243 1404 1418 1479 ποσὶν,
1472 1406 1791 1486 ὑσγινοὸαφῆ

236 1497 346 1553 τῶν
396 1496 644 1572 Δωρικῶν
692 1492 1044 1568 καλουμένων·
1087 1493 1166 1574 ἐφ’
1202 1485 1273 1552 ὧν
1324 1493 1591 1553 κατέκείτο
1630 1494 1790 1574 λευκῇ

240 1581 493 1662 χλαμύδι.
526 1608 548 1632 ¹»

324 1695 347 1722 ιι
376 1665 829 1750 Παραδεδεγμένοι
850 1669 894 1725 δ’
917 1669 1016 1726 εἰσὶ
1035 1667 1221 1735 πάντες
1241 1670 1286 1726 οἱ
1309 1667 1445 1727 κατὰ
1466 1667 1559 1741 τὴν
1581 1668 1790 1750 Κύπρον

245 1754 497 1835 μόναρχοι
515 1753 574 1813 τὸ
597 1758 698 1813 τῶν
723 1757 941 1832 εὐγενῶν
959 1754 1196 1814 κολάκων
1223 1754 1368 1832 γένος
1382 1800 1396 1828 ,
1418 1761 1485 1824 ὣς
1507 1755 1787 1836 χρήσιμον.

245 1840 393 1902 Πάνυ
418 1839 518 1920 γὰρ
541 1841 600 1900 τὸ
626 1845 805 1916 κτῆμα
836 1841 1138 1922 τυραννικόν
1167 1843 1294 1901 ἐστι.
1338 1843 1442 1902 Καὶ
1468 1844 1661 1902 τούτων
1688 1833 1791 1902 οἷον

236 1925 618 2005 Ἀρεοπαγιτῶν
646 1951 796 1986 τινων
825 1925 940 1986 οὔτε
971 1927 1032 1986 τὸ
1057 1929 1250 1998 πλῆθος
1278 1927 1392 1987 οὔτε
1418 1927 1507 1996 τὰς
1533 1929 1672 2010 ὄψεις
1697 1929 1792 1997 ἔξω

239 2018 342 2073 τῶν
372 2013 791 2096 ἐπιφανεστάτων
821 2006 951 2073 οἶδεν
995 2015 1175 2082 οὐδείς.
1208 2016 1547 2095 Διῃρημένων
1587 2019 1641 2075 δὲ
1671 2018 1791 2096 διχῆ

241 2102 376 2161 κατὰ
408 2102 707 2180 συγγένειαν
735 2106 836 2161 τῶν
859 2105 911 2161 ἐν
936 2107 999 2182 τῇ
1032 2105 1295 2180 Σαλαμῖνι
1319 2105 1576 2176 κολάκων,
1604 2108 1698 2185 ἀφ’
1720 2098 1791 2163 ὧν

239 2192 367 2248 εἰσιν
410 2192 457 2248 οἱ
498 2187 634 2249 κατὰ
675 2187 767 2261 τὴν
809 2189 971 2262 ἄλλην
1012 2190 1222 2269 Κύπρον
1267 2193 1514 2264 κόλακες,
1545 2190 1663 2259 τοὺς
1698 2191 1792 2269 μὲν

243 2277 542 2357 Γεργίνους,
588 2281 702 2343 τοὺς
757 2275 809 2336 δὲ
867 2277 1257 2359 Προμάλαγγας
1303 2279 1789 2360 προσαγορεύουσιν.

235 2355 346 2424 Ὧν
392 2368 437 2423 οἷ
484 2364 577 2441 μὲν
603 2367 835 2445 Γεργίνοι
866 2363 1365 2442 συναναμιγνύμενοι
1399 2371 1503 2432 τοῖς
1533 2366 1667 2425 κατὰ
1698 2367 1790 2438 τὴν

232 2451 388 2510 πόλιν
417 2451 470 2510 ἔν
495 2476 549 2511 τε
572 2455 676 2518 τοῖς
696 2451 1045 2533 ἐργαστηρίοις
1073 2452 1163 2510 καὶ
1187 2461 1298 2519 ταῖς
1328 2454 1536 2531 ἀγοραῖς
1560 2454 1788 2513 ὠτακου-

236 2544 417 2598 στοῦσι
432 2586 447 2616 ,
468 2539 812 2598 κατασκόπων
834 2539 1035 2620 ἔχοντες
1052 2538 1213 2612 τάξιν,
1233 2539 1330 2600 ὅτι
1354 2541 1398 2599 δ’
1419 2539 1479 2600 ἂν
1503 2541 1790 2600 ἀκούσωσιν

241 2626 581 2706 ἀναφέρουσιν
620 2627 844 2698 ἑκάστης
884 2628 1082 2708 ἡμέρας
1126 2627 1252 2707 πρὸς
1295 2626 1411 2695 τοὺς
1446 2628 1792 2704 καλουμένους

242 2715 485 2780 ἄνακτας.
521 2718 587 2773 Οἱ
618 2714 669 2772 δὲ
715 2715 1099 2794 Προμάλαγγες
1128 2720 1363 2785 ζητοῦσιν
1399 2715 1512 2773 ἀντὶ
1548 2719 1649 2774 τῶν
1693 2716 1793 2773 ὑπὸ

238 2805 342 2860 τῶν
390 2801 647 2882 Γεργίνων
692 2803 1203 2881 προσαγγελθέντων,
1244 2801 1275 2860 ὅ
1300 2827 1349 2861 τι
1389 2802 1451 2861 ἂν
1490 2801 1627 2870 ἄξιον
1663 2794 1792 2860 εἶναι

239 2887 498 2961 ζητήσεως
538 2887 693 2968 δόξῃ,
726 2888 865 2956 ὄντες
908 2889 1039 2956 τινὲς
1092 2888 1381 2969 ἐρευνηταί.
1441 2890 1549 2949 Καὶ
1597 2888 1791 2949 τούτων

236 3057 362 3102 Tum
384 3068 523 3116 vero,
538 3067 688 3117 quum
706 3054 806 3115 ‚iam
828 3068 911 3117 per
930 3068 979 3103 se
998 3054 1146 3104 inflati
1183 3056 1278 3103 sint
1299 3056 1331 3103 ii
1358 3054 1534 3117 quibus
1552 3058 1788 3104 assentan-

234 3134 333 3191 tur,
360 3144 551 3193 prorsus
565 3133 707 3181 etiam
739 3145 886 3181 vanos
904 3132 1158 3194 rutilosque
1176 3145 1257 3181 eos
1274 3144 1361 3180 sua
1379 3131 1655 3181 adulatione
1684 3132 1790 3182 red-

234 3207 385 3269 dunt,
408 3208 680 3271 faciuntque
700 3211 919 3270 utsupra
945 3221 1110 3257 omnes
1136 3209 1254 3258 alios
1271 3209 1421 3258 elatos
1441 3221 1494 3257 se
1529 3209 1596 3257 illi
1621 3209 1787 3258 existi-

232 3287 387 3333 ment.
437 3303 463 3328 ι
503 3288 626 3333 Tum
668 3284 725 3333 dc
767 3285 1122 3335 adolescentulo
1163 3285 1370 3347 quodam
1408 3286 1553 3335 verba
1586 3286 1782 3348 faciem,

240 3363 421 3425 Paphio
449 3376 645 3425 genere,
673 3364 943 3413 conditione
970 3376 1113 3426 rege:
1137 3383 1159 3406 κ
1188 3364 1277 3413 Hic
1291 3363 1703 3425 adolescentulus,
1724 3364 1791 3413 ait

236 3444 432 3497 (nomen
445 3441 548 3501 ejus
562 3453 654 3488 non
667 3440 849 3501 edidit).
860 3441 923 3490 ob
941 3440 1250 3490 immodicum
1266 3441 1437 3489 luxum
1452 3441 1657 3489 cubabat
1668 3442 1715 3489 in
1728 3441 1791 3490 le-

236 3518 370 3567 ctulo
382 3517 582 3580 pedibus
600 3519 720 3567 tulto
731 3519 962 3581 argenteis
975 3557 989 3581 ,
1000 3521 1241 3568 constrato
1253 3521 1409 3580 tapete
1424 3517 1554 3567 nudo
1565 3517 1791 3567 Sardiano

234 3608 295 3643 ex
312 3608 370 3643 eo
386 3607 554 3656 genere
568 3595 651 3657 qui
666 3598 778 3644 sunt
791 3595 1134 3658 pretiosissimi.
1159 3599 1374 3657 superne
1393 3595 1578 3657 corpori
1590 3595 1792 3652 injectus

226 3675 340 3722 erat
372 3686 642 3736 purpureus
674 3676 809 3737 tapes
841 3674 1084 3736 utrimque
1118 3674 1338 3733 villosuS,
1366 3674 1442 3721 cui
1483 3674 1790 3735 Amorginum

236 3754 427 3814 tegmen
448 3752 795 3801 circumdatum
816 3756 933 3803 erat.
976 3755 1093 3803 Tres
1128 3755 1289 3801 autem
1333 3752 1539 3801 habebat
1574 3753 1794 3815 pulvinos

238 3821 452 3890 byssinos
464 3828 716 3891 purpureis
732 3829 930 3879 fimbriis
942 3830 1200 3892 praetextos
1212 3865 1226 3890 ,
1247 3828 1422 3890 quibus
1438 3841 1489 3878 se
1507 3828 1792 3878 defendebat

237 3918 297 3954 ne
320 3906 451 3954 calor
481 3905 571 3968 ipsi
605 3905 1010 3967 incommodaret,
1038 3905 1160 3954 duos
1183 3918 1297 3953 vero
1319 3917 1347 3953 a
1366 3904 1564 3967 pedibus
1594 3905 1792 3967 hysgino

237 3984 414 4032 tinctos
431 3998 493 4033 ex
509 3996 567 4033 eo
586 3997 755 4046 genere
772 3984 853 4046 qni
878 3985 1035 4034 Dorici
1053 3986 1288 4034 vocantur
1311 4003 1323 4034 =
1345 3997 1488 4047 super
1512 3983 1585 4034 his
1604 3998 1791 4033 recum·

242 4060 385 4110 bebat
405 4060 603 4111 candida
632 4060 753 4110 laena
776 4061 985 4111 indutus.
1016 4081 1039 4105 n

303 4157 327 4184 ι
342 4142 423 4189 Est
437 4142 596 4189 autem
610 4142 801 4191 vetusto
819 4154 906 4190 usu
923 4141 1048 4204 apud
1058 4154 1225 4190 omnes
1239 4140 1384 4203 cypri
1399 4152 1530 4203 reges
1548 4142 1789 4203 receptum

236 4216 469 4265 nobilium
481 4220 827 4266 assentatorum
843 4231 1008 4279 geum,
1026 4221 1261 4280 tanquam
1273 4217 1415 4266 rebus
1427 4217 1637 4279 ipsorum
1653 4217 1790 4268 utile.

236 4293 462 4356 Inprimis
491 4293 619 4344 enim
652 4294 958 4343 commodum
991 4298 1063 4344 est
1099 4297 1329 4357 tyranno,
1355 4293 1476 4343 tales
1504 4293 1721 4343 homines
1743 4294 1790 4343 in

237 4375 407 4434 parato
428 4372 619 4422 babere.
657 4375 838 4423 Horum
874 4377 1035 4423 autem
1050 4411 1063 4433 ‚
1097 4373 1232 4436 quasi
1265 4370 1461 4435 quidam
1500 4372 1792 4434 Areopagitm

239 4451 421 4511 essent,
442 4462 599 4511 neque
626 4462 878 4499 numerum
893 4488 908 4513 ,
930 4463 1086 4513 neque
1110 4450 1279 4499 faciem
1293 4485 1308 4510 ‚
1327 4448 1540 4509 exceptis
1576 4449 1795 4497 illustris·

232 4526 399 4587 simis,
417 4526 553 4575 novit
572 4539 732 4577 nemo.
777 4530 885 4577 Jam
907 4528 987 4590 qui
1015 4528 1065 4576 in
1087 4526 1206 4575 urbe
1228 4524 1464 4576 Salamine
1499 4527 1611 4574 sunt
1641 4538 1796 4575 assen-

239 4607 445 4665 tatores,
470 4617 500 4653 a
517 4605 698 4667 quibus
721 4618 887 4654 omnes
904 4606 952 4653 in
985 4604 1165 4667 reliqua
1187 4607 1347 4664 cypro
1372 4602 1600 4665 originem
1632 4603 1793 4652 traxe·

241 4686 382 4743 runt,
425 4682 473 4732 in
512 4683 632 4733 duas
669 4683 1024 4733 distribuuntur
1059 4682 1288 4741 familiar»,
1324 4693 1470 4730 unam
1509 4693 1678 4730 eorum
1710 4681 1792 4743 qui

241 4758 430 4819 Gergini
480 4760 800 4822 appellantur,
849 4761 1047 4809 alteram
1100 4770 1267 4827 eorum
1309 4757 1393 4821 qui
1440 4758 1789 4820 Promalauges.

242 4838 315 4884 Ex
344 4836 417 4883 his
446 4837 666 4898 Gergini,
708 4837 1025 4886 immiscentes
1059 4849 1111 4885 se
1145 4834 1415 4898 oppidanis,
1447 4848 1598 4897 quum
1626 4833 1675 4883 in
1715 4848 1792 4884 ar·

242 4911 425 4961 titieum
448 4913 678 4974 officinis,
701 4918 808 4963 tum
842 4915 891 4962 in
916 4913 1055 4975 foris,
1075 4912 1348 4963 anscultant
1380 4925 1650 4973 sennoneS,
1682 4924 1793 4974 spe·

244 4991 515 5041 culatorum
550 4993 657 5043 vice
696 4993 973 5056 fungentes,
1020 4993 1070 5042 et
1108 4991 1342 5055 quidquid
1383 4991 1696 5052 audiverunt,
1742 4990 1790 5040 id

244 5070 454 5133 quotidie
475 5073 614 5135 regiis
647 5072 942 5137 principibus
961 5108 975 5133 ,
1008 5085 1129 5135 quos
1146 5072 1346 5129 ἄνακτας
1381 5073 1588 5134 vocant,
1615 5084 1787 5121 renun-

244 5148 381 5200 tiant.
402 5150 527 5199 'rum
553 5150 886 5215 Promalanges
916 5162 1081 5201 eorum
1110 5164 1277 5213 causa,
1306 5163 1417 5213 qnae
1435 5150 1497 5200 ab
1518 5150 1592 5200 his
1614 5162 1790 5199 renun-

3313 417 3418 469 ⁸11

1884 528 2046 599 οὕτως
2086 528 2318 610 ἔντεχνος
2356 528 2445 589 καὶ
2490 528 2683 600 πιθανὴ
2715 528 2839 610 πρὸς
2868 530 3099 600 ἅπαντας
3129 538 3163 602 ἡ
3193 532 3435 607 ἔντευξις,

1883 614 2007 676 ὥστ’
2055 616 2231 695 ἔμοιγε
2282 618 2452 690 δοκεῖ,
2500 616 2734 696 καθάπερ
2781 619 2869 675 καὶ
2910 619 3056 677 αὐτοί
3105 641 3260 700 φασι,
3307 624 3434 701 παρ’

1884 704 2091 763 ἐκείνων
2120 707 2189 771 εἰς
2213 703 2328 771 τοὺς
2348 704 2442 772 ἔξω
2469 703 2652 771 τόπους
2676 705 2997 765 διαδεδόσθαι
3021 705 3079 765 τὸ
3100 707 3310 789 σπέρμα
3333 714 3435 769 τῶν

1884 792 2170 871 ἐλλογίμων
2198 793 2455 855 κολάκων.
2486 792 2593 852 Καὶ
2618 791 2719 870 γὰρ
2743 795 2841 871 οὐχ
2867 785 2970 852 οἷον
2996 794 3216 874 μετρίως
3250 797 3335 854 ἐπὶ
3361 800 3436 876 τῷ

1883 880 2156 960 πράγματι
2203 880 2539 957 σεμνύνονται
2572 878 2656 939 διὰ
2696 880 2757 938 τὸ
2801 884 3107 958 τετιμῆσθαι
3145 883 3288 964 παρὰ
3331 888 3439 952 τοῖς

1886 969 2209 1046 βασιλεῦσιν,
2236 966 2371 1025 ἀλλὰ
2409 969 2499 1027 καὶ
2523 967 2756 1046 λέγουσιν
2780 967 2860 1026 ὅτι
2895 972 2997 1027 τῶν
3035 971 3295 1049 Γεργίνων
3334 994 3436 1045 τις,

1884 1055 2133 1134 ἀπόγονος
2160 1056 2232 1114 ὧν
2256 1058 2357 1113 τῶν
2381 1056 2579 1135 Τρώων
2603 1056 2834 1129 ἐκείνοιν,
2861 1054 2948 1124 οὓς
2967 1059 3192 1137 Τεῦκρος
3214 1057 3316 1117 ἀπὸ
3336 1063 3437 1118 τῶν

1885 1142 2236 1222 αἰχμαλώτων
2273 1141 2734 1218 κατακτησάμενος
2769 1145 2839 1208 εἰς
2879 1142 3089 1221 Κύπρον
3120 1145 3253 1223 ἔχων
3292 1144 3438 1226 ἀπῴ-

1883 1252 2044 1300 κισεν,
2076 1220 2220 1297 οὗτος
2248 1227 2332 1287 διά
2354 1233 2446 1300 τῆς
2470 1229 2732 1309 παραλίας
2760 1234 2873 1307 μετ’
2896 1230 3082 1309 ὀλίγων
3116 1231 3319 1299 στείλας
3349 1233 3438 1292 ἐπὶ

1882 1321 1972 1387 τῆς
2007 1317 2245 1384 Αἰολίδος
2271 1316 2410 1376 κατὰ
2439 1317 2623 1376 πύστιν
2662 1317 2775 1395 ἅμα
2811 1319 2902 1376 καὶ
2939 1317 3174 1396 οἰκισμὸν
3213 1324 3304 1392 τῆς
3335 1324 3435 1381 τῶν

1884 1403 2147 1484 προγόνων
2197 1405 2402 1485 χώρας,
2451 1405 2602 1464 πόλιν
2654 1407 2860 1464 οἰκίσειε
2903 1406 3021 1481 περὶ
3069 1407 3162 1479 τὴν
3191 1409 3435 1487 Τρωικὴν

1883 1490 2053 1564 Ἴδην,
2088 1492 2517 1573 συμπαραλαὸών
2549 1515 2690 1560 τινας
2714 1498 2816 1553 τῶν
2849 1497 3061 1553 Μυσῶν·
3083 1494 3119 1567 ἣ
3142 1495 3307 1554 πάλαι
3342 1495 3437 1572 μὶν

1885 1579 1987 1638 ἀπὸ
2025 1585 2114 1638 τοῦ
2156 1578 2330 1658 γένους
2378 1581 2624 1660 Γέργινα,
2664 1585 2752 1639 νῦν
2799 1580 2852 1639 δὲ
2894 1580 3116 1661 Γέργιθα
3166 1582 3436 1657 κέκληται.

1883 1668 2083 1727 Τούτου
2107 1668 2243 1745 γὰρ,
2269 1670 2337 1734 ὡς
2366 1667 2498 1727 ἔοικε
2517 1714 2533 1744 ,
2553 1673 2641 1726 τοῦ
2668 1667 2850 1727 στόλου
2871 1671 3000 1736 τινὲς
3021 1673 3440 1741 ἀποσπασθέντες

1884 1758 1935 1813 ἐν
1956 1760 2019 1834 τῇ
2046 1756 2261 1834 Κυμαίᾳ
2282 1755 2561 1835 κατέσχον,
2579 1759 2637 1814 ἐκ
2660 1756 2875 1835 Κύπρου
2889 1757 3107 1836 τὸγένος
3130 1758 3269 1826 ὄντες
3284 1804 3299 1832 ,
3320 1762 3436 1818 ἀλλ’

1882 1845 1975 1901 οὐκ
2004 1846 2062 1901 ἐκ
2089 1847 2182 1914 τῆς
2220 1845 2546 1914 Θετταλικῆς
2569 1842 2827 1923 Τρίκκης,
2858 1845 3092 1925 καθάπερ
3119 1847 3252 1913 τινὲς
3291 1848 3437 1928 εἰρή-

1883 1952 2052 2002 κασιν,
2080 1922 2151 1987 ὧν
2184 1932 2450 2009 ἰατρεῦσαι
2498 1929 2591 2003 τὴν
2641 1929 2869 2007 ἄγνοιαν,
2899 1933 3003 1991 οὐδ’
3034 1933 3437 2005 Ἀσκληπιάδαις

1882 2017 2035 2074 τοῦτό
2060 2039 2117 2093 γε
2147 2015 2340 2093 νομίζω
2362 2016 2615 2077 δεδόσθαι.
2651 2044 2675 2069 υ

1966 2131 1989 2154 n
2020 2104 2271 2182 Γεγόνασι
2303 2103 2357 2164 δὲ
2392 2106 2517 2183 παρ’
2549 2107 2675 2181 ἡμῖν
2713 2104 2801 2163 καὶ
2840 2105 2925 2164 ἐπὶ
2967 2107 3103 2166 Γλοῦ
3143 2113 3233 2167 τοῦ
3267 2109 3438 2189 Καρὸς

1882 2193 1971 2250 καὶ
2006 2201 2243 2270 γυναῖκες
2280 2191 2380 2251 ὑπὸ
2412 2191 2505 2261 τὰς
2546 2192 2808 2266 ἀνάσσας,
2846 2195 2899 2251 αἱ
2946 2201 3438 2275 προσαγορευθεῖσαι

1881 2281 2167 2347 κολακίδες.
2194 2281 2305 2361 Ἀφ’
2329 2270 2400 2338 ὧν
2431 2281 2700 2347 ὑπολιπεῖς
2726 2302 2857 2347 τινες
2885 2283 2957 2347 εἰς
2975 2281 3033 2339 τὸ
3063 2281 3226 2360 πέραν
3255 2283 3435 2362 ἀφικό-

1884 2390 2036 2443 μεναι
2079 2367 2444 2446 μετάπεμπτοι
2484 2366 2611 2447 πρός
2647 2390 2702 2425 τε
2743 2365 2835 2434 τὰς
2863 2366 3180 2449 Ἀρταὸάζου
3213 2369 3303 2427 καὶ
3344 2369 3437 2436 τάς

1884 2453 2142 2535 Μέντορος
2169 2457 2441 2534 γυναῖκας,
2476 2455 2778 2531 κλιμακίδες
2803 2456 3300 2534 μετωνομάσθησαν,
3332 2458 3435 2516 ἀπὸ

1881 2540 2120 2614 τοιαύτης
2132 2542 2378 2622 πράξεως·
2389 2546 2500 2609 ταῖς
2516 2543 3017 2622 μεταπεμψαμέναις
3033 2545 3435 2625 ἀρεσκευόμεναι

1882 2631 2115 2705 κλίμακα
2142 2631 2518 2699 κατεσκεύαζον
2548 2630 2599 2698 ἐξ
2628 2635 2822 2689 ἑαυτῶν
2852 2629 3038 2703 οὕτως,
3068 2630 3191 2689 ὥστ’
3217 2635 3303 2691 ἐπὶ
3330 2636 3436 2699 τοῖς

1881 2715 2060 2784 νώτοις
2083 2721 2251 2776 αὐτῶν
2282 2718 2374 2789 τὴν
2401 2717 2653 2776 ἀνάὸασιν
2677 2717 2939 2796 γίγνεσθαι
2962 2718 3051 2776 καὶ
3079 2719 3172 2790 τὴν
3199 2719 3436 2778 κατάὸα-

1883 2826 1961 2861 σιν
1991 2813 2101 2871 ταῖς
2128 2804 2211 2862 ἐπὶ
2233 2808 2333 2863 τῶν
2361 2804 2572 2881 ἁμαξῶν
2602 2803 2925 2884 ὀχουμέναις.
2951 2808 3040 2871 Εἰς
3057 2812 3206 2864 τοῦτο
3224 2810 3435 2886 τρυφῆς,

1881 2888 1967 2948 ἵνα
1993 2890 2066 2969 μὴ
2095 2891 2393 2964 ἀθλιότητος
2417 2891 2575 2966 εἴπω,
2604 2891 2963 2972 προηγάγοντο
2994 2892 3316 2973 τεχνώμεναι
3344 2890 3436 2961 τὰς

1881 3058 2003 3106 tiata
2026 3060 2164 3119 sunt,
2181 3057 2375 3107 uberius
2396 3057 2669 3120 inquirunt,
2692 3059 2730 3107 si
2761 3057 2879 3121 quid
2907 3056 3211 3121 inquisitione
3240 3060 3435 3123 dignum

1881 3134 2038 3183 visum
2056 3136 2156 3195 est;
2190 3136 2399 3197 suntque
2432 3134 2580 3184 veluti
2611 3135 2985 3198 investigatores.
3027 3137 3089 3185 Et
3118 3138 3232 3186 sunt
3265 3140 3466 3187 borum-

1880 3225 2158 3274 congressus
2189 3215 2238 3262 et
2269 3213 2507 3276 colloquia
2528 3226 2641 3262 cum
2665 3213 2888 3263 omnibus
2919 3214 2986 3262 ita
3017 3213 3270 3263 artificiosa
3291 3216 3438 3276 atque

1880 3290 2080 3354 blanda,
2107 3295 2165 3341 ut
2189 3306 2358 3341 verum
2385 3293 2502 3341 mihi
2531 3292 2750 3342 videatur
2780 3293 2830 3341 id
2848 3292 2981 3354 quod
3011 3291 3099 3354 ipsi
3131 3294 3434 3355 profitentur,

1880 3368 1942 3417 ab
1966 3369 2103 3418 bisin
2127 3371 2292 3418 extera
2312 3369 2417 3418 ioca
2438 3382 2653 3431 sparmm
2675 3382 2777 3419 esse
2805 3381 2968 3418 semen
2994 3368 3252 3418 illustrium
3281 3382 3439 3418 assen-

1880 3448 2105 3495 tatorum.
2135 3450 2231 3496 Nec
2258 3447 2385 3495 enim
2409 3446 2711 3495 mediocriter
2734 3459 2823 3495 sua
2858 3448 2963 3495 arte
2992 3445 3273 3508 gloriantur,
3304 3445 3436 3506 quod

1881 3524 1930 3573 in
1964 3525 2148 3574 bonore
2183 3528 2298 3574 sunt
2332 3524 2459 3587 apud
2487 3537 2649 3587 reges,
2668 3538 2838 3574 verum
2869 3524 3014 3584 etiam
3054 3526 3284 3584 narrant,
3310 3525 3436 3573 Ger·

1880 3602 2098 3664 ginorum
2129 3603 2337 3665 aliquem
2355 3641 2369 3663 ,
2394 3616 2456 3652 ex
2489 3604 2570 3652 iilo
2601 3603 2916 3664 'trojanorum
2941 3613 3111 3663 genere
3141 3601 3431 3661 oriundum,

1880 3692 2002 3741 quos
2024 3693 2081 3728 ex
2106 3679 2304 3742 captivis
2321 3679 2410 3729 sibi
2438 3682 2619 3729 Teucer
2644 3678 2891 3740 adjunxit,
2918 3691 3027 3726 cum
3059 3678 3222 3740 eisque
3254 3678 3301 3727 in
3334 3681 3434 3741 Cy-

1880 3769 2022 3818 prum
2043 3746 2310 3805 babitatum
2335 3756 2597 3816 concessit,
2616 3755 2752 3804 illum
2776 3755 2919 3817 igitur
2952 3755 3240 3817 Gergiuum,
3267 3755 3434 3816 aiunt,

1880 3834 2044 3896 paucis
2081 3833 2420 3882 comitantibus
2454 3832 2717 3882 secundum
2743 3845 2880 3882 oram
2927 3831 3218 3881 maritimam
3273 3844 3437 3882 versus

1884 3910 2116 3960 AEolidem
2141 3910 2413 3972 navigasse,
2447 3910 2627 3972 priscas
2659 3909 2896 3970 majorum
2919 3907 3053 3958 sedes
3078 3908 3434 3970 exquisiturum

1882 3988 2377 4049 instauraturumque;
2406 3987 2756 4048 assumptisque
2782 3989 3025 4048 Mysorum
3056 3985 3325 4045 nonnullis,
3344 3999 3432 4046 op-

1882 4064 2045 4126 pidum
2066 4064 2192 4114 circa
2207 4063 2338 4113 Idam
2358 4067 2569 4115 montem
2587 4063 2786 4113 Troadis
2802 4062 3079 4113 condidisse.
3100 4061 3437 4125 oppidumque

1879 4140 1998 4190 illud
2023 4139 2137 4190 olim
2161 4140 2354 4203 quidem
2387 4153 2416 4189 a
2448 4140 2640 4191 familiae
2672 4138 2893 4201 nomine,
2930 4138 3059 4188 unde
3083 4141 3244 4186 ortum
3267 4137 3433 4200 duxit,

1882 4217 2085 4279 Gergina
2099 4218 2342 4267 nominata
2352 4221 2441 4278 est,
2456 4231 2585 4267 nunc
2600 4230 2716 4267 vero
2728 4216 2955 4278 Gergitha
2972 4218 3186 4265 vocatur.
3200 4215 3436 4264 Videntur

1880 4295 2008 4345 enim
2030 4294 2246 4344 nonnulli
2265 4297 2434 4345 exista
2459 4294 2758 4356 navigatione
2789 4293 3014 4342 abstracti
3046 4293 3096 4341 in
3120 4295 3434 4342 Cumoeorum

1882 4371 2072 4434 regione
2088 4371 2342 4434 appulisse,
2365 4371 2526 4433 Cyprii
2547 4383 2746 4434 genere,
2769 4383 2866 4419 non
2889 4383 2950 4419 ex
2964 4367 3232 4418 Thessalica
3250 4367 3434 4430 Tricca,

1882 4452 1938 4498 ut
1959 4448 2258 4498 affirmarunt
2288 4449 2532 4510 nonnulli;
2569 4460 2778 4511 qnorum
2802 4445 2981 4497 mederi
3012 4445 3162 4494 errori
3186 4457 3246 4494 ne
3271 4443 3432 4494 Ascle·

1884 4526 2036 4590 piadis
2058 4526 2251 4590 quidem
2273 4527 2439 4576 datum
2463 4539 2565 4576 etse
2587 4526 2811 4575 arbitror.
2836 4544 2860 4567 n

1947 4624 1971 4647 α
1995 4606 2213 4654 Fuerunt
2234 4617 2349 4653 vero
2384 4603 2511 4666 apud
2535 4617 2622 4653 nos
2657 4603 2798 4652 etiam
2819 4601 2909 4651 sub
2932 4600 3056 4650 Glue
3090 4600 3213 4649 Care
3247 4597 3434 4647 semina!

1884 4694 2078 4745 quoque
2098 4680 2386 4744 principibus
2404 4681 2632 4729 matronis
2645 4679 2848 4729 addictae
2860 4715 2875 4741 ,
2892 4690 3002 4741 qua·
3019 4675 3263 4726 Colacides
3281 4676 3436 4738 appel·

1883 4758 2124 4807 labantur.
2150 4760 2371 4815 Quarum
2395 4758 2593 4820 reliquae
2618 4757 2862 4806 nonnullae
2880 4793 2894 4817 ,
2913 4768 3023 4817 quae
3043 4753 3112 4801 cis
3142 4765 3274 4802 mare
3295 4752 3437 4801 adve-

1882 4837 2082 4896 nerunt,
2107 4833 2168 4883 ad
2205 4834 2424 4885 Artabazi
2458 4838 2508 4884 et
2543 4834 2770 4883 Mentoris
2812 4844 2987 4882 uxores
3019 4829 3216 4890 accitae,
3245 4830 3435 4878 mutato

1880 4913 2076 4962 nomine
2098 4911 2382 4961 Climacidos
2416 4911 2664 4974 appellatae
2696 4913 2837 4973 sunt,
2863 4908 3058 4958 nomine
3087 4919 3116 4956 a
3150 4905 3324 4969 reipsa
3355 4904 3436 4955 de·

1881 4993 2102 5053 sumpto,
2126 5002 2237 5053 quae
2253 4991 2355 5039 erat
2373 4988 2662 5051 huiusmodi.
2693 4992 2802 5047 Quo
2821 4988 3061 5051 placerent
3080 4984 3360 5035 mulieribus
3375 5020 3391 5045 ,
3406 4997 3435 5034 a

1882 5069 2058 5131 quibus
2078 5069 2214 5117 erant
2236 5065 2500 5130 arcessitae,
2528 5066 2704 5115 scalam
2739 5065 3009 5115 efficiebant
3035 5076 3098 5113 ex
3128 5075 3180 5112 se
3200 5062 3336 5124 ipsis,
3367 5062 3433 5111 ita

1886 5151 1939 5197 ut
1961 5160 2045 5211 per
2078 5146 2291 5209 ipsarum
2323 5147 2454 5208 terga
2487 5145 2610 5209 illae,
2643 5147 2831 5209 quoties
2861 5144 3097 5207 carpentis
3127 5141 3434 5201 veherentur,
