4016 5916
1699 401 2212 463 FRAGMENTA.

399 533 502 613 (Ex
525 536 629 590 hac
648 535 1036 591 convenientia
1055 535 1437 589 narrationum
1457 534 1564 588 hoc
1585 543 1735 589 certe
1754 535 1884 589 licet

320 622 682 692 concludere,
705 623 1083 677 Bardesanem
1101 625 1402 693 respexisse
1429 619 1874 692 Megaseleenem,

320 721 376 764 et
412 710 637 766 eosdem
661 712 950 766 Sar-manas
979 727 1009 762 a
1039 708 1393 782 Megasthene
1440 708 1750 782 descriptos
1776 707 1876 764 Sa·

319 816 675 871 manaeosqne
725 797 1077 852 existimasse.
1164 795 1344 867 Quam
1388 796 1717 850 sententiam
1761 814 1879 849 non

319 896 544 960 poterat
561 885 770 939 habere
783 924 799 953 ,
821 885 864 937 si
888 883 1179 938 Sarmanas
1196 900 1313 936 non
1331 882 1465 937 tales
1495 883 1878 957 Megasthenes

322 974 725 1046 descripsisset,
776 971 968 1043 quales
1018 972 1330 1026 Samanaeos
1381 987 1493 1025 esse
1539 969 1877 1025 Bardesanes

323 1069 693 1133 compererat.
718 1083 742 1107 ι.

1052 1217 1147 1276 42.

399 1358 601 1414 Strabo
630 1359 752 1428 XV,
776 1377 835 1431 p.
871 1357 983 1428 718
1014 1376 1028 1413 ξ
1064 1353 1550 1429 Μεγασθένηςδ’
1572 1357 1623 1413 ἐν
1654 1353 1747 1430 μὲν
1774 1357 1878 1420 τοῖς

323 1443 612 1524 φιλοσόφοις
639 1445 730 1501 οὐκ
758 1434 890 1501 εἶναι
918 1441 1085 1521 δόγμα
1110 1442 1263 1523 φησὶν
1288 1442 1498 1509 ίαυτοὺς
1523 1441 1737 1520 ἐξάγειν·
1764 1442 1877 1509 τοὺς

322 1531 375 1590 δὲ
429 1536 703 1596 ποιοῦντας
751 1536 933 1606 τοῦτο,
982 1528 1241 1597 νεανικοὺς
1284 1529 1572 1610 κρίνεσθαι,
1625 1530 1739 1597 τοὺς
1785 1530 1878 1608 μὲν

322 1617 577 1697 σκληροὺς
599 1621 664 1695 τῇ
689 1616 836 1696 φύσει
864 1617 1168 1698 φερομένους
1197 1617 1286 1676 ἐπὶ
1321 1616 1528 1694 πληγὴν
1556 1615 1590 1688 ἢ
1624 1618 1876 1697 κρημνὸν,

321 1705 439 1772 τοὺς
463 1705 507 1761 δ’
533 1705 750 1770 ἀπόνους
779 1705 864 1763 ἐπὶ
892 1704 1065 1783 βυθὸν,
1088 1704 1203 1772 τοὺς
1227 1704 1279 1763 δὲ
1307 1705 1621 1772 πολυπόνους
1644 1709 1883 1783 ἀπαγχο·

326 1791 540 1869 μένους,
571 1789 685 1858 τους
716 1791 769 1850 δὲ
792 1789 1044 1869 πυρώδεις
1078 1793 1150 1859 εἷς
1175 1814 1278 1872 πυρ
1307 1791 1626 1868 ὠθουμένους
1644 1837 1690 1894 ²..
1689 1815 1789 1858 οιος
1818 1786 1878 1864 ἦν

323 1878 412 1938 καὶ
452 1882 478 1937 δ
523 1878 789 1952 Κάλανος,
830 1875 1115 1944 ἇκόλαστος
1143 1877 1440 1958 ἄνθρωπος,
1484 1902 1573 1937 και
1600 1879 1712 1944 ταῖς
1740 1879 1879 1937 Ἀλε-

324 1957 538 2046 ξανδρου
564 1968 840 2070 τραπέζαις
880 1963 1282 2043 δεδουλωμένος·
1309 1971 1486 2024 τοῦτον
1528 1966 1621 2042 μὲν
1661 1957 1747 2024 ουν
1786 1965 1880 2045 ψέ·

325 2051 530 2132 γἐσθαι,
562 2075 649 2111 τον
677 2052 730 2111 δὲ
759 2051 1031 2112 Μάνδανιν
1055 2053 1374 2111 ἐπαινεῖσθαι
1393 2051 1483 2128 ,ὃς
1504 2056 1605 2110 τῶν
1624 2077 1713 2111 του
1743 2052 1880 2112 Ἀλε-

329 2142 543 2222 ξάνδρου
605 2139 837 2218 ἀγγέλων
904 2138 1199 2199 καλουντων
1254 2139 1382 2222 πρὸς
1430 2141 1516 2198 τὸν
1572 2140 1689 2207 Διός
1749 2141 1878 2217 υἱὸν,

327 2227 614 2308 πειθομένῳ
662 2250 719 2286 τε
766 2230 907 2307 δῶρα
957 2227 1164 2287 ἔσεσθαι
1227 2227 1665 2306 ὑπισχνουμένων,
1728 2230 1880 2285 ἄπει-

330 2323 498 2376 θουντι
526 2315 580 2374 δὲ
622 2316 852 2374 κόλασιν·
893 2314 1073 2392 μήτ-ε’
1050 2317 1241 2374 εκεῖνον
1280 2315 1406 2395 φαίη
1437 2315 1556 2381 Διὸς
1591 2313 1718 2386 υἱὸν,
1749 2313 1801 2380 ὅς
1821 2336 1878 2390 γε

332 2405 479 2484 ἄρχει
511 2403 664 2508 ωμηδὲ
711 2404 996 2461 πολλοστου
1044 2401 1226 2482 μέρους
1254 2406 1345 2472 τῆς
1388 2405 1512 2478 γῆς·
1560 2400 1692 2477 μηδὲ
1738 2403 1877 2481 αὐτῷ

333 2496 434 2554 δεῖν
476 2494 577 2549 τῶν
620 2512 729 2570 παρ
785 2490 976 2548 ἐκείνου
1007 2490 1233 2569 δωρεῶν,
1276 2513 1321 2569 ῳ
1348 2489 1509 2554 οὗδεις
1541 2487 1714 2568 κόρος·
1744 2488 1877 2564 μήτε

396 2745 718 2806 Megasthenes
735 2744 924 2793 nullum
952 2744 1250 2806 philosophis
1272 2743 1522 2795 decretum
1543 2757 1644 2795 esse
1657 2745 1717 2796 de
1732 2748 1887 2795 morte

333 2819 422 2869 sibi
440 2820 773 2870 consciscenda
790 2819 1018 2870 affirmat.
1086 2820 1180 2870 Sed
1211 2820 1488 2871 audaciores
1503 2821 1666 2871 haberi
1689 2823 1772 2884 qui
1795 2822 1887 2871 hoc

333 2897 384 2946 in
400 2910 451 2947 se
466 2896 722 2948 admittant
739 2916 752 2947 ι
769 2909 827 2947 ac
844 2900 1020 2947 natura
1037 2897 1185 2947 duros
1203 2898 1249 2947 in
1283 2897 1459 2948 vulnus
1475 2898 1550 2949 vel
1571 2899 1888 2963 praecipitium

335 2977 473 3039 ferri;
493 2978 673 3027 doloris
699 2976 1000 3039 impatientes
1020 2977 1069 3026 in
1088 2977 1380 3040 profundum
1409 2978 1584 3040 maris;
1611 2978 1789 3028 doloris
1806 2993 1890 3042 pa-

333 3054 641 3105 tientissimos
658 3053 971 3116 strangulatu
993 3055 1154 3116 igneos
1181 3055 1227 3104 in
1251 3054 1404 3117 ignem
1422 3054 1645 3117 detrudi3
1673 3068 1732 3104 ac
1742 3056 1887 3105 talem

333 3133 565 3184 calanum
607 3132 776 3195 fuisse,
795 3132 1166 3183 incontinentem
1189 3146 1304 3182 sane
1337 3132 1610 3196 hominem,
1647 3136 1696 3183 et
1714 3146 1890 3182 mens-‘c

327 3206 592 3260 ‘Alexandri
635 3209 944 3272 mancipium.
1009 3212 1272 3274 Eapropter
1289 3209 1421 3260 hunc
1438 3210 1728 3273 vituperari,
1755 3214 1883 3260 Man·

339 3287 502 3337 danim
545 3301 849 3351 summopere
884 3288 1096 3349 laudari,
1120 3289 1204 3351 qui
1225 3325 1240 3351 ,
1264 3302 1417 3352 quum
1447 3290 1706 3340 Alexandri
1737 3289 1891 3339 nuntii

339 3377 449 3413 eum
470 3364 531 3414 ad
561 3366 698 3416 Jovis
717 3366 867 3416 lilium
891 3369 1149 3429 vocarent,
1174 3369 1223 3417 et
1243 3368 1428 3430 parenti
1450 3367 1578 3417 dona
1604 3369 1892 3431 polliceren-

340 3445 440 3504 tur,
461 3442 589 3493 dicto
607 3457 702 3493 non
720 3443 928 3493 audienti
951 3458 1114 3507 ptenas
1135 3445 1451 3510 minarentur,
1472 3446 1715 3509 respondit
1737 3459 1892 3508 neque

347 3519 492 3568 istum
518 3522 657 3571 Jovis
681 3521 831 3570 lilium
856 3534 983 3582 esse,
1009 3522 1088 3584 qui
1122 3535 1181 3573 ne
1205 3523 1415 3573 minimae
1442 3523 1634 3586 quidem
1658 3524 1894 3574 terrarum

3405 422 3513 470 ⁴3³

1969 532 2024 591 δὲ
2049 534 2264 603 ἀπειλῆς
2286 523 2418 592 εἶναι
2445 533 2622 615 φόὸον,
2651 523 2695 615 ᾧ
2719 537 2870 602 ζῶντι
2899 535 3049 611 μὲν
3022 560 3251 616 αρκουσα
3286 537 3365 610 εἴη
3400 563 3522 617 τρο-

1968 621 2057 700 φὸς
2086 626 2118 693 ἡ
2148 619 2373 693 Ἰνδικὴ,
2402 620 2708 680 ἀποθανόντι
2738 621 2795 686 δὲ
2822 624 3178 691 ἀπαλλάξαιτο
3205 629 3295 696 τῆς
3331 649 3523 708 σαρκος

1969 707 2073 765 ἀπο
2122 707 2292 788 γήρως
2335 707 2764 788 τετρυχωμένης,
2795 710 3056 780 μεταστὰς
3090 714 3158 776 nt<
3205 713 3391 788 βελτίω
3430 715 3522 773 καὶ

1967 794 2325 876 καθαρώτερον
2355 794 2482 874 βιον·
2510 794 2635 854 ὥστ’
2661 793 2931 854 ἐπαινέσαι
2957 796 3043 856 τὸν
3081 796 3218 857 ἈλέΔζ
3199 801 3405 880 ςανδρον
3434 823 3523 859 και

1967 886 2327 960 συγχωρῆσαι.

2049 972 2211 1029 Plura
2238 982 2551 1046 sequuntur
2578 991 2702 1045 quae
2728 969 2898 1048 παρὰ
2938 975 3061 1029 τῶν
3100 975 3526 1054 συγγραφέων

1966 1059 2040 1114 de
2068 1060 2417 1133 philosophis
2439 1060 2713 1115 Indorum
2740 1060 2942 1115 andita
2970 1063 3097 1117 sint.
3139 1063 3251 1118 Sed
3289 1064 3427 1137 quid
3454 1083 3524 1120 ex

1965 1147 2320 1219 Megasthene
2363 1147 2564 1202 Strabo
2584 1190 2599 1217 ,
2626 1147 2764 1220 quid
2795 1148 3020 1204 aliunde
3063 1152 3391 1224 sumpserit,
3427 1171 3531 1208 ne-

1963 1253 2184 1289 scimus.

2697 1391 2791 1455 43.

2050 1533 2272 1590 Arrian.
2321 1534 2464 1605 Exp.
2496 1532 2655 1587 Alex.
2696 1533 2828 1598 VII,
2870 1550 2927 1600 α,
2964 1538 3054 1598 Is:
3094 1532 3397 1589 Dandamis
3424 1552 3529 1609 gy-

1968 1621 2351 1695 mnosophista
2384 1619 2765 1675 Alexandrum
2795 1620 3098 1674 convenire
3143 1620 3462 1693 repudiavit
3498 1641 3514 1681 ε

1968 1708 2171 1765 Οὐκοῦν
2188 1704 2304 1764 οὐδὲ
2320 1703 2646 1783 Ἀλέξανδρον
2663 1706 2991 1783 ἐπιχειρῆσαι
3015 1704 3526 1783 βιάσασθαι,·γνόντα

1971 1792 2231 1872 ἐλεύθερον
2256 1792 2378 1851 ὄντα
2407 1792 2493 1849 τὸν
2525 1791 2685 1870 ἄνδρα
2703 1813 2715 1826 ·
2749 1790 2882 1847 ἀλλὰ
2918 1790 3152 1850 Κάλανον
3187 1790 3288 1871 γὰρ
3318 1793 3530 1853 ἀναπει·

1970 1884 2155 1949 σθ’ἧναι
2177 1883 2277 1937 τῶν
2306 1876 2469 1955 ταύτῃ
2500 1879 2772 1957 σοφιστῶν,
2804 1877 2977 1934 ὅντινα
3016 1875 3247 1954 μάλιστα
3276 1877 3340 1949 δὴ
3372 1883 3528 1937 αὑτοῦ

1969 1965 2231 2045 ἀκράτορα
2280 1964 2616 2043 Μεγασθένης
2652 1962 2956 2044 ἀνέγραψεν·
2999 1964 3183 2031 αὐτούς
3209 1988 3266 2024 τι
3293 1965 3410 2032 τοὺς
3437 1989 3533 2026 σο·-

1971 2052 2154 2133 φιστὰς
2185 2053 2351 2130 λέγειν
2378 2051 2679 2121 κακίζοντας
2709 2051 2797 2109 τὸν
2830 2050 3092 2123 Κάλανον,
3130 2051 3210 2110 ὅτι
3254 2051 3528 2112 ἀπολιπὼν

1971 2141 2066 2210 τὴν
2110 2138 2254 2220 παρὰ
2297 2138 2469 2219 σφίσιν
2510 2138 2858 2214 εὐδαιμονίαν,
2899 2143 2926 2196 ὁ
2970 2138 3025 2196 δὲ
3068 2139 3326 2210 δεσπότην
3373 2140 3530 2199 ἄλλον

1971 2223 2005 2296 ἢ
2035 2225 2122 2284 τὸν
2159 2228 2271 2285 θεὸν
2314 2225 2610 2304 ἐθεράπευε.
2638 2228 2725 2284 Cf.
2752 2227 3029 2283 Palladius
3054 2230 3138 2283 De
3166 2230 3533 2284 Brachmani«

1966 2316 2072 2370 bus
2090 2335 2149 2389 p.
2176 2335 2248 2371 20
2271 2334 2354 2389 sq.
2388 2327 2443 2370 et
2464 2315 2791 2371 Ambrosius
2812 2318 2896 2371 De
2922 2315 3175 2370 moribus
3196 2316 3528 2375 Brachman.

1967 2422 2023 2475 p.
2051 2403 2125 2458 68
2144 2422 2227 2476 sq.
2252 2403 2344 2462 ed.
2371 2403 2599 2458 Londin
2633 2402 2809 2472 16683
2835 2403 3402 2459 Pseudocallisthenes
3423 2403 3529 2472 111,

1970 2490 2001 2545 5
2031 2508 2155 2564 sqq.

1979 2658 2101 2720 parti
2121 2658 2403 2720 imperaret,
2428 2669 2519 2708 nec
2541 2670 2593 2706 se
2613 2657 2743 2706 illius
2768 2657 2895 2707 dona
2922 2656 3191 2719 requirere,
3215 2657 3298 2719 qui
3326 2657 3533 2706 saturari

1977 2750 2073 2785 non
2093 2739 2248 2799 posset
2261 2753 2276 2797 ;
2310 2749 2398 2785 nec
2419 2735 2561 2785 minis
2582 2734 2747 2784 tta-reri
2760 2771 2776 2796 ‚
2797 2749 2946 2797 quum
2974 2736 3141 2784 vivens
3162 2736 3279 2784 satis
3301 2736 3364 2785 ab
3398 2735 3532 2784 india

1974 2816 2233 2876 nutriatur,
2256 2816 2477 2864 mortuus
2494 2827 2611 2864 vero
2628 2814 2690 2863 ab
2719 2814 2883 2863 attrita
2900 2812 2999 2875 jam
3031 2814 3164 2864 senio
3195 2827 3338 2863 carne
3358 2814 3529 2863 libere·

1975 2893 2076 2953 tur,
2096 2893 2145 2941 in
2182 2891 2429 2941 meliorem
2452 2891 2785 2954 purioremque
2804 2891 2954 2940 vitam
2992 2890 3345 2952 transmigrans.
3412 2894 3529 2941 Pro·

1979 2972 2084 3033 pter
2107 2970 2211 3019 liaec
2231 2967 2551 3019 Alexandrum
2570 2982 2678 3019 eum
2700 2968 2919 3017 laudasse
2938 2971 2987 3018 et
3009 2967 3200 3017 cessisse
3217 2968 3278 3016 ei.

2045 3134 2209 3186 Noluit
2229 3132 2496 3184 Alexander
2516 3132 2784 3183 Dandamin
2804 3131 3006 3181 invitum
3024 3144 3217 3193 cogere,
3238 3129 3368 3193 quod
3403 3130 3532 3193 inge·

1980 3224 2129 3260 nuum
2146 3211 2389 3261 hominem
2407 3224 2507 3260 esse
2524 3210 2829 3272 intelligeret;
2851 3210 3027 3259 calano
3040 3211 3200 3258 tamen
3222 3206 3506 3270 persuasisse
3517 3244 3532 3268 ,

1979 3303 2078 3339 uno
2092 3304 2150 3340 ex
2166 3290 2302 3339 istius
2314 3289 2408 3339 loci
2419 3289 2658 3353 sophistiS,
2673 3302 2817 3351 quem
2830 3301 2943 3338 vero
2959 3287 3151 3337 minime
3168 3287 3241 3337 sui
3257 3289 3528 3350 compotem

1979 3380 2082 3417 ease
2105 3367 2274 3430 reliqui
2294 3367 2518 3429 sophistae
2540 3366 2788 3425 dicebant,
2820 3365 2891 3415 uti
2922 3365 3245 3427 Megasthenes
3263 3365 3433 3425 rel'est,
3461 3368 3532 3414 at-

1980 3458 2075 3508 que
2096 3446 2457 3509 vituperabant,
2485 3444 2646 3508 quod,
2680 3445 2845 3494 relicta
2869 3457 2966 3506 qua
2999 3443 3122 3505 apud
3150 3443 3274 3505 ipsos
3302 3444 3394 3492 frui
3419 3442 3529 3493 lice·

1980 3524 2064 3573 bat
2083 3524 2305 3574 felicitate
2322 3560 2336 3584 ,
2359 3524 2506 3573 alium
2521 3523 2769 3573 dominum
2794 3536 2939 3582 quam
2957 3521 3099 3571 deam
3120 3522 3313 3570 coleret.

3349 3612 3377 3647 ο
