4016 5916
682 422 1337 485 COLOPHONlORUM
1361 471 1378 499 ,
1422 425 1886 501 MAGNETUM,
1930 434 2414 501 MlLESIORUM
2457 444 2621 505 ETC.
2670 449 3170 515 RESPUBLICAE.

318 553 616 622 ἐννοηθεῒσα
661 555 732 618 ὡς
781 552 940 611 δεινὸν
984 551 1129 634 ἔργον
1172 553 1441 635 δεδράκοι,
1482 555 1571 614 καὶ
1613 556 1782 625 ἄλλως
1817 558 1871 617 δὲ

322 638 548 718 ιιαομένη
577 642 782 720 σφοδρῷ
796 638 950 719 ἔρωτι
972 647 1060 699 τοῦ
1086 642 1287 714 παιδὸς,
1304 644 1504 725 ἀναρτᾷ
1524 645 1731 716 ἑαυτήν.
1755 645 1869 707 Φό·

318 728 428 794 Sto<
456 725 633 805 μέντοι
657 723 744 784 διὰ
771 725 966 798 ταύτην
997 724 1089 797 τὴν
1125 726 1296 785 αἰτίαν
1318 730 1387 796 ὡς
1416 729 1603 809 ἐναγὴς
1634 730 1874 812 παρεχώ-

240 884 246 890 .
314 836 442 893 ρησε
470 812 692 893 Φρυγίῳ
708 816 800 884 τῆς
826 814 1009 892 ἀρχῆς.
1028 811 1274 895 Ἔφασαν
1300 813 1359 873 δέ
1378 839 1538 888 τινες,
1554 820 1611 876 οὗ
1626 818 1871 899 πέρδικα,

310 905 498 967 σκεῦος
538 899 594 960 δὲ
634 906 863 980 χρυσοῦν
908 903 979 968 εἷς
1015 901 1074 969 τὸ
1110 900 1274 984 φρέαρ
1317 902 1630 980 βεδλῆσθαι,
1666 909 1735 973 ὡς
1779 906 1870 965 καὶ

317 984 639 1069 Ἀλέξανδρος
662 992 689 1046 ὁ
718 988 949 1055 Αἰτωλὸς
978 987 1262 1066 μέμνηται.

393 1076 562 1149 Quod
608 1078 864 1151 sequitur
922 1076 1298 1153 fragmentum
1347 1081 1650 1138 Alexandri
1696 1084 1871 1140 AEtoli

312 1164 645 1220 illustratum
680 1164 851 1220 habes
883 1182 915 1220 a
951 1165 1216 1222 Jacobsio
1244 1169 1304 1224 in
1330 1169 1563 1226 Anthol.
1601 1169 1699 1227 Gr.
1728 1181 1866 1225 tom.

315 1253 436 1317 VII,
450 1270 508 1325 p.
527 1250 661 1325 239,
680 1252 827 1307 Bach
842 1252 899 1306 in
914 1251 1254 1325 Zeitschrist.
1272 1251 1321 1321 fi
1348 1258 1463 1311 Alc.
1483 1287 1561 1298 —
1579 1257 1673 1313 W.
1698 1256 1865 1328 1837,

315 1341 388 1394 ΝΟ
418 1345 448 1404 l.
470 1359 516 1396 1.
556 1342 642 1395 De
686 1337 1045 1395 Antheadum
1070 1340 1278 1398 familia
1298 1342 1369 1400 cf.
1394 1343 1618 1399 Miiller.
1650 1345 1786 1400 Dor.
1818 1348 1865 1415 1,

308 1442 370 1497 p.
409 1424 535 1484 108.
567 1427 705 1482 Cum
726 1426 946 1482 Phobio
966 1438 1161 1483 nostro
1182 1428 1253 1483 cf.
1283 1429 1540 1484 Phobum
1562 1426 1869 1486 Codridam

310 1512 726 1569 Phocaeensium
751 1532 941 1589 regem
966 1515 1027 1571 in
1055 1516 1325 1573 Charonis
1347 1517 1418 1571 fr.
1448 1517 1503 1575 6.

1025 1636 1156 1676 200.

390 1723 687 1779 Athenaeus
716 1725 855 1793 XII,
876 1736 938 1797 p.
966 1721 1102 1794 523,
1130 1725 1176 1779 E
1201 1741 1217 1780 ·.
1240 1720 1331 1788 Ὡς
1353 1722 1400 1780 δ’
1418 1722 1732 1803 ὑπήχθησαν
1762 1730 1864 1801 (sc.

306 1811 357 1865 οἱ
396 1808 682 1887 Μιλήσιοι)
717 1811 875 1889 ἡδονῇ
903 1807 995 1868 καὶ
1022 1813 1189 1890 τρυφῇ
1211 1853 1227 1882 ,
1264 1809 1524 1891 κατερρύη
1548 1811 1608 1870 τὸ
1645 1816 1735 1883 τῆς
1768 1812 1863 1871 πό·

301 1898 435 1962 λεως
472 1896 724 1976 ἀνδρεῖον,
757 1897 911 1978 φησὶν
940 1895 1297 1975 Ἀριστοτέλης
1317 1943 1333 1972 ,
1360 1897 1451 1956 καὶ
1483 1897 1741 1979 παροιμία
1782 1924 1856 1967 τις

306 1982 556 2059 ἐγεννήθη
585 1982 668 2040 ἐπ’
691 1986 889 2041 αὐτῶν·
912 1985 1096 2043 Πάλαι
1123 1986 1240 2063 ποτ’
1270 1975 1403 2054 ἦσαν
1441 1984 1656 2063 ἄλκιμοι
1686 1986 1859 2057 Μιλή-

306 2092 425 2127 σιοι.
440 2072 650 2128 Eadem
664 2091 731 2128 ex
748 2075 1015 2131 Athenaeo
1029 2073 1280 2129 Eustath.
1302 2074 1589 2150 mimis,
1611 2095 1670 2149 p.
1698 2096 1718 2131 1
1733 2076 1865 2147 358,

306 2158 362 2217 5.
390 2160 524 2231 Quae
560 2160 895 2216 antecedunt
931 2178 1024 2236 ap.
1054 2161 1387 2217 Athenaeum
1413 2161 1529 2217 vid.
1562 2165 1620 2217 in
1648 2164 1862 2237 Ephor.

298 2247 378 2302 fr.
413 2265 510 2321 9²·

987 2340 1176 2420 [σοι]

388 2446 654 2516 [Aristot.
700 2446 824 2502 Pol.
867 2448 929 2515 1,
960 2452 1016 2516 4,
1058 2445 1091 2503 5
1127 2466 1141 2503 :
1180 2436 1307 2527 Οἶον
1334 2444 1509 2505 καὶτὸ
1541 2445 1738 2508 Θάλεω
1771 2453 1860 2506 τοῦ

298 2529 597 2602 Μιλησίου·
625 2535 777 2591 τοῦτο
805 2530 906 2612 γάρ
935 2533 1047 2590 ἐστι
1081 2532 1392 2611 κατανόημά
1420 2556 1472 2591 τι
1506 2557 1860 2613 χρηματιστι-

302 2618 415 2691 κὸν,
441 2618 557 2677 ἀλλ’
584 2619 762 2700 ἐκείνῳ
778 2619 871 2696 μὲν
898 2618 982 2678 διὰ
1001 2616 1094 2691 τὴν
1115 2620 1296 2702 σοφίαν
1321 2620 1712 2701 προσάπτουσι,
1735 2645 1861 2702 τυγ-

295 2705 454 2784 ι,ι’άνει
491 2703 547 2764 δὲ
582 2705 805 2765 καθόλου
842 2730 892 2766 τι
927 2705 1004 2767 ὄν.
1047 2706 1430 2778 Ὀνειδιζόντων
1459 2706 1560 2787 γὰρ
1596 2710 1738 2790 αὐτῷ
1775 2707 1858 2766 διὰ

308 2790 405 2863 τὴν
430 2791 611 2851 πενίαν
636 2796 709 2861 ὡς
736 2794 1026 2873 ἀνωφελοῦς
1043 2798 1134 2866 τῆς
1157 2796 1458 2878 φιλοσοφίας
1482 2794 1639 2867 οὔσης
1656 2843 1673 2874 ,
1696 2818 1864 2854 κατα-

304 2879 568 2952 νοήσαντά
607 2903 766 2964 φασιν
804 2880 959 2942 αὐτὸν
998 2883 1186 2942 ἐλαιῶν
1215 2881 1376 2968 φορὰν
1408 2880 1659 2961 ἓσομένην
1686 2885 1745 2942 ἐκ
1772 2888 1863 2955 τῆς

302 2971 674 3050 ἀστρολογίας,
710 2968 787 3029 ἔτι
826 2974 1083 3050 χειμῶνος
1113 2972 1286 3050 ὄντος,
1328 2972 1687 3052 εὐπορήσαντα
1724 2995 1862 3052 χρη-

304 3056 490 3133 μάτων
518 3056 705 3134 ὀλίγων
735 3057 1040 3140 άρραὸῶνας
1081 3061 1344 3118 διαδοῦναι
1382 3063 1485 3118 τῶν
1523 3058 1857 3137 ἐλαιουργίων

299 3148 405 3202 τῶν
432 3147 478 3203 τ’
505 3146 556 3202 ἐν
589 3145 811 3227 Μιλήτῳ
845 3145 935 3204 καὶ
962 3145 1080 3226 Χίῳ
1115 3148 1345 3222 πάντων,
1379 3146 1551 3224 ὀλίγου
1595 3143 1860 3223 μισθωσά-

298 3255 481 3309 μενον,
523 3230 604 3311 ἅτ’
644 3233 845 3300 οὐθενὸς
872 3233 1238 3301 ἔπιὸάλλοντος
1261 3257 1276 3271 ·
1305 3234 1483 3303 ἐπειδὴ
1528 3235 1575 3292 δ’
1613 3238 1640 3292 ὁ
1682 3232 1858 3310 καιρὸς

298 3312 432 3396 ἧκε,
476 3321 681 3379 πολλῶν
729 3319 1051 3397 ζητουμένων
1105 3319 1215 3398 ἅμα
1260 3323 1348 3379 καὶ
1400 3320 1667 3401 ἐξαίφνης,
1700 3322 1851 3395 ἐκμι-

303 3491 407 3550 lpsa
421 3501 535 3538 vero
551 3487 715 3538 animo
729 3487 929 3539 volvens
947 3500 1093 3551 quam
1111 3499 1255 3550 grave
1276 3487 1506 3550 flagitium
1521 3490 1852 3551 perpetrasset,

298 3567 447 3627 atque
464 3563 580 3614 alias
591 3566 735 3615 etiam
754 3564 1027 3615 vehementi
1041 3563 1354 3615 adolescentis
1371 3577 1535 3614 amore
1552 3564 1752 3627 flagrans
1770 3600 1786 3627 ,
1800 3576 1852 3614 se

300 3642 449 3703 ipsam
462 3641 722 3704 suspendit.
743 3645 889 3691 Porro
903 3641 1112 3691 Phobius
1123 3641 1187 3690 ob
1204 3641 1402 3691 eandem
1419 3654 1610 3690 causam
1623 3644 1851 3704 tanquam

300 3719 524 3768 scelestus
550 3719 753 3781 Phrygio
776 3731 975 3781 regnum
1000 3718 1159 3768 cessit.
1188 3718 1426 3768 Dixerunt
1443 3720 1605 3768 autem
1630 3718 1848 3768 nonnulli

298 3810 393 3845 non
416 3795 654 3858 perdicem
666 3829 683 3856 ,
700 3794 784 3844 sed
803 3796 1054 3845 vasculum
1073 3808 1275 3846 aureum
1291 3796 1340 3845 iu
1357 3798 1557 3860 puteum
1584 3796 1851 3858 projectum

300 3875 467 3936 (uiae,
490 3877 546 3923 ut
570 3872 841 3924 Alexander
865 3875 1075 3925 AEtolus.

359 4052 523 4104 Milesii
548 4055 804 4118 postquam
820 3974 1147 4118 voluptagtgous
1172 4056 1221 4104 et
1242 4052 1445 4104 luxuriae
1462 4051 1847 4114 succubuerunt,

291 4133 574 4180 enervatum
601 4130 809 4181 concidit
822 4132 1026 4181 civitatis
1042 4131 1205 4198 robur,
1222 4130 1350 4180 utait
1370 4128 1660 4189 Aristoteles,
1677 4129 1726 4177 et
1739 4141 1852 4177 ena-

294 4208 400 4256 tum
415 4206 464 4256 in
477 4220 558 4258 eos
571 4210 644 4258 est
661 4209 966 4270 proverbium
991 4231 1002 4258 ι
1026 4212 1201 4260 Fortes
1213 4206 1572 4269 olimfuerunt
1588 4205 1797 4256 Milesii.

357 4381 632 4443 eujusmodi
651 4384 723 4433 est
749 4383 895 4432 etiam
916 4383 1032 4433 illud
1052 4382 1261 4432 Thaletis
1288 4380 1455 4431 Milesii
1482 4398 1496 4429 ι
1522 4392 1635 4428 nam
1656 4378 1749 4427 hoc
1778 4378 1848 4426 in·

294 4463 491 4510 ventum
526 4461 773 4524 quoddam
804 4465 1000 4512 acutum
1035 4465 1109 4511 est
1155 4460 1217 4511 ad
1253 4461 1504 4523 pecuniam
1537 4456 1846 4521 quaerendam

288 4538 743 4600 accommodatum,
771 4552 1047 4601 quanquam
1074 4538 1142 4588 ini
1162 4537 1356 4601 quidem
1375 4536 1422 4586 ld
1442 4539 1635 4600 propter
1661 4535 1845 4597 sapien·

297 4616 411 4665 tiam
430 4617 718 4667 attribuunt.
739 4621 899 4676 Quum
913 4617 1042 4667 enim
1055 4617 1100 4668 ei
1118 4619 1447 4681 paupertatem
1462 4616 1581 4664 vitio
1602 4616 1842 4664 verterent

291 4697 440 4756 atque
455 4695 829 4757 exprobrarent,
842 4698 1074 4759 tanquam
1088 4695 1334 4759 sapientiai
1350 4693 1565 4744 studium
1576 4692 1742 4743 inutile
1755 4693 1842 4755 sit,

293 4769 429 4817 aiunt
445 4782 558 4820 eum
570 4808 587 4833 ‚
606 4783 761 4834 quum
786 4783 848 4821 ex
866 4775 1118 4838 astrologia
1137 4775 1442 4824 intellexisset
1458 4773 1672 4822 olearum
1703 4770 1839 4820 uber·

210 4891 221 4900 .
298 4852 443 4901 tatem
475 4851 606 4910 sore,
644 4847 801 4898 hieme
832 4851 1043 4901 noudum
1067 4855 1263 4911 exacta,
1288 4863 1551 4914 paucorum
1582 4860 1841 4898 numorum

288 4928 429 4990 copia
465 4929 783 4993 instructum,
819 4942 986 4980 omnes
1023 4930 1175 4979 molas
1209 4932 1259 4979 et
1287 4928 1433 4977 cellas
1457 4926 1699 4985 oleat-eas,
1731 4937 1842 4987 quae

298 5005 442 5054 Mileti
478 5009 527 5055 et
562 5005 611 5054 in
646 5006 769 5055 chio
800 5009 981 5068 essent,
1010 5005 1134 5055 datis
1168 5003 1516 5054 arrhabonibus
1550 5015 1698 5065 parvo
1723 5015 1837 5051 con·

289 5081 508 5142 duxisse,
522 5081 700 5145 quippe
720 5096 869 5144 quum
886 5083 1090 5131 licitator
1105 5081 1294 5141 nullus,
1318 5080 1401 5142 qui
1421 5078 1688 5129 mercedem
1704 5091 1840 5141 auge·

288 5164 381 5220 ret,
401 5161 673 5209 exstitisset.
696 5160 785 5209 Ubi
799 5164 960 5210 autem
973 5163 1162 5223 tempus
1178 5160 1325 5220 venit,
1345 5171 1496 5220 quum
1516 5158 1681 5206 multae
1693 5156 1835 5206 simul

290 5241 339 5286 et
362 5238 519 5287 subito
556 5236 891 5300 quaererentur
922 5237 1092 5301 molae,
1114 5237 1314 5287 illls'suo
1343 5234 1574 5284 arbitratu
1594 5237 1641 5284 et
1667 5234 1838 5297 quanti

3353 444 3362 453 ’
3419 475 3525 526 165

1966 569 2182 625 σθοῧντα
2225 566 2282 624 ὃν
2320 570 2508 649 τρόπον
2537 574 2820 651 ἠθούλετο,
2861 583 3034 642 πολλὰ
3060 586 3312 665 χρήματα
3343 595 3525 653 συλλέ-

1967 649 2125 719 ξαντα
2156 656 2433 732 ἕπιδεῖξαι,
2461 657 2540 718 ὅτι
2574 664 2749 743 ῥᾴδιόν
2777 669 2886 726 ἐστι
2912 673 3152 731 πλουτεῖν
3180 685 3284 744 τοῖς
3354 682 3521 740 ιλοσό·

1964 760 2098 895 gog,
2135 739 2197 799 ἂν
2234 746 2558 823 βούλωνται,
2592 753 2708 811 ἀλλ’
2731 755 2788 813 οὗ
2817 759 2952 816 τοῦτ’
2982 760 3091 819 ἐστὶ
3119 764 3238 844 περὶ
3269 788 3297 823 ο
3359 790 3521 828 σπου-

1997 849 2029 883 α
2062 848 2222 888 ουσιν.

2040 917 2128 974 Id.
2155 920 2234 976 ib.
2267 924 2335 996 V,
2366 930 2396 990 4
2412 967 2428 995 ,
2447 924 2479 982 5
2509 946 2525 983 t
2556 925 2857 1007 Ἔγίγνοντο
2883 931 2937 992 δὲ
2962 936 3255 1016 τυραννίδες
3272 939 3518 1023 πρότερον

1963 1002 2162 1077 μᾶλλον
2192 1003 2226 1073 ἢ
2256 1011 2343 1064 νῦν
2370 1009 2461 1067 καὶ
2494 1011 2577 1070 διὰ
2608 1013 2667 1073 τὸ
2691 1017 2925 1096 μεγάλας
2953 1021 3118 1102 α’ρχὰς
3147 1027 3519 1107 ἐγγειρίζεσθαί

1960 1110 2113 1159 τισιν,
2156 1090 2332 1199 ὥσπερ
2374 1098 2428 1154 ἐν
2466 1100 2692 1183 Μιλήτῳ
2735 1106 2795 1162 ἐκ
2821 1110 2912 1178 τῆς
2938 1093 3280 1190 πρυτανείας·
3310 1119 3518 1177 πολλῶν

1958 1461 2178 1511 στηςμτ.
2212 1447 2378 1506 Arist.
2401 1450 2487 1519 11,
2519 1449 2572 1521 5,
2607 1454 2751 1511 1—5
2768 1475 2785 1525 ;
2815 1455 2887 1513 de
2906 1460 3125 1518 Telecle
3152 1465 3393 1543 Milesio,
3417 1470 3516 1542 qui

1958 1530 2090 1584 item
2119 1532 2397 1592 Πολιτείαν
2425 1540 2661 1613 scripsit,
2695 1561 2753 1597 v.
2777 1543 2853 1600 id.
2883 1546 2982 1616 IV,
3021 1566 3111 1619 11,
3139 1549 3191 1608 3.

2544 1698 2925 1778 ΠΑΣΕΩΝᾼ

2632 1863 2736 1901 201
2772 1865 2824 1903 a·

2035 1975 2220 2034 Schol.
2252 1982 2389 2035 Ven.
2418 1982 2487 2039 11.
2518 1984 2578 2039 Β.
2614 1948 2723 2041 i26
2760 2005 2774 2043 ε
2807 1983 2960 2053 Ἔθος
2988 1987 3227 2057 πλείονας
3251 1995 3351 2050 τῶν
3384 1993 3510 2053 δέκα

1957 2058 2030 2132 μὴ
2046 2063 2343 2137 συνεσθίειν,
2366 2068 2434 2132 ὡς
2458 2067 2546 2125 καὶ
2575 2069 2932 2149 Ἀριστοτέλης
2955 2077 3007 2133 ἐν
3036 2078 3346 2147 Πολιτείαις.
3378 2086 3511 2141 Haec

1954 2150 2026 2203 ad
2056 2152 2356 2210 Iasensium
2383 2159 2586 2233 Remp.
2619 2161 2790 2216 refert
2821 2162 3093 2237 Grashof.,
3129 2181 3367 2243 propter
3395 2173 3513 2228 He-

1952 2238 2176 2294 raclidis
2195 2241 2412 2298 Pontici
2432 2244 2501 2299 fr.
2534 2245 2626 2319 39.

2529 2413 2921 2497 [KNIAIQN]

2638 2552 2828 2633 [ποι]

2030 2700 2281 2777 [Aristot.
2302 2705 2424 2760 Pol.
2447 2708 2522 2773 V,
2553 2705 2614 2774 5,
2648 2705 2678 2761 3
2709 2726 2723 2765 ε
2760 2704 3036 2766 Μετέὸαλε
3060 2705 3114 2767 δὲ
3138 2709 3228 2770 καὶ
3254 2712 3305 2769 έν
3329 2710 3503 2793 Κνίδῳ

1950 2790 1982 2857 ἠ
2008 2788 2290 2867 ὀλιγαρχία
2307 2835 2323 2866 ,
2351 2791 2745 2850 στασιασάντων
2765 2794 2868 2850 τῶν
2889 2791 3163 2873 γνωρίμων
3184 2797 3352 2855 αὐτῶν
3376 2798 3504 2877 πρὸς

1950 2871 2149 2946 αὖτοὺς,
2171 2876 2255 2933 διὰ
2278 2876 2336 2935 τὸ
2365 2876 2566 2954 ὀλίγους
2592 2876 2854 2960 μετέχειν,
2877 2879 2997 2953 καὶ,
3017 2882 3252 2963 καθάπερ
3274 2882 3500 2965 εἴρηται,

1901 2989 1907 3004 ·
1948 2966 1993 3020 εἰ
2020 2964 2219 3043 πατὴρ,
2250 2965 2360 3024 υἱὸν
2389 2965 2462 3043 μὴ
2488 2965 2757 3046 μετέχειν,
2792 2969 2917 3046 μηδ’
2945 2972 2989 3028 εἰ
3017 2971 3225 3039 πλείους
3254 2973 3465 3054 ἀδελφοὶ
3482 3019 3499 3047 ,

1949 3053 2067 3111 ἀλλ’
2091 3049 2127 3124 ἢ
2151 3041 2237 3111 τδν
2258 3053 2644 3136 πρεσὸύτατον·
2667 3056 3042 3134 ἐπιλαὸόμενος
3067 3057 3167 3139 γὰρ
3196 3062 3499 3129 στασιαζόν·

1946 3164 2048 3198 των
2077 3143 2105 3199 ὃ
2142 3141 2304 3217 δῆμος
2330 3141 2419 3200 καὶ
2445 3140 2623 3201 λαὸὼν
2654 3142 2951 3224 προστάτην
2988 3147 3048 3203 ἐκ
3070 3149 3173 3204 τῶν
3198 3148 3497 3228 γνωρίμων,

1948 3229 2242 3304 ἐπιθέμενος
2264 3229 2573 3309 ἐκράτησεν·
2597 3229 2804 3297 ἀσθενὲς
2827 3231 2928 3312 γὰρ
2951 3232 3009 3291 τὸ
3033 3235 3363 3316 στασιάζον]

2022 3320 2210 3375 Alium
2232 3319 2302 3374 de
2332 3320 2543 3375 Cnidiis
2561 3322 2750 3376 locum
2792 3321 2897 3398 (V,
2924 3322 2988 3393 5,
3032 3321 3132 3402 11)
3157 3343 3210 3379 v.
3254 3325 3325 3384 fr.
3362 3335 3492 3397 174.

1944 3485 2118 3547 vellet,
2144 3485 2370 3547 elocatis‚
2390 3486 2568 3535 multas
2589 3487 2815 3548 pecunias
2837 3488 3043 3550 coegisse
3063 3491 3209 3550 atque
3234 3488 3301 3538 ita
3333 3495 3495 3539 osteu-

1943 3562 2068 3611 disee
2085 3599 2100 3624 ,
2119 3561 2257 3611 facile
2280 3575 2381 3612 osse
2407 3561 2726 3625 philosophis,
2749 3563 2790 3612 si
2815 3564 2993 3626 velint,
3012 3563 3242 3615 ditescere
3263 3585 3276 3616 x
3297 3566 3382 3616 sed
3402 3567 3495 3616 hoe

1942 3654 2042 3691 non
2064 3654 2166 3692 esse
2184 3640 2259 3704 id,
2289 3641 2339 3691 in
2373 3641 2502 3705 quod
2527 3641 2740 3691 studium
2758 3655 2898 3692 suum
2919 3643 3182 3693 eont'erant.

2004 3715 2309 3768 exsistebant
2341 3718 2616 3782 tyrannides
2641 3722 2784 3769 antea
2804 3720 2954 3782 magis
2975 3732 3121 3782 quam
3156 3734 3313 3784 nunc,
3347 3724 3492 3773 etiam

1943 3795 2056 3858 quia
2093 3808 2266 3858 magna
2301 3795 2498 3858 imperia
2534 3796 2677 3868 certis
2717 3795 2989 3845 hominibus
3024 3797 3337 3848 tradebantur
3374 3820 3388 3850 ι
3433 3805 3492 3851 ut

1942 3876 2090 3925 Mileti
2114 3874 2326 3939 tyrannis
2342 3888 2406 3926 ex
2434 3875 2651 3938 prytanis
2680 3875 2806 3924 sacta
2824 3878 2897 3925 est
2926 3895 2940 3925 ε
2977 3876 3239 3926 multarum
3268 3879 3398 3929 enim
3429 3883 3482 3929 et

1942 3967 2225 4018 magnarum
2242 3967 2404 4004 rerum
2421 3967 2566 4018 penes
2587 3954 2826 4017 prytanim
2858 3957 3066 4016 potestas
3086 3958 3206 4005 erat.

2449 4077 2965 4157 (msENsmM.)

2609 4209 2708 4261 201
2751 4219 2802 4260 8.

1996 4327 2100 4374 Mos
2121 4328 2225 4376 erat
2263 4326 2281 4387 (
2300 4323 2447 4389 apud
2470 4325 2731 4386 Iasenses)
2765 4339 2862 4376 nou
2903 4327 3030 4376 ultra
3055 4331 3222 4378 decem
3259 4329 3483 4379 convitio

1934 4404 2186 4464 adhibere,
2203 4406 2258 4453 ut
2282 4403 2556 4454 Aristoteles
2572 4402 2622 4452 in
2640 4402 2824 4454 Politiis
2845 4404 2929 4453 ait.

2448 4514 2968 4595 [ammonuit]

2618 4644 2803 4716 1202.]

1991 4763 2194 4828 [Mutata
2207 4755 2351 4814 etiam'
2363 4764 2411 4814 iu
2427 4764 2578 4815 Cnido
2592 4764 2849 4827 oligarchia
2860 4767 2949 4829 est,
2962 4762 3028 4829 q‘u
3035 4781 3115 4816 um
3129 4768 3384 4831 optimates
3392 4771 3479 4834 ipsi

1928 4843 2055 4891 iuter
2074 4854 2126 4891 se
2142 4839 2445 4891 dissedissent
2459 4878 2475 4902 ‚
2501 4843 2753 4905 propterea
2782 4842 2912 4905 quod
2931 4844 3072 4906 pauci
3097 4845 3374 4908 reipublicoe
3392 4850 3478 4898 ad·

1928 4919 2288 4970 ministrationis
2305 4919 2558 4982 participes
2573 4923 2710 4969 erant
2730 4939 2744 4971 ι
2763 4923 2840 4982 et,
2864 4921 3274 4984 quemadmodum
3293 4926 3476 4977 dietum

1928 5001 2031 5059 est,
2064 4997 2106 5047 si
2136 4998 2273 5060 pater
2305 4997 2634 5059 magistratum
2666 4996 2939 5060 obtinebat,
2977 4999 3106 5050 tilius
3135 5013 3166 5050 a
3191 5002 3474 5065 magistratu

1927 5075 2303 5137 excludebatur3
2323 5079 2372 5126 et
2398 5076 2435 5126 si
2465 5076 2622 5140 plures
2647 5076 2815 5127 fratres
2837 5080 3000 5142 erant,
3024 5079 3111 5129 soli
3127 5083 3244 5129 natu
3264 5081 3474 5132 maximo

1928 5153 2158 5204 aditusad
2172 5153 2475 5217 magistratus
2493 5153 2702 5217 patebat.
2719 5156 2841 5204 Nam
2859 5169 3012 5218 quum
3026 5158 3229 5219 populus
3250 5170 3332 5208 eos
3350 5158 3474 5208 inter

1928 5247 1979 5283 se
2006 5230 2288 5281 dissidentes
2303 5233 2609 5294 occupasset,
2626 5233 2674 5281 et
2691 5245 2754 5282 ex
2767 5232 3069 5295 optimatium
3085 5247 3286 5286 numero
3299 5233 3472 5284 ducem
