4016 5916
465 399 574 449 112

459 523 519 575 in
555 521 756 576 tabulis
783 517 1118 593 quibusdam
1144 518 1529 574 inscribendos
1567 517 1732 573 fuisse
1772 516 2002 585 volunt,

458 610 565 664 hac
589 609 660 663 de
685 625 748 663 re
763 648 779 676 ,
803 625 978 681 quum
1004 616 1218 661 veteres
1236 606 1580 679 probatique
1602 615 1761 660 testes
1782 604 2004 670 sileant,

460 695 625 750 nobis
645 712 765 749 non
786 695 917 748 satis
945 694 1164 766 liquere
1189 691 1540 766 profitemur.
1591 716 1616 743 n
1648 691 1732 749 Cf.
1766 690 2008 746 eundem

462 778 894 837 Schoemannum
917 781 957 835 1.
991 781 1033 835 l.
1064 798 1124 854 p.
1171 778 1299 853 198.

1188 923 1277 961 20.

541 1041 1027 1114 Harpocrationv.
1056 1039 1383 1119 Περίπολοςε
1414 1034 1764 1117 Ἀριστοτέλης
1787 1039 1837 1095 ἐν
1868 1035 2011 1106 Ἀθη-

463 1123 619 1183 ναίων
642 1123 876 1204 πολιτεία
904 1125 1022 1204 περὶ
1049 1128 1150 1183 τῶν
1179 1123 1386 1207 ἐφήὸων
1408 1123 1574 1203 λέγων
1617 1122 1771 1204 φησὶν
1812 1121 2004 1189 οὕτως·

465 1211 615 1271 -Τὸν
636 1210 868 1290 δεύτερον
897 1211 1126 1270 ἐνιαυτὸν
1145 1211 1422 1284 ἐκκλησίας
1446 1213 1499 1271 ἐν
1525 1215 1599 1292 τῷ
1624 1210 1824 1291 θεάτρῳ
1858 1232 2006 1288 γενο-

465 1298 618 1374 μένης
651 1296 1020 1374 ἀποδεξάμενοι
1057 1301 1134 1378 τῷ
1173 1296 1327 1378 δήμῳ
1371 1298 1491 1377 περὶ
1534 1301 1684 1376 (lege
1723 1297 1868 1377 παρὰ
1915 1302 2005 1356 τοῦ

464 1384 632 1462 δήμου
664 1405 735 1443 ex
765 1386 960 1460 Snida)
992 1383 1084 1451 τὰς
1106 1382 1278 1452 τάξεις
1302 1383 1393 1443 και
1417 1383 1659 1450 λαὸόντες
1687 1384 1886 1443 ἀσπίδα
1912 1407 2003 1442 και

464 1472 586 1551 δόρυ
615 1468 761 1549 παρὰ
788 1475 877 1528 τοῦ
901 1470 1070 1549 δήμου
1098 1472 1433 1549 περιπολοῧσι
1459 1470 1555 1541 τὴν
1577 1471 1757 1552 χώραν
1784 1469 1875 1530 καὶ
1905 1471 2014 1528 δια-

467 1557 729 1636 τρίὸουσιν
773 1557 826 1615 ἐν
865 1559 973 1624 τοῖς
1006 1556 1446 1637 φυλακτηρίοις.
1421 1556 1889 1663 »Παρατηρητέον
1923 1549 2011 1616 οὖν

466 1652 542 1707 ὅτι
595 1642 689 1720 μὲν
730 1648 759 1701 6
802 1643 1167 1725 Ἀριστοτέλης
1212 1644 1305 1703 ἕνα
1351 1644 1557 1726 φησιν
1534 1645 1764 1704 ενιαυτὸν
1810 1646 1863 1704 ἐν
1907 1647 2012 1712 τοῖς

463 1730 761 1810 περιπόλοις
776 1729 1008 1810 γίνεσθαι
1030 1730 1148 1799 τους
1177 1731 1415 1812 ἔφηὸους,
1439 1731 1534 1791 ὅδὲ
1562 1732 1816 1812 Αἰσχίνης
1841 1732 2010 1813 (Περὶ

463 1816 800 1896 παραπρεσό.
824 1821 858 1895 5
882 1821 1020 1897 ι67)
1048 1818 1156 1880 δύο.

543 1905 753 1962 Eadem
788 1908 985 1963 Suidas
1026 1918 1082 1964 et
1106 1909 1356 1967 Photius.
1404 1909 1589 1966 Verba
1640 1907 2011 1985 ἀποδεξάμενοι

490 1990 727 2059 ..τάξεις
746 1992 837 2050 καὶ
865 1995 1047 2050 οιιιιιι.
1076 1995 1205 2051 cod.
1234 1997 1305 2053 D.
1333 2006 1388 2050 et
1415 1996 1660 2054 Photius.
1684 1999 1755 2054 V.
1780 1999 2010 2053 Boeckh.

465 2081 503 2138 l
530 2081 566 2137 1
586 2099 644 2153 p
678 2078 889 2155 Ssqq.;
918 2081 1162 2138 Clinton.
1189 2083 1249 2139 F.
1269 2084 1345 2138 Η.
1377 2092 1516 2141 ιοιιι.
1539 2085 1596 2139 11
1601 2103 1690 2159 ,.p
1714 2084 1850 2141 362.
1871 2087 2011 2140 Her·

464 2185 655 2223 mann.
700 2169 733 2243 §
787 2169 925 2239 123,
958 2168 1024 2239 83
1055 2167 1409 2237 Schoemann.
1451 2172 1646 2245 Antiq.
1677 2190 1738 2246 p.
1778 2171 1886 2246 198
1920 2192 2005 2247 sq.

466 2255 725 2311 Ceterum
753 2267 902 2312 errat
921 2256 1126 2332 procul
1154 2256 1331 2312 dubio
1359 2259 1753 2332 grammaticus
1780 2278 1848 2316 ex
1877 2261 2008 2316 loco

466 2341 634 2397 allato
679 2343 949 2417 colligens
987 2344 1347 2399 Aristotelem
1393 2352 1613 2417 putasse
1637 2345 1874 2418 juvenes
1906 2365 2013 2419 per

462 2446 640 2483 unum
667 2437 888 2485 tantum
914 2448 1124 2485 annum
1146 2431 1514 2487 circuituram
1534 2450 1766 2489 munere
1793 2433 2014 2491 functos

465 2531 596 2573 esse.
624 2514 809 2572 Verba
833 2511 920 2571 τὸν
944 2512 1176 2595 δεύτερον
1201 2512 1429 2572 ἐνιαυτόν
1448 2517 1782 2575 intellexerit
1804 2539 2013 2576 annum

465 2601 771 2656 secundum
797 2604 890 2670 τῆς
925 2598 1098 2675 ἥόης,
1127 2620 1231 2677 per
1257 2619 1499 2677 eumque
1522 2603 1754 2675 juvenes
1779 2610 2013 2682 pet-ipo-

465 2685 549 2741 los
568 2686 730 2743 fuisse
753 2689 1052 2761 putaverit.
1079 2688 1454 2762 Intelligenda
1482 2701 1667 2747 autem
1696 2695 1867 2749 verba
1885 2705 2013 2750 sunt

467 2772 540 2827 de
568 2775 841 2829 concione
859 2793 981 2848 quae
996 2775 1313 2832 habebatur
1333 2789 1570 2853 exeunte
1591 2780 1683 2848 τῆς
1702 2776 1836 2849 ἥὸης
1851 2782 2011 2837 bien·

467 2859 591 3001 ιιὲιί,
623 2859 779 2932 quod
799 2862 1110 2935 excipiebat
1136 2864 1371 2918 alterum
1415 2863 1706 2922 biennium
1731 2869 1833 2924 τῶν
1858 2890 2010 2947 περι-

467 2966 508 3000 π
571 2966 662 3008 ων.

1199 3106 1292 3146 21.

546 3215 754 3272 Idem·
783 3213 929 3278 Ὀτι
968 3218 1124 3297 νόμος
1154 3221 1290 3282 ἔστιν
1330 3224 1459 3306 ὑπὲρ
1504 3224 1559 3302 μ’
1601 3225 1693 3298 ἔτη
1743 3225 2012 3336 γενόμενον

451 3308 708 3380 ιχορηγεῖν
740 3303 950 3379 παισὶν,
996 3308 1246 3387 Αἰσχίνης
1288 3334 1343 3369 τε
1374 3312 1425 3369 ἐν
1453 3316 1527 3391 τῷ
1558 3312 1695 3372 κατὰ
1735 3315 2013 3396 Τιμάρχου

474 3388 557 3464 (c.
588 3389 651 3467 5)
683 3391 809 3470 φησι
830 3393 922 3451 καὶ
967 3393 1321 3475 Ἀριστοτέλης
1355 3401 1514 3471 ἔντη
1480 3399 1822 3473 ““”Αθηναίων
1857 3406 2010 3462 πολι-

468 3473 600 3534 τεία.
636 3480 867 3538 Photius
889 3492 946 3539 et
965 3484 1162 3542 Suidas
1192 3488 1421 3558 eadem,
1450 3491 1671 3546 testium
1693 3493 2015 3550 nominibus

471 3564 702 3622 omissis.

1195 3710 1291 3751 22.

549 3814 751 3873 Idem:
789 3817 1099 3900 Πρόεδροι
1128 3811 1457 3904 ἐκληροῦντο
1470 3830 1575 3886 τῶν
1603 3830 1731 3904 (ὕπὸ
1758 3835 1858 3890 τῶν
1899 3855 2008 3894 em.

1601 382 2098 445 ARISTOTELIS
2144 382 2242 440 FR
2251 381 2567 441 AGMENT
2574 383 2638 439 A.

2095 533 2187 581 της
2213 508 2656 591 πρυτανευούσης,
2677 506 2857 575 οἵτινες
2880 508 2946 566 τὰ
2969 532 3033 567 π.
3015 509 3087 589 ,pt
3105 507 3198 589 τὰς
3222 512 3502 584 ἐκκλησίας
3531 512 3652 574 διώ-

2096 619 2236 657 κουν.
2283 595 2600 656 Ἐκαλουντο
2629 593 2683 653 δὲ
2710 593 2981 673 πρόεδροι,
3017 597 3294 678 ἐπειδηπερ
3319 601 3644 680 προήδρευον

2098 689 2197 743 τῶν
2224 684 2397 742 ἄλλων
2426 682 2692 742 ἁπάντων.
2720 682 2987 749 Πολλάκις
3025 684 3068 742 δ’
3098 685 3208 743 ἔστι
3230 684 3457 764 τοῦνομα
3495 688 3647 768 παρὰ

2096 780 2200 838 τοῖς
2231 771 2500 853 ῥήτορσιν,
2544 773 2616 836 ὡς
2649 770 2738 828 καὶ
2766 768 2913 851 παρὰ
2954 770 3272 847 Δημοσθένει
3310 775 3363 832 ἕν
3408 777 3483 854 τῷ
3523 779 3649 834 κατ’

2099 856 2456 938 Ἀνδροτίωνος
2495 856 2585 916 καὶ
2622 856 2848 936 Αἰσχίνῃ
2878 858 2932 913 ἐν
2959 861 3033 938 τῷ
3078 859 3214 917 κατὰ
3259 861 3646 941 Κτησιφῶντος.

2098 944 2229 1006 Ὀτι
2253 944 2296 1003 δ’
2326 949 2354 1003 6
2388 943 2703 1021 καλούμενος
2730 943 3013 1017 ἐπιστάτης
3040 946 3226 1025 κληροῖ
3252 946 3460 1020 αὐτοὺς,
3492 947 3646 1030 εἴρη-

2098 1055 2184 1089 κεν
2204 1028 2558 1111 Ἀριστοτέλης
2585 1032 2636 1088 ἔν
2661 1029 2943 1103 Ἀθηναίων
2972 1032 3226 1113 πολιτεία.

2181 1121 2315 1178 Καθ’
2358 1117 2587 1190 ἑκάστην
2631 1117 2979 1199 πρυτανείαν]
3019 1142 3071 1179 κ.
3119 1123 3163 1178 ἑ.
3203 1121 3485 1193 ἐκκλησίαν
3529 1144 3648 1184 em.

2096 1211 2343 1265 Luzacus
2361 1210 2448 1264 De
2476 1209 2704 1265 Socrate
2730 1210 2849 1264 cive
2876 1227 2933 1282 p.
2965 1227 3062 1282 97,
3095 1210 3252 1282 quod
3277 1212 3554 1285 probatur
3576 1233 3650 1270 ex

2098 1297 2239 1350 Lex.
2265 1295 2433 1350 Rhet.
2458 1313 2519 1369 p.
2551 1312 2685 1369 290.
2703 1295 2934 1350 Photius
2956 1313 3187 1369 quoque
3211 1296 3428 1354 duabus
3453 1301 3652 1374 glossis

2097 1402 2150 1440 v.
2175 1379 2638 1460 Πρόεδροιειιάεηι
2655 1382 2980 1457 proferens,
3005 1385 3252 1440 inaltet-a
3268 1385 3437 1441 habet
3464 1386 3651 1460 ἐκκλη-

2099 1467 2244 1547 σίαν,
2284 1469 2469 1525 dum
2455 1489 2513 1524 ιιι
2552 1470 2726 1525 altera
2764 1480 2846 1525 est
2879 1468 3212 1548 πρυτανείαν.
3244 1458 3332 1527 Cf.
3366 1473 3543 1530 schol.
3574 1477 3650 1532 ad

2095 1541 2456 1612 Demosthen.
2488 1574 2520 1612 e
2546 1556 2678 1612 cod.
2719 1558 3017 1626 Bavarico,
3040 1558 3196 1614 Orat.
3227 1558 3327 1615 Gr.
3358 1568 3501 1615 tom.
3550 1563 3646 1631 ΙΙ,

2095 1662 2152 1717 p.
2192 1649 2298 1708 104
2335 1643 2427 1700 ed.
2455 1642 2675 1698 Reiska
2661 1643 2884 1713 ,.schol
2914 1643 2988 1700 ad
3015 1645 3262 1700 AEschin.
3300 1646 3364 1702 C.
3400 1646 3645 1722 Ctesiph.

2098 1749 2157 1803 p.
2184 1736 2294 1801 247
2329 1748 2414 1804 sq.
2451 1728 2542 1785 ed.
2594 1728 2772 1789 Bekk.
2802 1730 3004 1786 Pollux
3042 1732 3207 1802 VIII,
3243 1731 3371 1805 96:
3405 1728 3581 1791 Ὅταν
3599 1735 3648 1791 οἳ

2098 1815 2369 1896 πρυτάνεις
2405 1814 2551 1874 τὸν
2524 1818 2687 1892 οῆμον
2721 1812 2756 1886 ἢ
2790 1814 2883 1888 τὴν
2912 1814 3103 1895 βουλὴν
3141 1817 3461 1896 συνάγωσιν,
3501 1810 3653 1886 οὗτος

2103 1903 2158 1980 (6
2186 1901 2495 1983 ἐπιστάτης)
2525 1902 2575 1971 ἐξ
2599 1902 2822 1976 ἑκάστης
2855 1907 3016 1986 φυλῆς
3043 1904 3288 1986 πρόεδρον
3314 1903 3402 1965 ἕνα
3425 1909 3651 1986 κληροῖ,

2099 1989 2259 2066 μόνην
2281 1988 2375 2060 τὴν
2404 1989 2820 2070 πρυτανεύουσαν
2843 1991 3025 2072 ἀφιείς.
3056 1995 3253 2051 Suidas
3283 2014 3337 2053 v,
3372 1993 3648 2075 Πρόεδροι.

2098 2081 2496 2136 Recentiorum
2534 2081 2711 2136 libros
2753 2081 2946 2138 laudat
2985 2083 3331 2139 Hermannl.
3370 2084 3469 2158 1.5
3512 2102 3646 2154 ¹27·

2098 2167 2449 2225 Schoemann.
2493 2168 2682 2241 Antiq.
2708 2186 2769 2241 p.
2806 2186 2954 2239 217,
2986 2186 3043 2243 93
3076 2172 3161 2227 De
3188 2172 3510 2246 comitiisp.
3543 2170 3643 2230 85.

2795 2325 2949 2365 22³.

2176 2444 2624 2517 Harpocration:
2646 2444 2698 2502 Π
2710 2465 2819 2522 ρυτ
2832 2465 3075 2511 ανειας
3097 2442 3352 2526 Ἀντιφῶν
3368 2448 3419 2504 ἐν
3433 2470 3508 2505 τω
3523 2470 3654 2526 προς

2100 2527 2380 2587 Νικοκλέα.
2407 2526 2568 2588 Ἔστι
2592 2526 2647 2586 δὲ
2672 2529 2886 2610 ἀριθμὸς
2914 2533 3124 2611 ἡμερῶν
3160 2537 3194 2603 ἡ
3223 2533 3505 2614 πρυτανεία
3528 2534 3651 2606 ἤτοι

2096 2613 2183 2680 λς’
2210 2614 2242 2684 ἢ
2268 2614 2346 2672 λε’
2360 2613 2496 2690 ,καὶ
2532 2618 2728 2689 ἑκάστη
2758 2616 2893 2696 φυλὴ
2921 2617 3245 2699 πρυτανεύει.
3277 2618 3569 2679 Διείλεκται
3592 2622 3651 2678 δὲ

2096 2700 2215 2780 περὶ
2260 2699 2451 2759 τούτων
2492 2702 2843 2783 Ἀριστοτέλης
2890 2705 2941 2762 ἐν
2969 2709 3034 2784 τῇ
3062 2704 3359 2776 Ἀθηναίων
3385 2705 3643 2765 πολιτεία.

2099 2789 2180 2845 Cf.
2209 2785 2484 2849 SuidaSV.
2517 2788 2858 2869 Πρυτανείας.

2823 2922 2918 2982 23.

2182 3059 2342 3117 Idem
2385 3080 2399 3115 ι
2428 3058 2837 3133 Ἐπιστάτης.
2879 3060 2984 3121 Δύο
3026 3062 3152 3120 εἰσιν
3193 3064 3239 3121 οἳ
3276 3062 3646 3141 καθιστάμενοι

2103 3144 2407 3218 ἐπιστάται,
2431 3148 2460 3203 6
2487 3143 2581 3222 μὲν
2620 3149 2679 3205 ἐκ
2711 3148 3012 3228 πρυτάνεων
3045 3149 3413 3230 κληρούμενος,
3444 3154 3472 3210 6
3497 3150 3551 3211 δὲ
3582 3155 3647 3212 ἐκ

2102 3233 2203 3289 τῶν
2224 3232 2515 3314 προέδρων,
2538 3223 2610 3291 ων
2630 3233 2866 3314 ἑκάτερος
2884 3234 3000 3294 τίνα
3025 3236 3274 3310 διοίκησιν
3300 3241 3479 3299 διοικεῖ
3499 3240 3651 3312 δεδή·

2101 3319 2266 3377 λωκεν
2295 3323 2322 3377 6
2349 3319 2702 3400 Ἀριστοτέλης
2726 3323 2777 3379 ἐν
2803 3321 3080 3396 Ἀθηναίων
3109 3325 3366 3386 πολιτεία.

2182 3406 2269 3463 Cf
2275 3408 2475 3464 Pollux
2488 3411 2623 3466 VIII
2626 3411 2760 3485 ,9:ss
2779 3407 3161 3484 Ἐπιστάτηςδ
3176 3413 3314 3472 ἐστὶν
3325 3388 3397 3481 εἷς
3411 3415 3484 3473 τῶ
3456 3429 3649 3494 υνπρυ-

2103 3491 2298 3550 τάνεων
2314 3497 2375 3566 ‚6
2396 3492 2574 3574 κλήρῳ
2592 3494 2790 3574 λαχών.
2817 3497 2907 3566 Δις
2928 3498 2983 3556 δὲ
3005 3502 3098 3558 οὔκ
3088 3498 3283 3603 ’.ἔξεστι
3302 3500 3534 3580 γενέσθαι
3562 3526 3647 3561 τον

2105 3577 2258 3636 αὐτὸν
2287 3578 2593 3653 ἐπιστάτην.
2625 3580 2783 3662 Ἔχει
2813 3582 2866 3640 δὲ
2886 3576 3030 3652 οὗτος
3053 3588 3153 3644 τῶν
3173 3589 3326 3666 ἱερῶν
3366 3586 3458 3655 τὰς
3479 3590 3647 3660 κλεις,

2105 3663 2158 3720 ἐν
2185 3655 2258 3731 οἷς
2276 3664 2343 3722 τὰ
2364 3664 2615 3745 χρήματα
2643 3669 2731 3726 καὶ
2755 3667 2822 3727 τὰ
2844 3669 3151 3750 γράμματα.
3171 3677 3495 3749 Sequuntur
3518 3697 3641 3752 quae

2108 3750 2171 3808 in
2192 3755 2556 3813 antecedente
2578 3756 2775 3832 fmgm.
2803 3760 3089 3835 adscripsi.
3102 3764 3394 3820 —Suidas
3414 3785 3470 3821 v.
3494 3762 3651 3823 Ἐπι-

2106 3838 2340 3911 στάτηςι
2371 3843 2492 3902 Τῶν
2533 3842 2832 3923 πρυτάνεων
2860 3835 2934 3910 εἷς
2966 3850 2995 3904 6
3030 3841 3210 3925 λαχὼν
3240 3848 3520 3922 ἐπιστάτης
3542 3850 3651 3910 ffl-

470 3899 645 3957 Vales.
684 3923 812 3960 cum
856 3910 998 3966 Lex.
1043 3912 1212 3970 Rhet.
1234 3912 1581 3992 )πρυτάνεων
1624 3921 1740 3976 καθ
1789 3918 2014 3992 ἑκάστην
2102 3948 2242 4003 γετο.
2275 3926 2366 3995 Δις
2395 3928 2449 3988 δὲ
2488 3952 2576 3988 τον
2605 3929 2759 3989 αὐτὸν
2798 3933 3075 4003 ἐπιστῆσαι
3102 3937 3196 3992 οὐκ
3217 3934 3352 4007 ἐξῆν.
3374 3937 3649 3999 Φυλάσσει

469 3989 779 4065 πρυτανείαν
810 3993 884 4074 (l.
916 3996 1220 4076 ἐκκλησίαν)
1245 3990 1316 4067 εἷς
1356 4000 1449 4071 ἐξ
1427 4002 1648 4075 εκάστης
1686 4009 1847 4085 φυλῆς
1875 4009 2013 4080 πλὴν
2106 4012 2159 4070 δὲ
2194 4019 2285 4072 τοῦ
2320 4018 2460 4096 ἱερου
2501 4015 2594 4083 τὰς
2639 4017 2804 4089 κλεῖς,
2839 4021 2891 4076 ἐν
2918 4010 2962 4099 ᾧ
2995 4018 3060 4077 τὰ
3097 4020 3322 4095 δημόσια
3363 4022 3645 4102 χρήματα,

1199 4170 1291 4221 20.

532 4245 813 4309 Περίπολος,
832 4247 1072 4300 circuitor.
1118 4253 1423 4306 Aristoteles
1410 4271 1459 4306 ιιι
1485 4260 1601 4321 Rep.
1629 4260 2016 4325 Athenensium,

471 4319 531 4370 de
548 4321 743 4384 ephebis
767 4324 913 4374 verba
935 4326 1111 4378 taciens
1127 4330 1196 4378 sic
1218 4331 1324 4381 ait.
1347 4333 1553 4384 «Altero
1570 4348 1697 4386 anno
1715 4339 1945 4390 concione
1967 4341 2017 4390 iu

473 4400 661 4450 theatro
679 4406 963 4459 convocata,
997 4406 1196 4468 ephebi,
1218 4411 1383 4473 clypeo
1420 4417 1466 4461 et
1490 4413 1629 4464 hasta
1662 4428 1750 4478 pro
1781 4420 2017 4469 concione

472 4479 695 4539 accepta,
717 4480 896 4529 terram
932 4483 1144 4532 Atticum
1170 4486 1465 4548 perlustrant
1486 4491 1536 4540 et
1575 4489 1625 4539 ιιι
1661 4493 1868 4545 castellis
1906 4508 2017 4546 ver

471 4556 655 4604 santur.
675 4556 928 4609 »observa
943 4561 1243 4613 Aristotelem
1261 4568 1431 4628 putare
1444 4568 1654 4630 ephebos
1671 4583 1756 4634 per
1768 4585 1947 4624 annum
1967 4575 2018 4626 ιιι

473 4629 685 4679 excubiis
706 4634 957 4697 mansisse,
982 4639 1253 4690 AEschinem
1276 4655 1363 4706 pet
1379 4643 1645 4698 biennium.

1199 4723 1288 4776 21.

538 4791 637 4841 Lex
651 4791 788 4854 iubet
808 4797 865 4846 ut
904 4811 1162 4861 puerorum
1182 4804 1372 4870 chor-agi
1391 4822 1570 4860 annum
1589 4813 1744 4863 oetatis
1759 4814 2016 4880 quadrage·

476 4864 648 4915 simum
677 4874 994 4936 excesserint,
1025 4879 1096 4927 uti
1129 4882 1375 4934 AEschiues
1408 4885 1456 4935 in
1487 4886 1704 4939 oratioue
1738 4893 1906 4941 contra
1938 4895 2017 4943 Ti·

478 4942 723 4994 marchum
744 4946 884 5010 dicit,
905 4953 956 5000 et
974 4953 1246 5011 Aristoteles
1262 4959 1313 5009 in
1333 4962 1450 5026 itep.
1479 4964 1859 5019 Atheniensium.

1208 5042 1294 5092 22.

469 5161 478 5169 ·
538 5104 731 5157 Proedri
750 5120 778 5156 a
813 5112 1119 5179 prytauibus,
1140 5121 1330 5182 quoties
1347 5136 1474 5174 nova
1496 5126 1761 5180 habebatur
1789 5134 1985 5185 ecclesia
1999 5172 2015 5199 ,

2104 4182 2233 4230 sorte
2253 4180 2560 4246 legebantur,
2582 4199 2644 4235 ex
2660 4185 2874 4247 qualibet
2900 4187 3029 4237 tribu
3051 4200 3177 4236 unus
3201 4189 3432 4251 (excepta
3453 4202 3508 4239 ea
3530 4203 3646 4252 qum

2104 4256 2374 4317 prytaniam
2402 4260 2624 4324 gerebat)
2650 4278 2665 4309 ι
2682 4260 2769 4322 qui
2789 4261 3022 4312 curabant
3039 4275 3097 4313 ea
3123 4277 3238 4327 quae
3268 4265 3330 4314 ad
3348 4266 3542 4315 comitia
3560 4280 3653 4329 po-

2103 4332 2202 4394 puli
2219 4334 2532 4395 pertinebant.
2555 4336 2931 4399 Appellabantur
2956 4340 3121 4389 autem
3134 4339 3374 4406 πρόεδροι,
3397 4342 3529 4405 quod
3552 4347 3650 4406 pri·

2103 4422 2232 4460 mam
2259 4424 2358 4474 prae
2394 4413 2589 4478 reliquis
2621 4414 2783 4466 sedem
2817 4416 3059 4466 tenebant.
3087 4420 3331 4482 Frequens
3365 4432 3542 4471 nomeu
3576 4426 3651 4473 est

2103 4487 2231 4550 apud
2255 4492 2495 4553 oratores,
2536 4494 2593 4541 ut
2611 4492 2739 4555 apud
2763 4494 3130 4544 Demosthenem
3150 4494 3199 4544 in
3213 4498 3334 4546 orat.
3359 4499 3526 4547 contra
3547 4506 3645 4549 An-

2102 4563 2369 4616 drotionem
2397 4569 2446 4617 et
2476 4567 2604 4629 apud
2624 4569 2896 4619 AEschinem
2924 4573 3094 4620 contra
3112 4572 3487 4635 Ctesiphontem.
3523 4579 3649 4626 Eum

2102 4645 2262 4691 autem
2306 4642 2392 4705 qui
2437 4644 2701 4694 vocabatur
2736 4646 3011 4710 ἐπιστάτης,
3050 4648 3279 4710 proedros
3315 4653 3445 4701 sorte
3484 4651 3658 4714 legisse

2103 4719 2376 4771 Aristoteles
2396 4722 2446 4772 in
2470 4723 2823 4775 Atheniensium
2854 4739 2952 4788 rep.
2973 4725 3105 4777 dicit.

2162 4885 2270 4932 Duo
2305 4885 2551 4938 constituti
2566 4889 2679 4938 sunt
2706 4888 2956 4952 Εμίειιιιιε,
2982 4902 3105 4940 unus
3135 4904 3163 4941 e
3200 4892 3486 4955 prytanibus
3522 4897 3656 4944 sorte

2100 4959 2282 5023 lectus,
2303 4961 2426 5012 alter
2447 4977 2509 5012 ex
2530 4964 2761 5026 proedris.
2784 4969 2852 5015 De
2870 4966 3192 5017 functionibus
3210 4970 3260 5018 et
3276 4968 3449 5020 horum
3471 4972 3521 5021 et
3539 4970 3656 5021 illo-

2104 5050 2209 5087 rum
2237 5041 2452 5101 exposuit
2481 5043 2757 5092 Aristoteles
2777 5044 2823 5093 in
2844 5047 2958 5106 Rep.
2991 5045 3367 5098 Atheniensium.
