4016 5916
462 409 574 459 508

461 529 568 588 ὑπὸ
595 530 698 586 τῶν
723 525 885 608 φίλων
910 524 1369 601 ἀπετυμπανίσθη.
1456 523 1801 600 Ἀπολομένου
1837 524 1889 582 δὲ
1911 523 2023 582 τού-

463 642 557 676 του
610 614 934 680 συνελθόντες
962 616 1009 671 οἱ
1050 611 1511 677 ἐπιδουλεύσαντες
1552 614 1693 691 αὐτῷ
1743 616 1888 690 κοινῇ
1926 610 2021 682 τὴν

470 702 738 784 βασιλείαν
768 701 1081 779 περιέθηκαν
1111 696 1432 778 Ναὸοννήδῳ
1468 697 1567 755 τινὶ
1607 701 1711 756 τῶν
1748 700 1807 756 ἐκ
1843 698 2022 759 Βαὸυ-

463 794 655 866 λῶνος,
683 789 793 848 ὄντι
816 789 876 846 ἐκ
906 790 998 858 τῆς
1019 788 1177 857 αὐτῆς
1200 784 1605 851 ἐπισυστάσεως.
1692 783 1815 844 Ἐπὶ
1843 785 2024 845 τούτου

466 877 533 934 τὰ
553 875 670 957 περὶ
693 875 781 934 τὸν
812 873 1048 951 ποταμὸν
1076 873 1225 952 τείχη
1255 875 1347 943 τῆς
1373 870 1730 932 Βαὸυλωνίων
1747 871 1945 939 πόλεως
1971 871 2024 940 ἐξ

469 967 633 1035 ὀπτῆς
660 963 873 1021 πλίνθου
893 961 983 1020 καὶ
1008 960 1274 1041 ἀσφάλτου
1300 959 1689 1036 κατεκοσμήθη.
1775 957 1954 1032 Οὔσης
1972 960 2027 1017 δὲ

467 1055 560 1123 τῆς
591 1049 857 1129 βασιλείας
893 1050 1048 1107 αὐτοῦ
1079 1051 1132 1106 ἐν
1159 1049 1236 1127 τῷ
1261 1046 1690 1125 ἑπτακαιδεκάτῳ
1713 1045 2028 1125 ἔτει,προεξ-

471 1138 730 1210 εληλυθὼς
783 1139 951 1214 Κῦρος
979 1138 1037 1193 ἐκ
1061 1139 1151 1206 τῆς
1179 1133 1432 1212 Περσίδος
1455 1132 1589 1209 μετὰ
1612 1132 1874 1209 δυνάμεως
1896 1136 2028 1213 πολ-

468 1229 589 1300 λ’ῆς,
625 1225 716 1284 καὶ
743 1222 1239 1303 καταστρεψάμενος
1279 1220 1373 1292 την
1402 1219 1589 1292 λοιπὴν
1613 1219 1787 1280 Ἀσίαν
1833 1229 2028 1294 πᾶσαν,

472 1311 717 1394 ὥρμησεν
768 1311 856 1371 ἐπὶ
900 1315 993 1381 τῆς
1022 1307 1381 1375 Βαὸυλωνίας.
1467 1306 1783 1384 Αἷσθόμενος
1822 1304 1876 1366 δὲ
1913 1310 2028 1367 Να-

472 1399 716 1471 ὅόννηδος
755 1396 847 1469 τὴν
873 1395 1052 1477 ἔφοδον
1095 1400 1285 1468 αὐτοῦ,
1311 1394 1617 1466 ἀπαντήσας
1653 1393 1786 1471 μετὰ
1814 1400 1907 1466 τῆς
1935 1396 2028 1453 δυ-

470 1487 673 1564 νάμεως
718 1486 808 1545 καὶ
860 1483 1325 1566 παραταξάμενος,
1371 1484 1609 1554 ἡττηθεὶς
1649 1487 1713 1561 τῇ
1742 1485 1893 1562 μάχῃ
1939 1482 2029 1541 καὶ

472 1574 647 1655 φυγὼν
689 1572 988 1650 ὀλιγοστὸς,
1020 1571 1353 1644 συνεκλείσθη
1406 1573 1476 1637 εἷς
1514 1570 1606 1641 τὴν
1649 1572 2031 1650 Βορσιππηνῶν

472 1663 642 1724 πόλιν.
728 1665 902 1740 Κῦρος
926 1659 981 1718 δὲ
1000 1657 1290 1720 Βαὸυλῶνα
1321 1655 1771 1732 καταλαὸόμενος,
1799 1656 1888 1716 καὶ
1910 1680 2030 1716 συν-

473 1750 630 1818 τάξας
673 1749 739 1808 t&
786 1747 882 1817 ἔξω
909 1752 1004 1818 τῆς
1044 1746 1243 1812 πόλεως
1272 1745 1418 1824 τείχη
1448 1743 1816 1824 κατασκάψαι,
1843 1743 1928 1803 διὰ
1972 1744 2033 1802 τὸ

473 1837 592 1895 λίαν
617 1839 759 1918 αὐτῷ
789 1833 1161 1914 πραγματικὴν
1202 1833 1293 1891 καὶ
1322 1833 1619 1891 δυσάλωτον
1667 1835 1891 1911 φανῆναι
1936 1829 2031 1902 τὴν

474 1925 648 2003 πόλιν,
687 1923 943 1993 ἀνέζευξεν
987 1921 1073 1980 ἐπὶ
1121 1917 1444 2000 Βόρσιππον,
1485 1918 1904 1998 ἐκπολιορκήσων
1946 1916 2033 1976 τὸν

475 2011 831 2083 Ναὸόννηδον.
917 2012 1026 2070 Τοῦ
1058 2007 1111 2066 δὲ
1138 2005 1481 2076 Ναὸοννήδου
1528 2008 1627 2085 οὐχ
1665 2004 2035 2081 ὑπομείναντος
2067 1982 2078 2095 Ι

476 2100 572 2170 τὴν
599 2096 923 2177 πολιορκίαν,
964 2097 1083 2154 ἀλλ’
1129 2093 1525 2173 ἐγχειρήσαντος
1566 2092 1739 2166 αὑτὸν,
1785 2092 2033 2172 πρότερον

475 2184 806 2265 χρησάμενος
833 2187 1006 2265 Κῦρος
1029 2180 1434 2264 φιλανθρώπως,
1477 2179 1567 2238 καὶ
1598 2179 1712 2247 δοὺς
1741 2178 2035 2258 οἰκητήριον

477 2276 616 2351 αὐτῷ
646 2271 976 2352 Καρμανίαν,
1002 2269 1293 2349 ἐξέπεμψεν
1320 2270 1379 2327 ἐκ
1404 2272 1497 2340 τῆς
1522 2266 1884 2333 Βαὸυλωνίας.
1914 2269 2032 2327 Να-

480 2358 721 2431 ὅόννηδος
749 2358 843 2437 μὲν
887 2348 974 2417 οὗν
1019 2356 1078 2415 τὸ
1124 2356 1305 2416 λοιπὸν
1348 2361 1438 2414 τοῦ
1465 2355 1652 2434 χρόνου
1681 2353 2037 2432 διαγενόμενος

476 2449 530 2505 ἐν
564 2448 733 2524 ἐκείνῃ
762 2451 827 2527 τῇ
850 2446 1000 2526 χώρα
1029 2444 1345 2524 κατέστρεψε
1365 2444 1450 2501 τὸν
1479 2443 1607 2521 βίον.
1636 2469 1661 2496 ι»

553 2539 798 2593 Plurima
839 2538 1048 2594 horum
1090 2553 1158 2591 ex
1191 2533 1436 2606 Josepho
1470 2532 1745 2606 excerpsit
1771 2531 2038 2587 Eusebius

478 2626 689 2682 Chron.
720 2643 782 2698 p.
812 2643 886 2698 29
914 2642 1064 2697 sqq.‚
1092 2617 1155 2677 P.
1188 2624 1254 2679 E.
1279 2621 1391 2690 lx,
1427 2638 1490 2674 11
1528 2630 1584 2698 et
1621 2626 1722 2688 4ο,
1746 2638 1807 2692 p.
1840 2624 1950 2684 414
1981 2629 2036 2673 et

481 2711 625 2784 4553
649 2729 716 2767 ex
747 2712 989 2766 Eusebio
1013 2709 1257 2783 Syncell.
1281 2726 1343 2781 p.
1378 2725 1492 2762 220
1515 2725 1598 2780 sq.
1631 2707 1717 2764 Cf.
1743 2706 2038 2762 Africanus

477 2819 568 2873 ap.
592 2800 797 2855 Euseb.
824 2800 887 2854 P.
912 2799 978 2853 E.
1009 2798 1089 2865 X,
1113 2813 1205 2864 10,
1226 2813 1288 2868 p.
1315 2793 1452 2868 488,
1471 2796 1536 2863 Β,
1566 2793 1667 2848 ubi
1694 2813 1708 2847 ε
1734 2795 1824 2848 τοῦ
1855 2789 1906 2847 δὲ
1925 2792 2036 2849 Να-

480 2881 871 2962 6ουχοδονόσωρ
901 2879 1213 2956 μνημονεύει
1269 2879 1551 2960 Βηρωσσὸς
1600 2881 1628 2935 6
1678 2874 2031 2942 Βαὸυλώνιος.

478 2975 737 3029 Tatianus
762 2989 853 3044 ap.
879 2970 1121 3024 eundem
1139 2989 1201 3043 p.
1235 2968 1375 3041 493,
1402 2973 1486 3024 Α;
1517 2965 1868 3044 Βηρωσσὸς...
1898 2967 2036 3042 ἀφη-

480 3059 646 3135 γεῖται
679 3055 812 3120 τινὸς
850 3056 1015 3112 αὐτῶν
1050 3054 1275 3129 (regum
1315 3054 1538 3129 Babyl.)
1564 3051 1728 3127 ὄνομα
1757 3050 2034 3128 Ναὸουχο-

480 3143 708 3217 δονόσωρ
727 3147 812 3199 τοῦ
853 3139 1322 3218 συστρατεύσαντος
1366 3139 1452 3196 ἐπὶ
1490 3138 1738 3203 Φοίνικας
1771 3137 1859 3196 καὶ
1894 3136 2035 3196 Ἰου-

478 3325 630 3374 quum
665 3311 822 3361 adhuc
851 3324 968 3375 puer
1001 3313 1149 3373 esset,
1185 3324 1385 3372 regnum
1425 3309 1620 3372 quidem
1656 3310 1809 3359 tenuit
1847 3321 2034 3358 menses

477 3402 679 3449 norem3
699 3402 784 3451 per
804 3388 996 3437 insidias
1013 3401 1129 3437 vero
1145 3425 1159 3449 ,
1179 3388 1307 3450 quod
1328 3387 1532 3436 multam
1551 3386 1721 3435 indolis
1749 3387 2032 3448 pravitatem

476 3481 579 3531 prae
596 3481 647 3518 se
674 3469 847 3530 ferret,
880 3480 911 3515 a
943 3467 1219 3516 necessariis
1246 3467 1344 3516 suis
1372 3480 1482 3515 cum
1518 3464 1731 3515 cruciatu
1757 3466 2034 3515 interfectus

477 3549 569 3598 est.
637 3548 742 3597 Hoc
764 3549 926 3596 antem
959 3548 1236 3609 perempte,
1274 3560 1426 3609 quum
1466 3546 1657 3595 interse
1674 3545 1892 3595 coiissent
1918 3545 2032 3595 insi-

479 3624 689 3674 diatores
705 3624 834 3687 eius,
860 3624 1106 3673 communi
1125 3637 1359 3674 consensu
1377 3636 1578 3686 regnum
1614 3623 1830 3674 detulere
1850 3623 1910 3673 ad
1932 3625 2030 3674 Na-

476 3701 754 3751 bonnedum
795 3700 1038 3764 quendam
1075 3698 1391 3763 Babylonium
1409 3739 1423 3763 ,
1462 3700 1544 3763 qui
1576 3702 1625 3750 et
1655 3700 1755 3763 ipse
1779 3699 1830 3749 in
1868 3702 2033 3749 eadem

479 3778 810 3840 conjuratione
829 3779 1002 3828 linerat.
1069 3781 1173 3827 Hoc
1193 3780 1421 3840 regnante
1439 3778 1692 3841 Babylonis
1715 3778 1907 3840 moenia,
1927 3789 2036 3839 quae

477 3855 666 3905 flumini
687 3855 994 3918 adiacebant,
1014 3868 1076 3904 ex
1099 3856 1236 3904 cocto
1258 3856 1408 3905 latere
1424 3858 1473 3905 et
1491 3855 1724 3905 bitumine
1745 3852 2036 3918 splendidius

480 3932 717 3983 adificata
745 3935 873 3982 sunt.
938 3935 1100 3990 Quum
1143 3935 1305 3981 autem
1337 3933 1466 3995 regni
1503 3932 1606 3995 ejus
1630 3945 1784 3981 annus
1820 3930 2035 3980 decimus

481 4013 710 4076 septimus
727 4012 963 4075 ageretur,
987 4014 1143 4074 Cyrus
1164 4025 1225 4060 ex
1259 4011 1454 4061 Perside
1471 4025 1582 4061 cum
1603 4011 1778 4075 ingenti
1797 4011 2036 4075 protectus

480 4089 693 4139 exercitu
712 4127 726 4152 ,
746 4102 803 4139 ac
822 4088 1062 4151 reliquum
1087 4088 1191 4151 eJus
1225 4088 1480 4150 imperium
1507 4090 1788 4152 populatus,
1812 4088 1860 4138 in
1881 4088 2034 4149 Baby·

478 4167 660 4216 loniam
699 4167 849 4229 ipsam
888 4165 1079 4215 invasit.
1148 4168 1308 4223 Quam
1347 4164 1449 4226 ejus
1484 4165 1841 4228 impressionem
1883 4179 2034 4229 quum

478 4244 698 4294 sensisset
716 4241 1037 4293 Nabonnedus
1049 4278 1063 4302 ,
1083 4242 1277 4290 obviam
1295 4254 1506 4303 egressus
1523 4256 1634 4292 cum
1654 4245 1864 4293 exercitu
1882 4281 1897 4305 ,
1915 4244 2036 4293 acie·

479 4334 576 4384 qne
609 4322 826 4370 conserta
857 4332 1015 4382 pugna
1046 4319 1226 4378 victus,
1261 4321 1311 4367 et
1342 4331 1452 4367 cum
1489 4319 1653 4382 paucis
1696 4320 1807 4382 suga
1831 4322 2035 4370 salutem

479 4412 702 4463 qnoerens
719 4438 732 4460 ,
756 4412 857 4449 sese
876 4399 923 4448 iu
947 4398 1345 4460 Borsippenorum
1365 4398 1593 4460 oppidum
1621 4398 1859 4449 inclusum
1885 4399 2031 4449 dedit.

480 4482 640 4540 Cyrus
656 4480 837 4539 autem,
859 4477 1100 4540 Babylone
1119 4478 1256 4538 capta
1269 4513 1285 4536 ‚
1306 4477 1661 4540 constitutoque
1677 4478 1914 4527 exteriora
1935 4478 2037 4539 eius

482 4556 616 4605 urbis
647 4556 943 4606 munimenta
978 4556 1195 4617 diruere,
1221 4555 1350 4617 quod
1385 4555 1625 4605 civitatem
1658 4556 1841 4606 videret
1873 4556 1933 4606 ad
1961 4571 2037 4608 res

479 4646 631 4681 novas
649 4632 871 4681 mobilem
886 4669 901 4693 ,
919 4632 1088 4681 urbem
1106 4645 1222 4681 vero
1240 4634 1514 4695 expugnatu
1542 4632 1785 4683 difficilem
1803 4671 1817 4694 ,
1842 4632 1952 4684 inde
1984 4635 2035 4684 in

481 4710 762 4772 Borsippum
781 4708 1113 4772 proficiscitur,
1135 4709 1478 4759 Nabonnedum
1498 4710 1792 4761 obsessurus
1851 4712 2034 4761 Nabon-

479 4786 659 4835 nednm
686 4788 845 4835 autem
865 4822 880 4847 ,
913 4798 1064 4849 quum
1096 4799 1192 4835 non
1213 4787 1396 4836 tulisset
1429 4787 1721 4838 ohsidionem
1743 4824 1757 4849 ,
1793 4789 1874 4838 sed
1905 4790 2036 4851 prius

481 4875 583 4911 sese
603 4861 882 4923 dedidisset,
907 4863 1263 4924 perhumaniter
1286 4864 1455 4913 habuit
1478 4868 1659 4927 CyruS,
1679 4865 1886 4929 dataque
1907 4867 1951 4916 ei
1973 4867 2035 4915 ad

481 4938 797 4988 habitandum
817 4940 1068 4990 Carmania
1082 4977 1096 5002 ,
1117 4953 1145 4990 e
1172 4940 1436 5003 Babylonia
1456 4941 1631 4991 dimitti
1664 4943 1833 4991 voluit.
1856 4945 1916 4993 Et
1937 4945 2032 4993 Na·

481 5018 732 5069 bonnedus
753 5019 945 5081 quidem
961 5057 975 5079 ‚
997 5022 1178 5083 reliquo
1197 5023 1411 5084 tempore
1434 5022 1482 5071 in
1508 5021 1597 5072 ista
1622 5023 1809 5084 regione
1832 5026 2001 5072 exacto
2018 5060 2033 5084 ,

482 5097 608 5148 diem
627 5094 742 5146 obiit
761 5110 1053 5161 supremum.
1078 5120 1101 5142 a

1734 396 2005 456 BEROSI
2046 396 2405 461 CHALDAEI

2107 525 2298 591 ὃαίους.
2330 560 2408 570 -
2425 531 2510 585 De
2529 528 2842 586 Nabonedo
2863 529 2935 585 cf.
2959 540 3079 588 not.
3106 529 3178 585 ad
3198 530 3269 588 fr.
3300 550 3331 599 7
3356 542 3414 587 et
3436 531 3757 588 Clinton.

2106 635 2164 689 p.
2204 615 2336 684 372.

2808 702 2876 761 14
2921 715 2973 751 a.

2187 809 2439 864 Clemens
2456 810 2611 865 Alex.
2638 810 2845 866 Strom.
2867 811 2924 879 1,
2944 828 3004 883 p.
3028 808 3175 884 329:
3210 808 3306 867 Ἐν
3339 809 3395 867 δὲ
3422 812 3505 890 τῷ
3532 811 3743 868 δωδε·

2109 891 2253 973 κοίτῳ
2298 890 2401 951 ἔτει
2441 896 2533 964 τ’ἥς
2567 895 2812 954 Σεδεκίου
2844 895 3134 974 βασιλείας,
3174 895 3753 976 Ναὸουχοδονόσωρ,

2110 980 2210 1059 πρὸ
2248 983 2341 1051 τῆς
2380 984 2598 1063 Περσῶν
2642 982 2919 1060 ἡγεμονίας
2954 981 3119 1041 ἔτεσιν
3160 983 3569 1062 ἑὸδομήκοντα,
3616 986 3739 1044 ἐπὶ

2113 1067 2366 1135 Φοίνικας
2391 1068 2483 1127 καὶ
2507 1069 2784 1136 Ἰουδαίους
2814 1069 3171 1150 ἐστράτευσεν,
3199 1069 3268 1138 ὥς
3296 1091 3426 1152 φησι
3454 1072 3735 1153 Βήρωσ-

2113 1178 2197 1222 σος
2221 1157 2274 1214 ἒν
2293 1160 2409 1224 ταῖς
2424 1155 2752 1224 Χαλδαῖκαῖς
2772 1157 3049 1238 ἱστορίαις·
3073 1158 3241 1224 Ἰόὸας
3266 1159 3322 1219 δὲ
3346 1161 3469 1241 περὶ
3500 1160 3733 1220 Ἀσσυ-

2116 1243 2235 1322 ρίων
2263 1242 2494 1324 γράφων,
2525 1246 2769 1323 ὁμολογεῖ
2797 1244 2889 1315 τὴν
2929 1246 3156 1327 ἱστορίαν
3194 1247 3341 1327 παρὰ
3388 1247 3727 1329 Βηρώσσσυ

2116 1329 2380 1409 εἰληφέναι
2409 1335 2687 1412 μαρτυρῶν
2708 1331 2804 1404 τὴν
2832 1331 3079 1405 ἀλήθειαν
3110 1335 3311 1414 τάνδρί.
3340 1339 3411 1395 V.
3448 1338 3721 1395 Boeckh.

2115 1420 2418 1491 ManethO,
2448 1440 2508 1495 p.
2543 1420 2677 1486 334.
2887 1498 2918 1558 5

2851 1519 2875 1557 1
2927 1542 2941 1557 .

2193 1617 2534 1690 Theophilus
2579 1615 2840 1671 Antioch.
2889 1615 2978 1670 Ad
3016 1618 3276 1690 Autolyc.
3322 1620 3437 1689 111,
3472 1638 3538 1692 p.
3586 1618 3719 1689 139

2117 1706 2209 1764 ed.
2238 1707 2363 1759 Par.
2398 1724 2412 1758 :
2441 1699 2569 1761 Ὅτι
2599 1699 2652 1758 δὲ
2679 1698 2798 1780 περὶ
2817 1690 2888 1758 ὧν
2919 1723 3087 1780 φαμεν
3110 1701 3312 1780 χρόνων
3347 1703 3571 1784 συνᾴδει
3602 1705 3711 1762 καὶ

2120 1790 2394 1870 Βήρωσος,
2420 1792 2446 1846 ὁ
2473 1787 2619 1866 παρὰ
2642 1787 2926 1853 Χαλδαίοις
2949 1789 3303 1870 φιλοσοφήσας
3324 1790 3416 1849 καὶ
3448 1791 3712 1867 μηνύσεις

2114 1876 2373 1950 Ἵζλλησιν
2403 1876 2466 1935 τὰ
2497 1873 2778 1937 Χαλδαϊκὰ
2801 1875 3122 1956 γράμματα,
3154 1876 3207 1944 ἃς
3243 1879 3546 1947 ἀκολούθως
3578 1879 3711 1938 τινὰ

2119 1966 2292 2045 εἴρηκε
2327 1967 2402 2042 τῷ
2441 1966 2660 2025 Μωυσεῖ
2690 1961 2810 2043 περί
2844 1986 2901 2021 τε
2944 1965 3316 2043 κατακλυσμοῦ
3355 1967 3450 2024 καὶ
3492 1966 3705 2046 ἑτέρων

2123 2054 2328 2111 πολλῶν
2348 2050 2635 2132 ἐξιστορῶν.
2653 2047 2780 2109 Ἔτι
2800 2050 2903 2127 μὴν
2923 2052 3012 2110 καὶ
3025 2059 3135 2117 τοῖς
3145 2052 3436 2134 προφήταις
3450 2053 3703 2135 Ἱερεμίᾳ

2124 2141 2212 2199 καὶ
2237 2137 2436 2210 Δανιὴλ
2461 2139 2715 2219 σύμφωνα
2742 2140 2800 2197 ἐκ
2828 2138 3012 2219 μέρους
3040 2140 3242 2222 εἴρηκε,
3269 2140 3337 2199 τὰ
3360 2141 3463 2221 γὰρ
3502 2143 3570 2223 (l.
3603 2146 3699 2221 γε)

2125 2227 2399 2303 συμὸάντα
2425 2227 2528 2292 τοῖς
2563 2225 2827 2294 Ἰουδαίοις
2855 2226 2954 2285 ὑπὸ
2993 2233 3084 2286 τοῦ
3123 2228 3380 2308 βασιλέως
3422 2230 3703 2289 Βαὸυλω-

2123 2316 2266 2391 νίων,
2309 2314 2364 2372 ὃν
2403 2313 2555 2381 αὐτὸς
2584 2314 2822 2391 ὀνομάζει
2869 2314 3283 2396 Ἀὅοὸάσσαρον,
3329 2317 3592 2389 κέκληται
3640 2319 3696 2378 δὲ

2124 2400 2268 2481 παρὰ
2292 2400 2559 2481 Ἑὸραίοις
2576 2401 3105 2484 Ναὸουχοδονόσοωρ.
3148 2401 3434 2481 Μέμνηται
3452 2406 3548 2462 καὶ
3568 2407 3698 2484 περὶ

2124 2493 2212 2545 τοῦ
2239 2492 2360 2545 ναοῦ
2382 2490 2433 2545 ἐν
2459 2487 2832 2569 Ἱεροσολύμοις
2847 2536 2861 2560 ,
2883 2493 2952 2554 ὣς
2972 2491 3287 2567 ἠρημῶσθαι
3310 2491 3411 2548 ὑπὸ
3430 2497 3525 2550 τοῦ
3544 2495 3699 2554 Χαλ-

2127 2574 2282 2631 δαίων
2324 2574 2611 2652 βασιλέως,
2639 2574 2727 2632 καὶ
2763 2573 2842 2633 ὅτι
2868 2575 3042 2654 Κύρου
3081 2576 3140 2634 τὸ
3168 2577 3403 2656 δεύτερον
3438 2579 3553 2646 ἔτος
3587 2585 3696 2659 βα-

2126 2659 2453 2728 σιλεύσαντος
2486 2668 2573 2721 τοῦ
2605 2667 2728 2721 ναοῦ
2756 2664 2856 2720 τῶν
2886 2662 3133 2739 θεμελίων
3160 2663 3431 2738 τεθέντων,
3460 2669 3692 2747 Δαρείου

2125 2751 2280 2809 πάλιν
2300 2749 2766 2828 βασιλεύσαντοςτὸ
2788 2750 3020 2833 δεύτερον
3041 2751 3190 2821 ἔτοςδ
3210 2753 3330 2822 ναὸς
3352 2755 3689 2832 ἐπετελέσθη.

2858 2842 2942 2898 16.

2206 2964 2459 3020 Clemens
2483 2963 2646 3019 Alex.
2674 2964 2858 3022 Protr.
2887 2965 2947 3033 1,
2980 2962 3034 3033 5,
3060 2982 3120 3037 p.
3158 2984 3228 3039 19
3258 2967 3413 3039 Sylb.
3452 2988 3466 3022 ε
3495 2965 3688 3044 Ἀγέλ-

2128 3072 2269 3124 ματα
2299 3049 2393 3126 μὲν
2416 3051 2545 3107 θεῶν
2569 3051 2625 3107 οὗ
2670 3046 2799 3116 ξύλα
2823 3048 2911 3107 καὶ
2938 3049 3106 3116 λίθους
3134 3052 3482 3133 ὑπειλήφασιν
3504 3052 3687 3137 ὥσπερ

2124 3134 2382 3206 ’Έλληνες
2404 3180 2422 3211 ,
2450 3134 2566 3193 οὐδὲ
2610 3132 2713 3210 μὴν
2746 3133 2917 3201 ἴὸιδας
2945 3134 3036 3194 καὶ
3065 3135 3406 3214 ἰχνεύμονας,
3448 3141 3683 3219 καθάπερ

2808 3312 2893 3361 14.
2942 3323 2990 3361 a.

2184 3418 2479 3469 Duodecimo
2499 3430 2626 3466 anno
2644 3417 2852 3467 sedeciae
2876 3418 2995 3480 regis
3012 3417 3473 3482 Nabuchodonosor,
3494 3426 3684 3484 septua-

2124 3497 2254 3559 ginta
2273 3496 2408 3545 annis
2425 3500 2538 3544 ante
2555 3493 2876 3557 principatum
2894 3497 3166 3557 Persarum,
3186 3494 3416 3546 adversus
3438 3499 3681 3550 Phoenices

2124 3577 2172 3625 et
2195 3579 2225 3625 J
2228 3575 2390 3625 udaeos
2407 3574 2590 3624 bellum
2606 3573 2777 3636 gessit,
2796 3574 2865 3622 uti
2884 3575 3087 3624 Berosus
3104 3574 3154 3622 in
3173 3574 3394 3625 Historiis
3415 3576 3683 3628 Chaldaicis

2123 3655 2289 3704 tradit.
2352 3657 2382 3703 J
2386 3655 2480 3704 uba
2498 3655 2660 3703 autem
2677 3652 2738 3703 de
2751 3653 2947 3715 Assyriis
2962 3652 3175 3703 scribens
3192 3653 3372 3703 fatetur
3390 3667 3442 3705 se
3458 3668 3487 3703 a
3507 3658 3686 3707 Ber-oso

2123 3732 2378 3794 sumpsisse
2411 3731 2660 3783 historiam
2676 3766 2692 3792 ,
2724 3742 2840 3781 vera
2863 3742 2963 3779 esse
2992 3742 3106 3792 quae
3127 3730 3189 3779 ab
3212 3742 3271 3780 eo
3290 3730 3518 3781 dieantur
3540 3735 3677 3783 testi·

2125 3811 2291 3861 tic-ans.

2858 3892 2942 3943 15.

2185 4014 2370 4067 Verum
2396 4009 2529 4074 quod
2555 4008 2730 4059 attinet
2761 4007 2823 4058 ad
2843 4009 3054 4058 nostram
3082 4010 3482 4072 computationem
3498 4047 3513 4070 ,
3550 4008 3679 4060 bene

2124 4086 2263 4138 nobis
2281 4087 2503 4138 convenit
2521 4100 2634 4136 cum
2655 4089 2844 4148 Beroso,
2864 4086 2949 4148 qui
2965 4085 3092 4148 apud
3111 4086 3364 4137 chaldaeos
3380 4086 3675 4149 philosopha·

2124 4171 2204 4219 tus
2226 4171 2323 4230 est,
2345 4171 2394 4219 et
2416 4167 2667 4220 chaldaeas
2690 4166 2850 4216 literas
2880 4166 3061 4216 Graecis
3085 4166 3312 4217 ostendit.
3378 4168 3470 4217 Hic
3486 4179 3683 4229 quoque

2125 4247 2347 4309 quaedam
2371 4246 2489 4297 Mosi
2524 4257 2732 4294 consona
2762 4242 2885 4294 dixit
2908 4243 2968 4293 de
2999 4242 3181 4293 diluvio
3208 4243 3341 4294 etde
3368 4244 3475 4293 aliis
3496 4245 3679 4294 multis.

2127 4326 2281 4374 Etiam
2299 4323 2520 4387 quaedam
2538 4321 2762 4383 tradidit,
2782 4322 2829 4370 in
2848 4320 3021 4382 quibus
3042 4333 3135 4369 non
3155 4320 3371 4371 dissentit
3390 4335 3418 4370 a
3438 4322 3689 4384 prophetis

2126 4403 2333 4452 Jeremia
2368 4404 2416 4450 et
2458 4400 2679 4461 Daniele;
2717 4399 2942 4447 nimirum
2978 4398 3253 4461 conscripsit
3287 4411 3344 4448 ea
3371 4412 3485 4460 qum
3522 4399 3679 4449 Judaei

2125 4479 2328 4542 perpessi
2365 4480 2477 4528 sunt
2513 4490 2543 4525 a
2572 4475 2942 4537 Babyloniorum
2976 4488 3083 4537 rege
3098 4512 3111 4535 ,
3149 4488 3295 4537 quem
3329 4475 3430 4538 ipse
3466 4476 3683 4529 Abonas·

2124 4569 2286 4605 sarum
2322 4556 2488 4616 vocat,
2521 4554 2710 4604 Hebraei
2752 4566 2865 4603 vero
2902 4551 3343 4604 Nabuchodonosor
3378 4557 3678 4616 nuncupant.

2128 4632 2257 4682 ldem
2284 4630 2578 4693 declaravit,
2598 4628 2837 4694 quomodo
2861 4627 3197 4679 Chaldaeorum
3220 4642 3308 4678 rex
3325 4629 3429 4678 solo
3453 4642 3681 4692 aesquave·

2126 4712 2187 4761 rii
2210 4709 2692 4772 Hierosolymitanum
2712 4706 2971 4770 templum;
2996 4707 3227 4767 proeterea
3255 4707 3312 4754 ut
3330 4706 3545 4756 secundo
3569 4708 3681 4769 cyri

2127 4787 2246 4850 regis
2267 4801 2393 4837 anno
2410 4786 2521 4836 novi
2545 4785 2711 4848 templi
2746 4782 3052 4833 fundamenta
3078 4782 3172 4832 sint
3191 4783 3320 4845 iacta
3342 4820 3358 4844 ,
3381 4786 3431 4834 et
3464 4784 3681 4834 secundo

2128 4867 2255 4917 Darii
2282 4867 2402 4930 regis
2418 4878 2542 4915 anno
2560 4864 2792 4927 templum
2825 4864 3207 4913 consummatum
3225 4863 3302 4912 sit.

2852 4990 2935 5040 16.

2190 5119 2289 5169 Etsi
2326 5121 2481 5169 Persae
2513 5132 2667 5182 neque
2700 5131 2812 5168 cum
2837 5115 3015 5168 Graecis
3046 5116 3169 5178 ligna
3200 5114 3247 5164 et
3283 5112 3488 5175 lapides,
3524 5126 3685 5176 neque

2129 5210 2241 5246 cnm
2252 5196 2480 5260 AEgyptiis
2496 5196 2643 5246 ihidas
2658 5198 2705 5246 el
2717 5196 3069 5255 ichneumones,
3084 5194 3244 5242 tamen
3255 5202 3366 5239 cum
3381 5189 3683 5253 philosophis
