4016 5916
1058 409 1960 548 DIONYSIUS
2047 415 2866 553 MILESIUS.

1568 696 2333 732 &effi——

1960 797 1995 812 en
2139 806 2179 818 ....
2325 790 2386 819 ⁴1-ss

433 900 634 960 Suidas
657 923 671 962 ε
696 902 965 971 Διονύσιος
988 903 1244 976 Μιλήσιος
1265 906 1359 982 (⁴³),
1376 903 1648 984 ἱστορικός.
1669 903 1755 965 Τὰ
1774 905 1906 981 μετὰ
1999 909 2221 963 titulum
2257 910 2330 966 de
2354 923 2514 985 parte
2538 911 2895 969 Persicorum
2930 913 3208 988 intelligit.
3241 914 3548 969 Nitzschius

345 989 570 1067 Δαρεῖον
590 991 642 1048 ἐν
665 990 882 1069 βιὸλίοις
897 991 957 1051 ε’.
976 992 1293 1071 Περιῆγησιν
1310 991 1629 1069 οἰκουμένης.
1653 992 1906 1069 Περσικὰ,

354 1075 489 1136 Ἰάδι
523 1078 801 1159 διαλέκτῳ.
839 1083 1093 1158 Τρωικῶν
1139 1078 1317 1159 βιὸλία
1341 1080 1408 1159 γ’.
1434 1080 1665 1141 Μυθικά.
1698 1079 1906 1140 Κύκλον

350 1164 612 1244 ἱστορικὸν
642 1168 693 1225 ἐν
728 1167 947 1248 βιὸλίοις
972 1169 1013 1237 ζ’
1043 1167 1136 1246 (ἕξ
1158 1172 1468 1243 Eudocia).

437 1254 597 1310 Idem
644 1276 699 1315 v,
750 1254 1088 1322 Ἑκαταῖος...
1135 1254 1310 1335 γέγονε
1347 1254 1482 1314 κατὰ
1530 1253 1645 1323 τους
1686 1254 1906 1338 Δαρείου

346 1338 601 1418 χρόνους,
629 1345 722 1400 τοῦ
752 1341 887 1419 μετὰ
921 1340 1217 1419 Καμὸυσην
1248 1341 1669 1441 βασιλεύσαντος,
1695 1338 1780 1399 ὅτε
1817 1365 1905 1399 και

352 1426 623 1494 Διονύσιος
660 1419 723 1499 ἦν
754 1431 782 1486 ὁ
810 1427 1103 1500 Μιλησιος,
1133 1427 1218 1487 ἐπὶ
1247 1452 1338 1498 της
1355 1420 1597 1505 πέμπτης
1616 1427 1705 1486 καὶ
1730 1428 1907 1499 ἑξηκο-

354 1517 487 1585 στῆς
526 1513 879 1591 Ὀλυμπιάδος
904 1518 1023 1592 (01.
1056 1516 1154 1587 65,
1191 1537 1213 1573 ι
1243 1542 1325 1568 =
1244 1517 1465 1574 -520
1490 1537 1547 1573 a.
1580 1519 1666 1584 C„
1701 1520 1801 1592 qui
1828 1529 1909 1573 est

354 1623 537 1659 annus
562 1604 838 1661 secundus
860 1606 1004 1680 regis
1019 1603 1238 1679 Darii).

439 1691 655 1764 Quodsi
680 1692 854 1749 verba
874 1689 940 1747 τὰ
974 1689 1107 1765 μετὰ
1133 1690 1352 1764 Δαρεῖον
1386 1705 1537 1749 recte
1563 1712 1676 1749 sese
1700 1693 1910 1749 habent

357 1791 419 1833 et
462 1778 534 1834 ad
573 1776 854 1853 Hystaspis
892 1778 1069 1834 filium
1105 1779 1397 1836 referenda
1434 1793 1588 1849 sunt,
1613 1781 1935 1853 Dionysi-us⁴

362 1864 603 1922 Hecataei
632 1885 851 1922 coaevus
886 1865 1047 1923 fuisse
1081 1867 1308 1922 videtur
1342 1879 1614 1940 quatenus
1644 1886 1908 1939 juvenem

358 1954 499 2022 viri,
528 1954 713 2008 virum
757 1955 901 2010 senis
924 1953 1191 2027 aequalem
1215 1953 1402 2009 dicere
1425 1954 1573 2009 licet.
1615 1955 1755 2009 Nam
1790 1951 1908 2008 Hc-

354 2052 593 2098 cataeum
635 2042 829 2114 paullo
874 2051 1004 2115 post
1031 2042 1247 2095 Persica
1274 2042 1756 2116 septuagenarium
1793 2040 1908 2096 scre

358 2128 513 2183 diem
523 2127 639 2199 jam
659 2128 860 2184 obiisse
897 2138 1248 2200 compertum
1275 2127 1543 2183 habemus
1575 2126 1669 2204 (v.
1716 2128 1910 2183 Suidas

360 2235 414 2269 v.
448 2210 812 2293 Ἑλλάνικος).

443 2303 792 2376 Scriptorum
833 2304 1181 2379 catalogum,
1210 2321 1375 2376 quem
1418 2301 1612 2358 Suidas
1651 2303 1907 2371 exhibet,

366 2388 658 2444 titulorum
708 2390 964 2464 undique
1012 2402 1218 2447 temere
1245 2400 1637 2464 congestorum
1682 2390 1909 2463 farragi-

366 2494 496 2530 nem
530 2476 838 2533 essehodie
866 2494 1033 2533 nemo
1056 2478 1262 2546 nescit,
1295 2476 1546 2550 quamvis
1568 2476 1627 2530 in
1654 2476 1911 2531 ordinem

364 2564 553 2620 omnia
582 2564 837 2640 redigere
864 2575 920 2620 et
937 2584 1102 2620 suum
1120 2566 1322 2638 cuique
1351 2564 1598 2620 tribuere
1613 2565 1911 2620 etiamnum

362 2670 452 2707 res
482 2653 554 2707 sit
572 2650 921 2709 difficillima.
950 2651 1073 2710 Hoc
1100 2664 1286 2708 tamen
1310 2652 1425 2708 sere
1462 2662 1676 2708 constat
1705 2652 1780 2707 ad
1806 2654 1913 2707 Mi-

359 2740 561 2795 lesium
606 2741 938 2813 Dionysium
963 2758 1032 2796 ex
1059 2740 1217 2795 libris
1261 2741 1545 2795 recensitis
1571 2739 1707 2794 nihil
1742 2742 1913 2812 perti-

360 2846 499 2882 nere
525 2840 729 2901 praeter
768 2825 835 2883 τὰ
862 2825 1096 2906 Περσικὰ
1130 2824 1263 2885 Ἰάδι
1293 2824 1547 2904 διαλέκτῳ
1584 2838 1639 2883 et
1679 2824 1743 2882 τὰ
1779 2824 1935 2900 μετὰ·

358 2918 585 2993 Δαρεῖον
638 2915 689 2971 ἐν
738 2911 953 2994 βιὸλίοις
990 2912 1052 2972 ε’.
1094 2917 1349 2990 Uterque
1396 2916 1586 2971 titulus
1625 2914 1697 2972 ad
1741 2924 1931 2970 unum·

364 3003 634 3077 idemque
662 3022 804 3077 opus
834 3003 1159 3059 referendus
1192 3015 1302 3072 est,
1334 3003 1415 3058 uti
1438 3015 1786 3058 monuerunt
1811 3005 1915 3059 Fa-

362 3091 577 3147 bricius
623 3093 640 3166 (
672 3092 815 3147 Bibl.
850 3093 949 3148 Gr.
976 3094 1050 3156 11„
1072 3110 1130 3168 p.
1188 3111 1299 3166 799
1328 3090 1420 3146 ed.
1472 3090 1621 3165 pr.),
1672 3090 1917 3164 Heynins

362 3177 497 3252 (De
524 3179 668 3234 sont.
703 3190 757 3234 et
792 3180 1053 3234 auctorit.
1082 3179 1324 3235 Diodor.
1377 3197 1437 3252 p.
1481 3178 1555 3234 68
1584 3179 1676 3234 ed.
1719 3174 1913 3253 Bip.)‚

366 3266 480 3321 alii.
524 3270 733 3324 Verum
770 3286 904 3321 num
934 3286 997 3322 ea
1035 3278 1247 3322 tantum
1282 3267 1581 3339 Dionysius
1633 3267 1915 3338 exposuit,

369 3370 491 3424 quae
516 3366 648 3427 post
667 3356 885 3410 obitum
905 3355 1059 3409 Darii
1085 3353 1212 3426 (01.
1239 3353 1330 3423 73,
1354 3360 1408 3422 4,
1436 3371 1487 3408 a.
1507 3353 1570 3408 C.
1602 3352 1711 3417 485
1739 3348 1919 3427 lgesta

366 3439 527 3493 sunt?
550 3442 761 3495 Mirum
788 3442 899 3495 hoc
931 3450 985 3494 et
1017 3441 1257 3494 alienum
1285 3458 1514 3514 prorsus
1541 3431 1609 3494 ab
1627 3440 1791 3510 hujus
1818 3441 1917 3506 aevi

369 3528 756 3599 scriptoribus.
799 3530 994 3600 Neque
1041 3529 1222 3600 aptius
1267 3537 1656 3600 argumentum
1690 3525 1921 3580 habebis

369 3613 466 3668 ubi
483 3614 817 3687 probaveris
844 3614 996 3669 haud
1040 3613 1394 3688 probandam
1417 3613 1659 3669 Fabricii
1703 3624 1937 3667 senten«

364 3703 499 3756 tiam
519 3744 535 3770 ,
568 3703 667 3774 qui
698 3699 763 3756 τὰ
793 3698 925 3775 μετὰ
945 3704 1008 3758 Δ.
1039 3703 1438 3774 interpretatur
1458 3701 1543 3754 De
1567 3700 1727 3754 rebus
1743 3701 1922 3755 Dario

372 3793 681 3862 imperante
732 3795 927 3861 gestis,
994 3787 1231 3862 perinde
1277 3804 1343 3841 ac
1391 3787 1433 3840 si
1489 3798 1626 3842 esset
1664 3782 1729 3840 τὰ
1785 3784 1920 3841 κατὰ

370 3879 435 3932 Δ.
458 3875 576 3954 ’(Ἷ.
604 3873 960 3932 Probabilius
975 3877 1274 3931 Creuzerus
1300 3876 1522 3947 (His-tor.
1548 3875 1727 3928 Kunst
1743 3892 1803 3947 p.
1831 3869 1920 3950 72)

436 4041 498 4100 (Ἴ
532 4040 624 4089 Alii
650 4039 861 4102 Dionysii
885 4038 1051 4089 Milesii
1066 4041 1289 4089 auctores
1310 4040 1636 4088 memorantur
1654 4037 1780 4097 duo,
1804 4039 1924 4088 alter

374 4110 591 4160 medicus
610 4124 688 4173 ap.
720 4111 846 4160 Pliu.
875 4113 934 4160 u.
957 4112 1015 4160 N.
1039 4113 1151 4159 xlll
1171 4112 1220 4158 et
1253 4111 1366 4158 xlv
1398 4108 1527 4166 ind.¹
1552 4109 1721 4158 Galen·
1751 4111 1839 4168 lV,
1861 4113 1887 4159 7
1908 4145 1922 4171 ‚

376 4181 579 4229 Coelium
613 4181 857 4230 Aurelium
870 4217 884 4242 ,
903 4182 1008 4241 etc;
1025 4180 1143 4229 alter
1165 4180 1377 4241 sophista
1389 4177 1476 4226 sub
1492 4178 1731 4228 Hadriano
1749 4179 1922 4228 clarus.

378 4251 435 4297 v.
455 4250 771 4300 Philostratus
790 4253 857 4300 De
885 4249 1083 4313 sophist.
1104 4253 1141 4309 1,
1161 4256 1218 4299 22
1234 4263 1279 4312 p.
1298 4253 1385 4297 513
1399 4284 1414 4308 ,
1435 4253 1547 4309 5225
1571 4249 1658 4298 Dio
1674 4251 1815 4298 thx
1834 4285 1848 4306 ,
1874 4262 1921 4310 p.

376 4324 467 4371 789
494 4321 870 4382 Reim.;Suidas
892 4335 941 4371 v.
970 4320 1238 4382 Διονύσιος;
1264 4316 1440 4368 Eudoc.
1480 4331 1529 4381 p.
1568 4325 1671 4369 130.
1700 4320 1775 4370 Cf.
1803 4321 1923 4369 We-

368 4393 635 4440 stermann.
668 4391 844 4442 Gesch.
867 4390 918 4441 d.
939 4404 1018 4453 qr.
1040 4389 1245 4440 Bereds.
1263 4387 1369 4451 §94
1383 4422 1396 4441 .
1415 4395 1461 4438 6.

440 4463 525 4522 (·’)
556 4462 735 4512 Nititur
762 4461 1003 4511 Fabricius
1028 4461 1135 4510 loco
1153 4459 1395 4510 Plutarchi
1420 4461 1487 4508 Dc
1505 4471 1609 4508 sera
1626 4472 1759 4508 num.
1790 4459 1923 4509 vind.

380 4542 425 4589 p.
454 4536 588 4580 563.
618 4532 784 4586 tohu:
807 4531 1062 4586 Θεσπέσιος
1085 4531 1198 4593 ἀνὴρ
1220 4528 1398 4578 ἐκείνου
1434 4534 1517 4577 τοῦ
1547 4531 1792 4592 γενομένω
1825 4530 1923 4592 μεθ’

2001 992 2176 1069 (Hist.
2216 994 2386 1052 Hom.
2427 1000 2484 1067 1,
2514 1017 2574 1072 p.
2628 997 2747 1074 88)
2793 1000 2992 1072 quinto
3027 998 3546 1054 Persicorumlibro

1995 1100 2084 1137 res
2109 1084 2263 1139 Darii
2290 1087 2562 1158 expositas
2588 1104 2701 1141 esse
2724 1097 2927 1142 censet.
2979 1087 3314 1159 Quanquam
3335 1087 3544 1141 nullam

1997 1169 2261 1243 equidem
2275 1174 2550 1228 rationem
2561 1172 2731 1229 video
2747 1192 2849 1229 cur
2862 1174 2972 1228 hoc
2986 1174 3335 1248 potissimum
3352 1176 3549 1249 aliquis

1996 1258 2340 1314 enotandum
2373 1261 2672 1335 putaverit.
2717 1262 2981 1335 Suspicor
3021 1263 3256 1317 Darium
3295 1275 3548 1319 nostrum

1998 1363 2114 1399 non
2137 1364 2248 1402 esse
2278 1345 2556 1422 Hystaspis
2580 1346 2758 1404 filium
2777 1390 2792 1417 ,
2839 1348 2937 1404 sed
2969 1345 3054 1404 τὸν
3085 1352 3302 1426 Δαρεῖον
3346 1349 3413 1428 (⁴⁸)
3463 1349 3548 1406 τὸν

1996 1429 2087 1487 καὶ
2109 1430 2365 1511 Ἀστυάγη
2382 1478 2400 1511 ,
2428 1432 2482 1492 ὃν
2511 1437 2681 1514 Κῦρος
2699 1432 2929 1492 καθελὼν
2957 1435 3029 1501 εἷς
3056 1433 3265 1514 Πέρσας
3284 1433 3379 1507 τὴν
3407 1440 3551 1514 βασι-

1995 1516 2140 1576 λείαν
2157 1519 2438 1595 μετήνεγκε
2466 1521 2779 1598 (Syncellus
2792 1543 2851 1598 p.
2875 1522 2985 1580 205
2999 1525 3072 1579 D.
3096 1524 3186 1579 ed.
3204 1526 3405 1599 Panp.
3438 1526 3547 1597 387

1998 1607 2091 1662 ed.
2118 1609 2361 1686 Dindf.).
2389 1607 2511 1665 Hoc
2537 1611 2579 1665 si
2604 1628 2799 1665 verum
2829 1622 2938 1680 est,
2967 1611 3198 1666 historia
3227 1614 3385 1687 regni
3411 1609 3553 1668 Per·

1996 1713 2181 1751 sarum
2199 1738 2215 1766 ,
2264 1699 2363 1771 qui
2388 1698 2622 1773 proprie
2663 1698 2741 1754 sic
2780 1698 3067 1768 dicuntur,
3099 1698 3257 1754 libris
3297 1700 3552 1773 quinque

1998 1785 2402 1857 comprehensa
2427 1796 2580 1855 erat3
2607 1785 3002 1853 antecedebat,
3034 1786 3282 1859 opinor?
3294 1798 3425 1860 pars
3468 1789 3550 1842 al-

2001 1870 2216 1927 tera‘de
2245 1884 2422 1948 ‘regno
2449 1873 2803 1945 Assyriorum
2833 1884 2889 1928 ct
2909 1872 3237 1941 Medorum,
3254 1884 3318 1927 ut
3335 1874 3392 1927 in
3415 1875 3552 1929 Per-

1997 1957 2122 2011 sicis
2150 1954 2424 2015 Hellanici
2451 1971 2507 2014 et
2519 1959 2708 2016 Ctesiae
2732 1969 2786 2014 et
2803 1958 3069 2026 Dinonis,
3097 1959 3251 2030 cujus
3273 1961 3550 2032 posterio-

1999 2044 2074 2099 ris
2097 2063 2236 2118 opus
2252 2046 2382 2101 item
2404 2047 2463 2100 in
2474 2045 2664 2120 plures
2683 2042 2942 2112 συντάξεις
2957 2046 3258 2121 pluresque
3277 2047 3552 2102 librorum

2001 2131 2227 2188 ordines
2253 2134 2614 2189 distributum
2633 2144 2771 2192 erat.

2080 2222 2411 2295 Fragmenta
2426 2240 2549 2294 quae
2563 2220 2636 2276 ad
2659 2221 2876 2276 Persica
2895 2222 3148 2295 Dionysii
3168 2233 3322 2277 certo
3333 2221 3551 2293 judicio

2002 2305 2201 2361 referri
2243 2309 2457 2380 possint
2510 2326 2628 2362 non
2665 2308 2870 2364 habeo.
2911 2310 3019 2364 Hic
3050 2320 3233 2364 tamen
3273 2326 3552 2423 apponam
3614 2318 3622 2327 ‘

2001 2392 2231 2447 locmn'
2217 2412 2276 2447 ιιι
2297 2394 2472 2449 Bekk.
2496 2396 2601 2450 An.
2627 2393 2724 2451 Gr.
2753 2413 2814 2469 p.
2847 2393 2990 2465 783.

2761 2550 2810 2588 1.

2086 2651 2235 2712 Φασὶ
2261 2650 2362 2733 γὰρ
2383 2652 2462 2711 ὅτι
2489 2653 2730 2720 Φοίνικες
2763 2652 2856 2731 μὲν
2888 2644 3032 2732 εὗρον
3060 2652 3127 2713 τὰ
3147 2662 3376 2734 στοιχεὶα
3396 2700 3413 2733 ,
3441 2656 3558 2716 Κά-

2007 2742 2133 2817 δμος
2159 2741 2214 2799 δὲ
2245 2741 2439 2819 ἤγαγεν
2487 2740 2620 2801 αὐτὰ
2649 2744 2718 2809 εἷς
2742 2741 2835 2812 τὴν
2859 2741 3116 2802 Ἑλλάδα.
3159 2744 3467 2825 Πυθόδωρος
3503 2745 3558 2803 δὲ

2008 2830 2132 2905 (ὡς)
2159 2831 2212 2886 ἐν
2240 2830 2314 2907 τῷ
2341 2828 2473 2910 Περὶ
2498 2828 2783 2909 στοιχείων,
2813 2828 2902 2887 καὶ
2928 2828 3117 2896 Φίλλις
3139 2833 3167 2888 ὁ
3190 2830 3383 2903 Δήλιος
3408 2834 3458 2889 ἐν
3484 2835 3557 2910 τῷ

2013 2914 2142 2996 Περὶ
2163 2919 2333 2997 χορῶν
2359 2916 2459 2997 πρὸ
2481 2916 2700 2993 Κάδμου
2720 2914 2922 2976 Δαναὸν
2947 2915 3294 2996 μετακομίσαι
3310 2919 3444 2976 αὐτα
3469 2940 3561 2999 ερα-

2008 3026 2109 3063 σιν.
2140 3003 2588 3083 Ἐπιμαρτυροῧσι
2604 3002 2800 3071 τούτοις
2817 3003 2908 3063 καὶ
2925 3008 2971 3062 οἱ
2996 3007 3052 3064 Μ
3060 3005 3559 3087 ιλησιακοὶ-συγγρα-

2008 3091 2148 3170 φεῖς,
2192 3089 2594 3170 Ἀναξίμανδρος
2617 3089 2707 3148 καὶ
2731 3090 2993 3159 Διονύσιος
3033 3092 3439 3167 καὶἝκαταῖος,
3477 3094 3562 3160 οὓς

2007 3177 2099 3235 καὶ
2114 3177 2491 3258 Ἀπολλόδωρος
2509 3180 2561 3236 ἐν
2583 3180 2731 3237 Nat-32
2747 3180 3019 3259 καταλόγῳ
3036 3180 3397 3259 παρατίθεται.

2089 3270 2190 3338 ὡς]
2220 3290 2296 3334 τις
2321 3270 2596 3342 proponit
2624 3269 2864 3328 Nitzsch.
2900 3271 2957 3324 in
2989 3273 3129 3326 Hist.
3160 3273 3331 3327 Hom.
3362 3291 3421 3345 p.
3452 3292 3559 3346 79,

2010 3355 2114 3410 nisi
2152 3354 2424 3411 exciderit
2458 3372 2666 3410 nomen
2711 3358 3059 3431 grammatici
3111 3357 3360 3429 alicujus.
3398 3362 3563 3414 Hunc

2008 3443 2340 3516 Dionysium
2363 3442 2642 3496 diversum
2668 3461 2780 3498 esse
2808 3443 2879 3498 ab
2905 3445 3003 3498 illo
3019 3484 3035 3512 ,
3069 3462 3244 3516 quem
3275 3445 3423 3499 libro
3452 3458 3565 3501 ter-

2015 3531 2092 3583 tio
2119 3528 2377 3602 sequitur
2397 3507 2728 3597 DiodoruS‚
2749 3525 2904 3603 patet
2913 3530 3004 3585 ex
3013 3549 3136 3604 cap.
3165 3530 3391 3600 66-fubi
3421 3534 3564 3588 Cae-l-

2013 3636 2131 3670 mus
2151 3617 2334 3671 literas
2362 3627 2665 3689 asportasse
2689 3618 2746 3671 in
2774 3619 2852 3673 G1
2855 3636 3043 3673 aeciam
3070 3618 3297 3674 dicitur.
3327 3617 3564 3675 llecalaei

2011 3704 2156 3758 hanc
2194 3715 2250 3758 et
2275 3705 2528 3776 Dionysii
2567 3705 2895 3759 sententiam
2924 3707 3181 3781 respicit,
3221 3718 3284 3761 ut
3315 3707 3558 3775 videtur,

2017 3789 2337 3845 Herodotus
2356 3792 2424 3859 V,
2447 3789 2540 3858 58,
2573 3790 2669 3844 ubi
2702 3810 2756 3846 ν.
2785 3793 2963 3847 Baehr.
2996 3805 3053 3849 et
3078 3813 3221 3867 quos
3242 3795 3450 3851 laudat.
3478 3796 3561 3850 Cf.

2013 3879 2253 3932 Nitzsch.
2287 3879 2325 3932 l.
2355 3879 2393 3931 l.
2415 3897 2477 3951 p.
2507 3875 2602 3950 89.
2626 3877 2848 3950 Adjicio
2869 3881 3038 3935 alium
3068 3882 3258 3936 locum
3281 3900 3351 3937 ex
3371 3882 3563 3938 iisdem

2016 3966 2190 4021 Bekk.
2223 3968 2332 4021 An.
2364 3966 2461 4022 Gr.
2489 3983 2549 4039 p.
2585 3964 2970 4035 362‚ubihaec
2996 3987 3012 4022 :

2758 4103 2813 4140 τι.

2013 4261 2022 4266 ,
2099 4194 2268 4279 Αἷμον
2294 4201 2806 4284 τὸ·ὄρος·οὗδετε’ρως
2836 4203 3118 4272 Ἑκαταῖος
3153 4205 3458 4276 δι’ὰῆταντὸς
3479 4208 3567 4266 καὶ

2019 4294 2064 4350 Δ
2080 4313 2096 4347 ι
2110 4314 2138 4349 ο
2152 4290 2367 4357 νύσιος
2388 4290 2477 4349 καὶ
2502 4289 2811 4357 Ἑλλάνικος
2833 4291 2923 4349 καὶ
2952 4291 3191 4360 Εὔδοξος.

2080 4465 2141 4527 (⁴¹)
2177 4467 2247 4514 De
2263 4464 2455 4514 nomine
2473 4466 2664 4525 Δαρεῖος
2683 4477 2763 4512 vv.
2797 4464 2878 4513 dd.
2913 4467 3172 4517 sententias
3188 4467 3378 4531 collegit
3411 4469 3567 4518 Baehr.

2018 4534 2329 4584 adHerodot.
2354 4537 2450 4596 Vl,
2471 4541 2548 4585 69.
2567 4533 2697 4584 idem
2721 4534 2836 4584 ibid.
2864 4537 2984 4585 tom.
3012 4539 3075 4586 lv
3097 4550 3145 4599 p.
3166 4541 3257 4587 486
3279 4541 3378 4587 not.
3401 4538 3462 4587 de
3483 4542 3572 4586 Da·

380 4608 499 4666 ήμῖι..
550 4608 748 4656 ἐνταῦθα
767 4609 1105 4669 Πρωτογένους.
1127 4605 1235 4657 lbi·
1217 4619 1393 4668 Jamex
1418 4603 1557 4653 codd.
1585 4608 1929 4700 repositumest
2018 4607 2090 4654 rio
2109 4605 2248 4654 Medo
2270 4604 2434 4658 laudat
2458 4608 2516 4655 F.
2548 4607 2664 4654 Keil
2694 4606 2894 4668 Apoloq.
2941 4608 3164 4658 lsersuch
3198 4608 3327 4658 iiber
3351 4607 3434 4657 die
3469 4611 3572 4659 Bn-

372 4677 477 4736 ,μεθ’
500 4680 656 4740 ἡμῶν.

2018 4675 2209 4726 cherd.
2232 4674 2526 4725 Chroniltu.
2554 4677 2951 4737 Est-afflerolin.
2979 4679 3153 4739 1833),
3174 4691 3224 4740 p.
3257 4685 3302 4727 11
3332 4692 3436 4741 sqq.

384 4763 3567 4794 ——————-—-——————————————.ffl-—-—

1138 4831 1186 4880 1.

2014 4845 2223 4894 quorum
2250 4831 2537 4883 testimoniis
2560 4832 2882 4896 Apollodorus
2913 4847 3106 4897 quoque
3131 4834 3180 4883 in
3202 4834 3408 4884 Navium
3436 4836 3568 4884 cata·

442 4910 693 4959 Pboeuices
736 4909 872 4959 aiunt
916 4909 1149 4960 invenisse
1199 4910 1392 4972 literaS,
1435 4908 1671 4961 Cadmum
1721 4923 1838 4960 vero
1886 4911 1933 4959 in
2018 4909 2125 4972 logo
2143 4921 2258 4959 usus
2279 4911 2367 4959 est.

385 4989 621 5037 Graeciam
647 4988 882 5038 attulisse.
917 4988 1217 5051 pythodorus
1233 4989 1419 5037 veroin
1442 4987 1564 5038 libro
1588 4992 1660 5038 De
1688 4989 1935 5038 elementis

385 5065 653 5126 literarum,
671 5069 772 5114 etl‘
774 5066 901 5116 hillis
914 5065 1135 5115 Deliusiu
1148 5068 1367 5128 opereDe
1381 5061 1571 5126 choris‘
1577 5065 1933 5128 antecadmum

2081 5077 2301 5125 naemum
2325 5076 2542 5124 montem
2567 5075 2716 5138 Αἷμον
2736 4994 2909 5125 ηἰιιῐιο
2930 5089 3101 5138 genere
3120 5078 3373 5128 Hecataeus
3391 5076 3571 5140 ubique

387 5153 469 5190 ²²⁵
497 5140 596 5201 5³¹⁰
635 5144 859 5191 Dfflum
894 5145 1157 5204 ὃψθΐῑθῦὅθ
1192 5141 1413 5191 *fadunt-
1484 5142 1821 5191 Ᾰὸὓθῦῑῑΰΰῑῦῑ
1861 5142 1935 5192 ¹¹¹⁸
2019 5158 2068 5206 et
2092 5156 2344 5220 Dionysius
2364 5158 2414 5206 et
2436 5154 2708 5206 Hellanicus
2729 5157 2778 5206 et
2799 5154 3026 5205 Eudoxus
3040 5154 3226 5206 dicunt.

386 5217 557 5268 Milesii
580 5217 842 5280 scriptores
861 5217 1209 5269 Anaxituauder
1231 5221 1281 5269 et
1302 5217 1555 5280 Dionysius
1578 5221 1628 5268 et
1648 5220 1928 5282 Hecataeus,
