4016 5916
578 426 1736 571 DEMOCHARES
1824 426 3127 566 LEUCONOENSIS.

1584 752 2151 788 -ψ-

330 974 711 1035 Demochares
737 973 1147 1028 Leuconoensis
1172 967 1236 1046 (Ἴ
1258 1010 1274 1036 ,
1316 980 1580 1041 tanquam
1618 978 1811 1021 orator

235 1080 428 1141 atque
465 1059 595 1138 ἀνὴρ
626 1057 885 1124 πολιτικὸς
920 1062 1049 1115 satis
1082 1068 1250 1114 notus
1276 1067 1389 1123 est,
1419 1066 1484 1110 ut
1519 1055 1813 1109 historicus

239 1160 605 1209 memoratur
638 1167 668 1203 a
696 1147 1056 1221 paucissimis,
1090 1149 1349 1202 Parentes
1378 1142 1577 1198 habuit
1600 1141 1809 1197 Lache·

241 1252 371 1296 ter-
393 1250 448 1295 et
471 1254 727 1292 sororem
754 1235 1159 1306 Demosthenis,
1189 1249 1354 1288 avum
1380 1229 1808 1292 Democharem‚

243 1330 356 1401 qui
406 1335 764 1381 materteram
807 1320 1195 1378 Demosthenis
1224 1318 1482 1373 duxerat.
1531 1313 1635 1390 (V.
1681 1315 1809 1368 Dc-

241 1414 459 1472 mosth.
511 1412 611 1470 Or.
655 1412 682 1465 1
727 1428 779 1467 c.
829 1408 1055 1482 Aphoh.
1099 1425 1160 1480 p.
1220 1403 1334 1460 818
1384 1405 1455 1460 R.
1507 1400 1655 1477 (103
1676 1442 1691 1469 ‚
1739 1408 1807 1466 αἱ,

249 1498 504 1575 notak),
525 1500 626 1556 Or.
651 1499 737 1564 11,
757 1516 818 1570 p.
849 1494 961 1550 836
986 1497 1058 1553 R.
1091 1492 1232 1570 (123
1250 1536 1265 1562 ,
1293 1492 1326 1547 3
1347 1488 1558 1566 Bekk.)
1580 1509 1596 1558 ;
1618 1487 1815 1545 Suidas

241 1609 292 1647 5.
324 1608 382 1642 ν.
411 1581 729 1661 Δημοχάρης
753 1593 807 1637 et
842 1578 1058 1650 Γύλωνς
1082 1579 1364 1637 Plutarch.
1398 1578 1548 1634 Mor.
1568 1594 1625 1649 p.
1657 1572 1812 1650 751.)

243 1679 434 1731 Mater
454 1692 628 1746 quum
649 1672 871 1726 duobus
890 1672 1047 1724 annis
1061 1670 1255 1741 junior
1278 1677 1415 1722 esset
1442 1664 1815 1721 Demosthene

253 1763 273 1841 (
296 1781 358 1836 Ρ.
391 1760 500 1825 824
530 1777 544 1815 τ
572 1757 666 1833 ἐμὲ
690 1757 798 1816 ἕπτ’
819 1755 954 1813 ἐτῶν
980 1756 1102 1812 ὄντα
1127 1753 1217 1812 καὶ
1240 1751 1334 1822 τὴν
1355 1746 1579 1829 ἀδελφὴν
1607 1747 1814 1822 πέντε),

249 1850 468 1905 natales
486 1846 603 1918 ejus
627 1844 884 1900 incidunt
907 1845 966 1898 in
988 1862 1075 1899 an.
1102 1843 1236 1900 380.
1261 1839 1638 1896 Demochares
1654 1848 1816 1892 natus

247 1936 424 1991 suerit
447 1937 592 1990 circa
624 1932 920 1999 355-3503
954 1932 1091 1985 vixit
1112 1929 1296 1986 adhuc
1319 1947 1405 1984 an.
1429 1925 1573 1993 280,
1608 1925 1817 2000 Gorgia

250 2024 528 2078 archonte
547 2064 563 2090 ‚
595 2022 697 2076 sub
724 2038 840 2093 quo
877 2029 1110 2074 statuam
1144 2017 1392 2088 aliosque
1417 2014 1665 2069 honores
1702 2017 1815 2070 De-

254 2109 536 2164 mostheni
559 2107 944 2162 decernendos
961 2125 992 2161 a
1018 2104 1237 2179 populo
1265 2101 1533 2176 flagitavit
1561 2099 1687 2176 ('*);
1715 2119 1813 2156 an·

261 2215 341 2251 no
379 2214 488 2265 272
517 2195 717 2249 similia
743 2194 1078 2248 Demochari
1099 2191 1459 2247 Athenienses
1490 2189 1816 2257 decrevere,

253 2284 572 2358 postulante
603 2282 718 2337 silio
747 2282 1008 2338 Lachete.
1050 2281 1193 2336 Tum
1222 2279 1392 2353 igitur
1408 2277 1526 2348 jam
1562 2287 1816 2332 mortuus

320 2473 381 2534 (·)
416 2473 763 2530 DemochareS,
803 2473 953 2534 paler
990 2471 1206 2519 Arisleae
1238 2471 1452 2519 Procon.
1487 2480 1564 2529 ap.
1598 2466 1730 2516 Suid.
1760 2479 1811 2514 v.

256 2543 513 2606 Ἆριστέας;
555 2548 611 2593 1).
653 2545 945 2605 Spartanus
967 2554 1041 2603 ap.
1067 2541 1189 2590 Plut.
1230 2538 1364 2601 Agid.
1398 2544 1479 2599 ¹93
1510 2542 1567 2587 D.
1597 2537 1815 2587 libertus

265 2616 518 2673 Pompeii,
544 2627 621 2675 ap.
652 2611 849 2674 Appian.
893 2614 942 2661 Β.
969 2614 1025 2661 C.
1064 2613 1126 2670 V,
1162 2615 1221 2659 8³
1254 2623 1358 2671 sqq.
1391 2614 1478 2658 105
1528 2607 1637 2656 vid.
1672 2608 1816 2656 etiam

266 2683 457 2733 Btrckh.
474 2687 527 2731 C.
555 2687 592 2732 1.
617 2685 654 2738 Ι,
676 2686 783 2742 3ι4,
803 2685 849 2731 4.
879 2681 1196 2730 Demochares
1209 2680 1434 2741 corrupte
1453 2691 1539 2741 pro
1570 2677 1816 2727 philocha-

269 2766 343 2801 res
364 2765 442 2814 ap.
465 2754 588 2802 Plut.
615 2755 733 2801 Mor.
751 2765 807 2814 p.
834 2754 946 2813 840,
966 2754 1026 2800 D.
1045 2751 1119 2801 Cf.
1139 2749 1355 2800 Callisth.
1379 2751 1437 2798 fr.
1460 2754 1535 2799 38.

321 2824 408 2883 (”)
431 2822 669 2872 Plutarch.
694 2823 795 2872 vn.
817 2823 856 2871 X
883 2823 970 2874 Or.
994 2834 1044 2883 p.
1066 2825 1151 2871 851
1178 2819 1261 2883 (Ρ.
1289 2825 1405 2869 1036
1428 2818 1596 2880 Didot)
1622 2838 1634 2868 ι
1655 2822 1818 2881 Δημο-

261 2892 400 2956 χάρης
427 2891 564 2955 (libri
584 2887 881 2954 Τιμοχάρης)
901 2889 1117 2953 Λάχητος
1141 2889 1423 2944 Λευκονοεὺς
1441 2889 1561 2937 αἰτεῖ
1578 2891 1815 2950 Δημοσθέ-

262 2981 324 3013 νει
341 2969 409 3029 τῷ
430 2964 747 3026 Δημοσθένους
773 2964 987 3012 Παιανιεῖ
997 2962 1172 3025 δωρεὰν
1191 2962 1349 3010 εἰκόνα
1367 2962 1546 3024 χαλκῆν
1569 2961 1616 3009 ἐν
1637 2961 1784 3024 ἀγορᾷ
1798 2995 1811 3017 ,

265 3036 341 3083 καί
375 3036 558 3093 σίτησιν
582 3034 630 3082 ἐν
657 3030 941 3096 πρυτανείῳ,
975 3034 1055 3081 καὶ
1087 3032 1328 3095 προεδρίαν
1352 3034 1479 3094 αὐτῷ
1505 3033 1584 3079 καί
1609 3032 1810 3092 ἐγγόνων

265 3105 331 3154 ἀεὶ
353 3111 421 3170 τῷ
438 3102 742 3168 πρεσὸυτάτῳ
756 3116 768 3128 ·
790 3102 1002 3166 εὐεργέτῃ
1025 3104 1104 3150 καὶ
1128 3103 1377 3165 συμόούλῳ
1394 3100 1603 3163 γεγονότι
1629 3102 1812 3148 πολλῶν

263 3178 340 3224 καὶ
359 3178 514 3224 καλῶν
548 3178 617 3235 τῷ
641 3174 774 3234 δήμῳ
796 3179 889 3220 τῶν
908 3172 1172 3231 Ἀθηναίων,
1198 3174 1280 3220 καὶ
1311 3173 1393 3229 τήν
1415 3187 1466 3220 τε
1488 3171 1649 3219 οὐσίαν
1673 3172 1735 3226 εἰς
1759 3173 1813 3220 τὸ

263 3247 412 3294 κοινὸν
441 3243 675 3293 καθεικότι
698 3245 781 3297 τὴν
805 3242 971 3291 ἐαυτοῦ
988 3278 1002 3303 ,
1025 3243 1106 3291 καί
1130 3241 1328 3291 ἐπιδόντι
1350 3242 1553 3290 τάλαντα
1575 3240 1699 3289 ὀκτὼ
1731 3242 1810 3289 καὶ

263 3316 418 3378 τριήρη
431 3351 443 3373 ,
465 3314 540 3362 ὅτε
559 3315 585 3361 ό
603 3315 745 3375 δῆμος
763 3313 1069 3375 ἠλευθέρωσεν
1090 3312 1288 3361 [ficem
1302 3325 1314 3336 ·
1334 3313 1413 3358 καί
1430 3310 1603 3371 ἑτέραν,
1626 3307 1723 3373 [ὅτε
1749 3312 1811 3365 εἷς

265 3384 599 3443 Ἑλλήσποντον
621 3382 945 3444 Κηφισόδωρος
978 3382 1238 3437 ἐξέπλευσε·
1264 3384 1289 3408 *
1313 3382 1392 3429 καὶ
1417 3381 1592 3442 ἑτέραν,
1611 3381 1685 3428 ὅτε
1712 3381 1810 3428 Χά-

267 3470 343 3517 ρης
368 3454 448 3505 καὶ
471 3454 675 3502 Φωκίων
697 3452 942 3514 στρατηγοὶ
970 3450 1326 3515 ἐξεπέμφθησαν]
1350 3452 1413 3506 εἰς
1442 3450 1687 3507 Βυζάντιον
1719 3452 1810 3499 ὑπὸ

267 3530 347 3573 τοῦ
373 3525 521 3585 δήμου
535 3538 548 3549 ·
571 3524 648 3571 καὶ
673 3522 1010 3583 λυτρωσαμένῳ
1033 3523 1226 3579 πολλοὺς
1242 3528 1335 3571 τῶν
1359 3520 1561 3570 ἁλόντων
1589 3522 1636 3569 ἐν
1657 3521 1810 3583 Πύδνῃ

266 3596 341 3644 καὶ
363 3595 556 3655 Μεθώνῃ
576 3594 654 3641 καὶ
673 3592 878 3652 Ὀλύνθῳ
895 3593 986 3640 ὑπὸ
1005 3592 1243 3642 Φιλίππου
1256 3606 1268 3619 ·
1295 3594 1374 3641 καὶ
1395 3590 1621 3656 χορηγίαν
1644 3591 1808 3654 ἄνδρά·
1821 3584 1840 3611 ‘

268 3684 337 3715 σιν
363 3664 562 3714 ἐπιδόντι
580 3701 595 3723 ,
630 3664 706 3711 ὅτε
726 3660 1002 3711 ἐκλιπόντων
1027 3669 1119 3711 τῶν
1152 3664 1462 3713 Πανδιονιδῶν
1482 3666 1566 3710 τοῦ
1595 3668 1809 3726 χορηγεῖν

267 3737 464 3784 ἐπέδωκε
483 3771 496 3795 ,
522 3734 602 3781 καὶ
629 3733 893 3802 καθώπλισε
911 3734 1014 3787 τοὺς
1045 3733 1233 3789 πολίτας
1258 3738 1352 3782 τῶν
1379 3730 1676 3781 ἐλλειπόντων
1690 3747 1704 3760 ·
1729 3733 1807 3779 καί

266 3808 325 3860 εἰς
353 3807 434 3863 τὴν
466 3803 753 3865 τειχοποιίαν
789 3802 1002 3851 ἀνάλωσε
1030 3805 1358 3866 χειροτονηθεὶς
1392 3803 1485 3851 ὑπὸ
1510 3807 1592 3850 τοῦ
1628 3803 1776 3864 δήμου
1794 3839 1807 3861 ,

270 3876 492 3929 ἐπιδόντος
517 3874 661 3922 αὐτοῦ
687 3872 790 3936 τρία
817 3872 1040 3922 τάλαντα·
1065 3877 1152 3933 ,καὶ
1182 3874 1235 3929 ἃς
1271 3874 1475 3923 ἐπέδωκε
1507 3873 1589 3922 δύο
1619 3873 1808 3935 τάφρους

267 3946 360 4007 περὶ
378 3945 456 3993 τὸν
478 3946 673 4006 Πειραιᾶ
685 3942 938 4006 ταφρεύσας
953 3959 964 3970 ·
980 3942 1059 3991 καὶ
1082 3943 1196 4005 μετὰ
1213 3944 1296 4001 τὴν
1311 3943 1357 3991 ἐν
1375 3943 1637 4005 Χαιρωνείᾳ
1655 3942 1808 4004 μάχην

268 4013 462 4064 ἐπέδωκε
483 4013 704 4062 τάλαντον
717 4029 730 4040 ·
750 4010 830 4061 καὶ
855 4014 918 4069 είς
939 4014 1022 4071 τὴν
1041 4011 1257 4061 σιτωνίαν
1277 4013 1505 4061 ἐπέδωκεν
1522 4014 1569 4061 ἐν
1590 4018 1646 4076 τῇ
1677 4029 1807 4061 σιτο-

269 4084 361 4146 δείᾳ
382 4083 604 4131 τάλαντον
623 4095 635 4107 ·
657 4082 738 4129 καὶ
762 4080 839 4130 ὅτε
865 4084 928 4137 εἰς
951 4082 1222 4145 συμμαχίαν
1245 4087 1312 4143 τῷ
1334 4083 1468 4143 δήμῳ
1491 4080 1808 4144 προσηγάγετο

270 4152 421 4207 πείσας
435 4188 448 4211 ,
468 4153 547 4200 καὶ
567 4150 802 4212 εὐεργέτης
820 4152 1061 4213 γενόμενος
1079 4154 1159 4198 καί
1181 4151 1443 4213 σύμὸουλος
1457 4185 1470 4208 ,
1491 4150 1549 4197 δι’
1569 4150 1635 4197 ὢν
1658 4150 1813 4196 ἔπεισε

272 4222 491 4279 θηὸαίους
505 4258 519 4283 ,
538 4222 745 4281 Εύὸοεῖς,
767 4223 1048 4284 Κορινθίως,
1071 4224 1313 4284 Μεγαρεῖς,
1339 4221 1563 4283 Ἀχαιούς,
1587 4221 1812 4282 Λοκροὺς,

270 4292 560 4352 Βυζαντίους,
604 4292 924 4352 Μεσσηνίους,
961 4293 1041 4340 καὶ
1072 4291 1285 4353 δυνάμεις
1318 4292 1370 4346 ἃς
1395 4291 1710 4346 συνεστήσατο
1747 4296 1814 4353 τῷ

272 4360 393 4424 δήμῳ
417 4362 496 4408 καί
521 4367 615 4415 τοῖς
643 4361 906 4424 συμμάχοις
929 4362 1094 4417 πεζοὺς
1121 4360 1203 4422 μὲν
1237 4358 1450 4422 μυρίους,
1471 4358 1637 4413 ἱππέας
1669 4360 1716 4407 δέ
1740 4375 1814 4421 χι-

269 4431 380 4485 λίους
393 4466 408 4490 ,
427 4430 505 4478 καί
528 4430 737 4486 σύνταξιν
754 4431 1024 4493 χρημάτων,
1049 4432 1105 4488 ἢν
1129 4430 1283 4478 ἔπεισε
1305 4429 1593 4492 πρεσὸεύσας
1614 4429 1813 4490 διδόναι,

271 4502 366 4555 τοὺς
400 4500 482 4562 μὲν
519 4500 797 4563 συμμάχους
831 4502 895 4557 εἰς
926 4503 1006 4550 τὸν
1041 4502 1243 4562 πόλεμον
1274 4500 1419 4548 πλείω
1463 4496 1815 4564 [πεντακοσίων]

270 4568 524 4618 ταλάντων
547 4572 626 4617 καὶ
660 4572 722 4624 ὡς
750 4570 956 4618 ἐκώλυσε
983 4569 1384 4626 Πελοποννησίους
1416 4568 1490 4616 ἐπί
1514 4568 1672 4625 Orba:
1703 4571 1815 4619 Ἀλε·

273 4640 432 4703 ξάνδρῳ
461 4640 690 4702 βοηθῆσαι
709 4674 723 4697 ,
747 4641 964 4702 χρήματα
986 4641 1090 4695 δοὺς
1105 4676 1119 4700 ,
1144 4640 1224 4688 καί
1248 4640 1383 4695 αὐτὸς
1400 4639 1683 4701 πρεσὸεύσας
1700 4655 1712 4669 ·
1735 4643 1814 4689 καὶ

273 4713 410 4759 ἄλλων
445 4710 629 4757 πολλῶν
659 4711 739 4757 καὶ
763 4712 918 4759 καλῶν
939 4716 1008 4773 τῷ
1039 4711 1175 4774 δήμῳ
1205 4710 1453 4772 συμὸοὐλῳ
1475 4710 1681 4770 γεγονότι
1696 4746 1709 4769 ,
1736 4713 1816 4761 καὶ

274 4780 629 4841 πεπολιτευμένῳ
647 4782 740 4827 τῶν
759 4780 868 4829 καθ’
897 4780 1061 4829 ἑαυτὸν
1082 4780 1193 4843 πρὸς
1214 4779 1467 4841 ἐλευθερίαν
1487 4779 1564 4827 καὶ
1584 4780 1817 4844 δημοκρα·

272 4849 361 4896 τίαν
380 4848 572 4911 ἆρισ-τα’
592 4848 781 4909 φυγόντι
805 4849 856 4898 δέ
877 4848 937 4897 δι’
957 4847 1244 4910 ὀλιγαρχίαν,
1279 4848 1606 4905 καταλυθέντος
1632 4855 1714 4898 τοῦ
1739 4853 1818 4910 δή·

275 4933 381 4977 μου,
405 4917 484 4965 καὶ
505 4916 863 4974 τελευτήσαντος
886 4917 1093 4967 αὗτοῦέν
1113 4917 1381 4981 Καλαυρίᾳ,
1406 4918 1482 4966 διὰ
1505 4918 1585 4975 τὴν
1612 4920 1817 4980 πρός-τὸν

275 4990 405 5035 mum
437 4984 639 5043 εὔνοιαν,
655 4988 956 5046 πεμφθέντων
986 4991 1283 5049 στρατιωτῶν
1307 4989 1380 5036 ἐπ’
1399 4988 1537 5036 αὐτὸν
1569 4988 1661 5037 ἀπὸ
1685 4990 1820 5040 Ἀντι-

281 5048 465 5109 πάτρου,
492 5048 777 5112 διαμείναντι
801 5058 852 5102 ἐν
872 5061 931 5119 τῇ
951 5059 1066 5119 πρὸς
1093 5059 1150 5108 τὸ
1190 5057 1360 5116 πλῆθος
1383 5058 1537 5121 εὐνοίᾳ
1554 5059 1634 5106 καί
1652 5061 1819 5109 οἰκειό-

274 5141 392 5187 τητι,
423 5125 504 5174 καί
530 5128 636 5173 οὔτε
681 5131 936 5191 ὑποχειρίῳ
975 5135 1209 5190 γενομένῳ
1247 5133 1342 5183 τοῖς
1377 5129 1584 5191 ἐχθροῖς,
1628 5130 1734 5179 οὔτε
1773 5148 1818 5180 τι

279 5195 446 5252 ἀνάξιον
471 5194 520 5244 ἐν
537 5198 605 5258 τῷ
625 5195 821 5260 κινδύνῳ
839 5197 1055 5261 πράξαντι
1078 5202 1160 5248 τοῦ
1180 5198 1345 5261 δήμου.

1899 976 2039 1022 erat.
2070 965 2502 1040 Rempublicam
2528 969 2851 1042 capesserat‘
2879 976 3007 1021 ante
3032 984 3121 1023 an.
3149 964 3258 1021 322
3281 988 3295 1035 3
3327 986 3456 1022 nam

1901 1070 2075 1124 quum
2107 1062 2360 1108 oratores
2397 1052 2528 1108 dedi
2552 1053 2656 1108 sibi
2686 1055 2982 1126 Antipater
3011 1052 3192 1125 jussit,
3240 1057 3459 1110 Demo-

1902 1140 2121 1209 chares,
2151 1141 2454 1196 acerrimus
2484 1150 2605 1194 tum
2648 1141 3022 1197 Macedonicae
3063 1140 3320 1197 factionis
3360 1141 3458 1196 ad·

1901 1228 2201 1295 versamus,
2234 1225 2422 1300 gladio
2444 1228 2725 1284 accinctus
2756 1230 2814 1283 in
2842 1230 3116 1284 concione
3145 1230 3459 1284 orationem

1902 1314 2153 1369 habuisse
2181 1313 2389 1368 dicitur
2446 1311 2535 1388 (’).
2552 1315 2774 1371 Scilicet
2796 1317 2884 1371 vir
2906 1316 3010 1371 suit
3033 1313 3275 1372 καὶκατὰ
3300 1314 3460 1372 πόλε-

1904 1425 1998 1478 μον
2029 1401 2217 1478 ἀγαθὸς
2253 1400 2343 1459 καί
2383 1400 2521 1459 κατὰ
2554 1399 2667 1468 τοὺς
2703 1403 2996 1471 πολιτικοὺς
3041 1402 3219 1480 λόγους
3259 1403 3465 1470 οὐδενὸς

1901 1489 2110 1569 χείρων,
2130 1493 2324 1565 patriae
2346 1491 2619 1548 libertatis
2642 1495 3072 1564 amantissimus,
3102 1495 3331 1550 summis
3348 1513 3455 1568 per

1901 1567 2074 1634 vitain
2101 1597 2133 1633 a
2169 1578 2383 1633 civibus
2404 1580 2760 1648 muneribuS,
2788 1582 3025 1656 egregiis
3050 1592 3180 1655 post
3216 1592 3459 1636 mortem

1903 1665 2219 1720 honoribus
2259 1677 2510 1722 ornatus.
2548 1667 2688 1725 Ecce
2727 1668 3015 1723 decretum
3044 1670 3245 1743 populi
3285 1669 3457 1725 Athe·

1903 1753 2138 1823 niensis,
2182 1753 2340 1825 quod
2376 1755 2615 1809 servavit
2654 1756 2982 1812 Plutarchus
3018 1757 3075 1810 in
3108 1757 3221 1813 Vit.
3260 1757 3319 1812 X
3361 1756 3461 1812 Or.

1902 1859 1963 1912 p.
1996 1844 2106 1910 752
2147 1839 2242 1915 (p.
2279 1839 2421 1910 1037
2453 1840 2687 1917 Didot.)
2719 1834 2962 1919 εἈρχων
2992 1840 3299 1920 Πυθάρατος
3331 1842 3459 1918 (Ol.

1914 1947 2055 1998 127,
2109 1947 2166 1987 α.
2213 1924 2387 2006 272)·
2425 1925 2609 2005 Λάχης
2649 1928 2993 2006 Δημοχάρους
3036 1927 3347 1994 Λευκονοεὺς
3385 1930 3464 1985 αἰ·

1904 2015 1984 2071 τεῖ
2016 2011 2212 2093 δωρεὰν
2252 2012 2346 2084 τὴν
2383 2013 2573 2092 βουλὴν
2608 2014 2697 2072 καί
2734 2015 2821 2073 τὸν
2857 2016 3019 2091 δῆμον
3050 2020 3152 2073 τῶν
3180 2016 3461 2087 Ἀθηναίων

1907 2099 2211 2180 Δημοχάρει
2232 2097 2473 2178 Λάχητος
2496 2101 2773 2160 Λευκονοεῖ
2798 2101 2970 2159 εἰκόνα
2993 2105 3197 2180 χαλκῆν
3218 2105 3270 2161 ἐν
3297 2105 3463 2184 ἀγορᾷ

1907 2187 1995 2246 καί
2017 2188 2218 2259 σίτησιν
2252 2190 2305 2245 ἐν
2333 2186 2625 2268 πρυτανείῳ
2656 2188 2847 2268 [αὐτῷ]
2875 2188 2966 2247 καί
2990 2194 3089 2248 τῶν
3117 2189 3340 2268 ἐγγόνων
3376 2193 3459 2248 ἀεὶ
3548 2209 3559 2218 ”

1908 2279 1980 2352 τῷ
2010 2272 2382 2356 πρεσὸυτάτῳ,
2410 2271 2499 2332 κᾶἰ
2529 2274 2805 2356 προεδρίαν
2850 2278 2900 2334 έν
2927 2285 3060 2335 πᾶσι
3097 2285 3202 2344 τοῖς
3242 2280 3463 2355 ἀγῶσιν,

1907 2363 2151 2443 εὐεργέτῃ
2187 2361 2278 2422 καί
2307 2361 2587 2442 συμόούλῳ
2613 2362 2842 2441 γεγονότι
2871 2365 3049 2443 ἀγαθῷ
3076 2367 3152 2445 τῷ
3178 2364 3329 2443 δήμῳ
3356 2368 3459 2421 τῶν

1907 2450 2207 2524 Ἀθηναίων,
2225 2451 2315 2509 καὶ
2348 2451 2706 2530 εὐεργετηκότι
2734 2451 2819 2510 τὸν
2841 2452 3005 2527 δῆμον
3025 2451 3147 2510 τάδε
3166 2475 3180 2489 ·
3205 2450 3461 2532 πρεσὸεύ-

1907 2560 2015 2596 οντι
2053 2537 2143 2596 καί
2177 2537 2426 2618 γράφοντι
2458 2537 2549 2595 καὶ
2575 2536 2957 2618 πολιτευομένῳ
2975 2582 2991 2610 ,
3034 2538 3139 2617 [“]
3183 2539 3461 2615 οἰκοδομὴν

1907 2627 2117 2704 τειχῶν,
2140 2626 2230 2683 καὶ
2252 2623 2586 2705 παρασκευὴν
2611 2623 2786 2683 ὅπλων
2804 2624 2893 2684 καὶ
2919 2629 3083 2704 βελῶν
3106 2625 3195 2684 καὶ
3219 2649 3461 2704 μηχανη·

1910 2713 2113 2789 μάτων,
2135 2710 2224 2770 καὶ
2248 2711 2633 2792 ὀχυρωσαμένῳ
2656 2711 2750 2781 τὴν
2774 2711 2927 2771 πόλιν
2948 2711 3034 2769 ἐπὶ
3053 2718 3142 2770 τοῦ
3165 2718 3465 2793 τετραετοῦς

1907 2798 2137 2875 πολέμου
2168 2801 2264 2875 (1),
2290 2801 2380 2857 καὶ
2416 2799 2624 2879 εἰρήνην
2653 2799 2742 2857 καὶ
2782 2798 2976 2878 ἀνοχὰς
3014 2801 3105 2857 καὶ
3151 2800 3463 2878 συμμαχίαν

1966 2976 2030 3037 (*)
2057 2975 2300 3024 Plutarch.
2330 2974 2429 3024 Vit.
2453 2978 2492 3024 Χ
2511 2978 2597 3025 Or.
2622 2991 2669 3038 p.
2701 2978 2823 3024 8276
2844 2973 2925 3036 (p.
2954 2980 3071 3024 1032
3106 2975 3287 3027 Didotl
3310 2993 3323 3023 t
3348 2975 3463 3039 Εἶχε

1905 3045 1952 3094 δὲ
1972 3045 2327 3108 (Δημοσθένης)
2351 3045 2430 3094 καὶ
2458 3045 2673 3109 ἀδελφὴν,
2692 3047 2737 3102 ἐξ
2757 3045 2811 3104 ἧς
2832 3046 2915 3093 καὶ
2930 3045 3143 3108 Λάχητος
3165 3046 3466 3101 Λευκονοέως

1905 3116 2170 3177 ἀδελφιδοῦς
2190 3116 2319 3178 αὐτῷ
2343 3114 2620 3178 Δημοχάρης
2642 3116 2822 3177 ἐγένετο
2840 3156 2854 3176 ,
2879 3115 2992 3177 ἀνὴρ
3015 3117 3094 3163 καὶ
3119 3116 3240 3163 κατὰ
3260 3114 3463 3177 πόλεμον

1905 3185 2096 3247 ἀγαθὸς,
2111 3187 2191 3234 καί
2210 3186 2332 3234 κατὰ
2347 3186 2452 3241 τοὺς
2470 3188 2733 3242 πολιτικοὺς
2750 3185 2913 3242 λόγους
2932 3186 3109 3239 οὐδενὸς
3125 3185 3308 3248 χείρων.
3328 3185 3465 3235 ΙἘστι

1905 3256 1944 3303 δ’
1969 3257 2113 3304 αὐτοῦ
2144 3255 2283 3303 εἰκὼν
2320 3255 2369 3304 ἐν
2402 3260 2473 3319 τῷ
2504 3256 2762 3319 πρυτανείῳ
2793 3254 3031 3304 εἰσιόντων
3052 3257 3163 3317 πρὸς
3195 3257 3277 3313 τὴν
3309 3255 3466 3304 ἑστίαν

1904 3326 2028 3389 δεξιᾷ
2051 3323 2099 3388 [ὁ
2137 3324 2339 3386 πρῶτος]
2372 3325 2736 3388 περιεζωσμένος
2776 3324 2876 3386 ἅμα
2903 3329 2972 3385 τῷ
3007 3324 3177 3387 ίματίῳ
3200 3327 3281 3373 καὶ
3310 3324 3430 3387 ξίφος
3450 3337 3462 3350 ·

1911 3396 2035 3443 οὕτω
2058 3394 2147 3458 γὰρ
2165 3395 2484 3456 δημηγορῆσαι
2501 3396 2709 3455 λέγεται,
2731 3396 2870 3453 ἡνίκα
2892 3394 3178 3456 Ἀντίπατρος
3198 3395 3340 3456 ἐξῄτει
3359 3394 3464 3449 τοὺς

1899 3465 2113 3527 ῥήτορας.
2146 3463 2307 3527 Χρόνῳ
2330 3464 2379 3512 δὲ
2411 3465 2602 3528 ὕστερον
2619 3464 2844 3520 Ἀθηναῖοι
2871 3462 3054 3520 σίτησίν
3076 3463 3118 3511 τ’
3140 3463 3186 3511 ἐν
3204 3464 3465 3526 πρυτανείῳ

1899 3539 1993 3589 τοῖς
2014 3534 2254 3595 συγγενέσι
2272 3538 2355 3581 τοῦ
2375 3535 2692 3597 Δημοσθένους
2715 3534 3002 3589 {socam
3028 3532 3155 3593 αὐτῷ
3197 3532 3462 3588 τετελευτη-

1899 3603 2000 3653 κότι
2022 3605 2103 3660 τὴν
2126 3602 2285 3651 εἰκόνα
2319 3603 2537 3653 ἀνέθεσαν
2557 3604 2604 3652 ἐν
2628 3604 2659 3651 ἀ
2792 3637 2806 3656 .
2832 3601 2905 3650 ἐπὶ
2928 3601 3124 3663 Γοργίου
3148 3602 3368 3664 ἄρχοντος
3388 3604 3462 3650 αἰ·

1896 3667 2160 3726 τησαμένου
2176 3665 2303 3726 αύτῷ
2320 3666 2402 3720 τὰς
2421 3666 2594 3727 δωρεὰς
2606 3669 2695 3713 τοῦ
2849 3663 2948 3711 ιδοῦ
2968 3662 3273 3725 Δημοχάρους
3290 3676 3300 3687 ·
3325 3664 3364 3724 ᾧ
3379 3664 3456 3710 καὶ

1900 3737 2029 3797 αύτῷ
2059 3735 2195 3783 πάλιν
2231 3736 2258 3782 ό
2280 3734 2379 3790 υίὸς
2419 3735 2578 3797 Λάχης
2612 3733 2913 3797 Δημοχάρους
2950 3732 3233 3789 Λευκονοεὺς
3257 3733 3463 3795 ᾐτήσατο

1897 3805 2071 3868 δωρεὰς
2089 3841 2103 3865 ,
2140 3803 2215 3853 ἐπὶ
2240 3803 2515 3867 Πυθαράτου
2548 3805 2795 3866 ἄρχοντος,
2831 3802 3010 3864 δεκάτῳ
3031 3803 3221 3864 ὕστερον
3245 3804 3333 3851 ἔτει
3349 3840 3361 3861 ,
3380 3805 3463 3861 τὴν

1895 3882 1974 3933 τῆς
1995 3875 2169 3930 εἰκόνος
2200 3874 2363 3923 στάσιν
2393 3876 2440 3923 ἐν
2467 3874 2613 3937 ἀγορᾷ
2642 3877 2721 3921 καί
2760 3872 2943 3930 σίτησιν
2968 3874 3015 3921 ἐν
3045 3873 3302 3936 πρυτανείῳ
3333 3874 3463 3936 αὐτῷ

1895 3961 1945 3994 τε
1975 3946 2055 3993 καὶ
2079 3945 2280 4006 ἐγγόνων
2302 3945 2374 3994 ἀεὶ
2408 3949 2478 4007 τῷ
2507 3942 2841 4008 πρεσδυτάτῳ,
2874 3945 2954 3992 καὶ
2978 3943 3217 4006 προεδρίαν
3236 3945 3283 3992 ἐν
3315 3944 3462 3992 ἅπασι

1895 4019 1988 4069 τοῖς
2011 4013 2181 4074 ἀγῶσι.
2210 4015 2300 4066 Καὶ
2336 4014 2434 4062 ἔστι
2456 4015 2515 4062 τὰ
2538 4012 2815 4076 ψηφίσματα
2852 4012 2968 4076 ὑπερ
3002 4013 3269 4076 ἀμφοτέρων
3288 4013 3459 4074 ἀναγε-

1899 4083 2141 4146 γραμμένα
2154 4100 2166 4111 ·
2188 4086 2217 4142 ἠ
2240 4082 2280 4130 δ’
2297 4085 2434 4133 εἰκὼν
2454 4088 2536 4132 τοῦ
2557 4082 2859 4145 Δημοχάρους
2878 4084 2940 4138 εἰς
2959 4083 3014 4132 τὸ
3033 4088 3304 4145 πρυτανεῖον
3327 4098 3459 4144 μετε·

1910 4154 2113 4216 κομίσθη
2126 4190 2142 4215 ,
2162 4154 2264 4216 περὶ
2283 4153 2335 4213 ἧς
2356 4153 2639 4218 προείρηται.

1967 4226 2036 4283 (1)
2068 4222 2171 4272 Ἐπὶ
2190 4228 2274 4272 τοῦ
2291 4229 2558 4287 τετραετοῦς
2576 4222 2815 4286 πολέμου]
2833 4241 2856 4265 α
2880 4224 2947 4283 By
2975 4222 3057 4271 tue
3082 4221 3188 4270 four
3208 4234 3343 4282 years
3360 4234 3463 4271 war

1902 4292 2213 4355 (307-303)
2240 4305 2315 4343 we
2338 4296 2467 4343 must
2488 4292 2779 4343 understand
2797 4295 2879 4341 the
2900 4304 3000 4340 war
3020 4290 3181 4340 which
3201 4291 3464 4341 cassander

1899 4381 1947 4417 a.
1975 4364 2325 4425 Polysperchon
2349 4362 2534 4413 carried
2554 4376 2617 4413 on
2645 4364 2826 4425 against
2853 4363 2933 4411 the
2961 4361 3166 4421 Greeks,
3192 4361 3347 4423 partly
3364 4361 3455 4410 du·

1903 4434 2005 4494 ring
2025 4434 2106 4481 the
2122 4434 2323 4483 absence
2338 4433 2396 4483 ol*
2413 4433 2680 4484 Demetrius
2710 4432 2757 4480 in
2780 4431 2913 4491 Asia,
2944 4430 3036 4479 and
3061 4430 3216 4493 partly
3240 4430 3363 4480 after
3386 4431 3461 4481 his

1904 4504 2608 4566 return.01.oiodorxx,1oo.
2626 4522 2652 4546 ν
2673 4504 2906 4552 Criu-ror«.
2931 4502 2986 4549 F.
3008 4500 3069 4548 H.
3086 4499 3145 4548 ad
3160 4512 3238 4549 an.
3257 4505 3367 4565 302,
3382 4500 3461 4550 cui

1906 4573 2105 4621 exilium
2132 4572 2436 4623 Democharis
2452 4572 2687 4636 assignat,
2722 4571 2867 4621 allato
2884 4569 2992 4619 loco
3022 4568 3263 4619 Plutarchi
3290 4569 3339 4619 in
3372 4574 3465 4621 De·

1903 4645 2047 4693 metr.
2066 4656 2110 4692 c.
2133 4646 2225 4694 242
2254 4645 2669 4708 Προσεψηφίσαντο
2691 4640 2985 4704 (Ἀθηναῖοι)
3006 4639 3218 4702 δεδόχθαι
3244 4646 3313 4705 τῷ
3328 4640 3463 4708 δήμῳ

1902 4719 1994 4762 τῶν
2016 4714 2274 4774 Ἀθηναίων,
2309 4718 2403 4763 πᾶν
2427 4714 2454 4763 ὅ
2480 4730 2525 4762 τι
2558 4716 2616 4762 ἂν
2648 4714 2675 4761 ὁ
2708 4711 2920 4775 βασιλεὺς
2954 4710 3211 4773 Δημήτριος
3235 4712 3461 4775 κελεύσῃ,

1903 4788 2040 4831 τοῦτο
2057 4785 2138 4832 καὶ
2168 4785 2281 4846 πρὸς
2303 4784 2431 4840 θεοὺς
2453 4783 2584 4834 ὅσιον
2611 4783 2691 4831 καὶ
2714 4782 2827 4845 πρὸς
2847 4780 3111 4843 ἀνθρώπους
3129 4779 3245 4830 εἶναι
3262 4780 3459 4832 δίκαιον.

1905 4852 2128 4909 Εἰπόντος
2147 4853 2199 4902 δέ
2214 4869 2335 4911 τινος
2359 4858 2452 4902 τῶν
2471 4854 2627 4902 καλῶν
2646 4852 2867 4913 κάγαθῶν
2898 4849 3089 4911 ἀνδρῶν,
3123 4850 3363 4913 μαίνεσθαι
3382 4853 3462 4902 τὸν

1906 4924 2191 4984 Στρατοκλέα
2210 4928 2403 4973 τοιαῦτα
2420 4922 2652 4987 γράςοντα
2665 4959 2680 4984 ,
2700 4919 2980 4985 Δημοχάρης
2996 4921 3024 4969 ό
3044 4922 3326 4979 Λευκονοεὺς
3340 4922 3458 4972 εἶπε·

1907 5012 1928 5033 «ι
1955 4992 2183 5042 Μαίνοιτο
2214 4995 2398 5056 μεντᾶν,
2432 4995 2471 5042 εἰ
2495 4998 2559 5056 μή
2587 4994 2817 5057 μαίνοιτο.
2854 5010 2879 5034 ι»
2915 4990 3075 5040 Πολλὰ
3094 4990 3183 5055 γὰρ
3206 4994 3233 5040 ὀ
3256 4995 3459 5055 Στρατο-

1905 5065 2015 5120 κλῆς
2038 5064 2256 5124 ὠφελεῖτο
2280 5064 2356 5113 διὰ
2374 5065 2457 5121 τήν
2475 5062 2741 5113 κολακείαν.
2774 5062 2832 5111 ‘O
2850 5061 2899 5111 δέ
2918 5061 3197 5124 Δημοχάρης
3219 5063 3291 5111 ἐπὶ
3309 5063 3461 5127 τούτῳ

1906 5133 2161 5190 διαὸληθεὶς
2196 5134 2493 5196 ἐφυγαδεύθη.
2533 5133 2692 5184 Verba
2725 5133 2818 5181 ὑπὸ
2858 5135 2951 5179 τῶν
2991 5131 3349 5181 καταλυσάντων
3380 5136 3460 5184 τὸν

1913 5201 2060 5267 δῆμον
2073 5216 2101 5254 e
2119 5205 2280 5254 mente
2294 5203 2601 5255 Democharis
2622 5203 2749 5254 dicta
2768 5201 2976 5264 intellige
3000 5200 3062 5250 de
3080 5203 3320 5252 Demetrio
3332 5203 3458 5265 eius·
