4016 5916
493 369 603 419 122

480 499 706 564 putata,
731 489 1014 563 colligitur
1036 489 1167 543 hinc
1195 487 1503 544 Aristotelis
1528 486 1735 543 librum
1760 486 1832 543 de
1862 505 2034 561 repu-

485 580 631 633 blica
674 577 1094 634 Atheniensium
1132 593 1244 632 esse
1276 586 1408 650 post
1440 574 1502 630 id
1537 586 1754 649 tempus
1790 573 2032 645 editum,

479 685 604 740 quo
643 663 960 722 Alexander
999 683 1094 720 eos
1126 664 1231 719 sibi
1255 674 1545 739 arrogaret
1570 664 1796 722 natales.
1827 664 2035 718 Verum

481 752 648 826 quod
678 753 1006 809 Aristoteles
1025 762 1092 807 ut
1112 751 1429 809 Dinarchus
1452 761 1508 806 et
1525 749 1901 806 Philochorus
1927 748 2039 806 Pa-

483 842 674 897 rralum
702 851 759 896 et
793 837 1166 896 Ammoniada
1204 839 1423 895 novisse
1452 838 1738 908 dicuntur,
1769 840 1815 894 si
1839 839 1918 893 ita
1944 857 2036 894 ac·

499 925 825 1004 cipiendum
845 938 925 983 est
943 968 958 997 ,
987 926 1141 999 quasi
1167 943 1306 981 vero
1336 925 1690 982 Salaminiam
1712 945 1831 981 non
1859 944 2038 981 nove-

481 1016 622 1085 rint,
638 1024 791 1070 recte
810 1012 1106 1085 conjecisse
1123 1011 1408 1087 putandus
1424 1023 1506 1067 est
1542 1010 1692 1068 idem
1711 1010 2040 1070 Grashofius

490 1099 861 1157 Ammoniada
878 1119 996 1156 non
1026 1118 1231 1155 novam
1254 1118 1453 1155 navem
1478 1117 1692 1155 sacram
1721 1100 1884 1155 fuisse
1899 1140 1916 1170 ,
1941 1098 2040 1154 sed

488 1205 701 1245 nomen
719 1188 778 1243 id
797 1188 1106 1244 Salaminiae
1123 1204 1235 1242 esse
1249 1186 1465 1257 datum,
1493 1188 1569 1242 ita
1579 1197 1643 1241 ut
1658 1205 1773 1260 quo
1787 1197 2041 1261 tempore

469 1268 470 1271 ¹
488 1276 778 1331 Ammonis
801 1275 989 1346 fuerit,
1003 1293 1122 1330 non
1135 1273 1305 1330 fuerit
1313 1274 1610 1330 Salaminia
1623 1293 1640 1342 ;
1654 1283 1824 1347 atque
1839 1273 2042 1328 eodem

479 1381 618 1418 sane
635 1362 778 1418 illud
796 1362 979 1418 facere
995 1361 1250 1432 videtur,
1286 1359 1807 1436 quod-Protogenes
1832 1361 2039 1435 pictor,

496 1450 594 1522 qui
622 1449 770 1504 circa
808 1448 1031 1522 Olymp.
1078 1453 1184 1514 104
1223 1458 1385 1503 natus
1422 1456 1479 1502 et
1513 1457 1644 1521 post
1669 1445 1895 1520 Olymp.
1931 1464 2040 1519 1¹9

483 1535 696 1591 -obiisse
710 1534 955 1605 videtur,
978 1553 1154 1608 quum
1172 1533 1746 1608 Athenispropylaeon
1759 1535 2038 1608 pingeret,

489 1621 744 1677 Paralum
776 1630 830 1676 et
876 1620 1251 1677 Ammoniada
1273 1620 1352 1675 ibi
1374 1619 1535 1689 fecit,
1587 1638 1708 1674 non
1739 1620 2040 1675 emissurus

477 1704 850 1763 Salaminiam
866 1749 881 1777 ,
895 1709 939 1762 si
959 1705 1257 1763 Salaminia
1272 1725 1339 1762 eo
1358 1716 1614 1780 tempore
1627 1706 1833 1762 fuisset.
1845 1708 2042 1780 Neque

479 1812 626 1850 *vero
672 1797 870 1851 contra
919 1813 1042 1849 eam
1088 1794 1475 1866 conjecturam
1512 1804 1755 1866 pugnat,
1787 1792 1946 1867 quod
1983 1795 2046 1849 in

485 1882 949 1956 inscriptionibus
977 1880 1346 1955 quibusdam,
1377 1900 1500 1954 quae
1540 1880 1614 1935 ad
1643 1899 1764 1937 rem
1788 1882 2043 1937 navalem

493 1969 913 2025 Atheniensium
947 1979 1217 2043 spectant,
1251 1998 1327 2012 ---
1353 1967 1651 2024 Boeckhius
1686 1986 1777 2024 eas
1802 1985 1851 2023 a.
1895 1967 2043 2033 1840

453 2055 668 2131 ‚edidit
702 2067 757 2112 et
788 2057 1197 2131 elegantissimae
1235 2055 1507 2111 doctrinae
1540 2055 1856 2130 plenissimo
1887 2074 2046 2111 com-

479 2145 763 2200 -mentario
791 2144 1050 2199 instruxit
1080 2141 1401 2223 (Urkunden
1427 2143 1564 2198 iiber
1583 2143 1644 2200 d.
1673 2142 1957 2199 Seewesen
1979 2145 2039 2199 d.

477 2243 599 2290 att.
625 2227 849 2307 διαιταν)
877 2262 953 2273 -
972 2231 1268 2287 Salaminia
1297 2230 1452 2285 navis
1479 2240 1535 2285 et
1564 2230 1803 2288 triremis
1816 2241 1872 2286 et
1899 2250 2043 2304 qua-

491 2318 750 2375 driremis
761 2328 1256 2388 commemoratur,
1274 2317 1567 2372 Ammonis
1575 2335 1691 2371 non
1704 2336 2045 2373 commemo·

479 2418 660 2465 satur.
678 2409 900 2464 Etenim
923 2425 992 2462 ex
1009 2407 1115 2461 illis
1132 2406 1586 2480 inscriptionibus
1603 2416 1818 2479 quarta,
1832 2408 2045 2482 quippe

477 2514 614 2569 quae
655 2506 752 2552 aut
791 2495 879 2553 Ol.
918 2492 1058 2564 105,
1101 2500 1132 2559 l.
1164 2503 1261 2549 aut
1297 2493 1441 2561 106,
1482 2512 1505 2548 1
1534 2495 1740 2567 scripta
1765 2494 2043 2570 videatur,

489 2583 581 2638 hic
599 2602 671 2639 ne
689 2584 749 2637 in
777 2600 1003 2638 censum
1025 2581 1254 2654 quidem
1272 2582 1459 2651 venit3
1488 2581 1680 2653 itaque
1712 2582 1896 2655 agitur
1917 2591 2044 2636 tan-

485 2682 605 2726 tum
638 2671 709 2726 de
737 2671 1100 2742 inscriptione
1130 2668 1268 2723 XIV
1305 2686 1426 2741 quae
1455 2667 1547 2724 Ol.
1600 2666 1729 2735 113,
1774 2674 1804 2734 l.
1823 2710 1840 2739 ‚
1881 2680 1938 2724 et
1973 2669 2045 2724 de

491 2756 948 2830 inscriptionibus
975 2756 1079 2811 XV
1104 2764 1157 2809 et
1180 2755 1316 2809 XVI
1335 2772 1458 2827 quae
1479 2754 1571 2810 Ol.
1608 2773 1632 2809 1
1649 2761 1712 2819 14
1734 2795 1749 2823 ,
1774 2774 1806 2809 2
1827 2757 2045 2829 scriptae

473 2854 644 2912 .sunt;
665 2841 1023 2897 statuendum
1041 2842 1149 2895 erit
1164 2841 1334 2914 igitur
1354 2838 1668 2895 Salaminiae
1681 2859 1892 2896 nomen
1910 2861 2044 2899 mox

480 2940 820 2986 .revocatum
848 2946 961 2984 esse
990 2927 1295 3000 datumque
1317 2928 1433 2984 sive
1456 2925 1650 2983 rursus
1680 2927 1784 3001 ipsi
1811 2932 2045 2985 Ammo-

497 3016 615 3070 nidi
644 3018 759 3070 sive
787 3016 880 3069 alii
921 3015 1079 3082 navi,
1111 3031 1359 3085 quorum
1393 3014 1505 3070 hoc
1531 3014 1886 3087 probabilius
1912 3028 1994 3072 est
2025 3036 2038 3071 ε

483 3119 679 3175 ,ηεᾳιιε
704 3100 1012 3174 quidquam
1043 3110 1123 3154 est
1151 3099 1309 3172 quod
1344 3119 1448 3155 nos
1473 3111 1665 3175 cogat,
1696 3111 1761 3156 ut
1800 3099 2043 3158 Salami-

491 3189 642 3244 niam
668 3205 865 3243 navem
891 3188 1321 3260 inscriptionum
1348 3188 1572 3241 illarum
1593 3204 1701 3259 pro
1729 3205 1869 3242 nave
1891 3206 2045 3246 sacra

487 3285 549 3330 et
574 3275 802 3349 publica
827 3275 1150 3331 habeamuS.
1184 3297 1209 3324 υ
1246 3276 1380 3330 Haec
1405 3273 1752 3329 doctissimus
1784 3276 2042 3332 Meierus.

473 3363 573 3419 ⁸Cf.
605 3361 852 3434 ejusdem
880 3361 1321 3417 dissertationem
1344 3359 1416 3417 de
1441 3362 1640 3417 Paralo
1659 3362 1719 3416 in
1747 3362 1940 3423 Ersclae.
1981 3383 2041 3424 ιι.

495 3450 721 3507 Gruber.
759 3450 1011 3519 Enclycl.
1045 3466 1154 3504 sec.
1193 3451 1284 3518 11,
1315 3448 1431 3504 vol.
1459 3449 1575 3518 XI,
1609 3460 1665 3504 et
1691 3449 1920 3508 Boeckh.
1947 3450 1982 3504 l.
2005 3451 2043 3505 l.

490 3557 551 3610 p.
578 3535 671 3607 78.
698 3538 966 3593 Veterum
1003 3536 1325 3592 testimonia
1353 3536 1584 3592 collecta
1618 3536 1793 3593 habes
1819 3536 1878 3591 in
1915 3533 2046 3592 Ste-

486 3625 660 3696 phan.
706 3624 862 3680 Thes.
894 3643 946 3682 V.
974 3619 1240 3701 Πάραλος.
1820 3624 1824 3628 ’

1220 3727 1313 3786 50.

572 3836 985 3907 Harpocration
1022 3850 1037 3891 :
1065 3831 1120 3892 'A
1136 3854 1178 3889 π
1190 3853 1218 3889 ο
1230 3832 1259 3889 δ
1273 3831 1298 3889 ε’
1311 3855 1343 3891 κ
1358 3850 1493 3891 ται·
1515 3832 1655 3913 ἀρχή
1676 3836 1757 3900 τίς
1774 3835 1883 3891 ἐστι
1913 3834 2039 3915 παρ’

473 3918 775 3990 Ἀθηναίοις
789 3921 836 3978 οἱ
866 3917 1179 3992 ἄποδέκται,
1203 3911 1265 3991 ἧς
1291 3920 1544 3986 πολλάκις
1562 3920 1969 3997 μνημονεύουσιν
1994 3924 2044 3981 οἱ

474 4005 699 4085 ,ῥήτορες
720 4006 809 4065 καὶ
819 4009 867 4066 οἱ
889 4005 1135 4084 κωμικοί.
1160 4005 1515 4087 Ἀριστοτέλης
1540 4009 1583 4065 δ’
1598 4008 1651 4065 ἐν
1675 4011 1740 4087 τῇ
1766 4006 2044 4081 Ἀθηναίων

1198 4177 1287 4226 50.

551 4256 818 4308 Ἀποδὲκται
831 4296 846 4321 ,
865 4259 1160 4323 receptores,
1180 4259 1486 4322 magistratus
1508 4259 1604 4310 ruit
1629 4258 1758 4323 apud
1776 4259 2039 4311 Athenien-

472 4347 589 4396 ·ses,
618 4335 752 4398 cujus
773 4338 988 4387 oratores
1010 4338 1061 4386 et
1077 4335 1248 4386 comici
1273 4335 1476 4386 subinde
1500 4334 1837 4386 meminerunt.
1857 4337 2043 4387 Aristo·

488 4411 607 4461 telos
624 4424 741 4462 vero
766 4412 817 4462 in
842 4416 958 4478 Rep.
978 4412 1340 4464 Atheniensium
1363 4412 1573 4462 ostendit
1591 4411 1740 4462 denos
1763 4412 1932 4476 fuisse,
1958 4413 2044 4477 qui

465 4487 701 4551 ‘acceptis
726 4491 906 4542 tabulis
928 4491 1159 4555 publicis,
1179 4491 1374 4541 nomina
1400 4491 1674 4542 debitorum
1705 4494 1812 4554 post
1828 4494 2044 4556 pecuniae

475 4565 773 4618 ‚solutionem
789 4603 804 4628 ,
839 4569 890 4617 ln
917 4570 1086 4619 senatu
1118 4581 1281 4619 eoram
1308 4567 1609 4620 senatoribus
1634 4567 1883 4632 delebant,
1906 4568 2044 4620 tabu·

496 4643 660 4704 larque
676 4641 851 4692 iterum
871 4646 1041 4695 aerario
1073 4635 1340 4696 tradebant.
1367 4645 1503 4696 idem
1525 4645 1711 4708 reliqua
1728 4658 1897 4696 eorum
1928 4659 2040 4697 mu-

495 4731 611 4767 nera
623 4732 734 4781 qum
751 4720 928 4770 met-int
945 4722 1156 4785 exponit.
1176 4725 1403 4772 ceterum
1423 4721 1668 4786 apodectae
1684 4722 1732 4772 in
1751 4723 1911 4773 locum
1923 4723 2046 4774 cola·

478 4796 732 4921 pacatum
752 4808 782 4845 a
799 4797 1041 4848 clhtbene
1056 4798 1327 4864 subrogati,
1348 4802 1403 4850 ut
1422 4799 1686 4851 Androtion
1698 4800 1820 4851 libro
1832 4801 2043 4853 secundo

636 4884 710 4921 ur.

1222 4959 1312 5010 51.

555 5034 773 5093 Πωληταῖ
807 5037 856 5086 et
880 5036 1187 5100 πωλητήριον.
1233 5039 1386 5090 Erant
1421 5040 1617 5092 Athenis
1646 5042 1857 5101 πωληταὶ
1883 5043 2043 5094 certus

482 5112 690 5179 quidam
714 5115 1045 5179 magistratus,
1066 5115 1235 5168 decem
1263 5131 1464 5169 numero
1500 5119 1619 5183 viri,
1643 5133 1700 5171 ex
1729 5120 1924 5185 singulis
1945 5123 2035 5172 tri-

1576 352 2068 416 ARISTOTELIS
2110 354 2604 415 FRAGMENTA.

2122 484 2356 565 πολιτείᾳ
2375 483 2676 557 δεδήλωκεν,
2705 486 2774 551 ὣς
2797 482 2922 544 δέκα
2941 507 2997 543 τε
3020 477 3231 564 εἴησαν,
3246 484 3338 544 καὶ
3355 488 3424 553 ὣς
3445 491 3685 567 παραλα·

2124 571 2296 639 δόντες
2314 571 2381 630 τὰ
2403 579 2740 651 γραμματεῖα
2773 571 3115 653 ἄπαλείφουσι
3142 570 3209 630 τὰ
3237 572 3683 652 καταὸαλλόμενα

2122 657 2374 737 χρήματα
2395 664 2487 729 τῆς
2518 661 2705 738 βουλῆς
2734 657 2960 718 ἐναντίον
2991 661 3044 718 ἐν
3078 661 3154 740 τῷ
3180 660 3561 742 βουλευτηρίῳ,
3589 663 3682 724 καὶ

2125 744 2285 802 πάλιν
2328 745 2666 805 ἀποδιδόασιν
2702 744 2771 804 τὰ
2806 753 3145 827 γραμματεῖα
3184 750 3259 829 τῷ
3292 748 3552 831 δημοσίῳ·
3591 751 3683 810 καὶ

2128 833 2305 899 ἁπλῶς
2327 831 2359 891 ἃ
2385 831 2671 914 πράττουσι
2698 834 2959 916 διασαφεῖ.
3000 828 3133 895 Ὅτι
3164 832 3218 892 δὲ
3242 835 3357 895 ἀντὶ
3379 839 3482 895 τῶν
3504 838 3683 898 κωλα-

2126 923 2321 997 κρετῶν
2347 922 2396 979 οἱ
2443 919 2728 981 ἂποδέκται
2759 921 2859 980 ὑπὸ
2893 920 3235 990 Κλεισθένους
3274 923 3683 1004 ἀπεδείχθησαν,

2128 1005 2429 1086 Ἀνδροτίων
2456 1011 2508 1068 ἐν
2529 1012 2603 1092 τῷ
2624 1006 2844 1090 δευτέρῳ
2871 1008 2894 1086 (
2914 1010 2983 1069 fr.
3010 1011 3045 1068 3
3071 1010 3113 1088 ).

2205 1096 2417 1152 Eadem
2444 1115 2515 1154 ex
2536 1109 2697 1173 parte
2723 1098 2919 1155 Suidas
2936 1117 2981 1154 s.
3011 1117 3098 1170 v.‚
3121 1101 3308 1174 Etym.
3338 1102 3416 1159 M.
3439 1120 3501 1175 p.
3536 1110 3643 1170 124
3661 1145 3679 1175 ‚

2127 1186 2368 1240 Zonaras
2383 1202 2442 1258 p.
2476 1186 2610 1252 234.
2633 1185 2718 1243 Cf.
2750 1187 2983 1242 Aristot.
3015 1187 3184 1242 Polit.
3215 1189 3293 1244 VI
3305 1228 3323 1258 ,
3356 1187 3389 1244 5
3409 1229 3426 1259 ,
3455 1197 3484 1257 l.
3507 1209 3524 1259 ;
3545 1191 3688 1246 Bek-

2127 1271 2249 1327 ker.
2292 1273 2509 1328 Anecd.
2540 1274 2589 1342 1,
2642 1272 2747 1347 98,
2804 1279 2912 1344 427
2937 1293 2953 1342 ;
2996 1274 3173 1330 schol.
3208 1273 3282 1329 ad
3321 1276 3568 1332 AEschin.
3618 1278 3684 1335 C.

2128 1359 2472 1433 Ctesiphont.
2519 1378 2580 1434 p.
2615 1358 2727 1416 252
2760 1360 2852 1418 ed.
2896 1360 3073 1415 Bekk.
3114 1362 3315 1417 Pollux
3357 1365 3524 1433 VIII,
3560 1384 3636 1440 97
3663 1383 3683 1423 z

2129 1441 2434 1504 Ἀποδέκται
2477 1442 2532 1504 δὲ
2566 1437 2699 1517 ἦσαν
2743 1445 2867 1504 δέκα
2886 1490 2904 1518 ,
2943 1443 2993 1504 οἳ
3019 1443 3135 1513 τούς
3165 1468 3221 1504 τε
3256 1446 3438 1526 φόρους
3462 1448 3555 1507 καὶ
3592 1448 3687 1518 τὰς

2130 1528 2370 1612 εἰσφορὰς
2398 1529 2487 1589 καὶ
2526 1531 2595 1590 τὰ
2623 1530 2747 1604 τέλη
2780 1531 3091 1611 ὑπεδέχοντο
3112 1533 3202 1592 καὶ
3231 1533 3298 1592 τὰ
3339 1535 3460 1612 περὶ
3486 1534 3684 1596 τούτων

2131 1617 2596 1696 ἀμφισὸητούμενα
2620 1619 2868 1689 ἐδίκαζον.
2900 1622 2963 1679 Εἰ
2988 1619 3045 1678 δέ
3069 1643 3121 1679 τι
3153 1621 3326 1697 μεῖζον
3349 1620 3448 1694 εἴη,
3474 1625 3683 1696 εἰσῆγον

2132 1706 2202 1772 εἷς
2219 1704 2574 1785 δικαστήριον.
2595 1709 2823 1765 Boeckh.
2843 1710 3092 1768 Staatsle.
3107 1713 3154 1780 Ι,
3176 1729 3237 1784 p.
3264 1730 3285 1766 1
3301 1731 3330 1782 7
3343 1730 3364 1767 1
3381 1730 3504 1786 sqq.
3517 1729 3535 1788 ς
3550 1715 3690 1770 Her·

2130 1795 2380 1870 mann.§
2413 1793 2553 1867 151,
2593 1804 2691 1866 14;
2723 1797 3074 1853 Schoemann.
3097 1816 3156 1871 p.
3186 1804 3319 1873 249.

2858 1895 2951 1952 51.

2211 1998 2371 2054 Idem
2398 2013 2414 2056 τ
2438 1994 2759 2068 Πωληταὶ
2788 1996 2896 2056 καὶ
2919 1996 3349 2077 πωλητήριον.
3371 2001 3440 2060 Οἱ
3461 1996 3555 2077 μὲν
3576 2024 3681 2059 πω·

2131 2081 2288 2152 ληταὶ
2305 2081 2444 2162 ἀρχή
2464 2080 2540 2149 τίς
2566 2083 2704 2141 ἐστιν
2726 2082 2966 2155 Ἀθήνησι
2977 2083 3100 2143 δέκα
3124 2084 3214 2143 τὸν
3240 2085 3449 2166 α’ριθμὸν
3477 2087 3677 2168 ἄνδρες,

2133 2161 2202 2236 εἷς
2217 2172 2275 2228 ἐκ
2284 2173 2374 2241 τῆς
2392 2170 2557 2250 φυλῆς
2577 2169 2799 2243 ἑκάστης
2816 2193 2829 2208 ·
2857 2170 3104 2230 διοικοῦσι
3133 2169 3186 2230 δὲ
3201 2170 3267 2229 τὰ
3281 2171 3680 2253 πιπρασκόμενα

2133 2255 2234 2314 ὑπὸ
2261 2259 2352 2327 τῆς
2379 2257 2577 2323 πόλεως
2593 2255 2767 2316 πάντα
2783 2301 2799 2330 ,
2823 2255 2950 2329 τέλη
2978 2258 3066 2317 καὶ
3095 2256 3333 2334 μέταλλα
3361 2259 3452 2319 καὶ
3482 2262 3679 2338 μισθώ·

2134 2365 2237 2409 σεις
2262 2342 2353 2400 καὶ
2393 2341 2461 2401 τὰ
2495 2344 2845 2421 δημευόμενα.
2885 2344 3165 2425 Ὑπερίδης
3205 2347 3258 2404 ἐν
3287 2350 3361 2428 τῷ
3396 2347 3511 2407 κατ’
3555 2349 3688 2429 Ἀρι-

2134 2428 2389 2510 σταγόρας
2412 2429 2480 2510 β’.
2498 2431 2788 2491 Διείλεκται
2802 2430 2858 2491 δὲ
2876 2431 2995 2513 περὶ
3014 2435 3185 2493 αὐτῶν
3207 2434 3296 2494 καὶ
3325 2435 3688 2516 Ἀριστοτέλης

2133 2519 2184 2575 ἐν
2212 2517 2490 2590 Ἀθηναίων
2503 2518 2761 2598 πολιτεία.
2779 2519 3120 2601 Πωλητήριον
3137 2520 3191 2580 δὲ
3207 2522 3446 2581 καλεῖται
3467 2526 3494 2581 ὁ
3516 2524 3687 2598 τόπος,

2132 2601 2251 2662 ἔνθα
2281 2602 2665 2685 συνεδρεύουσιν
2684 2608 2730 2665 ol
2749 2606 3012 2678 πωληταί.
3035 2604 3225 2675 Ἰσαῖος
3245 2609 3297 2667 ἐν
3318 2612 3391 2688 τῷ
3418 2609 3535 2669 κατ’
3561 2609 3684 2670 'Ek-

2132 2690 2361 2768 παγόρου
2388 2692 2657 2760 πολλάκις.
2864 2694 2869 2697 ’

2210 2781 2422 2836 Eadem
2461 2782 2658 2839 Suidas
2685 2793 2741 2840 et
2783 2784 3015 2842 Photius
3053 2804 3095 2843 s,
3136 2804 3214 2854 v„
3251 2787 3410 2843 missa
3449 2786 3675 2842 testium

2130 2869 2435 2926 mentione.
2444 2869 2646 2927 Pollux
2663 2873 2797 2929 VIII
2811 2913 2828 2943 ,
2853 2890 2959 2947 99:
2976 2869 3228 2943 Πωληταὶ
3252 2868 3315 2928 τὰ
3337 2868 3458 2943 τέλη
3487 2871 3682 2951 πιπρά·

2137 2974 2318 3012 σκουσι
2349 2950 2482 3030 μετὰ
2520 2955 2623 3012 τῶν
2661 2953 2748 3015 ἐπὶ
2777 2955 2837 3015 τὸ
2865 2957 3106 3039 θεωρικὸν
3143 2955 3436 3038 ᾑρημένων,
3469 2956 3560 3016 καὶ
3592 2957 3685 3029 τὰς

2129 3044 2232 3098 τῶν
2257 3040 2309 3110 ἐξ
2346 3041 2541 3121 Ἀρείου
2569 3041 2739 3123 πάγου
2767 3044 2900 3121 μετὰ
2927 3046 3014 3105 τὸν
3042 3045 3284 3126 πρότερον
3311 3045 3461 3124 λόγον
3490 3047 3683 3128 φυγόν-

2129 3149 2233 3186 των
2273 3128 2475 3201 οὖσίας,
2509 3128 2600 3189 καὶ
2633 3129 2700 3189 τὰ
2738 3132 3118 3212 δεδημευμένα.
3175 3133 3492 3213 Πρυτανεύει
3530 3134 3586 3192 δὲ
3632 3134 3683 3203 ἐξ

2132 3216 2300 3273 αὐτῶν
2319 3205 2416 3289 εἷς,
2432 3215 2485 3284 ὃς
2510 3214 2573 3275 τὰ
2600 3217 2909 3296 πωλούμενα
2933 3220 3154 3299 βεὸαιοῖ.
3179 3219 3469 3298 Ἀπήγοντο
3487 3220 3542 3281 δὲ
3559 3222 3687 3302 πρὸς

2130 3298 2337 3368 τούτους
2345 3302 2435 3362 καὶ
2450 3306 2498 3362 οἱ
2510 3303 2766 3381 μετοίκιον
2784 3306 2857 3384 μὴ
2870 3307 3110 3376 τιθέντες.
3122 3311 3460 3370 Boeckh.1.1.
3472 3331 3531 3386 p.
3552 3314 3681 3384 167.

2136 3387 2443 3448 Hermann.
2472 3393 2508 3468 S
2534 3390 2665 3455 151.
2706 3393 2834 3467 115,
2864 3415 2919 3471 9.

2856 3490 2949 3548 52.

2211 3580 2372 3638 Idem
2403 3601 2419 3641 ε
2451 3583 2770 3643 Εὗθῧναι·
2811 3583 3011 3651 Λυσίας
3041 3587 3094 3644 ἐν
3130 3589 3205 3665 τῷ
3239 3585 3376 3645 κατὰ
3402 3588 3674 3661 Νικιδίου,

2134 3667 2180 3724 εἰ
2206 3665 2436 3744 γνήσιος.
2470 3668 2703 3743 Εύθύνης
2738 3671 2955 3749 (εὖθύνη
2984 3678 3053 3729 Α.
3082 3676 3144 3730 Β.
3181 3676 3242 3732 C.
3266 3672 3477 3748 )ιὸνομα
3511 3679 3683 3752 ἀρχῆς

2132 3754 2257 3830 παρ’
2281 3753 2575 3826 Ἀθηναίοις
2591 3778 2606 3793 ·
2641 3757 2672 3814 ι’
2698 3757 2784 3816 τὸν
2808 3757 3020 3837 ἀριθμὸν
3053 3748 3186 3828 ἦσαν
3211 3756 3391 3836 ἄνδρες
3409 3803 3427 3835 ,
3449 3758 3574 3840 παρ’
3599 3752 3680 3826 οἷς

2134 3838 2370 3900 ἐδίδοσαν
2404 3844 2451 3900 οἱ
2477 3843 2886 3924 πρεσὸεύσαντες
2916 3843 2951 3914 ἢ
2995 3843 3237 3922 ἄρξαντες
3265 3843 3299 3916 ἢ
3331 3844 3683 3916 διοικήσαντίς

2131 3950 2181 3986 τι
2212 3931 2316 3987 τῶν
2343 3930 2604 4007 δημοσίων
2638 3929 2727 3996 τὰς
2762 3929 2990 3996 εὐθύνας.
3028 3929 3322 3990 Διείλεκται
3348 3937 3467 4012 περὶ
3508 3936 3680 3994 αὐτῶν

2133 4014 2486 4095 Ἀριστοτέλης
2513 4007 2565 4078 ἐν
2585 4022 2650 4098 τῇ
2679 4016 2961 4089 Ἀθηναίων
2986 4018 3240 4100 πολιτεία.

2107 4175 2287 4231 'bubus
2309 4194 2434 4231 unus
2456 4201 2468 4231 ε
2487 4181 2571 4244 qui
2592 4180 2752 4232 omnia
2769 4194 2878 4245 quae
2901 4194 2930 4230 a
2953 4182 3149 4234 civitate
3173 4182 3509 4233 vendebantur
3522 4184 3683 4234 mmi-

2125 4255 2416 4317 nistrabant‚
2437 4258 2491 4306 ut
2517 4257 2781 4320 vectigalia,
2801 4257 2995 4307 metalla
3008 4294 3023 4319 ‚
3050 4257 3379 4321 redempturas
3400 4262 3573 4323 etquae
3593 4274 3681 4324 pu·

2126 4330 2442 4384 blicabantur.
2490 4332 2755 4397 Hyperides
2779 4334 2831 4383 in
2852 4334 3063 4384 secunda
3087 4334 3317 4387 adversus
3342 4336 3679 4401 Aristagoran.

2128 4413 2201 4460 De
2224 4409 2392 4460 iisdem
2417 4408 2641 4460 disseruit
2664 4410 2941 4462 Aristoteles
2965 4412 3014 4462 in
3032 4415 3146 4474 Rep.
3173 4413 3349 4464 Athen.
3373 4415 3679 4479 Πωλητήριον

2130 4499 2243 4536 vero
2269 4487 2535 4550 appellatur
2551 4486 2713 4550 locus,
2737 4486 2820 4537 ubi
2841 4489 3056 4548 πωληταὶ
3069 4489 3315 4540 considere
3335 4490 3506 4541 solent.
3528 4493 3678 4542 Isaeus

2126 4563 2177 4613 in
2202 4575 2275 4614 or.
2301 4564 2467 4612 contra
2486 4564 2771 4627 Elpagoram
2791 4563 3066 4628 frequenter
3084 4564 3188 4628 ejus
3212 4565 3448 4618 meminit.

2186 4726 2407 4776 Εὐοῦναι.
2434 4724 2598 4789 Lysias
2624 4726 2842 4778 oratione
2867 4727 3099 4779 adversus
3124 4729 3389 4795 Nicidium‚
3417 4729 3456 4782 si
3474 4732 3676 4794 genuina

2125 4803 2212 4852 est.
2235 4804 2419 4852 Nomen
2439 4803 2740 4867 magistratus
2753 4804 2881 4868 apud
2903 4805 3208 4856 Athenienses
3227 4808 3334 4858 fuit.
3352 4810 3499 4858 Erant
3516 4810 3677 4859 autem

2125 4878 2327 4942 euthyni
2352 4878 2519 4929 decem
2554 4893 2785 4944 numero,
2825 4881 2955 4944 apud
2997 4894 3117 4944 quos
3140 4883 3224 4946 qui
3255 4884 3490 4947 legatione
3527 4886 3675 4937 functi

2126 4958 2288 5018 erant,
2309 4958 2394 5006 aut
2415 4955 2749 5019 magistratum
2771 4960 3042 5020 gesserant,
3068 4962 3153 5009 aut
3175 4959 3359 5023 aliquid
3392 4974 3553 5011 rerum
3590 4975 3671 5025 pu-

2125 5033 2359 5083 blicarum
2378 5033 2854 5097 administraverant,
2877 5034 3089 5086 rationes
3101 5036 3377 5089 reddebant.
3406 5038 3600 5090 Disserit
3617 5039 3682 5091 de

2125 5110 2183 5160 iis
2206 5110 2479 5160 Aristoteles
2498 5110 2544 5159 in
2567 5114 2682 5174 κερ.
2713 5110 3088 5162 Atheniensium.
