4016 5916
1702 396 2202 458 FRAGMENTA.

358 531 498 597 θέαις
522 531 578 611 [ἦ
602 527 787 607 πόλις]
807 525 898 586 καὶ
916 526 1129 605 σχολαῖς
1151 528 1254 592 τοῖς
1277 526 1573 602 δημοτικοῖς
1592 526 1909 599 αἰνεπαίσθη-
2001 536 2462 586 confabulationibus
2494 537 2613 586 adeo
2644 540 2906 600 occupatur

360 641 445 685 τος
475 615 652 692 λιμὸς,
691 614 854 686 λήθην
882 611 1217 691 ἐμποιούσαις
1237 616 1332 683 τῆς
1356 614 1460 671 τῶν
1491 611 1649 671 σίτων
1677 634 1910 693 προσφο-

362 712 483 784 ρᾶς·
513 703 691 784 ἐφόδια
712 699 764 760 δὲ
784 701 989 781 ἔχουσιν
1012 697 1226 775 οὗδεμία
1254 697 1471 769 τοιαύτη
1491 698 1617 780 πρὸς
1635 700 1906 772 ἡδονήν....

367 789 474 852 Καὶ
494 788 644 869 ἕτερα
670 786 723 847 δὲ
750 792 784 858 ἡ
809 786 955 853 πόλις
978 783 1109 856 ἡδέα
1137 784 1247 864 ἔχει
1269 785 1359 844 καὶ
1386 786 1574 847 πολλά.
1596 785 1704 847 Καὶ
1726 786 1825 868 γὰρ
1855 790 1909 846 αῖ

358 874 602 955 σύνεγγυς
619 877 775 944 αὐτῆς
785 871 960 940 πόλεις
973 871 1257 952 προάστεια
1272 874 1375 931 τῶν
1396 872 1675 945 Ἀθηναίων
1696 873 1908 935 eloim...

372 961 432 1042 (a)
462 961 669 1041 Ἀγαθοὶ
687 962 740 1019 δὲ
769 963 816 1020 οἱ
836 964 1190 1025 κατοικοῦντες
1215 958 1375 1031 αὐτὴν
1393 960 1550 1018 παντὶ
1572 961 1782 1038 τεχνίτῃ
1807 983 1907 1019 πε-

358 1054 627 1130 ριποιῆσαι
652 1048 799 1118 δόξαν
830 1046 1065 1126 μεγάλην
1093 1046 1178 1105 ἐπὶ
1206 1047 1308 1114 τοῖς
1336 1047 1792 1127 ἔντυγχανομένοις
1820 1051 1905 1107 ἔκ-

356 1136 603 1204 ὅαλόντες
638 1135 730 1202 τὰς
758 1133 1060 1214 εὐημερίας·
1099 1133 1397 1211 θαυμαστὸν
1440 1133 1715 1194 πλινθίνων
1759 1134 1903 1204 ζώων

364 1222 709 1305 [ἀνθρώπων]
736 1223 1112 1281 διδασκαλεῖον.

432 1331 478 1373 4.
510 1315 633 1372 Τῶν
683 1310 738 1370 δὲ
779 1308 1108 1369 ἐνοικούντων
1154 1313 1200 1369 οἱ
1230 1307 1324 1387 μὲν
1376 1289 1544 1368 αὐτῶν
1575 1309 1794 1370 Ἀττικοὶ
1809 1355 1827 1387 ,
1857 1313 1904 1370 οἱ

352 1396 403 1459 δ’
429 1399 703 1472 Ἀθηναῖοι.
735 1400 804 1458 Oi
850 1396 945 1474 μὲν
974 1396 1194 1456 Ἀττικοὶ
1217 1396 1476 1477 περίεργοι
1517 1404 1629 1465 ταῖς
1670 1399 1903 1471 λαλιαῖς,

356 1485 604 1560 ὕπουλα,
651 1482 1092 1567 συκοφαντώδεις,
1133 1483 1504 1564 παρατηρηταὶ
1551 1487 1654 1543 τῶν
1697 1484 1905 1553 ξενικῶν

359 1572 510 1653 βίων·
553 1576 599 1632 οῖ
631 1575 676 1632 δ’
706 1572 964 1643 Ἀθηναῖοι
1007 1570 1392 1653 μεγαλόψυχοι,
1435 1572 1593 1632 ἁπλοῖ
1637 1577 1742 1640 τοῖς
1785 1573 1905 1655 τρό-

352 1682 496 1733 ποις,
523 1661 692 1742 φιλίας
719 1660 920 1739 γνήσιοι
946 1659 1189 1742 φύλακες.
1218 1659 1561 1741 Διατρέχουσι
1596 1660 1654 1719 δέ
1680 1684 1811 1729 τινες
1851 1663 1902 1719 ἰν

350 1754 420 1830 τῇ
449 1753 598 1809 πόλει
623 1749 968 1829 λογογράφοι,
1004 1748 1224 1816 σείοντες
1259 1746 1379 1815 τοὺς
1411 1752 1904 1829 παρεπιδημοῦντας

354 1837 448 1897 καὶ
476 1838 720 1917 εὐπόρους
741 1841 844 1895 τῶν
865 1835 1045 1905 ξένων·
1069 1834 1152 1903 οὒς
1174 1834 1299 1894 ὅταν
1325 1839 1353 1894 δ
1377 1837 1539 1912 δῆμος
1560 1836 1698 1913 λάὸῃ
1713 1881 1729 1909 ,
1749 1838 1906 1908 σκλη·

354 1931 469 2004 ραῖς
508 1922 810 2005 περιὸάλλει
851 1921 1076 1999 ζημίαις.
1117 1924 1187 1982 Οἱ
1229 1919 1285 1980 δὲ
1325 1924 1611 2002 εἰλικρινεῖς
1651 1922 1905 1993 Ἀθηναῖοι

352 2012 552 2091 δριμεῖς
599 2015 701 2070 τῶν
751 2013 948 2090 τεχνῶν
997 2006 1250 2091 ἀκροαταὶ
1291 2009 1380 2068 καὶ
1425 2010 1603 2069 θεαταὶ
1654 2011 1900 2089 συνεχεῖς.

360 2099 426 2175 (ε)
451 2097 531 2158 Τὸ
558 2095 779 2157 καθόλου
799 2097 842 2156 δ’
865 2095 984 2156 ὅσον
1012 2098 1067 2155 αἱ
1081 2093 1258 2155 λοιπαὶ
1285 2094 1459 2162 πόλεις
1485 2094 1614 2176 πρός
1639 2119 1694 2155 τε
1714 2094 1902 2166 ἡδονὴν

350 2183 445 2242 καὶ
484 2183 595 2263 βίου
622 2183 888 2264 διόρθωσιν
931 2187 1034 2242 τῶν
1062 2184 1234 2263 ἀγρῶν
1277 2181 1602 2263 διαφέρουσιν
1620 2226 1638 2260 ,
1664 2187 1901 2241 τοσοῦτον

352 2271 460 2327 τῶν
502 2271 697 2329 λοιπῶν
742 2270 945 2329 πόλεων
978 2273 1013 2341 ἡ
1060 2272 1163 2326 τῶν
1210 2267 1489 2339 Ἀθηναίων
1530 2271 1901 2349 παραλλάττει.

352 2355 667 2417 Φυλακτίον
690 2359 736 2416 δ’
759 2360 828 2425 ὡς
843 2356 916 2416 ἔνι
941 2354 1169 2434 μάλιστα
1191 2355 1283 2422 τὰς
1307 2355 1535 2435 ἑταίρας,
1559 2355 1633 2434 μὴ
1663 2355 1797 2434 λάθῃ
1827 2378 1902 2422 τις

350 2444 521 2516 ἡδέως
547 2445 878 2521 ἀπολόμενος.
923 2443 995 2505 ‘O
1023 2443 1197 2522 στίχος
1220 2441 1525 2503 Λυσίππου·

482 2579 537 2627 Εἰ
557 2579 621 2641 μὴ
643 2579 854 2628 τεθέασαι
874 2579 955 2635 τὰς
972 2577 1155 2636 Ἀθήνας
1169 2615 1182 2639 ,
1205 2579 1418 2641 στέλεχος
1433 2578 1473 2627 εἶ
1487 2593 1499 2605 ·

476 2650 517 2696 εἰ
534 2649 583 2697 δὲ
602 2649 814 2697 τεθέασαι
831 2685 845 2706 .
874 2651 949 2710 μὴ
959 2650 1229 2711 τεθΰρευσαι
1248 2649 1289 2697 δ’
1304 2683 1318 2707 ,
1338 2648 1440 2704 δνος
1455 2662 1466 2674 ·

475 2720 515 2766 εἰ
536 2717 576 2766 δ’
592 2720 853 2780 εὐαρεστῶν
869 2718 1135 2780 ἀποτρέχεις
1148 2755 1161 2777 ,
1177 2718 1435 2775 κανθήλιος.

345 2867 497 2917 dubio
533 2867 828 2930 excerptoris
849 2868 999 2931 culpa.
1025 2870 1249 2917 truncata
1287 2870 1421 2917 sunt.
1452 2871 1574 2916 Ante
1598 2880 1764 2916 vocem
1793 2867 1895 2915 ἀλλ’

351 2937 487 2999 plura
504 2937 848 2989 desiderantur.
872 2936 1146 2999 Boissonad.
1179 2937 1266 3000 (ad
1288 2940 1372 3000 Ep.
1396 2937 1607 2987 llolsten.
1628 2946 1674 3000 p‘.
1703 2937 1785 2998 14)
1810 2948 1898 2998 pro

346 3008 447 3056 ἀλλ’
465 3007 770 3058 scribendum
790 3008 977 3071 putavit
995 3008 1105 3069 ἅμ’;
1126 3021 1224 3070 quo
1247 3008 1364 3057 nihil
1384 3009 1645 3057 lucramur.
1670 3036 1729 3049 -
1747 3022 1897 3055 συνοι-

348 3080 619 3143 κειουμένη]
651 3080 914 3129 Vulcanius
956 3083 1004 3128 et
1040 3080 1337 3142 Holstenius3
1391 3080 1768 3141 συνοικειουμένη
1816 3079 1896 3128 καὶ

352 3147 653 3208 Boissonad.;
673 3150 1005 3211 συνοικουμένη
1025 3148 1204 3209 codex;
1226 3151 1605 3212 συνοικουμέναις
1620 3153 1754 3199 Marx
1768 3183 1782 3208 ,
1804 3148 1893 3211 qui

350 3215 587 3278 ἐπιθυμίαι
615 3218 965 3281 συνοικοΰμεναι
993 3218 1331 3281 interpretatur
1364 3233 1377 3267 :
1416 3219 1752 3281 cupiditates,
1778 3223 1896 3282 qut-

352 3284 448 3334 bus
484 3286 678 3349 aliquis
716 3287 968 3337 obnoxius
990 3291 1084 3338 ese.
1126 3288 1296 3337 Obstat
1336 3289 1468 3338 verbi
1495 3290 1647 3338 forma
1674 3288 1830 3338 media
1850 3290 1898 3338 et

346 3353 625 3404 dativorum
651 3357 893 3407 acervatio
918 3357 1253 3420 inopportuna.
1287 3359 1524 3425 Cetemm‘
1544 3357 1609 3407 ita
1635 3359 1795 3407 locum
1817 3370 1898 3405 ex·

359 3423 507 3486 plicat
546 3426 757 3477 Marxius
798 3446 810 3475 :
866 3446 891 3470 οι
934 3429 1141 3477 Fructus
1178 3427 1341 3477 eximii
1380 3433 1494 3479 sunt
1532 3429 1709 3492 vixque
1746 3429 1898 3492 pretio

348 3493 556 3557 emendi.
588 3496 792 3546 Maxime
826 3497 920 3546 hoc
950 3496 1215 3558 hospitibus
1240 3497 1622 3559 incommodum,
1642 3498 1816 3560 quibus
1838 3498 1898 3548 ad

350 3564 642 3615 conficienda
675 3566 865 3628 negotia
904 3565 1158 3615 necessitas
1192 3569 1264 3615 est
1308 3566 1529 3629 imposita
1581 3568 1777 3617 Athenis
1814 3568 1897 3616 diu

352 3635 694 3685 commorandi.
742 3635 835 3686 Sed
873 3635 979 3685 haec
1022 3636 1337 3685 commoratio
1378 3640 1490 3700 apta
1535 3637 1780 3699 explendis
1817 3650 1896 3686 cu·

344 3702 520 3770 jusque
541 3704 877 3767 cupiditatibus
911 3704 1199 3755 oblivionem
1221 3706 1461 3755 servitutis
1483 3706 1696 3756 obducit.
1738 3726 1760 3748 u
1791 3708 1899 3757 Gai-

351 3773 444 3823 lius
490 3776 634 3825 vertit
662 3795 676 3825 ε
708 3796 731 3818 κ
768 3775 860 3825 Sed
910 3775 1151 3837 hospitiun
1191 3776 1503 3825 commoratio
1540 3789 1650 3825 cum
1702 3777 1898 3839 singulis

352 3843 588 3907 (civibus)
618 3846 768 3909 tacta,
804 3848 855 3897 et
890 3845 1121 3908 (eorum)
1160 3844 1332 3895 studiis
1367 3845 1728 3894 accommodata
1760 3858 1895 3895 men-

349 3918 545 3977 temque
578 3916 773 3966 trahens
797 3915 858 3965 ad
881 3915 1095 3977 jucunda
1111 3951 1127 3976 ,
1164 3914 1455 3965 oblivionem
1493 3915 1735 3965 servitutis
1761 3915 1896 3964 indu·

352 3983 434 4033 cit.
460 4003 484 4026 υ
512 3984 749 4035 Revocavi
776 3984 1041 4035 versionem
1077 3983 1322 4046 Stephani.
1347 4009 1411 4020 —
1433 3982 1491 4046 [ἡ
1523 3982 1681 4047 πόλις]
1708 4002 1731 4025 α
1770 3986 1895 4034 cum

353 4054 536 4102 Marxio
568 4054 799 4116 ejicienda
844 4054 950 4104 haec
988 4053 1179 4117 judico;
1221 4054 1490 4116 marginalis
1525 4056 1682 4104 forsan
1729 4056 1896 4104 notula

354 4123 441 4171 tuit
455 4159 468 4182 ,
487 4137 599 4185 quoe
615 4123 926 4187 doceretque
946 4122 1246 4174 referendum
1268 4127 1391 4174 esset
1418 4137 1533 4173 mox
1558 4126 1612 4173 τὸ
1637 4124 1845 4183 τοιαύτη.
1870 4144 1894 4169 ι»

359 4192 486 4241 Gall.
508 4194 628 4250 θέαις
646 4195 726 4243 καὶ
748 4199 956 4257 πομπαῖς
975 4211 1018 4243 κ.
1044 4211 1125 4258 σχ.
1144 4194 1270 4256 conj.
1290 4194 1479 4244 Jacobs.
1510 4193 1570 4243 ad
1590 4194 1760 4243 Achin.
1786 4197 1893 4244 Tat.

350 4274 401 4323 p.
430 4266 536 4313 756.
561 4292 622 4304 —
639 4264 967 4329 ἑμποιούσαις]
996 4267 1165 4326 Marx3
1191 4266 1452 4327 ἐμποιοῦσα
1468 4263 1639 4313 codex.
1660 4293 1720 4306 -
1739 4264 1897 4327 ἐφόδια

351 4332 678 4397 κτ).].18ω118
702 4335 736 4385 Ι.
766 4335 802 4385 i.
833 4348 881 4397 p.
906 4339 995 4387 ⁴47
1016 4336 1238 4398 proponit
1259 4355 1272 4386 ς
1295 4335 1452 4397 ἐφόδια
1473 4335 1521 4383 δὲ
1540 4335 1636 4397 ἔχει
1656 4335 1747 4383 ὅσα
1773 4334 1895 4383 οὐδε·

350 4402 436 4465 μία
456 4419 523 4461 τις
546 4406 659 4464 ἄλλη
681 4407 793 4469 πρὸς
831 4407 1014 4466 ἡδονήν.
1038 4407 1251 4456 Manius
1275 4407 1478 4456 tentavit
1515 4419 1529 4453 :
1551 4408 1631 4454 καὶ
1667 4407 1800 4468 ἑτέρα
1822 4423 1892 4462 τις

348 4472 477 4529 πόλις
493 4475 609 4532 ἡδέα
637 4476 733 4538 ἔχει
758 4478 837 4525 καὶ
859 4476 1007 4526 πολλά
1020 4489 1033 4503 ·
1053 4476 1211 4539 ἐφόδια
1228 4476 1269 4526 δ’
1290 4476 1475 4540 ἔχουσιν
1496 4475 1687 4538 οὐδεμία
1702 4480 1895 4526 τοιαῦτα

346 4544 462 4606 πρὸς
490 4547 672 4605 ἡδονήν.
700 4550 925 4610 Frustra,
954 4551 1089 4612 puto.
1112 4551 1339 4599 Ceterum
1360 4562 1446 4611 pro
1471 4549 1720 4598 καὶπολλὰ
1751 4549 1892 4599 velim

348 4614 616 4677 πάμπολλα.

409 4688 456 4733 3.
490 4691 583 4743 τοῖς
620 4688 1022 4751 ἐντυγχανομὲνοις
1070 4688 1205 4753 κτλ.]
1257 4691 1436 4739 Locum
1471 4690 1752 4751 corruptum
1783 4688 1892 4738 dedi

346 4754 419 4804 nti
437 4756 509 4804 est
534 4756 581 4806 in
612 4758 806 4820 codice,
838 4758 927 4808 nisi
945 4758 1074 4822 quod
1100 4772 1186 4822 pro
1205 4760 1487 4817 ἐκδαλῶντες
1506 4771 1619 4810 cum
1641 4759 1776 4810 editt.
1804 4771 1890 4808 ex·

348 4825 483 4876 bibui
525 4828 810 4886 ἐιὸαλόντες.
855 4830 1110 4887 Quomodo
1150 4830 1311 4880 locum
1358 4830 1699 4891 intellexerim,
1744 4830 1892 4893 latina

348 4896 583 4949 indicant.
603 4902 673 4949 ua
691 4912 808 4951 vero
838 4900 1142 4951 scribendum
1163 4913 1334 4951 censeo
1355 4920 1370 4951 ι
1399 4902 1475 4950 ἐπὶ
1505 4901 1610 4957 τοὺς
1634 4901 1681 4950 ἐν
1706 4901 1889 4962 τέχναις

346 4969 641 5029 αἰνουμένους
659 4971 735 5020 vel
753 4975 849 5027 τοῖς
862 4971 910 5020 ἐν
926 4972 1106 5031 τέχναις
1124 4972 1408 5034 αἰνουμένοις
1432 4972 1532 5020 tas.
1548 4987 1592 5018 τ.
1615 4971 1746 5033 εὖημ.
1770 4972 1888 5019 Nam

346 5038 752 5101 εντυγχανομένοις
770 5041 936 5104 nequit
957 5040 1218 5103 significare
1244 5047 1338 5098 τοῖς
1358 5040 1713 5103 ἐντυγχάνουσι,
1733 5039 1890 5090 obviis

354 5108 663 5171 quibusque,
701 5109 840 5161 sicuti
880 5111 1097 5174 plerique
1126 5112 1376 5174 putarunt.
1421 5111 1471 5162 Si
1513 5108 1759 5160 retinenda
1792 5122 1889 5160 vox

3433 416 3545 467 255

2000 597 2192 659 cibique
2227 599 2536 648 obliviscatur
2572 619 2583 647 ε
2609 598 2668 647 iis
2691 612 2804 647 vero
2839 574 2925 662 qui
2954 539 3556 674 θἰξίθῗιῗοίιῗειῗιῖἓιίἳίίίίῖξ

2000 659 2134 708 nulla
2155 663 2228 708 est
2249 659 2363 708 urbs
2397 673 2506 721 qum
2544 661 2617 708 tot
2653 662 2906 722 tantasque
2940 662 3212 723 suppeditet
3249 667 3554 714 amoenitates

2001 756 2015 769 .
2036 755 2048 766 .
2075 755 2086 767 .
2110 720 2496 782 (Sequebantur
2516 721 2772 782 exempla.
2787 722 2804 780 )
2822 721 2913 770 Sed
2929 722 3072 771 etiam
3091 723 3183 772 alia
3198 727 3553 786 quamplurima

1998 786 2115 835 urbs
2132 786 2276 835 habet
2292 786 2433 836 valde
2450 786 2666 848 jucunda
2691 806 2704 835 ε
2731 789 2908 837 etenim
2926 789 3100 850 oppida
3128 790 3284 840 vicina
3302 795 3551 855 tamquam

1996 853 2232 903 suburbia
2274 854 2570 904 Athenarum
2619 857 2789 905 sunt...
2843 857 2912 916 (a)
2962 858 3187 907 ceterum
3243 858 3554 914 Athenienses

1995 922 2227 984 aptissimi
2262 925 2374 970 siunt
2414 921 2474 971 ad
2519 935 2738 986 magnam
2783 925 2958 986 cuique
2995 925 3165 976 artifici
3205 927 3551 981 conciliandam

1997 989 2199 1050 samam,
2232 988 2407 1049 quippe
2453 988 2538 1050 qui
2565 988 2604 1037 si
2648 1001 2760 1050 quae
2798 990 2974 1039 artium
3006 1003 3152 1053 opera
3179 992 3235 1042 iis
3265 993 3548 1056 probantur,

1994 1052 2185 1103 laudem
2216 1053 2412 1102 artificis
2438 1054 2634 1116 prodigo
2659 1067 2743 1103 ore
2766 1056 3062 1117 proclament
3102 1055 3416 1118 esserantque.
3446 1063 3552 1115 Quo

1993 1123 2192 1170 areium
2222 1133 2396 1169 amore
2420 1123 2473 1170 ec
2507 1124 2561 1170 in
2590 1120 2814 1182 artifice-5
2847 1122 3194 1172 benevolentia
3230 1123 3320 1173 hoc
3356 1137 3552 1188 quoque

1979 1187 2082 1249 fil,
2105 1190 2165 1236 ue
2185 1187 2301 1235 urbs
2316 1190 2507 1237 statuis
2535 1188 2734 1250 referta
2751 1191 2902 1250 quasi
2927 1202 3235 1251 personarum
3256 1191 3550 1253 lapidearum

1990 1256 2063 1303 sit
2086 1253 2401 1316 gymnasium.

2054 1327 2101 1372 4.
2137 1327 2211 1372 Ex
2242 1323 2407 1372 incolis
2440 1322 2520 1372 alii
2555 1323 2665 1372 sunt
2709 1322 2888 1382 Attici,
2929 1323 3011 1373 alii
3047 1323 3378 1374 Athenienses.
3407 1327 3548 1376 Attici

1992 1408 2188 1473 quidem
2225 1409 2410 1459 curiose
2433 1409 2687 1472 loquaces,
2722 1408 2941 1472 subdoli,
2964 1410 3299 1473 sycophantae,
3325 1413 3549 1475 explora·

1992 1501 2120 1548 tores
2133 1498 2245 1547 vitm
2262 1497 2616 1560 peregrinorum
2631 1496 2966 1547 :Athenienses
2983 1509 3097 1548 vero
3106 1499 3416 1562 magnanimi,
3436 1500 3549 1550 sim·

1994 1586 2140 1650 plices
2163 1585 2405 1647 moribus,
2442 1583 2666 1634 amicitiai
2702 1584 2872 1634 sinceri
2899 1585 3122 1635 cultores.
3152 1586 3358 1645 Quidam
3382 1589 3546 1637 autem

1991 1672 2176 1722 rabulae
2199 1685 2284 1735 per
2310 1672 2479 1722 urbem
2503 1670 2804 1732 discurrunt,
2825 1673 3054 1722 vexantes
3072 1673 3340 1736 peregrinos
3359 1675 3444 1737 qul
3470 1674 3547 1724 di·

1992 1760 2139 1810 tiores
2172 1759 2222 1809 in
2250 1759 2370 1808 urbe
2405 1757 2599 1807 adsunt.
2631 1761 2764 1816 Quos
2803 1758 3004 1808 simulac
3029 1760 3239 1822 populus
3264 1759 3544 1824 prehendit,

1994 1846 2127 1911 gravi
2165 1848 2347 1896 mulcta
2382 1845 2627 1909 opprimit.
2667 1844 2760 1896 Sed
2792 1844 2903 1908 puri
2936 1846 3038 1908 puti
3074 1847 3385 1897 Athenienses
3413 1861 3548 1899 acres

1990 1934 2169 1983 artium
2194 1935 2308 1983 sunt
2328 1931 2570 1982 auditores
2605 1934 2653 1982 et
2673 1933 2964 1995 spectatores
2981 1932 3361 1996 frequentissimi.
3383 1937 3451 1996 (5)
3482 1938 3546 1986 Ut

1991 2010 2108 2070 vero
2129 2021 2405 2070 summatim
2433 2019 2620 2083 loquar,
2646 2021 2882 2082 quantum
2916 2021 3091 2069 ceterae
3109 2020 3256 2071 urbes
3275 2021 3325 2070 in
3352 2022 3412 2071 iis
3432 2035 3546 2085 quae

1991 2108 2052 2158 ad
2073 2108 2367 2171 voluptatem
2386 2109 2435 2157 et
2450 2107 2562 2180 vitae
2580 2106 2961 2157 emendationem
2982 2108 3249 2170 pertinent,
3272 2110 3397 2171 agris
3415 2124 3542 2172 prae·

1990 2199 2149 2256 stant,
2165 2197 2355 2244 tantum
2372 2193 2656 2243 discriminis
2676 2198 2749 2244 aet
2767 2194 2890 2244 inter
2915 2194 3275 2244 Atheniensium
3303 2196 3470 2247 urbem
3493 2199 3542 2247 et

1992 2281 2213 2343 reliquas.
2233 2282 2413 2328 Verum
2430 2291 2620 2328 summa
2638 2280 2688 2328 in
2707 2279 2912 2331 vitandis
2929 2282 3262 2333 meretricibus
3274 2283 3544 2334 adhibenda

1991 2370 2063 2418 est
2081 2367 2354 2430 diligentia,
2374 2380 2436 2416 ne
2462 2366 2571 2429 quis
2603 2380 2687 2430 per
2711 2367 3083 2430 imprudentiam
3111 2371 3240 2420 malo
3271 2371 3408 2421 suavi
3431 2385 3542 2435 per-

1989 2456 2084 2505 eat.
2107 2457 2182 2505 lta
2208 2453 2269 2503 de
2294 2454 2491 2504 Athenis
2519 2455 2747 2517 Lysippus
2772 2474 2784 2503 ε

2101 2590 2165 2630 Tu
2186 2589 2372 2630 truncus
2388 2596 2435 2628 es
2453 2584 2488 2628 si
2513 2595 2604 2629 non
2630 2585 2823 2630 Athenas
2842 2586 3038 2637 videris:

2097 2654 2132 2697 sl
2160 2654 2263 2697 vlsae
2293 2654 2478 2697 Athenai
2507 2664 2600 2697 non
2622 2653 2848 2700 inescant.
2874 2655 3023 2699 asinus
3045 2667 3115 2705 es:

2101 2723 2137 2765 si
2158 2733 2251 2765 non
2270 2732 2402 2776 grave
2421 2720 2500 2764 bas
2517 2721 2794 2777 relinquere,
2815 2733 2862 2765 es
2874 2724 3147 2768 cantherius.

1984 2865 2301 2928 ἐντυγχάνειν,
2327 2863 2654 2926 proposuerim
2678 2864 2833 2924 potius
2862 2871 2988 2919 ετοῖς
3019 2867 3372 2929 ἐντυγχάνουσιν
3404 2870 3542 2932 εὐμε-

1984 2940 2074 2991 νῶς
2119 2933 2196 2983 vel
2237 2929 2437 2997 εὐμενεῖς
2479 2932 2773 2989 incanam<
2806 2933 2888 2990 τὰς
2925 2934 3055 2997 εὐημ.
3091 2938 3184 2986 lm.
3224 2936 3419 2987 Bekker.
3462 2952 3540 3002 ap.

1987 3005 2332 3053 Buttmannum
2352 3002 2476 3065 conj.
2496 3003 2956 3067 ἐπιτυγχανομένοις,
2987 3005 3018 3052 i.
3039 3018 3083 3053 e.
3113 3010 3207 3060 τοῖς
3225 3009 3540 3071 κατορθουμέ-

1982 3089 2076 3129 νοις
2100 3072 2370 3136 πράγμασις
2390 3071 2605 3121 similiter
2629 3072 2842 3121 Marxius
2863 3091 2874 3121 ι
2896 3071 2947 3120 εὖ
2969 3076 3325 3136 τυγχανομὲνοις
3339 3111 3353 3134 ,
3376 3080 3539 3138 opert-

1985 3142 2078 3193 bus
2097 3143 2219 3192 bene
2244 3142 2540 3192 elaboratis.
2567 3142 2742 3191 Dubito
2764 3154 2825 3190 an
2861 3141 2922 3192 de
2951 3142 3068 3192 artis
3088 3144 3313 3205 operibus
3334 3145 3538 3208 loquens

1983 3213 2155 3275 aliquis
2173 3213 2263 3261 bac
2289 3225 2410 3261 voce
2433 3225 2548 3261 usus
2574 3212 2729 3261 suerit.
2758 3214 2981 3261 Ceterum
3005 3212 3088 3275 qui
3109 3216 3280 3275 putant
3305 3218 3532 3266 Nostrum

1983 3282 2161 3332 ironice
2191 3283 2322 3344 loqui
2354 3282 2413 3330 de
2452 3281 2847 3342 Atheniensibus,
2880 3282 3056 3345 quippe
3083 3284 3166 3345 qui
3206 3297 3562 3349 quemcunque,

1982 3351 2216 3401 artificem
2250 3352 2383 3401 nullo
2418 3350 2691 3400 discrimine
2727 3352 3070 3414 approbarent,
3109 3354 3293 3402 auctori
3324 3355 3540 3417 praebent

1982 3421 2266 3471 sententiam
2299 3421 2488 3470 veritati
2517 3433 2686 3482 parum
2716 3422 3102 3471 consentaneam.
3125 3449 3186 3459 -
3215 3424 3537 3488 ἐκὸάλλοντες,

1981 3490 2356 3551 profundentes
2369 3528 2385 3552 ,
2403 3490 2612 3553 prodiqe
2632 3489 2977 3540 decernentes.
3005 3493 3081 3543 cf.
3109 3493 3346 3541 ἐκὸἀλλειν
3366 3495 3503 3556 λόγον
3519 3531 3533 3556 ,

1984 3560 2251 3624 ἀπόκρισιν,
2270 3560 2437 3622 δόγμα.
2464 3586 2520 3595 -
2543 3560 2785 3623 εὐημερίας
2799 3595 2813 3620 ,
2837 3560 3032 3610 laudem
3051 3565 3098 3612 et
3116 3562 3316 3624 gloriam
3342 3577 3537 3614 succes-

1982 3646 2090 3695 sus,
2113 3634 2345 3683 victorioe.
2373 3635 2604 3696 Exempla
2618 3670 2631 3692 ,
2653 3634 2830 3696 quibus
2849 3647 2948 3683 vox
2973 3639 3230 3697 usurpatur
3249 3636 3310 3685 de
3321 3638 3536 3688 victoriis

1985 3704 2062 3753 vel
2086 3705 2328 3766 oratione,
2359 3703 2531 3754 sabulis
2555 3703 2829 3753 dramaticis
2853 3706 2945 3754 etc.
2965 3707 3217 3767 reportatis
3233 3720 3282 3757 v.
3302 3707 3352 3757 in
3372 3710 3533 3772 steph.

1982 3773 2123 3823 Thes.
2157 3775 2206 3824 et
2242 3787 2319 3837 ap.
2359 3773 2507 3824 Fuhr.
2545 3774 2607 3823 ad
2644 3774 2695 3822 h.
2734 3774 2766 3823 i.
2794 3800 2860 3810 —
2897 3778 3020 3833 Quae
3062 3780 3328 3839 sequuntur
3358 3780 3536 3841 θαυμα-

1984 3845 2156 3892 στὸν...
2195 3844 2514 3893 διδασκαλεῖον
2544 3856 2655 3892 cum
2693 3843 3083 3894 antecedentibus
3112 3847 3416 3907 grammatice
3437 3849 3535 3909 Jam

1981 3924 2078 3961 non
2108 3913 2367 3963 cohaerent.
2392 3913 2710 3961 διδασκαλεῖον
2736 3912 2918 3961 Gailius
2934 3912 3093 3973 dedit,
3113 3914 3163 3964 in
3181 3916 3291 3964 cod.
3325 3920 3398 3965 est
3416 3918 3536 3966 διῖα-

1981 3983 2191 4033 σκάλιον.
2229 3983 2446 4033 solennis
2467 3983 2572 4031 haec
2603 3981 2836 4032 confusio.
2869 3985 2923 4032 V.
2946 3984 3111 4045 steph.
3145 3985 3284 4035 Thes.
3320 4014 3381 4026 —
3405 3989 3534 4036 πλιν-

1981 4052 2149 4117 θὶνων]
2191 4052 2407 4114 Figulina
2430 4056 2553 4114 ζῶα,
2589 4052 2771 4100 etiamsi
2813 4054 2975 4113 erant,
3019 4066 3117 4115 prae
3162 4055 3333 4104 ceteris
3373 4057 3534 4105 tamm

1981 4121 2033 4171 h.
2058 4122 2093 4172 l.
2113 4125 2282 4171 auctor
2299 4121 2532 4185 respicere
2549 4135 2644 4170 non
2667 4122 2848 4184 potuit;
2873 4126 3039 4171 contra
3066 4123 3212 4172 λίθινα
3236 4128 3334 4180 ζῶα
3353 4125 3534 4187 saepius

1982 4192 2156 4241 statuae
2190 4192 2513 4254 appellantur,
2533 4191 2678 4253 idque
2695 4204 2806 4240 cum
2832 4191 3075 4241 Holstenio
3099 4194 3263 4256 reponi
3281 4194 3524 4256 jusserim.

1981 4261 2203 4324 Suspicor
2224 4266 2385 4311 autem
2413 4262 2461 4312 in
2484 4262 2726 4311 πλινθίνων
2744 4261 2918 4322 latere,
2936 4261 3069 4310 πόλιν
3087 4263 3294 4324 λιθίνων,
3321 4264 3532 4324 olimque

1980 4332 2212 4395 scriptum
2233 4332 2375 4382 fuisse
2396 4352 2407 4381 t
2430 4332 2553 4381 ὥστε
2570 4333 2653 4390 τήν
2674 4331 2806 4379 πόλιν
2823 4331 3005 4381 λιθίνων
3023 4334 3153 4388 ζώων
3173 4334 3287 4381 εἶναι
3307 4334 3529 4383 διδασκα·

1980 4404 2119 4452 λεῖον.
2138 4428 2188 4439 -
2216 4400 2496 4464 ἀνθρώπων]
2512 4402 2581 4451 sic
2603 4400 2783 4461 codex;
2807 4400 2946 4451 editt.
2971 4401 3165 4463 plurimi
3185 4403 3422 4453 dederunt
3440 4405 3522 4451 ἀν-

1980 4475 2179 4537 θρώπῳς
2222 4471 2306 4522 sed
2347 4470 2636 4533 probabilius
2671 4474 2743 4520 est
2777 4470 3028 4535 ἀνθρώπων
3063 4485 3165 4521 esse
3198 4471 3428 4533 glossema
3468 4476 3528 4524 ad

1981 4555 2030 4591 v.
2047 4542 2197 4598 ζώων.
2213 4544 2440 4593 ceterum
2456 4554 2624 4590 vereor
2637 4552 2698 4590 ne
2712 4543 2841 4589 totus
2853 4540 2934 4589 hic
2945 4541 3080 4588 locus
3092 4540 3202 4588 inde
3216 4553 3244 4588 a
3254 4540 3412 4591 verbis
3422 4543 3530 4601 ἀγα-

1979 4614 2049 4661 θοὶ
2074 4612 2123 4661 δε
2146 4625 2242 4661 non
2263 4624 2352 4660 suo
2379 4610 2562 4672 positus
2578 4610 2683 4659 loco
2700 4609 2780 4659 sit.
2807 4610 2960 4659 Multo
2982 4611 3141 4671 aptius
3163 4611 3397 4672 legeretur
3427 4617 3530 4676 pos-t

1979 4681 2128 4730 verba
2148 4695 2162 4729 ι
2186 4681 2409 4736 Ἀθηναῖοι
2429 4680 2598 4742 δριμεῖς
2615 4684 2708 4727 τῶν
2726 4684 2901 4741 τεχνῶν
2920 4678 3144 4741 ἀκροαταί
3169 4681 3270 4729 κτλ.

2038 4753 2085 4799 4.
2120 4751 2211 4798 Καὶ
2234 4748 2460 4812 θεαταὶ]ε
2477 4748 2677 4810 conjeci.
2702 4748 2883 4810 scripsi.
2895 4748 3058 4796 Codex
3085 4749 3334 4810 εὰκροαταὶ
3354 4750 3430 4799 διὰ
3447 4752 3528 4807 τὰς

1977 4823 2198 4882 συνεχεῖς.
2214 4819 2525 4868 casaubonus
2542 4820 2649 4879 post
2662 4822 2865 4880 συνεχεῖς
2889 4816 3119 4868 excidisse
3138 4820 3306 4868 statuit
3328 4821 3431 4875 θέας
3453 4822 3524 4869 vel

1976 4889 2146 4949 στοάς;
2169 4887 2380 4938 Fuhrius
2403 4888 2559 4950 ἑορτὰς
2573 4923 2588 4948 ,
2612 4888 2822 4936 Marxius
2837 4888 3000 4950 τέχνας
3023 4889 3262 4951 supplent.
3278 4890 3527 4939 Jacobsius

1974 4959 2038 5008 ad
2064 4956 2234 5009 Achilt.
2258 4960 2364 5007 Tat.
2385 4969 2433 5019 p.
2458 4962 2547 5008 593
2563 4956 2785 5019 proponit
2806 4975 2818 5006 :
2839 4956 3010 5020 δριμεῖς
3028 4962 3121 5005 τῶν
3142 4964 3319 5022 τεχνῶν
3337 4958 3524 5022 ἐρασταὶ

1975 5030 2053 5078 διὰ
2077 5029 2159 5085 τὰς
2178 5032 2383 5090 συνεχεῖς
2402 5026 2663 5092 ἀκροάσεις.
2788 5036 2804 5052 ’

2039 5106 2084 5151 5.
2115 5097 2324 5163 ἑταίρας]
2341 5097 2497 5161 editt,
2516 5098 2668 5164 ἐτέρας
2687 5097 2795 5149 eod.
2811 5127 2874 5140 -
2896 5098 3170 5162 κανθῆεος]
3192 5097 3362 5163 editt.;
3385 5116 3527 5149 σκαν·
