4016 5916
1625 372 1628 373 ⁷
1651 381 2156 445 FRAGMENTA.

314 518 464 599 φόροι
485 520 535 577 ἐν
546 522 609 598 τῇ
633 516 847 578 Ἑλλάδι
862 516 1042 595 μισθὸν
1058 514 1295 598 ἀργύριον
1305 515 1683 595 λαμὸοίνουσιν,
1703 515 1863 582 οὕτως

314 598 456 664 οὗτοι
482 603 546 663 τὰ
574 604 711 663 σιτία
743 604 888 684 παρὰ
918 609 1008 664 τοῦ
1055 603 1306 683 βασιλέως
1337 606 1406 671 εἰς
1437 604 1688 683 ὑπόλογον
1713 605 1856 681 λαμ-

316 693 575 751 Εοίνουσιν.
607 691 765 752 Οὕτω
790 692 845 750 δὲ
874 692 965 750 καὶ
990 690 1136 772 παρὰ
1158 696 1261 758 τοῖς
1298 690 1471 759 ἄλλοις
1500 691 1730 772 Πέρσαις
1754 699 1860 758 τοῖς

314 783 367 838 έν
397 779 666 859 δυναστείᾳ
689 770 830 838 οὖσιν
860 777 1020 860 ἀθρόα
1052 779 1225 838 πάντα
1249 778 1314 837 τὰ
1342 778 1479 837 σιτία
1507 779 1593 837 ἐπὶ
1616 778 1710 850 τὴν
1732 780 1857 859 τρά·

311 872 472 937 πεζαν
495 867 854 947 παρατίθεται·
881 866 1087 926 ἐπειδὰν
1113 865 1166 925 δὲ
1194 870 1240 925 οἱ
1264 865 1555 926 σύνδειπνοι
1578 866 1860 939 δειπνήσω-

311 976 394 1025 σι,
421 957 524 1012 τῶν
554 952 656 1012 ἀπὸ
685 958 777 1026 τῆς
802 953 1059 1033 τραπέζης
1081 952 1568 1034 παραλειπομένων,
1600 952 1858 1032 (καταλεί-

309 1064 466 1099 πεται
494 1038 547 1099 δὲ
576 1039 642 1099 τὰ
671 1043 891 1100 πλεῖστα
922 1039 1050 1122 κρέα
1078 1039 1168 1100 καὶ
1198 1039 1404 1120 ἅρτοι,)
1432 1044 1460 1099 6
1483 1044 1575 1112 τῆς
1603 1038 1859 1122 τραπέζης

308 1126 710 1203 ἐπιμελούμενος
740 1128 945 1187 δίδωσιν
975 1127 1177 1208 ἕκᾶστῳ
1194 1131 1296 1186 τῶν
1325 1129 1553 1187 οἰκετῶν·
1578 1129 1669 1187 καὶ
1692 1132 1856 1185 ταῦτα

307 1214 504 1287 λαὸὼν,
526 1214 622 1288 τὴν
649 1216 765 1274 καθ’
783 1216 986 1295 ἡμέραν
1019 1215 1128 1296 ἔχει
1155 1214 1368 1296 τροφήν.
1455 1213 1615 1295 Παρὰ
1641 1214 1742 1295 γὰρ
1769 1214 1855 1273 τὸν

309 1302 530 1379 βασιλέα
548 1306 790 1383 φοιτῶσιν
808 1306 854 1362 οἱ
884 1303 1209 1381 ἐντιμότατοι
1233 1306 1334 1361 τῶν
1355 1301 1667 1361 συνδείπνων
1692 1302 1777 1360 ἐπὶ
1800 1302 1857 1361 τὸ

308 1391 514 1470 ἄριστον
544 1391 718 1468 μόνον,
746 1390 832 1450 διὰ
853 1391 911 1450 τὸ
934 1395 1297 1471 παρῃτῆσθαι,
1320 1387 1406 1447 ἵνα
1446 1388 1520 1468 μὴ
1548 1389 1623 1457 δὶς
1649 1390 1853 1470 πορεύ-

304 1500 466 1536 ωνται
480 1522 496 1551 ,
521 1475 657 1535 ἀλλὰ
677 1476 768 1536 καὶ
792 1477 938 1536 αὐτοὶ
955 1477 1070 1544 τοὺς
1093 1477 1416 1545 συνδείπνους
1438 1477 1806 1558 ὑποδέχωνται.
1829 1506 1853 1529 1·

1054 1637 1105 1692 3.

383 1794 566 1865 Etym-
594 1791 666 1847 Μ.
692 1811 751 1866 p.
782 1799 915 1863 247,
941 1798 1006 1857 [μ
1043 1812 1056 1847 x
1082 1790 1351 1862 Δανάκης,
1376 1789 1692 1867 νομίσματός
1715 1793 1852 1850 ἐστιν

300 1875 467 1952 ὄνομα
500 1875 839 1957 βαρὸαρικὸν,
862 1875 1019 1935 πλέον
1043 1877 1249 1955 δὸολοῧ,
1277 1876 1305 1936 ὃ
1333 1879 1436 1945 τοῖς
1455 1875 1654 1958 νεκροῖς
1669 1880 1722 1936 ἐν
1748 1888 1852 1948 τοῖς

300 1963 556 2039 στόμασιν
573 1961 802 2021 ἐτίθεσαν
818 1966 1107 2042 (Sequitur
1126 1966 1323 2040 fragm.
1350 1966 1668 2022 Callimachi
1699 1986 1721 2021 1
1741 1969 1848 2042 10)·

299 2048 504 2130 εἴρηται
532 2049 583 2107 δὲ
609 2050 863 2122 δανοίκης,
894 2054 922 2108 6
954 2058 1058 2117 τοῖς
1070 2051 1287 2118 ’δαναοῖς
1316 2049 1720 2127 έμὸαλλόμενος·
1752 2052 1850 2109 δα-

297 2137 415 2196 ναοὶ
435 2136 534 2218 γὰρ
557 2140 604 2195 οἱ
626 2135 823 2217 νεκροί·
841 2137 1102 2196 τουτέστιν
1132 2136 1304 2217 ξηροί,
1332 2135 1462 2196 δανὰ
1489 2137 1588 2219 γὰρ
1610 2135 1677 2195 τὰ
1700 2136 1846 2219 ξηρά.

298 2223 646 2303 Ἡρακλείδης
668 2226 720 2283 ἐν
741 2227 816 2305 τῷ
845 2224 1065 2305 δευτέρῳ
1087 2229 1189 2283 τῶν
1217 2227 1508 2305 Περσικῶν.

379 2314 465 2370 Cf.
493 2313 651 2369 Suid.
676 2332 719 2372 S.
746 2333 799 2372 v.
830 2326 885 2370 et
904 2317 1142 2388 Hesych.
1168 2334 1224 2374 v.
1245 2311 1483 2385 Δανάκη.
1507 2316 1708 2372 Pollux
1729 2318 1814 2373 IX
1832 2361 1848 2393 ,

298 2402 374 2458 82
401 2422 414 2456 :
435 2403 485 2460 Τ
487 2397 543 2457 ὸν
561 2398 787 2471 δανᾶκην
810 2389 943 2458 εἶναί
961 2398 1091 2467 τινές
1107 2423 1234 2481 φασι
1253 2399 1486 2477 νόμισμά
1503 2425 1553 2458 τι
1574 2401 1848 2480 Περσικόν.

295 2489 442 2545 vide
460 2489 652 2564 steph.
675 2491 938 2546 Thesaur.
969 2509 1012 2545 s.
1039 2509 1094 2546 v.
1121 2488 1390 2562 Δανᾶκης,
1419 2487 1658 2563 Δανικόν,
1685 2487 1847 2566 Ἥμι-

295 2574 521 2644 δανᾶκη.

1053 2692 1108 2751 4.

378 2823 672 2878 Athenaeus
697 2824 840 2891 XII,
865 2841 922 2897 p.
949 2821 1154 2894 517,·B
1183 2843 1208 2887 ε,
1231 2818 1577 2901 Ἡρακλείδης
1607 2820 1652 2879 δ’
1678 2825 1707 2881 6
1738 2824 1849 2881 Κυ-

293 2915 468 2985 μαῖος,
487 2911 515 2967 6
532 2908 598 2968 τὰ
628 2907 862 2990 Περσικὰ
882 2907 1206 2990 συγγράψας,
1226 2911 1278 2968 ἐν
1297 2916 1403 2976 τοῖς
1421 2907 1849 2990 ἐπιγραφομένοις

295 2999 815 3077 Παρασκευαστικοῖς
837 2994 1013 3068 εἰπὼν,
1032 2999 1100 3062 ὡς
1126 2999 1153 3054 6
1179 2998 1232 3053 ἐν
1257 2999 1320 3075 τῇ
1348 2995 1674 3078 λιὸανοφόρῳ
1697 2996 1846 3078 χώρα

292 3082 545 3162 βασιλεὺς
568 3081 847 3158 αὐτόνομός
874 3080 931 3140 τέ
959 3085 1069 3141 ἐστι
1093 3081 1183 3141 καὶ
1211 3083 1410 3150 οὐδενὸς
1438 3083 1688 3155 ὑπήκοος,
1716 3083 1849 3164 γρά-

292 3191 379 3248 φει
399 3170 489 3228 καὶ
514 3175 696 3229 ταῦτα·
727 3197 750 3221 σι
783 3162 950 3235 Οὗτος
973 3170 1017 3228 δ’
1038 3170 1353 3247 ὗπερὸάλλει
1375 3175 1441 3250 τῇ
1461 3175 1628 3251 τρυφῇ
1653 3170 1742 3229 καὶ
1763 3174 1847 3253 ῥα·

289 3255 478 3334 θυμία.
571 3256 836 3336 Διατρίὸει
865 3280 919 3315 τε
954 3255 1055 3338 γὰρ
1092 3257 1173 3315 ἀεὶ
1211 3260 1265 3315 ἐν
1291 3266 1396 3326 τοῖς
1442 3257 1750 3338 βασιλείοις,
1793 3260 1845 3316 ἐν

290 3348 466 3425 τρυφῇ
488 3343 576 3401 καὶ
599 3344 803 3424 δαπάνῃ
825 3344 912 3402 τὸν
934 3344 1042 3422 βίον
1072 3345 1281 3422 διοίγων,
1304 3343 1392 3403 καὶ
1411 3345 1628 3425 πράττει
1651 3344 1765 3403 οὐδὲ
1787 3344 1846 3403 ἓν

287 3511 428 3560 niam
465 3523 551 3572 pro
573 3510 804 3573 stipendio
825 3509 1091 3573 accipiunt,
1110 3511 1179 3560 sic
1209 3511 1286 3560 isti
1307 3523 1337 3560 a
1359 3524 1466 3574 rege
1496 3511 1739 3574 accipiunt
1769 3511 1844 3560 vi·

287 3591 429 3638 ctum
443 3623 459 3648 ,
482 3587 631 3651 quiin
647 3586 931 3651 stipendium
955 3587 1046 3637 illis
1083 3587 1362 3650 imputatur.
1391 3586 1499 3637 Pari
1521 3589 1684 3638 autem
1703 3588 1846 3637 modo

287 3664 423 3730 apud
446 3665 563 3714 alios
589 3668 776 3727 Persas,
800 3665 882 3727 qul
909 3664 1050 3714 alicui
1064 3664 1262 3726 imperio
1280 3667 1511 3727 praesunt,
1543 3677 1710 3715 omnes
1734 3665 1844 3727 qui-

286 3744 404 3794 dem
435 3742 528 3792 cibi
563 3741 814 3792 confertim
849 3753 1027 3791 memte
1069 3740 1379 3803 imponuntur
1417 3761 1429 3790 ε
1470 3742 1553 3791 sed
1592 3743 1845 3805 postquam

286 3823 545 3872 coenarunt
561 3820 777 3870 convivae
788 3856 804 3882 ,
821 3819 883 3871 de
903 3819 979 3868 his
995 3833 1105 3883 qnae
1121 3832 1150 3868 a
1164 3832 1328 3868 mensa
1345 3823 1597 3882 supersunt
1616 3821 1848 3883 (superest

285 3902 453 3949 autem
471 3898 673 3962 plurima
689 3899 862 3961 parset
877 3896 1093 3947 carnium
1112 3898 1161 3945 et
1199 3897 1398 3959 panum)
1437 3899 1631 3946 curator
1671 3911 1846 3947 mensae

285 3976 488 4040 singulis
520 3974 890 4024 domesticorum
925 3986 1059 4024 stiam
1087 3972 1261 4036 cuique
1287 3973 1552 4035 portionem
1578 3973 1843 4036 distribuit;

285 4069 440 4120 quam
459 4054 544 4118 qui
562 4055 770 4118 accepit,
790 4054 831 4103 is
846 4053 1073 4103 diurnum
1095 4053 1276 4101 victum
1291 4051 1449 4102 habet.
1469 4056 1589 4102 Nam
1607 4052 1666 4102 ad
1688 4067 1846 4116 regem

284 4133 604 4184 convivarum
634 4130 982 4181 honoratissimi
1000 4143 1098 4180 non
1116 4130 1206 4181 nisi
1224 4130 1285 4180 ad
1312 4129 1565 4193 prandium
1584 4130 1844 4193 accedunt3

283 4209 468 4272 quippe
483 4206 567 4271 qui
594 4206 833 4270 deprecati
852 4207 991 4268 sunt,
1011 4219 1072 4256 ne
1093 4206 1167 4256 bis
1195 4208 1361 4257 venire
1383 4209 1653 4268 teneantur,
1671 4220 1770 4270 quo
1797 4210 1847 4259 et

283 4285 376 4348 ipsi
395 4297 507 4335 snos
528 4284 746 4347 excipere
781 4284 1009 4335 convivas
1027 4284 1224 4348 possint.
1249 4305 1275 4329 n

353 4451 594 4511 Danaces,
615 4451 748 4500 numi
770 4463 945 4500 nomen
965 4450 1267 4501 barbaricum
1281 4470 1296 4515 ;
1329 4450 1471 4501 obolo
1503 4451 1673 4513 major,
1699 4465 1842 4515 quem

283 4526 493 4576 mortuis
525 4526 574 4575 in
601 4541 657 4576 os
684 4531 885 4590 ponunt.
918 4530 1133 4577 Danaces
1158 4542 1275 4579 vero
1296 4530 1563 4591 appellatur
1593 4531 1845 4591 propterea

280 4604 416 4666 quod
436 4606 622 4660 δαναοῖς
638 4604 994 4665 injicitur;nam
1003 4604 1165 4653 δαναοί
1182 4609 1293 4657 suut
1313 4605 1506 4666 mortui,
1519 4605 1565 4654 id
1584 4608 1686 4654 est:
1703 4606 1842 4669 sicci;

279 4695 398 4730 nam
417 4681 536 4730 δανὰ
554 4681 783 4730 dicuntur
794 4681 939 4730 sicca.
960 4681 1241 4731 Heraclides
1258 4682 1379 4732 libro
1391 4682 1602 4732 secundo
1622 4686 1689 4732 Dc
1706 4684 1846 4733 rebus

281 4761 560 4810 Persarum.

347 4924 625 4977 Heraclides
648 4938 764 4974 vero
786 4927 1058 4987 Cunianus,
1085 4925 1126 4976 is
1160 4922 1242 4988 qui
1264 4925 1449 4975 Persica
1471 4925 1684 4990 scripsit,
1718 4929 1842 4990 post·

279 5018 436 5069 quam
469 5006 519 5054 in
545 5017 604 5054 ea
634 5007 768 5067 parte
793 5005 950 5068 operis
978 5018 1087 5068 quac
1123 5005 1466 5066 praeparatoria
1504 5005 1844 5067 (introductio)

3409 397 3483 449 97

1948 522 2197 594 πρᾶγμα,
2220 515 2336 573 οὐδὲ
2365 516 2572 581 πολλοῖς
2598 515 2899 588 πλησιάζει,
2921 516 3054 575 ἀλλὰ
3078 502 3323 586 δικαστὰς
3347 520 3496 586 αὐτὸς

1937 596 2289 660 Ιιίποδευινιῖιει·
2319 602 2407 661 καὶ
2432 600 2520 661 §aiv
2547 625 2625 669 τις
2649 601 2833 669 αὐτοὺς
2854 606 3045 681 ἡγῆται
3069 604 3143 681 μὴ
3175 607 3385 675 δικαίως
3414 609 3495 667 δε-

1947 687 2240 761 δικακέναι,
2265 689 2375 749 ἔστι
2398 688 2535 768 θυρὶς
2563 691 2614 747 ἐν
2638 692 2713 769 τῷ
2736 691 3047 771 ὑψηλοτάτῳ
3069 695 3171 750 τῶν
3198 694 3494 772 βασιλείων,

1946 774 2037 833 καὶ
2065 775 2196 848 αὕτη
2225 776 2405 835 ἁλύσει
2428 775 2648 839 δέδεται.
2678 776 2748 837 ‘O
2770 769 2857 835 οὖν
2888 777 3168 855 ἡγούμενος
3197 782 3383 850 ἀδίκως
3411 785 3495 842 δε-

1945 861 2187 920 δικάσθαι
2218 861 2630 940 ε’πιλαμὸάνεται
2673 867 2764 935 τῆς
2807 864 3069 943 ἁλύσεως,
3104 868 3193 925 καὶ
3232 866 3372 927 ἵλκει
3400 870 3495 940 τὴν

1946 947 2158 1028 θυρίδα,
2188 949 2277 1009 καὶ
2305 952 2333 1007 6
2361 948 2629 1029 βασιλεὺς,
2675 951 2884 1010 ἐπειδὰν
2915 952 3191 1031 αἴσθηται,
3229 958 3493 1032 εἰσκαλεῖ,

1945 1036 2036 1094 καὶ
2060 1036 2210 1104 αὐτὸς
2233 1036 2445 1106 δικάζει.
2475 1037 2584 1098 Καὶ
2613 1036 2703 1096 ἐὰν
2728 1039 3011 1119 φαίνωνται
3033 1044 3080 1100 οἱ
3106 1042 3345 1102 δικασταὶ
3377 1043 3497 1102 ἀδί·
3596 1116 3603 1123 ,

1917 1146 2045 1196 ,κῳς
2069 1123 2398 1197 δικάσαντες,
2423 1123 2850 1197 ἀποθνήσκουσιν·
2904 1126 2994 1187 ἐὰν
3019 1127 3073 1189 δὲ
3100 1130 3310 1198 δικαίως
3325 1174 3344 1208 ,
3366 1135 3395 1190 6
3417 1155 3495 1189 κι-

1941 1210 2105 1282 νήσας
2136 1211 2232 1283 τὴν
2261 1213 2438 1292 θυρίδα
2473 1212 2780 1275 ἀπόλλυται.
2813 1242 2837 1266 ¹·
2872 1215 2957 1275 Τὰ
2986 1216 3031 1274 δ’
3059 1214 3381 1295 ἀναλώματα
3410 1217 3495 1277 λέ·

1941 1321 2021 1376 γει
2049 1303 2138 1370 τῆς
2167 1296 2367 1377 ἡμέρας
2395 1300 2466 1366 εἰς
2493 1298 2580 1358 τὸν
2606 1300 2824 1378 βασιλέα
2855 1301 2945 1360 καὶ
2972 1301 3065 1370 τὰς
3087 1303 3204 1384 περὶ
3233 1304 3384 1362 αὐτὸν
3407 1328 3495 1381 γυ·

1942 1386 2235 1531 ἑῖξῖὲιξιζαὶ
2264 1385 2436 1464 φίλους
2464 1386 2693 1464 γίνεσθαι
2718 1387 2952 1446 τάλαντα
2981 1390 3353 1449 πεντεκαίδεκα
3386 1393 3491 1451 Βα·

2687 1561 2743 1618 5.

2024 1702 2318 1758 Athenaeus
2352 1704 2441 1772 11,
2472 1721 2531 1776 p.
2569 1702 2664 1777 48,
2688 1703 2750 1758 C.
2792 1721 2806 1756 ε
2840 1702 3048 1776 Πρῶτοι
3076 1699 3131 1759 δὲ
3165 1702 3391 1783 Πέρσαι,
3420 1703 3489 1772 ὥς

1940 1815 2096 1873 φησιν
2121 1792 2490 1873 Ἡρακλείδης,
2516 1791 2738 1860 καὶτοὺς
2761 1793 3062 1871 λεγομένους
3089 1796 3321 1876 στρώτας
3345 1801 3492 1879 ἔφεῧ·

1942 1902 2050 1959 ρον,
2073 1877 2158 1937 ἵνα
2188 1878 2378 1957 κόσμον
2404 1879 2500 1959 ἔχῃ
2530 1884 2565 1951 ἡ
2591 1882 2811 1961 στρῶσις
2837 1880 2927 1938 καὶ
2954 1880 3215 1963 εὐάφειαν.

2212 2019 2298 2077 Ex
2340 2019 2606 2078 Hismara
2647 2041 2841 2078 atoma
2885 2021 3210 2083 Pastum.

2682 2152 2738 2208 6.

2020 2291 2301 2347 Plutarch.
2333 2292 2598 2347 Themist.
2629 2311 2680 2348 c.
2709 2310 2778 2362 27
2808 2312 2821 2348 ε
2851 2287 3075 2371 Ἔφορος
3101 2290 3156 2349 δὲ
3180 2289 3270 2350 καὶ
3297 2291 3487 2353 Δείνων

1943 2375 2035 2453 (fr.
2064 2376 2158 2453 20)
2182 2374 2272 2433 καὶ
2303 2374 2624 2456 Κλείταρχος
2650 2375 2741 2435 καὶ
2770 2377 3142 2455 Ἡρακλείδης,
3167 2377 3243 2437 ἔτι
3262 2380 3308 2437 δ’
3340 2380 3486 2440 ἄλλοι

1937 2461 2164 2529 πλείονες
2186 2466 2615 2521 Themistoclem
2640 2486 2755 2522 non
2780 2467 2853 2522 ad
2878 2470 3240 2524 Artaxerxem
3256 2511 3272 2539 ,
3298 2469 3392 2525 sed
3418 2471 3485 2523 ad

1937 2553 2190 2608 Xerxem
2210 2553 2420 2609 venisse
2444 2552 2658 2609 dicunt.

2683 2704 2736 2754 7.

2016 2822 2298 2877 Plutarch.
2326 2824 2527 2878 Artox.
2550 2841 2601 2879 c.
2628 2822 2700 2878 23
2727 2819 2933 2882 ιἚνιοι
2952 2820 3125 2899 μέντοι
3140 2823 3392 2901 λέγουσιν,
3411 2816 3483 2885 ὧν

1936 2908 2047 2966 ἐστι
2082 2904 2173 2966 καὶ
2203 2906 2547 2989 Ἡρακλείδης
2587 2910 2615 2966 6
2646 2910 2913 2986 Κυμαῖος,
2944 2910 3002 2968 οὗ
3043 2909 3167 2989 μίαν
3198 2911 3353 2988 μόνον
3380 2918 3481 2973 τῶν

1937 2993 2230 3075 θυγατέρων
2282 2995 2380 3075 (sc.
2420 2994 2515 3066 τὴν
2562 2992 2879 3076 Ἄτοσσαν),
2917 2998 3054 3055 ἀλλὰ
3090 2998 3180 3057 καὶ
3223 2999 3483 3080 δευτέραν,

1933 3082 2241 3163 Ἄμηστριν,
2260 3086 2430 3160 γῆμαι
2448 3082 2534 3141 τὸν
2557 3081 2906 3164 Ἀρτοξέρξην,
2922 3077 3048 3165 ’περὶ
3070 3079 3132 3160 ἧς
3148 3085 3317 3166 ὀλίγον
3335 3087 3483 3147 ὅστε·

1937 3193 2024 3251 ρον
2049 3172 2464 3247 ἀπαγγελοῦμεν.

2017 3261 2198 3335 Igitur
2234 3260 2542 3315 Heraclidis
2585 3263 2961 3317 narrationem
2993 3263 3263 3318 habemus
3295 3285 3344 3320 c.
3387 3285 3480 3336 27,

1937 3348 2034 3402 ubi
2072 3356 2370 3420 postquam
2399 3346 2618 3402 dixerat
2654 3348 2981 3404 Plutarchus
3018 3350 3298 3422 Aspasiam
3335 3352 3487 3406 Pho-

1930 3512 2003 3562 bit
2028 3531 2041 3561 ε
2069 3529 2093 3554 ιι
2122 3510 2211 3559 Hic
2233 3523 2350 3560 vero
2372 3510 2421 3559 in
2448 3510 2569 3559 mira
2592 3511 2782 3559 luxuria
2801 3511 3095 3573 mollitieque
3118 3513 3253 3562 vivit.
3296 3514 3485 3577 Quippe

1931 3590 2206 3639 constanter
2227 3586 2276 3636 in
2292 3587 2419 3650 regia
2440 3588 2674 3649 moratur,
2695 3588 2845 3637 vitam
2868 3588 2917 3637 in
2934 3588 3115 3638 deliciis
3135 3591 3183 3639 et
3205 3593 3485 3653 sumptuoso

1934 3665 2050 3714 luxu
2092 3664 2355 3726 transigens
2398 3682 2411 3712 ι
2448 3676 2605 3725 neque
2636 3663 2897 3726 quidquam
2934 3665 3105 3727 negotii
3133 3665 3253 3728 gerit
3282 3686 3295 3717 z
3322 3681 3413 3718 nec
3438 3670 3485 3717 in

1931 3744 2239 3805 conspectum
2254 3741 2574 3791 multitudinis
2591 3742 2767 3805 prodit.
2785 3741 2878 3791 Sed
2895 3741 3078 3803 iudices
3089 3743 3189 3805 ipse
3206 3742 3358 3808 [siim
3377 3746 3488 3809 illis]

1929 3818 2045 3880 legit
2067 3837 2079 3866 ε
2095 3830 2216 3880 quos
2229 3817 2271 3866 si
2289 3817 2396 3880 quis
2408 3817 2730 3887 putat-injuste
2743 3816 2994 3878 iudicasse,
3005 3821 3077 3866 est
3090 3819 3137 3867 in
3152 3832 3342 3868 summa
3353 3822 3488 3882 parte

1931 3895 2072 3957 regias
2093 3893 2317 3943 ostiolum
2336 3897 2504 3943 catena
2530 3894 2814 3943 revinctum.
2849 3894 2944 3952 Qui
2976 3895 3121 3956 igitur
3138 3895 3379 3944 existimat
3411 3896 3486 3944 in·

1926 3974 2106 4035 iustam
2134 3973 2196 4023 de
2222 3986 2274 4026 se
2308 3973 2667 4035 pronuntiatam
2704 3985 2805 4022 m
2841 3973 3127 4021 sententiam
3146 4010 3160 4032 ‚
3188 3973 3229 4025 ‘u
3255 3973 3485 4036 prehensa

1930 4054 2100 4102 catena
2122 4051 2349 4101 ostiolum
2369 4050 2517 4100 trahit
2540 4069 2551 4100 ε
2576 4052 2625 4100 et
2650 4061 2734 4099 rex
2764 4047 2845 4097 ubi
2870 4047 2919 4096 id
2945 4049 3119 4110 sensit,
3155 4049 3281 4098 intro
3314 4051 3484 4112 vocat,

1929 4132 1980 4179 et
2012 4129 2111 4192 ipse
2140 4127 2220 4190 jus
2246 4128 2380 4178 dicit.
2418 4131 2574 4190 Tum,
2594 4128 2633 4178 si
2652 4126 2839 4190 judices
2869 4127 3099 4189 comperti
3128 4129 3241 4177 sunt
3261 4126 3482 4189 injustam

1931 4206 2269 4269 pronunciasse
2305 4205 2619 4267 sententiam,
2652 4203 2806 4267 capite
2836 4204 3148 4266 plectuntur:
3170 4204 3244 4254 sin
3274 4203 3452 4266 justam
3470 4243 3484 4264 ,

1929 4284 2054 4346 perit
2068 4282 2108 4332 is
2124 4283 2207 4346 qui
2224 4283 2449 4332 ostiolum
2468 4282 2636 4332 movit.
2656 4300 2682 4325 ι·
2710 4279 2938 4343 Sumptus
2955 4282 3138 4342 niutan,
3157 4279 3241 4341 qui
3260 4280 3308 4330 in
3328 4294 3483 4342 regnu

1931 4361 2131 4425 ejusque
2157 4361 2383 4410 mulieres
2399 4363 2447 4410 et
2473 4359 2653 4409 amicos
2673 4357 2887 4421 quotidie
2916 4356 3274 4420 impenduntur,
3292 4356 3359 4406 ait
3382 4371 3491 4411 esse

1929 4438 2221 4489 talentorum
2240 4437 2513 4500 quindecim
2534 4435 2947 4499 Babylonicorum.

1994 4610 2140 4661 Primi
2173 4615 2325 4660 Persae
2343 4648 2355 4672 ,
2376 4613 2428 4659 ut
2453 4609 2615 4659 scribit
2639 4526 2934 4669 Hirsutum,
2953 4607 3098 4657 etiam
3120 4606 3349 4656 stratores
3365 4619 3486 4668 quos

1932 4691 2111 4737 vocant
2141 4687 2454 4748 invenerunt,
2480 4688 2535 4736 ut
2563 4685 2856 4748 explicandis
2872 4683 3094 4746 stragulis
3121 4685 3221 4733 suls
3248 4686 3485 4732 constaret

1930 4766 2129 4815 ornatus
2146 4767 2194 4814 et
2211 4764 2369 4813 suavis
2394 4765 2660 4812 contactus.

1992 4932 2113 4982 Sunt
2125 4932 2285 4980 tamen
2294 4931 2378 4994 qui
2394 4929 2575 4991 dicant,
2591 4943 2652 4980 ex
2663 4847 2839 4993 qquibus
2853 4929 3181 4980 Cumanusest
3196 4925 3484 4986 Heraclides,

1930 5022 2029 5058 non
2048 5021 2193 5057 unam
2210 5007 2335 5057 hanc
2354 5009 2543 5057 tantum
2571 5007 2717 5057 tiliam
2747 5020 2884 5058 suam
2909 5010 3233 5066 Artoxerxen,
3260 5003 3343 5053 sed
3364 5004 3483 5054 alte·

279 5082 581 5144 inscribitur,
612 5081 761 5144 dixit,
795 5095 953 5146 regem
984 5082 1188 5145 regionis
1216 5082 1462 5131 thuriterae
1487 5083 1563 5131 sui
1595 5082 1714 5144 iuris
1746 5098 1847 5135 esse
1934 5100 2038 5136 ram
2063 5099 2259 5149 quoque
2298 5084 2604 5135 matrimonio
2630 5085 2720 5135 sibi
2750 5084 2964 5147 junxisse
2986 5083 3268 5142 Amestrim,
3300 5079 3361 5130 de
3390 5093 3485 5143 qua

277 5163 332 5212 et
353 5159 535 5210 nullius
561 5160 759 5222 imperio
786 5159 1083 5223 subiectum,
1104 5159 1227 5209 inter
1261 5158 1355 5209 alia
1389 5160 1494 5209 liaec
1526 5174 1717 5224 qnoque
1735 5163 1846 5212 scri·
1933 5177 2048 5213 mox
2070 5162 2304 5212 dicemus.

577 5261 855 5298 rasennam
878 5263 996 5298 nin.
1017 5263 1098 5299 GR·
1127 5276 1181 5286 —
1211 5262 1314 5298 VOL-
1341 5263 1389 5298 ll.

3198 5273 3225 5318 7
