4016 5916
1006 387 1105 447 EX
1151 386 1513 448 HISTORIA
1557 390 1892 454 DlONYSIl
1940 396 2716 465 HALICARNASSENSIS.

3237 427 3464 475 xxxvu

242 514 535 593 Γενομένης
573 515 629 574 δὲ
674 520 771 590 τῆς
799 515 1030 586 ἐξουσίας
1072 518 1264 591 ταύτης
1303 518 1473 600 κύριος
1512 524 1541 579 ὁ
1582 520 1805 596 ὕπατος,
1905 540 2091 598 partem
2124 539 2174 589 in
2198 542 2399 593 urbibus
2425 543 2728 607 relinqueret.
2752 547 2930 597 Consul
2964 548 3107 611 igitur
3125 550 3226 611 eJ‘us
3248 551 3314 601 rei
3334 552 3468 602 ordi·

236 604 375 672 ὅσοις
400 594 466 677 ἦν
500 603 831 683 βουλομένοις
858 603 1057 686 ὀψώνια
1087 606 1179 664 καὶ
1212 606 1422 683 μισθοὺς
1447 606 1691 690 φέρεσθαι
1717 617 1808 684 τῆς

238 694 494 774 φυλακῆς,
519 690 729 760 τούτους
749 693 1054 766 καθίστησιν
1074 695 1127 752 ἐν
1148 702 1261 761 ταῖς
1283 694 1511 758 πόλεσιν.
1536 696 1630 759 Ἐν
1651 689 1724 766 οἶς
1746 691 1809 771 ἦν

236 781 297 840 τὸ
320 782 503 840 πλεῖον
531 778 690 861 μέρος
720 780 969 840 ἀνεστίων
997 781 1088 840 καὶ
1112 782 1420 865 καταχρέων
1444 785 1533 843 καὶ
1561 785 1656 857 τὴν
1680 785 1808 846 οἴκοι

238 869 423 928 πενίαν
449 868 539 927 καὶ
570 867 835 946 ἀγνωσίαν
868 866 1106 946 ἀσμένως
1138 871 1647 951 ἀποδιδρασκόντων.
1674 875 1807 935 Τού-

235 979 356 1023 τους
379 958 429 1015 οῖ
448 954 739 1033 Καμπανοὶ
760 963 875 1023 ταῖς
893 957 1078 1024 οἰκίαις
1100 958 1577 1036 ἀναλαμβάνοντες,
1596 962 1805 1040 τραπέψ

241 1050 349 1114 ζαις
380 1066 441 1104 τε
481 1043 801 1124 ὑπεδέχοντο
832 1046 1100 1126 λαμπραῖς
1125 1046 1216 1105 καὶ
1243 1051 1356 1114 ταῖς
1381 1046 1564 1116 ἄλλαις
1590 1049 1805 1119 ἐξένιζον

240 1130 661 1214 φιλοφροσύναις.
724 1131 1027 1205 Πολυτελὴς
1057 1132 1113 1191 δὲ
1143 1134 1233 1193 καὶ
1269 1134 1595 1216 ἆὸροδίαιτος
1622 1140 1810 1206 ἱκανῶς

240 1218 572 1299 Καμπανίαν
602 1222 805 1280 οἰκῶσι
836 1220 926 1280 καὶ
962 1226 1052 1279 νῦν
1081 1221 1192 1281 ἐστὶ
1227 1222 1318 1282 καὶ
1356 1223 1470 1282 τότε
1498 1216 1562 1296 ἦν
1591 1229 1619 1284 δ
1660 1226 1769 1305 βίος
1787 1271 1806 1306 ,

236 1309 323 1367 καὶ
349 1306 532 1367 πάντα
555 1307 645 1366 τὸν
668 1306 850 1367 λοιπὸν
877 1307 1024 1367 ἔσται
1045 1308 1228 1389 χρόνον
1242 1333 1257 1349 ·
1280 1310 1615 1393 πολύκαρπόν
1642 1336 1698 1372 τε
1720 1337 1806 1373 πε·

236 1398 385 1456 διάδα
418 1394 513 1455 καὶ
542 1394 837 1456 πολύόοτον
864 1398 1100 1477 καὶπρὸς
1123 1398 1299 1477 ὑγείαν
1327 1399 1610 1475 ἀνθρώποις
1636 1426 1806 1483 γεωρ-

240 1490 417 1565 γοῦσιν
446 1482 669 1566 ἀρίστην
697 1475 880 1546 οὖσαν.
908 1486 1042 1546 Κατ’
1069 1485 1236 1566 ἀρχὰς
1259 1486 1354 1562 μὲν
1395 1479 1483 1547 οὖν
1523 1491 1810 1567 ἀγαπητῶς

237 1577 281 1632 οἱ
312 1571 533 1654 φρουροὶ
574 1571 670 1641 τὴν
695 1571 985 1654 φιλοξενίαν
1026 1576 1127 1632 τῶν
1172 1573 1454 1655 ἀνθρώπων
1485 1576 1806 1654 ἐλάμὸανον·

238 1661 420 1719 ἔπειτα
452 1659 876 1740 διαφθειρόμενοι
918 1659 1010 1728 τὰς
1053 1659 1224 1741 ψυχὰς
1250 1661 1351 1720 ὑπὸ
1394 1667 1482 1720 τοῦ
1511 1663 1665 1742 κόρου
1707 1667 1808 1722 τῶν

240 1750 449 1825 ἀγαθῶν
478 1746 739 1828 πονηροὺς
768 1746 1148 1825 ὑπολογισμοὺς
1174 1746 1311 1807 κατὰ
1349 1748 1529 1831 μικρὸν
1571 1750 1810 1828 ἰλάμὸα-

238 1858 348 1893 νον·
367 1833 463 1893 καὶ
492 1834 755 1901 συνιόντες
780 1833 1023 1906 ἀλλήλοις
1050 1832 1254 1912 (λεγόν,
1269 1836 1337 1902 ὥς
1359 1835 1589 1909 ἀνοήτων
1614 1835 1810 1919 ἀνθρώ-

240 1945 348 1981 πων
370 1922 685 1995 ποιήσουσιν
708 1922 887 2003 ἔργον,
912 1925 956 1982 εἰ
976 1921 1232 1996 τοσαύτην
1253 1924 1625 1993 καταλιπόντες
1644 1926 1811 1985 εὗδαι·

241 2010 423 2087 μονίαν
467 2009 559 2069 ἰπὶ
599 2009 691 2069 τὸν
732 2012 786 2069 ἐν
835 2005 1023 2089 Ῥώμῃ
1066 2008 1175 2091 βίον
1218 2008 1649 2093 ἀνακάμψουσιν,
1692 2011 1811 2071 ἔνθα

239 2096 412 2177 λυπρὰ
437 2094 539 2175 μὲν
564 2100 595 2169 ἡ
624 2101 724 2176 γῆ,
753 2097 949 2156 πολλαὶ
978 2097 1032 2157 δὲ
1067 2096 1302 2180 εἰσφοραὶ
1312 2146 1328 2172 ,
1368 2098 1609 2176 πολέμων
1645 2096 1698 2158 δὲ
1727 2100 1815 2158 καὶ

242 2189 417 2244 κακῶν
458 2182 757 2252 ἀνάπαυσις
798 2185 1048 2262 οὐδεμία,
1076 2183 1143 2244 τὰ
1179 2186 1234 2245 δὲ
1274 2190 1379 2245 τῶν
1419 2191 1602 2246 κοινῶν
1645 2187 1813 2246 πόνων

244 2262 379 2331 ἶθλα
404 2269 543 2351 παρ’
571 2271 791 2348 sume,
833 2274 883 2330 οἱ
924 2271 979 2331 δὲ
1007 2274 1236 2341 ἀσθενεῖς
1277 2279 1384 2341 τοῖς
1426 2274 1554 2354 βίοις
1588 2278 1676 2334 καὶ
1709 2280 1812 2334 τῶν

244 2363 364 2421 καθ’
390 2358 598 2441 ἡμέραν
625 2359 928 2437 ἀναγκαίων
958 2363 1295 2442 ἀποροῦντες,
1318 2362 1407 2422 καὶ
1438 2362 1514 2422 ἔτι
1542 2365 1743 2439 μᾶλλον
1765 2367 1814 2422 οῖ

242 2447 315 2509 τὰ
340 2447 478 2527 χρέα
523 2445 595 2524 μὴ
624 2447 904 2526 δυνάμενοι
938 2449 1182 2508 διαλῦσαι
1214 2457 1318 2518 τοῖς
1342 2450 1695 2529 συμὸαλοῦσι·
1725 2450 1814 2509 καὶ

242 2536 341 2607 τὴν
369 2535 604 2613 ἀνάγκην
642 2538 969 2616 ἀποχρῶσαν
998 2527 1128 2595 εἶναι
1157 2536 1453 2614 σύμὸουλον
1482 2542 1585 2597 τῶν
1614 2562 1813 2618 συμφε-

244 2623 435 2705 ρόντων
474 2620 655 2704 σφίσιν
703 2622 1075 2705 ἀποφαίνοντες
1112 2624 1230 2683 ἄνευ
1259 2632 1349 2685 τοῦ
1391 2628 1582 2686 καλοῦ·
1630 2628 1737 2685 οὐδ’
1773 2629 1818 2685 εἷ

244 2711 430 2781 πάντες
456 2711 614 2788 νόμοι
652 2733 711 2769 τε
743 2711 836 2770 καὶ
879 2710 1120 2791 ἄρχοντες
1163 2711 1255 2781 τὰς
1297 2714 1523 2794 ἐσχάτας
1567 2714 1819 2794 τιμωρίας

248 2802 512 2859 ἀπειλοῖεν
560 2800 772 2876 αὐτοῖς,
820 2800 871 2857 ἰν
905 2801 1217 2876 Καμπανοῖς
1260 2800 1348 2861 ἔτι,
1380 2802 1696 2879 μεθήσεσθαι
1726 2807 1816 2875 τῆς

245 2889 517 2969 παρούσης
546 2885 881 2963 εὗδαιμονίας
910 2884 1085 2966 ἔλεγον
1105 2934 1121 2966 ,
1158 2887 1247 2947 καὶ
1270 2891 1606 2956 τελευτῶντες
1635 2892 1704 2956 εἷς
1735 2913 1818 2948 το-

245 2977 440 3049 σαύτην
464 2974 723 3036 ἀπόνοιαν
752 2967 911 3054 {mov
924 3020 940 3049 ,
960 2973 1092 3034 ὥστε
1116 2976 1207 3035 καὶ
1223 2975 1391 3057 λέγειν
1413 2977 1644 3056 ἐτόλμων
1664 3027 1679 3055 ,
1706 3007 1729 3030 κ
1750 2979 1820 3038 Τί

246 3067 330 3124 δαὶ
369 3065 464 3124 καὶ
508 3064 775 3146 δράσομεν
818 3063 1006 3138 δεινὸν,
1042 3063 1131 3123 ἐὰν
1160 3063 1484 3141 Καμπανοὺς
1514 3065 1820 3132 ἐκὸαλόντες

245 3152 336 3220 τὰς
386 3151 601 3212 ἐκείνων
644 3150 827 3217 πόλεις
875 3149 1261 3230 κατάσχωμενς
1306 3143 1467 3211 Οὗτοι
1517 3150 1619 3233 γὰρ
1668 3153 1815 3212 αὐτοὶ

246 3241 499 3321 πρότερον
532 3242 626 3298 οὐκ
654 3241 714 3299 ἐκ
744 3244 839 3297 τοῦ
882 3237 1058 3297 πεδίου
1104 3240 1173 3318 (2)
1221 3239 1539 3317 κτησάμενοι
1585 3238 1685 3313 τὴν
1721 3246 1818 3318 γῆν

250 3327 547 3408 κατέσχον,
576 3325 713 3386 ἀλλὰ
746 3324 1134 3394 ἑπιξενωθέντες
1173 3327 1456 3406 Τυρρηνοῖς
1482 3328 1548 3407 (a)
1591 3334 1698 3394 τοῖς
1723 3352 1818 3387 κα-

248 3422 518 3478 τοικοῦσιν
538 3414 727 3487 αὗτὴν,
742 3413 834 3472 καὶ
851 3412 968 3481 τοὺς
987 3413 1176 3493 ἄνδρας
1195 3416 1391 3481 πάντας
1413 3416 1817 3496 διαφθείραντες,

248 3506 343 3574 τίς
384 3528 445 3566 τε
480 3509 737 3584 γυναῖκας
777 3503 946 3561 αὐτῶν
977 3500 1069 3559 καὶ
1094 3499 1213 3569 τοὺς
1242 3501 1381 3580 βίους
1410 3501 1500 3561 καὶ
1529 3501 1621 3569 τὰς
1646 3502 1821 3571 πόλεις

250 3595 339 3655 καὶ
376 3592 478 3667 τὴν
519 3590 895 3675 περιμάχητον
938 3589 1119 3669 χώραν
1167 3588 1498 3668 παρέλαὸον,
1546 3587 1681 3648 ὥστε
1727 3588 1820 3648 σὺν

250 3683 366 3754 δίκη
394 3680 675 3741 πείσονται
698 3687 805 3738 πᾶν
834 3677 911 3735 ὅτι
941 3677 1002 3734 ἂν
1032 3679 1268 3736 πάθωσιν
1317 3677 1378 3756 (ε)
1418 3676 1562 3735 αὐτοὶ
1592 3682 1682 3748 τῆς
1719 3700 1820 3734 πα-

252 3749 506 3851 ρανομίας
527 3766 879 3849 κατάρξαντες
905 3768 1023 3825 καθ’
1054 3764 1265 3845 ἑτέρων.
1297 3765 1369 3824 Τί
1403 3763 1488 3822 δαὶ
1513 3763 1602 3823 καὶ
1632 3763 1689 3823 τὸ
1715 3789 1816 3822 κω-

250 3862 417 3919 λῦσαν
462 3863 613 3935 ἡμᾶς
646 3855 795 3915 ἔσται
840 3860 1006 3913 ταῖτα
1053 3852 1211 3934 μέχρι
1256 3857 1346 3911 τοῦ
1390 3851 1583 3918 παντὸς
1630 3852 1817 3932 χρόνου

252 3951 587 4026 καρποῦσθαι
620 3941 855 4022 τάγαθά,
888 3945 1143 4002 Σαυνῖται
1187 3938 1281 4016 μέν
1320 3961 1379 4016 γε
1422 3939 1513 3997 καὶ
1555 3939 1821 4008 Σιτικηνοὶ

252 4035 343 4093 καὶ
390 4033 633 4100 Αὔσονες
680 4033 745 4108 (ο)
801 4029 895 4090 καὶ
940 4029 1129 4096 πάντες
1185 4031 1233 4088 οἱ
1282 4026 1533 4106 περίοικοι
1578 4031 1820 4085 τοσοῦτον

256 4121 502 4193 δεήσουσι
536 4124 857 4197 Καμπανοῖς
894 4121 1235 4197 τιμωροῦντες
1280 4110 1363 4195 ἐφ’
1386 4117 1529 4189 ἡμᾶς
1572 4112 1820 4194 στρατεύ-

256 4232 329 4266 ειν
350 4210 441 4284 (s),
469 4205 611 4267 ὥστε
638 4208 881 4286 ἀποχρῆν
909 4201 1260 4283 ὖπολήψονταί
1288 4223 1459 4280 σφισιν
1479 4203 1522 4260 εἰ
1551 4199 1822 4258 τὰὲαυτῶν

256 4295 493 4378 ἐάσωμεν
546 4294 793 4360 ἑκάστοις
826 4291 984 4373 ἔχειν.
1027 4290 1285 4368 Ῥωμαῖοι
1324 4289 1377 4349 δὲ
1426 4288 1551 4356 ἴσως
1596 4287 1690 4365 μὲν
1735 4287 1826 4346 καὶ

256 4385 373 4443 κατ’
414 4381 585 4463 εὐχὴν
628 4381 860 4450 δέξονται
907 4378 965 4438 τὸ
1006 4377 1266 4459 πραχθὲν,
1312 4376 1525 4436 ἅπασαν
1572 4374 1827 4444 ἀξιοῦντες

256 4469 492 4531 Ἰταλίαν
520 4479 640 4537 ταῖς
682 4471 852 4526 αὑτῶν
883 4460 1143 4533 ἀποικίαις
1170 4468 1502 4546 κρατεῖσθαι·
1541 4465 1587 4522 εἶ
1612 4463 1667 4522 δὲ
1693 4469 1823 4539 ἀγα-

256 4563 463 4616 νακτεῖν
475 4555 942 4637 προσποιούμενοι,
954 4554 1231 4633 πολεμίους
1247 4559 1386 4630 ἡμᾶς
1398 4552 1661 4633 κρίναντες
1682 4553 1711 4583 ⁴
1731 4554 1796 4630 (7)
1806 4598 1823 4628 ,

258 4647 313 4703 οὔ
358 4650 603 4704 τοσαῦτα
652 4643 799 4703 δεινὰ
847 4643 1200 4717 διαθήσουσιν,
1243 4641 1343 4702 ὅσα
1385 4641 1654 4700 πείσονται
1705 4640 1827 4719 πρὸς

260 4737 433 4808 ἡμῶν·
458 4730 653 4812 χώραν
696 4753 755 4789 τε
794 4729 895 4810 γὰρ
922 4733 1090 4789 αὐτῶν
1134 4728 1432 4808 δῃώσομεν,
1472 4725 1591 4787 ὅσον
1616 4727 1679 4787 ἂν
1700 4731 1828 4802 ἡμῖν

260 4821 417 4899 δοκῇ,
458 4819 557 4877 καὶ
602 4816 875 4894 δεσμώτας
908 4820 966 4877 ἐκ
1004 4822 1105 4877 τῶν
1148 4821 1319 4897 ἀγρῶν
1362 4816 1585 4893 λύσομεν
1617 4816 1706 4874 καὶ
1746 4820 1827 4874 θε·

263 4907 528 4984 ράποντας
560 4903 977 4985 ἐλευθερώσομεν
1004 4905 1093 4965 καὶ
1129 4904 1261 4982 μετὰ
1299 4908 1401 4963 τῶν
1434 4903 1681 4984 ἐχθίστων
1729 4905 1822 4960 αὗ-

266 4998 369 5059 τοῖς
395 4989 767 5054 Οὐολούσκων
802 5015 854 5050 τε
884 4993 973 5053 καὶ
998 4997 1284 5074 Τυρρηνῶν
1311 4991 1402 5052 καὶ
1444 4996 1711 5054 Σαυνιτῶν
1739 4991 1830 5050 καὶ

1900 642 2073 693 nandoe
2105 645 2285 697 arbiter
2311 648 2489 711 sactus,
2522 649 2841 711 proesidiarios
2875 652 3062 714 oppidis
3091 654 3320 716 imposuit
3351 658 3464 720 qui·

1901 757 2094 808 cunque
2135 748 2319 799 victum
2366 753 2415 800 et
2455 751 2689 815 stipendia
2733 753 2964 804 custodiae
3004 756 3178 805 mereri
3216 764 3462 819 cuperent.

1903 853 2020 900 Pars
2042 851 2196 915 major
2226 866 2394 903 eorum
2419 854 2636 907 homines
2668 859 2808 907 erant
2827 856 2922 908 aris
2954 861 3004 908 et
3031 858 3149 910 focis
3170 864 3387 913 carentes
3416 865 3467 913 et

1899 950 2102 1002 obaerati
2119 955 2169 1003 et
2191 957 2524 1018 paupertatem
2556 956 2869 1008 domesticam
2888 961 2938 1009 et
2966 960 3308 1012 obscuritatem
3333 963 3466 1014 baud

1899 1054 2037 1105 inviti
2074 1056 2358 1109 deserentes.
2398 1062 2495 1110 Hos
2531 1061 2762 1124 campani
2799 1061 3026 1114 domibus
3060 1065 3159 1114 suis
3191 1067 3466 1129 mensisque

1898 1156 2158 1219 splendidis
2189 1161 2489 1224 excipiebant
2524 1164 2573 1213 et
2604 1163 2652 1212 in
2679 1165 2888 1229 ,reliquis
2919 1165 3143 1229 hospitali
3179 1168 3467 1219 liberalitate

1899 1264 2120 1314 beabant.
2144 1266 2330 1315 Etenim
2352 1270 2632 1330 sumptuosa
2653 1267 2911 1318 admodum
2927 1271 2976 1319 et
2997 1270 3252 1321 delicatuia
3267 1274 3467 1337 Campa·

1899 1367 1992 1415 niae
2015 1365 2184 1417 incolis
2210 1368 2307 1417 vita
2330 1369 2379 1418 et
2401 1381 2531 1419 nunc
2550 1371 2623 1419 est
2648 1373 2698 1420 et
2721 1371 2840 1420 tunc
2864 1374 2967 1421 erat
3004 1375 3052 1422 et
3082 1372 3133 1422 in
3166 1386 3311 1425 omne
3333 1375 3466 1425 rutu-

1898 1483 2010 1519 rum
2034 1471 2130 1520 erit
2148 1472 2354 1534 tempus.
2383 1470 2613 1522 Nimirum
2646 1473 2892 1536 planitiem
2916 1474 3091 1524 colunt
3128 1475 3346 1527 ubertate
3363 1477 3467 1527 fru-

1898 1573 2065 1620 ctuum
2085 1584 2468 1635 pascuorumque
2485 1573 2776 1625 abundantia
2801 1575 3030 1639 insignem
3052 1577 3268 1642 aerisque
3281 1581 3467 1643 tempe-

1901 1673 2066 1722 ratura
2091 1672 2367 1723 hominibus
2383 1674 2762 1725 saluberrimam.
2789 1676 2929 1726 initio
2953 1678 3098 1741 igitur
3129 1681 3275 1742 gratis
3292 1682 3464 1732 animis

1901 1774 2182 1836 praesidiarii
2209 1775 2460 1838 prodigam
2480 1775 2729 1826 hominum
2753 1777 3125 1841 hospitalitatem
3148 1781 3464 1845 accipiebant,

1901 1874 2074 1925 deinde
2118 1889 2232 1926 vero
2263 1875 2500 1927 bonorum
2539 1878 2723 1928 fastidio
2770 1879 2984 1942 corrupti
3022 1893 3169 1943 prava
3207 1882 3456 1944 paullatim

1903 1972 2089 2022 inibant
2110 1972 2321 2024 consilia.
2344 1974 2711 2035 congredientes
2731 1974 2855 2025 inter
2885 1989 2936 2026 se
2960 1974 3181 2027 dictitare
3202 1982 3466 2042 coeperunt,

1905 2067 2160 2118 dementiae
2177 2067 2280 2118 sore
2297 2080 2418 2132 opus
2434 2104 2450 2131 ,
2476 2069 2515 2118 si
2538 2069 2626 2133 ipsi
2644 2071 2776 2119 tanta
2796 2071 2908 2121 vitae
2930 2072 3155 2123 felicitate
3182 2074 3346 2124 relicta
3368 2078 3466 2125 Ro-

1903 2178 2033 2214 mam
2048 2166 2414 2225 reverterentm,
2432 2165 2515 2215 ubi
2533 2166 2692 2215 solum
2709 2168 2833 2218 esset
2847 2167 3056 2231 aridum,
3073 2169 3155 2220 ubi
3175 2170 3466 2221 tributorum

1903 2261 2156 2324 pensiones
2190 2263 2383 2324 multoe,
2428 2275 2457 2311 a
2497 2262 2635 2313 bellis
2671 2264 2907 2327 malisque
2946 2266 3134 2328 requies
3168 2267 3301 2316 nulla
3319 2304 3335 2330 ,
3381 2268 3465 2317 ubi

1904 2373 2230 2410 aerumnarum
2261 2374 2348 2423 pro
2371 2360 2524 2422 patria
2555 2362 2909 2411 exantlatarum
2941 2363 3141 2425 praemia
3172 2364 3380 2414 redirent
3403 2364 3465 2414 ad

1905 2470 2110 2519 paucos,
2139 2456 2220 2506 ubi
2240 2457 2398 2519 inopia
2429 2457 2586 2506 victus
2604 2458 2868 2519 quotidiani
2884 2458 3158 2509 laborarent
3179 2473 3230 2509 re
3251 2461 3466 2511 fruentes

1907 2554 2066 2614 tenui,
2087 2556 2134 2604 et
2154 2554 2301 2616 magis
2322 2553 2479 2603 adhuc
2497 2554 2582 2616 qui
2603 2554 2783 2604 t'oenera
2811 2555 3125 2605 creditoribus
3153 2556 3339 2607 solvere
3371 2572 3468 2607 non

1908 2652 2100 2712 possent
2125 2649 2236 2700 :vel
2255 2650 2536 2699 necessitate
2552 2649 2675 2712 adigi
2694 2662 2745 2700 se
2767 2648 3102 2713 declarabant,
3126 2652 3180 2701 ut
3202 2653 3472 2703 commodis

1907 2749 2006 2798 suis
2058 2728 2386 2808 consulerent,
2442 2746 2627 2796 honesti
2670 2745 2856 2797 ratione
2896 2747 3114 2810 seposita.
3168 2752 3471 2814 Quapropter

1908 2844 2092 2895 etiamsi
2124 2845 2250 2907 leges
2283 2856 2450 2893 omnes
2487 2845 2537 2893 et
2570 2842 2873 2906 magistratus
2905 2846 3145 2894 extremas
3179 2846 3268 2896 sibi
3305 2860 3471 2909 poenas

1910 2940 2262 3002 minitarentur,
2284 2939 2415 2990 haud
2433 2953 2485 2990 se
2502 2938 2861 2990 renuntiaturos
2879 2942 3099 3004 praesenti
3124 2956 3223 3006 qua
3245 2942 3293 2993 in
3322 2947 3470 2995 Cam-

1908 3038 2049 3101 pania
2076 3037 2338 3100 gauderent
2358 3037 2585 3088 felicitati.
2621 3039 2919 3088 Postremum
2949 3052 3008 3088 eo
3025 3041 3359 3116 processerunt
3377 3053 3466 3090 ve-

1908 3135 2087 3186 eordiae
2102 3135 2153 3185 et
2172 3133 2405 3196 audaciae,
2423 3135 2478 3184 ut
2497 3153 2522 3178 α
2543 3134 2669 3193 Quid
2686 3133 2911 3196 demum,
2931 3134 3174 3196 dicerent,
3192 3135 3314 3187 adeo
3330 3137 3472 3187 atrox

1909 3232 2294 3294 committemus,
2324 3231 2364 3282 si
2384 3229 2643 3293 Campanis
2664 3231 2827 3292 ejectis
2852 3230 2994 3282 urbes
3017 3244 3188 3281 eorum
3207 3245 3470 3296 occupave-

1910 3327 2091 3378 rimus?
2107 3329 2229 3377 Nam
2247 3325 2336 3388 ipsi
2362 3325 2479 3376 olim
2506 3339 2602 3375 non
2634 3324 2695 3375 de
2716 3338 2806 3374 suo
2829 3338 2953 3389 penu
2972 3327 3272 3389 acquirentes
3292 3329 3472 3377 terram

1909 3424 2036 3473 hanc
2056 3423 2381 3486 occuparunt,
2402 3422 2487 3473 sed
2516 3435 2547 3471 a
2565 3421 2826 3484 Tyrrhenis
2847 3421 3013 3471 incolis
3036 3422 3241 3484 bospitio
3264 3424 3440 3486 recepti
3453 3459 3470 3485 ,

1911 3521 2026 3572 viris
2043 3521 2229 3571 cunctis
2259 3519 2535 3580 trucidatis,
2568 3531 2743 3568 υκαι-α
2773 3531 2940 3568 eorum
2973 3521 3023 3569 et
3039 3532 3155 3581 opes
3185 3523 3234 3569 et
3257 3521 3400 3570 urbes
3423 3524 3473 3571 et

1911 3615 2229 3680 expetendam
2251 3615 2391 3665 istam
2408 3615 2539 3664 omni
2563 3615 2866 3665 contentione
2889 3615 3127 3677 regionem
3146 3616 3234 3666 sibi
3254 3617 3470 3667 vindica-

1911 3716 2042 3764 runt.
2065 3715 2215 3777 lgitur
2229 3711 2338 3776 jure
2351 3712 2523 3763 merito
2545 3724 2754 3774 quaeque
2773 3711 3033 3774 patientur,
3058 3724 3208 3774 quum
3235 3713 3322 3776 ipsi
3342 3714 3470 3776 prio·

1911 3812 2056 3863 resin
2082 3811 2201 3862 alios
2226 3810 2309 3873 ius
2342 3811 2392 3861 et
2421 3821 2614 3872 aequum
2648 3808 2907 3857 violarunt.
2985 3808 3112 3866 Quid
3139 3807 3346 3872 denique
3378 3809 3470 3856 im-

1911 3910 2069 3973 pediet
2116 3908 2374 3972 quominus
2403 3920 2486 3971 per
2519 3920 2664 3957 omne
2702 3909 2891 3970 ternpus
2921 3905 3058 3955 bonis
3105 3906 3178 3955 his
3220 3907 3471 3955 fruamur?

1910 4004 2149 4056 Samnites
2177 4005 2333 4064 certe,
2367 4003 2588 4065 SitIceni,
2619 4006 2856 4063 Ausones,
2888 4000 3059 4063 reliqui
3089 4000 3254 4063 populi
3281 4001 3470 4052 finitimi

1911 4103 2101 4153 tantum
2119 4100 2272 4150 aberit
2291 4102 2345 4149 ut
2362 4100 2616 4162 Campanis
2632 4099 2917 4148 auxiliantes
2933 4097 3283 4160 expeditionem
3301 4100 3471 4149 contra

1913 4212 1999 4248 nos
2016 4168 2298 4260 suscipiant,
2318 4199 2373 4245 ut
2396 4193 2523 4258 oequi
2546 4194 2660 4244 boni
2682 4195 2782 4244 sint
2800 4193 2969 4243 facturi
2982 4230 2997 4254 ,
3021 4193 3062 4242 si
3091 4205 3181 4243 sua
3201 4193 3472 4258 quibusque

1912 4295 2089 4346 habere
2113 4297 2164 4345 et
2187 4289 2424 4356 possidere
2441 4293 2666 4341 sinamus.
2705 4289 2931 4340 Romanis
2959 4302 3077 4339 vero
3099 4288 3301 4340 sortasse
3323 4290 3470 4342 etiam

1913 4416 1973 4451 ex
1992 4402 2109 4449 voto
2129 4412 2205 4449 res
2220 4398 2433 4460 venerit,
2461 4395 2639 4459 quippe
2660 4394 2742 4458 qui
2770 4394 2992 4444 universa
3011 4392 3148 4442 Italia
3174 4392 3470 4443 coloniarum

1946 4513 2059 4564 pera
2075 4499 2218 4563 potiri
2243 4497 2508 4548 moliuntur
2542 4495 2648 4547 :sin
2673 4493 2797 4543 iram
2829 4492 3110 4543 simulantes
3130 4490 3342 4541 hostium
3365 4490 3472 4540 loco

1914 4612 1999 4648 nos
2017 4598 2289 4660 habuerint,
2310 4609 2406 4646 non
2423 4595 2567 4646 tantis
2585 4606 2671 4643 nos
2688 4591 2898 4643 afficient
2915 4591 3120 4651 damnis,
3135 4591 3316 4655 quanta
3332 4603 3363 4639 a
3382 4601 3473 4639 no-

1913 4695 1987 4745 bis
2019 4695 2106 4759 ipsi
2131 4682 2367 4758 accipient
2393 4713 2404 4743 ε
2440 4706 2554 4742 nam
2589 4691 2817 4741 ditionem
2849 4703 3019 4741 eorum
3056 4687 3349 4742 vastabimus
3386 4699 3473 4749 pro

1914 4798 2101 4861 lubitu,
2128 4797 2315 4847 vinctos
2343 4795 2390 4844 in
2426 4794 2551 4858 agris
2581 4794 2910 4854 exsolvemus,
2943 4804 3109 4842 servos
3130 4791 3179 4840 in
3201 4790 3474 4840 libertatem

1917 4901 2291 4962 vindicabimus,
2317 4912 2429 4948 cum
2462 4898 2679 4948 hostibus
2704 4910 2870 4947 eorum
2901 4893 3240 4954 acerbissimis,
3259 4889 3474 4952 volscis,

1916 4998 2199 5062 Tyrrhenis,
2236 4994 2556 5056 Samnitibus,
2592 5007 2680 5044 nec
2715 5007 2813 5042 non
2849 5005 2962 5042 cum
2988 4990 3192 5049 Latinis,
3229 4988 3311 5051 qui
3344 4997 3475 5035 nunc

264 5159 493 5208 τενόντων
542 5185 607 5194 -—
644 5163 689 5207 2.
727 5169 840 5207 num
862 5159 1013 5210 teto-0?
1030 5187 1097 5198 —
1122 5165 1168 5211 3.
1199 5163 1404 5224 τυρανοῖς
1427 5157 1533 5210 eod.
1562 5190 1617 5203 --
1641 5165 1687 5209 4.
1722 5158 1929 5208 fortassis
1955 5156 2202 5220 πράξωσιν.
2234 5181 2298 5192 -
2327 5159 2371 5202 5.
2408 5153 2613 5206 αὖσωνες
2635 5150 2742 5199 cod.
2763 5175 2826 5186 -
2853 5155 2896 5197 θ.
2924 5148 2991 5209 ἐφ’
3009 5150 3129 5210 ἡμᾶς
3144 5161 3192 5194 τε
3213 5143 3474 5207 στρατεύειν

266 5228 373 5278 eod.
390 5259 455 5272 -
478 5233 531 5280 7.
556 5227 880 5292 ιοὶναντες]
900 5232 1095 5280 verbum
1128 5229 1326 5294 excidit,
1356 5233 1440 5281 aut
1464 5243 1556 5280 scr.
1580 5229 1830 5294 κρίνουσιν.
