4016 5916
1647 424 2147 486 FRAGMENTA.

315 557 491 632 igitur
524 575 822 612 numerum
849 555 1143 612 Boeckhius
1171 556 1476 629 genuinum
1516 573 1629 611 esse
1668 567 1875 611 censet.

317 645 530 700 Contra
561 662 860 699 numerum
881 660 1160 698 annorum
1183 659 1330 696 2ι2ι
1363 641 1495 696 libri
1513 642 1744 700 secundi
1770 660 1879 716 pro

318 740 595 804 corrupto
618 730 816 798 habet;
845 747 976 784 nam
1005 746 1074 783 ex
1115 728 1272 783 annis
1305 729 1650 802 singularum
1704 728 1882 802 dyna-

313 819 550 872 stiarum
600 816 878 872 conflatur
906 833 1118 870 summa
1171 833 1446 870 annorum
1496 834 1682 886 2222,
1737 833 1882 890 quos

312 904 615 966 Boeckhius
631 921 740 977 pro
761 921 793 957 2
806 922 826 957 ι
839 921 871 957 2
885 921 904 956 1
933 901 1292 974 reponendos
1305 920 1418 958 esse
1437 905 1648 958 statuit.
1667 905 1849 960 Secun
1864 934 1880 946 ·

316 990 455 1046 dum
480 991 596 1046 haec
615 992 784 1064 igitur
809 990 1074 1046 Manetho
1095 991 1155 1044 in
1172 990 1329 1045 libris
1346 992 1455 1046 suis
1489 992 1666 1046 tribus
1683 1009 1878 1046 recen-

315 1081 429 1135 suit
446 1075 782 1147 annos5375
798 1075 816 1152 (
832 1076 1418 1144 2300-1-2222-1-853
1437 1074 1477 1152 ).
1499 1078 1802 1135 Alexandri
1823 1080 1882 1132 in

316 1169 566 1240 AEgypto
591 1165 812 1237 imperii
842 1182 1019 1220 annus
1043 1165 1472 1238 primusincipit
1498 1166 1590 1221 die
1627 1172 1692 1231 14
1727 1168 1874 1224 Nov.

313 1272 408 1310 an.
442 1253 550 1308 332
579 1269 632 1307 a.
659 1252 722 1308 C.
756 1253 881 1307 Per.
909 1252 1048 1325 Jul.;
1075 1252 1247 1326 igitur
1271 1250 1443 1308 Mena·
1469 1271 1646 1308 annus
1671 1255 1883 1326 primus

314 1359 384 1396 ex
405 1339 1034 1412 Manethoniscomputo
1049 1340 1245 1412 incipit
1267 1338 1359 1394 die
1379 1359 1453 1394 2ο
1475 1342 1606 1395 Julii
1623 1360 1712 1398 an.
1730 1339 1877 1411 5702

313 1445 372 1484 a.
420 1427 482 1482 C.
511 1428 636 1483 Per.
674 1426 785 1481 Jul.
824 1424 1001 1500 (Vide
1024 1426 1237 1492 Canon.
1275 1426 1528 1481 Boeckhii
1572 1427 1643 1482 ad
1673 1430 1880 1483 calcem

311 1512 816 1587 fragmentorum).
859 1512 1010 1568 Illud
1038 1531 1175 1568 vero
1207 1514 1372 1568 simul
1400 1525 1480 1568 est
1513 1514 1732 1568 initium
1769 1534 1877 1588 pe-

309 1601 464 1655 riodi
506 1598 779 1656 Sothiacae
824 1601 1139 1673 proleptice
1194 1610 1521 1673 exputatum
1572 1598 1877 1674 (2><1460

312 1700 442 1744 ante
469 1687 614 1742 1322
646 1707 698 1742 a.
732 1689 793 1745 C.
815 1688 856 1764 ).
891 1691 1022 1743 Haec
1052 1690 1223 1762 igitur
1251 1688 1533 1761 quadrant
1561 1690 1792 1762 optime.

391 1780 515 1832 Jam
541 1779 584 1831 si
611 1778 830 1831 initium
851 1795 1046 1851 regum
1065 1778 1390 1833 mortalium
1416 1779 1491 1834 ita
1511 1779 1754 1851 positum
1779 1792 1879 1854 cst,

313 1876 378 1920 ut
409 1866 620 1920 incidat
667 1867 722 1920 in
761 1867 979 1920 initium
1028 1867 1467 1921 astronomicum
1509 1866 1730 1938 periodi
1770 1871 1878 1923 So-

313 1954 508 2008 thiacae
525 1994 540 2022 ‚
564 1954 746 2008 multo
768 1955 932 2008 etiam
953 1954 1305 2025 probabilius
1332 1965 1413 2008 est
1441 1971 1617 2010 annos
1649 1962 1840 2028 24900
1860 1998 1875 2023 ,

314 2059 456 2111 quos
489 2040 898 2095 immortalibus
924 2041 1187 2096 Manetho
1211 2041 1432 2110 tribuit,
1459 2052 1674 2096 certum
1699 2061 1877 2115 quen-

314 2127 444 2183 dam
493 2126 868 2200 periodorum
917 2145 1216 2183 numerum
1261 2128 1578 2198 involvere,
1633 2128 1879 2203 ideoque

317 2215 668 2270 revocandos
707 2217 821 2270 esse
858 2214 929 2270 ad
957 2234 1133 2271 annos
1167 2214 1356 2286 34837
1389 2216 1505 2270 sive
1541 2221 1874 2286 17><1461‚

316 2305 400 2357 uti
437 2302 735 2357 Boeckhius
769 2304 992 2357 monuit
1029 2314 1198 2376 atque
1235 2304 1352 2376 ipse
1381 2303 1545 2358 statui
1582 2305 1643 2358 in
1678 2305 1873 2379 fragm.

313 2391 524 2447 Chron.
562 2409 619 2463 p.
659 2408 790 2463 ¹9¹-
836 2392 901 2446 In
929 2392 1251 2447 mortalium
1279 2392 1464 2465 regnis
1495 2392 1761 2448 Manetho
1785 2411 1875 2448 se·

315 2476 562 2532 cundum
585 2478 910 2533 Boeckhium
939 2480 1066 2535 satis
1087 2479 1286 2534 habuit
1297 2480 1465 2553 primi
1491 2480 1634 2552 regis
1655 2481 1874 2536 initium

296 2566 390 2620 -ita
412 2566 709 2620 collocasse
729 2607 745 2636 ,
769 2576 834 2619 ut
857 2567 914 2620 in
945 2567 1086 2639 cycli
1106 2566 1434 2621 canicularis
1460 2565 1734 2621 incideret
1764 2568 1876 2622 ini-

311 2653 487 2721 tium;
533 2670 718 2725 neque
753 2671 922 2708 omne
959 2653 1284 2708 mortalium
1321 2663 1544 2724 tempus
1584 2654 1874 2725 cyclorum

315 2751 472 2795 certo
525 2758 765 2796 numero
815 2741 1081 2810 absolvit,
1133 2757 1318 2812 neque
1337 2738 1559 2794 efficere
1570 2740 1784 2796 studuit
1811 2753 1876 2796 ut

312 2829 372 2882 in
409 2829 725 2901 antiquiore
751 2830 945 2884 saltem
984 2829 1220 2884 historia
1258 2825 1384 2883 finis
1419 2827 1640 2900 periodi
1676 2831 1871 2902 primae

316 2935 444 2971 cum
480 2914 592 2972 fine
629 2918 893 2991 dynastiae
929 2915 1160 2989 alicujus
1186 2925 1545 2990 congrueret.
1628 2918 1768 2974 Nam
1806 2937 1874 2973 ex

314 3004 566 3059 Boeckhii
593 3017 864 3078 computo
910 3007 1130 3061 initium
1169 3002 1426 3059 secundae
1465 3004 1690 3075 periodi
1726 3004 1878 3060 cadit

311 3091 372 3145 in
397 3109 606 3147 annum
639 3111 702 3162 7¹
743 3093 972 3166 Phiopis
992 3094 1140 3166 regis
1165 3092 1428 3164 dynastiae
1448 3093 1552 3158 V1;
1579 3093 1754 3145 tertiae
1772 3112 1870 3165 pe-

312 3177 464 3233 riodi
504 3179 723 3233 initium
771 3181 828 3233 in
883 3198 1090 3235 annum
1139 3197 1356 3233 nonum
1401 3177 1666 3250 dynastiae
1707 3181 1871 3250 X1v3

316 3276 525 3336 quartae
555 3267 774 3320 initium
803 3268 859 3320 in
888 3284 1095 3321 annum
1126 3268 1384 3339 quintum
1423 3264 1560 3339 dyn.
1599 3266 1742 3321 xlx
1781 3269 1875 3322 in-

319 3351 475 3406 cidit.

395 3440 593 3494 Nullns
640 3457 746 3513 ego
789 3440 989 3494 dubito
1030 3441 1167 3513 quin
1207 3441 1323 3495 haec
1372 3459 1538 3513 quam
1581 3442 1877 3499 Boeckhius

317 3528 575 3599 exposuit
597 3527 980 3599 chronologiae
1006 3526 1302 3582 adornatio
1332 3529 1554 3584 latuerit
1573 3531 1630 3583 in
1659 3548 1721 3584 ea
1753 3532 1872 3588 Ma·

317 3615 578 3669 nethonis
623 3615 979 3683 recensione,
1013 3633 1178 3688 quam
1215 3616 1507 3673 Africanus
1568 3619 1611 3673 si
1649 3636 1767 3673 non
1811 3623 1872 3675 in

314 3701 545 3776 siugulis
562 3701 895 3774 quibusque,
916 3712 1100 3756 tamen
1123 3703 1176 3757 in
1197 3703 1454 3775 plurimis
1474 3704 1624 3759 c'erte
1651 3725 1874 3779 expres·

313 3788 406 3845 tit.
432 3789 580 3843 Num
601 3806 737 3843 vero
758 3789 829 3843 ab
852 3791 969 3862 ipso
993 3790 1331 3845 Manethone
1353 3792 1475 3847 talis
1495 3792 1747 3865 prosecta
1782 3798 1870 3863 sit,

317 3892 626 3931 asseverare
646 3895 763 3929 non
779 3878 974 3931 ausim.
995 3878 1176 3931 Immo
1202 3876 1633 3951 deprehendisse
1649 3882 1706 3935 in
1727 3881 1874 3935 Afri·

317 3981 459 4019 cano
483 3964 620 4019 mihi
645 3965 865 4033 videor,
897 3983 1022 4038 quae
1041 3966 1204 4021 aliam
1228 3966 1681 4037 adornationem,
1707 3988 1874 4042 quam

316 4052 691 4125 antiquiorem
717 4070 828 4107 esse
853 4052 1130 4123 duxerim,
1159 4055 1422 4110 exstitisse
1444 4066 1700 4129 arguant.
1723 4057 1872 4128 Quid

316 4140 546 4193 sentiam
573 4141 764 4211 paucis
791 4140 1112 4197 declarabo,

398 4223 620 4280 Etenim
643 4244 771 4281 usus
798 4228 1085 4300 cyclorum
1123 4230 1520 4285 Sothiacorum
1556 4231 1614 4283 in
1643 4230 1872 4285 historia

319 4302 529 4376 duplex
561 4323 672 4359 esse
695 4309 898 4379 potuit.
929 4309 1045 4363 Aut
1071 4310 1220 4362 enim
1261 4311 1337 4363 ita
1365 4310 1641 4375 adhiberi,
1663 4311 1869 4381 potuit,

317 4401 382 4445 ut
399 4392 643 4447 historiae
662 4395 882 4450 initium
899 4397 989 4450 vel
1008 4398 1175 4453 etiam
1193 4398 1422 4470 epocliae
1442 4397 1558 4467 ejus
1577 4398 1871 4470 praecipuae

320 4498 446 4534 cum
469 4481 638 4537 initiis
655 4486 1038 4539 astronomicis
1054 4486 1340 4557 cyclorum
1358 4495 1837 4557 componerentur
1854 4502 1869 4551 ;

319 4578 414 4622 aut
437 4568 547 4623 hoc
572 4579 784 4626 tantum
810 4582 1130 4645 spectarunt
1154 4572 1490 4645 chronologi
1510 4614 1526 4640 ,
1544 4582 1609 4627 ut
1626 4572 1697 4626 ab
1711 4572 1871 4625 initio

319 4655 560 4710 historiae
573 4675 749 4731 usque
767 4658 840 4713 ad
861 4669 1074 4713 certum
1096 4658 1384 4732 quoddam
1407 4659 1523 4729 ejus
1539 4655 1872 4734 παράπηγμα

321 4752 407 4795 tot
443 4756 878 4801 numerarentur
906 4746 1070 4815 anni,
1102 4757 1241 4817 quot
1270 4746 1557 4818 cyclorum
1581 4756 1735 4799 certo
1767 4764 1872 4799 nu-

317 4849 474 4886 mero
487 4834 942 4890 continebantur.
961 4834 1170 4888 Prioris
1184 4834 1416 4889 rationis
1429 4835 1744 4907 exemplum
1758 4852 1874 4887 non

313 4920 450 4974 novi
471 4930 678 4992 praeter
697 4920 840 4975 illud
855 4940 885 4973 a
909 4920 1177 4974 Boeckhio
1203 4923 1434 4993 proposi
1443 4932 1588 4989 tum3
1607 4923 1876 4989 posterior

316 5005 461 5060 ratio
480 5005 633 5079 apud
654 5006 951 5060 historicos
971 5006 1410 5079 frequentissima
1436 5018 1533 5065 est.
1555 5010 1680 5063 Hoc
1699 5009 1874 5063 modo

317 5094 479 5165 graeci
523 5094 860 5167 chronologi
891 5095 1002 5148 suis
1044 5096 1211 5166 cyclis
1239 5106 1507 5165 utuntur;
1558 5097 1668 5150 hoc
1698 5096 1873 5150 modo

318 5184 483 5236 etiam
519 5184 811 5237 Sothiacus
839 5188 1026 5255 cyclus
1069 5182 1140 5237 ad
1186 5185 1455 5257 temporis
1494 5187 1728 5239 sontium
1773 5202 1876 5238 ner

3396 447 3510 497 5¹9

1974 559 2131 631 quod
2180 579 2415 634 regnum
2446 564 2797 634 Assyriorum
2820 566 3026 620 stetisse
3057 566 3267 623 dicitur
3297 573 3523 626 transla-

1973 655 2147 701 tusest
2176 647 2253 726 (y.
2274 649 2723 721 Fragm.Chron.
2748 670 2806 724 p.
2846 653 3006 726 163);
3033 651 3141 708 hoc
3162 656 3338 710 modo
3360 661 3523 714 etiam

1972 737 2184 790 Veteris
2210 735 2471 792 Clironici
2489 749 2687 792 auctor
2708 740 2878 810 egisse
2898 740 3083 798 debet.
3106 744 3158 796 Is
3176 746 3343 812 enim,
3366 748 3523 801 sicuti

1971 823 2235 878 Manetho
2257 824 2475 878 initium
2501 826 2640 897 cycli
2662 844 2788 879 cum
2810 828 2985 880 Mcnae
3002 830 3146 900 regis
3169 849 3318 884 anno
3338 835 3524 904 primo

1973 912 2292 982 componit;
2317 921 2470 983 patet
2496 931 2634 966 vero
2664 912 2803 966 illud
2847 914 2985 984 cycli
3018 916 3237 969 initium
3268 937 3383 973 non
3413 940 3526 976 csse

1971 1000 2434 1055 astronomicum.
2468 999 2677 1056 Contra
2712 1001 2755 1054 si
2800 1005 3189 1073 supputaveris
3226 1023 3402 1060 anuos
3430 1011 3525 1081 qui

1972 1084 2240 1140 labuntur
2265 1105 2297 1142 a
2337 1089 2502 1142 Mene
2527 1105 2703 1160 usque
2739 1086 2811 1142 ad
2853 1086 3022 1142 finem
3052 1088 3315 1161 dynastiae
3346 1095 3523 1164 XIX,

1973 1189 2089 1244 quo
2116 1173 2288 1244 Troja
2313 1184 2627 1247 expugnata
2658 1185 2738 1228 est
2763 1173 3071 1230 secundum
3102 1178 3523 1250 Manethonem,

1975 1279 2155 1315 unum
2180 1261 2500 1318 obtinemus
2534 1262 2752 1334 cyclum
2784 1263 3134 1332 Sothiacum3
3164 1265 3308 1320 adeo
3338 1278 3399 1322 ut
3428 1269 3529 1324 du·

1972 1348 2131 1403 bium
2176 1351 2270 1404 vix
2310 1352 2379 1406 sit
2420 1369 2584 1404 aeram
2629 1348 2924 1420 'frojanam
2972 1370 3079 1423 pro
3124 1369 3529 1429 ¹parapegmate

1972 1435 2137 1490 fuisse
2179 1447 2347 1510 atque
2396 1438 2723 1506 terminum,
2764 1455 2795 1492 a
2842 1455 2957 1509 quo
3005 1441 3191 1511 cyclus
3236 1455 3528 1516 exputatus

1971 1524 2057 1578 sit.
2087 1557 2156 1568 —
2189 1527 2397 1595 Quidni
2421 1525 2623 1580 eodem
2652 1523 2824 1578 modo
2854 1527 3016 1580 etiam
3042 1529 3307 1585 Manetho
3331 1534 3525 1606 egerit,

1973 1612 2071 1683 qui
2101 1631 2438 1686 quamquam
2466 1611 2755 1686 AEgyptius
2782 1613 2975 1682 home,
3006 1625 3191 1670 tamen
3220 1636 3397 1690 graece
3428 1620 3529 1675 do-

1972 1708 2093 1754 ctus
2122 1710 2270 1770 erat,
2303 1712 2358 1756 et
2384 1702 2439 1754 in
2460 1718 2619 1754 usum
2642 1700 2969 1760 Graecorum
2994 1703 3398 1778 chronologica
3426 1726 3520 1762 sua

1971 1789 2317 1858 composuit,
2348 1798 2401 1840 et
2430 1788 2515 1842 vel
2542 1805 2609 1840 eo
2636 1785 2793 1856 quod
2816 1788 3122 1843 secundum
3148 1790 3522 1866 Αἰγυπτιακῶν

1971 1873 2179 1928 librum
2210 1894 2387 1948 usque
2424 1875 2495 1930 ad
2533 1893 2741 1929 annum
2771 1876 2973 1929 excidii
3003 1878 3228 1950 Trojani
3254 1879 3521 1950 deduxit,

1969 1963 2245 2017 rationem
2273 1965 2515 2036 aliquam
2548 1962 2921 2018 celeberrimae
2940 1965 3101 2036 liujus
3125 1986 3243 2022 aerae
3271 1969 3525 2024 habuisse

1970 2063 2220 2122 apparet.
2248 2053 2535 2107 Faciamus
2558 2051 2639 2107 rei
2664 2052 3001 2122 periculum.
3034 2057 3313 2127 Dynastiae
3342 2059 3523 2113 unde·

1967 2141 2163 2214 viginti
2185 2162 2309 2215 quae
2326 2145 2511 2217 primo
2536 2155 2592 2198 et
2612 2141 2861 2198 secundo
2884 2145 3031 2200 libro
3054 2161 3437 2220 recensentur,
3465 2154 3520 2206 in

1969 2227 2109 2283 duas
2132 2242 2320 2303 partes
2347 2231 2656 2304 dispescere
2696 2229 2855 2303 licet,
2895 2251 3018 2306 quae
3045 2248 3374 2308 separantur
3401 2258 3524 2293 me-

1967 2318 2227 2371 morabili
2255 2319 2348 2374 illa
2364 2319 2613 2391 dynastia
2636 2323 2899 2394 septima,
2930 2321 2989 2374 in
3017 2338 3127 2392 qua
3147 2339 3220 2391 70
3247 2341 3402 2396 reges
3420 2341 3526 2396 per

1973 2421 2045 2471 70
2092 2403 2209 2459 dies
2248 2423 2501 2478 regnasse
2543 2406 2827 2467 dicuntur.
2872 2409 3035 2463 Prior
3063 2426 3190 2480 pars
3234 2411 3347 2464 sive
3385 2410 3520 2483 dyn.

1967 2491 2149 2547 1--vl
2172 2511 2346 2548 unum
2376 2495 2589 2564 cyclum
2611 2536 2626 2562 ,
2655 2497 2827 2552 altera
2849 2514 2979 2570 pars
3000 2496 3114 2550 sive
3142 2495 3277 2568 dyn.
3307 2499 3521 2553 vnl—

1966 2579 2054 2632 IX
2098 2577 2247 2635 duos
2289 2581 2476 2653 cyclos
2525 2582 2658 2636 olim
2710 2584 3013 2657 explevisse
3055 2582 3195 2637 mihi
3239 2583 3520 2643 videntur.

1966 2666 2185 2722 Etenim
2211 2686 2243 2722 a
2271 2667 2521 2741 dynastia
2558 2672 2690 2726 VIII
2718 2689 2895 2744 usque
2936 2670 3008 2726 ad
3040 2668 3209 2724 finem
3259 2672 3523 2744 dynastiae

1965 2754 2080 2821 XI,
2108 2773 2230 2828 quae
2257 2768 2537 2828 postrema
2563 2769 2642 2813 est
2660 2758 2791 2815 libri
2810 2759 3008 2832 primi,
3033 2759 3319 2828 Syncellus
3348 2779 3519 2834 expu-

1968 2852 2047 2897 tat
2073 2861 2250 2900 annos
2291 2842 2402 2899 803
2435 2843 2915 2919 (2300—1497).
2947 2846 3015 2898 In
3052 2845 3303 2900 secundo
3336 2858 3520 2902 autem

1967 2930 2114 2986 libro
2135 2932 2397 2987 Manetho
2424 2934 2760 2988 recensuisse
2786 2931 3113 3007 perhibetur
3139 2949 3315 2988 annos
3342 2952 3487 2990 2121
3504 2979 3517 2992 .

1965 3018 2050 3075 Ne
2078 3019 2227 3075 hunc
2254 3040 2550 3076 nnmerum
2588 3022 2949 3077 librariorum
2987 3022 3151 3094 culpa
3190 3034 3520 3097 corruptum

1965 3118 2156 3179 putem
2173 3150 2188 3177 ‚
2216 3108 2451 3184 impedit
2471 3109 2628 3184 quod
2652 3130 2769 3166 non
2790 3109 2967 3166 modo
3002 3109 3154 3183 apud
3196 3110 3521 3167 Africanum

1964 3196 2207 3270 Syncelli
2232 3239 2246 3266 ,
2285 3198 2384 3254 sed
2425 3201 2593 3255 etiam
2640 3199 2792 3273 apud
2835 3198 3141 3254 Eusebium
3180 3199 3421 3270 Syncelli
3467 3213 3522 3256 et

1961 3286 2232 3340 versionis
2259 3287 2597 3341 Armeniacae
2616 3287 2930 3344 exhibetur.
2954 3287 3097 3341 Fieri
3123 3296 3307 3358 potest
3324 3298 3386 3341 ut
3409 3289 3523 3360 ipse

1965 3373 2257 3428 Africanus
2274 3372 2515 3429 diversas
2534 3375 2883 3429 recensiones
2908 3374 2963 3427 h.
2993 3374 3031 3428 l.
3051 3372 3390 3432 confuderit.
3414 3376 3524 3430 Ut-

1966 3477 2189 3532 cunque
2220 3461 2315 3530 sit,
2341 3462 2562 3516 numeri
2593 3460 2705 3516 803
2728 3471 2784 3515 et
2804 3479 2948 3515 2121
2977 3478 3246 3514 summam
3270 3460 3520 3515 efficiunt

1965 3565 2243 3602 annorum
2273 3554 2420 3622 2924
2444 3590 2459 3617 ,
2486 3550 2599 3603 sive
2628 3548 2772 3603 duos
2800 3548 2987 3620 cyclos
3012 3546 3301 3602 Sothiacos
3330 3546 3516 3622 (2922

1965 3634 2088 3710 an.)
2138 3635 2365 3691 duobus
2400 3636 2849 3692 redundantibus
2897 3636 3070 3690 annis.
3109 3636 3243 3704 Quae
3275 3634 3519 3689 duorum

1965 3740 2243 3778 annorum
2266 3724 2605 3779 abundantia
2642 3724 2700 3777 in
2739 3733 2895 3777 tanto
2936 3739 3177 3777 numero
3216 3721 3332 3776 sere
3365 3723 3519 3777 nulla

1965 3820 2066 3867 est.
2108 3844 2185 3853 —
2217 3813 2479 3885 Superest
2508 3823 2570 3866 ut
2592 3810 2878 3865 videamus
2902 3809 2973 3864 de
3011 3809 3277 3882 dynastiis
3311 3809 3515 3866 I—VI.

1965 3898 2260 3954 Africanus
2285 3902 2361 3955 ita
2386 3901 2555 3955 habet
2578 3916 2593 3955 ε

2085 4046 2129 4102 1.
2177 4044 2211 4099 8
2253 4045 2551 4101 Thinitae...
2594 4063 2687 4100 an.
2730 4044 3005 4121 26335ec.
3036 4042 3277 4117 Synccll.
3325 4041 3438 4098 253

2052 4135 2129 4190 ΙΙ.
2177 4152 2214 4205 9
2375 4164 2455 4173 —
2734 4131 2844 4185 302
3046 4161 3121 4173 -
3328 4128 3439 4186 302

2028 4220 2132 4274 111.
2174 4238 2210 4292 9
2258 4219 2569 4292 Memphitae
2734 4224 2842 4282 214
3050 4249 3127 4258 —
3327 4223 3438 4283 2¹4

2044 4309 2135 4361 lv.
2182 4308 2215 4361 8
2376 4337 2456 4349 —
2730 4305 2841 4369 285}
3045 4335 3125 4347 —
3328 4313 3437 4373 274

2072 4397 2136 4450 V.
2184 4414 2221 4467 9
2262 4394 2609 4467 Elephantini
2733 4392 2845 4456 248
3045 4424 3125 4433 -
3329 4391 3441 4457 248

2045 4485 2141 4539 v1.
2187 4484 2222 4537 6
2267 4482 2583 4555 Memphitae
2737 4480 2846 4533 203
3046 4510 3127 4523 —
3328 4480 3439 4534 203

3308 4591 3449 4657 1493

2732 4690 2877 4755 1514
2941 4690 3074 4769 (sec.
3120 4691 3251 4762 Syn.
3303 4688 3495 4763 1497)

2048 4832 2236 4885 Primo
2258 4830 2484 4884 obtuitu
2504 4846 2705 4902 parum
2742 4829 2861 4883 haec
2889 4828 3172 4884 sententiae
3206 4836 3407 4880 nostrae
3432 4826 3483 4880 sa
3502 4858 3517 4865 ·

1965 4939 2097 4975 vere
2122 4920 2403 4974 videntur.
2424 4921 2549 4974 Jam
2569 4935 2706 4972 vero
2740 4918 3026 4990 syncellus
3046 4936 3105 4990 p.
3140 4915 3234 4981 54,
3262 4917 3334 4982 D,
3365 4933 3522 4987 reges

1967 5008 2230 5080 dynastiae
2267 5005 2521 5062 secunda:
2563 5006 2785 5060 nonnisi
2819 5015 3029 5076 septem
3058 5012 3342 5068 numerat,
3375 5020 3523 5073 quo-

1969 5115 2093 5151 rum
2130 5115 2161 5149 e
2190 5097 2373 5169 regnis
2399 5112 2611 5149 summa
2636 5093 2920 5167 colligitur
2946 5110 3221 5147 annorum
3254 5096 3398 5155 2243
3430 5106 3521 5142 re·

1960 5196 2062 5248 ges
2084 5194 2312 5238 octavus
2345 5195 2401 5238 et
2426 5200 2607 5237 nonus
2635 5201 2761 5236 cum
2781 5182 2937 5236 annis
2963 5179 3035 5250 78
3064 5180 3174 5235 alio
3202 5178 3367 5252 plane
3394 5177 3521 5230 loco
