4016 5916
1532 367 1843 479 ANDRON
1888 417 2274 480 EPHESIUS.

314 574 503 610 nonne
520 555 713 609 melius
730 553 1044 630 Συγγενειῶν
1063 554 1277 607 auctori
1296 555 1558 607 convenit
1577 571 1864 627 argumen-

314 653 435 697 tum
459 643 858 714 antiquarium,
881 640 1037 713 quod
1053 651 1365 695 accuratam
1384 640 1713 695 familiarum
1730 658 1865 713 gen·

316 730 567 802 tiumque
584 730 963 802 cognitionem
983 728 1085 782 sibi
1109 728 1385 801 postulat?
1403 730 1547 782 Num
1576 729 1866 801 Philippus

315 818 407 870 ille
435 817 603 870 suerit
631 834 727 870 rex
759 815 1131 870 Macedonum
1174 833 1242 868 an
1268 816 1408 870 alius
1439 815 1703 887 quilibet,
1747 833 1866 869 non

313 903 594 957 discerno.
650 904 999 974 Quamquam
1054 920 1171 956 non
1218 903 1292 957 ita
1348 903 1528 956 multo
1577 901 1864 972 juniorem

313 989 370 1044 fu
378 992 477 1044 isse
496 999 781 1044 auctorem
796 1000 1052 1044 nostrum
1064 990 1374 1061 suspiceris,
1393 989 1607 1061 quippe
1623 988 1721 1060 qui
1737 988 1866 1042 ubi·

313 1095 427 1149 que
447 1076 564 1132 fere
583 1095 711 1132 cum
740 1078 1016 1132 historicis
1050 1076 1473 1148 antiquissimis,
1504 1076 1827 1149 Pherecyde
1846 1117 1862 1145 ,

313 1164 637 1232 Ilellanico,
665 1163 970 1219 Hei-odoro
990 1206 1006 1232 ,
1030 1163 1437 1237 Xenophonte,
1471 1173 1863 1236 componatur.

312 1250 426 1306 Sed
456 1251 595 1306 nihil
636 1269 699 1306 ea
734 1270 796 1307 re
824 1250 1126 1307 dirimitur.
1156 1251 1270 1305 Nec
1298 1250 1610 1323 quidquam
1648 1250 1868 1323 liquere

314 1337 562 1405 videtur,
605 1337 707 1390 nisi
744 1336 989 1409 antiquis
1023 1337 1259 1392 Homeri
1308 1336 1712 1410 interpretibus
1738 1354 1867 1391 eum

314 1425 476 1480 fuisse
498 1425 902 1480 vestustiorem.
920 1425 1175 1497 Namque
1197 1424 1510 1478 Eustathius
1537 1423 1611 1478 ad
1632 1424 1868 1478 Homeri

312 1511 472 1567 Iliad.
512 1511 620 1587 (fr.
654 1511 729 1587 9)
762 1510 1095 1567 Andronem
1136 1512 1465 1566 historicum
1493 1522 1867 1566 memoratum

317 1599 530 1653 invenit
554 1597 609 1654 ἐν
638 1606 741 1663 τοῖς
774 1596 1051 1666 παλαιοῖς,
1084 1599 1122 1654 i.
1157 1616 1208 1652 e.
1254 1597 1408 1671 apud
1435 1597 1866 1671 Aristophanem

314 1686 403 1742 vel
452 1687 859 1744 Aristarchum.
921 1686 1004 1741 Ex
1053 1685 1376 1740 Aristarcho
1433 1685 1637 1758 procul
1690 1684 1866 1739 dubio

314 1778 478 1834 {luxit
500 1778 697 1854 fragm.
736 1786 823 1847 ¹4,
851 1780 948 1834 ubi
978 1778 1050 1834 de
1081 1789 1336 1852 tempore
1356 1797 1472 1852 quo
1498 1778 1702 1853 sugerit
1724 1778 1871 1833 Alci·

316 1873 507 1929 biades
526 1915 543 1947 ,
576 1875 861 1931 Andronis
883 1885 939 1928 et
969 1875 1274 1930 Aristarchi
1308 1874 1592 1928 sententiae
1635 1891 1868 1947 compo·

320 1972 555 2032 nuntur.
588 1963 754 2018 Unde
778 1962 941 2016 simul
973 1980 1077 2015 nos
1108 1960 1424 2036 colligimus
1444 1979 1562 2015 non
1588 1962 1869 2035 pertinere

315 2050 686 2123 fragmentum
716 2049 787 2106 ad
812 2048 1138 2128 Aedronem
1162 2047 1603 2103 Alexandrinum
1621 2048 1869 2104 chrono-

315 2139 507 2210 logum
524 2180 542 2206 ,
582 2138 641 2193 id
686 2138 842 2211 quod
886 2139 944 2192 in
975 2146 1221 2193 mentem
1266 2137 1432 2192 alicui
1472 2138 1665 2192 venire
1709 2137 1871 2192 facile

314 2227 505 2297 possit.

736 2355 1038 2412 ANDRON
1081 2355 1451 2410 EPHESIUS.

911 2508 1029 2566 ΤΡΙ
1041 2508 1143 2567 ΠΟ
1149 2509 1262 2568 ΥΣ.

1069 2667 1091 2702 1
1104 2689 1117 2704 .

398 2786 633 2858 Diogen.
664 2787 728 2841 L.
755 2786 805 2859 1,
836 2783 899 2840 31
935 2805 948 2839 :
978 2781 1207 2865 Ἄνδρων
1238 2785 1283 2842 δ’
1304 2787 1357 2842 ἐν
1385 2786 1459 2864 τῷ
1485 2785 1729 2863 Τρίποδι,
1749 2785 1870 2866 ’Λρ-

313 2869 481 2947 γείους
504 2860 657 2928 ἆθλον
690 2872 884 2949 ἀρετῆς
911 2874 987 2951 τῷ
1010 2871 1299 2952 σοφωτάτῳ
1325 2875 1428 2930 τῶν
1459 2870 1728 2940 Ἑλλήνων
1754 2874 1872 2954 τρί-

313 2958 450 3017 ποδα
480 2961 666 3016 θεῖναι·
697 2964 936 3037 κριθῆναι
958 2958 1014 3018 δὲ
1038 2960 1405 3041 Ἀριστόδημον
1439 2961 1796 3041 Σπαρτιάτην,
1816 2961 1873 3021 ὃν

312 3048 703 3125 παραχωρῆσαι
722 3047 968 3106 Χείλωνι.
987 3053 1072 3106 De
1085 3052 1197 3109 hoc
1214 3051 1576 3112 Arlslodcmo
1596 3052 1726 3114 vide
1749 3070 1876 3131 qum

308 3146 626 3214 sapiuntur
649 3154 745 3216 ap.
770 3138 1105 3219 Diogenem.

1068 3274 1121 3312 2.

3389 429 3534 479 347‘

2704 551 2757 606 3.

2035 681 2288 738 Clemens
2307 683 2465 738 Alex.
2495 681 2701 738 Strom.
2727 683 2785 756 1,
2810 700 2868 754 p.
2894 681 3025 750 143,
3055 680 3127 754 39
3147 679 3302 755 Sylb.
3330 701 3342 736 :
3373 683 3505 741 Συν·

1954 766 2224 847 εχρόνισαν
2262 769 2308 824 οἱ
2369 767 2836 844 συγκαταλεγέντες
2889 766 3035 845 σοφοὶ
3081 769 3155 845 τῷ
3197 769 3398 840 Θαλεῖ,
3437 767 3506 834 ὥς

1954 876 2108 932 φησιν
2140 851 2366 932 Ἄνδρων
2385 854 2437 911 ἐν
2465 856 2541 933 τῷ
2564 852 2808 932 Τρίποδι.

2700 968 2757 1025 4.

2035 1081 2301 1137 Aristides
2335 1093 2471 1139 tom.
2497 1083 2611 1150 111,
2639 1100 2697 1155 p.
2730 1081 2839 1152 517
2874 1083 3068 1156 Steph.
3101 1103 3113 1138 :
3146 1081 3267 1159 Οὐχ
3291 1079 3508 1160 Ἡρόδο-

1954 1190 2038 1234 τος
2070 1166 2286 1227 Σόλωνα
2317 1165 2563 1247 σοφιστὴν
2587 1166 2870 1239 κέκληκενς
2895 1170 2952 1226 οὗ
2989 1169 3298 1248 Πυθαγόραν
3319 1169 3508 1240 πάλιν;

1954 1257 2048 1313 οὐκ
2071 1253 2371 1332 Ἀνδροτίων
2396 1249 2656 1332 (Ἄνδρων
2678 1276 2897 1314 οοιτεκ.
2925 1259 3156 1313 Siebelis
3177 1261 3193 1332 )
3228 1257 3344 1323 τοὺς
3367 1256 3503 1315 ἑπτὰ

1956 1338 2201 1420 σοφιστὰς
2220 1340 2556 1420 προσείρηκε;
2578 1339 2714 1420 λέγω
2737 1339 2801 1411 δὴ
2829 1339 2946 1407 τοὺς
2973 1341 3178 1422 σοφούς.

2705 1465 2760 1523 5.

2035 1581 2313 1654 Diogenes
2349 1582 2411 1636 L.
2451 1582 2503 1649 1,
2552 1597 2659 1652 119
2701 1597 2715 1637 t
2751 1574 2980 1657 Ἄνδρων
3012 1579 3057 1636 δ’
3084 1581 3112 1636 ὁ
3144 1577 3382 1659 Ἐφέσιος
3419 1580 3510 1640 δύο

1957 1663 2084 1744 φησὶ
2102 1666 2368 1748 γεγονέναι
2396 1661 2697 1743 Φερεκύδας
2726 1664 2967 1742 Συρίους·
3002 1664 3091 1723 τὸν
3127 1665 3222 1742 μὲν
3257 1668 3508 1746 ἀστρολό-

1956 1774 2074 1829 γον·
2105 1751 2191 1809 τὸν
2226 1749 2280 1809 δὲ
2315 1750 2550 1829 θεολόγον
2586 1751 2695 1809 υἱὸν
2725 1751 2960 1830 Βάὸυος,
2994 1744 3038 1834 ᾧ
3075 1753 3162 1811 καὶ
3200 1753 3509 1835 Πυθαγόραν

1959 1838 2241 1917 σχολάσαι.
2274 1837 2650 1917 Ἐρατοσθένης
2674 1839 2720 1896 δ’
2742 1838 2831 1897 ἕνα
2857 1839 3030 1915 μόνον,
3061 1840 3149 1898 καὶ
3169 1839 3338 1921 ἕτερον
3369 1843 3505 1917 Ἀθη·

1957 1934 2098 1985 ναῖον
2120 1925 2441 2003 γενεαλόγον.

2696 2033 2752 2088 6.

2039 2146 2309 2202 Eusebius
2335 2148 2393 2202 P.
2431 2148 2493 2202 E.
2512 2146 2599 2217 X,
2622 2164 2685 2220 p.
2714 2146 2824 2212 464
2850 2146 2949 2224 (ex
2974 2145 3326 2224 Porphyrio)
3351 2168 3366 2203 ε
3400 2146 3512 2206 Ἂν-

1960 2232 2150 2310 δρωνος
2179 2231 2231 2288 ἐν
2255 2233 2331 2311 τῷ
2361 2230 2583 2311 Τρίποδι
2612 2229 2732 2311 περὶ
2762 2232 3073 2311 Πυθαγόρου
3100 2239 3192 2291 τοῦ
3229 2234 3510 2314 φιλοσόφου

1958 2316 2025 2374 τὰ
2056 2316 2175 2396 περὶ
2211 2316 2302 2383 τὰς
2343 2316 2648 2397 προρρήσεις
2685 2317 3014 2396 ἱστορηκότος
3051 2319 3282 2387 εἰπόντος
3317 2345 3405 2398 τε,
3440 2325 3509 2388 ὡς

1959 2403 2182 2486 διψήσας
2221 2403 2348 2462 ποτὲ
2394 2404 2448 2461 ἐν
2488 2404 2833 2483 Μεταποντίῳ
2878 2405 2967 2464 καὶ
3013 2405 3072 2465 ἔκ
3119 2431 3252 2474 τινος
3288 2408 3508 2488 φρέατος

1960 2492 2217 2569 ἀνιμήσας
2256 2491 2348 2549 καὶ
2385 2489 2518 2549 πιὼν
2562 2492 2825 2570 προεῖπεν,
2865 2496 2936 2560 ὡς
2980 2496 3050 2560 εἰς
3087 2494 3264 2573 τρίτην
3304 2496 3507 2576 ἡμέραν

1960 2577 2129 2638 ἔσοιτο
2147 2578 2384 2654 σεισμὸς,
2415 2578 2501 2637 καὶ
2533 2577 2686 2657 ἕτερά
2713 2602 2829 2638 τινα
2856 2578 3052 2647 τούτοις
3076 2581 3357 2661 ἐπαγαγὼν
3384 2577 3511 2643 ent-2

1959 2666 2097 2743 λέγει
2116 2685 2131 2701 ·
2163 2663 2307 2724 ταῦτ’
2341 2657 2428 2723 οῧν
2463 2671 2554 2725 τοῦ
2573 2664 2852 2745 Ἄνδρωνος
2874 2666 2995 2746 περὶ
3020 2667 3325 2748 Πυθαγόρου
3357 2672 3510 2728 ἱστο-

1961 2752 2175 2834 ρηκότος
2191 2797 2209 2831 ,
2235 2750 2405 2812 πάντα
2425 2753 2658 2834 ὑφείλετο
2684 2754 3019 2828 Θεόπομπος.
3049 2758 3117 2816 El
3140 2755 3234 2830 μὲν
3253 2755 3357 2837 γὰρ
3385 2757 3507 2837 περὶ

1960 2841 2265 2922 Πυθαγόρου
2280 2840 2464 2919 λέγων,
2474 2840 2612 2921 τάχα
2628 2842 2713 2922 [ἃ]
2730 2841 2794 2902 ἂν
2808 2842 2898 2902 καὶ
2912 2841 3077 2923 ἕτεροι
3091 2845 3377 2915 ἠπίσταντο
3386 2846 3507 2924 περὶ

1958 2930 2118 2988 αὑτοῦ
2142 2926 2232 2987 καὶ
2255 2927 2451 3005 ἔλεγον,
2467 2933 2633 2988 ταῦτα
2653 2928 2748 2988 καὶ
2771 2929 2923 2998 αὗτὸς
2947 2929 3010 2989 ἂν
3031 2921 3174 2990 εἷπον
3197 2931 3269 3011 [l.
3297 2923 3470 3012 εἶπεν]
3493 2956 3508 2971 ·

1958 3021 2047 3074 νῦν
2071 3015 2237 3087 δὲτὴν
2257 3016 2457 3091 κλοπὴν
2476 3017 2640 3089 δήλην
2664 3017 2948 3090 πεποίηκεν
2965 3023 2999 3090 ἡ
3021 3023 3111 3078 τοῦ
3130 3020 3382 3096 ὀνόματος
3403 3045 3506 3097 με-

1954 3102 2180 3173 τάθεσις.
2206 3104 2336 3173 Τοῖς
2353 3102 2447 3183 μὲν
2471 3103 2572 3186 γὰρ
2600 3104 2874 3186 πράγμασι
2898 3105 3154 3187 κέχρηται
3170 3114 3280 3175 τοῖς
3306 3109 3508 3181 αὐτοῖς,

1960 3193 2130 3273 ἕτερον
2152 3191 2197 3251 δ’
2215 3193 2379 3270 ὄνομα
2404 3192 2740 3273 μετενήνοχε·
2757 3193 3061 3273 Φερεκύδην
3079 3194 3182 3274 γὰρ
3209 3195 3297 3253 τὸν
3317 3194 3506 3274 Σύριον

1958 3279 2211 3353 πεποίηκε
2233 3285 2399 3338 ταῦτα
2420 3279 2849 3358 προλέγοντα.οὖ
2869 3280 3023 3358 μόνον
3044 3280 3098 3339 δὲ
3120 3280 3287 3362 τούτῳ
3305 3284 3379 3360 τῷ
3401 3280 3517 3339 ὀνό-

395 3365 582 3422 schol.
610 3366 988 3437 Pindslsuzm.
1009 3370 1097 3437 11,
1137 3388 1202 3439 17
1229 3385 1246 3426 t
1282 3366 1621 3445 Σπαρτιάτην
1644 3364 1699 3425 δὲ
1739 3366 1872 3445 Ἀρι·
1962 3390 2090 3443 ματι
2119 3365 2440 3446 ἀποκρύπτει
2476 3366 2570 3437 τὴν
2609 3366 2828 3439 κλοπὴν,
2857 3365 2994 3425 ἀλλὰ
3029 3366 3118 3425 καὶ
3142 3366 3316 3425 τόπων
3345 3389 3510 3442 μετα-

314 3450 579 3524 στόδημον
598 3452 650 3507 ἐν
665 3455 770 3518 τοῖς
792 3451 929 3511 ἑπτὰ
952 3453 1126 3531 σοφοῖς
1151 3452 1503 3534 ἀναγράφεται
1527 3453 1616 3513 καὶ
1642 3451 1873 3533 Ἄνδρων

316 3542 347 3595 ὁ
378 3536 635 3616 Ἐφέσιος.
662 3544 724 3596 V.
753 3544 969 3598 Dissen.
997 3542 1069 3598 ad
1097 3543 1208 3602 loc.
1233 3544 1396 3600 Pind.

943 3709 1239 3769 TRlPUS.

379 3910 573 3960 Andron
610 3911 660 3959 in
689 3911 897 3974 Tripode
937 3835 1136 3975 Argivlis
1177 3915 1245 3965 ait
1276 3914 1469 3964 virtutis
1496 3916 1745 3978 praemium
1791 3928 1869 3964 sa-

314 3986 611 4049 pientissimo
636 3990 919 4038 Graecorum
942 3990 1176 4053 hipodem
1196 3992 1497 4041 constituisse
1510 4008 1526 4053 ς
1542 4004 1751 4054 eumque
1773 3992 1872 4041 Ari·

314 4065 591 4116 stodemum
626 4070 914 4129 Spartanum
945 4069 1089 4120 fuisse
1119 4068 1418 4131 judicatum.
1455 4071 1542 4134 qui
1588 4072 1873 4121 concesserit

316 4142 526 4192 Chiloni.

380 4306 673 4367 spartanum
696 4306 1043 4358 Aristodemum
1065 4230 1190 4360 iiter
1211 4310 1393 4372 septem
1425 4310 1659 4372 sapientes
1678 4311 1872 4361 Andron

315 4396 512 4445 quoque
533 4383 762 4444 Ephesius
783 4390 1012 4436 recenset.

376 4546 475 4602 Qui
512 4558 611 4595 una
644 4559 755 4596 cum
790 4549 987 4600 Thalete
1017 4473 1307 4615 segienum
1342 4552 1540 4615 collegio
1568 4552 1870 4603 ascribeban-

315 4628 422 4684 tur,
444 4623 614 4673 eodan
636 4625 863 4677 vixerunt
880 4630 1123 4692 tempore,
1142 4632 1217 4680 uti
1235 4631 1426 4681 Andron
1452 4631 1519 4680 att
1546 4631 1596 4680 in
1621 4631 1844 4693 Tripode.

378 4788 551 4836 Nonne
590 4788 860 4839 Herodotus
906 4715 1129 4840 Solonem
1166 4792 1428 4855 sophistam
1468 4796 1690 4845 vocavit?
1717 4808 1874 4845 nonne

317 4864 437 4912 item
457 4863 803 4925 Pythagoram?
820 4879 979 4917 nonne
1005 4868 1268 4919 Androtion
1291 4869 1570 4933 (Andron)
1606 4875 1789 4935 septem
1812 4874 1873 4923 il·

318 4941 419 4999 loe,
438 4938 677 5001 sapientes
701 4940 809 4991 dico
823 4979 839 5004 ,
859 4944 1116 5006 appellavit
1134 4947 1374 5009 sophista
1390 4950 1414 4995 t’

1085 5024 1138 5078 5.

385 5099 583 5163 Andron
610 5104 839 5165 Ephesius
856 5105 977 5155 duos
996 5106 1288 5171 Pherecydes
1308 5109 1470 5172 Syrios
1484 5111 1626 5161 fuisse
1644 5112 1786 5174 dicit,
1811 5114 1874 5162 al·

320 5181 480 5227 terum
499 5179 805 5241 astrologum,
830 5182 1035 5232 alterum
1060 5184 1332 5246 thffllogum
1354 5187 1711 5253 Bahyisiilium,
1740 5190 1877 5255 cujus

1961 3453 2127 3513 θέσει·
2157 3455 2216 3513 τό
2241 3478 2298 3512 τε
2326 3454 2428 3534 γὰρ
2459 3453 2573 3533 περὶ
2601 3458 2691 3525 τῆς
2723 3452 3055 3533 προρρήσεως
3085 3459 3176 3512 τοῦ
3206 3459 3420 3529 σεισμοῦ
3454 3456 3509 3512 ἐν

1964 3541 2311 3621 Μεταποντίῳ
2331 3542 2418 3600 ὑπ’
2445 3537 2728 3622 Ἄνδρωνος
2754 3540 2923 3621 ῥηθὲν,
2949 3543 3002 3600 ἐν
3039 3540 3207 3622 Συρίᾳ
3234 3542 3428 3621 (Σύρῳ
3445 3543 3506 3620 3³)

1960 3708 2249 3771 Pythagoras
2263 3708 2505 3758 studiosus
2522 3710 2685 3759 merit.
2713 3709 3054 3758 Eratosthenes
3073 3721 3190 3757 vero
3207 3722 3359 3759 unum
3398 3712 3508 3759 tan·

1958 3787 2065 3834 tum
2087 3786 2307 3848 Syrium,
2323 3788 2529 3836 alterum
2556 3784 2890 3836 Atheniensem
2912 3784 3223 3848 geuealogum
3254 3786 3402 3836 tuisse
3428 3800 3503 3835 as·

1958 3861 2091 3912 serit.

2712 3946 2766 3996 6.

2021 4033 2214 4084 Andron
2228 4036 2312 4097 qui
2350 4035 2399 4084 in
2429 4032 2634 4097 ‘tripode
2652 4046 2727 4083 res
2743 4047 2773 4083 a
2791 4034 3062 4097 Pythagora
3083 4036 3365 4099 ptdloeepho
3389 4048 3510 4098 pra·-

1957 4109 2109 4161 dictas
2139 4112 2355 4175 collegit,
2390 4112 2514 4161 inter
2547 4114 2705 4161 cetera
2740 4117 3082 4163 commemorat
3107 4127 3217 4163 eum
3251 4112 3510 4176 aliquando

1958 4188 2217 4249 Metaponti
2257 4189 2495 4238 sitientem
2509 4225 2524 4251 ,
2556 4201 2707 4251 quum
2743 4189 2964 4240 haustam
3007 4203 3070 4239 ex
3103 4191 3314 4253 quodam
3361 4194 3507 4251 puteo

1957 4277 2134 4326 aquam
2157 4264 2377 4327 bibisset,
2417 4268 2561 4315 terra·
2578 4267 2763 4315 motum
2782 4269 2893 4316 ante
2914 4266 3042 4317 diem
3065 4268 3262 4317 tertium
3281 4268 3500 4316 futurum

1958 4340 2247 4403 pra-dixisse.
2276 4342 2472 4405 aliaque
2487 4343 2714 4393 nonnulla
2734 4343 2969 4405 adjunxit.
2995 4344 3133 4394 illam
3161 4344 3303 4406 igitur
3321 4343 3509 4394 Andro-

1959 4419 2034 4467 nis
2046 4418 2106 4468 de
2125 4420 2390 4483 Pythagora
2412 4420 2658 4470 historiam
2697 4421 3036 4483 Theopompus
3066 4422 3299 4484 integram
3327 4423 3512 4471 furatus

1958 4496 2048 4545 est.
2065 4496 2244 4554 Quodsi
2259 4510 2365 4546 eam
2378 4497 2439 4546 de
2457 4498 2727 4560 Pythagora
2740 4501 3156 4560 commemoraret,
3172 4511 3247 4559 ea,
3263 4512 3372 4561 quie
3387 4499 3510 4548 forte

1959 4573 2105 4622 etiam
2126 4573 2232 4624 aliis
2255 4576 2370 4624 nota
2387 4577 2437 4624 et
2459 4577 2653 4624 narrata
2675 4576 2812 4625 mant
2825 4611 2841 4638 ‚
2876 4575 3024 4625 etiam
3047 4576 3146 4638 ipae
3172 4576 3512 4638 Theopompus

1960 4664 2176 4701 narrasse
2196 4652 2455 4703 videretur.
2483 4656 2622 4703 Nunc
2650 4667 2767 4704 vero
2785 4654 2970 4704 sudum
3007 4656 3106 4718 ipae
3127 4668 3271 4706 suum
3303 4654 3513 4704 nominis

1962 4729 2229 4778 mutatione
2246 4731 2486 4791 patefecit.
2511 4733 2630 4781 Rem
2657 4731 2785 4780 enim
2821 4730 3023 4781 eandm
3065 4732 3307 4794 scribens,
3333 4745 3513 4782 nomen

1959 4805 2441 4867 supposuitalienum.
2468 4808 2522 4859 ld
2561 4808 2780 4859 videlieet
2814 4821 2844 4857 a
2869 4809 3141 4871 Pherecyde
3168 4809 3308 4872 syrio
3335 4809 3510 4871 praedi·

1962 4884 2096 4930 ctum
2123 4882 2264 4933 tuisse
2296 4885 2461 4935 tradit.
2489 4889 2591 4935 lmo
2609 4899 2706 4935 non
2729 4885 2874 4947 hiijus
2886 4889 3082 4936 tantum
3101 4887 3307 4937 nominis
3329 4888 3510 4950 integu-

1962 4962 2126 5008 mento
2138 4996 2153 5019 ,
2180 4973 2348 5010 verum
2364 4963 2509 5010 etiam
2531 4962 2621 5011 loci
2638 4964 2906 5013 mutatione
2922 4976 3066 5012 suum
3085 4965 3185 5026 ipse
3201 4964 3409 5026 plagium
3427 4978 3512 5013 oc·

1963 5034 2148 5085 cultare
2188 5041 2405 5087 conatur.
2473 5042 2630 5097 Quam
2649 5042 2779 5090 enim
2800 5040 2860 5088 de
2899 5040 2983 5089 illo
3006 5042 3147 5090 terrae
3181 5043 3316 5091 motu
3335 5042 3511 5104 proedi·

1962 5116 2172 5163 ctionem
2211 5118 2467 5178 Metaponti
2493 5118 2666 5167 tactam
2689 5132 2793 5168 esse
2811 5118 2973 5168 Andro
3004 5123 3373 5181 commemorat,
3404 5133 3513 5169 eam

1964 5192 2012 5240 in
2034 5184 2176 5253 Syria*
2187 5194 2436 5256 contigisse
2459 5195 2794 5259 Theopompus
2814 5195 2973 5245 hahet.
2989 5197 3242 5259 Navigium
3264 5198 3379 5247 item
3396 5196 3512 5246 illud
