4016 5916
1678 377 2173 438 FRAGMENTA.

284 529 377 585 μεν
409 508 581 564 αὐτῶν
609 501 701 577 τὴν
744 503 968 585 γέφυραν
997 500 1147 569 ὀξέως
1182 500 1412 579 ἀφεῖλον,
1449 501 1498 557 οἱ
1541 497 1595 555 δὲ
1632 497 1718 556 ἐπὶ
1749 496 1841 564 τὰς

280 596 439 659 πέλας
472 593 654 671 κώμας
674 588 1061 671 ἀποδραμόντες
1088 585 1392 666 ἀγγέλλουσι
1420 585 1537 651 τοὺς
1562 583 1842 664 ἐλέφαντας

281 670 360 731 ὅτι
389 676 443 731 ἐν
468 677 543 753 τῷ
587 669 725 752 ἕρκεϊ
762 670 999 749 ἔχονται·
1032 668 1092 746 (9)
1127 670 1173 724 οἱ
1203 664 1257 724 δέ
1291 661 1600 730 ἀκούσαντες
1634 663 1838 722 ἐπιὸαί-

282 785 426 821 νουσι
455 764 558 819 τῶν
586 758 878 840 κρατίστων
904 779 960 814 τε
1001 755 1088 814 τὸν
1129 751 1288 831 θυμὸν
1319 752 1408 811 καὶ
1442 755 1544 811 τῶν
1574 756 1841 834 χειροηθε-

282 848 486 907 στάτων
514 845 821 928 ἐλεφάντων,
859 841 1133 910 ἐπιὸάντες
1156 840 1209 900 δὲ
1234 841 1532 900 ἐλαύνουσιν
1566 843 1635 905 ὥς
1671 838 1759 897 ἐπὶ
1782 838 1839 898 τὸ

281 934 450 1015 ἕρκος,
475 934 751 1001 ἐλάσαντες
779 932 832 992 δὲ
871 933 964 991 οὐκ
992 929 1179 990 αὐτίκα
1213 928 1390 1008 μάχης
1422 927 1697 998 ἅπτονται,
1724 928 1839 985 ἀλλ’

280 1026 406 1083 ἐῶσι
434 1022 535 1101 γὰρ
561 1024 701 1103 λιμῷ
733 1044 789 1079 τε
820 1020 1282 1098 ταλαιπωρηθῆναι
1313 1015 1430 1082 τοὺς
1476 1014 1679 1094 ἀγρίους
1723 1011 1839 1072 ἐλέ-

281 1135 476 1193 φαντας
511 1109 599 1169 καὶ
629 1109 728 1168 ὑπὸ
768 1111 843 1188 τῷ
885 1107 1025 1187 δίψεϊ
1054 1105 1393 1174 δουλωθῆναι.
1431 1101 1516 1183 (ιο)
1546 1092 1672 1160 Εἶτ’
1699 1099 1760 1158 ἂν
1787 1097 1840 1158 δὲ

283 1200 426 1259 σφίσι
468 1201 640 1263 κακῶς
682 1195 821 1275 ἔχειν
866 1192 1109 1265 δοκέωσι,
1138 1195 1424 1264 τηνικαῦτα
1473 1188 1841 1259 ἐπιστήσαντες

282 1260 425 1355 αύθις
453 1283 544 1354 τὴν
572 1282 797 1363 γέφυραν
823 1280 1094 1340 ἐλαύνουσί
1121 1303 1176 1337 τε
1200 1282 1270 1346 ὣς
1294 1281 1343 1345 ἐς
1366 1278 1423 1336 τὸ
1452 1275 1627 1359 ἕρκος,
1658 1276 1746 1335 καὶ
1774 1276 1839 1333 τὰ

282 1372 377 1451 μὲν
407 1375 589 1451 πρῶτα
618 1370 767 1448 μάχη
790 1368 1003 1428 ἵσταται
1030 1365 1257 1446 κρατερὴ
1285 1366 1448 1425 τοῖσιν
1477 1363 1716 1443 ἡμέροισι
1739 1367 1838 1421 τῶν

281 1459 568 1541 ἐλεφάντων
619 1459 743 1540 πρὸς
789 1456 903 1522 τοὺς
940 1454 1261 1521 ἑαλωκότας·
1307 1452 1488 1512 ἔπειτα
1537 1449 1839 1530 κρατέονται

282 1547 373 1626 μὲν
418 1547 555 1606 κατὰ
584 1546 643 1604 τὸ
671 1545 804 1612 εἰκὸς
841 1548 886 1604 οἱ
916 1543 1087 1622 ἄγριοι
1116 1540 1217 1601 ὑπό
1243 1565 1299 1600 τε
1328 1545 1392 1619 τῇ
1424 1541 1617 1618 ἀθυμίῃ
1648 1538 1737 1597 καὶ
1765 1542 1839 1620 τῷ

279 1639 418 1716 λιμῷ
447 1632 946 1713 ταλαιπωρεύμενοι.
977 1632 1071 1711 (ΙΙ)
1098 1633 1166 1692 Οἱ
1196 1627 1250 1688 δὲ
1286 1630 1388 1688 ἀπὸ
1417 1632 1517 1687 τῶν
1547 1627 1838 1706 ἐλεφάντων

279 1721 604 1789 καταὸάντες
648 1719 1036 1800 παρειμένοισιν
1091 1717 1191 1789 ἤδη
1238 1726 1400 1775 τοῖσιν
1450 1714 1673 1794 ἀγρίοισι
1725 1714 1841 1781 τοὺς

280 1809 443 1876 πόδας
487 1809 674 1888 ἄκρους
715 1808 1026 1866 συνδέουσιν·
1075 1804 1256 1864 ἔπειτα
1290 1805 1643 1884 ἐγκελεύονται
1679 1809 1840 1861 τοῖσιν

280 1898 520 1978 ἡμέροισι
573 1900 808 1977 πληγῇσι
863 1904 993 1976 σφᾶς
1040 1893 1275 1962 κολάζειν
1329 1894 1588 1971 πολλῇσι,
1638 1886 1746 1948 ἔστ’
1779 1889 1841 1948 ἂν

282 1989 467 2046 ἐκεῖνοι
497 1981 979 2063 ταλαιπωρεύμενοι
1016 1983 1066 2048 ἐς
1095 1985 1192 2059 γῆν
1231 1978 1458 2038 πέσωσι·
1488 1976 1843 2057 παραστάντες

282 2073 335 2132 δὲ
362 2072 580 2153 βρόχους
607 2068 1009 2150 περιὸάλλουσιν
1045 2069 1244 2126 αὐτοῖσι
1272 2063 1408 2125 κατὰ
1438 2062 1554 2130 τοὺς
1596 2064 1842 2143 αὐχένας,

282 2161 371 2220 καὶ
400 2161 547 2219 αὐτοὶ
572 2158 900 2217 ἐπιὸαίνουσι
923 2153 1225 2233 κειμένοισι.
1261 2155 1352 2232 (ιιι)
1376 2156 1485 2214 Τοῦ
1520 2152 1573 2211 δὲ
1605 2150 1679 2229 μὴ
1703 2156 1842 2210 ἀπο·

283 2247 509 2307 σείεσθαι
544 2245 661 2314 τοὺς
683 2243 926 2322 ἀμὸάτας
957 2242 1095 2322 μηδέ
1119 2266 1169 2301 τι
1197 2241 1326 2300 ἄλλο
1364 2239 1654 2298 ἀτάσθαλον
1685 2239 1842 2319 ἐργά-

282 2340 457 2408 ζεσθαι
476 2383 491 2414 ,
513 2335 600 2395 τὸν
623 2334 886 2418 τράχηλον
917 2332 1143 2391 αὐτοῖσιν
1173 2333 1223 2389 ἐν
1248 2329 1426 2410 κύκλῳ
1451 2327 1721 2408 μαχαιρίῳ
1741 2328 1844 2396 ὀξέϊ

282 2425 647 2502 ἐπιτέμνουσι,
697 2424 787 2481 καὶ
828 2421 915 2480 τὸν
954 2418 1143 2501 βρόχον
1176 2417 1314 2478 κατὰ
1361 2418 1455 2490 τὴν
1503 2416 1669 2494 τομὴν
1698 2440 1841 2494 περι·

283 2512 506 2590 δέουσιν,
527 2514 597 2578 ὥς
620 2510 825 2591 ἀτρέμα
850 2507 990 2587 ἔχειν
1017 2507 1109 2578 τὴν
1140 2504 1371 2588 κεφαλήν
1395 2528 1451 2563 τε
1480 2504 1572 2561 καὶ
1607 2503 1695 2561 τὸν
1720 2504 1843 2582 τρά-

282 2602 444 2681 χηλον
469 2597 568 2657 ὑπὸ
595 2604 683 2657 τοῦ
727 2597 917 2663 ἕλκεος.
947 2594 1035 2675 (13)
1068 2596 1135 2656 Εἰ
1170 2593 1271 2673 γὰρ
1298 2590 1719 2675 περιστρέφοιντο
1745 2591 1843 2649 ὑπὸ

285 2686 635 2766 ἀτασθαλίης,
662 2685 896 2768 τρίὸεται
926 2685 1131 2743 αὐτοῖσι
1153 2682 1213 2740 τδ
1237 2679 1381 2747 ἕλκος
1408 2680 1508 2738 ὑπὸ
1549 2683 1621 2759 τῷ
1662 2679 1809 2760 κάλῳ
1827 2698 1841 2713 ·

285 2775 425 2835 οὕτω
455 2773 548 2854 μὲν
565 2765 636 2835 ὧν
659 2772 860 2855 ἀτρέμα
887 2771 1112 2852 ἴσχουσι,
1134 2769 1224 2829 καὶ
1240 2768 1385 2828 αὐτοὶ
1399 2765 1844 2847 γνωσιμαχέοντες

278 2864 381 2938 ἤδη
409 2864 623 2942 ἄγονται
654 2861 791 2922 κατὰ
819 2861 905 2920 τὸν
936 2859 1125 2937 δεσμὸν
1155 2858 1281 2938 πρὸς
1308 2859 1411 2916 τῶν
1437 2856 1666 2935 ἡμέρων.

360 2960 495 3031 Cap.
538 2957 693 3013 XIV.
735 2947 898 3010 Ὅσοι
927 2947 978 3008 δὲ
1004 2948 1181 3021 νήπιοι
1209 2946 1377 3005 αὗτῶν
1406 2946 1442 3017 ἢ
1467 2943 1551 3004 διὰ
1578 2944 1844 3018 κακότητα

282 3044 373 3100 οὐκ
420 3042 551 3108 ἄξιοι
602 3041 882 3110 ἐκτῆσθαι,
914 3035 1123 3102 τούτους
1160 3038 1311 3094 ἐῶσιν
1341 3033 1766 3092 ἀπαλλάττεσθαι
1796 3036 1845 3100 ἐς

281 3127 348 3189 τὰ
373 3126 594 3208 σφέτερα
625 3126 773 3197 ἤθεα.
812 3128 875 3203 (2)
906 3122 1145 3202 Ἀγοντες
1172 3122 1226 3181 δὲ
1262 3125 1333 3189 εἷς
1377 3121 1468 3190 τὰς
1509 3120 1689 3198 κώμας
1730 3120 1847 3186 τοὺς

283 3214 503 3281 ἁλόντας
520 3220 608 3273 τοῦ
629 3237 681 3271 τε
698 3215 905 3292 χλωροῦ
929 3210 1168 3288 καλάμου
1185 3209 1275 3269 καὶ
1291 3214 1383 3281 τῆς
1401 3209 1553 3282 ποίης
1570 3213 1635 3267 τὰ
1662 3213 1843 3289 πρῶτα

285 3380 632 3441 conscendunt,
652 3383 801 3442 atque
817 3380 877 3429 ad
898 3380 1089 3442 septum
1104 3378 1358 3429 accedunt.
1378 3381 1477 3429 Nec
1498 3381 1663 3428 tamen
1687 3379 1844 3440 primo

285 3459 450 3511 statim
484 3458 694 3507 adventu
727 3469 840 3506 cum
860 3456 1121 3518 agrestibus
1152 3456 1417 3519 elephantis
1446 3468 1653 3518 pugnam
1678 3468 1842 3516 aggre-

285 3536 503 3596 diuntur,
522 3533 605 3583 sed
628 3534 735 3583 illos
764 3520 1054 3595 aliquamdiu
1080 3533 1204 3581 fame
1225 3532 1457 3582 macerari
1481 3545 1538 3580 ac
1564 3531 1642 3581 siti
1661 3531 1847 3580 domari

284 3613 450 3663 sinunt
471 3630 487 3663 ι
510 3613 606 3673 (10)
630 3622 879 3674 quumque
902 3610 1001 3671 iam
1022 3610 1334 3672 languidiores
1362 3611 1512 3660 tactos
1536 3608 1717 3671 vident,
1740 3623 1849 3657 rur-

287 3704 370 3740 sus
408 3688 620 3739 immisso
660 3689 804 3750 ponte
821 3689 952 3750 septa
991 3687 1337 3749 ingrediuntur.
1376 3692 1437 3737 Et
1470 3687 1624 3749 primo
1656 3685 1848 3750 quidem

286 3781 399 3819 acre
416 3769 658 3817 certamen
685 3764 738 3814 fit
771 3765 895 3813 inter
911 3763 1118 3814 domitos
1145 3765 1420 3828 elephantos
1438 3769 1486 3813 et
1506 3764 1629 3813 seros
1648 3766 1812 3827 captos
1836 3783 1848 3812 :

288 3839 470 3890 (πάνυ)
480 3845 781 3906 superantur,
802 3843 858 3890 ut
876 3854 961 3904 par
977 3844 1067 3904 est,
1085 3844 1190 3905 seri,
1206 3843 1435 3906 languore
1453 3845 1500 3893 et
1521 3842 1644 3891 tame
1662 3840 1834 3904 pressi.

287 3924 327 3985 (1
344 3924 387 3986 ι)
403 3925 529 3972 Tum
550 3933 758 3970 sessores
774 3932 835 3968 ex
853 3919 1113 3983 elephantis
1132 3922 1178 3970 in
1196 3922 1375 3972 terram
1401 3920 1592 3970 demissi
1620 3918 1852 3980 languidis

283 4002 384 4063 jam
402 3999 513 4049 teris
529 3999 795 4061 elephantis
811 4010 1024 4049 summos
1041 3999 1184 4061 pedes
1196 3999 1421 4061 colligant
1435 4015 1449 4059 ;
1471 3998 1643 4047 dehinc
1660 3996 1853 4045 domitis

288 4075 550 4140 elephantis
588 4076 851 4138 imperant,
892 4079 949 4126 ut
1006 4077 1132 4126 t'eros
1178 4076 1347 4125 multis
1394 4075 1543 4138 plagis
1582 4074 1846 4135 castigent,

289 4154 443 4203 donec
487 4152 764 4203 verberibus
799 4152 1040 4216 detatigati
1075 4154 1126 4203 in
1162 4155 1341 4203 terram
1377 4151 1647 4215 procidant.
1715 4154 1852 4199 Tunc

279 4232 531 4282 alstantes
548 4232 816 4282 cervicibus
841 4242 1009 4282 eorum
1033 4230 1231 4294 laqueos
1252 4232 1436 4294 aptant,
1462 4232 1510 4279 et
1530 4228 1616 4291 ipsi
1638 4230 1849 4289 prostra-

288 4313 365 4360 tos
380 4309 679 4359 inscendunt.
746 4309 844 4371 (12)
861 4311 931 4358 Ne
949 4321 1064 4358 vero
1078 4322 1282 4358 sessores
1299 4307 1563 4367 excutiant,
1583 4319 1706 4356 neve
1722 4307 1851 4355 aliud

289 4385 450 4436 damni
477 4384 683 4435 inserant
700 4421 714 4445 ,
745 4386 869 4434 colla
896 4388 1039 4435 acuto
1065 4384 1268 4447 gladiolo
1287 4385 1335 4433 in
1359 4383 1613 4433 circuitum
1632 4385 1850 4446 praescin-

290 4464 436 4527 dunt,
472 4465 743 4526 vulnusque
780 4465 952 4527 laqueo
983 4464 1343 4525 circumligant,
1384 4466 1440 4513 ut
1475 4476 1574 4526 prae
1612 4464 1773 4514 ulcere
1807 4466 1855 4513 et

290 4542 467 4592 collum
499 4543 550 4591 et
584 4542 730 4604 caput
751 4541 1006 4591 immotum
1038 4541 1251 4591 teneant.
1318 4540 1519 4591 sienim
1546 4540 1856 4603 pervicaciter

293 4622 607 4679 reluctentur,
628 4620 691 4668 ab
711 4620 733 4669 t'
734 4632 826 4669 une
844 4620 982 4669 ulcus
1000 4620 1186 4669 teritur.
1212 4622 1368 4681 Atque
1388 4619 1454 4668 ita
1471 4620 1670 4670 tandem
1693 4621 1853 4682 quiete.

290 4710 343 4748 se
367 4697 573 4759 habent,
596 4700 645 4747 et
662 4698 814 4747 victos
833 4710 935 4747 sese
956 4698 1265 4759 agnoscentes
1280 4710 1343 4747 ex
1366 4697 1559 4747 vinculo
1577 4696 1638 4746 ab
1664 4696 1856 4747 domitis

291 4777 552 4826 ducuntur.

353 4855 479 4904 XIV.
518 4854 613 4912 Qui
629 4866 744 4903 vero
762 4867 930 4903 eorum
950 4854 1222 4903 immaturas
1243 4853 1399 4903 aetatis
1412 4856 1499 4903 aut
1532 4855 1727 4916 propter
1740 4867 1845 4902 ma-

294 4932 389 4981 lam
401 4932 613 4995 corporis
628 4931 1025 4985 ,constitutionem
1053 4928 1181 4991 digni
1203 4942 1299 4979 non
1329 4932 1460 4993 suut,
1484 4930 1852 4993 quipossidean-

294 5013 393 5070 tur,
415 5022 499 5060 eos
513 5007 646 5057 abire
660 5008 706 5057 in
724 5007 830 5057 loca
862 5007 975 5070 ipsis
993 5007 1223 5056 consueta
1238 5008 1537 5069 permittunt.
1560 5010 1628 5070 (2)
1660 5011 1854 5058 Ceteros

3368 392 3478 443 ⁴³3

1931 499 2182 578 ἐμφαγεῖν
2213 496 2412 556 ἔδοσαν·
2455 497 2517 580 (a)
2564 500 2610 557 οἳ
2636 496 2689 556 δὲ
2716 497 2815 555 ὑπὸ
2857 498 3079 576 ἀθυμίης
3105 502 3198 558 οὐκ
3229 503 3485 562 ἐθέλουσιν

1931 584 2075 644 οὐδὲν
2102 584 2390 657 σιτέεσθαι,
2415 585 2530 652 τοὺς
2557 583 2609 642 δὲ
2635 584 3022 666 περι-’ἱστάμενοι
3051 588 3096 645 οἳ
3125 585 3276 648 Ἰνδοὶ
3301 589 3489 670 ᾠδαῖσί

1930 696 1985 731 τε
2005 672 2096 731 καὶ
2119 673 2433 750 τυμπάνοισι
2458 672 2547 730 καὶ
2573 672 2916 743 κυμόάλοισιν
2942 676 2994 732 ἐν
3020 673 3194 754 κύκλῳ
3222 677 3487 756 κρούοντές

1931 783 1984 818 τε
2040 759 2130 818 καὶ
2180 760 2451 842 ἐπᾴδοντες
2492 759 2884 828 κατευνάζουσι.
2929 761 2992 838 (ι)
3046 761 3360 842 Θυμόσοφον
3387 764 3487 844 γὰρ

1931 845 2075 927 εἴπερ
2101 871 2151 905 τι
2175 847 2303 907 ἄλλο
2323 846 2496 927 θηρίον
2524 850 2551 905 ὁ
2572 846 2785 921 ἐλέφας·
2808 846 3040 914 καίτινες
3056 846 3158 919 ἤδη
3183 850 3351 906 αὐτῶν
3376 850 3490 915 τοὺς

1931 925 2175 1012 ἀμὸάτας
2203 939 2343 1016 σφῶν
2375 937 2427 993 ἐν
2456 933 2670 1015 πολέμῳ
2700 934 3049 1000 ἀποθανόντας
3087 934 3303 1014 ἄραντες
3343 938 3490 996 αὐτοὶ

1931 1022 2205 1104 ἐξήνεγκαν
2235 1027 2283 1091 ἐς
2313 1020 2500 1103 ταφὴν,
2535 1024 2581 1081 οἱ
2606 1023 2659 1081 δὲ
2683 1021 2772 1080 καὶ
2803 1021 3165 1103 ὑπερήσπισαν
3196 1025 3488 1101 κειμένους,

1930 1115 1975 1170 οἱ
2006 1112 2060 1170 δὲ
2091 1111 2179 1170 καὶ
2208 1111 2469 1170 πεσόντων
2494 1108 2975 1192 προεκινδύνευσαν·
3003 1114 3030 1168 ὁ
3068 1111 3123 1170 δέ
3149 1135 3225 1179 τις
3252 1112 3380 1193 πρὸς
3404 1116 3491 1195 ὀρ-

1930 1198 2027 1276 γὴν
2073 1200 2379 1266 ἀποκτείνας
2425 1198 2511 1257 τὸν
2563 1194 2808 1274 &pede-‘qv
2855 1199 2953 1257 ὑπὸ
2997 1202 3271 1277 μετανοίης
3314 1224 3369 1259 τε
3402 1201 3490 1259 καὶ

1932 1285 2149 1364 ἀθυμίης
2171 1287 2443 1346 ἀπέθανεν.
2473 1287 2531 1364 (5)
2550 1278 2726 1366 [Εἶδον
2750 1286 2801 1346 δὲ
2816 1287 2977 1366 ἔγωγε
2998 1288 3086 1346 καὶ
3104 1288 3490 1365 κυμὸαλίζοντα

1932 1374 2031 1446 ἤδη
2057 1375 2312 1456 ἐλέφαντα
2344 1375 2434 1434 καὶ
2464 1376 2648 1442 ἄλλους
2688 1375 3024 1455 ὀρχεομένους
3044 1422 3060 1452 ,
3099 1376 3388 1454 κυμὸάλοιν
3417 1381 3492 1459 τῷ

1930 1462 2300 1541 κυμὸαλίζοντι
2329 1464 2456 1544 πρὸς
2485 1472 2591 1521 τοῖν
2636 1467 2840 1524 σκελοῖν
2880 1473 2986 1523 τοῖν
3012 1464 3301 1544 ἔμπροσθεν
3324 1488 3485 1544 προσ-

1928 1552 2255 1631 ηρτημένοιν,
2297 1552 2385 1610 καὶ
2413 1552 2539 1630 πρὸς
2579 1557 2644 1631 τῇ
2684 1551 2988 1632 προῧοοοιίδι
3034 1554 3323 1633 καλεομένῃ
3363 1553 3493 1612 ἄλλο

1930 1638 2220 1714 κύμὸαλον·
2256 1641 2315 1718 (ο)
2361 1643 2387 1698 ὁ
2429 1639 2482 1697 δὲ
2527 1642 2578 1698 ἐν
2610 1640 2757 1720 μέρεϊ
2783 1645 2846 1718 τῇ
2887 1639 3193 1722 προδοσκίδι
3223 1641 3400 1722 ἔκρουε
3433 1641 3491 1701 τὸ

1932 1726 2200 1805 κύμὸαλον
2225 1728 2275 1784 ἐν
2307 1729 2484 1809 ῥυθμῷ
2509 1725 2636 1806 πρὸς
2672 1726 2932 1807 ἑκατέροιν
2973 1728 3079 1785 τοῖν
3109 1730 3329 1786 σκελοῖν·
3368 1731 3412 1785 οἱ
3437 1727 3490 1786 δὲ

1932 1814 2232 1894 ὀρχεόμενοι
2252 1817 2301 1872 ἐν
2323 1812 2498 1893 κύκλῳ
2525 1837 2578 1872 τε
2603 1814 2863 1893 ἐχόρευον,
2892 1816 2981 1872 καὶ
3004 1814 3301 1895 ἐπαίροντές
3325 1838 3379 1873 τε
3404 1814 3493 1873 καὶ

1932 1903 2342 1979 ἐπικάμπτοντες
2377 1900 2443 1959 τὰ
2491 1900 2776 1980 ἔμπροσθεν
2822 1901 3009 1959 σκέλεα
3051 1903 3104 1958 ἐν
3150 1904 3223 1979 τῷ
3261 1905 3408 1981 μέρεῖ
3440 1905 3492 1961 ἐν

1935 1993 2113 2070 ῥυθμῷ
2153 1987 2242 2047 καὶ
2272 1981 2411 2047 οὗτοι
2441 1987 2661 2058 ἔδαινον,
2693 1987 2871 2045 κατότι
2900 1991 2927 2045 ὁ
2952 1988 3283 2063 κυμὸαλίζων
3321 1989 3493 2070 σφίσιν

1932 2077 2241 2158 ὑφηγέετο].
2278 2077 2337 2156 (7)
2373 2075 2612 2136 Βαίνεται
2642 2078 2695 2134 δὲ
2716 2076 2900 2156 ἐλέφας
2930 2070 3050 2154 ἦρος
3088 2075 3219 2156 ὥρῃ,
3257 2077 3494 2159 κατάπερ

1937 2165 2054 2245 βθῦς
2081 2164 2293 2236 mma-0<
2311 2211 2324 2236 ,
2353 2166 2510 2224 ἐπεὰν
2536 2170 2655 2245 τῇσι
2683 2164 2925 2244 θηλέῃσιν
2953 2168 3006 2223 αἱ
3035 2166 3180 2245 παρὰ
3208 2175 3341 2224 τοῖσι
3369 2190 3491 2246 κρο-

1933 2253 2169 2334 τάφοισιν
2202 2254 2455 2312 ἀναπνοαὶ
2478 2256 2795 2333 ἀνοιχθεῖσαι
2840 2251 3111 2311 ἐκπνέωσι·
3141 2253 3252 2311 κύει
3300 2253 3352 2312 δὲ
3377 2253 3493 2322 τοὺς

1934 2341 2240 2420 ἐλαχίστους
2288 2341 2380 2416 μὲν
2427 2339 2702 2404 ἑκκαίδεκα
2738 2345 2935 2416 μῆνας,
2975 2337 3094 2406 τοὺς
3131 2339 3402 2405 πλείστους
3435 2339 3490 2398 δὲ

1933 2429 2289 2487 ὀκτωκαίδεκα
2308 2448 2321 2462 ·
2346 2427 2504 2487 τίκτει
2526 2428 2578 2486 δὲ
2622 2427 2696 2500 ἓν,
2720 2429 2956 2509 κατάπερ
2983 2426 3165 2494 ἵππος·
3211 2428 3300 2487 καὶ
3345 2433 3494 2487 τοῦτο

1935 2516 2167 2597 ἐκτρέφει
2196 2519 2269 2597 τῷ
2312 2516 2535 2592 γάλακτι
2578 2519 2627 2583 ἐς
2665 2515 2773 2582 ἔτος
2799 2515 2993 2594 ὄγδοον.
3025 2516 3086 2593 (ιι)
3118 2520 3260 2576 Ζῶσι
3299 2514 3352 2574 δὲ
3384 2517 3494 2574 ἐλε-

1935 2605 2137 2685 φάντων
2172 2607 2218 2664 ot
2252 2607 2471 2663 πλεῖστα
2500 2604 2618 2662 ἔτεα
2649 2607 2831 2672 ζῶντες
2859 2607 2908 2670 ἐς
2932 2605 3195 2675 διηκόσια·
3226 2601 3410 2663 πολλοὶ
3441 2601 3494 2662 δὲ

1933 2691 2101 2773 νούσῳ
2114 2690 2710 2772 προτελευτῶσινὟήραῖ
2725 2691 2776 2749 δὲ
2789 2693 2838 2758 ἐς
2858 2692 3004 2750 τόσον
3023 2691 3285 2772 ἔρχονται.
3308 2695 3366 2768 (a)
3385 2689 3493 2752 Καὶ

1936 2777 2072 2837 ἔστιν
2104 2781 2303 2837 αὐτοῖσι
2330 2782 2432 2837 τῶν
2463 2777 2557 2855 μὲν
2585 2780 2864 2858 ὀφθαλμῶν
2894 2777 3027 2854 ἴημα
3056 2779 3116 2836 τὸ
3164 2779 3327 2858 βόειον
3357 2779 3493 2855 γάλα

1937 2866 2268 2947 ἐγχεόμενον,
2293 2865 2420 2947 πρὸς
2458 2867 2511 2924 δὲ
2533 2865 2623 2932 τὰς
2652 2865 2814 2932 ἄλλας
2841 2865 3050 2933 νούσους
3088 2870 3116 2924 ὁ
3160 2866 3323 2943 μέλας
3368 2858 3495 2932 οἶνος

1936 2954 2232 3031 πινόμενος,
2250 2953 2336 3011 ἐπὶ
2366 2952 2419 3011 δὲ
2438 2960 2598 3011 τοῖσιν
2624 2952 2797 3012 ἕλκεσι
2825 2953 2890 3012 τὰ
2915 2952 3026 3011 ὕεια
3059 2951 3185 3033 κρέα
3216 2953 3493 3030 ὀπτώμενα

1935 3042 2024 3103 καὶ
2043 3040 2505 3118 καταπασσόμενα.
2523 3043 2706 3101 Ταῦτα
2727 3042 2850 3121 παρ’
2866 3042 3098 3101 Ἰνδοῖσίν
3115 3044 3248 3099 ἐστιν
3268 3044 3494 3101 αὐτοῖσιν

1937 3129 2346 3267 ἶήμὸζαέαῑίοηο
2378 3230 2487 3284 qua
2519 3211 2726 3265 musica
2754 3209 3079 3282 elephantos
3117 3210 3246 3265 Indi
3276 3210 3497 3265 demul-

1939 3378 2096 3426 lorum
2121 3377 2258 3439 pulsu
2283 3378 2525 3437 cantuque
2551 3388 2632 3425 eos
2649 3375 2918 3424 exhilarant
2934 3389 2990 3424 ac
3016 3375 3307 3425 demulcent.
3330 3377 3395 3437 (4)
3415 3379 3498 3426 lu-

1942 3455 2154 3518 telligens
2184 3454 2338 3514 enim,
2362 3454 2401 3504 si
2423 3467 2536 3517 quae
2568 3454 2661 3502 alia
2682 3454 2806 3515 fera,
2841 3457 2912 3503 est
2942 3454 3151 3516 elephas.
3219 3456 3279 3503 Et
3301 3453 3496 3516 quidem

1939 3534 2157 3583 nonnulli
2180 3538 2387 3583 rectores
2417 3546 2531 3582 suos
2551 3532 2599 3582 in
2623 3532 2750 3581 bello
2769 3545 2918 3581 caesos
2951 3532 3163 3581 sublatos
3193 3532 3256 3580 ad
3278 3532 3495 3595 sepultu-

1949 3624 2051 3659 ram
2075 3610 2353 3660 detulerunt
2376 3629 2388 3659 :
2409 3610 2487 3659 alii
2510 3609 2723 3672 jacentes
2762 3610 3123 3671 propugnarunt
3159 3627 3174 3659 t
3211 3609 3288 3657 alii
3303 3622 3390 3671 pro
3400 3622 3492 3661 ses.

1940 3688 2129 3737 soribus
2145 3687 2287 3749 lapsis
2303 3687 2412 3736 neci
2433 3701 2535 3737 sese
2553 3687 2830 3748 objecerunt
2847 3703 2861 3747 ;
2881 3686 3076 3749 quidam
3097 3700 3247 3749 quum
3274 3700 3356 3749 per
3375 3687 3495 3736 iram

1940 3768 2173 3815 rectorem
2198 3778 2339 3813 suum
2358 3764 2658 3827 occidissent,
2682 3763 2961 3825 paenitentia
2973 3766 3020 3813 et
3039 3777 3245 3814 moerore
3263 3778 3314 3814 se
3344 3765 3498 3814 cont'e-

1941 3846 2126 3895 cerunt.
2167 3844 2233 3906 (5)
2253 3844 2359 3893 Vidi
2383 3857 2470 3907 ego
2487 3843 2743 3905 aliquando
2762 3843 3070 3905 elephantum
3090 3842 3365 3904 cymbalum
3396 3844 3500 3906 pul-

1943 3924 2128 3971 santem
2161 3922 2267 3970 aliis
2307 3921 2616 3980 saltantibus,
2646 3919 2836 3969 duobus
2888 3919 3115 3982 cymbalis
3150 3919 3209 3968 ad
3259 3921 3496 3968 anteriora

1941 4013 2081 4050 crura
2091 3998 2327 4062 appensis,
2350 3998 2623 4061 alioquead
2646 3997 2973 4060 proboscidem
2989 3996 3194 4058 alligato.
3220 3997 3286 4059 (6)
3302 4000 3408 4059 lpse
3433 3998 3498 4045 al-

1942 4079 2167 4129 ternatim
2203 4077 2483 4141 proboscide
2513 4077 2788 4139 c5mbalum
2809 4076 2856 4126 in
2876 4089 3131 4126 numerum
3149 4075 3208 4125 ad
3239 4077 3498 4138 utrumque

1942 4170 2053 4207 crus
2075 4156 2297 4220 pulsabat
2327 4168 2340 4203 ε
2364 4154 2535 4217 reliqui
2559 4156 2606 4203 in
2630 4168 2799 4217 gyrum
2823 4154 3019 4203 choreas
3041 4151 3313 4212 ducebant,
3336 4152 3500 4201 subla·

1940 4236 2003 4285 tis
2022 4235 2249 4296 flexisque
2270 4233 2506 4296 prioribus
2525 4232 2746 4281 cruribus
2768 4232 2973 4279 vicissim
3009 4232 3054 4279 in
3080 4243 3335 4279 numerum
3356 4229 3499 4278 etiam

1943 4311 2291 4375 procedebant,
2317 4314 2462 4372 prout
2477 4310 2535 4371 is,
2561 4310 2644 4372 qui
2664 4309 2939 4372 cymbalum
2959 4308 3209 4371 pulsabat,
3229 4320 3345 4357 sono
3368 4307 3503 4370 praei·

1942 4392 2042 4440 bat.
2069 4391 2137 4451 (7)
2177 4388 2378 4452 Elephas
2401 4401 2626 4437 venerem
2658 4388 2837 4449 appetit
2877 4398 3025 4434 verno
3062 4387 3301 4447 tempore,
3326 4397 3497 4446 quem·

1944 4465 2206 4517 admodum
2225 4466 2314 4515 bos
2331 4465 2415 4515 aut
2442 4478 2583 4527 equa,
2616 4452 2768 4526 quum
2808 4462 2993 4519 seminis
3024 4462 3259 4525 spiracula
3276 4461 3499 4523 quasdam

1943 4547 2070 4596 ciroo
2091 4547 2308 4608 tempora
2337 4544 2561 4606 adaperta
2589 4543 2859 4605 exspirant5
2890 4542 3075 4603 tei-tque
3103 4539 3152 4589 in
3176 4543 3314 4589 utero
3333 4541 3500 4590 t'oetum

1944 4624 2197 4673 minimum
2220 4636 2300 4671 xvi
2320 4635 2506 4672 menses
2528 4658 2540 4682 ‚
2560 4633 2804 4670 summum
2826 4632 2966 4668 xvm.
2986 4619 3116 4668 Parit
3133 4621 3295 4669 autem
3311 4619 3503 4681 elephas

1944 4702 2299 4764 unicum,sicut
2317 4714 2441 4763 equa
2463 4702 2637 4762 :atque
2651 4701 2778 4750 hunc
2796 4700 2919 4748 lacte
2937 4712 3023 4747 suo
3043 4699 3089 4747 in
3103 4701 3330 4749 octavum
3351 4712 3502 4762 usque

1938 4794 2126 4831 annum
2150 4778 2322 4829 nutrit.
2389 4780 2458 4839 (8)
2485 4779 2672 4828 Vivunt
2689 4776 2954 4840 elephanti,
2987 4776 3072 4838 qui
3094 4776 3382 4839 plurimum,
3411 4790 3500 4826 an-

1942 4872 2030 4908 nos
2053 4871 2133 4919 ως
2158 4857 2297 4906 multi
2316 4869 2431 4906 vero
2454 4858 2566 4906 ante
2591 4856 2683 4905 boc
2711 4857 2900 4917 tempus
2929 4853 3099 4903 morbo
3123 4854 3376 4904 intereunt.
3413 4858 3500 4903 Se·

1943 4938 2136 4985 nectute
2159 4947 2274 4983 vero
2305 4933 2365 4982 ad
2388 4934 2510 4982 banc
2546 4934 2737 4983 aetatem
2771 4931 3062 4995 pertingunt.
3132 4932 3198 4994 (9)
3235 4932 3499 4982 Oculorum

1942 5011 2207 5075 aegritudini
2232 5010 2495 5060 remedium
2516 5009 2571 5059 iis
2587 5012 2658 5060 est
2677 5009 2750 5059 lac
2769 5008 3004 5057 bubulum
3025 5008 3238 5058 infusum
3267 5029 3278 5058 :
3308 5011 3500 5071 reliquis

304 5088 470 5149 captos
490 5086 539 5134 in
561 5096 711 5147 pagos
736 5084 940 5145 ducunt,
977 5096 1036 5133 ac
1054 5082 1364 5146 primumeos
1384 5084 1596 5147 gramine
1631 5087 1679 5134 et
1712 5085 1872 5134 viridi·
1940 5092 2120 5141 morbis
2157 5091 2322 5140 viuum
2359 5091 2545 5153 nigrum
2584 5092 2779 5153 epotum
2804 5088 3025 5152 prodest,
3062 5088 3304 5138 ulceribus
3335 5093 3498 5137 autem

292 5168 387 5217 bus
401 5166 575 5216 culmis
591 5166 811 5229 pascunt.
846 5166 912 5227 (3)
934 5164 1007 5215 llli
1028 5176 1145 5214 vero
1160 5177 1260 5227 prae
1288 5178 1493 5216 moerore
1516 5178 1709 5228 prorsus
1726 5167 1851 5215 vesci
1940 5182 2110 5219 earnes
2126 5167 2278 5218 suillae
2299 5169 2440 5217 tostae
2469 5170 2615 5231 atque
2646 5167 2824 5216 intrita!
2855 5165 3152 5216 vulneribus.
3221 5170 3336 5217 llaec
3370 5166 3493 5229 apud

290 5244 482 5295 uolunt.
545 5242 651 5294 Indi
671 5244 834 5292 autem
850 5242 1213 5292 circmnstautoe
1228 5245 1568 5307 tympanorum
1587 5256 1643 5293 ac
1660 5243 1856 5305 cymba·

513 5351 791 5389 νιεοιιεκτε
815 5350 920 5387 ιιιετ
961 5349 1040 5387 σει.
1070 5359 1123 5372 -
1141 5348 1253 5386 τοι..
1286 5350 1323 5387 u

1942 5245 2081 5295 ludos
2104 5244 2282 5294 morbis
2303 5256 2472 5295 eorum
2491 5242 2701 5294 remedia
2719 5243 2848 5292 sunt.
2883 5236 2894 5245 '

3137 5321 3188 5361 ss
