4016 5916
456 405 569 454 280

1626 377 1949 439 AmsTox
1960 374 2090 436 ENl
2131 367 2549 433 TARENTINI

461 510 607 590 ρικὰς
646 509 855 575 τελετὰς
898 487 1185 584 μύηθῆναι·
1219 505 1304 565 ὅτε
1338 507 1406 580 (l.
1438 509 1464 564 6
1494 505 1583 580 δὲ)
1618 504 1917 582 limenio-12<
1946 507 2016 583 τῇ
2106 499 2341 577 κήματος
2362 498 2552 579 χωρὶς,
2582 501 2652 562 ὡς
2690 494 2984 576 Πορφύριος
3012 497 3065 554 ἐν
3087 500 3163 575 τῇ
3185 495 3471 577 Φιλοσόφῳ
3497 494 3678 558 Ἱστο-

463 597 829 675 Πολυκράτους
855 594 1081 677 [μέχρι]
1101 593 1363 675 τυραννίδι
1383 591 1696 671 συνεχρόνει,
1718 591 1782 664 ἣν
1813 590 2016 669 φεύγων
2107 587 2192 670 ρίᾳ
2216 587 2395 669 φησίν.

463 687 534 750 εἰς
562 683 828 759 Αἴγυπτον
860 685 1132 759 μετῆλθεν.
1164 680 1258 746 Δὶς
1285 670 1374 737 οὖν
1403 677 1763 759 ἀφαιρεθείσης
1793 682 1886 748 τῆς
1923 699 2019 735 πε·

467 772 635 851 ριόδου
653 816 668 843 ,
697 769 933 829 τουτέστι
961 772 1035 837 δὶς
1079 772 1181 827 τῶν
1220 765 1329 833 σις’
1357 768 1483 824 ἐτῶν
1500 811 1518 841 ,
1545 766 1705 825 λοιπὰ
1728 765 1924 842 γίνεται
1953 762 2018 821 τὰ

463 863 555 916 τοῦ
583 858 696 935 βίου
714 860 882 928 ,αὐτοῦ
910 856 1023 916 π6’.

2843 673 2936 731 26.

2190 783 2358 856 Diog.
2403 783 2469 837 L.
2519 781 2606 847 11,
2657 798 2733 833 20
2784 797 2798 832 ε
2844 775 2996 845 Φησὶ
3038 775 3083 833 δ’
3128 774 3284 834 αὐτὸν
3329 774 3689 855 Ἀριστόξενος

2112 873 2141 926 6
2163 867 2460 945 Σπινθάρου
2484 863 2577 923 καὶ
2599 861 3058 943 χρηματίσασθαι·
3080 862 3286 921 τιθέντα
3312 868 3432 941 γοῦν
3460 861 3520 920 τὸ
3545 864 3690 940 βαλ-

531 949 679 1004 'AEra
721 947 963 1019 Troiana
981 988 996 1016 2
1024 965 1147 1020 ‘1¹1ae
1169 945 1356 1000 subeSt
1379 944 1466 998 ¹¹3⁵
1494 943 1719 998 (381011Ῑῖ5
1739 985 1754 1011 2
1789 961 1857 997 (²3
1880 951 2018 998 vett·
2112 956 2327 1032 λόμενον
2343 953 2511 1034 κέρμα
2529 953 2797 1032 ἀθροίζειν,
2816 940 2908 1009 εἶτ’
2925 949 3268 1009 ἀναλώσαντα
3288 950 3443 1008 πάλιν
3457 949 3685 1008 τιθέναι-

465 1045 756 1108 systemate
812 1033 1220 1107 chronologico
1270 1030 1528 1086 incidisse
1589 1029 1759 1085 debet
1818 1031 1876 1082 in
1926 1046 2020 1082 an.

476 1121 622 1179 1028
660 1122 774 1194 {·=
808 1120 1000 1187 4><63
1046 1138 1098 1175 a.
1131 1121 1353 1193 Olymp.
1403 1116 1466 1196 1)
1503 1148 1576 1160 ——
1628 1116 1796 1171 1018.
1830 1113 2025 1187 Itaque

464 1215 628 1264 natus
656 1208 1000 1282 Pythagoras
1027 1205 1141 1280 596
1167 1206 1257 1260 vel
1289 1204 1400 1261 586
1435 1215 1564 1260 ante
1595 1204 1793 1260 Christ.
1822 1204 2028 1257 Poste-

466 1297 589 1352 rior
628 1314 805 1351 annus
841 1294 1081 1368 quadrat
1123 1312 1249 1349 cum
1301 1304 1569 1366 computo
1614 1290 2026 1358 Eratosthenis,

448 1385 627 1458 -cujus
651 1385 767 1441 vid.
793 1385 863 1441 fr.
898 1383 931 1437 8
950 1426 967 1459 ,
997 1401 1125 1437 cum
1152 1391 1286 1436 nota
1314 1378 1686 1451 Bernhardyi.

1202 1525 1298 1584 αἱ..

550 1668 831 1722 Marciam.-
845 1665 1069 1737 Capella
1096 1663 1202 1731 IX,
1224 1680 1284 1736 Ρ.
1317 1681 1421 1732 177
1455 1661 1544 1716 ed.
1563 1661 1734 1717 Meib.
1774 1679 1787 1714 z
1814 1659 2029 1731 Pytha-

470 1759 628 1828 gorei
669 1759 839 1809 etiam
880 1754 1183 1807 docuerunt
1207 1747 1491 1820 ferociam
1523 1752 1702 1802 animi
1742 1748 1890 1802 tibiis
1935 1758 2035 1801 aut

468 1841 678 1908 fidibus
696 1842 1018 1904 mollienteS,
1042 1854 1164 1890 cum
1183 1835 1500 1908 corporibus
1517 1834 1809 1888 adhaerere
1827 1851 2030 1888 nexum

465 1926 661 1999 soedus
687 1933 1028 1982 animarum.
1055 1923 1326 1978 Membris
1352 1939 1564 1996 quoque
1603 1922 1833 1975 latentes
1861 1926 2033 1975 inter-

474 2033 656 2070 serere
676 2032 931 2070 numeros
947 2030 1056 2067 non
1074 2014 1392 2083 contempsi.
1415 2010 1532 2064 Hoc
1549 2014 1719 2064 etiam
1742 2011 2030 2063 Aristoxe-

478 2120 582 2155 nus
604 2100 1071 2176 Pythagor-osque
1096 2108 1384 2152 testantur.
1410 2098 1554 2151 Rem
1578 2096 1815 2169 tetigisse
1838 2096 2032 2151 saltem

477 2189 536 2243 in
585 2188 814 2262 Pythag.
854 2187 1071 2260 placitis
1119 2186 1517 2240 Aristoxenum
1560 2191 2030 2249 consentaneum3

478 2275 674 2330 eadem
694 2275 813 2329 aliis
831 2273 969 2328 locis
986 2273 1191 2328 iterum
1220 2281 1277 2326 et
1293 2270 1489 2343 saepius
1508 2269 1847 2340 exposuerit.

558 2361 807 2418 Crameri
849 2359 1070 2417 Anecd.
1115 2359 1349 2415 Parisin.
1394 2358 1454 2426 Ι,
1488 2375 1548 2429 p.
1599 2373 1704 2426 17²
1752 2373 1766 2409 :
1815 2349 1946 2413 ‘'O-:i
1986 2354 2035 2409 οἱ

483 2447 865 2527 Πυθαγορικοὶ,
890 2447 960 2511 ὣς
1005 2442 1103 2524 ἔφη
1139 2440 1511 2522 Ἀριστόξενος,
1538 2439 1788 2519 καθάρσει
1809 2442 2036 2518 ἐχρῶντο

482 2541 573 2593 τοῦ
605 2534 699 2611 μὲν
727 2533 969 2611 σώματος
1001 2533 1087 2590 διὰ
1114 2534 1207 2600 τῆς
1248 2531 1513 2609 ἰατρικῆς,
1541 2531 1634 2598 τῆς
1661 2527 1716 2586 δὲ
1744 2529 1916 2608 ψυχῆς
1950 2525 2036 2585 διὰ

475 2625 570 2693 τῆς
621 2625 890 2698 μουσικῆς.
949 2620 965 2696 (
988 2624 1059 2677 In
1104 2620 1301 2675 iisdem
1347 2618 1682 2688 Anecdotis‚
1714 2620 1741 2673 1
1759 2658 1775 2687 ,
1833 2636 1894 2692 p.
1962 2616 2035 2672 56

661 2721 853 2765 entum
899 2718 980 2763 est
1008 2707 1080 2763 de
1117 2704 1518 2779 septemdecim
1561 2704 1746 2761 modis
1784 2706 2036 2779 musicis,

481 2816 627 2871 quos
654 2799 1021 2853 Aristoxenus
1069 2792 1436 2870 distinxerit.)
1483 2821 1562 2835 —
1599 2793 1684 2847 De
1726 2794 1995 2867 Hippone
2018 2833 2034 2861 ‚

482 2902 651 2957 quem
674 2883 1038 2958 Pythagoreis
1065 2897 1434 2935 annumerare
1460 2879 1592 2933 licet
1609 2920 1625 2948 ,
1654 2878 1770 2935 vid.
1793 2880 1869 2937 fr.
1898 2878 1991 2934 38.

904 3009 1080 3068 ΒΙΟΣ
1123 3007 1608 3067 ΣΩΚΡΑΤΟΥΣ.

1213 3154 1308 3211 25.

542 3293 807 3375 'gDiogem
839 3292 1027 3347 Laert.
1065 3291 1146 3357 Π,
1182 3310 1252 3364 ¹9
1280 3310 1294 3345 ι
1333 3286 1580 3355 Ἀκούσας
1611 3287 1665 3347 δὲ
1693 3288 2038 3369 (Σωκράτης)

486 3376 862 3456 Ἀναξαγόρου,
895 3378 1030 3435 κατὰ
1059 3375 1231 3448 τινὰς,
1259 3375 1392 3452 μετὰ
1419 3375 1512 3446 τὴν
1535 3375 1728 3434 ἐκείνου
1751 3376 2038 3448 καταδίκην

483 3465 754 3537 διήκουσεν
783 3464 1063 3544 Ἀρχελάου
1095 3470 1184 3523 τοῦ
1213 3468 1457 3546 φυσικοῦ·
1490 3456 1549 3525 οὗ
1582 3465 1671 3524 καὶ
1697 3464 1915 3523 παιδικὰ
1948 3487 2038 3542 γε·-

484 3550 661 3611 νέσθαι
685 3551 840 3633 φησὶν
871 3551 1230 3632 Ἀριστόξενος.

526 3650 539 3668 ”
566 3643 765 3699 Suidas
790 3662 848 3697 v.
884 3639 1172 3720 Σωκράτης
1221 3663 1234 3698 z
1286 3638 1627 3721 Ἀριστόξενος
1671 3640 1715 3699 δ’
1759 3638 2039 3721 Ἀρχελάου

487 3729 693 3806 πρῶτον
724 3724 878 3784 αὐτὸν
908 3728 1181 3786 διακοῦσαι
1203 3726 1370 3805 λέγει·
1396 3726 1659 3806 γεγονέναι
1683 3727 1728 3785 δ’
1760 3731 1919 3786 αὐτοῦ
1948 3728 2039 3787 καὶ

487 3804 706 3872 παιδικά
721 3834 737 3850 ·
761 3812 1106 3894 σφοδρότατόν
1131 3836 1185 3873 τε
1211 3813 1332 3897 περὶ
1359 3813 1427 3872 τὰ
1454 3814 1757 3897 ἀφροδίσια,
1779 3815 1893 3874 ἀλλ’
1918 3817 2038 3874 ἀδι-

492 3956 563 4041 bis
588 3992 789 4028 numero
813 3980 1129 4030 ducentorum
1153 3983 1203 4031 et
1233 3981 1441 4031 sedecim
1467 3995 1703 4032 annorum
1722 4019 1737 4044 ,
1764 3983 1948 4047 reliqua
1970 3985 2045 4033 est

490 4072 678 4109 summa
701 4072 940 4108 annorum
960 4060 1073 4109 vitae
1086 4060 1217 4110 iilius
1241 4060 1333 4110 viri
1359 4060 1569 4111 diuorum
1592 4075 1739 4125 supra
1762 4064 2034 4126 octogenos

968 4166 1149 4226 VITA
1192 4167 1582 4229 socRATIS.

1213 4266 1281 4316 25
1292 4303 1304 4314 .

556 4346 869 4395 Iristoxenns
891 4345 1007 4395 dicit
1037 4349 1282 4398 Socratem
1316 4347 1523 4409 primum
1557 4347 1762 4398 audiisse
1788 4350 2053 4400 Achelaum

495 4423 681 4486 ipsique
705 4423 753 4471 in
779 4422 963 4473 deliciis
996 4422 1140 4474 fuisse
1164 4426 1248 4473 :et
1278 4424 1471 4474 libidine
1503 4437 1706 4475 venerea
1730 4426 1939 4477 maxime
1971 4427 2055 4477 ila·

495 4513 685 4563 grasse,
736 4499 820 4549 sed
862 4499 965 4551 sine
994 4499 1197 4563 injuria,
1231 4502 1288 4552 nt
1331 4501 1398 4551 ait
1435 4502 1732 4565 Porphyrius
1754 4503 1804 4552 in
1842 4503 2050 4555 Historia

496 4576 838 4641 philosophica.
1276 4638 1281 4643 ,

563 4723 873 4773 Aristoxenus
908 4724 1153 4787 Spintheri
1189 4726 1316 4777 iilius
1351 4729 1598 4778 Socratem
1628 4727 1747 4779 dicit
1774 4729 1921 4779 etiam
1952 4743 2056 4779 rem

499 4798 819 4861 pecuniariam
836 4800 1001 4851 recisse
1020 4821 1033 4851 ι
1054 4802 1208 4865 posita
1225 4803 1354 4854 enim
1373 4804 1541 4854 soenori
1560 4805 1761 4867 pecunia
1776 4806 2056 4857 nummulos

501 4876 742 4938 collegisse
764 4896 776 4926 :
803 4891 916 4927 mox
940 4878 1015 4929 liis
1030 4882 1294 4933 consumtis
1314 4883 1371 4945 (Ρ)
1392 4882 1570 4933 iterum
1584 4890 1760 4935 sortem
1792 4884 2023 4947 posuisse.

563 5039 630 5088 Ut
650 5038 975 5101 Aristoxenus,
986 5042 1069 5104 qui
1083 5056 1237 5105 quum
1251 5046 1494 5095 Socratem
1511 5045 1819 5107 ineruditum,
1831 5047 2055 5108 inscium,

500 5116 809 5169 libidinosum
827 5116 1048 5168 dixissset
1064 5154 1079 5181 ,
1099 5119 1260 5183 addit,
1276 5120 1514 5184 injustitia
1532 5126 1696 5173 tamen
1717 5123 1899 5174 aberat.

1976 5179 2034 5189 --

2833 1078 2929 1129 27·

2193 1167 2473 1224 Plutarch.
2504 1169 2589 1222 De
2628 1166 2858 1240 malign.
2891 1166 3028 1220 Her.
3059 1181 3121 1236 p.
3149 1161 3263 1218 856
3286 1204 3303 1231 ‚
3327 1162 3370 1217 C
3403 1177 3418 1218 :
3462 1156 3563 1224 Ὡς
3589 1159 3690 1215 ἐπὶ

2119 1252 2428 1332 Σωκράτους
2461 1250 2829 1329 Ἀριστόξενος,
2859 1249 3170 1310 ἀπαίδευτον
3212 1247 3300 1305 καὶ
3342 1248 3523 1322 ἀμαθῆ
3580 1249 3682 1304 καὶ

2119 1340 2409 1399 ἀκόλαστον
2433 1339 2592 1396 εἰπὼν
2612 1383 2630 1412 ,
2663 1336 2973 1414 ἐπήνεγκεν,
3003 1335 3179 1394 ἀδικία
3206 1335 3249 1392 δ’
3285 1336 3342 1392 οὗ
3366 1338 3592 1415 προσῆν.

2196 1428 2485 1485 Theodor.
2514 1426 2721 1505 Θεραπ.
2740 1428 2877 1497 xn,
2901 1440 2960 1500 p.
2985 1425 3097 1495 673
3115 1465 3131 1494 ,
3155 1428 3205 1481 A
3231 1443 3246 1480 z
3274 1420 3383 1481 Καὶ
3403 1425 3431 1479 6
3462 1419 3692 1501 Πορφύ-

2121 1538 2226 1596 ριος
2263 1513 2318 1572 δὲ
2343 1513 2437 1584 τὴν
2467 1513 2766 1593 Φιλόσοφον
2805 1509 3063 1591 Ἱστορίαν
3093 1508 3425 1589 συγγράψας,
3469 1513 3685 1588 πρῶτον

2120 1602 2214 1677 μὲν
2242 1599 2396 1658 αὐτὸν
2417 1598 2703 1679 ἀκρόχολον
2723 1597 2814 1657 καὶ
2838 1596 3114 1678 εὖόργητον
3134 1595 3310 1676 εἴρηκε
3335 1600 3648 1675 γεγενῆσθαι
3665 1640 3684 1666 ,

2119 1687 2451 1769 Ἀριστοξένῳ
2479 1688 2703 1769 μάρτυρι
2727 1685 3076 1767 κεχρημένος,
3107 1684 3192 1743 τὸν
3219 1683 3532 1764 Σωκράτους
3564 1683 3686 1762 βίον

2120 1776 2514 1857 Ευγγεγραφότι.

2200 1867 2459 1939 Synesius
2481 1867 2715 1921 Encom.
2738 1863 2935 1920 Calvit.
2957 1880 3019 1936 p.
3037 1860 3104 1916 81
3134 1881 3147 1916 ε
3173 1858 3328 1920 Ἐπεί
3349 1881 3428 1918 τοι
3446 1856 3534 1917 καὶ
3551 1860 3688 1918 Σω·

2121 1947 2314 2030 κράτην
2345 1948 2478 2007 αὐτὰ
2505 1946 2670 2006 ταῦτά
2700 1970 2856 2028 φησιν
2885 1944 3256 2027 Ἀριστόξενος,
3294 1949 3364 2013 ὡς
3391 1943 3537 2026 φύσει
3579 1944 3682 2021 γέ-

2119 2060 2235 2115 γονε
2264 2035 2458 2115 τραχὺς
2482 2038 2551 2102 εἷς
2575 2035 2764 2115 ὀργὴν,
2793 2033 2884 2092 καὶ
2907 2032 3062 2092 ὁπότε
3090 2034 3372 2112 κρατηθείη
3394 2037 3464 2114 τῷ
3487 2031 3645 2090 πάθει
3664 2078 3686 2104 ,

2123 2122 2208 2183 διὰ
2239 2123 2409 2194 πάσης
2434 2121 2804 2202 ἀσχημοσύνης
2836 2119 3082 2188 ἐὸάδιζεν.

2855 2226 2948 2283 28.

2202 2335 2440 2410 Cyrillus
2457 2334 2518 2392 C.
2551 2333 2666 2389 Jul.
2700 2333 2802 2389 lib.
2839 2332 2939 2402 VI,
2965 2350 3026 2406 p.
3062 2331 3199 2401 208,
3223 2349 3291 2387 ex
3311 2333 3630 2405 Porphyrio
3662 2347 3684 2387 t

2124 2419 2267 2501 Φέρε
2307 2419 2410 2500 γὰρ
2437 2420 2629 2495 ἴδωμεν
2665 2417 2754 2475 καὶ
2790 2415 2892 2496 πρό
2938 2439 2998 2495 γε
3046 2420 3149 2476 τῶν
3188 2417 3360 2474 ἄλλων
3401 2416 3571 2482 ὁποῖος
3618 2406 3690 2488 ἦν

2124 2512 2151 2565 6
2170 2507 2443 2578 διαὸόητος
2463 2505 2585 2585 παρ’
2610 2507 2783 2570 αὐτοῖς
2809 2503 3093 2585 Σωκράτης
3109 2528 3122 2540 ·
3145 2504 3234 2563 καὶ
3261 2502 3563 2574 ἀπιστήσειε
3588 2501 3692 2579 μὲν

2124 2594 2247 2661 ἴσως
2274 2595 2593 2652 ἆπαστισοῦν
2630 2597 2736 2658 τοῖς
2764 2591 2884 2672 περὶ
2921 2591 3104 2650 τούτου
3138 2592 3307 2668 λόγοις
3324 2615 3337 2629 ·
3375 2593 3433 2650 οὗ
3467 2589 3572 2668 μὴν
3605 2590 3688 2648 ἔτι

2126 2681 2216 2741 καὶ
2238 2689 2344 2747 τοῖς
2373 2678 2673 2760 Πορφυρίου
2691 2679 2997 2759 γράμμασιν
3022 2681 3254 2758 ἀντερεῖ,
3276 2676 3330 2744 ὃς
3352 2679 3436 2737 τὸν
3459 2675 3694 2735 ἑκάστου

2125 2773 2228 2829 τῶν
2253 2765 2607 2848 ἀρχαιοτέρων
2628 2765 3009 2842 ἀπεοημήνατο
3033 2766 3142 2846 βίον
3158 2789 3173 2803 ·
3198 2764 3389 2831 σκοπὸς
3417 2763 3513 2843 γὰρ
3533 2755 3688 2830 οὗτος

2124 2856 2329 2935 γέγονεν
2359 2856 2528 2935 αὐτῷ,
2557 2854 2648 2913 καὶ
2676 2856 2874 2924 πολλῆς
2895 2853 3086 2924 ἠξίωσε
3115 2852 3177 2912 τὸ
3215 2857 3399 2933 χρῆμα
3424 2851 3684 2922 σπουδῆς.

2099 2941 2273 3024 ’Ἔφη
2312 2940 2480 3001 τὀίνυν
2507 2940 2603 3001 ὡδὶ
2630 2941 2749 3022 περὶ
2778 2944 2959 3003 αὐτοῦ.
2994 2939 3150 3020 Λέγει
3180 2939 3232 2999 δὲ
3273 2943 3300 2998 6
3342 2934 3690 3013 Ἀριστόξενος

2129 3030 2484 3112 ἀφηγούμενος
2545 3027 2633 3087 τὸν
2695 3028 2807 3108 βίον
2852 3034 2942 3087 τοῦ
3001 3032 3124 3089 Σωκ
3174 3027 3339 3101 ’τους,
3397 3025 3689 3096 ἀκηκοέναι

2128 3118 2423 3198 Σπινθάρου
2457 3116 2522 3175 τὰ
2551 3117 2671 3193 περὶ
2694 3119 2879 3188 αὐτοῦ,
2912 3115 2966 3183 ὃς
2993 3110 3058 3191 ἦν
3101 3140 3126 3175 ε
3149 3142 3172 3184 ς
3205 3118 3307 3174 τῶν
3337 3115 3501 3194 τούτῳ
3531 3117 3690 3173 ἐντυ-

2127 3206 2349 3287 χόντων·
2374 3209 2550 3264 τοῦτον
2574 3204 2744 3283 λέγειν
2763 3249 2780 3281 ,
2818 3204 2899 3262 ὅτι
2933 3206 2993 3263 οὗ
3030 3205 3238 3271 πολλοῖς
3261 3203 3416 3271 αὐτός
3442 3224 3502 3281 γε
3527 3206 3691 3260 πιθα-

2128 3291 2363 3372 νωτέροις
2387 3290 2737 3370 ἐντετυχηκὼς
2759 3289 2838 3364 εἴη
2857 3314 2871 3329 ·
2893 3292 3139 3363 τοιαύτην
3164 3281 3296 3349 εἶναι
3314 3290 3408 3362 τήν
3435 3312 3490 3347 τε
3509 3288 3686 3370 φωνὴν

2130 3380 2220 3440 καὶ
2261 3379 2320 3438 τὸ
2356 3378 2526 3455 στόμα
2579 3377 2670 3437 καὶ
2703 3377 2764 3437 τὸ
2804 3378 3199 3459 ἐπιφαινόμενον
3229 3370 3377 3451 ἦθος,
3416 3377 3506 3436 καὶ
3553 3375 3686 3457 πρὸς

2127 3477 2259 3526 πᾶσι
2280 3466 2334 3525 δὲ
2361 3467 2465 3534 τοῖς
2488 3464 2771 3546 εἰρημένοις
2798 3464 2891 3537 τὴν
2921 3472 3009 3525 τοῦ
3050 3465 3213 3534 εἴδους
3250 3465 3513 3537 ἰδιότητα·
3550 3466 3690 3542 γίνε-

2130 3560 2248 3615 σθαι
2283 3552 2341 3613 δέ
2369 3578 2467 3614 που
2499 3558 2678 3625 τοῦτο,
2703 3551 2788 3611 ὅτε
2814 3552 2888 3632 μὴ
2910 3554 3162 3634 ὀργίζοιτο
3183 3600 3199 3629 ,
3224 3553 3310 3612 ὅτε
3342 3553 3396 3611 δὲ
3435 3551 3686 3633 φλεχθείη

2130 3641 2232 3700 ὑπὸ
2252 3648 2344 3702 τοῦ
2365 3642 2560 3708 πάθους
2582 3640 2794 3713 τούτου,
2816 3642 2984 3713 δεινὴν
3010 3632 3140 3699 εἶναι
3164 3641 3256 3712 τὴν
3283 3640 3656 3719 ἀσχημοσύνην
3671 3664 3685 3677 ·

2131 3727 2331 3795 οὐδενὸς
2365 3726 2467 3808 γὰρ
2525 3726 2643 3787 οὔτε
2684 3728 2935 3806 ὀνόματος
2987 3727 3346 3808 ἀποσχέσθαι,
3387 3726 3504 3786 οὔτε
3549 3727 3688 3804 πρά-

2128 3838 2343 3893 γματος.

2200 3983 2471 4033 Praesertim
2493 3996 2647 4047 quum
2680 3982 2848 4033 eadem
2872 3982 2933 4033 de
2951 3985 3148 4034 Socrate
3160 3982 3336 4033 dixerit
3355 3983 3692 4042 Aristoxenus,

2139 4062 2312 4109 natura
2335 4060 2471 4109 illum
2494 4059 2556 4109 ad
2587 4059 2884 4110 iracundiam
2904 4060 3048 4110 fuisse
3070 4060 3325 4110 incitatiori
3343 4098 3358 4123 ,
3379 4073 3492 4123 quae
3517 4059 3692 4108 simul·
3799 4068 3816 4081 ·

2144 4140 2292 4200 atque
2315 4150 2428 4187 eum
2451 4137 2729 4200 invasisset,
2752 4136 2974 4188 indecore
2994 4151 3187 4201 prorsus
3207 4152 3309 4190 sese
3324 4140 3537 4201 gessisse.

2869 4252 2956 4303 28.

2202 4358 2462 4409 Videamus
2487 4373 2600 4422 ergo
2628 4359 2785 4421 qualis
2810 4373 2911 4423 prse
2943 4361 3113 4411 ceteris
3148 4360 3335 4410 celeber
3357 4361 3440 4411 ille
3464 4363 3694 4411 socrates

2139 4436 2301 4485 merit.
2336 4438 2436 4487 Nec
2471 4437 2594 4486 forte
2623 4437 2826 4487 temere·
2843 4437 2953 4500 quis
2984 4437 3126 4487 iidem
3161 4437 3389 4488 omnibus
3422 4437 3668 4488 adhibebit
3681 4476 3695 4497 ,

2141 4525 2251 4575 quae
2267 4513 2328 4563 de
2342 4512 2424 4564 illo
2441 4516 2715 4565 narrantur.
2739 4514 2986 4577 Porphyrii
2996 4516 3156 4565 tamen
3173 4514 3361 4577 scriptis
3370 4514 3700 4565 contradicere

2140 4603 2238 4640 non
2258 4592 2509 4654 poterunt,
2530 4591 2613 4654 qui
2635 4590 2697 4640 de
2709 4590 3016 4654 antiquorum
3036 4590 3145 4642 vltis
3157 4590 3430 4654 singillatim
3448 4592 3705 4654 exponunt,

2140 4669 2288 4730 atque
2317 4679 2428 4716 eum
2464 4667 2513 4717 in
2544 4668 2690 4717 tinem
2733 4667 2881 4717 studii
2927 4667 3340 4732 quamplurimum
3373 4667 3621 4730 impendit.
3645 4673 3696 4720 Is

2141 4742 2286 4804 igitur
2307 4743 2412 4793 haec
2431 4743 2492 4795 de
2515 4757 2573 4794 eo
2595 4745 2757 4795 refert.
2787 4744 3124 4806 Aristoxenus,
3155 4743 3273 4794 dum
3305 4744 3516 4795 Socratis
3543 4745 3700 4795 vitam

2143 4821 2305 4869 narrat
2321 4856 2336 4881 ,
2356 4819 2424 4870 ait
2447 4834 2551 4871 sese
2573 4821 2881 4884 spintharum
2903 4821 3110 4872 Socratis
3145 4821 3429 4872 familiarem
3459 4820 3703 4871 audivis3e

2143 4894 2462 4947 affirmantem
2474 4933 2489 4960 ‚
2509 4897 2641 4960 quod
2659 4898 2709 4947 in
2721 4897 2910 4948 nullum
2924 4911 3138 4962 unquam
3156 4897 3428 4960 incidisset,
3447 4897 3526 4948 cui
3545 4897 3702 4962 major

2146 4971 2288 5022 suerit
2310 4973 2385 5023 vis
2404 4973 2746 5037 persuadendi,
2766 4977 2816 5025 et
2832 4974 2892 5025 ad
2913 4974 3006 5025 boc
3029 4987 3197 5024 vocem
3220 4977 3271 5025 et
3295 4974 3487 5025 vultum
3515 4988 3702 5025 mores·

2145 5061 2239 5111 que
2262 5049 2366 5112 ejus
2383 5050 2527 5101 fnisse
2549 5051 2839 5114 compositos
2853 5088 2868 5113 ‚
2887 5054 2935 5102 et
2952 5053 3112 5114 gestus
3127 5051 3327 5115 singulis
3345 5052 3487 5103 dictis
3504 5065 3704 5104 accom-

2145 5125 2379 5177 modatos.
2398 5129 2554 5192 Atque
2565 5129 2710 5178 talem
2725 5142 2837 5180 eum
2858 5128 3000 5179 fuisse
3015 5130 3085 5178 ait
3100 5141 3251 5192 quum
3267 5142 3363 5179 non
3387 5131 3674 5181 irasceretur
3687 5148 3712 5191 ;
