4016 5916
1075 410 1832 539 DEMETRI
1851 404 2047 539 US
2133 403 3117 544 PHALEREUS

599 949 683 1002 De
720 946 834 999 vita
876 963 941 999 ac
980 946 1197 1017 scriptis
1222 944 1493 999 Demetrii
1520 943 1768 997 Phalerei
1799 942 2076 999 disserue-

2171 943 2303 1022 Περὶ
2329 946 2432 1002 τῶν
2463 943 2701 1016 Ἀθήνησι
2727 948 2951 1006 πολιτῶν
2980 948 3124 1025 βιὸλ.
3153 948 3222 1026 β’.
3249 953 3383 1024 Quae
3409 954 3566 1025 quasi
3605 974 3740 1010 me-

522 1034 1130 1107 runtpraeterVossium
1154 1033 1471 1104 Bonamyus
1490 1032 1546 1084 in
1567 1031 1743 1084 Mem.
1759 1031 1831 1085 de
1854 1031 2078 1086 l'Acad.
2170 1032 2326 1088 dium
2355 1036 2542 1090 locum
2570 1036 2873 1094 obtinuisse
2894 1036 3159 1094 videntur
3191 1039 3340 1095 inter
3371 1059 3545 1114 opera
3570 1059 3739 1097 mere

518 1124 578 1175 d.
600 1127 764 1177 inser.
792 1131 927 1175 tom.
952 1119 1110 1191 vlu,
1135 1138 1188 1192 p.
1226 1139 1244 1172 1
1261 1118 1331 1188 57
1358 1137 1506 1191 sqq.;
1533 1120 1599 1173 H.
1629 1118 1840 1175 Dohrn.
1860 1119 1945 1171 De
1968 1123 2079 1172 vita
2169 1121 2433 1178 historica
2461 1134 2627 1196 atque
2655 1125 2960 1181 theoretica
2998 1126 3121 1194 illa,
3153 1146 3276 1200 quae
3316 1127 3388 1183 ad
3436 1128 3739 1201 politicam

516 1221 578 1263 et
603 1209 762 1264 rebus
794 1210 1058 1262 Demetrii
1079 1206 1270 1274 Pleal„
1299 1207 1464 1260 Kiliae
1485 1204 1745 1275 1825311.
1774 1206 1871 1260 W.
1897 1205 2082 1261 Grau-

518 1308 624 1354 rrt.
661 1299 860 1351 He‘stor.
898 1313 954 1348 u.
981 1293 1184 1369 philol.
1228 1296 1400 1349 Anat.
1439 1306 1576 1347 tom.
1604 1294 1662 1360 Ι,
1694 1309 1755 1364 p.
1791 1292 1929 1364 215,
1968 1291 2082 1348 310

520 1403 646 1456 sqq.
670 1383 753 1438 Cs.
777 1383 1023 1438 Clinton.
1045 1383 1108 1437 F.
1139 1382 1202 1436 ll.
1226 1382 1328 1447 111,
1345 1399 1406 1453 p.
1434 1379 1546 1450 478
1561 1399 1644 1452 sq.
1668 1383 1785 1434 Hos
1803 1389 1866 1433 tu
1885 1380 2077 1448 adeas3

522 1490 642 1524 non
675 1481 754 1525 est
780 1470 928 1524 enim
958 1485 1059 1522 cur
1089 1467 1201 1521 hoc
1235 1468 1364 1521 loco
1386 1467 1645 1539 pluribus
1668 1467 1738 1520 de
1767 1467 1864 1520 illo
1893 1468 2082 1521 Theo-

526 1559 731 1630 phrasti
754 1556 1030 1627 discipulo
1060 1571 1283 1628 agamus
1300 1595 1316 1626 ,
1333 1571 1507 1626 quum
1524 1553 1787 1608 historica
1811 1554 2081 1608 Demetrii

526 1647 834 1718 fragmenta
888 1642 1217 1715 paucissima
1263 1642 1571 1714 supersint,
1630 1640 1847 1713 reliqua
1896 1650 2082 1695 autem

523 1750 729 1805 opera,
774 1747 1018 1803 quorum
1063 1730 1469 1803 quinquaginta
1509 1729 1625 1783 sere
1659 1746 1899 1782 numero
1936 1730 2081 1783 Dio-

523 1837 692 1894 genes
716 1827 992 1887 recenset,
1011 1816 1127 1888 jam
1154 1818 1292 1870 nihil
1318 1817 1389 1870 ad
1419 1834 1522 1871 nos
1539 1817 1877 1890 pertineant.

603 1908 1039 1982 DiogenesL.V,
1060 1904 1153 1972 80,
1177 1904 1248 1959 de
1264 1906 1483 1978 scriptis
1498 1904 1767 1959 Demetrii
1789 1904 2040 1959 Phalerei
2062 1922 2076 1959 ε

525 1989 725 2061 Πλήθει
754 1989 807 2048 δὲ
836 1988 1050 2069 βιὸλίων
1074 1989 1168 2047 καὶ
1188 1991 1392 2067 ἀριθμῷ
1415 1990 1608 2073 στίχων
1635 1989 2078 2067 σχεδὸνάπαντας

524 2076 861 2156 παρελήλακε
889 2075 1005 2143 τοὺς
1047 2079 1165 2134 κατ’
1190 2075 1344 2134 αὗτὸν
1378 2074 1862 2155 Περιπατητικοὺς,
1892 2075 2082 2132 εὐπαί-

522 2168 695 2232 δευτος
715 2165 786 2222 ὧν
807 2163 898 2223 καὶ
921 2163 1230 2243 πολύπειρος
1249 2163 1374 2241 παρ’
1395 2166 1641 2223 ὁντινοῦν.
1658 2152 1768 2222 ῒΩν
1783 2160 1892 2220 ἔστι
1906 2161 1973 2220 τὰ
1987 2160 2082 2238 μὲν

524 2250 854 2331 ἱστορικὰ,
884 2249 950 2310 τὰ
979 2250 1033 2309 δὲ
1062 2249 1342 2326 πολιτικὰ,
1383 2249 1450 2308 τὰ
1488 2248 1542 2308 δὲ
1583 2249 1704 2329 περὶ
1729 2254 1982 2326 ποιητῶν,
2017 2249 2084 2306 τὰ

522 2339 578 2397 δὲ
610 2339 891 2420 ῥητορικὰ,
914 2341 1245 2419 δημηγοριῶν
1278 2362 1329 2397 τε
1355 2339 1444 2396 καὶ
1463 2337 1751 2419 πρεσὸειῶν
1771 2381 1787 2409 ,
1820 2338 1953 2396 ἀλλὰ
1978 2337 2083 2412 μὴν

525 2430 613 2484 καὶ
644 2425 811 2505 λόγων
843 2427 1154 2488 Αἰσωπείων
1186 2425 1485 2502 συναγωγαὶ
1506 2423 1595 2482 καὶ
1615 2423 1751 2483 ἄλλα
1773 2423 1955 2483 πλείω.
1979 2429 2086 2483 Se·-

522 2519 720 2589 quitur
748 2517 954 2573 deinde
979 2516 1319 2591 scriptorum
1363 2516 1741 2584 enumeratio,
1778 2533 1847 2572 ex
1879 2515 2085 2590 quibus

525 2604 599 2659 ad
622 2601 857 2679 ίστορικὰ
877 2606 1124 2678 pertinet
1151 2604 1168 2662 Ξ
1793 2651 1825 2680 .‚

605 2689 772 2769 ssepi
813 2696 926 2761 τῆς
971 2687 1366 2755 δεκαετείας
1401 2688 1568 2766 βι6λ.
1608 2685 1679 2763 α’,
1712 2691 1826 2746 sive
1864 2693 1950 2747 De
1977 2690 2085 2746 de-

522 2780 725 2832 cennio
752 2778 878 2847 illo,
904 2796 1009 2851 per
1033 2777 1191 2851 quod
1214 2797 1386 2852 penes
1406 2779 1754 2833 Demetrium
1779 2789 1897 2833 erat
1916 2778 2085 2833 Athe·

526 2885 726 2920 narum
772 2865 1205 2920 administratiO.
1240 2864 1408 2935 Cujus
1448 2865 1577 2919 libri
1613 2867 1867 2919 meminit
1917 2866 2084 2921 etiam

522 2952 725 3008 Strabo
774 2952 879 3022 IX,
921 2972 977 3027 p.
1022 2951 1135 3026 398
1166 2972 1178 3006 z
1212 2947 1385 3009 Ἔνιοι
1425 2946 1482 3008 δέ
1518 2972 1671 3030 φασι,
1707 2948 1796 3009 καὶ
1842 2950 2086 3030 βέλτιστα

525 3037 641 3095 τότε
683 3035 866 3103 αὐτοὺς
906 3037 1307 3096 πολιτεύσασθαι
1348 3037 1565 3108 δεκαετῆ
1615 3035 1822 3116 χρόνον,
1859 3036 1914 3097 ὃν
1951 3030 2086 3120 ἦρχε

529 3124 843 3185 Μακεδόνων
875 3122 1228 3204 Κάσσανδρος.
1269 3116 1435 3192 Οἷτος
1461 3124 1562 3205 γὰρ
1592 3129 1619 3182 ὁ
1655 3124 1785 3206 ἀνὴρ
1822 3125 1948 3205 πρὸς
1989 3128 2085 3204 μὲν

525 3213 593 3269 τὰ
632 3213 766 3270 ἄλλα
810 3213 949 3272 δοκεῖ
990 3211 1423 3293 τυραννικώτερος
1459 3212 1720 3291 γενέσθαι,
1762 3213 1890 3291 πρὸς
1937 3213 2084 3287 Ἀθη-

526 3300 696 3366 ναίους
723 3299 778 3358 δὲ
801 3300 1169 3378 ηὖγνωμόνησε
1195 3299 1372 3359 λα6ὼν
1397 3299 1621 3371 ὑπήκοον
1646 3299 1741 3369 τὴν
1771 3300 1941 3358 πόλιν·
1966 3300 2082 3362 ἐπέ-

527 3410 685 3458 στησε
712 3387 813 3469 γὰρ
837 3392 938 3446 τῶν
965 3390 1190 3446 πολιτῶν
1220 3386 1519 3468 Δημήτριον
1549 3388 1635 3447 τὸν
1670 3387 1927 3468 Φαληρέα
1945 3432 1961 3459 ,
1997 3389 2085 3448 τὸν

523 3476 866 3556 Θεοφράστου
907 3481 998 3534 τοῦ
1040 3476 1316 3556 φιλοσόφου
1349 3475 1625 3554 γνώριμον,
1661 3474 1714 3542 ὃς
1742 3477 1799 3534 οὗ
1832 3476 1988 3553 μόνον
2026 3480 2083 3536 οὐ

524 3564 780 3622 κατέλυσε
825 3563 919 3635 τὴν
971 3564 1345 3644 δημοκρατίαν,
1396 3563 1531 3623 ἀλλὰ
1575 3564 1665 3622 καὶ
1716 3561 2080 3645 ἐπηνώρθωσε.

526 3652 695 3723 Δηλοῖ
721 3652 775 3709 δὲ
798 3651 865 3709 τὰ
891 3651 1269 3729 ὑπομνήματα,
1291 3652 1323 3710 ἃ
1347 3650 1634 3731 συνέγραψε
1666 3650 1787 3731 περὶ
1813 3656 1905 3721 τῆς
1934 3655 2083 3711 πολι-

526 3740 667 3805 τείας
694 3738 888 3810 ταύτης
910 3741 1116 3805 ἐκεῖνος.

604 3831 859 3885 Alterum
888 3848 1054 3903 opus,
1081 3829 1236 3904 quod
1265 3832 1323 3885 in
1350 3831 1615 3905 Catalogo
1644 3832 1950 3906 DiogeneS,
1978 3832 2087 3885 sic-

527 3919 606 3972 uti
636 3918 742 3973 alia
761 3919 1069 3992 complura,
1090 3920 1302 3988 omisit,
1322 3937 1655 3992 quamquam
1680 3919 1796 3991 ipse
1817 3919 1875 3973 id
1894 3918 2087 3973 laudat

527 4006 621 4060 lib.
647 4008 704 4073 Ι,
743 4024 815 4060 22
850 4015 906 4061 et
939 4007 1026 4076 11,
1067 4024 1097 4076 7
1119 4047 1133 4072 ‚
1180 4009 1451 4061 Recensus
1476 4005 1799 4060 archontum
1828 4016 1946 4061 erat
1971 4007 2085 4060 sive

526 4089 812 4170 Ἀρχόντων
832 4091 1128 4171 ἀναγραφή.
1154 4095 1276 4150 Alia
1300 4112 1421 4166 quae
1439 4094 1767 4149 historicum
1788 4111 2084 4169 argumen-

526 4193 643 4235 tum
663 4199 781 4255 prae
804 4198 863 4237 se
886 4180 1092 4251 ferunt,
1110 4183 1391 4255 Diogenes
1410 4181 1602 4236 laudat
1625 4182 1744 4237 haec
1774 4200 1785 4237 :
1822 4177 1954 4257 Περὶ
1976 4182 2080 4237 τῶν

528 4265 737 4339 Ἰώνων,
768 4264 1048 4337 Ἀθηναίων
1088 4266 1418 4346 καταδρομή.
1449 4271 1705 4341 Quorum
1731 4278 1915 4324 tamen
1942 4269 2082 4324 nihil

521 4366 790 4429 superest.
826 4354 1047 4410 Deinde
1074 4374 1211 4411 vero
1252 4357 1527 4412 historicis
1552 4357 1770 4429 scriptis
1804 4357 2079 4411 accenseri

525 4452 758 4514 possunt
784 4461 799 4497 t
834 4436 923 4498 Τὰ
957 4437 1078 4517 περὶ
1106 4443 1197 4510 τῆς
1225 4439 1467 4511 Ἀθήνησι
1493 4439 1795 4516 νομοθεσίας
1837 4439 1979 4518 βιὸλ.
2023 4437 2081 4510 ε’,

831 4607 1321 4670 ARCHONTUM
1367 4608 1771 4668 RECENSUS.

1287 4734 1335 4786 1.

591 4777 776 4861 Primus
791 4814 964 4865 Thales
983 4817 1184 4867 vocatus
1199 4818 1270 4866 est
1288 4814 1474 4880 sapiens
1489 4852 1504 4879 ,
1529 4828 1627 4878 quo
1650 4816 1865 4878 tempore
1898 4817 2076 4865 Dama·

524 4886 625 4937 sius
642 4888 840 4939 Athenis
857 4890 1036 4941 archon
1053 4894 1155 4942 erat
1167 4929 1181 4953 ,
1205 4894 1297 4943 sub
1314 4906 1413 4955 quo
1434 4895 1832 4956 septem-quoque
1847 4892 2080 4955 sapientes

526 4964 685 5013 vocati
729 4970 873 5027 sunt,
916 4968 971 5016 ut
1007 4968 1075 5019 ait
1110 4970 1383 5020 Demetrius
1416 4970 1672 5020 Phalereus
1704 4969 1754 5018 in
1784 4970 2080 5019 Archontum

526 5042 828 5094 Recensione.

590 5209 891 5269 Anaxagoras
913 5207 1233 5273 philosophari
1258 5130 1402 5274 021>st
1428 5209 1620 5263 Athenis
1637 5210 1727 5261 sub
1758 5209 1972 5263 calliada
1997 5223 2077 5260 ar-

2159 1210 2469 1280 pertinent‚
2486 1207 2614 1287 Περὶ
2628 1208 2799 1284 νόμων
2816 1208 2883 1279 α’,
2900 1211 2950 1267 Π
2954 1210 3028 1288 ερὶ
3043 1212 3312 1281 πολιτικῆς
3331 1211 3397 1290 β’,
3415 1213 3544 1292 Περὶ
3560 1215 3630 1282 δη
3638 1237 3741 1288 μα·

2167 1292 2380 1369 γωγίας.
2405 1327 2476 1339 -—
2501 1299 2602 1354 His
2646 1298 2792 1353 adde
2840 1300 3034 1354 titulos
3063 1317 3080 1357 ε
3116 1297 3398 1378 Προοίμιον
3441 1301 3739 1379 ἱστορικόν,

2174 1379 2356 1438 Κλέων
2371 1380 2441 1452 α’;
2459 1380 2787 1461 Ἀρταξέρξης
2811 1383 2885 1460 α’;
2903 1383 3168 1452 Διονύσιος
3184 1384 3252 1456 α’,
3272 1390 3476 1462 quibus
3498 1390 3740 1447 sortasse

2172 1472 2303 1525 item
2343 1471 2608 1527 historica
2633 1473 2841 1547 scripta
2876 1474 3279 1547 significantur.
3298 1509 3377 1519 —-
3394 1479 3739 1554 Fragmenta

2171 1575 2305 1612 vero
2335 1576 2572 1631 operum
2589 1560 2770 1614 modo
2795 1564 3195 1618 recensitorum
3219 1581 3338 1619 non
3359 1567 3461 1620 nisi
3481 1566 3741 1622 duorum

2171 1645 2550 1718 deprehendi,
2591 1665 2794 1719 nempe
2830 1645 3122 1725 Ἀρχόντων
3150 1650 3482 1729 ἀναγραφῆς,
3522 1663 3578 1708 et
3609 1653 3737 1711 Τῶν

2170 1729 2288 1808 περὶ
2308 1735 2399 1799 ff<
2427 1729 2666 1801 Ἀθήνησι
2689 1734 3006 1809 νομοθεσίας.
3293 1749 3299 1755 ’

2503 1890 2912 1950 APon‘mN
2956 1893 3393 1953 ΑΝΑΓΡΑΦΗ.

2924 2066 2973 2107 1.

2249 2188 2530 2262 Diog‘enes
2561 2191 2745 2244 Laert.
2773 2191 2822 2259 Ι,
2851 2207 2943 2258 22,
2975 2188 3045 2244 de
3086 2190 3314 2258 Thalete
3343 2210 3357 2246 :
3392 2189 3499 2249 Καὶ
3529 2195 3737 2270 πρῶτος

2176 2271 2328 2351 σοφὸς
2364 2273 2676 2347 ὠνομάσθη,
2708 2274 2957 2354 ἄρχοντος
2996 2274 3234 2346 Ἀθήνησι
3268 2277 3574 2352 Δαμασίου,
3611 2283 3734 2336 καθ’

2172 2358 2228 2417 ὃν
2251 2358 2342 2417 καὶ
2372 2364 2419 2418 οἱ
2451 2359 2584 2417 ἑπτὰ
2609 2361 2756 2440 σοφοὶ
2795 2361 3107 2433 ἐκλήθησαν,
3147 2360 3219 2430 ὥς
3259 2386 3385 2442 φησι
3431 2364 3734 2444 Δημήτριος

2173 2449 2200 2505 ὁ
2223 2444 2502 2528 Φαληρεὺς
2524 2449 2575 2506 ἐν
2604 2452 2666 2528 τῇ
2694 2451 2795 2507 τῶν
2824 2448 3112 2529 Ἀρχόντων
3141 2451 3434 2530 ἀναγραφῇ.

2921 2619 2976 2655 2.

2251 2740 2414 2795 Idem
2458 2741 2547 2809 11,
2581 2757 2635 2812 7,
2659 2738 2731 2795 de
2768 2741 3099 2814 Anaxagora
3149 2758 3162 2792 ε
3213 2735 3446 2815 Ἤρξατο
3481 2739 3534 2797 δὲ
3567 2744 3729 2819 φιλο-

2123 2787 2132 2896 i
2175 2833 2346 2905 σοφεῖν
2376 2823 2646 2896 Ἀθήνησιν
2681 2821 2767 2881 ἐπὶ
2795 2823 3096 2882 Καλλιάδου
3125 2826 3252 2882 ἐτῶν
3294 2823 3485 2883 εἴκοσιν
3526 2822 3618 2897 ὢν,
3665 2829 3736 2892 ὡς

2175 2912 2472 2993 Δημήτριος
2496 2915 2523 2971 ὁ
2545 2908 2826 2991 Φαληρεὺς
2847 2912 2973 2990 ἑντῇ
2998 2914 3098 2969 τῶν
3121 2907 3405 2993 Ἀρχόντων
3426 2914 3731 2994 ἀναγραφῇ,

2175 3001 2294 3060 ἔνθα
2321 3000 2414 3060 καί
2439 3023 2592 3083 φασιν
2623 3000 2777 3058 αὐτὸν
2803 3001 2928 3059 ἐτῶν
2956 3000 3224 3079 διατρῖψαι
3245 2999 3541 3080 τριάκοντα.

2923 3155 2979 3210 3.

2253 3307 2561 3365 Marcellin.
2589 3307 2697 3361 vit.
2738 3304 2914 3361 Thuc.
2952 3302 2985 3377 §
3026 3307 3144 3360 50:
3179 3300 3347 3369 Δῆλον
3391 3296 3471 3356 ὅτι
3516 3297 3738 3367 κάθοδος

2175 3393 2321 3462 ἐδόθη
2351 3395 2455 3457 τοῖς
2477 3388 2768 3468 φεύγουσιν,
2792 3393 2862 3455 ὡς
2890 3388 2981 3447 καὶ
3011 3387 3303 3467 Φιλόχορος
3325 3384 3464 3462 λέγει
3491 3385 3583 3443 καὶ
3611 3390 3729 3457 Δη-

2176 3480 2387 3559 μήτριος
2415 3482 2466 3537 ἐν
2495 3486 2600 3545 τοῖς
2625 3473 2894 3556 Ἄρχουσι.
2951 3526 2956 3531 .

2252 3568 2378 3635 Ἰὀῒς
2399 3563 2694 3648 φεύγουσιν]
2706 3586 2782 3625 sc.
2798 3568 2904 3631 τοῖς
2923 3563 3114 3644 φυγάσι
3128 3561 3262 3634 πλὴν
3289 3563 3391 3620 τῶν
3416 3563 3733 3639 Πεισιστρα·

2174 3656 2324 3713 τιδῶν
2355 3652 2488 3730 μετὰ
2511 3652 2603 3724 τὴν
2625 3644 2789 3724 ἧτταν
2810 3650 2905 3720 τὴν
2930 3654 2983 3709 ἐν
3012 3649 3244 3729 Σικελία.
3269 3651 3356 3707 01.
3387 3669 3486 3724 92,
3513 3669 3566 3718 1,
3593 3656 3727 3715 412.

2173 3745 2313 3801 Vide
2341 3754 2530 3800 notata
2555 3741 2629 3798 ad
2656 3742 2857 3818 fragm.
2884 3740 3136 3815 Cratippi
3165 3741 3217 3809 3,
3248 3758 3307 3814 p.
3339 3757 3433 3808 77.

2295 3900 2474 3960 ΠΕΡΙ
2515 3899 2669 3959 Tin:
2712 3897 3049 3958 Aenum
3092 3880 3605 3955 §tondeat-xz.

2907 4042 2961 4101 ι..

2584 4195 2630 4249 E
2670 4193 2895 4249 Lumo
2941 4188 3296 4249 smmum.

2251 4348 2387 4407 Lex.
2419 4351 2584 4409 Rhet.
2611 4348 2682 4406 ad
2713 4351 2917 4405 calcem
2944 4347 3206 4419 Photiip.
3232 4344 3366 4415 672,
3397 4342 3432 4397 3
3463 4362 3519 4401 v,
3553 4339 3725 4420 Κυρία

2172 4436 2444 4508 ἐκκλησία.
2475 4438 2616 4493 Vide
2644 4438 2875 4503 Aristot.
2903 4435 3100 4510 fragm.
3127 4433 3221 4501 32,
3245 4452 3304 4507 p.
3337 4450 3360 4486 1
3379 4430 3470 4489 16.

2166 4605 2340 4654 elionte
2361 4605 2471 4665 (480
2492 4617 2537 4652 a.
2560 4606 2638 4663 C.)
2655 4640 2668 4663 ,
2689 4603 2803 4651 xitoe
2822 4614 2948 4651 anuo
2968 4600 3220 4659 vicesimo,
3237 4601 3292 4647 ut
3305 4597 3574 4647 Demetrius
3593 4596 3720 4646 Pha-

2167 4683 2324 4732 lei-cus
2356 4682 2405 4730 in
2438 4680 2736 4731 Archontum
2760 4690 2957 4730 recensu
2982 4676 3123 4739 dicitg
3161 4675 3451 4738 Athenisque
3481 4686 3592 4722 eum
3631 4686 3722 4735 per

2165 4773 2315 4811 annos
2336 4759 2504 4823 viginti
2524 4761 2875 4810 commoratum
2893 4772 2996 4809 esse
3012 4755 3227 4808 tradunt.

2909 4859 2961 4908 3.

2227 4955 2460 5006 Exunbus
2488 4956 2614 5020 (post
2639 4955 2823 5005 cladem
2852 4955 3086 5016 steuiam,
3112 4957 3200 5002 412
3218 4964 3262 5000 a.
3285 4950 3360 5008 c.)
3387 4947 3614 4998 redeundi
3633 4961 3719 5010 po·
3745 4921 3755 4931 ”

2164 5036 2386 5086 testatem
2415 5037 2588 5086 factam
2624 5048 2724 5087 esse
2746 5035 2904 5098 patet,
2929 5031 3214 5085 testantibus
3245 5028 3388 5078 etiam
3425 5026 3714 5077 Philochoro

2164 5118 2213 5162 et
2232 5114 2471 5165 Demetrio
2495 5114 2737 5164 Phalereo.

2071 5308 2179 5353 362
