4016 5916
1324 401 1908 464 ATHENIENSIUM
1951 406 2435 468 RESPUBLICA.

1009 558 1103 612 71.

355 680 544 738 schol.
569 680 859 755 Aristoph.
882 683 1030 740 nan.
1056 679 1204 736 1532
1240 700 1254 736 :
1282 678 1645 760 Ἀριστοτέλης
1667 679 1829 761 φησὶ,

278 764 429 826 Μετὰ
468 764 566 838 τὴν
595 768 646 824 ἐν
684 764 1033 845 Ἀργινούσαις
1062 767 1364 845 ναυμαχίαν
1406 766 1831 844 Λακεδαιμονίων

279 852 603 931 βουλομένων
618 854 677 911 ἐκ
693 852 969 920 Δεκελείας
979 850 1186 912 ἀπιέναι
1202 855 1282 933 ἐφ’
1294 844 1368 921 οἷς
1379 853 1584 934 ἔχουσίν
1597 854 1832 937 ἑκάτεροι

275 938 364 997 καὶ
388 938 598 1020 εἰρήνην
632 939 775 1018 ἄγειν
801 938 916 1018 (ἰπὶ
938 944 1027 1000 τοῦ
1057 937 1355 1020 Καλλίου),
1378 941 1632 1021 Κλεοφῶν
1655 940 1828 1001 ἔπεισε

272 1024 364 1084 τὸν
389 1025 557 1103 δῆμον
587 1024 661 1098 μὴ
686 1026 1102 1107 προσδέξασθαι,
1134 1026 1295 1087 ἐλθὼν
1322 1029 1392 1093 εἰς
1418 1026 1514 1099 τὴν
1546 1029 1829 1100 ἐκκλησίαν

276 1112 480 1188 μεθύων
505 1113 598 1172 καὶ
634 1111 847 1194 θώρακα
881 1113 1187 1187 ένδεδυκὼς,
1212 1117 1271 1174 οὔ
1300 1115 1515 1195 φάσκων
1538 1116 1831 1198 ἐπιτρέψειν

275 1203 366 1260 lav
407 1199 484 1279 μὴ
521 1201 695 1269 πάσας
735 1204 906 1284 ἀφῶσι
948 1202 1042 1271 τὰς
1085 1202 1260 1271 πόλεις
1281 1196 1284 1199 ’
1304 1207 1352 1263 οἱ
1403 1206 1828 1282 Λακεδαιμόνιοι.

274 1292 460 1349 Verba
478 1288 566 1348 &tt
591 1294 683 1349 τοῦ
710 1289 944 1350 Καλλίου
972 1292 1091 1368 (01.
1120 1292 1194 1367 93
1211 1334 1228 1364 ,
1259 1292 1311 1350 3.
1343 1290 1489 1371 406)
1514 1295 1697 1368 aptius
1712 1314 1832 1370 po-

275 1389 552 1436 nerentur
571 1389 701 1454 post
739 1376 874 1453 μετὰ
911 1377 1005 1450 τὴν
1043 1379 1098 1436 ἐν
1123 1380 1176 1438 Ἀ
1185 1401 1267 1458 ργ.
1310 1376 1490 1456 μάχην
1507 1422 1522 1450 ,
1565 1395 1832 1441 monente

272 1469 468 1526 Cobet.
493 1468 730 1525 observ·
753 1469 875 1526 crit.
901 1470 960 1523 in
978 1469 1196 1526 Platon.
1220 1487 1366 1527 com.
1384 1486 1448 1542 p.
1488 1468 1596 1525 168
1615 1512 1633 1545 ,
1661 1490 1830 1546 quem

271 1555 465 1625 laudat
481 1556 780 1612 Diibnerus
806 1556 878 1611 ad
905 1556 965 1613 h.
996 1557 1035 1613 1.

350 1639 558 1719 [Arist.
587 1642 707 1699 Pol.
726 1645 802 1712 V,
827 1662 894 1714 2,
925 1642 958 1699 8
987 1663 1001 1699 :
1031 1639 1138 1701 Καὶ
1163 1641 1216 1698 ἐν
1240 1640 1477 1712 Ἀθήναις
1504 1643 1829 1725 ἀτυχούντων

269 1731 401 1806 πεζῇ
422 1728 467 1786 οἱ
483 1725 734 1808 γνώριμοι
756 1728 999 1795 ἐλάττους
1017 1727 1242 1807 ἐγίνοντο
1265 1727 1351 1788 διὰ
1368 1729 1426 1789 τὸ
1447 1733 1505 1789 ἐκ
1529 1731 1822 1811 καταλόγου

271 1813 643 1895 στρατεύεσθαι
672 1813 770 1873 ὑπὸ
799 1813 885 1874 τὸν
916 1814 1220 1876 Λακωνικὸν
1250 1815 1539 1897 πόλεμον.]

1000 1962 1096 2015 722

348 2060 768 2134 Harpocration
793 2081 844 2117 v.
869 2060 1114 2131 Δεκάζων
1141 2083 1156 2121 2
1183 2061 1535 2142 Ἀριστοτέλης
1549 2064 1593 2122 δ’
1609 2067 1661 2123 ἐν
1681 2064 1824 2139 Ἀθη·

267 2141 427 2201 ναίων
455 2146 691 2227 πολιτείᾳ
713 2141 929 2206 Ἄνυτόν
953 2169 1080 2227 φησι
1104 2148 1403 2219 καταδεῖξαι
1422 2149 1480 2209 τὸ
1499 2151 1728 2223 δεκάζειν
1759 2154 1823 2213 τὰ

268 2230 593 2312 δικαστήρια.
622 2235 703 2294 Cf.
736 2236 936 2296 Meier.
961 2245 1017 2292 et
1039 2234 1396 2294 Schoemann.
1438 2239 1476 2299 1.
1515 2241 1556 2297 l.
1593 2260 1656 2316 p.
1692 2241 1821 2313 1503

267 2320 576 2376 Hermann.
613 2320 647 2396 S
680 2320 823 2394 163,
858 2322 916 2379 8.
950 2323 1093 2399 169,
1123 2345 1176 2384 1.

1000 2438 1095 2510 73.

345 2550 758 2623 Harpocration
784 2568 841 2609 v,
867 2547 1209 2628 Τετρακόσιοι
1239 2569 1254 2610 z
1279 2554 1349 2611 Οἱ
1373 2550 1695 2632 τετρακόσιοι
1720 2549 1822 2632 πρὸ

265 2633 397 2692 ἑπτὰ
428 2636 555 2692 ἐτῶν
581 2635 913 2707 κατέστησαν
954 2640 1056 2695 τῶν
1086 2637 1363 2718 τριάκοντα
1402 2637 1663 2719 τυράννων
1691 2642 1818 2721 παρ’

266 2719 577 2794 Ἀθηναίοις,
599 2719 780 2790 οἵτινες
807 2721 1060 2803 τέτταρας
1092 2728 1257 2799 μῆνας
1285 2712 1444 2806 ἦρξαν
1475 2729 1569 2798 τῆς
1595 2725 1817 2800 πόλεως,

271 2807 339 2874 ὥς
366 2830 523 2889 φησιν
551 2808 904 2890 Ἀριστοτέλης
927 2812 979 2869 ἐν
1007 2810 1286 2891 Ἀθηναίων
1316 2810 1578 2894 πολιτεία.

3278 433 3286 442 ’
3370 429 3479 480 127

1921 533 2008 594 τὸν
2036 535 2263 614 πόλεμον
2298 536 2386 596 τὸν
2425 537 2553 619 πρὸς
2579 541 3048 619 Λακεδαιμονίους,
3078 544 3393 624 ψευσάμενοι
3425 551 3480 608 δὲ

1920 622 2161 704 κατέχειν
2191 627 2467 706 ἐπειρῶντο
2488 627 2582 698 τὴν
2611 629 2898 690 πολιτείαν.
2929 665 3009 676 -
3041 636 3166 692 Pol.
3192 640 3260 705 V,
3295 635 3372 707 5‚‘
3390 647 3420 708 Ι.
3461 660 3476 696 1

1921 709 2218 791 Ἐγγίνεται
2259 713 2569 791 δημαγωγὸς
2601 713 2697 774 κᾶν
2740 715 2877 776 πάνυ
2903 716 3068 794 ὀλίγοι
3094 708 3250 793 ὦσιν,
3287 714 3392 782 οἷον
3425 727 3489 783 ἐν·

1919 803 2025 866 τοῖς
2046 797 2322 880 τριάκοντα
2339 799 2608 875 Ἀθήνησιν
2624 802 2809 884 οἱπερὶ
2832 804 3105 884 Χαρικλέα
3121 805 3343 887 ἴσχυσαν
3364 810 3485 878 τοὺς

1919 887 2199 967 τριάκοντα
2230 888 2661 968 ’δημαγωγοῦντες
2671 934 2689 963 ,
2717 890 2805 950 καὶ
2831 893 2882 950 έν
2905 900 3011 960 τοῖς
3040 895 3388 974 τετρακοσίοις
3432 903 3483 960 οἱ

1920 974 2039 1054 περὶ
2067 972 2333 1056 Φρύνιχον
2364 974 2452 1034 τὸν
2481 976 2634 1036 αὗτὸν
2658 977 2868 1059 τρόπον.
2899 979 2923 1058 ]

2208 1068 2217 1075 ’
2656 1067 2749 1130 74·

1998 1142 2190 1201 Schol.
2212 1146 2573 1219 Aristophan.
2596 1129 2759 1221 vesp.
2791 1165 2807 1207 t
2839 1146 3187 1226 Δρακοντίδης
3204 1171 3218 1184 ·
3246 1147 3356 1207 ἔστι
3379 1149 3483 1232 γὰρ

1920 1219 2064 1295 οὗτος
2087 1231 2115 1286 ὅ
2150 1226 2209 1286 τὸ
2236 1228 2357 1310 περὶ
2389 1232 2491 1287 τῶν
2531 1228 2808 1309 τριάκοντα
2836 1232 3082 1314 ψήφισμα
3108 1234 3227 1314 περὶ
3257 1237 3483 1318 ὀλιγαρ-

1918 1311 2040 1393 χίας
2066 1315 2269 1396 γράψας
2286 1360 2303 1390 ,
2335 1318 2403 1382 ὧς
2430 1316 2789 1394 Ἀριστοτέλης
2813 1322 2868 1379 έν
2907 1320 3224 1389 Πολιτείαις.
3250 1325 3335 1384 Cf.
3358 1327 3493 1382 Xe·-

1920 1405 2175 1478 nophon.
2195 1406 2338 1464 Hist.
2363 1407 2465 1464 Gr.
2492 1408 2566 1476 11,
2600 1406 2657 1482 3,
2691 1426 2747 1468 α.
2778 1407 3083 1466 Hermann.
3125 1410 3266 1486 168,
3301 1410 3355 1472 5.

2382 1568 3033 1635 AAKFAAlMonN.

2650 1714 2742 1786 75.

1994 1853 2186 1911 Schol.
2218 1854 2448 1912 Pindar.
2485 1856 2677 1913 Isthm.
2716 1858 2852 1926 vn,
2889 1858 2958 1915 18
2990 1878 3002 1915 ε
3036 1857 3188 1918 Εἰσὶν
3233 1860 3484 1937 Αἰγεῖδαι·

1915 1936 2141 2018 φρατρία
2161 1937 2436 2016 Θηόαίων,
2466 1939 2551 2020 ἀφ’
2573 1931 2635 2012 ἦς
2659 1932 2787 2013 ἧκόν
2808 1965 2939 2011 τινες
2967 1945 3039 2011 εἷς
3059 1944 3334 2024 Σπάρτην,
3364 1952 3475 2008 Λα-

1914 2024 2257 2103 κεδαιμονίοις
2282 2025 2621 2106 βοηθήσοντες
2639 2029 2693 2086 έν
2721 2030 2796 2109 τῷ
2819 2028 2947 2109 πρὸς
2975 2030 3305 2109 Ἀμυκλαιεῖς
3319 2034 3483 2093 πολέ·

1916 2137 2034 2192 μῳ,
2066 2111 2283 2193 ἡγεμόνι
2323 2114 2647 2194 χρησάμενοι
2687 2116 3020 2197 Τιμομάχῳ,
3048 2116 3101 2186 ὃς
3140 2123 3342 2200 πρῶτος
3377 2120 3477 2198 μὲν

1913 2201 2086 2259 πάντα
2110 2200 2176 2259 τὰ
2194 2200 2321 2281 πρὸς
2347 2201 2574 2280 πόλεμον
2599 2201 2796 2273 διέταξε
2816 2205 3278 2285 Λακεδαιμονίοις,
3306 2208 3472 2285 μεγά-

1911 2288 2016 2345 λων
2038 2287 2093 2346 81
2119 2287 2245 2368 παρ’
2273 2290 2445 2357 αὐτοῖς
2471 2287 2663 2361 ἠξιώθη
2691 2295 2881 2369 τιμῶν,
2909 2290 3001 2351 καὶ
3025 2294 3132 2360 τοῖς
3155 2293 3485 2365 Ὑακινθίοις.

1913 2373 1966 2433 δὲ
1994 2380 2023 2434 ὁ
2049 2375 2271 2455 χάλκεος
2299 2378 2440 2457 αὐτῷ
2469 2376 2638 2453 θώραξ
2680 2374 3013 2460 π’ροτίθεται,
3049 2387 3227 2441 τοῦτον
3260 2382 3313 2440 δὲ
3354 2385 3472 2456 Θη-

1913 2460 2053 2520 6αἶοι
2080 2461 2239 2523 ὅπλον
2267 2463 2504 2525 ἐκάλουν.
2549 2468 2737 2525 Ταῦτα
2761 2468 2952 2547 ἱστορεῖ
2980 2466 3069 2526 καὶ
3114 2467 3479 2549 Ἀριστοτέλης.

1912 2551 1963 2607 ἐν
1992 2553 2058 2629 τῇ
2091 2550 2517 2629 Λακεδαιμονίων
2545 2552 2821 2633 Πολιτείᾳ.

1989 2636 2345 2717 Ἀριστοτέλης
2397 2638 2550 2720 φησὶν
2606 2637 2685 2698 ὅτι
2730 2643 3075 2719 πολεμοῦντες
3128 2645 3176 2702 οἱ
3226 2643 3481 2712 Λάκωνες·

1910 2723 2331 2802 Ἀμυκλαιεῦσιν,
2357 2729 2424 2793 ὣς
2449 2722 2693 2785 ἐπύθοντο
2724 2726 2869 2809 παρὰ
2912 2732 3026 2786 θεοῦ
3068 2728 3185 2797 τοὺς
3226 2731 3485 2810 Αἷγείδας;

1908 2812 2216 2892 συμμάχους
2229 2811 2431 2888 λαὸεῖν,
2454 2815 2524 2881 εἷς
2544 2812 2758 2885 Ἀθήνας
2779 2814 3111 2894 ἐπορεύοντο·
3137 2818 3465 2877 καταλύσαν·

343 2898 553 2955 Eadem
576 2901 809 2956 Photius
828 2911 885 2956 et
902 2898 1102 2958 Suidas
1119 2921 1163 2962 s.
1183 2922 1240 2962 v.
1261 2934 1340 2946 —-
1358 2899 1461 2982 πρὸ
1489 2898 1621 2958 ἔπτὰ
1645 2901 1771 2958 ἑτῶν
1795 2900 1817 2980 ]
1907 2923 1992 2967 τες
2017 2898 2072 2960 δὲ
2106 2903 2159 2961 ἐν
2180 2900 2409 2978 Θήὸαις,
2434 2901 2794 2984 εὖωχουμένης
2820 2907 2913 2976 τῆς
2934 2906 3037 2962 τῶν
3062 2906 3316 2984 Αἶγειδῶν
3336 2928 3467 2990 φρα-

261 2987 337 3042 sic
365 2984 498 3058 cod.
540 2987 634 3055 N.;
659 2984 786 3064 πρὸς
817 2984 950 3044 ἑπτὰ
983 2999 1111 3047 cett.
1145 2990 1227 3048 Cf.
1262 2992 1509 3052 Clinton.
1537 2993 1601 3049 F.
1632 2992 1707 3047 fl.
1745 2990 1819 3048 ad
1911 2986 2057 3069 τρίας
2082 2989 2397 3062 ἐκλήθησαν·
2428 2990 2745 3055 ἀκούσαντες
2784 2990 2837 3048 δὲ
2868 2990 3003 3068 μετὰ
3031 2991 3235 3052 δεῖπνον
3256 2994 3484 3074 εὗχομέ·-

262 3091 351 3130 an.
372 3073 770 3150 411.Kriiger.
797 3072 1132 3153 Historiogr.
1148 3095 1209 3151 p.
1228 3076 1339 3134 362
1360 3097 1482 3152 sqq.
1507 3076 1813 3137 Hermann.
1909 3098 1996 3133 νου
2042 3080 2132 3134 τοῦ
2171 3073 2347 3156 ἱερέως
2386 3075 2582 3135 διδόναι
2618 3079 2723 3143 τοῖς
2761 3075 3030 3155 Αἶγείδαις
3066 3076 3183 3146 τοὺς
3211 3077 3353 3147 θεοὺς
3396 3078 3461 3139 τὰ

270 3157 399 3219 166.

1909 3162 2079 3240 ἀγαθὰ
2093 3206 2111 3236 ,
2130 3161 2221 3221 καὶ
2245 3160 2598 3240 συμὸαλόντες
2619 3162 2707 3221 τὸν
2728 3163 2990 3244 χρησμὸν,
3019 3167 3247 3225 ἐντεῦθεν
3277 3166 3476 3226 ἔλαὸον

342 3243 542 3323 [Arist.
586 3245 710 3306 Pol.
733 3251 798 3308 V.
840 3249 907 3321 3,
944 3253 981 3308 8
1014 3270 1028 3306 :
1067 3248 1197 3308 Ἐπὶ
1229 3252 1329 3308 τῶν
1353 3248 1697 3331 τετρακοσίων
1725 3250 1811 3310 τὸν
1909 3249 2005 3321 τὴν
2035 3250 2366 3330 συμμαχίαν.

261 3332 427 3408 δῆμον
463 3330 796 3405 ἐξηπάτησαν
838 3334 940 3411 (sc.
963 3338 1009 3393 οί
1032 3335 1127 3408 τὴν
1150 3336 1417 3396 πολιτείαν
1441 3340 1599 3397 κινεῖν
1631 3337 1818 3416 βουλό-

1987 3341 2155 3396 Plura
2180 3340 2253 3398 de
2269 3342 2355 3397 his
2385 3351 2576 3397 narrat
2598 3343 2861 3416 Ephorus
2891 3341 2998 3419 (fr.
3034 3362 3098 3399 11
3139 3354 3196 3400 et
3230 3340 3334 3422 13)
3362 3363 3457 3419 ap.

259 3417 435 3499 μενοι)
462 3419 745 3500 φάσκοντες
770 3419 858 3479 τὸν
886 3422 1104 3500 βασιλέα
1132 3422 1386 3504 χρήματα
1422 3423 1662 3506 παρέξειν
1692 3423 1822 3506 πρὸς
1852 3453 1869 3485 a
1911 3428 2088 3485 schol.
2122 3428 2287 3487 Pind.
2309 3430 2475 3502 Pyth.
2510 3432 2580 3499 V,
2614 3448 2747 3487 101.
2774 3431 3038 3487 Ceterum
3066 3449 3256 3487 veram
3284 3435 3479 3507 gentis-

317 3672 600 3725 Aristoteles
628 3673 746 3724 dicit
762 3676 872 3738 ροά
897 3595 1123 3738 ρεαζιίιίω
1151 3676 1321 3727 navale
1344 3676 1406 3727 ad
1429 3677 1691 3741 Arginusaa
1722 3678 1815 3728 sub

256 3750 409 3801 Callia
443 3750 675 3802 archonte
701 3752 1014 3803 commissum
1039 3766 1198 3816 quum
1232 3753 1580 3804 lacedaemonii
1614 3756 1815 3805 Decelea

148 3855 159 3867 ·
255 3827 491 3879 excedere
510 3828 690 3880 vellent
715 3841 774 3880 ea
805 3829 1106 3895 conditione,
1131 3832 1188 3881 ut
1212 3832 1473 3882 retinerent
1495 3832 1687 3895 utrique
1703 3846 1814 3896 quae

251 3903 352 3964 iam
385 3904 716 3970 possiderent,
754 3909 805 3958 et
836 3921 1007 3973 pacem
1024 3921 1190 3974 agere,
1219 3908 1467 3971 cleophon
1499 3909 1676 3972 populo
1698 3922 1811 3961 sua·

253 3983 316 4033 ait
339 3997 403 4034 ne
427 3985 515 4037 has
552 3984 852 4039 conditlones
872 3987 1215 4051 admitterent,
1247 3987 1410 4040 ebrius
1439 3990 1487 4040 et
1506 3988 1734 4040 loricatus
1753 3989 1815 4041 111

254 4061 534 4113 concionem
554 4064 1073 4130 veniens,Jactansque
1093 4064 1291 4117 mtnime
1307 4078 1360 4116 se
1380 4066 1434 4115 ut
1456 4066 1656 4116 Decelea
1671 4064 1812 4117 dece·

255 4135 371 4187 dant
411 4140 761 4193 Lacedaemonii
813 4155 1156 4194 concessurum
1173 4180 1190 4206 ,
1243 4143 1335 4194 nisi
1376 4142 1585 4205 reliquas
1621 4156 1815 4206 quoque

255 4215 401 4268 urbes
413 4217 662 4270 universas
681 4220 1047 4272 Atheniensibus
1064 4217 1378 4272 reddiderint.

315 4380 596 4433 Aristoteles
627 4382 677 4432 in
716 4382 1078 4436 Atheniensium
1099 4387 1219 4448 Rep.
1261 4385 1327 4434 alt
1360 4385 1570 4447 Anytum
1599 4396 1813 4433 corrum-

254 4458 518 4521 pendorum
540 4460 836 4524 judiciorum
861 4463 1108 4512 auctorem
1128 4462 1287 4512 fuisse.

319 4623 665 4688 Quadringenti
679 4624 810 4689 apud
827 4625 1137 4677 Athenienses
1149 4626 1334 4689 septem
1348 4624 1484 4675 annis
1496 4626 1607 4675 ante
1620 4624 1812 4688 triginta

252 4703 481 4761 tyrannos
495 4702 742 4753 constituti
761 4702 894 4754 suere
906 4739 921 4762 ‚
941 4701 1025 4767 qui
1040 4714 1228 4753 menses
1236 4704 1467 4767 quattuor
1481 4701 1665 4752 civitati
1682 4715 1810 4765 proe-

252 4778 473 4843 rue-unt,
493 4781 550 4831 ut
575 4779 724 4830 tradit
746 4780 1026 4832 Aristoteles
1049 4780 1101 4830 ln
1131 4782 1249 4843 Rep.
1275 4778 1650 4848 Atheniensium.

313 4853 654 4920 [Temporibus
667 4857 1071 4922 quadringentam
1083 4857 1242 4908 virum
1255 4856 1488 4921 populum
1499 4856 1807 4922 deceperunt,

253 4946 411 4996 quum
428 4933 671 4998 dicerent,
687 4949 847 5000 regem
863 4939 1116 4987 pensarum
1134 4935 1386 4999 pecuniam
1405 4935 1466 4985 ad
1489 4936 1672 4988 bellum
1693 4949 1808 4987 cum

253 5011 625 5064 Lacedaemoniis
640 5017 920 5078 susceptum
934 5013 1351 5078 suppeditaturum
1366 5051 1381 5076 ,
1406 5017 1454 5065 et
1471 5027 1557 5078 per
1571 5014 1664 5065 hoc
1676 5029 1807 5066 men·

250 5088 442 5141 dacium
473 5090 818 5154 rempublicam
837 5092 1041 5143 retinere
1057 5092 1110 5142 in
1140 5104 1229 5143 aua
1244 5093 1479 5155 potestate
1500 5094 1657 5143 conati
1675 5095 1805 5143 siunt.

1902 3593 2086 3656 quihus
2107 3592 2382 3643 blandiatur
2413 3613 2425 3643 ι
2455 3593 2588 3644 verbi
2618 3597 2772 3655 gratia
2787 3631 2803 3657 ,
2831 3595 3031 3645 Athenis
3047 3595 3096 3644 in
3127 3595 3321 3659 triginta
3344 3597 3461 3646 viris

1905 3670 2148 3723 Charicles
2177 3684 2291 3722 cum
2317 3672 2508 3722 asseclis
2534 3672 2688 3735 viguit
2711 3685 2769 3723 ac
2801 3673 2986 3734 valuit,
3019 3673 3138 3722 dum
3166 3673 3358 3737 triginta
3381 3676 3459 3724 vi·

1902 3749 1965 3799 ris
1990 3748 2320 3799 assentabatur
2359 3753 2446 3800 :et
2486 3749 2536 3799 in
2571 3749 2933 3813 quadringentis
2965 3751 3265 3814 Phrynichus
3287 3751 3453 3802 eodem

1901 3824 2103 3890 mod0.]

2623 3910 2711 3960 74.

1965 3990 2276 4041 Dracontidoe
2300 3989 2549 4042 decretum
2573 3991 2637 4042 de
2665 3991 2859 4055 triginta
2884 3992 3099 4042 virorum
3131 3992 3471 4047 dominatione·

1901 4069 2119 4134 scripsit,
2135 4073 2190 4121 ut
2206 4070 2355 4121 tradit
2373 4071 2647 4122 Aristoteles
2664 4069 2715 4121 in
2730 4084 2874 4135 opere
2895 4071 2955 4122 de
2978 4073 3353 4136 Rebuspublicis.

2299 4176 3070 4239 LACEDAEMONIORUM.

2622 4290 2712 4341 75.

1961 4392 2174 4457 AEgidae,
2215 4406 2332 4457 gena
2368 4392 2730 4455 Thebanorum3
2758 4405 2822 4442 ex
2858 4404 2954 4454 qua
2987 4392 3207 4443 nonnulli
3231 4396 3450 4458 Spartam

1899 4471 2134 4521 venerunt
2145 4507 2160 4533 ,
2193 4472 2251 4520 ut
2283 4468 2655 4521 Lacedaemoniis
2684 4469 3039 4533 opitularentur
3062 4468 3112 4519 in
3140 4468 3267 4521 hello
3285 4473 3453 4522 contra

1899 4548 2267 4611 Amyclaeensoe.
2289 4551 2470 4598 Ducem
2486 4546 2666 4611 AEgidae
2678 4545 2755 4597 isti
2766 4546 3040 4597 habuerunt
3051 4546 3417 4598 Timomachum
3432 4587 3447 4612 ‚

1898 4625 1980 4689 qui
2001 4625 2189 4689 primus
2205 4625 2368 4676 omnia
2390 4638 2502 4688 quae
2518 4624 2580 4675 ad
2598 4623 2779 4674 bellum
2798 4623 3039 4687 pertinent
3069 4623 3464 4677 Lacedoemoniis

1895 4704 2165 4767 ordimvit5
2191 4706 2483 4769 quapropter
2500 4703 2684 4767 magnis
2699 4702 2830 4768 apud
2849 4716 2933 4755 eos
2948 4703 3154 4754 affectus
3166 4706 3239 4755 eet
3251 4704 3447 4755 honori·

1897 4780 2001 4832 bus.
2045 4782 2343 4846 Hyacinthiis
2371 4783 2490 4832 festo
2512 4793 2678 4831 aeneus
2710 4781 2756 4831 ei
2778 4781 2955 4831 thorax
2967 4780 3157 4844 publice
3174 4781 3449 4844 exponitur,

1896 4872 2044 4922 quem
2078 4859 2222 4909 ὅπλον
2258 4858 2473 4909 Thebani
2501 4856 2607 4908 κατ’
2643 4858 2807 4923 ἐξοχὴν
2841 4857 3095 4909 vocabant.
3135 4861 3308 4909 Narrat
3344 4859 3447 4910 hoec

1895 4936 2362 5001 Aristotelesinllep.
2389 4935 2874 4987 Lacedaemoniorum.

1955 5014 2232 5066 Aristoteles
2244 5014 2362 5064 dicit
2381 5012 2770 5064 Lacedaemonios
2784 5015 2951 5064 contra
2971 5013 3322 5078 Amyclaeenses
3340 5013 3445 5064 bel·

1895 5093 1995 5142 lum
2023 5094 2271 5155 gerentes,
2296 5104 2449 5155 quum
2475 5089 2672 5140 oraculo
2699 5089 2855 5142 edocti
2890 5092 3047 5142 esseut
3079 5089 3267 5155 AEgidas
3293 5091 3451 5140 socios

250 5191 314 5204 —
335 5168 536 5220 Exsistit
561 5169 690 5220 enim
710 5168 997 5234 demagogus
1019 5169 1164 5221 etiam
1188 5168 1228 5220 si
1252 5169 1394 5233 pauci
1429 5168 1691 5220 admodum
1710 5171 1803 5222 sint
1899 5171 2010 5233 ipsis
2037 5168 2347 5220 assumendos
2383 5181 2484 5219 esse
2498 5205 2513 5232 ,
2558 5167 2769 5232 primum
2809 5167 3048 5232 profectos
3082 5181 3183 5220 ease
3207 5168 3457 5233 Athenas,
