4016 5916
1536 441 1634 499 DE
1677 439 1917 500 REBUS
1972 439 2331 500 PUBLIClS.

3393 453 3502 505 213

314 579 407 638 καὶ
441 579 748 643 πολιτικῶς.
783 565 826 654 ᾧ
859 569 1132 651 θυγατέρες
1156 567 1248 648 μὲν
1283 567 1446 649 epist,
1480 567 1581 627 „101
1610 567 1664 627 δὲ
1698 565 1863 639 ἑπτὰ,
1948 564 2079 627 juste
2101 568 2152 615 et
2180 564 2427 615 moderate
2454 564 2499 614 id
2523 564 2888 616 administravit.
2919 566 2969 616 Ei
2999 566 3109 617 tilia:
3126 571 3224 617 tres
3248 568 3438 619 fuerunt
3460 574 3506 619 et

315 665 368 726 οἳ
421 666 481 726 τὸ
529 664 674 744 γένος
720 662 882 728 οὕτως
920 658 1170 732 ηὔξησαν,
1214 655 1348 716 ὥστε
1398 655 1702 735 Βακχιάδας
1750 654 1863 713 ἀντὶ

317 752 673 834 Ἡρακλειδῶν
697 748 967 807 καλεῖσθαι
988 743 1106 812 τοὺς
1136 748 1227 802 ἀπ’
1251 745 1437 802 αὐτῶν.
1462 742 1525 821 (2)
1553 741 1865 822 Περίανδρος

318 839 372 899 δὲ
401 843 602 920 πρῶτος
640 835 927 914 μετέστησε
965 829 1058 904 τὴν
1124 829 1317 911 ἀρχὴν,
1350 828 1658 910 δορυφόρους
1707 826 1863 907 ἔχων,

320 926 409 986 καὶ
446 927 541 985 οὒκ
596 920 887 1003 έπιτρέπων
943 921 997 978 ἐν
1052 917 1199 978 ἄστει
1250 921 1340 989 ζ’ἧν
1360 961 1375 989 ,
1429 915 1505 975 ἔτι
1556 915 1608 974 δὲ
1666 915 1861 974 δούλων

323 1012 530 1086 κτήσεις
577 1010 667 1071 καὶ
707 1006 906 1090 τρυφὴν
938 1005 1071 1073 ὅλως
1106 1006 1406 1086 περιαιρῶν.
1442 1001 1664 1079 Μέτριος
1709 1000 1764 1060 δὲ
1800 992 1865 1072 ἦν

324 1104 377 1161 έν
408 1102 605 1172 ἄλλοις,
636 1102 708 1178 τῷ
732 1121 789 1156 τε
840 1093 1039 1173 μηδένα
1069 1092 1212 1158 τέλος
1249 1090 1573 1171 πράσσεσθαι
1603 1087 1868 1166 ἀρκεῖσθαί

323 1212 379 1247 τε
400 1188 505 1255 τοῖς
531 1186 635 1246 ἀπὸ
658 1189 750 1256 τῆς
778 1186 968 1262 ἀγορᾶς
986 1178 1196 1239 καὶτῶν
1219 1176 1467 1256 λιμένων.
1504 1175 1615 1237 Καὶ
1638 1180 1713 1256 τῷ
1736 1174 1869 1252 μήτε

325 1274 498 1340 ἄδικος
514 1272 647 1349 μήτε
670 1268 916 1350 ὓὸριστὴς
936 1258 1090 1345 εἶναι,
1121 1266 1467 1345 μισοπόνηρος
1496 1261 1577 1335 δὲ,
1597 1262 1688 1329 τὰς
1705 1285 1870 1341 προα-

326 1359 522 1438 γωγοὺς
550 1359 722 1424 πάσας
758 1354 1121 1415 κατεπόντισε.
1176 1351 1377 1423 Βουλὴν
1416 1349 1470 1409 δὲ
1517 1348 1597 1410 ἐπ’
1634 1349 1872 1429 ἐσχάτων

324 1446 658 1520 κατέστησεν,
691 1443 741 1505 οἳ
760 1447 852 1503 οὐκ
873 1441 1082 1524 ἐφίεσαν
1099 1442 1336 1500 δαπανᾶν
1368 1437 1525 1497 πλέον
1543 1435 1579 1508 ἢ
1604 1436 1741 1496 κατὰ
1780 1433 1873 1503 τὰς

322 1533 618 1615 προσόδους.

869 1668 975 1729 VI.
1021 1665 1323 1726 ΗΛΕΙΩΝ.

408 1820 728 1886 Πανταλέων
771 1819 1105 1881 ἕὸασίλευσεν
1141 1821 1195 1878 ἐν
1239 1815 1466 1892 τούτοις,
1499 1814 1742 1895 ὗόριστὴς
1785 1811 1874 1873 καὶ

326 1910 568 1993 χαλεπός.
608 1901 777 1976 Οὗτος
804 1906 1045 1988 πρέσὸεις
1084 1904 1211 1985 πρὸς
1255 1902 1408 1963 αὐτὸν
1456 1901 1694 1969 ἐλθόντας
1730 1906 1873 1962 ἐκτε·

331 1999 440 2078 μὼν
461 1998 729 2075 ἠνάγκασε
751 1998 1071 2076 καταφαγεῖν
1099 1992 1216 2061 τοὺς
1242 1990 1430 2072 ὄρχεις.

811 2145 944 2206 vn.
988 2143 1393 2204 ΤΕΝΕΔῘΩΝ.

409 2298 629 2364 Τένεδος
663 2301 697 2368 ἡ
724 2301 875 2368 νῆσος
907 2293 966 2354 τὸ
1005 2294 1099 2372 μὲν
1142 2293 1193 2364 ἐξ
1232 2297 1397 2375 ἀρχῆς
1430 2294 1724 2376 Λεύκοφρυς
1755 2296 1875 2352 ἐκα·

329 2388 474 2446 λεῖτο
490 2431 505 2459 ,
533 2383 706 2464 χρόνῳ
733 2383 786 2442 δὲ
808 2383 1048 2463 ὕστερον,
1077 2381 1182 2462 πρὸ
1205 2385 1307 2440 τῶν
1334 2385 1385 2443 Τ
1388 2384 1615 2463 ρωῖκῶν,
1644 2380 1840 2452 Τέννης
1859 2425 1876 2457 ,

330 2473 602 2552 διενεχθεὶς
623 2472 750 2551 πρὸς
774 2469 861 2529 τὸν
881 2469 1111 2550 πατέρα,
1130 2467 1413 2551 συνῴκισεν
1437 2469 1619 2541 αὗτήν.
1654 2468 1879 2547 Λέγεται

332 2559 385 2620 δὲ
401 2607 417 2637 ,
445 2564 516 2627 ὡς
536 2557 999 2640 καταψευσαμένης
1020 2558 1176 2616 αὐτοῦ
1198 2561 1291 2628 τῆς
1321 2565 1576 2637 μητρυιᾶς
1598 2555 1688 2615 καὶ
1714 2579 1880 2615 κατα-

334 2646 759 2728 μαρτυρήσαντος
794 2647 1021 2717 αὗλητοῧ
1057 2667 1192 2711 τινος
1234 2645 1500 2724 βιάζεσθαι
1540 2642 1771 2722 ταύτην,
1806 2647 1877 2710 εἷς

331 2733 568 2815 λάρνακα
615 2731 889 2812 ἔμὸληθεὶς
917 2731 1018 2790 ὑπὸ
1066 2736 1159 2790 τοῦ
1189 2730 1384 2813 πατρὸς
1425 2729 1635 2792 Κύκνου
1680 2733 1773 2791 καὶ
1807 2735 1879 2798 εἷς

332 2821 599 2880 Θάλασσαν
630 2819 790 2901 ριφεὶς
821 2821 1136 2892 διασωθῆναι
1162 2816 1290 2899 πρὸς
1333 2817 1428 2891 τὴν
1459 2823 1637 2892 νῆσον.
1687 2818 1789 2880 Διὰ
1826 2817 1881 2878 δὲ

332 2907 392 2967 τὸ
413 2907 841 2991 καταψεύσασθαι
865 2905 952 2966 τὸν
981 2903 1212 2979 αὐλητὴν
1239 2907 1298 2966 οὗ
1322 2906 1540 2985 νόμιμον
1564 2909 1635 2976 εἰς
1659 2906 1718 2967 τὸ
1745 2906 1880 2986 ἱερὸν

335 2996 563 3068 αὐλητὴν
596 2995 829 3055 εἰσιέναι.

412 3102 459 3141 a.
502 3078 632 3143 ‘'O-tt
674 3080 954 3162 Ἀμαυρὸς,
998 3082 1168 3161 χωλὸς
1199 3082 1314 3150 τοὺς
1342 3080 1534 3156 πόδας,
1578 3082 1882 3142 ἕὸασῖλευσε

333 3191 540 3241 ταυτης.

413 3276 460 3317 3.
506 3255 684 3333 Νόμαν
713 3256 768 3315 δέ
790 3257 905 3315 τινά
935 3279 1060 3335 φασι
1094 3261 1197 3316 τῶν
1232 3257 1489 3337 βασιλέων
1514 3258 1771 3324 Τενεδίοις
1799 3256 1881 3317 oz'-

335 3349 484 3417 σθαι,
512 3342 655 3409 εἴτις
679 3343 833 3402 λάθοι
862 3344 1071 3423 μοιχὸν,
1101 3343 1417 3403 ἀποκτείνειν
1445 3350 1622 3404 τοῦτον
1651 3344 1879 3406 πελέκει.

334 3509 639 3563 Schneidew.
651 3510 883 3572 conjecit:
900 3513 1070 3574 Βάκχις
1089 3513 1117 3559 ὁ
1132 3511 1365 3575 Πρύμνου.
1384 3511 1750 3575 -Βακχιάδας]
1764 3515 1881 3563 Bau·

334 3583 469 3647 χὶδας
492 3584 658 3631 Aa-
673 3588 719 3631 2.
739 3580 1012 3644 δορυφόρους
1055 3580 1227 3645 ἔχων.]
1248 3582 1322 3630 cs.
1356 3581 1486 3644 Diog.
1510 3584 1627 3643 1,.1,
1649 3583 1883 3640 981οὗτος

334 3651 798 3715 πρῶτοςδορυφόρους
816 3651 926 3714 ἔσχε
938 3652 1113 3709 καὶτὴν
1135 3651 1280 3714 ἀρχὴν
1298 3653 1363 3709 εἰς
1372 3651 1617 3713 τυραννίδα
1631 3652 1885 3715 μετέστησε

335 3723 417 3770 καὶ
427 3722 513 3770 οὐκ
521 3721 596 3770 εῐα
610 3722 657 3771 ἐν
668 3721 797 3771 ἄστει
813 3725 892 3780 ζῆν
905 3721 1012 3776 τοὺς
1024 3722 1346 3785 βουλομένους,
1360 3721 1483 3770 καθά
1495 3737 1631 3784 φησιν
1640 3722 1660 3741 ’
1670 3725 1707 3771 Ε
1719 3739 1749 3786 φ
1758 3739 1785 3771 ο
1795 3739 1820 3785 ρ
1828 3739 1855 3771 ο
1864 3740 1885 3779 ς

336 3789 441 3853 (t'r.
477 3792 596 3850 106)
627 3794 708 3842 καὶ
747 3789 798 3841 Ἀ
815 3807 868 3855 ρι
884 3791 1183 3849 στοτέ).ης.
1223 3794 1381 3850 Quem
1417 3791 1579 3840 locum
1614 3791 1738 3841 adde
1773 3795 1884 3854 post

336 3859 533 3910 Aristot.
561 3861 619 3909 rr.
644 3867 745 3909 102.
766 3864 839 3911 Ex
863 3861 1053 3922 Ephoro
1065 3873 1154 3910 sua
1171 3861 1329 3911 hausit
1342 3860 1486 3911 etiam
1505 3861 1728 3911 Nicolaus
1746 3865 1883 3911 Dam.

340 3929 443 3989 (fr.
471 3929 567 3992 38)
591 3931 637 3978 in
674 3933 791 3979 Exc.
829 3932 987 3979 vales.
1014 3944 1063 3993 p.
1096 3933 1204 3980 450.
1233 3934 1461 3981 Ceterum
1480 3945 1531 3980 v,
1556 3934 1610 3982 C.
1650 3934 1881 3995 wagner.

340 3999 413 4049 De
436 3997 692 4049 Periandro
716 3999 933 4051 corinth.
960 4003 1009 4050 et
1026 4001 1213 4050 Muller.
1243 4004 1362 4051 Dor.
1385 4003 1425 4063 1,
1448 4013 1496 4063 p.
1524 4004 1803 4052 164-168.
1828 4033 1888 4044 -

340 4068 550 4134 κτήσεις]
578 4073 705 4120 ABG
719 4074 768 4120 et
792 4083 936 4133 supra
959 4071 1121 4134 script.
1137 4084 1199 4135 p,·
1220 4077 1384 4132 κτῆσιν
1399 4072 1587 4135 reliqui.
1610 4099 1675 4110 -
1697 4074 1889 4139 μηδένα]

341 4141 474 4189 luter
488 4140 662 4203 μηδένα
684 4142 733 4188 et
753 4141 879 4197 τέλος
904 4140 951 4189 in
978 4143 1035 4192 G.
1064 4142 1235 4191 lacuna
1258 4145 1330 4192 est
1347 4143 1494 4192 trium
1511 4143 1607 4192 sere
1616 4143 1887 4194 verborum.

341 4229 406 4244 -·
422 4215 515 4263 τοῖς
534 4209 656 4276 ἀπὸ]
673 4210 777 4265 τοὺς
816 4210 911 4259 ἀπὸ
933 4213 989 4260 0.
1024 4211 1432 4277 -προαγωγοὺς]
1455 4213 1726 4276 Bc(e?)s9;
1750 4230 1889 4277 προα·

342 4279 499 4341 γωγας
523 4282 628 4335 ,403
652 4280 965 4343 προσαγωγὰς
996 4281 1027 4330 b
1043 4318 1059 4344 ,
1099 4283 1437 4346 προσαγωγοὺς
1460 4296 1488 4334 c
1523 4283 1706 4347 (ee’)s
1718 4297 1768 4346 9.
1815 4286 1888 4333 Ct‘.

342 4350 715 4412 Theopompus(
734 4350 795 4399 fr.
817 4353 941 4410 252)
963 4364 1042 4413 ap.
1065 4353 1349 4403 Athenaeum
1362 4355 1423 4416 Χ,
1452 4366 1500 4416 p.
1523 4357 1632 4414 413,
1653 4359 1687 4403 Α
1717 4372 1732 4404 :
1754 4356 1894 4403 Κλεο-

348 4421 486 4484 μένης
508 4421 536 4468 ὁ
564 4420 779 4483 τύραννος
804 4419 906 4483 (sc.
935 4428 1029 4470 τῶν
1047 4423 1417 4486 Μηθυμναίων),
1445 4426 1473 4472 ὁ
1494 4427 1572 4474 καὶ
1596 4425 1678 4480 τὰς
1698 4441 1896 4487 μαστρο·

344 4491 461 4547 ποὺς
478 4490 562 4547 τὰς
580 4491 839 4553 εἰθισμένας
853 4507 887 4539 π
901 4508 1097 4556 ροαγω
1111 4495 1305 4554 γεύειν
1322 4495 1403 4550 τὰς
1424 4495 1657 4558 ἐλευθέρας
1674 4500 1894 4551 γυναῖκας

346 4565 465 4625 τρεῖς
482 4562 514 4620 ἢ
534 4561 750 4625 τέτταρας
781 4562 863 4619 τὰς
896 4563 1259 4623 ἐπιφανεστάτας
1279 4566 1589 4629 πορευομένας
1609 4566 1803 4625 ἐνδήσας
1830 4568 1895 4622 εἷς

349 4632 555 4688 σάκκους
571 4633 908 4681 καταποντίσαι
930 4632 1025 4682 τισὶ
1052 4634 1329 4697 προστάξας.
1346 4635 1497 4684 -έπ’
1526 4634 1778 4700 ἐσχάτων]
1810 4637 1892 4685 ἀπ’

350 4701 455 4764 έσχ.
495 4714 549 4765 p.
569 4701 664 4750 Vix
686 4713 819 4763 aana3
865 4703 938 4751 ἐπ’
962 4703 1175 4765 ἐσχάτων
1209 4718 1297 4767 pro
1323 4704 1532 4768 ἐσχάτως
1563 4706 1795 4768 usurpant
1821 4719 1895 4756 se-

350 4772 601 4834 ptuaginta
619 4772 898 4835 interpretes
920 4773 969 4821 in
992 4773 1218 4823 Proverb.
1243 4775 1423 4825 salom.
1456 4782 1516 4825 25
1531 4812 1545 4837 ,
1571 4783 1599 4824 8
1615 4776 1822 4836 „Daniel
1843 4782 1899 4837 8,

351 4843 399 4899 4,
426 4840 640 4890 Ezechiel
663 4848 741 4902 35,
757 4848 804 4902 5,
824 4841 1001 4890 citante
1018 4842 1396 4906 Koelero3atqne
1414 4844 1483 4894 sic
1504 4847 1753 4894 verterunt
1773 4846 1895 4895 vul-

350 4911 476 4973 teius
497 4914 549 4961 et
570 4911 793 4974 Gragius,
814 4911 1046 4973 probante
1065 4913 1448 4964 Schneidewino.
1476 4917 1690 4965 Fortasse
1723 4915 1844 4964 latet
1881 4935 1894 4966 ι

350 4980 635 5030 ἐπισκόπων.
654 4980 839 5030 ΜωΙετ.
863 4985 982 5031 Dor.
998 4984 1040 5044 1,
1055 4986 1141 5033 167
1171 5001 1226 5032 τι
1249 4986 1327 5032 Er
1344 4986 1504 5033 setzte
1517 4988 1598 5034 ein
1620 4985 1900 5047 peinliches

358 5048 579 5105 aeriam,
603 5050 772 5113 βουλὴν
789 5048 860 5099 ἐπ’
879 5050 1108 5113 ἐσχάτων,
1122 5063 1271 5113 qeqen
1302 5052 1585 5114 Veryeuder
1609 5053 1695 5103 des
1723 5058 1903 5104 ναίει·-

354 5118 517 5168 lichen
548 5122 855 5181 Vermoeqens
876 5119 1067 5169 nieder.
1086 5139 1110 5163 n
1138 5122 1411 5181 Wagnerus
1427 5122 1461 5171 l.
1489 5121 1523 5172 l.
1540 5135 1571 5184 p
1613 5128 1665 5173 15
1688 5145 1701 5174 :
1728 5142 1753 5166 κ
1775 5123 1902 5182 Quid

352 5189 393 5238 ni
413 5190 583 5253 βουλὴν
604 5187 678 5238 ἐπ’
698 5190 909 5253 ἐσχάτων
934 5203 986 5240 sc.
1023 5191 1272 5255 χρημάτων
1298 5191 1376 5243 vel
1400 5192 1618 5243 δαπανῶν
1644 5194 1897 5258 collegium

1954 653 2038 703 tilii
2057 657 2238 716 septem
2255 690 2270 716 ,
2291 666 2376 716 per
2393 666 2513 716 quos
2531 653 2598 702 ita
2615 654 2804 703 soboles
2828 657 2934 716 ejus
2956 660 3128 716 aucta,
3155 658 3208 704 ut
3229 656 3509 706 Bacchiadae

1951 740 2227 790 dicerentur
2244 754 2331 803 pro
2355 740 2643 802 Heraclidis,
2671 742 2755 804 qui
2777 741 2833 791 iis
2854 754 3140 792 successere.
3172 742 3236 804 (2)
3257 743 3510 793 Periander

1951 829 2137 890 primus
2169 827 2518 890 rempublicam
2545 827 2850 890 immutavit,
2870 829 3150 879 satellitium
3178 830 3266 879 sibi
3289 843 3507 892 sumenS,

1951 928 2108 977 neque
2126 915 2175 964 in
2194 915 2311 964 urbe
2332 915 2496 965 vivere
2528 916 2654 978 plebi
2677 918 2986 979 permittens,
3020 928 3281 980 servosque
3302 918 3432 967 alere
3460 920 3511 968 et

1952 1001 2162 1051 deliciari
2189 1002 2444 1065 prohibens
2460 1020 2475 1064 ς
2495 1002 2544 1051 in
2563 1003 2758 1064 reliquis
2781 1003 3029 1054 moderate
3042 1017 3094 1054 se
3115 1005 3256 1067 gessit
3274 1019 3303 1054 a
3320 1006 3512 1055 nemine

1956 1088 2193 1138 tributum
2218 1089 2453 1153 exigendo
2469 1127 2484 1151 ,
2503 1089 2585 1139 sed
2605 1093 2861 1141 contentus
2877 1092 3121 1141 venalium
3140 1092 3447 1154 vectigalibus
3464 1096 3514 1143 et

1956 1177 2197 1239 portoriis.
2223 1180 2390 1240 Neque
2413 1178 2620 1241 injustus
2645 1191 2800 1241 neque
2815 1179 3055 1229 violentus
3072 1182 3192 1242 erat,
3220 1180 3331 1229 odio
3349 1185 3512 1230 autem

1958 1263 2126 1314 habuit
2156 1264 2414 1327 improbos.
2441 1266 2603 1322 Quare
2628 1265 2760 1313 lenas
2777 1278 2944 1315 omnes
2973 1266 3095 1315 mari
3126 1266 3334 1331 demergi
3352 1267 3510 1329 jussit.

1959 1351 2034 1402 Ad
2051 1355 2320 1401 extremum
2345 1351 2526 1400 curiam
2545 1350 2792 1402 constituit
2806 1390 2820 1414 ,
2840 1353 3038 1415 quinon
3060 1354 3388 1416 permitterent
3408 1356 3516 1417 plus

1958 1452 2233 1502 quenquam
2253 1452 2531 1490 consumere
2548 1452 2696 1503 quam
2712 1439 2895 1490 reditus
2918 1441 3112 1492 ferrent.

2463 1673 2568 1735 w.
2611 1675 3005 1737 ELEORUM.

2025 1824 2285 1874 Pantaleon
2313 1824 2537 1875 Eleorum
2562 1839 2651 1876 rex
2677 1839 2763 1889 per
2784 1827 3123 1878 contumeliam
3152 1830 3200 1879 et
3226 1829 3515 1893 proterviam

1963 1911 2116 1960 multa
2135 1910 2356 1974 patravit.
2382 1914 2430 1963 Is
2453 1912 2633 1975 legatos
2650 1912 2713 1962 ad
2729 1926 2781 1964 se
2799 1915 2966 1965 missos
2990 1916 3217 1967 castravit
3233 1918 3283 1967 et
3310 1917 3514 1968 testicu-

1963 1998 2036 2048 los
2053 2011 2222 2048 vorare
2247 1999 2416 2063 coegit.

2387 2150 2462 2210 vl
2476 2151 2519 2209 1.
2562 2152 3097 2212 TENEDlORUM.

2027 2303 2245 2355 Tenedus
2288 2305 2445 2356 insula
2482 2306 2616 2357 initio
2657 2308 2964 2372 Leucophrys
3007 2308 3298 2372 vocabatur3
3332 2312 3520 2373 postero

1966 2393 2213 2455 tempore,
2235 2394 2349 2443 ante
2371 2394 2564 2456 Troica,
2589 2397 2807 2459 Tenues,
2845 2396 2924 2445 cui
2956 2395 3204 2446 dissidium
3237 2406 3350 2448 cum
3386 2401 3521 2462 patre

1967 2478 2319 2539 intercedebat,
2361 2480 2546 2529 colonia
2578 2493 2687 2530 eam
2728 2483 3065 2544 frequentavit.
3104 2485 3406 2547 Narrantque
3431 2499 3520 2535 no-

1966 2578 2125 2615 vercae
2143 2566 2395 2616 calumniis
2422 2567 2637 2630 salsoque
2659 2567 2868 2617 tibicinis
2889 2569 3190 2631 testimonio,
3212 2585 3311 2634 quo
3333 2572 3432 2621 vim
3456 2573 3521 2623 illi

1966 2652 2181 2703 intulisse
2197 2653 2462 2714 dicebatur,
2498 2655 2879 2705 circumventum
2902 2658 3048 2719 atque
3073 2670 3200 2707 arcoe
3217 2671 3247 2707 a
3264 2661 3401 2722 patre
3425 2660 3520 2709 im·

1968 2739 2177 2803 positum
2195 2741 2312 2790 etin
2345 2754 2479 2792 mare
2500 2744 2773 2804 conjectum
2791 2742 2854 2793 ad
2881 2745 3089 2794 insulam
3115 2745 3304 2796 salvum
3326 2760 3427 2797 esse
3444 2747 3525 2797 de·

1968 2827 2138 2878 latum.
2167 2830 2367 2892 Propter
2385 2829 2555 2879 talsum
2574 2843 2690 2880 vero
2708 2831 2914 2881 tibicinis
2932 2832 3260 2883 testimonium
3279 2834 3381 2895 lege
3400 2835 3525 2897 apud

1968 2916 2210 3044 Τεθιέἰῗᾶίοε
2222 2917 2460 2968 sancitum
2482 2919 2580 2980 est,
2604 2931 2664 2968 ne
2691 2914 2867 2969 tibicen
2882 2919 3115 2984 templum
3134 2920 3440 2986 (Apollinis)
3455 2922 3526 2972 in-

1967 3008 2024 3058 gr
2087 2995 2225 3044 ‘atur.

2036 3100 2064 3142 2
2130 3098 2394 3156 Amaurus,
2431 3094 2631 3157 pedihus
2671 3093 2900 3158 claudus,
2939 3095 2990 3144 in
3022 3094 3214 3146 Tenedo
3263 3096 3416 3147 insula
3455 3111 3530 3147 re·

1969 3181 2149 3242 gnavit.

2035 3275 2080 3318 3.
2117 3271 2287 3332 Legem
2310 3281 2340 3318 a
2362 3282 2473 3332 rege
2495 3269 2707 3332 quodam
2735 3270 2861 3332 apud
2898 3270 3133 3320 Tenedios
3161 3271 3309 3320 latam
3337 3271 3533 3335 dicunt,

1971 3368 2035 3404 ex
2057 3369 2154 3418 qua
2175 3356 2214 3405 si
2241 3356 2352 3418 quis
2381 3356 2653 3406 adulterum
2679 3356 3086 3419 deprehenderet,
3111 3358 3400 3409 interficeret
3422 3373 3532 3408 eum

1972 3513 2307 3576 intelligimus,
2327 3515 2405 3563 cui
2441 3514 2709 3564 cavendum
2730 3516 2859 3577 erat,
2881 3529 2942 3564 ne
2959 3516 3067 3577 quis
3105 3514 3391 3564 facultatum
3433 3530 3534 3565 sua·

1972 3597 2083 3633 rum
2101 3584 2299 3633 modum
2317 3597 2545 3646 superans
2562 3585 2739 3634 effusos
2757 3586 2977 3647 sumptus
2995 3586 3184 3634 saoeret.
3215 3604 3240 3628 n
3261 3604 3284 3627 a
3306 3588 3535 3635 Neutram

1974 3654 2239 3714 rationem,
2267 3654 2661 3704 Schneidewinus
2694 3655 2854 3716 addit,
2887 3654 2964 3704 vel
3003 3668 3162 3703 sermo
3199 3667 3387 3717 graecus
3412 3655 3535 3706 serre

1973 3724 2183 3773 videtur.
2211 3743 2236 3768 ιι

2036 3795 2116 3842 Vl.
2153 3792 2386 3857 Πανταλ.]
2414 3791 2619 3852 Koeler.‚
2641 3794 2845 3843 Παντολ.
2873 3793 3075 3843 codices.
3123 3796 3196 3843 De
3229 3806 3338 3855 rege
3366 3793 3458 3842 hoc
3487 3807 3532 3841 v.

1978 3864 2326 3925 Pausaniasll,
2354 3870 2446 3924 ²²3
2477 3862 2649 3913 Strabo
2681 3866 2814 3924 vill,
2841 3877 2891 3926 p.
2919 3870 3036 3925 ⁵5⁶3
3062 3863 3288 3925 Polybius
3315 3866 3412 3924 lv,
3448 3866 3534 3922 573

1977 3932 2235 3982 Athenaeus
2259 3934 2385 3992 xlv,
2414 3945 2461 3994 p.
2493 3937 2613 3991 616,
2640 3938 2676 3982 Α
2692 3950 2709 3996 ;
2749 3932 2991 3983 Plutarch.
3032 3935 3103 3982 De
3135 3932 3314 3983 Herod.
3347 3933 3462 3982 mal.
3488 3946 3532 3982 c.

1983 4008 2056 4063 18,
2075 4016 2123 4064 p.
2142 4006 2259 4063 858,
2288 4004 2342 4052 C.
2364 4027 2428 4039 -—
2451 4001 2654 4067 τούτοις]
2672 4002 2821 4066 τούτῳ
2843 4002 2965 4066 adp.

2038 4075 2147 4122 vn.
2182 4073 2515 4122 ΤΕΝΕΔΙΩΝ.
2536 4085 2634 4121 om.
2657 4071 2987 4134 ABabcdes93
3010 4070 3072 4121 de
3090 4070 3286 4135 reliquis
3303 4084 3401 4120 non
3420 4085 3534 4120 con·

1977 4145 2088 4193 stat.
2121 4141 2314 4193 Addidit
2341 4145 2401 4191 P.
2442 4168 2508 4179 —
2535 4141 2820 4206 Δεύκορρυς]
2851 4141 3114 4205 Λευκόφρυς
3146 4145 3205 4192 Α.
3240 4142 3315 4190 Cs.
3337 4140 3534 4191 Diodor.

1979 4216 2043 4271 V,
2069 4217 2148 4273 83,
2173 4210 2348 4261 Strabo
2371 4213 2509 4272 Xlll,
2538 4224 2589 4273 p.
2613 4215 2727 4271 604,
2763 4210 3021 4259 Pausanias
3046 4213 3109 4271 Χ,
3141 4212 3214 4270 14,
3242 4216 3288 4266 3,
3317 4210 3533 4258 Eustath.

1980 4277 2040 4329 ad
2067 4281 2122 4329 ll.
2155 4293 2203 4342 p.
2232 4283 2309 4339 33,
2343 4285 2422 4339 23,
2442 4279 2528 4341 qui
2565 4278 2637 4329 sic
2673 4278 2967 4328 nominatam
2989 4278 3081 4326 ins.
3103 4276 3220 4326 dicit
3246 4277 3323 4326 διὰ
3351 4279 3404 4327 τὸ
3427 4280 3533 4326 λευ-

1980 4352 2066 4406 κὰς
2085 4350 2208 4413 ἕχειν
2245 4349 2381 4413 ὀφρῦς
2411 4351 2554 4410 ἤγουν
2573 4349 2734 4412 ἐξοχὰς
2756 4348 2880 4410 παρὰ
2897 4348 3002 4403 τοὺς
3035 4347 3285 4409 αἰγιαλούς.
3307 4376 3369 4389 -
3386 4351 3536 4411 Τρωι-

1984 4426 2103 4483 κῶν,
2127 4419 2320 4483 Τέννης]
2345 4421 2563 4483 ἰατρικῶν
2583 4420 2745 4482 τέχνης
2758 4421 2864 4479 ΑΒ,·
2884 4419 3101 4479 ἰατρικῶν
3119 4432 3297 4475 τετενης
3319 4420 3372 4467 C.
3389 4439 3452 4452 —
3473 4421 3536 4474 ὡς

1981 4491 2155 4556 καταψ.
2168 4489 2190 4556 ]
2202 4492 2373 4551 ABG,
2384 4489 2552 4553 reliqui
2566 4502 2665 4538 om.
2678 4492 2759 4545 ὡς.
2772 4488 2919 4536 -καὶ
2930 4486 3219 4551 καταμαρτ.]
3238 4492 3295 4547 0,·
3306 4488 3384 4535 καὶ
3397 4503 3533 4552 μαρτ.

1984 4563 2088 4621 AB;
2108 4575 2369 4624 καταμαρτ.
2387 4559 2575 4621 reliqui.
2599 4583 2663 4595 —·
2679 4555 2879 4621 πατρὸς]
2898 4569 2993 4604 om.
3017 4558 3162 4606 ABG.
3178 4584 3237 4596 —
3258 4556 3335 4605 διὰ
3352 4556 3398 4605 δὲ
3414 4560 3534 4624 κτλ]

1982 4631 2054 4680 sic
2075 4633 2221 4690 ABQ·
2239 4630 2315 4680 διὰ
2330 4632 2385 4680 τὸ
2402 4647 2449 4679 κ.
2467 4630 2545 4678 τὸν
2564 4628 2668 4678 αὖλ.
2681 4629 2752 4677 διὸ
2770 4627 2826 4676 οὗ
2846 4625 3042 4688 νόμιμον
3053 4625 3304 4688 abcdesyp
3316 4640 3334 4682 ‚·
3354 4625 3430 4674 διὰ
3449 4627 3535 4675 δὲ..

1983 4701 2055 4750 διὸ
2069 4700 2125 4748 οὐ
2141 4699 2244 4762 νὸμ.
2269 4703 2329 4749 Ρ.
2350 4700 2574 4748 ceterum
2592 4696 2654 4746 de
2666 4699 2845 4746 Tennoe
2853 4695 3051 4746 historia
3063 4699 3237 4758 praeter
3251 4695 3534 4758 Diodorum,

1989 4769 2269 4819 Pausaniam
2284 4806 2297 4830 ,
2315 4768 2617 4818 Euslathium
2636 4766 2673 4817 l.
2697 4767 2750 4828 l.‚
2773 4780 2824 4817 v,
2844 4766 3135 4816 Plutarchus
3155 4769 3249 4825 Qu.
3273 4769 3358 4816 Gr.
3380 4778 3426 4815 c.
3448 4771 3533 4827 28,

1987 4844 2153 4890 Conon
2177 4841 2362 4890 Narrat.
2384 4843 2464 4900 38,
2499 4837 2719 4888 Eustath.
2737 4836 2799 4886 ad
2834 4836 2968 4886 Dion.
2997 4836 3179 4899 Perieg.
3208 4842 3316 4898 536,
3341 4838 3537 4886 Tzetzea

1987 4911 2048 4960 ad
2069 4914 2179 4973 Lyc.
2203 4913 2312 4971 234,
2336 4909 2561 4971 stephan.
2588 4911 2702 4971 Byz.
2721 4919 2770 4956 v.
2795 4908 2985 4964 Τένεδος
3004 4907 3081 4969 (v.
3102 4906 3295 4956 Aristot-
3320 4907 3377 4956 l'r.
3410 4911 3533 4967 170).

1987 4984 2192 5031 Canum
2207 4993 2294 5029 cur
2313 4978 2501 5029 tibicini
2531 4978 2766 5041 templum
2789 4977 2971 5040 ingredi
2989 4990 3087 5027 non
3106 4977 3323 5039 licuerit,
3342 4990 3370 5026 e
3391 4976 3535 5025 tibia·

1989 5064 2098 5100 rum
2137 5051 2318 5100 musica
2358 5049 2420 5100 ab
2449 5049 2681 5112 Apollinis
2721 5047 2859 5098 cultu
2886 5048 3002 5098 olim
3037 5047 3326 5097 alienissima
3363 5047 3536 5108 repetit

1990 5122 2176 5172 Mulier.
2204 5125 2321 5172 Dor.
2339 5123 2375 5182 1,
2390 5134 2436 5184 p.
2452 5124 2560 5183 344,
2577 5126 2736 5171 3.-2,
2752 5123 2821 5169 De
2840 5115 3539 5183 amauroCApupocuauunde

1991 5206 2088 5242 non
2102 5195 2311 5242 cmistat.
2336 5217 2400 5230 -
2415 5199 2461 5242 3.
2486 5197 2579 5241 τῶν
2608 5192 2839 5256 βασιλέων
2862 5192 2970 5242 Τεν.
2996 5188 3185 5254 θέσθαι]
3217 5187 3537 5240 Schneidewi—
