4016 5916
832 408 1954 553 DICAEARCHUS
2039 415 3007 554 MESSENIUS.

406 1016 541 1086 Quae
591 1010 662 1066 de
701 1011 815 1064 vita
859 1009 1168 1065 Dicaearchi
1210 1009 1511 1066 traduntur
1556 1010 1874 1066 tenuissima
1962 1010 2205 1066 amicitia
2230 1009 2321 1065 vel
2343 1009 2679 1065 arctioribus
2719 1010 2886 1065 etiam
2922 1011 3160 1068 vinculis
3187 1029 3318 1067 cum
3347 1012 3519 1069 nobi-

327 1110 474 1158 sunt.
501 1094 696 1154 Suidas
714 1096 790 1150 ita
815 1093 987 1150 habet
1017 1113 1031 1149 τ
1060 1092 1408 1173 Δικαίαρχος,
1442 1093 1686 1167 Φειδίου,
1714 1096 1874 1154 Σικε-

328 1184 517 1255 λιώτης
552 1183 611 1241 ἐκ
638 1179 836 1247 πόλεως
872 1179 1149 1255 Μεσήνης,
1189 1180 1565 1261 Ἀριστοτέλους
1589 1180 1875 1255 ἀκουστὴς,

331 1271 606 1354 φιλόσοφος
639 1266 730 1328 καὶ
769 1266 943 1348 ῥήτωρ
983 1267 1073 1326 καὶ
1101 1268 1417 1349 γεωμέτρης.
1449 1268 1879 1349 Καταμετρήσεις

328 1363 431 1418 τῶν
465 1360 514 1416 ἓν
544 1354 926 1426 Πελοποννήσω
953 1356 1084 1434 ὀρῶν
1108 1375 1122 1389 ·
1157 1354 1412 1423 Ἑλλάδος
1442 1356 1551 1435 βίον
1579 1358 1631 1414 ἐν
1664 1356 1878 1435 βιὸλίοις

329 1447 399 1524 γ’.
424 1436 589 1510 Οὗτος
608 1440 801 1524 ἔγραψε
824 1440 921 1514 τὴν
937 1440 1205 1500 πολιτείαν
1224 1445 1594 1522 Σπαρτιατῶν·
1616 1444 1705 1501 καὶ
1727 1444 1879 1520 νόμος

333 1534 480 1605 ζτίθη
505 1534 559 1591 ἐν
588 1528 945 1607 Λακεδαίμονι
954 1576 972 1607 ,
1002 1532 1119 1589 καθ’
1146 1531 1363 1590 ἕκαστον
1392 1530 1502 1599 ἔτος
1530 1530 1879 1608 ἀναγινώσκε-

331 1624 450 1679 σθαι
477 1618 564 1679 τὸν
590 1614 745 1696 λόγον
775 1618 842 1684 εἷς
867 1614 929 1675 τὸ
954 1618 1056 1674 τῶν
1083 1614 1276 1696 ἐφόρων
1306 1619 1541 1697 ἀρχεῖον·
1564 1616 1683 1683 τοὺς
1710 1616 1763 1675 δὲ
1786 1616 1880 1687 τὴν

331 1704 589 1780 ἠὸητικὴν
618 1702 831 1785 ἔχοντας
849 1701 1057 1775 ἡλικίαν
1087 1704 1390 1783 ἀκροᾶσθαι.
1411 1703 1519 1765 Καὶ
1541 1709 1692 1763 τοῦτο
1720 1705 1873 1785 ἐκρά·

332 1817 459 1868 τησε
487 1792 645 1874 μέχρι
671 1793 885 1850 πολλοῦ.

412 1879 753 1960 Δικαίαρχος,
784 1876 1221 1955 Λακεδαίμονιος,
1252 1880 1649 1958 γραμματικὸς,
1686 1882 1880 1959 ἀκροα-

333 1967 426 2041 τὴς
449 1966 788 2047 Ἀριστάρχου
814 1964 903 2043 (Ἳ.
936 1966 1016 2024 Cf.
1045 1967 1297 2023 Eudocia
1322 1987 1381 2042 p.
1419 1968 1548 2024 133.
1591 1967 1720 2025 135.

412 2057 573 2114 Idem
598 2075 655 2111 v.
681 2051 1020 2131 Ἀριστόξενος
1125 2048 1302 2130 γε’γονε
1332 2051 1386 2112 δὲ
1412 2052 1499 2111 ἐπὶ
1523 2057 1626 2111 τῶν
1654 2051 1876 2120 Ἀλεξάν·

332 2144 457 2222 δρου
481 2140 571 2200 καὶ
599 2143 701 2198 τῶν
722 2137 1002 2217 μετέπειτα
1026 2137 1226 2219 χρόνων
1242 2182 1258 2210 ,
1286 2142 1355 2205 ὡς
1378 2131 1508 2198 εἶναι
1535 2138 1641 2198 ἀπὸ
1662 2144 1753 2210 τῆς
1783 2136 1881 2219 ρια’

338 2226 723 2304 Ὀλυμπιάδος,
751 2224 1031 2307 σύγχρονος
1060 2224 1365 2306 Δικαιάρχῳ
1389 2229 1464 2306 τῷ
1496 2226 1798 2306 Μεσσηνίῳ.

418 2317 627 2374 Phidiae
652 2317 822 2391 patris
846 2334 1057 2372 nomen
1090 2327 1295 2390 praeter
1317 2313 1547 2372 Suidam
1575 2335 1742 2372 nemo
1776 2328 1883 2371 tra-

336 2407 512 2473 di‹lit;
530 2406 795 2460 Messenes
814 2403 1007 2477 patriae
1029 2403 1284 2458 meminit
1301 2404 1469 2458 etiam
1483 2403 1761 2458 Zenobius
1782 2404 1879 2477 (fr.

340 2492 415 2546 50
438 2486 452 2567 )
479 2500 535 2545 et
560 2490 851 2545 Athenaeus
872 2488 943 2543 de
970 2506 1130 2543 more
1158 2488 1408 2561 quodam
1434 2489 1622 2545 Siculo
1650 2489 1886 2562 loquens

338 2579 447 2651 (fr.
506 2573 620 2652 34).
658 2577 915 2633 Ceterum
961 2574 1202 2647 majores
1231 2576 1321 2631 vel
1354 2587 1612 2649 parentes
1649 2577 1886 2633 Dicaear-

336 2667 428 2720 chi
456 2683 525 2721 ex
546 2666 612 2720 iis
633 2664 839 2720 suerint
862 2664 1169 2733 Messeniis,
1196 2664 1294 2736 qui
1322 2680 1353 2718 e
1380 2663 1774 2736 Peloponneso
1796 2667 1882 2719 vel

336 2752 643 2823 antiquitus
667 2750 758 2805 vel
789 2751 956 2805 etiam
992 2750 1245 2822 Dionysii
1284 2749 1510 2805 demum
1540 2751 1888 2823 temporibus

346 2839 469 2915 (an.
506 2838 639 2913 396.
669 2837 913 2893 Diodor.
953 2837 1118 2904 XIV,
1166 2835 1270 2911 78)
1312 2838 1372 2892 in
1408 2837 1650 2894 Siculam
1684 2837 1886 2893 urbem

334 2926 859 3004 commigrarerant.
892 2925 1113 2981 Etenim
1133 2925 1517 2982 Dicaearchum
1542 2936 1807 3000 cognatos
1830 2927 1887 2980 in

344 3016 747 3088 Peloponneso,
767 3012 1170 3069 Lacedaemone
1188 3023 1342 3085 puta,
1351 3012 1626 3083 habuisse,
1646 3013 1736 3068 vel
1754 3013 1888 3067 inde

334 3101 570 3177 colligas
606 3100 764 3174 quod
793 3100 921 3155 vitae
964 3110 1209 3173 partem,
1259 3100 1447 3155 nescio
1498 3111 1792 3172 quantam,
1826 3102 1885 3154 in

338 3188 728 3263 Peloponneso
751 3188 1036 3260 transegit,
1056 3197 1192 3242 teste
1210 3187 1481 3243 Cicerone
1512 3188 1652 3261 (Ep.
1679 3187 1753 3242 ad
1767 3193 1884 3243 Att.

341 3275 415 3332 vl
432 3315 448 3345 ,
475 3275 572 3349 a),
604 3273 700 3347 qni
724 3273 796 3327 de
821 3273 1026 3328 Nostro
1046 3272 1283 3346 loquens
1308 3274 1385 3328 ait
1416 3292 1429 3327 :
1454 3270 1886 3350 Eratioroptxoss·

336 3383 492 3426 τατος
506 3374 561 3416 et
575 3367 789 3415 vixerat
806 3367 863 3416 1⁶11
876 3362 1252 3434 Peloponneso
1276 3359 1389 3437 (**).
1410 3361 1579 3416 Trahi
1597 3361 1707 3415 huc
1723 3361 1890 3416 etiam

338 3461 526 3524 posset
553 3448 711 3522 quod
731 3444 930 3503 Suidas
949 3447 1159 3502 librum
1179 3448 1483 3503 Dicaearchi
1508 3450 1595 3503 De
1622 3450 1892 3503 montibus

340 3540 712 3611 Peloponnesi
761 3546 1188 3590 commemorat.
1241 3536 1371 3591 Non
1414 3536 1656 3590 multum
1706 3546 1889 3592 tamen

342 3627 426 3679 his
472 3623 792 3691 tribuerim,
845 3639 1024 3695 quum
1067 3622 1364 3696 probabile
1395 3623 1467 3677 sit
1499 3641 1670 3696 quem
1697 3623 1893 3679 Suidas

340 3711 481 3766 dicit
502 3711 708 3764 librum
734 3710 957 3763 nonnisi
984 3719 1205 3782 partem
1231 3707 1393 3765 fuisse
1421 3709 1647 3781 majoris
1671 3711 1878 3784 operis,

342 3799 404 3852 in
431 3816 547 3870 quo
573 3797 643 3852 de
670 3797 893 3853 Graeciae
921 3797 1189 3852 universae
1213 3809 1268 3852 et
1291 3797 1527 3852 aliarum
1550 3797 1777 3853 sortasse
1804 3816 1890 3853 re-

339 3885 578 3958 gionum
594 3884 886 3939 montibus
909 3900 1222 3957 eorumque
1240 3883 1680 3940 dimensionibus
1698 3896 1896 3940 auctor

339 3981 554 4047 egerat.
583 3970 810 4043 majoris
844 3972 1116 4027 momenti
1144 3981 1252 4043 est,
1286 3973 1445 4045 quod
1471 3973 1557 4027 De
1586 3973 1894 4045 Spartano-

345 4076 472 4113 rum
492 4058 805 4132 Republica
836 4059 982 4116 liber
1010 4056 1213 4133 insigni
1249 4059 1417 4132 plane
1458 4059 1635 4118 modo
1664 4076 1696 4115 a
1722 4061 1895 4116 Lace·

340 4143 633 4200 daemoniis
650 4144 959 4200 honoratus
971 4162 1085 4200 esse
1105 4145 1301 4203 fertur.
1320 4144 1391 4201 Id
1404 4147 1552 4200 enim
1564 4147 1899 4220 scriptorem

340 4234 559 4307 arguit,
588 4233 689 4304 qui
724 4250 844 4286 non
874 4231 1048 4286 modo
1078 4233 1250 4287 vitam
1274 4243 1331 4287 et
1357 4234 1605 4288 instituta
1641 4233 1901 4290 Lacedae-

346 4321 671 4374 moniorum
714 4320 936 4392 penitus
972 4330 1265 4393 perspecta
1305 4319 1567 4389 haberet,
1599 4319 1700 4376 sed
1734 4322 1901 4376 etiam

415 4514 484 4574 (*)
512 4516 581 4563 De
608 4514 701 4563 boc
722 4514 1062 4576 grammatico,
1094 4514 1288 4565 aliunde
1318 4528 1415 4565 non
1451 4518 1594 4578 noto,
1619 4518 1684 4567 cf.
1709 4519 1811 4568 not.
1839 4518 1901 4568 ad

352 4583 411 4632 fr.
440 4588 516 4633 33.
542 4587 874 4636 memorantur
906 4587 1138 4647 praeterea
1164 4604 1177 4636 ι
1218 4587 1551 4637 Dicoearchus
1582 4589 1791 4639 AEtolus
1821 4602 1899 4651 ap.

356 4653 518 4715 Polyb.
545 4657 707 4718 xvu,
736 4660 809 4705 ιο.
834 4657 1027 4716 xvul,
1048 4659 1135 4716 a7;
1159 4655 1342 4705 Livium
1364 4659 1568 4719 xxxV,
1600 4664 1679 4720 123
1708 4658 1899 4710 mador.

352 4722 553 4770 xxvln
568 4759 584 4785 ,
611 4729 650 4772 1.
677 4748 743 4760 —-
762 4724 1098 4775 Dicaearchus
1121 4725 1473 4787 Pythaqoreus
1499 4726 1629 4789 apud
1650 4728 1898 4778 Iamblich.

354 4791 457 4841 vlt.
492 4794 635 4855 Pyth.
671 4806 713 4843 c.
748 4799 826 4844 36.
862 4797 928 4845 V.
960 4795 1061 4844 not.
1088 4794 1149 4844 ad
1168 4796 1227 4844 fr.
1254 4801 1330 4847 ³2.
1353 4823 1414 4838 -
1433 4796 1766 4847 Dicaearchus
1784 4802 1900 4861 qui·

359 4861 483 4911 dam
526 4875 606 4926 ap.
636 4863 949 4915 Ptolemaenm
975 4867 1100 4915 Nor.
1136 4866 1259 4915 Hist.
1294 4869 1387 4929 lv,
1412 4879 1456 4929 p.
1487 4872 1598 4926 190,
1624 4872 1639 4916 1
1670 4867 1748 4917 ed.
1783 4871 1901 4917 We-

356 4935 519 4983 sterm.
541 4969 558 4995 ,
593 4935 677 4986 ubi
703 4937 830 4985 inter
848 4935 1006 4985 varias
1031 4935 1235 4986 Helenas
1252 4938 1548 4988 memoratur
1566 4939 1743 4989 Helena
1763 4942 1794 5000 ἡ
1817 4944 1900 4990 Δι-

354 5000 583 5066 καιάρχου
608 5009 692 5054 τοῦ
709 5006 955 5055 Τελεσίνου
974 5005 1160 5069 ἀδελφή.

417 5071 511 5136 (”)
527 5074 834 5125 Aristoxenus
843 5089 1037 5139 quoque
1048 5075 1348 5137 Tarentinus,
1365 5077 1607 5128 familiaris
1620 5079 1901 5140 Dicaearchi,

358 5140 410 5190 in
428 5141 805 5208 Peloponnesum
826 5145 1117 5196 Mantineam
1140 5157 1242 5196 sese
1260 5147 1465 5197 contulit
1488 5148 1691 5212 (suidas
1713 5162 1760 5199 v.
1785 5149 1900 5215 Ἀρι-

355 5212 613 5276 στόξενος)·

544 5313 603 5350 PR
616 5311 831 5349 tantvm
862 5313 978 5350 um.
995 5311 1076 5348 GR.
1099 5323 1151 5334 —
1171 5309 1274 5346 Vol..
1296 5307 1349 5344 l'.
1889 5327 1990 5386 225

1962 1098 2200 1153 lioribus
2245 1098 2530 1170 Spartanis
2567 1105 2706 1152 esset
2745 1097 3098 1170 conjunctus.
3143 1099 3381 1156 Accedit
3405 1100 3517 1157 huc

1965 1185 2122 1258 quod
2159 1184 2356 1240 Suidas
2390 1186 2871 1241 Lacedoemom'um
2908 1187 3293 1243 Dicaearchum
3332 1187 3513 1247 affert.

1964 1271 2132 1327 Unde
2157 1272 2269 1327 hoc
2297 1283 2448 1327 certe
2476 1272 2682 1345 liquet,
2712 1290 2832 1327 non
2863 1272 3106 1328 alienum
3142 1274 3202 1329 id
3250 1286 3459 1332 nomen
3485 1298 3518 1333 a

1963 1359 2523 1414 Lacedaemoniorum
2565 1358 2785 1415 familiis
2836 1359 3023 1416 fuisse.
3073 1362 3268 1434 Neque
3311 1373 3520 1421 temere

1966 1445 2205 1500 Fuhrius
2222 1445 2548 1519 (Dicaearchi
2564 1447 2854 1520 Fragmp.
2875 1452 2969 1513 44.
2986 1449 3326 1511 Darmstadt‚
3352 1450 3453 1517 184
3471 1455 3518 1526 ι)

1964 1534 2276 1606 suspicatur
2296 1573 2313 1602 ,
2355 1530 2743 1588 Dicaearchum
2801 1535 2969 1589 istum
3005 1552 3176 1608 quem
3216 1537 3521 1593 Aristarchi

1967 1618 2304 1692 discipulum
2330 1619 2527 1696 Suidas
2555 1619 2721 1691 dicit,
2751 1621 2889 1677 alius
2913 1637 3045 1679 vero
3068 1640 3237 1678 nemo
3272 1642 3520 1681 comme-

1967 1717 2181 1776 morat,
2203 1706 2431 1763 sortasse
2459 1725 2528 1763 ex
2558 1725 2752 1764 errore
2773 1720 2996 1779 natum,
3022 1728 3207 1783 neque
3234 1710 3521 1768 diversum

1968 1811 2082 1849 esse
2108 1812 2140 1848 a
2166 1794 2371 1849 Nostro
2390 1834 2407 1864 ,
2432 1792 2588 1866 cujus
2611 1793 2683 1850 de
2701 1795 2839 1852 locis
2863 1797 3177 1853 Homericis
3200 1800 3370 1854 crisin
3391 1802 3524 1856 Ari-

1967 1880 2250 1935 starchum
2278 1897 2495 1935 assensu
2520 1898 2621 1936 suo
2657 1882 2896 1938 subinde
2923 1884 3314 1956 comprobasse
3337 1887 3404 1942 iis
3436 1888 3522 1942 in·

1970 1966 2190 2022 dicatur
2213 1985 2338 2040 quae
2366 1967 2440 2022 ad
2466 1967 2536 2021 fr.
2567 1967 2639 2022 33
2670 1969 3079 2027 annotabimus.

2050 2055 2438 2111 Dicaearchum
2460 2056 2757 2111 Aristotele
2789 2058 3052 2131 magistro
3081 2074 3242 2114 usum
3266 2079 3380 2118 esse
3405 2074 3523 2118 tuin

1971 2143 2239 2214 expressis
2256 2142 2442 2197 verbis
2458 2142 2655 2198 Cicero
2679 2140 2793 2215 (De
2815 2143 2958 2218 legg.
2981 2145 3102 2214 111,
3140 2145 3207 2215 6,
3237 2147 3333 2223 14)
3363 2161 3525 2205 testa·

1972 2238 2083 2297 tur,
2137 2240 2256 2283 tum
2293 2247 2362 2285 ex
2405 2228 2727 2303 fragmentis
2761 2230 2968 2302 liquet,
3001 2232 3061 2285 in
3107 2233 3312 2304 quibus
3357 2237 3526 2293 Peri..

1969 2317 2242 2388 pateticus
2273 2317 2588 2389 appellatur
2628 2327 2685 2371 et
2720 2334 2851 2371 cum
2891 2318 3226 2374 Aristoxeno
3257 2333 3314 2377 et
3340 2323 3525 2379 Theo-

1971 2403 2198 2475 phrasto
2226 2405 2606 2477 componitur.
2643 2402 2884 2475 Quando
2910 2422 3047 2459 vero
3074 2404 3146 2461 ad
3169 2409 3528 2466 Aristotelem

1972 2491 2294 2559 accesserit,
2345 2490 2457 2545 dici
2500 2491 2717 2561 nequit.
2750 2490 2907 2545 Inter
2934 2490 3187 2562 juniores
3226 2491 3529 2569 discipulos

1973 2593 2102 2629 eum
2125 2576 2287 2630 fuisse
2312 2577 2565 2643 Osannus
2591 2572 2658 2652 χ’)
2683 2576 2814 2630 inde
2840 2578 3026 2651 colligi
3050 2597 3213 2650 posse
3241 2582 3525 2655 opinatur,

1974 2662 2134 2734 quod
2159 2678 2278 2717 non
2299 2663 2462 2717 simul
2485 2664 2650 2717 etiam
2671 2663 2962 2717 Platonem
2981 2705 2996 2732 ,
3019 2666 3181 2720 sicuti
3200 2667 3292 2721 alii
3311 2670 3529 2724 Aristo-

1975 2749 2157 2818 telici‚
2202 2749 2436 2804 audiisse
2465 2748 2706 2803 dicatur.
2743 2750 3005 2805 Ceterum
3041 2753 3395 2810 Dicaearchus
3419 2775 3530 2813 una

1975 2853 2106 2891 cum
2133 2834 2554 2909 Cephisodoro‚
2595 2835 2877 2891 Eubulide
2920 2847 2978 2891 et
3016 2837 3223 2892 Timaeo
3250 2840 3398 2896 inter
3437 2859 3533 2897 eos

1974 2934 2313 2993 recensetur,
2339 2923 2438 2996 qui
2460 2923 2680 2996 scriptis
2705 2923 2818 2979 suis
2851 2924 3209 2980 Aristotelem
3237 2925 3531 2985 infestave-

1973 3013 2104 3068 rint.
2149 3013 2233 3067 Ita
2262 3012 2411 3066 enim
2452 3011 2784 3067 ‘themistius
2808 3012 2983 3086 soph.
3023 3031 3084 3087 p.
3113 3013 3253 3090 285,
3283 3016 3328 3071 B
3371 3013 3465 3093 β’)
3512 3036 3528 3077 t

1980 3095 2260 3161 Πλάτωνος
2287 3093 2341 3153 δὲ
2370 3097 2428 3154 οὗ
2460 3093 2617 3176 μέχρι
2644 3099 2733 3154 νῦν
2760 3096 3092 3156 καταὸοῶσιν
3120 3101 3191 3165 ὡς
3220 3098 3331 3179 τρὶς
3366 3101 3533 3160 πλεύ-

1976 3204 2158 3250 σαντος
2191 3185 2259 3250 εἷς
2289 3182 2536 3241 Σικελίαν
2562 3181 2648 3240 ἐπὶ
2669 3181 2911 3261 χρήμασι
2940 3184 3030 3241 καὶ
3056 3185 3323 3265 τραπίζῃ;
3361 3189 3535 3270 Κηφι-

1976 3268 2231 3348 σοδώρους
2256 3271 2310 3327 δὲ
2339 3268 2429 3327 καὶ
2473 3267 2796 3337 Εὗὸουλίδας
2829 3269 2921 3328 καὶ
2963 3271 3247 3348 Τιμαίους,
3275 3280 3534 3357 Δικαιάρ-

1975 3358 2124 3434 χους’,
2170 3356 2392 3437 στρατὸν
2421 3353 2539 3415 ὅλον
2581 3360 2686 3416 τῶν
2732 3355 3045 3434 ἐπιθεμένων
3088 3357 3425 3438 Ἀριστοτέλει
3460 3367 3534 3438 τῷ

1981 3443 2292 3522 Σταγειρίτῃ
2337 3440 2453 3501 πότ’
2489 3441 2553 3502 ἂν
2579 3441 2920 3521 καταλέξαιμ’
2951 3446 3203 3518 εὐπετῶς,
3230 3439 3302 3505 ὧν
3331 3449 3420 3505 καὶ
3438 3451 3535 3508 λό-

1977 3552 2061 3607 γοι
2086 3530 2398 3597 ἐξικνοῦνται
2424 3531 2494 3597 εἰς
2519 3528 2663 3588 τόνδε
2689 3529 2779 3589 τὸν
2809 3528 3022 3609 χρόνον,
3050 3532 3410 3612 διατηροῦντες
3438 3536 3532 3606 τὴν

1980 3615 2261 3696 ἀπέχθειαν
2285 3615 2374 3674 καὶ
2397 3615 2752 3698 φιλονεικίανς
2779 3621 2879 3674 His
2907 3620 3079 3693 igitur
3098 3622 3242 3676 inter
3263 3623 3537 3698 malignos

1978 3708 2178 3762 summi
2218 3704 2545 3779 philosophi
2575 3705 2976 3761 detrectatores
3013 3708 3340 3764 Dicaearcho
3369 3710 3535 3766 disci·

1978 3794 2118 3866 pulo
2147 3793 2303 3849 locus
2330 3794 2655 3867 assignatur.
2686 3791 2821 3860 Quae
2845 3811 3013 3866 quam
3036 3805 3189 3851 recte
3218 3795 3368 3852 dicta
3393 3799 3532 3868 sint,

1982 3881 2353 3937 demonstrari
2376 3881 2690 3935 accuratius
2717 3878 2950 3952 quidem
2971 3882 3197 3954 nequit,
3239 3901 3426 3956 neque
3453 3895 3534 3939 ta·

1983 3985 2117 4023 men
2135 3979 2344 4023 temere
2362 3984 2591 4040 prorsus
2617 3968 2678 4021 in
2700 3966 2948 4021 medium
2969 3967 3193 4039 prolata
3215 3985 3327 4023 esse
3345 3969 3538 4024 viden·

1985 4068 2098 4114 tur.
2141 4060 2494 4132 Quamquam
2525 4060 2675 4113 enim
2716 4058 3093 4113 lubentissime
3121 4057 3331 4133 largior
3357 4060 3537 4116 aliena

1986 4163 2020 4202 a
2062 4146 2387 4203 Dicaearcho
2431 4164 2545 4201 esse
2586 4145 2937 4219 spurcissima
2973 4144 3094 4213 illa,
3140 4163 3264 4217 quae
3304 4147 3539 4203 Timaeus

1986 4243 2155 4306 atque
2203 4233 2407 4287 similes
2449 4233 2509 4287 in
2553 4231 2911 4288 Aristotelem
2959 4230 3211 4284 convicia
3248 4230 3535 4303 jecerunt,

1986 4320 2151 4377 fuisse
2176 4331 2362 4376 tamen
2389 4339 2512 4394 quae
2554 4321 2614 4375 in
2651 4319 2949 4377 Aristotele
2993 4319 3194 4373 Noster
3220 4318 3372 4373 baud
3400 4338 3539 4394 pro-

1988 4409 2178 4479 baret,
2196 4411 2366 4464 immo
2387 4427 2506 4464 non
2526 4409 2736 4481 absque
2752 4407 3054 4463 acerbitate
3072 4405 3540 4479 reprehenderet,

1988 4496 2351 4570 intelligetur,
2403 4507 2578 4570 put0,
2635 4498 2681 4550 si
2724 4495 3010 4550 Themistii
3055 4493 3184 4548 loco
3225 4492 3543 4551 admoveris

1988 4603 2250 4660 magnam
2293 4587 2452 4641 istam
2493 4585 2960 4652 controversiam,
3004 4600 3129 4655 quae
3173 4601 3300 4636 cum
3348 4584 3541 4640 Theo-

1988 4672 2219 4746 phrasto
2233 4713 2250 4743 ,
2277 4672 2552 4746 discipulo
2571 4671 2818 4746 magistri
2844 4671 3126 4724 simillimo
3140 4710 3158 4739 ,
3180 4671 3542 4729 intercessisse

1990 4760 2314 4816 Dicaearcho
2343 4759 2497 4833 apud
2530 4759 2859 4816 Ciceronem
2887 4767 3168 4813 narratur.
3203 4759 3351 4814 Hinc
3378 4759 3546 4830 equi-

1991 4845 2122 4901 dem
2149 4846 2354 4921 colligo
2394 4841 2696 4921 propterea
2723 4845 2967 4901 maxime
3007 4845 3366 4900 Aristotelem
3393 4846 3544 4899 vitu·

2057 5009 2121 5071 (*)
2151 5011 2403 5072 seura-qe
2427 5022 2475 5059 z.
2505 5013 2632 5060 rom.
2665 5021 2720 5060 u.
2753 5021 2835 5072 qr.
2873 5007 3304 5071 Liceraturqesch.
3331 5007 3541 5070 (cassel.

2001 5080 2158 5140 1839)
2188 5082 2308 5130 tom.
2334 5083 2405 5138 ΙΙ,
2426 5092 2476 5142 p.
2506 5087 2548 5130 ι.

2054 5150 2142 5213 (**)
2173 5149 2308 5212 Fugit
2338 5149 2415 5198 hic
2443 5150 2577 5201 locus
2609 5149 2840 5202 Fuluium
2870 5150 3010 5201 sicuti
3043 5152 3276 5215 reliquos,
3306 5153 3548 5215 quantum

1990 5221 2167 5281 sciam,
2193 5218 2277 5281 qui
2300 5217 2360 5269 de
2387 5219 2664 5269 Dicaearcho
2689 5219 2836 5271 verba
2856 5222 3085 5271 recerunt.

3308 5311 3357 5350 lb
