4016 5916
540 430 651 485 194

532 540 765 618 θαλάττῃ
796 536 881 597 διὰ
922 542 1026 597 τῶν
1070 533 1327 617 φιλτάτων
1369 533 1459 592 καὶ
1496 534 1819 593 οἰκειοτάτων
1855 533 2069 604 τέκνων,

532 626 777 707 βασιλεὺς
800 623 870 683 ὢν
915 625 1004 684 καὶ
1028 622 1249 689 πολλοὺς
1290 621 1424 700 ἔχων
1470 620 1745 690 ὑπηκόουςζ
1776 619 2077 690 Ὀσιωτάτη

527 716 627 797 γὰρ
658 714 789 786 αὕτη
814 720 847 785 ἡ
877 712 1027 772 θυσία
1069 718 1198 777 θεοῖς
1230 709 1320 767 καὶ
1357 707 1769 789 προσφιλεστέρα
1800 713 1830 779 ἡ
1863 707 1945 765 διὰ
1974 711 2077 765 τῶν

529 802 730 862 οἰκείων
778 802 866 860 καὶ
908 799 1256 859 εὐνουστάτων
1298 799 1512 877 ἀνδρῶν.
1559 832 1635 843 —-
1676 802 1743 856 In
1785 801 2082 874 postremis

529 895 822 949 Athenaeus
854 911 868 946 ε
900 887 991 954 τὰς
1030 881 1334 964 μαγειρικὰς
1375 885 1692 962 μαγγανείας
1733 887 1823 943 καὶ
1868 884 1967 960 τὰ,
2012 888 2080 949 ὣς

531 982 558 1034 ὁ
595 973 893 1055 Μένανδρός
922 997 1027 1055 φησ
1033 997 1108 1045 ιν,
1137 970 1552 1042 ὑποὸινητιῶντα
1594 971 1878 1052 βρώματα,
1906 971 1996 1029 καὶ
2023 995 2081 1028 το

528 1064 672 1173 παρὰ
701 1065 908 1129 πολλοῖς
937 1058 1470 1171 λασταυροκάκκαὸον
1524 1061 1840 1136 καλούμενον
1872 1062 2079 1139 βρῶμα,

530 1149 599 1216 ὥς
643 1148 1127 1229 φησιΧρύσιππος,
1174 1138 1232 1205 ου
1273 1151 1307 1217 ἡ
1350 1145 1647 1217 κατασκευὴ
1695 1144 2077 1225 περιεργοτέρα.

529 1242 664 1311 Quae
705 1241 822 1312 ipse
871 1240 1167 1295 Athenaeus
1217 1236 1288 1291 de
1330 1254 1432 1290 suo
1467 1235 1713 1304 addidit,
1742 1237 1902 1290 sicuti
1946 1253 2081 1289 mox

531 1327 855 1381 Philochori
891 1327 1080 1380 locum
1112 1325 1465 1396 interposuit.
1497 1326 1719 1378 Etenim‘
1746 1326 1933 1398 pergit
1970 1324 2083 1377 Ex-

531 1426 758 1487 cerptor
778 1414 1025 1468 Athenaei
1048 1431 1098 1466 c.
1130 1411 1196 1465 16
1224 1430 1238 1465 t
1286 1409 1528 1487 Πρίαμος
1550 1409 1601 1466 δὲ
1628 1408 1771 1488 παρὰ
1795 1413 1869 1489 τῷ
1889 1412 2080 1485 ποιητῇ

534 1497 624 1556 καί
639 1498 866 1566 ὀνειδίζει
891 1502 996 1563 τοῖς
1019 1500 1145 1563 υἱοῖς
1171 1494 1507 1553 ἀναλίσκουσι
1530 1495 1594 1553 τὰ
1622 1495 1694 1573 μὴ
1718 1494 2081 1573 νενομισμένα,

651 1634 815 1697 Ἀρνῶν
832 1634 905 1694 ἠδ’
937 1633 1101 1697 ἐρίφων
1125 1635 1357 1697 ἐπιδήμιοι
1387 1636 1692 1696 ἁρπακτῆρες.

535 1750 867 1832 [Φιλόχορος
923 1750 977 1809 δὲ
1033 1752 1231 1830 ἱστορεῖ
1282 1750 1373 1808 καὶ
1428 1749 1752 1808 κεκωλύσθαι
1803 1747 2077 1820 Ἀθήνησιν

533 1837 758 1896 ἀπέκτου
790 1837 938 1918 ἀρνὸς
969 1837 1163 1914 μηδένα
1184 1837 1454 1914 γεύεσθαι,
1489 1836 1824 1908 ἐπιλιπούσης
1846 1834 1973 1894 ποτὲ
1992 1840 2085 1906 τῆς

532 1930 634 1984 τῶν
665 1924 811 2007 ζῴων
839 1926 1033 1984 τούτων
1061 1924 1325 2003 γενέσεως.
1348 1932 1367 1996 ]
1395 1923 1787 1995 Ἑλλήσποντον
1818 1925 1871 1981 δὲ
1893 1918 2085 1998 Ὅμη-

535 2038 617 2093 ρος
645 1986 915 2093 ἰχθυόεντα
944 2012 1371 2093 προσαγορεύων,
1400 2035 1491 2069 και
1516 2009 1632 2078 τους
1668 2010 1918 2076 Φαίακας
1941 2012 2012 2067 π)
2017 2034 2084 2067 ω-

531 2101 845 2168 τικωτάτους
885 2106 1074 2175 ποιῶν,
1124 2102 1215 2159 καὶ
1262 2103 1313 2158 ἐν
1359 2105 1425 2179 τῇ
1469 2099 1647 2178 Ἰθάκῃ
1688 2096 1832 2163 εἰοὼς
1876 2096 2088 2174 λιμένας

536 2189 742 2255 πλείους
776 2190 866 2247 καὶ
892 2188 1082 2260 νήσους
1109 2195 1380 2269 προσεχεῖς
1405 2185 1632 2260 πολλὰς,
1683 2188 1734 2244 ἔν
1780 2175 1859 2249 αἷς
1900 2181 2088 2261 ἰχθύων

537 2276 732 2353 ἐγίνετο
773 2279 964 2346 πλῆθος
991 2274 1081 2332 καὶ
1111 2274 1303 2381 ἀγρίων
1352 2273 1590 2353 ὀρνίθων,
1613 2272 1702 2331 καὶ
1732 2273 1802 2339 εἰς
1838 2271 2083 2347 εὔδαιμο-

533 2364 645 2422 νίαν
677 2362 731 2421 δὲ
756 2366 1091 2443 καταριθμῶν
1123 2362 1181 2420 τὸ
1210 2362 1303 2432 τὴν
1333 2362 1601 2420 θάλασσαν
1632 2363 1776 2440 ἰχθῦς
1808 2356 2087 2437 παρέχειν,

534 2452 676 2527 ὅμως
715 2449 911 2509 τούτων
936 2450 1081 2508 οὐδὲν
1123 2448 1303 2508 οὐδένα
1332 2453 1471 2507 ποιεῖ
1509 2444 1949 2549 προσφερόμενον·
1997 2443 2088 2501 καὶ

535 2529 638 2606 μὴν
664 2531 769 2588 οὐδ’
798 2527 1009 2608 ὀπώραν
1038 2527 1356 2608 παρατίθησί
1394 2550 1523 2600 τινι,
1556 2526 1743 2604 καίπερ
1773 2517 1929 2582 ουσαν
1956 2524 2088 2579 πολ-

533 2590 652 2689 λὴν,
681 2639 771 2673 και
802 2615 990 2685 ἥδιστα
1032 2615 1223 2685 ταύτης
1256 2612 1591 2691 μνημονεύων
1619 2612 1710 2670 καὶ
1753 2610 1925 2668 πάντα
1965 2608 2091 2688 χρό-

534 2726 620 2761 νον
659 2702 1070 2781 παρασκευάζων
1113 2701 1386 2758 ἀθάνατον.
1444 2726 1467 2751 «ι
1513 2695 1726 2775 Ὀγχνη
1755 2697 1877 2776 γὰρ’,
1907 2696 2089 2775 φησὶν,

536 2790 623 2848 ἐπ’
651 2790 816 2866 ὄγχνη
834 2814 858 2840 ¹·
884 2785 973 2846 καὶ
1000 2787 1065 2844 τὰ
1093 2786 1221 2857 ἑξης.
1265 2786 1420 2846 Ἀλλὰ
1459 2785 1563 2861 μὴν
1591 2783 1705 2842 ουδὲ
1735 2782 2086 2863 στεφανουμέ-

537 2898 650 2940 νους
689 2875 804 2932 οὐδὲ
848 2873 1195 2953 μυρουμένους
1224 2875 1384 2944 ποιεῖ,
1422 2896 1599 2952 ωσπερ
1628 2869 1741 2929 οὐδὲ
1767 2874 2089 2947 θυμιῶντας,

540 2961 675 3020 ἀλλὰ
699 2962 907 3019 πάντων
933 2962 1123 3019 τούτων
1152 2960 1391 3017 ἀπολύων
1413 2958 1525 3026 τους
1546 2957 1843 3037 ἀνθρώπους
1867 2960 1933 3024 εἷς
1955 2960 2038 3015 εὖτ

540 3141 693 3177 assam
713 3128 937 3189 apponit,
965 3128 1026 3176 ab
1053 3127 1377 3175 immoderatis
1394 3127 1620 3175 nimirum
1641 3125 1979 3187 cupiditatibus
2000 3139 2089 3174 nos

540 3205 779 3256 abducere
798 3206 1011 3267 studens;
1041 3209 1289 3256 Nestorem
1314 3207 1485 3266 etiam,
1510 3218 1659 3267 quum
1676 3204 1814 3264 juxta
1835 3217 1968 3252 mare
1983 3217 2091 3266 gra-

538 3287 645 3334 tum
674 3287 892 3347 Neptuno
918 3283 1202 3332 sacrificium
1232 3282 1528 3340 institueret,
1548 3281 1805 3330 liberorum
1832 3280 2091 3330 ministerio

541 3364 754 3410 utentem
774 3362 913 3422 facit,
938 3360 1120 3410 etiamsi
1145 3361 1325 3409 multos
1348 3358 1545 3408 baberet
1577 3357 1723 3420 alios,
1749 3358 1832 3406 ubi
1855 3358 1925 3407 ait
1952 3377 1965 3408 z
1997 3357 2093 3407 Sed

542 3452 660 3500 aye,
690 3439 829 3487 alius
850 3437 1054 3501 quidem
1078 3441 1130 3486 in
1153 3450 1392 3499 campum
1420 3436 1491 3486 ad
1511 3436 1677 3485 bovem
1699 3438 1801 3499 eat,
1829 3437 1923 3484 etc.
1962 3436 2092 3484 Alci-

541 3529 664 3565 nous
703 3516 847 3564 etiam
887 3514 1165 3563 Phaeacibus
1214 3513 1491 3562 deliciarum
1528 3511 1861 3561 amantissimis
1899 3512 2092 3574 epulum

543 3593 787 3655 praebens,
816 3594 866 3641 et
902 3591 1083 3653 Ulyssi‚
1116 3604 1261 3653 quem
1291 3589 1494 3652 hospitio
1528 3591 1812 3652 exceperat,
1842 3588 2006 3638 hortos
2044 3593 2092 3639 et

1602 416 2076 475 Dloscombls
2136 418 2633 477 FRAGMENTA.

2166 536 2308 592 λειαν
2354 535 2443 593 καὶ
2490 536 2799 615 αὐτάρκειαν
2847 534 3122 616 ἐξαιρεῖται
3160 536 3278 603 τοὺς
3316 536 3417 618 πρὸ
3453 543 3561 597 τοῦ.
3615 542 3726 599 Καὶ

2170 623 2298 689 θεοῖς
2329 622 2383 680 δὲ
2411 624 2583 694 ἁπλῆν
2612 623 2898 681 ἀποδίδωσι
2919 624 3152 697 δίαιταν,
3178 624 3371 705 νέκταρ
3400 626 3489 684 καὶ
3519 627 3727 706 άμὸρο·

2170 708 2307 770 σίαν.
2349 711 2454 770 Καὶ
2483 709 2597 776 τοὺς
2626 710 2921 791 ἀνθρώπους
2957 712 3010 769 δὲ
3053 715 3193 770 ποιεῖ
3230 718 3489 790 τιμῶντας
3536 714 3726 783 αὐτοὺς

2171 797 2274 854 ἀπὸ
2314 802 2405 869 τ’ἧς
2446 798 2676 875 διαίτης,
2703 799 2907 879 ἀφελὼν
2935 798 3225 858 λιὸανωτὸν
3252 801 3340 858 καὶ
3370 800 3603 880 σμύρναν
3630 804 3725 861 καὶ

2170 884 2447 966 στεφάνους
2475 887 2563 944 καὶ
2590 887 2683 956 τὴν
2710 887 2829 965 περὶ
2852 892 3016 945 ταῦτα
3041 886 3259 968 τρυφήν.
3302 888 3407 946 Καὶ
3431 892 3522 959 τ’ἧς
3551 889 3727 961 ἁπλῆς

2173 969 2226 1028 δὲ
2251 969 2441 1042 ταύτης
2463 971 2661 1042 διαίτης
2685 975 2778 1030 οὐκ
2800 972 3074 1043 ἀπλήστως
3092 973 3449 1042 ἀπολαύοντας
3471 976 3725 1055 παρίστη-

2173 1081 2283 1130 σιν,
2319 1061 2434 1117 ἀλλ’
2464 1062 2533 1125 ὡς
2570 1061 2618 1116 οἱ
2644 1058 2912 1140 κράτιστοι
2941 1065 3041 1119 τῶν
3085 1063 3274 1141 ἰατρῶν
3305 1065 3583 1142 ἀφαιροῦσι
3625 1062 3720 1131 τὰς

2171 1144 2496 1223 πλησμονάς.

2295 1276 2445 1337 Αὐτὰρ
2464 1276 2562 1324 ἐπεὶ
2589 1275 2753 1331 πύσιος
2772 1276 2852 1324 καὶ
2878 1276 3064 1334 ἐδητύος
3089 1277 3134 1333 ἐξ
3158 1276 3261 1340 ἔρον
3286 1278 3417 1331 ἕντο,

2172 1387 2259 1444 καὶ
2281 1386 2372 1458 τὴν
2399 1385 2671 1464 ἐπιθυμίαν
2695 1387 3064 1467 πληρώσαντες
3082 1392 3128 1447 οἳ
3155 1388 3246 1465 μὲν
3269 1388 3511 1466 ἐξώρμων
3530 1390 3614 1448 ἐπὶ
3635 1415 3724 1468 με·

2170 1474 2325 1546 λέτην
2357 1472 2666 1545 ἀθλητικὴν,
2709 1474 2926 1532 δίσκοισι
2955 1473 3263 1553 τερπόμενοι
3304 1476 3393 1534 καὶ
3423 1475 3686 1552 αἰγανέαις
3705 1523 3722 1548 ,

2173 1567 2235 1641 τῇ
2265 1563 2449 1642 παιδιᾷ
2478 1561 2543 1619 τὰ
2572 1561 2699 1639 πρὸς
2727 1560 2955 1632 σπουδὴν
2990 1564 3390 1638 ἐκμελετῶντες·
3415 1567 3460 1621 οἱ
3495 1564 3546 1622 δὲ
3576 1570 3724 1623 κιθα-

2181 1651 2355 1729 ρῳδῶν
2391 1652 2656 1728 ἠκροῶντο
2695 1649 2785 1715 τὰς
2827 1648 3053 1728 ἡρωικὰς
3092 1651 3302 1731 πράξεις
3349 1653 3401 1708 ἐν
3441 1652 3583 1728 μέλει
3630 1656 3727 1712 καὶ

2178 1739 2355 1818 ῥυθμω
2375 1735 2679 1793 ποιούντων.

2252 1823 2345 1883 Διο
2397 1820 2541 1881 ουδὲν
2591 1821 2922 1899 θαυμαστον,
2976 1823 3093 1889 τους
3148 1824 3281 1882 οὕτω
3334 1822 3727 1904 τεθραμμένους

2176 1910 2564 1992 ἀφλεγμάντους
2592 1900 2721 1967 εἶναι
2754 1909 2820 1967 τὰ
2859 1910 3081 1987 σώματα
3109 1911 3199 1969 καὶ
3227 1912 3317 1976 τὰς
3339 1911 3525 1990 ψυχάς.
3589 1911 3729 1973 Ἐν·-

2176 1997 2498 2075 δεικνύμενος
2534 1988 2620 2056 οῧν
2648 1996 2738 2055 καὶ
2766 1995 2861 2068 τὴν
2891 1997 3183 2066 εὗταξίαν“
3156 2022 3225 2064 ως
3247 2000 3459 2076 ὑγιεινόν
3493 1999 3603 2056 ἐστι
3626 2000 3725 2058 καὶ

2175 2085 2459 2167 εὔχρηστον
2494 2085 2585 2143 καὶ
2635 2083 2831 2159 κοινὸν,
2865 2085 2950 2143 τὸν
2997 2085 3293 2165 σοφώτατον
3337 2084 3570 2166 Νέστορα
3613 2110 3722 2146 πε·

2174 2172 2358 2245 ποίηκε
2410 2171 2657 2251 Μαχάονι
2713 2175 2789 2229 τῶ
2853 2174 3015 2251 ἰατρῷ
3066 2170 3370 2253 τετρωμένῳ
3415 2172 3501 2230 τὸν
3556 2171 3723 2242 δεξιὸν

2176 2249 2319 2337 ὦμον
2345 2257 2703 2340 προσφέροντα
2732 2281 2760 2316 ο
2781 2281 2892 2334 νον,
2921 2268 3034 2326 ταῖς
3061 2261 3371 2338 φλεγμοναῖς
3400 2260 3726 2319 ἐναντιώτα-

2175 2370 2264 2406 τον
2305 2345 2430 2405 ’ὄντα
2455 2381 2533 2390 -
2566 2344 2657 2403 καὶ
2697 2351 2876 2405 τοῦτον
2916 2347 3247 2425 Πράμνειον,
3276 2345 3332 2406 ὃν
3372 2346 3520 2422 ἴδμεν
3547 2346 3725 2427 παχὺν

2176 2434 2265 2492 καὶ
2296 2431 2709 2513 πολύτροφον-
2725 2435 2781 2490 οὗ
2803 2434 3058 2513 διψήσεως
3082 2434 3203 2500 ἄκος
3212 2481 3227 2508 ,
3249 2436 3365 2492 ἀλλ’
3393 2435 3728 2515 ἐμφορήσεως

2178 2519 2356 2579 ἕνεκα·
2395 2520 2661 2579 πεπωκότι
2697 2528 2817 2597 γοῦν
2856 2522 3267 2602 παρακελεύεται
3292 2528 3542 2627 „wey-&c
3575 2529 3730 2582 τοῦτο

2180 2616 2370 2667 ποιεῖν·
2405 2633 2429 2660 α
2462 2606 2539 2667 Σὺ
2571 2607 2691 2684 μὲν,
2737 2606 2898 2687 φησὶ,
2939 2609 3227 2686 καθήμενος
3253 2612 3388 2669 πῖνε.
3419 2637 3445 2660 ι·
3480 2609 3580 2669 Καὶ
3605 2613 3727 2667 ἐπι-

2182 2694 2360 2764 ξύοντα
2386 2718 2535 2775 τυρον
2562 2697 2786 2773 αἴγειον,
2820 2696 2907 2754 ἐπὶ
2937 2695 2990 2754 δὲ
3021 2696 3241 2776 κρόμυον
3271 2719 3431 2754 ποτου
3455 2697 3606 2777 ἄξιον,
3635 2695 3723 2755 ἵνα

2180 2783 2356 2840 πλεῖον
2381 2782 2503 2861 πίνῃ
2521 2826 2537 2854 ,
2573 2782 2741 2840 καίτοι
2772 2785 3048 2861 ἀλλαχοῦ
3032 2783 3194 2859 Λέγων
3233 2807 3319 2841 τον
3347 2774 3482 2842 οἶνον
3521 2784 3725 2841 ἐκλύειν

2179 2868 2273 2940 τὴν
2290 2869 2586 2948 ἰσχυνκαὶ
2558 2875 2857 2946 απογυιοῦν.
2887 2870 3015 2948 Περι
3036 2869 3089 2929 δὲ
3108 2875 3194 2928 τοῦ
3213 2868 3471 2951 Ἕκτορος
3491 2868 3726 2943 Ἑκάὸη,

2180 2956 2388 3033 οἰομένη
2426 2956 2594 3033 μένειν
2620 2956 2773 3014 αὐτὸν
2814 2956 2871 3015 τὸ
2897 2956 3337 3038 καταλειπιξμενον
3370 2964 3460 3029 τῆς
3493 2956 3724 3037 ἡμέρας,

2179 3126 2341 3173 fecerit
2363 3126 2503 3186 poeta
2521 3162 2534 3185 ,
2555 3127 2604 3174 et
2625 3125 2758 3174 nullo
2783 3128 2997 3186 tempore
3024 3125 3428 3176 inter-morientem
3464 3124 3728 3175 eorundem

2179 3205 2465 3262 proventum
2481 3201 2623 3251 fuisse
2652 3202 2913 3264 prodiderit
2924 3216 3108 3265 ,quum
3140 3203 3239 3264 ait,
3271 3206 3414 3266 Pyra
3445 3202 3724 3252 succedunt

2178 3284 2348 3343 pyris,
2369 3283 2419 3330 et
2436 3294 2546 3344 quae
2565 3282 2848 3344 sequuntur.
2877 3285 3025 3332 Porro
3047 3295 3138 3331 nec
3159 3283 3374 3344 coroni5‚
3400 3296 3488 3331 nec
3510 3295 3724 3344 unguen-

2184 3359 2274 3419 tis,
2299 3371 2390 3407 nec
2419 3357 2806 3408 suffimentorum
2828 3358 3057 3409 odoribus
3073 3362 3262 3409 utentes
3297 3360 3428 3409 facit.
3455 3358 3550 3409 Sed
3572 3359 3726 3408 omni·

2185 3437 2275 3486 bus
2307 3436 2381 3486 bis
2401 3435 2582 3487 deliciis
2607 3437 2821 3488 eximens
2845 3437 3090 3501 hominen,
3117 3439 3166 3487 in
3193 3438 3463 3488 libertatem
3494 3451 3551 3487 ac
3580 3439 3726 3487 vitam

2134 3566 2140 3588 Ι
2185 3515 2346 3575 paucis
2362 3516 2638 3564 contentam
2657 3550 2670 3574 ,
2701 3514 2965 3577 praesertim
2997 3528 3129 3577 reges
3148 3514 3371 3565 vindicat.
3408 3518 3563 3579 Atque
3580 3515 3727 3564 etiam

2133 3623 2140 3652 2
2180 3590 2271 3639 diis
2307 3590 2571 3652 simplicem
2604 3590 2775 3640 tribuit
2816 3590 2997 3640 victum
3018 3628 3034 3652 ‚
3061 3593 3229 3641 nectar
3256 3593 3303 3641 et
3326 3592 3631 3642 ambrosiam.
3667 3595 3729 3642 Et

543 3669 739 3717 domum
762 3669 1012 3731 victusque
1031 3667 1106 3716 sui
1125 3667 1357 3717 rationem
1380 3666 1632 3717 ostendens
1650 3666 1769 3716 tales
1786 3662 1981 3729 apponit
2004 3665 2093 3714 da·
2132 3663 2140 3714 i
2185 3667 2398 3716 homines
2416 3666 2598 3715 inducit
2615 3666 2677 3716 de
2697 3667 2911 3729 ipsorum
2935 3668 3069 3717 victu
3096 3668 3201 3717 illos
3223 3669 3538 3729 honorantes,
3560 3669 3729 3732 procul

542 3758 640 3807 pes.
682 3744 752 3793 Ad
784 3745 888 3794 haec
909 3757 1094 3807 procos,
1132 3743 1349 3794 homines
1386 3744 1658 3806 petulantes
1688 3745 1735 3792 et
1766 3743 2095 3805 voluptatibus
2132 3721 2140 3838 ι
2180 3744 2401 3806 ablegans
2419 3744 2591 3805 thura,
2610 3744 2883 3806 myrrham,
2904 3758 3130 3806 coronas,
3151 3745 3358 3806 aliasque
3383 3745 3430 3792 in
3451 3745 3542 3792 boe
3556 3758 3730 3806 genere

544 3825 754 3872 maxime
772 3823 984 3884 deditos,
1005 3835 1094 3873 nec
1126 3823 1275 3885 pisces
1295 3822 1406 3872 tacit
1437 3823 1658 3885 edentes,
1687 3835 1842 3884 neque
1875 3834 1988 3871 avoe
2011 3823 2095 3870 aut
2181 3821 2389 3871 delicias.
2413 3828 2482 3872 Ac
2501 3835 2562 3872 ne
2574 3822 2677 3885 ipso
2698 3822 2893 3885 quidem
2915 3823 2996 3873 illo
3015 3824 3144 3872 victu
3160 3822 3515 3871 immoderatius
3535 3825 3729 3872 utentes

545 3901 787 3963 placentas
815 3900 1054 3950 mellitas:
1084 3903 1139 3948 ut
1161 3900 1321 3949 omnia
1352 3900 1477 3963 gulae
1510 3899 1808 3949 irritamenta
1829 3898 2059 3948 aboleret.

606 3977 820 4026 Priamus
838 3989 951 4026 vero
962 3976 1088 4040 apud
1107 3978 1297 4039 poetam
1310 3976 1527 4038 obiurgat
1544 3975 1686 4026 etiam
1704 3974 1841 4036 tilios,
1862 3975 1991 4037 qnod
2018 3987 2092 4036 ea,

548 4066 661 4115 quoe
684 4053 817 4103 netas
842 4055 992 4114 esset,
1013 4053 1316 4102 absumerent
1338 4071 1351 4100 ι

674 4190 893 4236 agnorum
910 4182 1041 4236 atque
1059 4178 1301 4224 boedorum
1318 4179 1481 4236 publici
1501 4184 1718 4236 raptores-

546 4298 889 4363 [Pbilochorus
932 4311 1047 4347 vero
1089 4297 1334 4346 memoriae
1374 4296 1606 4359 prodidit,
1646 4296 1840 4346 Athenis
1872 4310 2095 4358 quoque,

547 4389 699 4439 quum
726 4376 971 4426 defecisset
996 4375 1252 4438 aliquando
1279 4374 1519 4437 pecudum
1543 4388 1709 4437 genuS,
1740 4372 1939 4423 vetitum
1955 4375 2098 4424 fuisse

546 4467 609 4504 ne
655 4455 765 4518 quis
799 4455 990 4504 intonso
1025 4467 1149 4517 agno
1194 4451 1532 4516 vescendum]
1564 4456 1737 4514 Porro,
1776 4453 1887 4501 licet
1919 4454 2095 4504 uelles·

546 4533 747 4592 pontum
792 4534 1052 4594 piscosum
1081 4529 1339 4580 nominarit
1374 4532 1639 4592 Homerus,
1672 4531 1721 4582 et
1752 4529 1976 4578 Phoeacas
2005 4543 2095 4579 na-

548 4608 770 4670 vigationi
798 4608 1015 4672 inprimis
1035 4622 1228 4672 operam
1256 4609 1424 4658 dantes
1449 4609 1647 4670 fecerit,
1671 4610 1719 4657 et
1747 4608 1797 4657 in
1827 4608 1992 4658 Ithaca
2019 4609 2097 4659 in-

547 4683 651 4732 sula
671 4683 830 4747 plures
847 4688 1014 4747 portus
1033 4686 1240 4746 noverit,
1258 4687 1526 4749 multasque
1539 4685 1589 4735 in
1604 4684 1874 4748 propinquo
1898 4685 2095 4749 insulas»,

549 4760 597 4808 in
620 4759 795 4821 quibus
821 4760 1023 4823 piscium
1073 4765 1123 4812 et
1151 4763 1439 4813 silvestrium
1470 4762 1739 4813 volucrium
1774 4775 1943 4825 magna
1974 4766 2099 4814 esset

550 4835 688 4896 copia
698 4871 714 4897 ,
734 4837 881 4898 atque
894 4837 1037 4887 etiam
1056 4838 1105 4887 in
1125 4841 1261 4902 parte
1276 4838 1485 4902 quadam
1501 4839 1739 4890 felicitatis
1756 4838 1949 4888 illorum
1973 4839 2096 4889 loco·

553 4924 659 4960 rum
684 4912 976 4975 numerarit,
1012 4914 1142 4977 quod
1165 4915 1315 4979 pisces
1337 4929 1469 4966 mare
1492 4915 1733 4979 pra’beat3
1758 4916 1995 4966 neminem
2021 4919 2096 4967 ta-

552 5000 667 5035 men
704 4986 885 5050 aliquid
916 4988 1092 5039 horum
1119 4991 1452 5042 comedentem
1493 4992 1692 5043 inducit.
1728 4991 1820 5042 Sed
1857 5004 1917 5041 ne
1952 5005 2096 5055 poma

550 5063 745 5127 quidem
795 5067 845 5114 et
898 5064 944 5115 id
1000 5080 1148 5128 genus
1179 5068 1421 5119 fructuum
1467 5070 1646 5120 mensis
1686 5069 1907 5131 imposita
1952 5069 2096 5132 tacit,

551 5141 773 5206 quamvis
807 5156 893 5194 nec
916 5143 1105 5196 deesset
1130 5147 1294 5209 copia,
1327 5150 1377 5198 et
1406 5147 1573 5199 lubens
1607 5161 1775 5198 eorum
1804 5149 2096 5199 mentionem

2181 3898 2362 3949 inducit
2395 3898 2535 3954 :sed‚
2563 3899 2694 3962 quod
2716 3900 3089 3961 praestantissimi
3111 3899 3287 3949 faciunt
3305 3897 3503 3959 medici,
3525 3899 3725 3948 nimiam

2180 3975 2383 4025 detrabit
2408 3976 2769 4039 plenitudinem.

2236 4102 2471 4158 Postquam
2489 4105 2693 4159 exempta
2713 4100 2849 4146 rames
2868 4103 3030 4159 epulis,
3054 4111 3300 4156 mensaespte
3321 4103 3503 4144 remota:
3518 4121 3540 4150 .-

2185 4225 2436 4287 postquam
2476 4224 2569 4273 cibi
2600 4227 2840 4287 potusque
2878 4223 3164 4274 desiderium
3202 4221 3501 4284 explessent,
3543 4221 3621 4270 alii
3664 4222 3725 4271 ad

2182 4300 2324 4351 ludos
2354 4301 2606 4352 athleticos
2627 4301 2823 4351 exibant
2840 4337 2854 4361 ,
2882 4300 3024 4351 discis
3042 4301 3310 4362 jaculisque
3339 4311 3390 4347 se
3408 4298 3728 4357 oblectantes,

2182 4381 2232 4427 et
2257 4378 2443 4427 ludicro
2475 4377 2555 4428 illo
2572 4378 2833 4427 certamine
2849 4376 2910 4426 ad
2941 4377 3066 4427 seria
3096 4390 3198 4427 sese
3220 4378 3498 4425 exercentes
3525 4395 3537 4425 ι
3561 4375 3638 4423 alii
3658 4377 3729 4423 ci·

2183 4455 2426 4505 tharoedos
2449 4455 2736 4516 audiebant,
2760 4453 2963 4503 heroum
2984 4467 3060 4504 res
3076 4457 3230 4516 gestas
3252 4450 3407 4500 modis
3430 4452 3731 4514 numerisque

2185 4536 2509 4596 exsequentes.

2247 4612 2406 4666 Quare
2446 4608 2513 4658 nil
2537 4609 2740 4670 mirum,
2763 4609 2848 4659 tali
2878 4608 3022 4658 modo
3059 4608 3292 4658 enutritos
3326 4621 3416 4658 nec
3458 4605 3734 4669 corporibus

2185 4687 2483 4748 turgescere,
2519 4699 2608 4736 nec
2647 4686 2836 4736 animis.
2873 4686 3152 4749 Significans
3190 4685 3335 4748 igitur
3370 4684 3540 4746 etiam,
3585 4695 3732 4746 quam

2182 4763 2386 4813 salubris
2420 4763 2508 4824 sit,
2546 4777 2788 4827 quamque
2827 4763 2927 4814 late
2975 4764 3216 4827 patentem
3260 4762 3520 4813 utilitatem
3560 4760 3734 4810 babeat

2183 4839 2430 4889 moderata
2460 4840 2589 4902 vita,
2619 4840 3018 4903 sapientissimum
3057 4842 3304 4890 Nestorem
3339 4837 3592 4889 Machaoni
3626 4850 3730 4885 me-

2183 4919 2318 4979 dico,
2342 4930 2494 4979 quum
2525 4916 2574 4965 in
2592 4916 2789 4967 dextero
2817 4917 3017 4967 humero
3033 4918 3208 4967 vulnus
3237 4916 3525 4979 accepisset,
3553 4917 3736 4964 vinum

2183 4997 2504 5058 porrigentem
2526 4995 2735 5056 inducit,
2770 4995 2904 5059 quod
2939 4999 3013 5046 est
3047 4996 3317 5046 tumoribus
3353 4994 3735 5046 inflammationi·

2182 5073 2370 5136 busque
2393 5075 2600 5124 maxime
2628 5073 2923 5123 contrarium
2941 5111 2955 5132 ,
2991 5073 3205 5136 illudque
3227 5076 3566 5132 Pramnium,
3604 5070 3736 5124 cuod

2183 5150 2407 5200 novimus
2442 5164 2655 5200 crassum
2695 5162 2796 5199 esse
2826 5150 3132 5213 multumque
3165 5149 3291 5201 alere
3303 5166 3319 5211 ;
3358 5151 3407 5200 et
3443 5148 3493 5200 id
3542 5155 3740 5212 quidem
