4016 5916
495 380 606 430 366

1221 508 1310 565 ιζ..

1040 641 1475 701 ΣΩΚΡΑΤΗΣ.

568 781 896 836 Plutarchus
912 779 1139 834 A1istid.
1166 798 1216 836 c.
1250 801 1317 836 1.
1305 779 1701 858 ·Ἀριστείδηςό
1732 753 2042 859 Λυσιμάχου

486 866 686 944 φυλῆς
678 863 821 921 αὲν’
795 887 857 934 ην
880 862 1186 940 Ἀντιοχίδος
1204 908 1219 935 ,
1245 867 1348 921 τῶν
1379 863 1431 922 δὲ
1462 865 1641 941 δημων
1661 864 2040 938 Ἀλωπεκῆθεν.

494 949 627 1030 Περι
653 951 698 1008 δ’
722 951 897 1016 ουσίας
929 951 1085 1008 αὐτοῦ
1115 949 1260 1028 λόγοι
1291 952 1524 1029 διάφοροι
1546 951 1834 1031 γεγόνασιν,
1860 953 2044 1030 οἱμὲν,

499 1042 559 1107 ἧς
609 1041 660 1096 ἐν
708 1036 861 1118 πενία
909 1036 1134 1117 συντόνῳ
1181 1038 1605 1106 καταδιώσαντος
1645 1043 1734 1099 καὶ
1777 1040 1910 1117 μετὰ
1950 1040 2045 1113 τὴν

483 1124 728 1197 τελευτὴν
788 1124 1132 1193 ἀπολιπόντος
1181 1126 1463 1207 θυγατέρας
1511 1126 1602 1186 δύο
1650 1127 1811 1188 πολυν
1860 1129 2047 1209 χρόνον

488 1212 788 1278 ἀνεκδότους
812 1211 875 1270 δι’
898 1212 1120 1291 ἀπορίαν
1149 1213 1524 1292 γεγενημένας·
1548 1215 1611 1294 (a)
1639 1238 1767 1295 προς
1787 1215 1841 1273 δὲ
1869 1239 2047 1275 τουτον

484 1298 573 1357 τὸν
633 1297 783 1376 λόγον
852 1298 953 1357 υπὸ
1008 1301 1215 1358 πολλων
1279 1301 1549 1380 εἰρημένον
1613 1303 2046 1379 ἀντιτασσόμενος

487 1389 515 1443 6
558 1385 842 1464 Φαλημυς
891 1386 1193 1466 Δημήτριος
1239 1390 1292 1445 ἐν
1328 1391 1404 1444 τῶ
1448 1390 1721 1469 Σωκράτει
1759 1390 1949 1469 χωρίον
1990 1414 2046 1449 τε

488 1474 736 1552 Φαληροῖ
777 1497 904 1553 φησι
946 1472 1216 1549 γινώσκειν
1270 1474 1581 1554 Ἀριστείδου
1629 1477 1931 1554 λεγόμενον,
1991 1482 2050 1536 ἐν

486 1553 531 1640 ᾧ
555 1560 852 1636 τέθαπται,
870 1583 961 1618 και
989 1561 1246 1639 τεκμήρια
1268 1564 1360 1632 τῆς
1385 1561 1503 1642 περὶ
1532 1563 1619 1620 τὸν
1641 1554 1778 1622 οἶκον
1792 1564 2047 1668 ευπορίας

493 1647 548 1704 ἓν
572 1646 663 1724 μὲν
686 1648 890 1725 ἡγεῖται
915 1670 1010 1717 την
1034 1646 1302 1723 ἐπώνυμον
1319 1647 1509 1729 ἀρχὴν,
1533 1650 1596 1721 ἢν
1617 1642 1739 1730 ηρξε
1757 1656 1830 1731 τῷ
1858 1650 2046 1729 κυάμῳ

483 1733 664 1812 λαχὼν
699 1736 758 1791 ἐκ
791 1757 893 1790 των
930 1738 1089 1809 γενῶν
1119 1759 1220 1792 των
1246 1734 1313 1792 τὰ
1372 1733 1593 1813 μέγιστα
1645 1736 1922 1816 τιμήματα
1956 1760 2044 1795 κε·

490 1843 590 1890 κτη
596 1819 784 1897 μένων,
801 1819 885 1886 οὒς
905 1821 1500 1899 Πεντακοσιομεδίμνους
1515 1823 1913 1903 προσηγόρευον,
1937 1823 2036 1881 ἔτε·

491 1930 577 1988 ρον
624 1909 676 1966 δὲ
720 1907 807 1966 τὸν
842 1907 1272 1988 ἐξοστρακισμόν·
1313 1911 1476 1969 οὖδενι
1510 1911 1610 1991 γὰρ
1648 1934 1749 1969 των
1793 1935 2044 1983 πενητων,

486 1994 621 2054 ἄλλα
660 1997 766 2063 τοῖς
793 1994 845 2065 ἐξ
885 1995 1037 2055 οἴκων
1072 1996 1314 2074 μεγάλων
1348 1997 1438 2056 καὶ
1476 2000 1542 2056 δι’
1570 1999 1723 2076 ὄγκον
1752 2000 2041 2079 ἐπιφθόνων

484 2084 738 2163 ὄστρακον
775 2083 1134 2163 ἐπιφέρεσθαι·
1174 2087 1237 2163 (a)
1279 2085 1451 2164 τρίτον
1489 2086 1543 2144 δὲ
1590 2109 1680 2144 και
1719 2088 2038 2161 τελευταῖον,

485 2167 566 2227 ὅτι
594 2169 738 2241 νίκης
766 2170 1080 2246 ἀναθήματα
1109 2195 1419 2251 χορηγικους
1441 2172 1689 2251 τρίποδας
1711 2175 1763 2230 ἐν
1790 2173 2042 2232 Διονύσου

487 2255 788 2334 κατέλιπεν,
816 2256 867 2316 οἳ
894 2282 982 2317 και
1011 2259 1123 2322 καθ’
1152 2264 1294 2336 ἡμᾶς
1333 2259 1621 2319 ἐδείκνυντο
1650 2261 1893 2332 τοιαύτην
1929 2263 2040 2318 ἔπι·

482 2344 687 2425 γραφὴν
737 2346 1088 2420 διασώζοντες,
1132 2374 1154 2400 «ι
1198 2346 1446 2427 Ἀντιοχὶς
1496 2347 1640 2406 ἐνίκα
1659 2348 2043 2458 ,Ἀριστείδης

486 2431 753 2511 ἐχορήγει,
782 2431 1156 2513 Ἀρχέστρατος
1184 2434 1444 2496 ἐδίδασκε.
1479 2462 1501 2488 ι
1531 2435 1595 2516 (ι)
1622 2436 1783 2496 Τουτι
1815 2435 1909 2513 μὲν
1934 2426 2040 2508 ουν,

484 2519 683 2601 καίπερ
711 2509 841 2576 εἶναι
866 2521 1045 2579 δοκουν
1077 2521 1342 2599 μέγιστον,
1371 2521 1742 2583 ἀσθενέστατόν
1774 2527 1901 2582 ἐστι.
1928 2524 2040 2583 Και

483 2628 585 2684 γαρ
609 2604 1065 2683 Ἐπαμεινώνδας,
1104 2608 1160 2666 ὃν
1183 2609 1372 2676 πάντες
1405 2609 1664 2690 ἄνθρωποι
1699 2609 2037 2689 γινώσκουσιν

485 2694 539 2749 ἐν
571 2691 723 2750 πενία
742 2691 833 2751 καὶ
854 2716 1015 2773 τράφε
993 2718 1110 2751 ..ντα
1137 2697 1305 2775 πολλῇ
1327 2720 1416 2754 και
1444 2696 1708 2775 βιώσαντα
1726 2743 1743 2775 ,
1773 2721 1864 2755 και
1888 2697 2038 2757 Πλά-

483 2803 587 2837 των
612 2783 640 2837 6
669 2780 941 2860 φιλόσοφος
959 2803 1053 2837 ουκ
1077 2782 1410 2858 ἀφιλοτίμους
1440 2783 1738 2852 ἀνεδέξαντο
1760 2784 2041 2865 χορηγίας,

484 2871 513 2924 6
541 2865 635 2941 μὲν
666 2866 967 2938 αὖληταῖς’
938 2866 1199 2945 ανδράσιν,
1237 2872 1265 2926 6
1294 2869 1348 2926 δὲ
1373 2869 1525 2928 παισὶ
1557 2871 1782 2936 κυκλίοις
1803 2871 2039 2950 χορηγή·

483 2977 608 3025 σας,
635 2976 803 3011 τουτω
838 2951 931 3030 μὲν
960 2953 1151 3021 Δίωνος
1181 2961 1274 3014 τοῦ
1312 2956 1638 3036 Συρακοσίου
1679 2957 1775 3029 τὴν
1804 2958 2039 3030 δαπάνην

482 3039 823 3117 παρέχοντος,
865 3040 1269 3122 Ἐπαμεινώνδα
1311 3043 1364 3101 δὲ
1404 3047 1506 3101 τῶν
1547 3043 1666 3124 περὶ
1713 3045 2034 3103 Πελοπίδαν.

1218 3224 1303 3265 14.

545 3302 772 3352 Aristides
805 3302 1076 3365 Lysimachi
1114 3304 1265 3365 tilius,
1295 3306 1356 3355 de
1391 3307 1518 3355 tribu
1559 3307 1869 3368 Antiochide,
1907 3311 2039 3357 curia

482 3379 784 3442 Alopecensis
809 3381 915 3430 t'uit.
959 3384 1031 3431 De
1071 3382 1376 3432 facultatibus
1411 3383 1514 3445 ejus
1539 3383 1724 3434 diversa
1763 3344 2036 3435 traduntur.

484 3456 691 3515 Quidam
709 3472 898 3508 summa
916 3458 966 3508 in
986 3463 1262 3522 paupertate
1276 3461 1423 3510 vitam
1443 3461 1678 3523 exegisse,
1698 3463 1912 3524 duasque
1929 3477 2035 3511 mo·

481 3533 682 3582 rientem
701 3534 822 3583 filias
847 3534 1090 3598 reliquisse
1107 3536 1353 3598 scribunt,
1377 3550 1487 3600 quoe
1506 3536 1586 3586 diu
1610 3537 1711 3586 ob
1698 3538 1907 3600 inopiam
1933 3553 2038 3587 ma-

480 3611 600 3661 ritos
613 3624 707 3661 non
718 3612 797 3661 im
800 3612 997 3662 enerint
1019 3616 1083 3675 (2)
1096 3614 1217 3663 Huic
1228 3616 1488 3665 multorum
1501 3616 1755 3666 narrationi
1773 3618 2039 3666 Demetrius

480 3689 770 3739 Phalereus·
757 3703 805 3738 m
825 3694 1020 3741 Socrate
1051 3705 1344 3773 repugnans,
1371 3694 1615 3755 cognitum
1637 3694 1723 3743 sibi
1750 3694 1798 3743 in
1835 3694 2035 3744 Phalero

479 3767 711 3829 proedium
749 3768 815 3818 ait
850 3770 950 3818 Ari.
953 3770 1094 3832 tidis,
1113 3770 1162 3819 in
1183 3784 1280 3834 quo
1298 3786 1339 3820 is
1354 3774 1568 3835 sepultus
1590 3774 1649 3823 sit
1694 3778 1798 3824 Non
1834 3773 2036 3823 defuisse

479 3847 639 3894 autem
666 3859 766 3895 rem
786 3848 826 3895 ei
849 3834 1162 3908 familiarem,
1188 3848 1400 3910 primum
1431 3864 1489 3900 ex
1514 3863 1570 3900 eo
1602 3851 1811 3913 colligit,
1834 3852 1965 3913 quod
1998 3852 2038 3901 is

477 3928 606 3974 sorte
636 3925 853 3974 sabai-um
876 3927 1032 3975 lectus
1060 3928 1430 3989 magistratum,
1462 3930 1546 3992 qui
1576 3933 1853 3992 Eponymus
1877 3930 2038 3992 appel-

477 4000 623 4063 latur,
639 4003 856 4064 gesserit,
878 4002 959 4065 qui
980 4004 1036 4052 iis
1051 4004 1193 4052 modo
1208 4006 1604 4068 committeretur,
1619 4021 1826 4069 quorum
1846 4007 2037 4056 familia

476 4078 743 4129 maximum
767 4093 958 4129 censum
988 4082 1260 4143 explerent,
1282 4082 1501 4133 videlicet
1532 4085 1899 4146 quingentorum
1930 4098 2036 4133 me·

477 4152 779 4217 dimnorum,
814 4155 1017 4205 undem
1019 4160 1447 4221 ντακοσιομέδιμνοι
1480 4160 1805 4209 dicebantur:
1837 4160 2033 4222 deinde,

477 4231 606 4293 qnod
628 4234 904 4282 ostracismo
946 4236 993 4282 in
1017 4236 1216 4285 exilium
1249 4236 1309 4285 sit
1340 4239 1527 4299 pulsus3
1559 4239 1606 4286 id
1638 4251 1753 4287 vero
1784 4252 1880 4287 non
1915 4252 2034 4300 pau·

475 4310 696 4372 peribus,
714 4311 797 4360 sed
813 4312 982 4361 illustri
996 4326 1165 4375 genere
1179 4316 1303 4364 natis
1319 4318 1466 4378 atque
1484 4317 1675 4366 imidiae
1692 4318 1754 4367 ob
1772 4318 2033 4381 potentiam

474 4385 723 4449 obnoxiis,
758 4388 949 4437 decerni
984 4390 1199 4440 solitum.
1240 4392 1306 4454 (3)
1346 4396 1615 4453 Postremo,
1654 4394 1780 4457 qnod
1822 4393 2035 4443 victoriae

474 4464 669 4514 donaria
690 4465 901 4529 tripodes
917 4469 1202 4531 spectaculis
1213 4483 1374 4520 sacros
1390 4472 1661 4534 reliquerit
1650 4486 1697 4521 in
1713 4473 1820 4521 fano
1843 4472 2032 4533 Bacchi,

473 4542 557 4603 qui
572 4545 734 4594 nostro
748 4557 940 4607 quoque
959 4546 1329 4597 ostendebantur
1345 4551 1575 4611 tempore,
1594 4550 1681 4598 hac
1700 4549 2031 4611 inscriptione.

476 4637 501 4661 κ
525 4618 653 4669 Vicit
681 4621 954 4683 Antiochis,
989 4623 1217 4673 Aristides
1252 4629 1496 4687 sumptum
1532 4627 1667 4687 t‘ecit,
1706 4627 2035 4676 Archaetratus

370 4716 389 4735 ο
474 4696 699 4747 docuit.»
676 4698 787 4760 »(4)
810 4701 1212 4752 Postremumhoc
1228 4706 1582 4765 argumentum,
1597 4718 1750 4766 quum
1765 4703 2031 4754 maximum

475 4772 711 4836 videatur,
748 4778 966 4827 omnium
1005 4780 1202 4830 minime
1232 4781 1376 4831 valet.
1410 4784 1530 4831 Nam
1570 4786 1619 4832 et
1651 4781 2029 4845 EpaminondaS,

473 4864 615 4913 quem
644 4854 893 4902 extrema
881 4868 929 4903 m
949 4859 1227 4918 paupertate
1249 4861 1297 4907 et
1316 4857 1576 4908 educatum
1601 4859 1748 4909 fuisse
1776 4862 1825 4909 et
1858 4858 2032 4909 vixisse

472 4931 640 4976 notum
660 4933 731 4977 est
750 4930 1000 4992 omnibus,
1019 4936 1068 4981 et
1100 4934 1235 4984 Plato
1268 4934 1600 4998 philosophus,
1624 4935 1755 4984 baud
1779 4935 2032 4985 illiberales

473 5004 676 5065 uterque
697 5009 944 5069 sumptuS,
964 5006 1013 5055 in
1030 5008 1249 5059 tibicines
1265 5011 1402 5071 aiter,
1424 5011 1579 5060 alter
1565 5026 1614 5060 m
1632 5011 1839 5073 cyclicus
1858 5025 2031 5074 pueros

474 5079 639 5128 fecit.
683 5081 1016 5143 suppeditante
1054 5084 1167 5134 huic
1204 5087 1395 5149 quidem
1419 5089 1571 5137 Dione
1605 5090 1933 5151 syracusam,
1961 5090 2028 5138 illi

472 5158 635 5204 autem
666 5156 900 5221 Pelopida.
930 5160 997 5222 (5)
1024 5164 1188 5224 Neque
1217 5164 1343 5213 enim
1371 5164 1486 5214 siris
1517 5164 1654 5215 bonis
1685 5166 1780 5216 tale
1802 5165 2029 5216 adsersus

1710 375 2077 436 DEMETnll
2122 377 2504 440 PHALEREI

2085 509 2187 633 1⁶(
2190 511 2205 585 )
2233 513 2315 570 Οὐ
2344 510 2503 591 γὰρ’
2473 534 2584 569 εστι
2626 515 2728 579 τοῖς
2756 516 2966 589 ἀγαθοῖς
3003 513 3287 594 άκηρυκτος
3315 517 3404 574 καὶ
3433 517 3724 586 canovas<

2085 528 2264 673 1πρὸς
2286 596 2376 662 τὰς
2404 596 2550 677 παρὰ
2577 601 2680 656 τῶν
2720 598 2881 680 φίλων
2915 599 3108 679 δωρεὰς
3145 602 3405 680 πόλεμος,
3434 604 3578 664 αλλὰ
3615 605 3726 673 τὰς

2139 686 2208 750 εις
2256 684 2496 743 ἀπόθεσιν
2541 683 2633 744 και
2674 686 2970 755 πλεονεξίαν
3015 691 3242 766 ἀγεννεῖς
3287 691 3568 769 ἡγουμενοι
3614 695 3725 752 καὶ

2137 772 2405 844 ταπεινὰς,
2434 772 2553 831 ὅσαι
2594 773 2890 853 φιλοτιμίας
2924 775 3055 842 τινὸς
3084 780 3328 857 ἀκερδοῦς
3363 778 3578 858 ἔχονται
3614 781 3725 839 καὶ

2136 860 2529 940 λαμπρότητος,
2575 863 2669 920 οὐκ
2706 864 3055 926 ἀπωθοῦνται.
3097 866 3158 944 (ο)
3193 865 3474 934 Παναίτιος
3509 867 3718 945 μέντοι

2138 946 2255 1024 περὶ
2282 952 2373 1005 τοῦ
2400 945 2639 1026 τρίποδος
2673 949 2947 1026 ἀποφαίνει
2975 949 3061 1008 τὸν
3086 952 3388 1030 Δημήτριον
3414 954 3721 1035 ὁμωνυμιᾳ

2138 1032 2528 1110 διεψευσμένον·
2553 1034 2657 1092 ἀπὸ
2677 1034 2777 1114 γὰρ
2801 1038 2902 1093 τῶν
2933 1039 3210 1116 Περσικῶν
3229 1041 3301 1106 εἷς
3321 1039 3412 1108 τὴν
3442 1041 3717 1113 τελευτὴν

2136 1125 2223 1178 τοῦ
2255 1123 2747 1194 Πελοποννησιακοῦ
2781 1121 3012 1198 πολέμου
3042 1122 3130 1182 δύο
3156 1124 3340 1197 μόνους
3375 1125 3718 1234 Ἀριστείδας

2135 1230 2391 1287 χορηγους
2428 1208 2818 1319 ἀναγράφεσθαι
2857 1212 3129 1282 νικῶντας,
3167 1203 3238 1269 ὧν
3269 1206 3624 1293 066s'ttpov'
3561 1239 3716 1276 εινοιι

2138 1298 2210 1351 τῶ
2252 1295 2566 1375 Λυσιμάχου
2608 1295 2696 1356 τὸν
2743 1297 2917 1370 αυτὸν,
2947 1297 3083 1355 ἀλλὰ
3125 1297 3213 1357 τὸν
3257 1298 3351 1376 μὲν
3389 1303 3707 1382 Ξενοᾲλοο

2135 1381 2360 1462 πατρὸς,
2386 1383 2472 1442 τὸν
2504 1383 2557 1441 δὲ
2587 1384 2757 1463 χρόνω
2784 1386 2964 1463 πολλῷ
2992 1383 3268 1464 νεώτερον,
3294 1411 3363 1453 ως
3395 1387 3607 1466 ἐλέγχει
3641 1391 3714 1447 τὰ

2136 1468 2426 1549 γράμματα
2451 1495 2544 1541 της
2573 1471 2685 1548 μετ’
2711 1472 2866 1530 ·Ευκλ
2870 1471 3008 1541 είδην
3040 1471 3166 1530 ὄντα
3201 1497 3579 1583 γραμματικης
3611 1478 3714 1536 καὶ

2134 1557 2627 1664 προσγεγραμμένος
2656 1562 2682 1616 6
2705 1558 3083 1638 Ἀρχέστρατος
3102 1602 3120 1635 ,
3146 1559 3255 1618 ὃν’
3231 1584 3284 1618 εν
3305 1570 3412 1628 τοῖς
3438 1564 3715 1634 Μηδικοῖς

2136 1645 2380 1717 οὐδεὶς,
2359 1669 2408 1702 εν
2440 1647 2493 1703 δὲ
2530 1647 2633 1712 τοῖς
2662 1647 3168 1718 Πελοποννησιακοῖς
3209 1647 3387 1725 συχνοὶ
3417 1672 3594 1728 χορων
3620 1653 3710 1709 δι·

2136 1731 2393 1790 δάσκαλον
2442 1733 2811 1814 ἀναγράφουσι.
2870 1733 2950 1793 '16
2993 1733 3084 1809 μὲν
3137 1725 3224 1792 οὖν
3266 1741 3353 1794 τοῦ
3405 1738 3712 1797 Παναιτίου

2139 1818 2337 1896 βέλτιον
2359 1818 2693 1879 ἐπισκεπτέον
2718 1819 2907 1886 εἴπως’
2879 1843 3007 1899 εχει.
3058 1822 3102 1896 (7
3078 1822 3122 1900 7)
3150 1823 3243 1899 Τῷ
3270 1821 3312 1879 δ’
3332 1822 3573 1902 ὀστράκῳ
3599 1833 3707 1892 πᾶς

2135 1911 2161 1964 ὁ
2192 1906 2274 1964 διὰ
2295 1906 2443 1975 δόςαν
2474 1905 2508 1978 ἢ
2528 1931 2670 1986 γενος
2700 1905 2907 1986 ἢλόγου
2945 1906 3161 1984 δύναμιν
3187 1908 3315 1988 ὑπὲρ
3336 1932 3451 1975 τους
3469 1912 3704 1977 πολλους

2134 1994 2505 2071 νομιζόμενος(
2487 1993 2807 2053 υπέπιπτεν·
2843 1993 2969 2052 ὅπου
2990 2018 3079 2052 και
3100 1993 3295 2071 Δάμων
3325 1998 3353 2052 6
3378 1998 3706 2076 Περικλέους

2135 2080 2475 2155 διδάσκαλος,
2515 2079 2594 2141 ὅτι
2630 2081 2688 2140 τὸ
2717 2082 2914 2159 φρονεῖν
2951 2081 3114 2140 ἐδόκει
3146 2105 3220 2147 τις
3257 2072 3387 2138 εἶναι
3422 2083 3694 2163 περιττὸς,

2135 2171 2181 2226 ἐ
2163 2167 2539 2249 ζωστρακίσθη.
2630 2173 2648 2248 (
2650 2172 2694 2248 s)
2732 2169 2837 2230 Και
2866 2168 2970 2246 μὴν
3000 2168 3149 2249 ἄρξαι
3181 2193 3240 2247 γε
3268 2167 3352 2226 τὸν
3373 2169 3702 2249 Ἀριστείδην

2134 2259 2160 2313 6
2197 2254 2441 2334 Ἰδομενε
2426 2282 2479 2323 υς
2516 2262 2573 2317 οὐ
2612 2257 2924 2334 κυαμευτὸν,
2958 2258 3073 2314 ἀλλ’
3117 2254 3375 2331 ἑλομένων
3406 2254 3697 2329 Ἀθηναίων

2133 2343 2308 2423 φησίν.
2400 2346 2525 2405 Et
2497 2343 2550 2403 οὲ
2576 2368 2665 2404 και
2689 2344 2822 2420 μετὰ
2851 2344 2998 2416 τὴν
2974 2368 3027 2402 εν
3062 2345 3353 2410 Πλαταιαῖς
3383 2345 3564 2422 μάχην
3596 2337 3691 2424 ἧς.

2131 2430 2284 2504 ξεν,
2257 2456 2325 2499 ως
2356 2432 2504 2498 αὐτὸς
2528 2436 2555 2491 6
2583 2432 2883 2540 Δημήτριος
2911 2431 3167 2538 γέγραφε,
3196 2455 3285 2489 και
3309 2431 3443 2490 πάνυ
3475 2436 3698 2492 πιθανόν

2134 2521 2269 2578 ἐστιν
2300 2519 2383 2578 ἐπι
2416 2520 2536 2598 δόξῃ
2577 2519 2805 2599 τοσαύτῃ
2844 2543 2933 2578 και
2968 2517 3341 2599 κατορθώμασι
3369 2519 3695 2591 τηλικουτοις

2133 2610 2190 2664 ἆ
2170 2606 2409 2678 ..ιωθηναι
2432 2607 2496 2664 δι’
2520 2606 2707 2686 ἀρετ-ην
2739 2586 2800 2677 ἧς
2826 2605 2909 2665 διὰ
2928 2608 3200 2665 πλουτον’
3177 2606 3460 2685 ετύγχανον
3488 2610 3536 2666 οἱ
3559 2610 3696 2686 λαγ-

2129 2695 2388 2774 χάνοντες.
2445 2694 2511 2771 (9)
2555 2693 2711 2754 Ἀλλὰ
2751 2692 2852 2774 γαρ
2886 2696 2914 2751 6
2958 2692 3053 2770 μὲν
3097 2693 3394 2772 Δημήτριος
3434 2696 3489 2753 οὗ
3535 2697 3694 2771 μόνον

2131 2781 2471 2861 Ἀριστείδην,
2495 2781 2632 2839 ἀλλὰ
2657 2805 2747 2840 και
2773 2781 3062 2860 Σωκράτην
3086 2780 3238 2852 δῆλός
3267 2783 3378 2839 ἐστι
3398 2806 3488 2856 της
3511 2783 3694 2850 πενίας

2131 2869 2390 2939 ἐξελέσθαι
2425 2867 2903 2949 φιλοτιμουμενος(
2876 2893 2945 2935 ως
2969 2867 3199 2945 μεγάλου
3226 2873 3424 2928 κακοῦ·
3453 2893 3544 2928 και
3578 2894 3681 2977 γαρ

2131 2961 2310 3038 ἐκείνῳ
2334 2955 2489 3037 φησὶν
2519 2980 2576 3015 ου
2616 2956 2769 3034 μόνον
2809 2954 2903 3029 τὴν
2926 2956 3093 3015 οἰκίαν
3129 2955 3400 3036 ὑπάρχειν,
3427 2955 3565 3016 ἄλλα
3587 2960 3684 3016 καὶ

2132 3055 2263 3122 μνᾶς
2295 3045 2648 3122 ἑὸδομήκοντα
2669 3043 3042 3122 τοκιζομένιιιςε
3023 3043 3124 3103 υπὸ
3149 3044 3427 3125 Κρίτωνος.

2130 3223 2290 3270 omnia
2312 3223 2575 3270 amicorum
2597 3235 2794 3271 munera
2821 3221 3000 3270 bellum
3018 3221 3292 3283 suscipitur,
3312 3221 3438 3284 quod
3465 3223 3686 3285 componi

2129 3298 2261 3347 nulla
2276 3312 2390 3361 pace
2404 3301 2486 3347 aut
2502 3298 2775 3347 conditione
2788 3298 2964 3360 possit;
2986 3298 3065 3346 sed
3083 3312 3138 3347 ea
3135 3313 3261 3363 qum
3281 3298 3342 3347 ad
3360 3299 3683 3362 reponendum

2129 3378 2179 3423 et
2198 3375 2395 3424 divitias
2421 3376 2654 3437 parandas
2674 3378 2917 3437 spectant,
2933 3375 3181 3423 illiberalia
3204 3378 3252 3424 et
3271 3374 3383 3424 vilia
3398 3374 3668 3437 judicantes

2126 3467 2222 3501 non
2265 3455 2424 3502 tamen
2447 3467 2502 3502 ea
2531 3452 2805 3515 repudiant,
2844 3467 2954 3515 quae
2976 3452 3243 3502 liberalitati
3279 3453 3464 3503 nullum
3493 3450 3684 3502 lucrum

2125 3529 2395 3579 admittenti
2415 3533 2463 3579 et
2485 3529 2723 3591 splendori
2747 3530 2977 3579 serviunt.
3007 3532 3073 3592 (6)
3101 3531 3337 3579 Panaetius
3367 3530 3559 3593 quidem
3584 3534 3681 3580 De·

2126 3608 2349 3656 metrium
2385 3609 2434 3657 in
2473 3607 2660 3669 tripode
2695 3607 2777 3655 illo
2814 3608 3020 3657 nominis
3055 3608 3398 3659 communitate
3428 3609 3682 3672 deceptum

2124 3685 2342 3734 asserit.
2372 3699 2483 3734 nam
2525 3698 2553 3733 a
2597 3686 2785 3734 Persico
2819 3680 2883 3734 'ad
2919 3685 3064 3735 smem
3106 3699 3162 3734 us
3164 3700 3259 3748 que
3298 3685 3681 3748 Peloponnesiaci

2125 3763 2268 3826 belli,
2284 3762 2404 3813 duos
2421 3767 2608 3813 tantum
2631 3764 2862 3813 recenseri
2881 3760 3134 3825 Aristides,
3155 3764 3237 3827 qui
3252 3766 3397 3813 choro
3414 3765 3683 3827 sumptibus

2123 3840 2432 3903 suppeditatis
2463 3840 2691 3901 xicerint,
2724 3841 2951 3889 neutrum
2989 3854 3103 3890 vero
3136 3854 3249 3890 eum
3287 3841 3556 3904 Lysimachi
3583 3840 3684 3891 tilio

2123 3920 2327 3971 eundem
2354 3921 2518 3982 fuisse,
2544 3918 2626 3969 sed
2651 3934 2799 3968 unum
2818 3919 3073 3983 Xenophili
3093 3920 3272 3981 tilium,
3295 3921 3500 3969 alterum
3526 3919 3683 3969 multo

2124 4002 2229 4060 post
2259 4001 2474 4060 tempore
2509 4000 2706 4058 natum;
2732 3998 2863 4060 quod
2903 4000 2952 4048 et
2985 3999 3134 4048 literae.
3159 4000 3271 4062 ipsa·
3305 3999 3591 4062 ostendant,
3622 4012 3681 4049 eo

2123 4076 2268 4126 modo
2294 4078 2511 4139 scriptae,
2541 4078 2623 4140 qui
2647 4091 2729 4140 pos
2709 4080 2753 4125 t
2784 4076 3032 4128 Euclidem
3055 4078 3227 4141 cupit,
3262 4080 3312 4128 et
3347 4079 3680 4145 Archestratus

2122 4158 2377 4221 ascriptuS,
2399 4171 2543 4220 quem
2562 4156 2747 4207 fabulas
2771 4156 2957 4205 Medico
2974 4157 3100 4207 bello
3120 4157 3339 4207 docuisse
3352 4170 3520 4218 nemo,
3538 4158 3678 4207 multi

2125 4236 2522 4298 Peloponnesiaco
2557 4235 2787 4285 scribunt.
2815 4240 2886 4286 De
2920 4236 3012 4286 hoc
3047 4237 3243 4286 Panaetii
3278 4250 3495 4287 sermone
3524 4236 3680 4299 qualis

2122 4315 2209 4377 sit,
2234 4316 2438 4378 amplius
2455 4318 2660 4379 cogitare
2677 4315 2883 4378 expedit.
2920 4317 2988 4376 (7)
3021 4317 3315 4366 Ostracismo
3350 4316 3542 4378 quidem
3566 4317 3676 4379 qui-

2122 4406 2328 4455 cumque
2347 4394 2525 4455 gloria,
2546 4406 2716 4455 genere
2738 4396 2824 4443 aut
2844 4393 3118 4456 eloquentia
3137 4392 3497 4441 multitudinem
3514 4394 3676 4441 excel—

2123 4469 2220 4519 lere
2254 4470 2656 4532 existimarentur,
2675 4471 2810 4521 erant
2847 4470 3078 4521 obnoxii.
3101 4469 3295 4532 quando
3321 4473 3507 4520 Damon
3530 4469 3674 4518 etiam

2125 4548 2315 4599 Periclis
2336 4549 2574 4611 magister,
2585 4547 2713 4609 quod
2734 4548 3379 4611 mmmmsapereputaretur,
3392 4547 3672 4597 testularum

2121 4626 2420 4687 suffragiisin
2440 4627 2637 4676 exilium
2670 4625 2841 4676 missus
2871 4628 2960 4676 est.
2989 4626 3055 4687 (S)
3091 4629 3214 4675 Sane
3256 4625 3538 4675 idomeneus
3575 4637 3676 4673 ιιοιι

2120 4706 2248 4751 sorte
2269 4703 2484 4752 fabarum
2507 4702 2735 4764 ductum,
2759 4702 2842 4752 sed
2860 4703 3068 4751 electum
3096 4701 3157 4751 ab
3180 4700 3543 4751 Atheniensibus
3573 4700 3670 4749 Ari

2123 4778 2293 4828 stidem
2313 4779 2374 4828 ad
2393 4779 2651 4841 gerendum
2671 4792 2780 4829 eum
2800 4780 3128 4841 magistratum
3155 4778 3353 4827 scribit:
3379 4777 3508 4841 quod
3530 4776 3568 4827 si
3588 4791 3669 4826 ac·

2120 4855 2262 4917 cidit,
2290 4859 2345 4905 ut
2369 4856 2467 4919 ipse
2486 4856 2679 4905 tradidit
2697 4856 2985 4918 Demetrius,
3003 4857 3109 4918 post
3131 4856 3436 4904 Plataeensem
3446 4866 3668 4916 pugnam,

2119 4932 2341 4995 equidem
2361 4934 2604 4997 probabile
2624 4934 2885 4984 admodum
2904 4938 3002 4997 est,
3019 4934 3176 4983 virum
3192 4936 3325 4983 tanta
3343 4946 3501 4982 rerum
3519 4934 3670 4993 gesta·

2119 5024 2226 5058 rum
2239 5011 2419 5074 gloria'
2405 5012 2634 5075 insignem
2659 5011 2715 5061 iis
2733 5012 2927 5074 dignum
2950 5010 3219 5072 indicatum
3237 5009 3524 5070 bonoribus,
3547 5022 3667 5069 quos

2117 5090 2195 5138 alii
2213 5090 2487 5140 divitiarum
2506 5092 2698 5141 nomine
2710 5091 3097 5154 adipiscerentur.
3112 5092 3179 5153 (9)
3195 5092 3238 5139 V
3241 5102 3376 5137 erum
3395 5087 3668 5138 Β5ιιι5ιιίιι

2117 5179 2214 5217 non
2234 5166 2485 5218 Aristidem
2503 5168 2667 5231 modo,
2683 5167 2766 5219 sed
2779 5171 2828 5219 et
2840 5170 3088 5219 Socratem
3099 5181 3128 5217 a
3142 5167 3418 5229 paupertate
3435 5168 3666 5227 tanquam
