4016 5916
675 394 1314 464 TARENTlNORUM,
1363 393 2063 469 CROTONIATARUM,
2108 392 2657 454 SYBARITARUM
2702 392 3218 454 RESPUBLICAE.

347 521 441 589 τὰς
469 520 691 633 εὗωιχίας
717 520 833 589 τοὺς
855 518 1042 585 ἵππους
1066 516 1231 578 ἐθίσαι
1263 518 1390 597 πρὸς
1414 518 1567 577 αὐλὸν
1597 520 1887 599 ὀρχεῖσθαι.

3434 403 3541 454 175

1989 524 2301 591 τοικοῧντες,
2326 517 2391 590 ἣν
2415 522 2611 598 πρῶτοι
2646 517 2903 597 κατέσχον
2928 521 2977 577 οἱ
3003 517 3107 575 ἀπὸ
3134 516 3330 597 Τροίας
3367 520 3541 578 ἐλθόν-

349 613 402 670 T
403 610 509 668 οὔτ’
526 632 612 667 ουν
629 607 815 674 εἰδότες
830 610 876 666 οἱ
890 610 1275 686 Κροτωνιᾶται,
1294 601 1376 662 ὅτε
1393 606 1565 671 αὐτοῖς
1585 604 1892 682 ἐπολέμουν,
1991 628 2102 682 τες,
2126 603 2338 685 ὕστερον
2363 603 2415 663 δὲ
2442 603 2780 686 Κολοφώνιοι,
2809 603 2876 670 ὥς
2897 627 3025 684 φησι
3046 604 3271 681 Τίμαιος
3293 606 3390 685 (sr.
3428 610 3501 664 62
3525 610 3543 682 )

348 701 418 763 ὥς
443 694 533 754 καὶ
569 694 925 775 Ἀριστοτέλης
945 696 1139 775 ἱστορεῖ
1161 691 1245 751 διὰ
1274 697 1365 763 τῆς
1395 690 1672 761 Πολιτείας
1704 696 1898 769 αὐτῶν,
1992 693 2083 751 καὶ
2114 692 2486 772 Ἀριστοτέλης,
2507 695 2576 759 εἷς
2597 691 2791 774 τρυφὴν
2821 691 3096 760 ἐξώκειλαν
3114 695 3210 771 οὐχ
3245 684 3406 763 ἧσσον
3436 696 3550 753 Συ·

352 783 588 842 ἐνέδοσαν
630 791 733 848 τοῖς
772 779 951 848 ἵπποις
1000 780 1060 839 τὸ
1113 780 1424 860 ὀρχηστικὸν
1473 779 1643 857 μέλος.
1678 784 1901 857 Συμπα·

350 874 518 951 ρ’ἦσαν
547 868 647 951 γὰρ
678 871 850 936 αὐτοῖς
881 868 971 928 καὶ
1008 867 1229 939 αὐληταὶ
1259 869 1311 926 ἐν
1348 870 1696 947 στρατιωτικῇ
1722 870 1901 945 σκευῇ.

358 957 464 1017 Καὶ
512 955 622 1032 ἅμα
672 954 964 1014 αὐλούντων
1008 954 1279 1021 ἀκούοντες
1332 957 1379 1013 οἱ
1423 952 1602 1026 ἵπποι,
1648 957 1708 1013 οὗ
1752 954 1905 1031 μόνον

356 1043 749 1124 ἐξωρχήσαντο,
794 1041 930 1101 ἀλλὰ
963 1041 1053 1100 καὶ
1085 1039 1201 1108 τοὺς
1229 1041 1495 1108 άναὸάτας
1523 1041 1725 1120 ἔχοντες
1749 1043 1903 1112 ηὐτο-

358 1130 592 1206 μόλησαν
616 1130 740 1209 πρὸς
763 1129 878 1196 τοὺς
904 1125 1289 1210 Κροτωνιάτας.
1322 1132 1575 1187 Similem
1615 1132 1902 1186 historiam

351 1220 485 1276 vide
504 1221 561 1275 in
580 1218 849 1277 Charonis
888 1221 1111 1292 LampS.
1135 1218 1203 1276 sr.
1248 1237 1309 1293 9.
1334 1219 1592 1275 Ceterum
1627 1219 1800 1273 verba
1825 1214 1907 1272 διὰ

352 1307 446 1376 ’.ἧς
473 1304 732 1371 πολιτείας
751 1305 919 1362 αὐτῶν
940 1306 1235 1362 Athenaeus
1258 1306 1485 1360 fortasse
1515 1305 1586 1360 de
1614 1302 1903 1379 Sybarita-

350 1415 480 1451 rum
505 1392 647 1469 nep.
685 1395 919 1468 intelligi
964 1394 1165 1449 voluit.
1214 1395 1298 1448 De
1331 1394 1543 1448 Milone
1583 1393 1908 1449 Crotoniata

354 1502 410 1538 τ.
445 1482 515 1540 fr.
541 1482 676 1540 262.

1027 1577 1139 1633 233
1182 1577 1240 1634 b.
1286 1598 1291 1601 ·

358 1696 395 1721 ’·
436 1692 640 1747 AElian.
669 1695 736 1748 V.
767 1692 842 1747 H.
869 1691 960 1759 11,
995 1690 1070 1746 26
1098 1709 1112 1744 ι
1140 1686 1494 1763 Ἀριστοτέλης
1520 1685 1659 1765 λέγει
1687 1685 1787 1744 ὑπὸ
1807 1690 1907 1744 τῶν

358 1779 733 1857 Κροτωνιατῶν
761 1774 848 1834 τὸν
878 1775 1190 1855 Πυθαγόραν
1210 1773 1510 1834 Ἀπόλλωνα
1540 1774 1908 1853 Ἱ’περὸόρειον

354 1863 850 1944 προσαγορεύεσθαι.
873 1866 1108 1924 Κάκεῖνα
1136 1860 1190 1921 δὲ
1213 1864 1577 1943 προσεπιλέγει
1592 1864 1619 1920 ὃ
1641 1866 1730 1920 τοῦ
1749 1865 1909 1922 Νικο-

364 1953 567 2031 μάχου·
599 1948 677 2010 8τι
715 1956 805 2022 τῆς
841 1953 998 2023 αὐτῆς
1025 1950 1222 2030 ἡμέρας
1259 1948 1410 2025 ποτὲ,
1439 1948 1576 2008 κατὰ
1613 1947 1707 2017 τὴν
1750 1947 1909 2020 αὐτὴν

360 2037 536 2119 ὥραν,
558 2038 650 2097 καὶ
689 2042 741 2098 ἐν
775 2038 1121 2119 Μεταποντίῳ
1165 2035 1312 2117 ὤφθη
1347 2036 1447 2095 ὑπὸ
1472 2038 1708 2108 πολλῶν,
1735 2036 1826 2093 καὶ
1856 2038 1907 2093 ἐν

359 2126 596 2207 Κρότωνι
619 2130 692 2208 τῷ
716 2129 876 2205 ἀγῶνι
903 2124 1313 2200 ἐξανιστάμενος
1345 2124 1464 2184 ἔνθα
1491 2122 1581 2182 καὶ
1596 2127 1699 2182 τῶν
1728 2126 1907 2202 μηρῶν

359 2218 390 2273 ὁ
414 2213 719 2295 Πυθαγόρας
758 2214 1022 2295 παρέφηνε
1046 2213 1134 2272 τὸν
1181 2211 1352 2293 ἕτερον
1395 2216 1635 2293 χρυσοῦν.
1668 2208 1823 2286 Λέγει
1856 2209 1909 2269 δὲ

353 2301 449 2360 καὶ
475 2304 502 2359 ὁ
530 2302 708 2373 αὐτὸς,
729 2301 807 2361 ὅτι
838 2302 939 2361 ὑπὸ
973 2307 1063 2360 τοῦ
1092 2301 1257 2361 Κώσα
1287 2300 1303 2379 (
1319 2301 1419 2358 ὕπὸ
1446 2304 1537 2358 τοῦ
1566 2297 1701 2356 κατὰ
1728 2297 1909 2374 Σάμον

360 2392 628 2465 Aponon.
676 2395 760 2448 De
812 2391 1085 2466 Pythag.)
1133 2391 1372 2464 ποταμοῦ
1415 2385 1694 2445 διαὸαίνων
1747 2406 1911 2463 προσ-

358 2475 581 2555 ερρήθη·
614 2476 704 2535 καὶ
731 2476 952 2543 πολλούς
981 2499 1135 2558 φησιν
1165 2472 1445 2547 ἀκηκοέναι
1485 2471 1580 2544 τὴν
1621 2471 1908 2552 πρόσρησιν

358 2563 575 2636 ταύτην.
604 2569 691 2624 De
717 2586 780 2622 re
816 2585 872 2622 v.
926 2568 1277 2640 interpretes·
1328 2564 1606 2621 Dubitans
1649 2562 1767 2617 haec
1811 2580 1909 2635 ap·

356 2656 558 2728 posui,
584 2673 754 2728 quum
773 2655 1045 2728 peculiari
1070 2662 1244 2727 opere
1264 2652 1591 2708 Aristoteles
1615 2650 1686 2705 de
1713 2650 1913 2723 Pytha·

354 2756 498 2816 gnra
530 2741 750 2798 dixerit.
774 2744 859 2798 -V.
892 2742 1057 2816 Diog.
1081 2743 1152 2799 L.
1181 2742 1264 2810 V,
1293 2737 1392 2814 263
1427 2740 1649 2796 Jonsius
1681 2738 1907 2815 Scriptt.

358 2828 485 2887 hist.
522 2829 663 2902 phil.
698 2846 761 2902 p.
801 2847 896 2898 11,
926 2847 978 2885 1.

935 2949 1329 3032 (mmm.)

1066 3109 1201 3173 234.

440 3231 734 3286 Athenaeus
760 3230 902 3300 XII,
942 3248 1001 3303 p.
1036 3224 1167 3300 523,
1193 3229 1234 3285 C
1276 3248 1288 3284 z
1320 3228 1388 3286 Οἱ
1417 3224 1509 3296 τὴν
1558 3223 1704 3304 Σίριν
1738 3221 1788 3280 δὲ
1815 3244 1907 3280 κα·

360 3390 421 3439 td
450 3390 591 3453 igitur
623 3403 775 3452 quum
797 3393 990 3439 nossent
1022 3389 1344 3451 Crotoniatae,
1373 3401 1471 3451 quo
1488 3391 1704 3450 tempore
1725 3388 1914 3437 bellum

366 3469 461 3518 illis
475 3468 736 3518 inferebant
752 3466 899 3529 (quod
914 3468 1077 3515 narrat
1090 3466 1235 3516 etiam
1254 3465 1548 3527 Aristotelea,
1568 3464 1651 3514 ubi
1670 3464 1729 3514 de
1747 3478 1913 3515 eorum

358 3560 463 3608 rep.
479 3545 623 3594 verba
648 3545 807 3606 facit),
831 3543 1048 3592 tibicines
1064 3541 1301 3603 jusserant
1319 3542 1486 3591 modos
1504 3542 1773 3591 saltatorios
1791 3555 1913 3604 prae-

359 3623 519 3672 cinere
536 3621 684 3684 equis.
707 3620 916 3670 Aderant
942 3619 1070 3694 enirn
1091 3618 1203 3682 ipsis
1230 3619 1445 3668 tibicines
1467 3618 1660 3667 militari
1681 3618 1829 3667 cultu.
1856 3621 1915 3667 Et

361 3701 506 3751 simui
525 3702 671 3762 atque
689 3699 795 3748 illos
817 3701 1040 3748 canentes
1058 3697 1283 3747 audivere
1300 3696 1439 3760 equi,
1460 3710 1558 3746 non
1589 3696 1732 3746 modo
1753 3709 1910 3759 cmpe-

364 3782 477 3830 runt
498 3779 687 3840 saltare,
703 3792 871 3827 verum
893 3779 1039 3828 etiam
1058 3777 1200 3828 simul
1236 3789 1347 3827 cum
1370 3777 1632 3827 sessoribus
1655 3775 1715 3825 ad
1741 3778 1911 3827 Croto·

362 3857 518 3906 niatas
536 3856 905 3919 transfugerunt.

1046 3940 1147 3990 233
1176 3934 1230 3990 h.

426 4021 702 4072 Aristoteles
740 4021 855 4071 dicit
894 4034 924 4071 a
961 4020 1252 4071 crotoniatis
1287 4019 1601 4082 Pythagoram
1643 4019 1911 4081 Apollinem

364 4099 728 4161 Hyperboreum
745 4099 1087 4162 cognominari.
1117 4097 1209 4148 Sed
1239 4099 1290 4146 et
1316 4097 1420 4146 haec
1438 4095 1574 4145 addit
1592 4096 1670 4144 ille
1690 4097 1914 4146 Nicoma-

362 4179 530 4229 chidoe
551 4199 564 4230 ε
588 4178 727 4234 Quod
761 4177 1022 4240 aliquando
1041 4176 1207 4227 eodem
1231 4176 1306 4226 die
1322 4177 1370 4226 et
1392 4175 1559 4226 eadem
1573 4175 1692 4224 hora
1706 4176 1837 4225 visus
1855 4176 1916 4224 sit

362 4272 391 4307 a
411 4257 576 4308 multis
593 4259 643 4307 et
666 4257 924 4320 Metaponti
944 4259 993 4306 et
1010 4259 1234 4318 Crotone,
1261 4255 1386 4305 ludis
1403 4267 1598 4317 surgens
1625 4273 1637 4303 ε
1665 4254 1746 4304 ubi
1770 4256 1913 4304 etiam

362 4337 573 4387 alterum
614 4336 905 4398 Pythagoras
935 4337 1092 4385 femur
1130 4335 1338 4385 ostendit
1371 4347 1593 4384 aureum.
1630 4333 1753 4383 Dicit
1787 4335 1913 4383 idem

363 4413 442 4464 ille
458 4451 473 4477 ‚
492 4414 621 4476 qnod
639 4418 808 4463 Cosam
836 4413 1037 4462 nuvium
1064 4413 1296 4462 transiens
1322 4413 1587 4476 appellatus
1605 4412 1695 4474 sit3
1726 4415 1773 4461 et
1794 4413 1913 4460 mul-

360 4494 438 4541 tos
462 4491 528 4540 ait
546 4491 672 4541 hanc
691 4491 1057 4554 appellationem
1076 4490 1326 4541 audivisse.

907 4614 1363 4676 islTARtJM.

1072 4751 1195 4801 234.

424 4857 515 4914 Qut
533 4856 658 4908 Sirin
682 4856 898 4908 habitant
910 4895 926 4920 ,
956 4870 1104 4920 quam
1124 4859 1373 4908 tenuerant
1390 4857 1599 4921 primum
1617 4857 1700 4921 qui
1728 4871 1756 4908 e
1773 4858 1913 4919 Troja

358 4946 562 4998 venere,
583 4935 754 4987 deinde
784 4936 863 5000 (c.
893 4937 973 4987 Oi.
1001 4935 1087 4998 25)
1123 4936 1431 4999 colophonii,
1468 4938 1525 4986 ut
1546 4935 1613 4985 ait
1635 4935 1845 4986 Timaeus
1865 4938 1913 4985 et

361 5010 663 5074 Aristoteles,
693 5012 740 5061 in
764 5012 1008 5062 luxuriam
1031 5012 1377 5075 mollitiemque
1397 5012 1602 5076 prolapsi
1632 5015 1743 5062 sunt
1767 5012 1913 5061 nihilo

360 5086 594 5138 minorem
613 5103 759 5152 quam
780 5103 892 5152 quae
912 5088 1239 5152 Sybaritarum
1258 5090 1363 5139 suit.
1387 5089 1523 5152 Apud
1536 5090 1643 5139 illos
1661 5089 1787 5139 enim
1805 5103 1914 5152 pro·

361 5162 494 5227 prins
514 5179 620 5217 mos
636 5167 723 5217 suit
742 5167 933 5218 floridas
954 5169 1138 5230 gestare
1164 5167 1365 5231 tunicas,
1388 5180 1505 5230 quas
1523 5168 1738 5231 pretiosis
1761 5169 1913 5218 mitris

1995 778 2239 859 ὅαριτῶψ
2264 780 2467 860 καὶγὰρ
2491 778 2632 846 ἰδίως
2653 783 2778 859 παρ’
2812 781 2983 845 αὐτοῖς
3012 778 3338 859 ἐπεχωρίασε
3369 783 3541 860 φορεῖν

1995 864 2221 932 ἀνθινοὺς
2252 869 2508 946 χιτῶνας,
2537 864 2621 934 οὓς
2656 866 2933 935 ἐζώννυντο
2975 865 3180 946 μίτραις
3221 867 3549 943 πολυτελέσι,

1996 952 2087 1011 καὶ
2116 956 2399 1028 ἐκαλοῦντο
2429 952 2512 1011 διὰ
2549 958 2699 1011 τοῦτο
2728 952 2827 1011 ὑπὸ
2854 956 2956 1010 τῶν
2996 952 3273 1031 περιοίκων
3306 952 3548 1031 μιτροχί-

1999 1064 2182 1113 τωνες,
2231 1040 2344 1099 ἐπεὶ
2390 1038 2631 1119 ’Όμηρος
2677 1038 2792 1107 τοὺς
2826 1039 3085 1107 ἀζώστους
3132 1038 3547 1118 ἀμιτροχίτωνας

1997 1128 2168 1187 καλεῖ.
2237 1128 2365 1184 Haec
2423 1129 2496 1184 ad
2551 1130 3042 1202 Colophoniorum
3099 1130 3305 1202 Remp.
3365 1129 3555 1184 retulit

1996 1218 2506 1292 Schweighaeuser„
2537 1234 2704 1290 quem
2732 1217 2984 1289 sequitur
3009 1216 3388 1274 NeumannuS.
3417 1217 3556 1272 For-

1999 1314 2133 1358 tasse
2156 1304 2617 1359 memorabantur
2645 1304 2703 1356 in
2737 1304 2877 1376 Rep.
2904 1298 3304 1376 Sybaritarum.

2240 1467 2707 1549 [ΣΥΒΑΡΙΤΩΝ
2743 1472 2873 1530 ΚΑΙ
2904 1471 3311 1549 ΘΟΥΡΙΩΝ.]

2674 1618 2879 1697 [235.]

2081 1761 2351 1838 [Aristot.
2375 1754 2499 1820 Pol.
2529 1764 2612 1832 V,
2642 1782 2673 1817 2
2693 1804 2709 1831 ‚
2745 1781 2813 1817 xo
2842 1780 2855 1816 ε
2883 1758 3236 1818 Στασιωτικὸν
3276 1757 3330 1818 δὲ
3373 1758 3548 1818 καὶτὸ

2002 1844 2076 1921 μὴ
2105 1845 2390 1925 ὁμόφυλον,
2415 1845 2510 1912 ἕως
2546 1845 2607 1904 ἂν
2657 1846 2994 1924 συμπνεύσῃ·
3024 1844 3201 1923 ὥσπερ
3230 1844 3330 1926 γὰρ
3359 1846 3463 1904 οὐδ’
3494 1849 3556 1904 ἐκ

2000 1929 2088 1982 τοῦ
2125 1926 2366 2003 τυχόντος
2405 1925 2629 1996 πλήθους
2660 1925 2806 1991 πόλις
2848 1925 3113 2002 γίγνεται,
3155 1922 3316 1991 οὕτως
3362 1926 3467 1983 οὐδ’
3501 1929 3554 1984 ἐν

1998 2013 2074 2089 τῷ
2111 2011 2319 2089 τυχόντι
2362 2010 2555 2092 χρόνῳ.
2591 2010 2688 2070 Διὸ
2718 2008 2827 2070 ὅσοι
2868 2010 2970 2084 ἤδη
3014 2011 3276 2077 συνοίκους
3323 2011 3572 2081 ἐδέξαντο.

1998 2095 2034 2167 ἢ
2064 2098 2326 2171 ἐποίκους,
2368 2101 2416 2157 οἱ
2456 2100 2691 2158 πλεῖστοι
2725 2098 3075 2171 ἐστασίασαν,
3106 2089 3210 2158 οἷον
3240 2100 3557 2178 Τροιζηνίοις

2001 2182 2203 2262 Ἀχαιοὶ
2249 2182 2555 2264 συνῴκησαν
2585 2186 2846 2267 Σύὸαριν,
2891 2176 3002 2243 εἶτα
3046 2186 3253 2253 πλείους
3279 2189 3327 2245 οἱ
3356 2186 3553 2265 Ἀχαιοὶ

2001 2270 2263 2347 γενόμενοι
2292 2271 2533 2340 ἔξέὸαλον
2555 2273 2671 2339 τοὺς
2697 2272 3028 2353 Τροιζηνίους
3043 2296 3056 2310 ·
3078 2270 3190 2331 ὅθεν
3211 2274 3270 2331 τὸ
3285 2274 3405 2351 ἄγος
3425 2296 3548 2331 συν·

2002 2357 2099 2431 ε’ὅη
2131 2358 2234 2426 τοῖς
2272 2359 2607 2440 Συὸαρίταις.
2655 2362 2761 2420 Καὶ
2790 2363 2843 2419 ἐν
2872 2360 3112 2440 Θουρίοις
3136 2360 3427 2440 Συὸαρῖται
3450 2361 3552 2426 τοῖς

2005 2446 2374 2518 συνοικήσασιν
2393 2472 2407 2485 ·
2425 2451 2765 2508 ’πλεονεκτεῖν
2798 2447 2897 2529 γὰρ
2929 2448 3182 2517 ἀξιοῦντες
3209 2452 3278 2515 ὡς
3307 2447 3556 2528 σφετέρας

2004 2538 2096 2605 τῆς
2121 2534 2298 2616 χώρας
2328 2535 2625 2615 lienteum]

2689 2667 2897 2746 [23G.]

2086 2788 2213 2867 [ld.
2265 2792 2340 2845 ib.
2381 2793 2459 2859 V,
2506 2791 2572 2858 6,
2608 2791 2640 2845 6
2689 2811 2701 2844 z
2747 2787 2952 2857 Συνέὸη
2993 2786 3046 2844 δὲ
3092 2786 3150 2843 τὸ
3192 2784 3460 2865 εἰρημένον
3503 2790 3555 2846 ἔν

2003 2874 2243 2955 Θουρίοις
2261 2895 2275 2908 ·
2305 2875 2386 2933 διὰ
2411 2874 2505 2952 μὲν
2533 2874 2631 2954 γὰρ
2657 2875 2714 2932 τὸ
2739 2875 2842 2932 ἀπὸ
2862 2874 3090 2940 πλείονος
3114 2874 3407 2949 τιμήματος
3425 2864 3555 2932 εἶναι

2003 2963 2094 3030 τὰς
2123 2963 2288 3044 ἀρχὰς
2321 2966 2389 3031 εἰς
2419 2964 2629 3022 ἔλαττον
2676 2962 2868 3037 μετέἕη
2907 2962 2996 3021 καὶ
3040 2965 3109 3028 εἷς
3138 2964 3324 3041 ἀρχεῖα
3363 2961 3554 3019 πλείω·

2004 3049 2089 3108 διὰ
2113 3050 2167 3109 δὲ
2206 3050 2264 3108 τὸ
2292 3051 2383 3121 τὴν
2413 3049 2592 3130 χώραν
2632 3049 2758 3121 ὅλην
2799 3048 2916 3116 τοὺς
2943 3047 3230 3127 γνωρίμους
3258 3047 3557 3124 συγκτήσα-

2003 3142 2122 3194 σθαι
2159 3136 2303 3217 παρὰ
2345 3137 2430 3196 τὸν
2481 3138 2636 3214 νόμον
2697 3140 2760 3212 (ἡ
2795 3135 2895 3216 γὰρ
2937 3134 3172 3193 πολιτεία
3213 3136 3551 3213 ὀλιγαρχικω·

2002 3222 2126 3304 τέρα
2175 3216 2270 3296 ἦν,
2322 3223 2457 3282 ὥστε
2511 3223 2751 3282 ἐδύναντο
2796 3224 3179 3300 πλεονεκτεῖν)·
3227 3226 3255 3279 ὁ
3295 3221 3347 3278 δὲ
3400 3222 3560 3296 δῆμος

2004 3388 2256 3451 cingebant
2296 3409 2308 3436 z
2343 3401 2489 3451 quare
2525 3401 2555 3436 a
2591 3387 2802 3436 finitimis
2831 3387 3153 3450 μιτροχίτωνες
3180 3384 3559 3448 appellabantur,

2005 3481 2156 3529 quum
2175 3465 2430 3516 discinctos
2454 3470 2685 3518 Homerus
2708 3466 3076 3529 ἀμιτροχίτωνας
3095 3465 3249 3513 vocet.

2125 3616 2722 3694 [SYBARITARUM
2767 3617 2863 3675 ET
2903 3612 3439 3690 THURIORUM.]

2695 3763 2862 3833 [aas]

2063 3874 2162 3937 [Ad
2188 3875 2467 3925 seditionem
2491 3875 2792 3924 excitandam
2815 3875 2944 3924 valet
2964 3872 3107 3923 etiam
3130 3872 3380 3921 diversitas
3410 3871 3560 3932 gentis

2000 3956 2048 4002 et
2066 3956 2272 4016 generis,
2288 3954 2442 4004 donec
2463 3955 2608 4003 animi
2624 3954 2963 4003 consenserint.
2986 3950 3406 4009 Quemadmodum
3426 3950 3552 3997 enim

2001 4047 2097 4083 non
2117 4048 2180 4083 ex
2211 4035 2426 4096 qualibet
2449 4036 2500 4083 et
2521 4034 2722 4084 fortuito
2752 4034 2911 4083 oblata
2939 4032 3246 4081 multitudine
3269 4028 3324 4078 iit
3359 4027 3555 4089 civitas,

2002 4111 2070 4160 sic
2101 4124 2257 4174 neque
2284 4111 2456 4174 quovis
2479 4114 2710 4174 tempore.
2746 4111 3048 4173 Quapropter
3077 4108 3160 4169 qui
3197 4105 3454 4168 inquilinos
3476 4109 3556 4153 aut

2002 4190 2211 4240 advenas
2244 4191 2292 4240 in
2316 4191 2562 4240 civitatem
2593 4192 2902 4253 receperunt,
2928 4189 2958 4237 ii
2998 4188 3094 4237 sere
3125 4199 3292 4235 omnes
3314 4187 3398 4233 aut
3431 4187 3558 4232 certe

2003 4268 2198 4329 plurimi
2222 4268 2540 4318 seditionibus
2561 4267 2818 4317 conflictati
2852 4267 2991 4326 sunt,
3011 4278 3055 4314 e.
3081 4276 3124 4312 c.
3161 4274 3272 4311 cum
3301 4261 3558 4310 Trcrzeniis

2003 4347 2170 4397 Achivi
2213 4347 2431 4410 Sybarim
2471 4347 2788 4396 condiderunt
2828 4347 2974 4407 atque
3012 4343 3344 4400 incoluerunt,
3386 4338 3557 4388 deinde

2003 4424 2170 4473 Achivi
2191 4437 2392 4474 numero
2410 4427 2537 4474 aucti
2559 4422 2832 4474 Troezenios
2850 4422 3091 4484 eiecerunt
3114 4438 3126 4467 :
3152 4418 3280 4468 unde
3297 4418 3450 4467 scelus
3473 4419 3556 4465 ant

2002 4503 2245 4565 piaculum
2271 4503 2501 4566 Sybaritis
2533 4505 2818 4565 conceptum
2855 4500 2942 4550 est.
2991 4501 3049 4548 Et
3075 4491 3265 4548 Thuriis
3285 4509 3436 4558 quum
3469 4498 3558 4556 S)-

2000 4581 2168 4631 baritae
2197 4571 2397 4645 populos
2414 4595 2511 4632 una
2541 4594 2704 4631 secum
2733 4579 3006 4630 habitantes
3023 4579 3072 4626 et
3096 4576 3143 4625 in
3166 4576 3408 4626 civ‘tatem
3428 4587 3557 4623 rece·

2000 4662 2108 4723 ptos
2125 4659 2301 4720 injuste
2320 4659 2573 4720 laederent,
2604 4659 2652 4708 et
2671 4658 2901 4719 maiorem
2921 4654 3019 4718 agri
3039 4692 3053 4716 ‚
3073 4655 3306 4717 tanquam
3325 4651 3396 4702 sui
3411 4689 3425 4712 ,
3455 4663 3556 4713 par·

2002 4739 2100 4787 tem
2123 4736 2210 4786 sibi
2233 4737 2556 4798 assumerent,
2576 4734 2732 4785 exacti
2758 4732 2912 4799 sunt]

2690 4837 2857 4904 [2:³64

2063 4926 2262 4997 [Evenit
2287 4933 2449 4980 autom
2478 4930 2525 4980 id
2567 4929 2696 4993 quod
2720 4929 2906 4978 dictum
2925 4930 3013 4977 -est
3042 4928 3145 4989 (sc.
3171 4926 3555 4976 aristocrate'am

2004 5010 2139 5060 male
2167 5011 2384 5059 mixtam
2406 5011 2458 5057 in
2494 5007 2866 5058 democratiam
2909 5003 3161 5065 traduci),
3182 5001 3390 5052 Thuriis.
3434 5001 3554 5048 Nam

2000 5089 2111 5152 quia
2146 5087 2453 5150 magistratus
2473 5099 2534 5136 ex
2569 5084 2709 5135 nimis
2736 5084 2897 5146 amplo
2938 5095 3084 5133 censu
3122 5077 3556 5138 constituebantur,

2004 5179 2118 5216 mox
2148 5166 2327 5215 sactum
2351 5165 2424 5214 est
2455 5167 2509 5213 ut
2549 5160 2914 5212 imminueretur
2951 5172 3147 5211 census.
3193 5156 3558 5220 magistratuum
