4016 5916
478 440 592 491 54⁴

471 572 581 617 tur.
662 555 806 612 Inde
851 555 1133 629 colligitur
1175 553 1246 609 ab
1293 562 1448 608 sexto
1494 570 1628 627 rege
1664 569 1867 608 novam
1907 551 2016 624 dy-

468 646 698 702 nastiam
737 659 971 720 eamque
1016 640 1434 713 Memphiticam
1452 641 1721 713 incipere.
1762 641 2017 712 Respon-

470 733 565 788 det
602 731 753 799 haec,
777 739 842 785 ut
872 746 974 784 sno
1003 727 1132 782 loco
1163 725 1503 798 videbimus»,
1532 726 1888 808 Manethonis
1914 723 2017 797 dy·

468 820 658 874 nastiae
674 819 846 873 tertiae
859 858 876 886 ,
902 834 1025 890 quae
1047 817 1229 889 prima
1246 826 1326 870 est
1349 813 1722 887 dynastiamm
1742 811 2019 886 Memphi·

471 908 724 961 ticarum.
813 904 992 978 Igitur
1040 901 1289 975 dynastia
1337 901 1612 956 Thinitica
1652 898 1896 956 secunda
1949 916 2016 953 ex

470 991 728 1047 Bunsenii
764 989 1074 1045 rationibus
1113 990 1365 1063 regnavit
1395 993 1571 1059 juxta
1604 985 2017 1061 Memphiticam

470 1080 709 1153 primam
726 1119 742 1145 ,
764 1079 839 1132 ita
859 1087 925 1133 ut
946 1077 1261 1151 principem
1286 1075 1477 1141 locum
1505 1075 1824 1130 obtinerent
1842 1076 2021 1129 Mem-

470 1165 659 1240 phitae.
706 1164 890 1235 Quare
928 1164 1033 1218 hos
1074 1173 1288 1218 tantum
1326 1165 1387 1217 in
1421 1179 1694 1217 canonem
1713 1161 2020 1218 chmnolo·

472 1252 659 1325 gicum
714 1251 1105 1307 Eratosthenes
1150 1251 1385 1323 recepit.
1467 1250 1723 1321 Utraque
1769 1247 2021 1321 dynastia

475 1340 706 1395 fortasse
733 1339 1082 1414 cognationis
1111 1339 1345 1393 vinculis
1382 1336 1682 1409 conjuncta
1705 1346 1844 1393 erat.
1893 1337 2020 1392 Do-

474 1426 706 1481 minatio
751 1434 939 1480 autem
982 1425 1056 1479 ita
1102 1424 1393 1482 distributa
1452 1423 1613 1479 fuisse
1667 1420 1915 1492 videtur,
1955 1433 2022 1478 ut

473 1514 705 1570 Thinitae
755 1512 1001 1588 AEgypto
1042 1513 1348 1586 superiori,
1401 1511 1719 1586 Memphiten
1768 1509 2021 1571 inferiori

474 1601 692 1677 regioni
714 1602 1054 1674 imperarent
1088 1600 1282 1677 (Buns,
1306 1618 1361 1674 p.
1400 1599 1530 1655 103.
1569 1597 1732 1673 114).

552 1689 825 1745 Ceterum
838 1685 1101 1760 dynastiae
1126 1689 1182 1742 Π
1202 1705 1361 1762 reges
1383 1687 1528 1743 duos
1547 1696 1859 1761 postremos
1874 1726 1890 1754 ‚
1924 1687 2022 1742 Se-

474 1774 701 1830 sochrin
729 1784 784 1830 et
817 1773 1153 1842 Chenerem‚
1191 1773 1327 1830 salso
1362 1774 1598 1829 Thinitis
1624 1792 1655 1827 a
1682 1773 2023 1829 Manethone

475 1862 782 1930 accenseri,
807 1861 1111 1916 Bunsenius
1131 1862 1319 1916 statuit
1339 1901 1355 1930 ,
1387 1878 1561 1934 quum
1585 1860 1754 1934 primi
1776 1877 1889 1916 esse
1919 1859 2021 1915 de-

474 1948 645 2005 beant
672 1947 936 2022 dynastiae
964 1946 1418 2022 Memphitarum.
1449 1949 1550 2004 His
1571 1948 1745 2023 igitur
1769 1947 1988 2020 rejectis
2004 1987 2020 2015 ‚

478 2044 683 2091 restant
708 2036 946 2091 Thinitae
973 2052 1131 2108 reges
1163 2045 1404 2110 septem,
1448 2036 1693 2108 annique
1718 2051 2025 2110 regnorum

479 2129 613 2188 224.
638 2122 899 2178 Totidem
925 2141 1062 2178 vero
1086 2142 1262 2178 annos
1280 2124 1473 2179 Canon
1509 2122 1887 2179 Eratosthenis
1918 2123 2023 2177 tri-

478 2210 601 2264 buit
670 2228 875 2266 novem
921 2210 1147 2284 regibus
1194 2209 1512 2284 Memphitis
1551 2208 1814 2283 dynastiae
1850 2210 2026 2265 tertiae

481 2297 779 2370 (Manetho
821 2287 1049 2374 exputat
1080 2313 1258 2352 annos
1293 2295 1461 2371 214).
1496 2297 1694 2368 Itaque
1732 2296 2026 2368 utriusque

479 2384 741 2457 dynastiae
764 2380 889 2440 finis
918 2385 979 2438 in
1011 2382 1253 2441 eundem
1280 2382 1480 2439 incidit
1506 2399 1713 2438 annum
1732 2424 1748 2453 ,
1781 2381 1923 2439 adeo
1961 2392 2028 2438 ut

476 2483 677 2544 quarta
699 2470 954 2546 dynastia
980 2471 1168 2529 denuo
1217 2472 1444 2548 AEgypti
1482 2471 1751 2529 universae
1787 2471 2025 2547 imperio

478 2561 657 2633 potita
679 2560 764 2615 sit.

552 2647 793 2703 Nomina
814 2665 1010 2721 regum
1025 2648 1402 2703 monumentis
1420 2647 1694 2704 illustrare
1718 2648 1830 2704 hue
1849 2665 2027 2720 usque

477 2741 733 2796 nondum
753 2741 910 2796 licuit
924 2782 940 2811 ,
967 2743 1072 2797 nisi
1095 2740 1257 2815 quod
1282 2742 1515 2815 Lepsius
1536 2743 1597 2796 in
1615 2758 1814 2815 campo
1835 2740 2028 2815 sepul-

477 2829 611 2884 crali
639 2828 711 2883 ad
737 2828 1052 2901 pyramides
1072 2846 1255 2902 prope
1298 2828 1473 2884 Gizeh
1507 2830 1635 2885 sitas
1667 2828 1879 2904 reperit
1911 2846 2025 2883 no-

478 2934 607 2972 men
630 2934 643 2970 :
677 2932 861 2969 xum
880 2957 894 2984 ‚
919 2915 1076 2988 quod
1109 2914 1260 2971 idem
1282 2933 1395 2971 esse
1416 2915 1642 2972 videtur
1666 2925 1834 2990 atque
1855 2917 2026 2972 Καίσ-

476 3002 608 3057 elios
634 3003 828 3077 (Buus.
859 3021 918 3075 p.
961 3001 1129 3079 106).
1163 3004 1330 3058 Hunc
1368 3004 1635 3059 Manetho
1668 3003 1945 3060 Mnevidis
1971 3016 2028 3060 et

476 3089 618 3143 hirci
656 3089 934 3144 Mendesii
972 3089 1181 3144 cultum
1218 3090 1511 3146 instituisse
1546 3089 1704 3146 dicit.
1746 3088 1816 3147 Id
1851 3109 2024 3166 vero,

476 3187 655 3250 puto,
702 3193 821 3230 non
865 3175 1090 3232 dixisset
1124 3177 1418 3246 ManethO,
1456 3177 1501 3233 si
1547 3176 1873 3234 credidisset
1911 3180 2029 3237 Cai-

478 3263 615 3319 chos
642 3280 834 3337 regem
873 3264 935 3317 in
973 3265 1263 3337 superiore
1293 3265 1539 3339 AEgypto
1580 3280 1865 3340 regnasse,
1889 3264 2026 3322 dum

478 3349 680 3405 eodem
717 3359 972 3424 tempore
1000 3351 1061 3405 in
1087 3350 1355 3407 inferiore
1393 3362 1653 3427 regnaret
1690 3370 1790 3408 rex
1830 3354 2022 3408 Mem-

476 3438 653 3510 phita.
684 3438 947 3495 Similiter
973 3437 1035 3494 id
1071 3437 1229 3512 quod
1267 3439 1371 3494 sub
1407 3442 1595 3513 primo
1638 3457 1769 3515 rege
1807 3440 2028 3495 Thinita

478 3525 703 3581 Bubasti
749 3526 809 3580 in
856 3524 1020 3579 Delta
1064 3526 1296 3599 regione
1344 3526 1604 3582 accidisse
1652 3526 1913 3596 traditur,
1954 3527 2028 3582 ad

476 3630 712 3687 regnum
739 3613 907 3687 primi
930 3612 1248 3686 Memphitae
1280 3612 1593 3669 notandum
1625 3613 1828 3672 fuisset.
1859 3615 2028 3686 Quod

478 3700 782 3755 Bunsenius
801 3700 1018 3772 statuit,
1039 3699 1250 3757 scilicet
1268 3703 1514 3775 potuisse
1532 3701 1797 3758 Caichum
1817 3703 2028 3758 cultum

478 3784 827 3842 Mendesium
866 3787 1185 3859 instituere,
1234 3790 1280 3843 si
1314 3788 1376 3844 id
1416 3789 1611 3845 fecerit
1649 3791 2028 3847 consentiente

478 3892 610 3948 rege
632 3874 965 3949 Memphita,
993 3885 1162 3950 atque
1184 3875 1413 3933 sortasse
1441 3878 1631 3933 omnia
1655 3895 1780 3951 quae
1805 3876 1880 3933 ad
1902 3878 2027 3933 cul-

480 3973 598 4017 tum
622 3959 1015 4037 AEgyptiorum
1033 3964 1412 4037 pertinebant,
1428 3982 1600 4039 penes
1612 3965 1858 4022 Thinitas
1871 3982 2030 4040 reges

475 4048 640 4104 fuisse
658 4090 674 4118 ‚
706 4049 766 4106 id
792 4067 995 4106 vereor
1020 4068 1092 4107 ne
1116 4052 1312 4125 paullo
1340 4053 1563 4128 longius
1580 4053 1818 4128 petitum
1843 4055 1914 4109 sit
1935 4072 2026 4110 ca·

476 4146 709 4207 reatque
748 4136 935 4210 specie
966 4138 1477 4197 verisimilitudinis.
1521 4170 1597 4184 -
1640 4142 1725 4196 De
1762 4138 1884 4216 lege
1923 4140 2028 4196 sub

478 4221 763 4278 Binothris
802 4240 933 4298 rege
966 4227 1175 4282 sancita
1217 4229 1492 4285 nonnulla
1531 4230 1755 4284 monuit
1788 4229 2025 4284 Bunsen.

478 4328 534 4382 p.
571 4314 698 4375 104.
740 4340 813 4352 —
858 4311 1086 4367 Famam
1111 4314 1400 4386 miraculi,
1437 4314 1593 4389 quod
1631 4316 1735 4372 sub
1773 4315 2028 4390 Nepher-

476 4397 646 4452 chere
676 4393 810 4472 (sub
837 4398 1097 4455 Binothri
1134 4417 1245 4459 sec.
1285 4403 1625 4459 Antiocheni
1659 4402 2024 4478 Chronicon)

478 4481 738 4540 accidisse
754 4483 953 4557 fermr,
983 4485 1118 4544 inde
1144 4503 1325 4544 ortam
1355 4498 1544 4547 censet
1570 4489 1727 4564 quod
1753 4508 1898 4565 aqua
1919 4488 2030 4546 flu-

476 4570 556 4624 ·vii
582 4578 759 4627 mutet
789 4572 1074 4631 interdum
1096 4575 1349 4633 colorem
1385 4588 1720 4653 gustumque
1743 4619 1759 4649 ,
1794 4579 2028 4636 laudato

428 4660 433 4667 ’
476 4656 962 4736 Hengstenbergio
1005 4661 1148 4737 (Die
1166 4664 1391 4721 Biicher
1432 4666 1619 4721 Moses
1657 4685 1711 4724 u.
1751 4669 2030 4741 AEgrpten

476 4762 538 4818 1>-
579 4742 683 4799 ¹03
715 4746 873 4824 sqq)-

1586 421 2085 483 MAN-amomis
2126 384 2593 484 sEBExNYTAE

2533 565 2807 624 TERTIA
2848 564 3214 626 DYNASTIA
3229 606 3245 619 .

2851 715 2942 752 11.

2200 810 2486 884 Syncellus
2510 828 2569 884 p.
2599 808 2694 880 56,
2725 811 2767 864 B
2795 827 2810 864 t

2651 955 3115 1016 ΑΦΡΙΚΑΝΟΥ.

2191 1095 2388 1174 Τρίτη
2417 1091 2769 1153 δυναστεία
2812 1095 3174 1174 Μεμφιτῶν
3222 1095 3586 1174 βασιλέων
3625 1103 3734 1159 ἐν-

2118 1178 2256 1253 νέα,
2278 1179 2327 1238 α’
2349 1171 2420 1239 ὧν
2442 1178 2839 1262 Νεχερώφης
2870 1180 3206 1262 (Νιχοροφὴς
3225 1186 3271 1243 Α
3290 1181 3422 1258 >lt-n
3449 1188 3584 1257 κη’.
3602 1186 3734 1267 Ἐφ’

2114 1257 2173 1325 οὗ
2200 1264 2390 1335 Ateus<
2417 1267 2715 1339 ἀπέστησαν
2737 1266 3037 1345 Αἰγυπτίων
3063 1267 3152 1327 καὶ
3178 1273 3270 1340 τῆς
3294 1269 3539 1345 σελήνης
3565 1275 3732 1355 παρὰ

2122 1352 2274 1431 λόγον
2299 1353 2602 1429 αὐξηθείσης
2624 1353 2708 1413 διὰ
2732 1354 2838 1422 δέος
2866 1354 3073 1423 ἑαυτοὺς
3104 1355 3426 1437 παρέδοσαν.

2196 1437 2245 1520 β’
2292 1439 2770 1523 Τόσορθροςέτη
2807 1440 2906 1503 κθ’.
2952 1432 3117 1509 Οὗτος
3159 1441 3488 1516 Ἀσκληπιὸς
3535 1447 3720 1525 Αἰγυ-

2113 1526 2280 1595 πτίοις
2309 1527 2445 1589 κατὰ
2468 1528 2562 1600 τὴν
2594 1526 2828 1609 ἰατρικὴν
2865 1528 3182 1605 νενόμισται,
3221 1530 3312 1588 καὶ
3337 1530 3437 1602 τὴν
3487 1532 3588 1591 διὰ
3627 1533 3729 1603 ξε·-

2116 1616 2249 1671 στῶν
2293 1614 2456 1673 ·λίθων
2510 1612 2805 1692 οἰκοδομίαν
2867 1613 3051 1696 εὕρατο
3066 1639 3080 1654 ·
3138 1615 3274 1675 ἀλλὰ
3331 1616 3431 1676 καὶ
3493 1626 3724 1704 γραφῆς

2116 1701 2434 1779 ἐπεμελήθη.

2192 1790 2241 1868 γ’
2270 1792 2473 1870 Τύρις
2499 1791 2712 1872 (Τῦρεις
2734 1789 2831 1870 Β.)
2854 1791 2942 1865 ἔτη
2975 1793 3040 1860 ζ’.

2198 1875 2243 1935 δ’
2271 1877 2629 1958 Μέσωχρις
2651 1876 2742 1950 ἔτη
2764 1874 2847 1948 ιζ’.

2197 1964 2238 2023 ε’
2271 1963 2537 2046 Σώῦφις
2564 1965 2796 2044 (Σώῖφις
2819 1966 3027 2043 Goar.)
3054 1963 3145 2037 ἔτη
3178 1968 3271 2033 ις’.

2194 2050 2245 2120 ς’
2273 2051 2694 2132 Τοσέρτασις
2718 2052 2808 2124 ἔτη
2837 2049 2920 2110 ιθ’.

2195 2139 2240 2210 ζ’
2269 2137 2442 2220 Ἀχη
2459 2164 2484 2208 ς
2512 2137 2603 2213 (τη
2637 2137 2754 2217 95'·

2194 2225 2248 2300 η’
2278 2227 2366 2298 Σή
2379 2250 2413 2307 :p
2428 2251 2456 2287 ο
2469 2251 2500 2287 υ
2517 2250 2608 2308 ρις
2633 2230 2652 2305 (
2673 2225 2916 2308 Σίφουρις
2933 2228 3126 2306 Goar.)
3147 2226 3222 2291 λ’.

2197 2313 2242 2373 θ’
2275 2313 2611 2396 Κερφίρης
2638 2314 2728 2387 Ῑτη
2757 2312 2864 2381 >tc-¹.

2194 2397 2369 2478 Ὁμοῦ
2402 2400 2492 2475 ἔτη
2517 2398 2616 2460 σιδ’
2627 2448 2642 2463 .

2197 2486 2368 2566 Ὁμοῦ
2396 2492 2499 2548 τῶν
2532 2492 2686 2569 τριῶν
2715 2490 3027 2549 δυναστειῶν
3065 2487 3202 2548 κατὰ
3240 2490 3561 2571 Ἀφρικανὸν
3599 2494 3704 2570 ἔτη

2116 2574 2228 2658 ψξθ’
2257 2578 2424 2656 (769.
2452 2597 2528 2636 sc.
2555 2576 2922 2656 5554-214).

2196 2666 2339 2723 Cum
2379 2665 2647 2725 Africano
2685 2666 2817 2723 facit
2851 2677 3049 2723 auctor
3090 2669 3225 2727 Exc.
3261 2669 3433 2730 Barb.
3475 2691 3698 2732 novem

2118 2770 2276 2832 reges
2296 2764 2353 2811 et
2378 2772 2552 2814 annos
2577 2760 2688 2823 υἱ.
2712 2771 3021 2812 recensens.

2854 2916 2944 2954 12.

2333 3112 2340 3119 ι
2600 3030 2744 3087 SEC.
2777 2983 3174 3090 Eusssmfm.

2198 3169 2437 3243 Syncell.
2494 3167 2589 3240 57,
2635 3166 2964 3251 ΒςΤρίτη
3015 3167 3379 3228 δυναστεία
3408 3173 3685 3257 Μεμφι-

2118 3259 2243 3314 τῶν
2267 3253 2599 3335 βασιλέων
2626 3253 2829 3329 ὀκτώ,

2125 3356 2130 3357 ’
2201 3343 2252 3400 α’
2287 3341 2592 3424 Νεχίρωχις
2641 3342 2990 3424 (Ναχίρωχις
3040 3346 3110 3406 G.
3133 3347 3150 3419 )
3170 3387 3186 3415 ,
3234 3345 3316 3425 ἔφ’
3367 3337 3431 3404 οἶ
3481 3347 3681 3418 Αίὸυες

2120 3429 2420 3502 ἀπέστησαν
2458 3427 2782 3508 Αἰγυπτίων,
2822 3429 3033 3502 καὶτῆς
3076 3428 3298 3502 σελήνης
3333 3435 3484 3512 παρὰ
3526 3434 3682 3516 λόγον

2120 3515 2423 3590 αὐξηθείσης
2447 3514 2533 3576 διὰ
2554 3514 2665 3584 δεός
2687 3516 2898 3584 ἑαυτοὺς
2927 3515 3246 3597 παρέδοσαν.

2199 3602 2271 3684 β’.
2289 3605 2425 3665 Μεθ’
2446 3602 2501 3664 ὃν
2524 3604 2798 3688 Σέσορθος,
2816 3602 2869 3672 ὃς
2891 3603 3199 3676 Ἀσκληπιὸς
3212 3605 3359 3688 παρὰ
3375 3610 3686 3684 Αἰγυπτίοις

2119 3694 2311 3765 ἐκλήθη
2341 3692 2426 3751 διὰ
2454 3692 2548 3764 τὴν
2589 3690 2843 3772 ἰατρικήν.
2883 3683 3051 3760 Οὗτος
3083 3693 3174 3752 καὶ
3212 3694 3306 3766 τὴν
3354 3694 3441 3756 διὰ
3489 3698 3685 3766 ξεστῦν

2118 3779 2273 3838 λίθων
2313 3777 2589 3857 οἰκοδομὴν
2639 3778 2852 3859 εὕρατο,
2902 3778 3038 3838 ἀλλὰ
3091 3780 3182 3838 καὶ
3229 3786 3434 3863 γραφῆς
3483 3787 3684 3863 ἐπεμε-

2196 3957 2266 4014 Ot
2290 3954 2344 4013 δὲ
2371 3953 2545 4013 λοιποὶ
2569 3952 2623 4023 ἓξ
2646 3953 2791 4015 οὐδὲν
2821 3953 3286 4032 ἀξιομνημόνευτον
3313 3955 3561 4036 ἔπραξαν.

2197 4039 2271 4101 Οἳ
2291 4040 2381 4100 καὶ
2404 4039 2744 4101 ἐδασίλευσαν
2772 4040 2936 4100 ἔτεσιν
2962 4041 3098 4124 ρζη’.

2198 4125 2368 4205 Ὁμοῦ
2409 4131 2511 4187 τῶν
2555 4132 2710 4208 τριῶν
2753 4130 3062 4188 δυναστειῶν
3107 4129 3244 4189 κατὰ
3285 4130 3368 4190 τὸν
3413 4133 3680 4196 Εὖσίὸιον

2119 4213 2211 4287 ἔτη
2237 4213 2366 4296 ψμῖ
2391 4216 2558 4293 (747.
2593 4235 2673 4275 sc.
2701 4216 3011 4293 5494-198
3032 4218 3099 4294 )..

2198 4305 2468 4361 Eusebius
2489 4305 2653 4363 Arm.
2671 4323 2734 4378 p.
2763 4305 2873 4379 96:
2906 4307 3094 4363 Tertia
3109 4308 3375 4380 dynastia
3396 4311 3681 4387 Memphi·

2139 4400 2319 4443 tarum
2392 4385 2560 4443 VIII
2622 4410 2834 4466 regum.

2196 4478 2593 4547 Nechemchis,
2628 4479 2729 4534 sub
2757 4498 2861 4555 quo
2879 4480 3074 4554 Libyes
3094 4480 3169 4537 ab
3193 4483 3481 4557 Εωφείὼ·
3516 4484 3680 4557 defi·

2118 4578 2309 4622 cerunt
2330 4585 2349 4620 .-
2387 4584 2520 4622 mox
2558 4569 2872 4623 immaniter
2905 4580 3175 4625 crescente
3210 4570 3346 4625 luna
3377 4577 3560 4629 ten-iti
3598 4576 3686 4631 ad

2118 4654 2436 4728 obsequium
2456 4658 2655 4709 rever-si
2666 4666 2812 4709 sunt.

2198 4743 2415 4797 Deinde
2432 4740 2746 4810 Soror-thus,
2777 4747 2873 4816 qui
2888 4741 2957 4796 ob
2978 4743 3252 4798 medicam
3273 4755 3454 4800 oeoem
3481 4749 3679 4802 Εκα-

2125 4829 2245 4903 lapi
2251 4847 2315 4883 us
2347 4828 2421 4884 ab
2459 4831 2743 4904 AEgypciis
2765 4832 3036 4884 vocitatus
3060 4840 3161 4886 ert.
3200 4832 3267 4886 Is
3300 4836 3476 4888 etiam
3511 4839 3682 4890 sectis

2126 4914 2401 4988 lapidibus
2443 4916 2799 4990 oedificIOr-um
2845 4917 3219 4973 struendarum
3262 4929 3458 4974 auctor·
3481 4919 3616 4992 suit
3654 4939 3678 4975 .·

2127 5002 2283 5055 libris
2308 5013 2596 5076 proeterea
2627 5003 2928 5059 scrihendis
2963 5021 3152 5059 civ-am
3182 5006 3476 5080 impendit.
3559 5006 3683 5063 Sex

2123 5088 2322 5162 reliqui
2338 5088 2494 5145 nihil
2510 5091 3040 5146 commemorandum
3057 5102 3359 5164 gessa-mr.
3445 5094 3680 5166 Regna·

2126 5186 2237 5230 tum
2264 5187 2345 5231 est
2370 5183 2535 5233 annis
2558 5177 2847 5234 CXCVII
2868 5176 2883 5252 (
2901 5194 3078 5253 graece
3106 5175 3271 5254 198).
