4016 5916
493 397 533 443 4
545 395 575 443 4
585 393 618 440 6

495 508 840 588 ποιησαμένῳ
867 505 993 586 πρὸς

1602 357 2098 424 DEMocflAnls
2140 351 2693 416 LEUCONOENSIS

1022 498 1302 565 Βοιωτούς·
1356 496 1466 556 ἀνθ’
1494 488 1566 554 ὧν
1580 493 1817 561 ἐξέπεσεν
1841 488 1950 548 ὑπὸ
1969 498 2074 551 τῶν
2158 486 2247 546 καὶ
2268 483 2486 543 λαὸόντι
2518 480 2679 541 εἴκοσι
2714 481 2947 538 τάλαντα
2980 476 3224 557 ἀργυρίου
3263 475 3356 534 καὶ
3386 473 3789 535 Ἐλευσῖνάδε

501 596 905 659 καταλυσάντων
926 591 1014 650 τὸν
1035 592 1218 665 δῆμον·
1237 585 1327 645 καὶ
1342 588 1410 651 ὡς
1424 585 1677 653 κατῆλθεν
1697 579 1782 639 ἐπὶ
1802 576 2075 641 Διοκλέους
2161 569 2502 651 κομισαμένῳ
2527 573 2601 649 τῷ
2626 566 2806 647 δήμῳ,
2833 566 3110 624 καὶταῦτα
3139 564 3379 622 πείσαντι
3409 561 3643 621 ἑλέσθαι
3680 561 3791 620 τὸν

508 688 761 767 ἄρχοντος
792 681 856 761 (a)
886 678 988 736 ὑπὸ
1009 682 1098 735 τοῦ
1129 675 1328 752 δήμου,
1351 670 1679 731 συστείλαντι
1703 665 1795 737 τὴν
1821 663 2073 734 διοίκησιν
2165 662 2326 736 δῆμον
2360 658 2448 717 καὶ
2484 655 2753 738 πράξαντι·
2787 653 2874 713 καὶ
2904 651 3115 733 φυγόντι
3150 654 3244 727 μὲν
3287 648 3419 729 ὑπὲρ
3466 650 3791 729 δημοκρα-

495 773 697 853 -πρώτῳ
714 816 731 845 ,
757 768 849 827 καὶ
888 764 1185 846 φεισαμένῳ
1211 764 1313 820 τῶν
1343 756 1680 837 ὑπαρχόντων
1704 754 1795 813 καὶ
1823 749 2077 833 πρεσὸεύ·

511 882 661 919 σαντι
684 855 810 937 πρὸς
836 851 1161 928 Λυσίμαχον,
1183 848 1272 906 καὶ
1290 843 1507 905 λαὸόντι
1525 846 1601 921 τῷ
1622 840 1773 921 δήμῳ
1798 838 2075 920 τριάκοντα

508 948 742 1006 τάλαντα
774 939 1046 1023 ἀργυρίου,
1074 937 1165 995 καὶ
1192 935 1350 993 πάλιν
1387 930 1540 1012 ἕτερα
1575 928 1791 988 ἑκατόν·
1833 925 1922 985 καὶ
1953 923 2079 1003 γρά-

509 1039 670 1116 ψαντι
692 1027 974 1112 πρεσὸείαν
999 1025 1128 1104 πρὸς
1164 1024 1490 1099 Πτολεμαῖον
1526 1022 1594 1084 εἷς
1632 1016 1927 1093 Αἴγυπτον,
1963 1013 2079 1070 καθ’

500 1124 576 1196 ἢν
604 1117 979 1181 ἐκπλεύσαντες
1009 1111 1329 1182 πεντήκοντα
1360 1107 1608 1184 ἐκόμισαν
1649 1104 1880 1162 τάλαντα
1921 1103 2081 1179 ἀργυ·

519 1211 627 1291 ρίου
658 1212 732 1288 τῷ
759 1205 939 1284 δήμῳ·
969 1201 1058 1260 καὶ
1086 1195 1214 1280 π’ρὸς
1235 1195 1569 1275 Ἀντίπατρον
1605 1194 1671 1271 (8)
1701 1186 2083 1271 πρεσὸεύσαντι

520 1396 616 1446 que
644 1379 875 1439 factione,
899 1378 950 1426 in
972 1386 1179 1437 quorum
1211 1368 1409 1420 arbitrio
1430 1369 1538 1417 tum
1568 1369 1708 1417 erant
1737 1362 1915 1414 omnia.
1956 1364 2077 1419 Quae

521 1450 814 1501 antecedunt
850 1445 1103 1508 οἰκοδομὴν
1139 1445 1308 1505 τειχῶν
1347 1439 1446 1487 κτλ.
1485 1434 1830 1488 Democharem
1872 1432 2089 1495 spectant

526 1523 694 1570 urbem
713 1518 1009 1568 munientem
1029 1515 1197 1563 contra
1219 1506 1537 1560 Cassandrum
1553 1544 1566 1568 ,
1601 1505 1685 1568 qui
1711 1501 1956 1553 obsidione
1974 1512 2086 1549 eam

521 1592 674 1641 cinxit
690 1589 780 1652 (cf.
795 1588 926 1638 Plut.
947 1589 1080 1635 Dem.
1098 1583 1202 1642 23).
1226 1580 1372 1630 Aliter
1383 1577 1444 1628 de
1461 1576 1589 1627 bello
1607 1576 1835 1638 quattuor
1852 1583 2087 1621 annorum

522 1659 694 1710 statuit
714 1655 1003 1720 Droysenius
1025 1655 1071 1703 Z
1078 1650 1254 1711 tschft.
1263 1649 1315 1710 f.
1338 1645 1719 1697 Alterthumsw.
1760 1647 1892 1692 1836.
1921 1654 1972 1689 n.
2002 1643 2080 1687 20.

2164 746 2275 813 τίας
2307 746 2392 825 (ε),
2419 743 2763 823 μετεσχηκότι
2786 740 2839 801 δὲ
2863 743 3104 816 οὐδεμιᾶς
3119 737 3456 818 ὀλιγαρχίας,
3480 738 3617 795 οὐδὲ
3670 740 3795 816 ἆρ-

2165 832 2265 913 χὴν
2310 831 2555 908 οὐδεμίαν
2591 829 2780 911 ἠρχότι
2820 825 3230 891 καταλελυκότος
3269 830 3357 884 τοῦ
3400 825 3621 901 δήμου·
3682 824 3793 882 καὶ

2170 922 2311 1002 μόνῳ
2339 918 2621 992 Ἀθηναίων
2652 921 2753 976 τῶν
2778 915 2916 975 κατὰ
2947 914 3040 985 τὴν
3073 913 3233 985 αὐτὴν
3259 910 3474 984 ἡλικίαν
3504 913 3797 971 πολιτευ·

2171 1008 2410 1086 σαμένων
2447 1006 2520 1085 μὴ
2566 1003 2941 1080 μεμελετηκότι
2977 1001 3071 1074 τὴν
3113 1000 3339 1080 πατρίδα
3381 1004 3556 1058 κινεῖν
3602 999 3798 1079 ἑτέρῳ

2171 1097 2512 1174 πολιτεύματι
2558 1095 2593 1166 ἢ
2623 1092 2977 1172 δημοκρατία·
3008 1089 3096 1149 καὶ
3128 1087 3218 1155 τὰς
3254 1087 3451 1165 κρίσεις
3494 1087 3601 1145 καὶ
3654 1087 3799 1154 τοὺς

2172 1185 2356 1261 νόμους
2382 1183 2559 1244 καὶτὰ
2583 1181 2894 1260 δικαστήρια
2927 1177 3019 1237 καὶ
3058 1176 3150 1244 τὰς
3186 1175 3362 1241 οὐσίας
3400 1183 3577 1234 πᾶσιν
3612 1176 3797 1246 Ἀθη-

2171 1271 2330 1338 ναίοις
2362 1273 2416 1330 ἐν
2449 1270 2674 1351 ἀσφαλεῖ
2701 1270 2978 1339 ποιήσαντι
3012 1266 3098 1324 διὰ
3143 1268 3237 1333 τῆς
3266 1264 3426 1319 αὑτοῦ
3453 1262 3794 1333 πολιτείας,

2174 1359 2265 1418 καὶ
2304 1357 2465 1436 μηδὲν
2499 1356 2799 1416 ὑπεναντίον
2828 1359 2893 1432 τῇ
2924 1349 3247 1432 δημοκρατία
3276 1350 3591 1427 πεπραχότι
3628 1349 3786 1425 μήτε

2173 1447 2314 1526 λόγῳ
2345 1446 2481 1523 μήτε
2501 1446 2658 1526 ἔργῳ.

2259 1537 2487 1612 Singula
2514 1554 2639 1608 quae
2666 1535 2778 1589 hoc
2807 1531 3036 1588 decreto
3063 1527 3498 1584 subindicantur
3520 1547 3787 1586 accura-

2179 1629 2287 1682 tius
2310 1624 2644 1698 perscrutari
2668 1639 2787 1676 non
2804 1629 2981 1675 vacat.
2999 1617 3142 1673 Satis
3153 1615 3427 1671 habemus
3446 1616 3787 1691 imaginem

528 1738 608 1781 2¹·
644 1735 801 1786 Quem
846 1726 1024 1776 librum
1058 1735 1211 1785 quum
1242 1720 1304 1769 &d
1339 1729 1514 1768 mamm
1543 1728 1641 1765 ¹¹0⁰
1678 1712 1909 1773 ΜΠ),
1941 1722 2087 1772 θῐεῦ·
2179 1711 2544 1768 Democharis
2573 1707 2766 1782 paucis
2792 1705 3011 1760 lineolis
3052 1702 3430 1758 adumbrasse.
3462 1704 3667 1777 Igitur
3688 1707 3793 1760 vi-

526 1804 687 1851 menta
718 1797 913 1861 quidem
947 1794 1037 1843 viri
1066 1788 1328 1843 doctissimi
1358 1787 1530 1837 afferre
1547 1797 1762 1848 nequeo,
1791 1781 1949 1844 capita
1974 1792 2092 1828 vero

525 1867 857 1934 disputationis
895 1863 1162 1916 exscribere
1198 1860 1309 1910 licet
1346 1872 1409 1908 ex
1444 1857 1813 1908 westarmanno
1853 1851 1904 1900 in
1953 1853 2089 1900 Pau·

529 1941 605 2002 lys
633 1934 950 1997 Realencycl.
972 1946 1025 1981 v.
1055 1929 1392 1982 Demochares
1412 1941 1467 1976 :a
1488 1925 1622 1977 Nach
1641 1927 1880 1985 Droysens
1904 1919 2096 1970 Ausein·

529 2009 877 2068 andersetzung
918 2003 1100 2053 ordnen
1139 2001 1241 2051 sich
1276 1999 1354 2049 die
1398 1995 1646 2048 einzelnen
1677 1991 1979 2042 Thatsachen
2017 2003 2096 2039 am

528 2079 939 2142 angemessensten
979 2071 1421 2135 folgendermassen.
1457 2067 1627 2117 zuerst
1656 2063 1896 2114 erscheint
1926 2065 2099 2111 Demo·

447 2157 462 2172 ·
530 2150 696 2197 chares
711 2146 764 2196 in
782 2147 912 2195 einer
926 2141 1251 2194 oesfentliihen
1270 2137 1487 2199 Stellung
1505 2148 1566 2185 au
1585 2134 1669 2184 der
1688 2135 1847 2196 spitze
1863 2131 1949 2181 der
1961 2131 2097 2180 wah-

533 2231 615 2267 ren
653 2217 893 2266 Patrioten
916 2213 1007 2264 seit
1041 2211 1125 2260 der
1148 2205 1634 2268 wiederherstellnng
1664 2203 1751 2252 der
1795 2201 2101 2252 Democratie

529 2286 685 2336 durch
716 2283 983 2335 Demetrius
1016 2281 1305 2332 Poliorcetes
1341 2277 1407 2326 im
1444 2279 1489 2327 J.
1519 2279 1605 2325 307
1623 2291 1637 2334 ;
1661 2273 1813 2322 durch
1845 2271 2103 2321 Stratocles

535 2357 740 2408 Elussuss
759 2356 969 2419 goeturzt
993 2351 1155 2413 (Plut.
1185 2353 1322 2399 Dem.
1354 2348 1476 2411 24),
1496 2345 1687 2395 verliets
1710 2355 1764 2393 er
1791 2343 1948 2392 Athen
1977 2347 2069 2390 303
2086 2379 2101 2402 ‚

535 2429 700 2477 kehrte
726 2426 900 2488 jedoch
928 2428 1017 2473 298
1057 2419 1201 2470 dahin
1233 2418 1446 2478 και-ἰωὴ
1474 2417 1541 2465 im
1573 2412 1898 2475 vierjaehrigen
1934 2410 2104 2473 Kriege

536 2495 960 2557 (wahrscheinlich
989 2492 1128 2548 dem,
1163 2489 1394 2538 wodurch
1429 2484 1698 2536 Demetrius
1733 2485 1976 2535 297—294
2008 2481 2102 2531 den

520 2568 686 2616 -durch
701 2567 776 2615 die
791 2562 1016 2614 Schlacht
1033 2561 1110 2608 bei
1128 2562 1261 2620 ipsus
1279 2557 1532 2607 vei-lornen
1555 2553 1759 2604 Eintluss
1777 2553 1825 2602 in
1847 2552 2105 2603 Gricchen-

539 2636 650 2685 land
670 2634 844 2684 wieder
871 2631 1080 2691 erlangt)
1116 2630 1285 2677 rettete
1329 2626 1649 2675 Demochares
1680 2624 1758 2674 die
1784 2621 1922 2672 stadt
1951 2621 2105 2670 durch

540 2705 893 2764 Ausbesserung
903 2701 990 2748 der
1005 2702 1201 2747 Manem
1217 2695 1312 2745 und
1332 2694 1487 2745 durch
1505 2694 1827 2754 Anschat't‘ung
1845 2705 1940 2740 von
1954 2691 2110 2740 Muni-

540 2776 642 2823 tion
668 2774 765 2821 und
793 2769 1095 2825 vorroethen,
1118 2767 1181 2815 im
1205 2769 1253 2815 J.
1276 2770 1395 2825 2973
1419 2770 1509 2816 296
1528 2764 1638 2827 giug
1670 2777 1723 2813 er
1749 2764 1819 2812 als
1845 2761 2110 2811 Gesaudter

543 2845 700 2891 zuerst
717 2853 779 2888 an
805 2840 992 2901 Philipp
1024 2837 1237 2898 (Seneca
1261 2838 1330 2883 De
1349 2834 1418 2883 ira
1437 2836 1522 2894 111,
1545 2835 1662 2896 26),
1682 2832 1809 2881 daun
1828 2844 1889 2880 an
1912 2830 2107 2892 Antipa-

544 2915 638 2971 ter,
665 2908 953 2960 Cassanders
974 2907 1103 2957 Sohn
1133 2904 1329 2968 (Polyb.
1365 2906 1484 2966 xil,
1515 2909 1596 2962 13,
1627 2904 1717 2967 8);
1743 2901 1792 2950 in
1834 2900 2109 2950 demselben

543 2985 570 3030 J
579 2982 693 3029 abre
721 2979 901 3028 schloss
920 2991 971 3026 er
999 2976 1073 3025 ein
1093 2972 1327 3024 Bondniss
1364 2972 1454 3022 mit
1471 2971 1563 3021 den
1581 2972 1845 3030 Boeotiern‚
1871 2970 2028 3019 wofur
2059 2983 2111 3019 er

547 3049 658 3097 bald
678 3047 853 3097 darauf
869 3058 963 3094 von
981 3044 1075 3094 den
1097 3043 1305 3093 Feinden
1323 3042 1409 3092 der
1428 3041 1728 3093 Democratie
1759 3039 2111 3101 (wahrschein-

547 3118 641 3167 lich
661 3131 756 3165 von
776 3116 1035 3175 Lacheres,
1056 3118 1147 3164 296
1175 3112 1292 3162 oder
1311 3114 1434 3173 295)
1470 3110 1740 3161 vertrieben
1777 3110 1974 3172 wurde3
2011 3110 2109 3160 und

550 3190 688 3237 unter
709 3186 817 3235 dem
848 3186 1036 3236 Archon
1065 3183 1252 3233 Diocles
1286 3183 1442 3243 (etwa
1464 3183 1551 3231 287
1573 3181 1689 3230 oder
1723 3183 1848 3243 286)
1873 3181 2042 3232 kehrte
2060 3194 2112 3231 er

549 3257 725 3307 zurssck
757 3255 853 3305 und
875 3254 1066 3304 machte
1090 3253 1193 3303 sich
1212 3252 1366 3302 durch
1392 3250 1798 3312 Einschrzrnkung
1825 3251 1910 3300 ‹1oe
1934 3254 2113 3301 staats-

549 3326 827 3376 auiwandes
855 3323 954 3373 und
986 3327 1098 3387 gute
1117 3323 1429 3385 Verwaltung
1467 3335 1551 3370 um
1571 3321 1649 3371 die
1675 3322 1909 3371 Finanzeu
1938 3323 2116 3373 Athens

551 3397 792 3456 x'erdient;
822 3394 1012 3444 endlich
1043 3396 1160 3453 (vor
1193 3397 1277 3442 271
1301 3394 1318 3455 )
1339 3393 1448 3454 giug
1478 3405 1531 3441 er
1557 3392 1626 3440 als
1646 3391 1909 3441 Gesandter
1925 3406 1988 3441 an
2021 3396 2112 3454 Ly·

550 3467 817 3527 simachus,
859 3464 959 3513 und
1000 3464 1275 3525 beantragte
1312 3462 1420 3512 eine
1462 3461 1804 3512 Goeandschast
1849 3475 1912 3510 an
1955 3463 2108 3512 Ptole·

483 3567 488 3573 -
551 3552 718 3587 marus,
753 3557 776 3579 υ

617 3608 686 3667 (2)
711 3608 785 3655 ἐπὶ
813 3606 1057 3671 Διοκλέους
1080 3602 1218 3667 ἀρχ.]
1239 3608 1402 3652 Annus
1419 3600 1565 3662 huius
1584 3601 1828 3650 archontis
1852 3602 2113 3664 ignoratur.

555 3676 741 3730 Corsini
773 3680 828 3726 F.
859 3678 922 3725 il.
955 3676 1075 3723 tom.
1098 3677 1161 3735 ll,
1184 3677 1242 3723 97
1282 3672 1367 3722 ait.
1407 3690 1420 3721 ι
1452 3690 1476 3713 α
1510 3672 1558 3721 Si
1592 3673 1909 3722 Demochares
1942 3674 2119 3735 populo

556 3748 811 3796 revocante
842 3756 1061 3795 reversus
1077 3746 1180 3805 est,
1213 3742 1293 3791 ille
1314 3743 1421 3803 post
1446 3740 1688 3790 sublatum
1723 3743 1946 3791 Demetrii
1967 3742 2118 3805 impe·

559 3817 683 3866 rium
714 3814 907 3865 rediisse
936 3812 1137 3863 debuit:
1164 3812 1366 3872 ideoque
1395 3810 1608 3871 Diocles,
1641 3824 1740 3873 quo
1763 3811 1991 3861 archonte
2026 3816 2119 3861 De·

557 3885 808 3935 mochares
845 3883 908 3933 ab
937 3883 1082 3933 exilio
1115 3882 1370 3931 revocatus
1401 3882 1498 3940 est,
1522 3880 1596 3930 Ol.
1624 3885 1707 3929 128
1725 3916 1738 3940 ,
1761 3886 1788 3928 2
1809 3880 1885 3929 vel
1911 3886 1937 3930 3
1978 3881 2116 3941 (287.

559 3956 698 4017 286),
719 3954 1001 4003 archontum
1025 3952 1159 4002 fastis
1180 3950 1372 4013 adiungi
1393 3949 1551 3999 debet.
1575 3968 1600 3993 ν
1639 3953 1793 4008 Quam
1818 3954 2117 4012 argumenta·

558 4027 737 4075 tionem
757 4022 996 4072 infirmam
1020 4034 1122 4072 osse
1145 4020 1440 4069 demonstrat
1457 4019 1666 4069 clinton.
1696 4022 1780 4078 (F.
1807 4022 1865 4068 Η.
1905 4022 2023 4070 tom.
2052 4025 2091 4070 ll
2107 4058 2121 4083 ‚

561 4111 605 4159 p.
633 4099 723 4144 466
755 4091 832 4142 ed.
864 4092 1040 4153 tert),
1074 4089 1152 4139 cui
1186 4089 1372 4140 Diocles
1400 4089 1564 4137 statim
1598 4091 1705 4151 post
1736 4089 2007 4152 Philippum
2045 4105 2122 4140 ar·

547 4168 784 4215 'chontem
807 4162 960 4224 (291)
986 4159 1236 4223 ponendus
1258 4171 1359 4208 esse
1373 4158 1581 4209 videtur.

625 4236 691 4296 (3)
734 4234 857 4297 Πρὸς
900 4231 1189 4293 Ἀντίπατρον
1224 4228 1425 4293 πρεσ6.]
1471 4232 1583 4278 Post
1627 4231 1833 4278 mortem
1875 4232 2125 4281 Cassandri

565 4307 676 4367 (01.
701 4311 821 4364 120,
859 4306 906 4352 4.
946 4303 1070 4364 297)
1109 4311 1310 4362 regnum
1350 4298 1550 4362 suscipit
1589 4299 1857 4361 Philippus
1892 4300 2019 4351 tilius
2043 4315 2128 4365 per

565 4387 752 4426 menses
788 4374 911 4435 (non
940 4383 1057 4421 vero
1097 4382 1261 4420 annos
1272 4405 1288 4431 ‚
1321 4369 1392 4417 uti
1430 4372 1503 4418 est
1533 4381 1611 4431 ap.
1651 4368 1852 4432 Euseb.)
1879 4373 2124 4433 quattuor,

563 4443 736 4495 deinde
775 4439 1040 4492 succedunt
1063 4438 1232 4488 rmtoes
1254 4438 1357 4498 eius
1379 4440 1656 4500 Antipater
1673 4441 1721 4486 et
1749 4438 2016 4489 Alexander
2044 4453 2127 4502 per

564 4526 716 4564 annos
752 4510 874 4560 duos
910 4512 959 4559 et
983 4521 1170 4558 menses
1192 4522 1278 4558 sex
1309 4506 1512 4570 (euseb.
1540 4521 1587 4570 p.
1630 4513 1714 4557 180
1747 4508 1895 4571 Mai).
1929 4511 2019 4559 Hic
2057 4515 2128 4560 est

568 4585 834 4646 Antipater,
869 4592 1014 4643 quem
1052 4579 1372 4629 Demochares
1398 4578 1641 4628 convenit.
1675 4578 1804 4628 Idem
1833 4580 1992 4642 paullo
2018 4584 2129 4631 ante

457 4717 464 4723 ⁸
566 4654 626 4703 ad
649 4651 919 4713 Philippum
947 4648 1231 4711 legationem
1262 4648 1479 4711 obierat,
1512 4648 1552 4698 si
1572 4648 1690 4710 quid
1711 4649 1811 4698 veri
1833 4649 1995 4700 subest
2015 4664 2127 4699 nar-

568 4720 879 4781 ratiunculae,
914 4731 1060 4781 quam
1087 4720 1298 4768 servavit
1320 4722 1501 4769 Seneca
1523 4721 1593 4768 De
1628 4719 1700 4768 ira
1721 4721 1813 4781 111,
1833 4726 1925 4770 26<
1953 4725 2127 4771 Demo·

567 4792 749 4841 chares
768 4788 843 4840 ad
877 4788 1034 4838 illum
1058 4788 1387 4852 (Philippum)
1409 4788 1802 4839 Parrhesiastes
1828 4789 1888 4839 ob
1912 4793 2129 4841 nimiam

566 4867 618 4913 et
638 4873 906 4926 procacem
923 4860 1160 4922 linquam
1180 4860 1510 4923 appellatus,
1538 4862 1678 4910 inter
1698 4860 1830 4910 altos
1863 4861 2129 4910 Athenien·

567 4936 707 4981 siam
732 4932 928 4994 teqatos
953 4933 1181 4980 venerat.
1215 4929 1409 4980 Audita
1448 4930 1661 4993 benique
1694 4930 1951 4993 leqatione
1970 4963 1986 4986 ‚
2007 4932 2123 4980 Phi-

572 5003 762 5063 lippus,
787 5018 813 5044 κ
854 5001 1051 5054 Dicite,
1103 5001 1303 5062 inquit,
1336 4998 1695 5060 miht,sacere
1733 4999 1862 5063 quid
1894 5011 2124 5061 possum,

569 5069 707 5134 qaod
723 5072 795 5119 sit
813 5067 1202 5120 Atheniensibus
1213 5070 1441 5131 oratum.
1467 5087 1491 5111 υ
1519 5071 1742 5131 Excepit
1759 5068 2088 5118 Demochares
2110 5105 2124 5129 ‚

573 5158 601 5181 α
640 5140 729 5198 Te,
755 5140 942 5201 inquit,
963 5136 1286 5200 suspendere.
1312 5157 1336 5180 υ
1359 5136 1655 5202 Indiqnatio
1673 5140 2124 5188 circumstantium

2182 1818 2307 1854 rum
2354 1797 2702 1871 agnoscimus
2737 1793 2990 1847 moribus
3033 1790 3263 1856 severiS,
3307 1788 3508 1862 lingua
3562 1792 3791 1849 acerbe

2184 1886 2361 1940 libera
2384 1883 2481 1961 (5),
2506 1881 2732 1956 ingenio
2756 1880 2925 1935 rebus
2941 1875 3271 1950 eloquendis
3292 1878 3514 1949 pariter
3537 1897 3615 1933 ac
3633 1890 3790 1936 stre-

2184 1991 2295 2027 nue
2334 1969 2594 2045 gerendis
2622 1966 2853 2024 idoneo,
2885 1968 2935 2022 A
2970 1964 3163 2020 studiis
3189 1955 3617 2036 philosophicis
3660 1986 3789 2026 non

2187 2136 2259 2185 ad
2286 2137 2395 2184 tam
2418 2131 2764 2182 inhumanum
2786 2141 3087 2193 responsum
3117 2129 3303 2177 exorta
3327 2130 3403 2177 est
3436 2143 3452 2176 .·
3491 2141 3631 2193 quos
3654 2131 3784 2181 pm.

2189 2207 2368 2268 lippus
2384 2206 2712 2253 conticescere
2740 2200 2936 2262 jussit,
2960 2201 3012 2247 et
3038 2197 3331 2247 Thersitam
3351 2198 3518 2248 illum
3552 2202 3778 2251 salutm

2190 2274 2596 2335 incolumemque
2614 2270 2894 2320 dimittere.
2921 2285 2945 2309 κ
2964 2269 3028 2317 At
3048 2279 3131 2316 vos
3149 2301 3163 2326 ‚
3180 2268 3383 2329 inqiut,
3403 2272 3565 2318 ceteri
3594 2270 3780 2332 leonti,

2192 2345 2433 2393 nuntiate
2465 2339 2880 2397 Atheniensibus,
2926 2337 3091 2386 multo
3120 2337 3443 2399 superbiores
3487 2351 3604 2388 esse
3620 2373 3638 2394 ‚
3688 2344 3781 2403 qai

2193 2417 2296 2463 ista
2329 2412 2534 2471 dicunt,
2556 2422 2717 2474 quam
2734 2411 2827 2473 qni
2852 2411 3061 2470 impune
3093 2406 3233 2456 dicta
3257 2406 3511 2458 audiunt.
3624 2409 3779 2472 Lysi-

2191 2481 2437 2543 machum,
2470 2479 2782 2530 Ptolemaeum
2800 2514 2815 2538 ,
2841 2477 3110 2541 Philippum
3124 2514 3139 2538 ,
3159 2477 3467 2539 Antipatrum
3502 2478 3697 2540 legatus
3718 2482 3778 2529 D.

2195 2552 2314 2602 adiit
2349 2548 2641 2601 eo.consilio
2672 2551 2729 2598 ut
2766 2548 2968 2611 patriam
3003 2547 3215 2596 muniret
3253 2548 3424 2595 contra
3464 2550 3778 2598 Demetrium

2196 2622 2489 2672 Poliorceten
2507 2621 2575 2683 (v,
2597 2623 2829 2682 Droysen.
2854 2618 2884 2666 1.
2906 2618 2938 2667 l.
2962 2630 3009 2679 p.
3033 2619 3121 2666 564
3139 2629 3245 2679 sqq.
3265 2617 3305 2676 ).
3335 2619 3573 2667 Ceterum
3592 2622 3780 2668 Seneca

2197 2693 2288 2741 Ι.1.
2326 2704 2572 2754 perperam
2607 2688 2829 2750 intelligit
2866 2687 3137 2749 Philippum
3172 2689 3359 2749 patrem
3404 2687 3673 2738 Alexandri
3708 2692 3773 2739 Μ.

2202 2762 2510 2813 Ruhnkenius
2528 2760 2587 2809 ad
2608 2759 2755 2810 Rutil.
2782 2762 2900 2822 Lup.
2921 2761 2973 2818 1,
3002 2764 3029 2806 2
3063 2757 3307 2805 historiam
3331 2755 3393 2805 ad
3440 2759 3777 2821 Antipatrum,

2200 2840 2338 2901 quus
2362 2838 2646 2888 Plutarchus
2663 2837 2702 2885 1.
2730 2836 2764 2885 l.
2786 2835 3033 2893 meminit,
3068 2832 3231 2882 reterri
3255 2834 3426 2882 voluit.
3461 2837 3563 2884 Pro
3583 2837 3776 2899 Antipa-

2200 2915 2274 2960 tro
2292 2911 2453 2958 autem
2470 2907 2680 2958 Glinton.
2697 2904 2780 2970 (p.
2806 2909 2895 2956 466
2913 2905 2949 2967 ),
2972 2902 3224 2954 cassandri
3250 2902 3332 2951 filii
3356 2903 3638 2968 immemor,
3661 2908 3778 2956 snb·

2197 2979 2492 3030 stituendum
2510 2978 2696 3028 censuit
2716 2977 3002 3039 Antigonum
3030 2976 3290 3026 Gonatam,
3318 2975 3509 3034 Quibus
3545 2979 3772 3029 omnibns

2200 3053 2336 3101 facile
2368 3048 2757 3113 supersedemus,
2796 3058 3090 3109 quamquam
3131 3048 3262 3094 recte
3294 3048 3491 3095 moueat
3536 3048 3771 3107 clinton..

2202 3122 2543 3171 Democharem
2578 3118 2708 3182 apud
2747 3117 3031 3179 Antigonum
3064 3118 3303 3164 Gonatam
3341 3116 3390 3164 in
3427 3118 3587 3178 gratia
3612 3118 3774 3169 su‘me.

2202 3196 2380 3253 Nempe
2398 3189 2628 3250 Diogenes
2646 3190 2700 3237 L.
2727 3186 2816 3235 vll
2831 3221 2845 3245 ,
2877 3188 2928 3234 14
2948 3185 3111 3233 narrat
3131 3202 3143 3230 ι
3161 3184 3472 3247 Δημοχῲους
3494 3186 3547 3235 δὲ
3574 3192 3658 3236 τοῦ
3674 3188 3775 3238 Λιξ-

2202 3278 2341 3324 χητος
2361 3258 2685 3320 ἀσπαζομένου
2709 3256 2847 3305 αὐτὸν
2874 3254 3127 3317 (Ζήνωνα)
3150 3255 3229 3301 καὶ
3247 3254 3504 3315 φάσκοντος
3524 3256 3676 3318 λέγειν
3696 3263 3773 3309 καὶ

2204 3331 2395 3393 γράφειν
2427 3329 2492 3378 ὧν
2511 3331 2568 3377 ἂν
2586 3327 2744 3389 χρείαν
2763 3326 2848 3388 ἔχῃ
2881 3326 2993 3386 πρὸς
3022 3322 3296 3385 Ἀντίγονον,
3329 3327 3393 3380 ὡς
3426 3325 3609 3376 ἐκείνου
3632 3330 3775 3377 πάντα

2203 3402 2488 3462 παρέξοντος,
2505 3398 2710 3451 ἀκούσας
2733 3394 2883 3444 οὐκέτ’
2906 3394 3035 3456 αὐτῷ
3053 3394 3357 3457 συνδιέτριψε.
3384 3398 3458 3444 De
3480 3409 3582 3457 qua
3613 3412 3772 3447 mm-

2204 3471 2333 3519 tione
2345 3467 2602 3531 speciosius
2619 3477 2763 3527 quam
2782 3463 2941 3513 verius
2958 3461 3208 3512 Ruhnken.
3229 3476 3242 3509 :
3264 3481 3287 3503 α
3309 3465 3361 3510 ln
3383 3464 3489 3512 tota
3512 3468 3775 3519 Deuiocha·

2209 3538 2272 3587 ris
2288 3538 2384 3586 vita
2399 3535 2517 3585 nihil
2538 3534 2686 3597 magis
2703 3534 2879 3591 eminet
2899 3545 3045 3595 quam
3060 3530 3367 3581 democratize
3382 3533 3599 3584 studium
3623 3540 3774 3599 tyran·

2205 3608 2421 3669 nidisque
2438 3604 2621 3654 odium.
2645 3607 2813 3666 ltaque
2830 3616 2859 3651 a
2882 3614 2996 3652 vero
3015 3600 3274 3650 abhorrere
3288 3601 3483 3653 videtur
3508 3608 3774 3657 Democha·

2208 3690 2306 3725 rem
2350 3674 2579 3738 gratiam,
2619 3688 2717 3737 qua
2752 3671 2879 3734 apud
2928 3671 3219 3733 Antigonum
3260 3672 3505 3724 Gonatam
3565 3675 3771 3740 floreret,

2209 3746 2383 3794 Zenoni
2421 3743 2700 3807 philosopho
2731 3741 3014 3792 venditasse.
3058 3760 3084 3784 π
3120 3743 3346 3791 Cetemm
3380 3742 3442 3793 de
3480 3747 3776 3797 Demochare

2211 3815 2427 3877 Antigoni
2441 3814 2596 3863 amico
2616 3813 2677 3863 ct‘.
2700 3810 2843 3861 etiam
2864 3811 2993 3874 Diog.
3018 3813 3067 3860 L.
3084 3812 3162 3866 lv,
3185 3813 3239 3859 41
3264 3812 3333 3874 (ν.
3352 3812 3525 3875 infra).
3546 3801 3770 3878 Droysenss

2214 3886 2412 3935 Hellen.
2442 3886 2513 3944 li,
2536 3898 2586 3946 p.
2618 3890 2726 3933 209.

2275 3955 2340 4016 (4)
2363 3953 2546 4015 φυγόντι
2561 3955 2675 4017 ὑπὲρ
2687 3949 3012 4014 δημοκρατίας]
3024 3950 3106 4000 llis
3124 3949 3323 4000 indicari
3334 3952 3559 4003 videatur
3571 3957 3770 4006 alterum

2214 4029 2275 4075 D.
2289 4024 2505 4085 exilium,
2518 4024 2640 4085 pulsi
2665 4024 2861 4072 sortasse
2874 4036 2903 4071 a
2916 4021 3140 4083 Laenate,
3155 4022 3237 4084 qui
3247 4024 3504 4084 tyrannide
3520 4027 3772 4088 potitusest

2215 4096 2291 4146 Ol.
2326 4101 2431 4153 121,
2453 4100 2494 4143 1.
2519 4098 2630 4143 296.
2652 4095 2956 4154 Quamquam
2978 4091 3138 4142 nescio
3168 4105 3230 4140 an
3257 4093 3437 4143 rectius
3463 4098 3649 4147 statuas
3666 4112 3772 4148 ver·

2214 4165 2286 4215 bis
2312 4166 2389 4213 καὶ
2409 4179 2597 4227 φυγιντι
2629 4165 2710 4226 μὲν
2728 4164 2832 4212 κτλ.
2852 4174 2949 4212 non
2972 4161 3244 4211 continuari
3274 4163 3447 4212 seriem
3484 4166 3769 4231 chronologi·

2216 4248 2321 4284 cam
2348 4246 2506 4283 rerum
2534 4244 2563 4281 a
2581 4237 2638 4282 D.
2658 4235 2926 4293 gestarum
2959 4229 3041 4280 sed
3065 4232 3235 4281 merita
3251 4234 3301 4282 et
3334 4234 3542 4283 virtutes
3560 4272 3574 4293 ‚
3596 4250 3703 4299 quae
3725 4240 3767 4286 in

2216 4306 2357 4355 rebus
2379 4302 2523 4353 modo
2549 4302 2795 4353 recensitis
2829 4301 3204 4363 conspiciantur,
3233 4304 3401 4365 paucis
3418 4304 3767 4367 comprehendi.

2278 4375 2345 4433 (5)
2368 4371 2488 4422 Vide
2510 4371 2670 4421 locum
2705 4374 2897 4421 Senecae
2932 4371 2981 4419 in
3017 4372 3129 4419 not.
3166 4377 3212 4420 3.
3251 4371 3386 4422 Adde
3416 4374 3586 4424 AElian.
3620 4378 3681 4424 v.
3716 4378 3769 4424 Η.

2217 4444 2325 4492 vm
2345 4479 2359 4501 ‚
2389 4447 2442 4490 12
2469 4453 2482 4489 :
2520 4441 2734 4498 Ἐξέπεσε
2756 4440 2846 4503 γὰρ
2872 4441 2951 4489 καὶ
2984 4439 3115 4496 οὗτος
3142 4440 3492 4505 (Θεόφραστος)
3521 4445 3598 4493 ἐπὶ
3630 4450 3707 4501 τῆς
3732 4444 3771 4498 ἐξ

2216 4512 2385 4575 Ἀρείου
2414 4509 2568 4572 πάγου
2598 4510 2763 4572 βουλῆς
2794 4510 2961 4570 λέγων,
2995 4510 3075 4557 καὶ
3102 4510 3271 4567 ταύτην
3305 4512 3563 4571 ἀπολογίαν
3590 4513 3770 4575 apest-‘I-

2216 4598 2318 4644 ρετο
2332 4618 2346 4641 ,
2373 4580 2442 4629 ὅτι
2468 4580 2737 4640 κατεπλάγη
2755 4579 2809 4628 τὸ
2829 4580 3014 4642 ἀξίωμα
3032 4586 3115 4630 τοῦ
3135 4580 3388 4641 συνεδρίου.
3412 4583 3680 4645 Πικρότατα
3694 4583 3769 4633 οὖν

2218 4651 2461 4707 ἀπήντησε
2498 4650 2577 4697 καὶ
2610 4648 2886 4707 ἑτοιμότατα
2905 4651 3015 4712 πρὸς
3034 4656 3195 4700 τοῦτον
3208 4647 3355 4698 αὐτοῦ
3372 4651 3453 4698 τὸν
3471 4652 3610 4712 λόγον
3637 4653 3663 4698 ὁ
3689 4656 3772 4706 Δη-

2217 4720 2420 4782 μοχάρης
2434 4755 2448 4781 ,
2469 4720 2613 4767 εἰπών
2626 4732 2637 4745 ·
2655 4715 2724 4768 Ὦ
2744 4719 3008 4782 θεόφραστε
3022 4757 3036 4782 ,
3084 4721 3306 4776 Ἀθηναῖοι
3330 4719 3473 4779 ἦσαν,
3498 4720 3599 4769 ἀλλ’
3616 4722 3702 4783 οὐχ
3732 4723 3771 4768 ot

2215 4792 2398 4839 δώδεκα
2424 4788 2516 4837 θεοὶ
2548 4792 2593 4837 οἱ
2612 4789 2880 4846 δικάζοντες.
2904 4789 3034 4839 Idem
3055 4794 3115 4840 ill
3134 4827 3147 4850 ,
3169 4794 3194 4839 7
3239 4808 3250 4839 2
3289 4790 3602 4852 Δημοχάρης,
3643 4792 3669 4839 ὁ
3696 4794 3773 4839 τοῦ

2216 4860 2532 4922 Δημοσθένους
2555 4862 2814 4923 ἀδελφιδοῦς
2828 4898 2842 4921 ‚
2863 4862 3077 4919 ἐπιδεῖξαι
3096 4862 3370 4926 βουλόμενος
3384 4898 3399 4921 ,
3432 4864 3505 4912 ὅτι
3519 4868 3603 4923 τῆς
3618 4863 3674 4912 ἐκ
3690 4868 3774 4912 τῶν

2215 4934 2396 4980 πολλῶν
2426 4933 2717 4993 κακοφημίας
2739 4933 3033 4995 ὑπερφρονεῖ,
3059 4931 3338 4995 θεασάμενός
3370 4949 3500 4989 τινας
3536 4935 3775 4996 reaccepi-

2214 5019 2315 5056 νους
2333 5003 2378 5049 ἐν
2402 5000 2589 5062 ἰατρείῳ
2607 5002 2830 5063 ψογεροὺς
2844 5038 2857 5061 ,
2872 5005 2949 5051 καὶ
2973 5008 3128 5058 κακῶς
3147 5002 3381 5064 ἀγορεύειν
3402 5002 3460 5051 ἐκ
3481 5004 3656 5059 παντὸς
3672 5003 3772 5065 τρό-

2214 5088 2305 5120 που
2325 5074 2584 5135 διψῶντας,
2614 5089 2639 5113 «ι
2661 5071 2715 5121 Τί
2736 5087 2849 5133 φατε
2878 5074 3004 5133 ὑμεῖς
3020 5072 3187 5133 (εἷπε)
3217 5072 3523 5135 Δυσμενίδαις
3548 5094 3573 5117 ν
3597 5075 3653 5124 τὸ
3676 5074 3776 5133 ἦθος

2215 5141 2369 5189 αὐτῶν
2394 5140 2494 5203 ἅμα
2509 5140 2777 5204 ἐκκαλύψας
2803 5141 2876 5189 διὰ
2897 5141 3065 5190 τούτου
3080 5145 3163 5191 τοῦ
3183 5140 3432 5203 ὀνόματος.
