4016 5916
1608 370 2104 434 FRAGMENTA.

260 502 590 564 Αἷνίττεσθαί
615 526 672 562 τε
698 501 881 569 αὖτοὺς
904 500 990 559 διά
1029 523 1086 559 τε
1126 500 1381 580 κανθάρου
1417 501 1506 560 καὶ
1542 503 1819 578 δράκοντος

257 593 348 651 καὶ
374 591 576 674 ἱέρακος
602 589 693 650 καὶ
722 589 915 663 ἄλλων,
939 587 1010 656 ὥς
1052 609 1179 668 φησι
1220 592 1471 656 Μανεθῶς
1515 592 1570 649 ἐν
1605 595 1672 671 τῇ
1717 593 1818 649 τῶν

258 682 512 740 Φυσικῶν
536 679 822 758 Ἐπιτομῇ.
855 680 939 737 cf.
972 680 1208 735 Hecatoei
1226 678 1484 736 Abderit.
1504 680 1577 738 fr.
1604 700 1658 753 7.
1688 681 1818 736 Plu·

258 771 401 826 rima
423 787 623 825 eorum
645 787 769 842 quae
787 767 860 823 de
880 766 1275 842 AEgyptiorum
1294 767 1652 841 philosophia
1678 769 1820 823 Dio-

256 875 425 932 genes
440 856 630 926 tradit,
655 874 730 914 ex
742 856 999 911 Hecataeo
1018 854 1207 928 potius
1225 872 1393 928 quam
1421 872 1452 909 e
1472 855 1812 910 Manethone

258 943 505 1015 fluxisse,
528 961 597 999 ex
612 950 933 1016 comparato
951 939 1212 996 Diodoro
1224 982 1240 1011 ,
1261 942 1506 996 Hecataei
1518 951 1813 1008 sectatore,

257 1028 323 1086 fit
345 1030 660 1106 probabile.

988 1158 1083 1216 81.

334 1275 599 1331 Eusebius
619 1275 714 1332 Pr.
745 1274 812 1330 E.
838 1273 957 1342 111,
989 1289 1024 1327 α
1050 1290 1114 1347 p.
1149 1269 1313 1347 88‚A
1338 1271 1420 1345 (p.
1451 1270 1556 1343 187
1578 1268 1765 1349 Gssd.)
1801 1291 1814 1328 :

254 1359 371 1430 Τὴν
392 1350 529 1419 Ἶσιν
560 1355 688 1441 φασὶ
718 1356 809 1417 καὶ
835 1355 921 1416 τὸν
950 1352 1159 1438 Ὄσιριν
1180 1355 1265 1415 τὸν
1297 1356 1443 1428 ἥλιον
1483 1356 1573 1415 καὶ
1613 1356 1708 1429 τὴν
1736 1379 1820 1415 σε·

254 1446 420 1519 λήνην
472 1437 629 1520 εἶναι,
691 1444 784 1504 καὶ
833 1444 936 1505 Δία
983 1441 1076 1522 μὶν
1133 1442 1193 1502 τὸ
1219 1441 1305 1502 διὰ
1359 1443 1569 1502 πάντων
1615 1448 1818 1523 χωροῦν

257 1539 462 1612 πνεῦμα
484 1580 501 1609 ,
525 1531 822 1615 Ἥφαιστον
845 1529 898 1590 δὲ
921 1530 981 1590 τὸ
1012 1536 1140 1612 πῦρ,
1168 1530 1261 1602 τὴν
1289 1529 1344 1590 δὲ
1392 1534 1489 1609 γῆν
1529 1531 1818 1612 Δήμητραν

258 1621 586 1699 ἐπονομάσαι
601 1642 616 1657 ·
647 1618 902 1680 Ὠκεανόν
922 1642 978 1677 τε
997 1617 1056 1678 τὸ
1080 1617 1233 1699 ὑγρὸν
1257 1617 1553 1696 νομίζεσθαι
1571 1641 1645 1678 πα
1678 1617 1695 1642 ’
1721 1620 1819 1679 Αἰ-

255 1708 491 1786 γυπτίοις
517 1705 714 1766 καὶτὸν
760 1710 887 1786 παρ’
933 1708 1104 1774 αὐτοῖς
1133 1704 1369 1785 ποταμὸν
1392 1707 1600 1780 Νεῖλον,
1648 1642 1691 1788 ἓ
1728 1704 1820 1765 καὶ

258 1797 351 1863 τὰς
394 1799 495 1855 τῶν
526 1798 653 1856 θεῶν
684 1795 952 1852 ἀναθεῖναι
989 1792 1238 1871 γενέσεις·
1273 1792 1361 1852 τὸν
1389 1791 1445 1852 δὲ
1498 1795 1627 1874 ἀέρα
1662 1793 1818 1875 φασὶν

261 1883 444 1951 αὐτοὺς
458 1879 858 1962 προσαγορεύειν
874 1880 1106 1953 Ἀθηνᾶν.
1151 1923 1155 1927 -
1191 1879 1418 1949 Τούτους
1442 1879 1496 1940 δὲ
1524 1879 1641 1949 τοὺς
1669 1879 1819 1939 πέντε

258 1968 423 2040 θεοὺς,
451 1970 538 2027 τὸν
566 1967 715 2049 Ἀέρα
734 1966 872 2047 λέγω
894 1968 984 2027 καὶ
1005 1967 1063 2026 τὸ
1088 1965 1273 2050 ’Υδωρ
1297 1968 1360 2027 τό
1376 1992 1433 2028 τε
1466 1972 1587 2049 Πῦρ
1614 1966 1704 2027 καὶ
1725 1967 1818 2039 τὴν

290 2062 368 2130 ’ἥν
395 2058 487 2117 καὶ
513 2056 572 2117 τὸ
604 2060 856 2135 Πνεῦμα,
877 2066 1052 2116 πᾶσαν
1081 2055 1176 2129 τὴν
1199 2056 1502 2136 οἰκουμένην
1519 2054 1818 2137 ἐπιπορεύε-

260 2150 412 2220 σθαι,
443 2144 628 2204 ἄλλοτε
677 2143 851 2212 ἄλλως
896 2145 969 2213 εἰς
997 2142 1209 2226 μορφὰς
1248 2143 1339 2202 καὶ
1371 2143 1508 2212 ἰδέας
1536 2141 1818 2224 ἀνθρώπων

260 2255 317 2291 τε
349 2232 440 2293 καὶ
467 2230 724 2292 παντοίων
771 2229 916 2314 ζῴων
960 2229 1466 2312 σχηματιζομένους·
1507 2229 1597 2289 καὶ
1624 2228 1818 2288 τούτων

256 2319 713 2398 &euveum-staff
765 2320 938 2385 αὐτοῖς
984 2316 1285 2397 Αἰγυπτίοις
1321 2316 1582 2395 γεγονέναι
1610 2319 1827 2388 θνητοὺς

261 2405 590 2488 ἀνθρώπους,
614 2404 805 2467 Ἥλιον
842 2406 933 2465 καὶ
962 2405 1159 2486 Κρόνον
1190 2406 1280 2464 καὶ
1308 2405 1482 2479 Ῥέαν,
1521 2408 1598 2463 ἔτι
1648 2401 1701 2461 δὲ
1729 2401 1821 2461 καὶ

262 2494 362 2556 Δία
392 2494 482 2554 καὶ
503 2492 679 2575 Ἥραν
708 2495 799 2554 καὶ
828 2492 1126 2576 Ἥφαιστον
1166 2493 1257 2552 καὶ
1294 2491 1511 2553 Ἑστίαν
1552 2494 1818 2570 ἐπονομα-

265 2580 493 2650 σθέντας.
578 2581 775 2662 Γράφει
804 2581 859 2640 δὲ
888 2580 977 2640 καὶ
1005 2579 1072 2639 τὰ
1107 2579 1225 2660 περὶ
1262 2578 1457 2638 τούτων
1498 2576 1819 2657 πλατύτερον

263 2668 357 2746 μὲν
398 2671 426 2727 6
456 2668 701 2737 Μάνεθως
750 2670 899 2748 (sic),
943 2665 1364 2745 ἔπιτετμημένως
1399 2665 1453 2725 δὲ
1497 2667 1526 2723 6
1564 2661 1823 2746 Διόδωρος

267 2760 565 2834 (Sequitur
591 2761 746 2815 locus
771 2759 1015 2815 Diodori
1042 2757 1099 2827 1,
1138 2778 1159 2813 1
1179 2777 1199 2812 1
1228 2753 1384 2834 sqq.)

342 2848 610 2903 Eusebius
635 2865 730 2902 sua
758 2864 788 2902 e
809 2845 1102 2916 Diodoro,
1128 2845 1416 2900 Diodorus
1454 2862 1522 2900 ex
1543 2845 1819 2912 Hecataeo,

258 2936 359 3008 qui
399 2934 751 2991 Manethonis
790 2943 910 2989 crat
950 2931 1191 3006 aequalis,
1234 2934 1346 2987 Res
1375 2932 1435 2989 h.
1478 2931 1516 2988 l.
1561 2931 1823 3005 expositae

263 3040 458 3078 vereor
496 3041 568 3078 ne
613 3039 873 3097 magnam
917 3032 1135 3097 partem
1171 3040 1201 3076 a
1240 3023 1581 3077 Manethone
1629 3021 1822 3075 alienae

263 3108 487 3167 suerint.

759 3239 937 3297 ΠΕΡΙ
983 3238 1311 3299 ΕΟΡΤΩΝ.

991 3350 1061 3404 82
1074 3392 1086 3404 .

341 3465 429 3518 J0.
466 3460 658 3533 Lydus
703 3463 789 3516 De
832 3479 1005 3517 mens.
1062 3463 1174 3530 lv,
1220 3458 1290 3516 55
1340 3477 1355 3518 ι
1408 3455 1598 3517 Ἰστέον
1633 3454 1716 3527 δὲ,
1756 3458 1826 3518 ὡς

267 3550 295 3604 6
319 3545 573 3606 Μανέθων
590 3542 730 3625 (sic)
756 3546 807 3603 ἐν
827 3548 902 3624 τῷ
931 3543 1065 3623 Περὶ
1091 3547 1278 3622 ἑορτῶν
1308 3543 1449 3621 λέγει
1475 3542 1569 3613 τὴν
1604 3540 1824 3612 ἡλιακὴν

269 3633 495 3713 ἔκλειψιν
540 3629 772 3711 πονηρὰν
817 3630 1061 3710 ἐπήρειαν
1104 3629 1388 3712 ἀνθρώποις
1415 3626 1673 3709 ἐπιφέρειν
1706 3626 1827 3696 περὶ

266 3723 357 3791 τῆς
380 3718 474 3791 τὴν
502 3717 654 3790 κενὴν
687 3718 835 3798 (περὶ
864 3718 950 3776 τὸν
982 3721 1206 3777 κενεῶνα
1241 3738 1393 3778 corr.
1440 3716 1699 3792 Schovv‘.)
1734 3712 1826 3773 καὶ

267 3806 355 3865 τὸν
382 3806 664 3886 στόμαχον.

266 3978 318 4024 et
340 3974 576 4037 accipitris
593 3979 642 4025 et
663 3973 865 4024 aliorum
881 4009 893 4033 ‚
922 3973 993 4022 uti
1016 3973 1161 4021 tradit
1185 3971 1409 4021 Manetlio
1439 3970 1488 4018 in
1519 3968 1824 4032 physicorum

267 4055 501 4117 Epitomc

1007 4176 1092 4225 81.

335 4320 485 4371 ¹stiunt
504 4321 707 4383 AEgyptii
726 4320 959 4371 osiridem
985 4321 1135 4370 solem
1154 4331 1280 4379 esse,
1306 4318 1476 4368 Isidem
1503 4330 1619 4367 vero
1641 4317 1822 4378 lunam3

268 4399 444 4447 Jovem
476 4398 696 4460 spiritum
726 4401 901 4448 cuncta
940 4395 1307 4460 pervadentem3
1348 4396 1619 4444 Vulcanum
1641 4395 1823 4458 iguein,

272 4478 451 4523 terram
482 4477 735 4538 Cererem,
761 4479 1005 4525 Oceanum
1037 4473 1288 4523 humorem
1309 4484 1368 4522 ac
1398 4472 1554 4522 Nilum
1573 4472 1700 4535 apud
1721 4472 1827 4521 illos

274 4550 474 4600 nuvium
488 4588 504 4615 ,
520 4550 599 4600 cui
615 4552 739 4615 ipsas
751 4565 944 4615 quoque
958 4550 1159 4601 deorum
1170 4549 1521 4614 procreationes
1532 4549 1797 4599 attribuunt
1809 4566 1823 4612 3

262 4639 432 4677 aerem
446 4627 652 4692 denique
666 4630 930 4679 Minervam
953 4628 1016 4679 ab
1032 4627 1200 4678 iisdem
1216 4628 1453 4678 nominari
1474 4628 1651 4676 serunt.
1673 4630 1827 4691 Atque

273 4705 362 4755 hos
391 4706 605 4770 quinque
634 4706 775 4771 deos,
797 4711 967 4757 Aerem
992 4706 1240 4767 videlicet,
1259 4711 1443 4768 Aquam
1458 4740 1474 4767 ‚
1496 4709 1685 4768 ignem,
1707 4708 1827 4755 Ter-

272 4795 379 4832 ram
422 4795 479 4833 ac
518 4784 776 4847 spiritum,
810 4784 977 4835 orbem
1012 4783 1289 4833 universum
1334 4796 1636 4846 percurrere,
1671 4785 1828 4833 varias

275 4858 479 4910 subinde
501 4860 749 4911 bominum
783 4863 833 4911 et
871 4861 1027 4912 omnis
1046 4861 1232 4924 generis
1261 4860 1538 4910 animalium
1568 4860 1741 4923 figuras
1772 4876 1828 4911 ac

277 4936 440 4986 vultus
461 4936 741 5001 induentem
763 4952 970 5001 quorum
1002 4938 1197 4988 nomina
1214 4950 1327 4987 cum
1345 4938 1528 5001 aliquot
1556 4938 1829 4989 hominibus

274 5014 421 5063 morti
457 5016 674 5069 obnoxiis
703 5019 753 5066 et
784 5017 832 5067 in
855 5020 1059 5081 AEgypto
1084 5018 1207 5067 natis
1235 5016 1589 5067 communicata
1622 5016 1825 5077 suerint,

271 5104 398 5153 quoe
415 5093 582 5156 utique
599 5095 787 5156 Solem,
814 5096 1073 5145 Saturnum
1087 5130 1103 5157 ,
1125 5094 1302 5145 Rbeam
1314 5129 1330 5155 ,
1348 5096 1520 5144 Jovem
1533 5129 1549 5155 ,
1568 5096 1827 5155 sunonem,

283 5169 549 5221 vulcanum
602 5174 897 5235 Vestamque
943 5172 1355 5235 cognominarunt.
1410 5174 1530 5230 Quae
1579 5172 1828 5222 Manethos

3343 390 3458 439 615

1990 507 2076 561 De
2139 505 2287 561 festis
2351 507 2746 581 AEgyptiorum
2808 521 3013 582 praeter
3065 512 3466 568 Manethoncm

1905 591 2128 667 scripsit
2150 594 2555 663 Nicouicuus,
2595 612 2766 666 quem
2805 595 2996 651 laudat
3022 598 3320 654 Athenaeus
3345 601 3460 668 xl,

1910 679 2054 751 478,
2080 683 2166 736 A:
2196 677 2579 756 Νικόμαχος
2608 679 2663 736 δ’
2684 682 2736 737 ἐν
2768 679 3010 761 πρώτῳ
3036 682 3185 763 περὶ
3215 685 3462 763 ἑορτῶν

1907 765 2293 843 Αἰγυπτίων
2322 764 2475 848 φησί·
2508 792 2533 818 ι
2561 764 2642 827 Τὸ
2666 766 2721 825 δὲ
2738 765 2890 826 κόνδυ
2913 768 3023 827 ἐστὶ
3047 769 3141 846 μὲν
3188 772 3463 852 Περσικὸν,

1906 851 2001 925 τὴν
2026 851 2081 912 δὲ
2099 852 2286 933 ἀρχὴν,
2314 853 2380 926 ἣν
2398 852 2705 935 Ἕρμιππος
2726 856 2754 911 6
2782 856 3178 936 ἀστρολογικὸς,
3212 861 3281 925 ὡς
3309 863 3338 918 6
3368 860 3464 919 κό-

1908 962 2068 1017 σμος,
2097 940 2148 1009 ἐξ
2177 932 2236 999 οὗ
2255 944 2358 1000 τῶν
2402 945 2530 1000 θεῶν
2568 939 2635 1000 τὰ
2671 940 2914 1019 θαύματα
2944 943 3119 1002 καὶτὰ
3143 946 3464 1024 καρπώσιμα

1907 1029 2137 1106 γίνεσθαι
2159 1027 2248 1088 ἐπὶ
2287 1032 2408 1108 γῆς·
2439 1028 2517 1087 διὸ
2554 1031 2613 1088 ἔκ
2649 1027 2829 1089 τούτου
2861 1030 3186 1092 σπένδεσθαι.
3229 1061 3252 1085 υ
3283 1039 3465 1094 Locus

1906 1120 1999 1173 vix
2011 1119 2410 1192 persanaudus,
2443 1120 2800 1175 Casaubonus
2817 1119 2965 1193 conj.
2997 1138 3012 1179 t
3037 1112 3198 1179 Ἔστι
3223 1119 3317 1197 μὲν
3333 1145 3467 1203 περ-

1909 1202 2051 1261 σικὸν
2072 1204 2166 1276 τὴν
2201 1203 2394 1284 ἀρχήν·
2427 1195 2557 1272 εἶδος
2585 1207 2631 1263 δ’
2671 1205 2817 1286 ἔχει,
2861 1205 2930 1274 ὥς
2953 1229 3106 1288 φησιν
3143 1206 3308 1289 Ἔρμ.
3349 1212 3464 1272 κτλ.

1910 1296 2018 1349 Alii
2043 1315 2056 1350 ε
2084 1291 2196 1362 Τὴν
2222 1291 2275 1351 δὲ
2296 1291 2466 1373 ἀρχὴν
2495 1284 2556 1365 ἦν
2578 1297 2688 1360 ὡςδ
2708 1293 2927 1371 κόσμος,
2956 1294 3006 1363 ἐξ
3027 1287 3104 1368 οὗ,
3128 1296 3284 1375 φησὶν
3305 1296 3465 1378 ‘EPR-

1908 1380 2025 1439 κτλ.
2058 1382 2216 1437 Idem
2245 1383 2625 1439 Nicomachus
2655 1384 3048 1460 intelligendus
3087 1405 3180 1460 ap.
3218 1388 3311 1444 J0.
3351 1388 3465 1462 Ly·-

1907 1476 2049 1525 dum
2077 1473 2162 1527 De
2188 1472 2421 1527 mensib.
2449 1472 2550 1546 IV,
2585 1470 2681 1540 46,
2700 1491 2760 1546 p.
2782 1490 2895 1528 220
2918 1473 3008 1530 ed.
3039 1476 3229 1531 Roeih.
3257 1493 3270 1532 z
3295 1471 3465 1552 Ἡρα-

1907 1555 2036 1627 κλῆς
2054 1555 2108 1614 δὲ
2128 1559 2156 1614 6
2172 1554 2353 1635 χρόνος
2375 1553 2517 1636 παρὰ
2536 1557 2611 1636 τῷ
2635 1556 2928 1638 Νικομάχῲ
2951 1558 3173 1638 εἴρηται,
3202 1558 3335 1618 ἀλλὰ
3360 1557 3466 1636 μὴν

1907 1641 1998 1700 καὶ
2020 1642 2232 1716 Ἥλιος,
2260 1641 2463 1721 λέγοντι
2509 1641 2697 1710 οὕτως·
2724 1670 2749 1695 ι
2774 1642 3041 1725 Ἡρακλῆς
3073 1645 3166 1720 μὲν
3197 1637 3285 1704 οὖν
3321 1649 3348 1705 6
3369 1645 3464 1718 τὴν

1908 1728 2027 1809 περὶ
2054 1730 2139 1789 τὸν
2170 1729 2297 1810 ἀέρα
2326 1729 2508 1789 κλάσιν
2544 1734 2609 1810 τῇ
2647 1735 2751 1789 τῶν
2780 1734 2929 1812 ὡρῶν
2956 1738 3243 1815 περιτροπῇ
3279 1734 3459 1792 ποιού-

1909 1821 2089 1895 μενος,
2118 1817 2350 1878 τουτέστι
2370 1815 2579 1878 Ἥλιον.
2609 1819 2696 1879 Cf.
2729 1822 2895 1876 etiam
2937 1823 3104 1880 Joan.
3137 1823 3280 1897 Lyd.
3309 1842 3367 1898 p.
3393 1831 3464 1897 94

1911 1906 2018 1982 (cf.
2043 1910 2269 1966 Miiller.
2301 1910 2434 1966 Dor.
2468 1910 2516 1978 Ι,
2552 1905 2722 1984 450).
2754 1910 2936 1981 Alius,
2961 1912 3186 1984 opinor,
3208 1915 3467 1970 Nicoma·

1908 1996 2045 2052 ebus
2067 1997 2173 2052 fuit
2197 1998 2577 2071 Pythagoreus
2594 2038 2610 2067 ‚
2640 1996 2740 2069 qui
2767 1996 2839 2052 dc
2869 1995 3188 2073 Pythagora
3212 2001 3468 2073 quaedam

1906 2084 2144 2158 scripsit.
2185 2087 2255 2141 V.
2286 2084 2577 2142 lamblich.
2605 2088 2718 2142 Vit.
2763 2085 2997 2164 Pythag.
3033 2105 3081 2143 c.
3116 2085 3222 2162 35,
3262 2087 3295 2162 §
3329 2085 3465 2149 252.

1908 2171 2161 2246 Simplic.
2203 2173 2263 2226 in
2290 2171 2521 2230 Aristot.
2550 2175 2635 2228 De
2661 2173 2804 2228 coelo
2827 2192 2885 2246 p.
2921 2172 3050 2232 123.
3077 2175 3268 2229 Nostri
3299 2177 3472 2230 Nico-

1906 2260 2093 2316 machi
2129 2278 2342 2317 nomen
2375 2259 2605 2316 sortasse
2646 2271 2977 2334 corruptum
3015 2271 3094 2316 est
3121 2262 3179 2315 in
3208 2258 3472 2338 Νίκαρχος

1909 2364 2002 2421 ap.
2052 2346 2294 2403 Bekker.
2342 2349 2452 2404 An.
2515 2366 2576 2421 p.
2635 2346 2770 2419 380,
2825 2348 2920 2405 30.
2969 2347 3109 2404 Vide
3155 2349 3470 2420 Lysimachi

1909 2434 2108 2510 frag-m.
2145 2453 2196 2493 1.

2018 2595 2197 2654 ΠΕΡΙ
2239 2580 2688 2656 ΑΡΧΑῙΣΜΟΥ
2737 2596 2869 2655 ΚΑΙ
2916 2595 3361 2658 ΕΥΣΕΒΕιΑΣ.

2638 2760 2732 2819 83.

1989 2927 2268 3003 Porphyr.
2288 2929 2374 2984 De
2398 2927 2595 2985 abstin.
2622 2929 2709 2998 ΙΙ,
2739 2925 2811 2985 55
2845 2924 2931 3003 (et
2958 2944 3026 2984 ex
3049 2946 3117 2984 eo
3145 2928 3347 2989 Euseb.
3374 2932 3467 2989 Pr.

1911 3018 1974 3077 E.
2001 3017 2094 3086 lv,
2131 3015 2220 3075 16.
2255 3035 2315 3091 p.
2362 3014 2490 3087 155,
2526 3014 2603 3091 D)
2647 3031 2663 3074 t
2702 3013 2972 3074 Κατέλυσε
3008 3012 3064 3071 δὲ
3092 3013 3182 3071 καὶ
3209 3015 3263 3073 ἐν
3290 3012 3471 3074 Ἡλίου

1915 3099 2225 3182 (Εἰληθυίας
2263 3122 2481 3160 cortex.
2503 3102 2734 3180 Fruin.)
2781 3098 2934 3161 πόλει
2963 3104 3057 3172 τῆς
3081 3099 3351 3180 Αἰγύπτου
3383 3102 3472 3162 τὸν

1911 3194 2002 3262 τῆς
2026 3188 2471 3269 ἀνθρωποκτονίας
2504 3188 2661 3266 νόμον
2689 3187 2939 3266 Ἄμωσις,
2967 3191 3039 3255 ὡς
3066 3193 3321 3268 μαρτυρεῖ
3345 3194 3470 3250 Μα-

1912 3276 2066 3344 νεθὼς
2088 3279 2140 3335 ἐν
2157 3280 2232 3358 τῷ
2257 3276 2390 3357 Περὶ
2411 3280 2708 3358 ἀρχαϊσμοῧ
2728 3275 2818 3334 καὶ
2840 3275 3124 3342 εὗσεὸείας.
3150 3276 3397 3337 Ἐθύοντο
3415 3278 3471 3338 δὲ

1914 3369 1979 3442 τῇ
1998 3363 2165 3446 Ἥρα·
2185 3362 2277 3423 καὶ
2296 3364 2658 3442 ἐδοκιμάζοντο
2672 3362 2910 3443 καθάπερ
2926 3366 2973 3421 οἱ
2992 3362 3295 3440 ζητούμενοι
3313 3370 3472 3422 καθα-

1915 3453 1993 3531 ροὶ
2023 3452 2212 3531 μόσχοι
2230 3449 2318 3509 καὶ
2346 3448 2810 3530 συσφραγιζόμενοι
2825 3472 2838 3486 ·
2863 3447 3066 3508 ἐθύοντο
3084 3449 3138 3507 δὲ
3161 3454 3253 3520 τῆς
3270 3450 3471 3531 ἡμέρας

1913 3547 2065 3618 τρεῖς,
2091 3540 2199 3595 ἀνθ’
2229 3529 2299 3595 ὧν
2328 3537 2566 3616 κηρίνους
2595 3535 2857 3595 ἐκέλευσεν
2888 3541 2916 3594 6
2933 3531 2994 3595 'A
3005 3559 3168 3611 μωσις
3191 3537 3306 3604 τοὺς
3329 3538 3472 3607 ἴσους

1916 3624 2264 3684 ἀποτίθεσθαι.
2281 3627 2364 3685 Cf.
2384 3626 2726 3682 Theodoret.
2740 3626 2981 3700 ‘Hier-ap.
3002 3626 3098 3681 lib.
3115 3629 3243 3695 vll,
3259 3645 3314 3700 p.
3341 3646 3468 3703 ¹09·

1914 3715 2135 3771 Erravit
2155 3715 2325 3789 igitur
2346 3712 2625 3769 Herodot.
2648 3714 2722 3782 11,
2744 3711 2838 3777 45.
2855 3715 2923 3770 V.
2945 3714 3183 3769 Movere».
3207 3714 3468 3771 Plzoem‘z.

1915 3805 1976 3877 Ι,
2012 3821 2073 3876 p.
2110 3810 2207 3869 [ια.

1912 3966 2108 4029 quidem
2140 3966 2300 4016 omnia
2331 3965 2481 4015 fusius
2515 3964 2805 4028 uberiusque
2838 3966 3158 4028 persequitur,
3195 3966 3470 4015 summatim

1912 4057 2027 4093 vero
2047 4042 2299 4093 Diodorus.

2483 4105 2581 4163 DE
2621 4104 2893 4165 FESTlS.

1971 4280 2227 4330 Sciendum
2247 4284 2318 4329 est
2344 4198 2748 4331 Manetnoneffin
2769 4281 2891 4330 libro
2913 4284 2983 4331 De
3013 4281 3143 4330 saetis
3163 4280 3321 4329 dicere
3351 4280 3472 4329 Solis

1909 4358 2150 4409 defectum
2186 4358 2368 4406 malum
2404 4356 2635 4407 damnum
2660 4357 2935 4408 hominibus
2956 4358 3130 4408 afferre
3161 4357 3286 4407 circa
3318 4356 3398 4405 ilia
3422 4358 3472 4407 et

1910 4437 2148 4487 ventrem.

1938 4532 2041 4592 DE
2082 4530 2361 4590 Pmscis
2405 4530 2746 4591 MORIBUS
2787 4530 3043 4604 DEQUE
3091 4531 3439 4589 PIETATE.

1975 4703 2234 4753 Hominum
2253 4703 2654 4753 immolandorum
2665 4704 3058 4755 consuetudinem
3077 4704 3125 4753 in
3139 4704 3342 4767 niuiyiae
3353 4704 3471 4753 urbe

1913 4783 2101 4845 AEgypti
2123 4781 2243 4831 urbe
2260 4783 2455 4833 sustulit
2474 4782 2686 4845 AmosiS,
2708 4784 2777 4832 uti
2796 4785 2999 4833 testatur
3021 4784 3246 4833 manetho
3263 4783 3310 4832 in
3327 4782 3468 4843 libro,

1911 4874 2058 4922 quem
2091 4863 2161 4910 De
2193 4860 2361 4922 priscis
2386 4860 2600 4911 moribus
2620 4861 2777 4924 deque
2801 4862 2976 4924 pietate
3005 4861 3204 4924 scripsit.
3243 4861 3468 4911 Immola-

1912 4938 2087 4987 bantur
2109 4952 2224 4987 vero
2243 4938 2461 4988 homines
2479 4941 2509 4989 J
2515 4938 2687 5001 unoni,
2706 4942 2851 5002 atque
2882 4940 3105 4989 accurate
3128 4939 3469 4989 examinaban-

1912 5019 1992 5066 tur
2013 5016 2083 5065 uti
2111 5016 2250 5065 vituli
2280 5016 2386 5076 isti,
2411 5030 2534 5078 quos
2563 5017 2871 5079 quaerebant,
2902 5018 3012 5080 puri
3042 5022 3092 5067 et
3121 5017 3273 5081 sigillo
3296 5017 3468 5065 notati.

1914 5094 2251 5145 mactabantur
2273 5108 2357 5157 per
2375 5094 2579 5145 eundem
2611 5095 2738 5145 diem
2769 5097 2893 5155 trae,
2916 5109 3123 5160 quorum
3161 5097 3267 5146 loco
3306 5108 3471 5143 cereos

1909 5173 2048 5235 jussit
2068 5174 2252 5223 amosis
2270 5175 2368 5235 pari
2389 5186 2588 5223 numero
2605 5174 2885 5224 eonem-ari.
