4016 5916
1657 337 2161 419 FRAGMENTA.

1060 498 1116 556 6.

392 647 546 704 Idem
590 665 603 700 :
635 638 1032 715 Γυναικόπολις,
1062 634 1209 701 πόλις
1237 632 1520 694 Φοινίκων.
1555 632 1623 691 ‘0
1652 631 1865 703 πολίτης

301 729 772 801 Γυναικοπολίτης.
795 724 952 786 Ἔστι
976 722 1065 784 καὶ
1094 722 1227 794 ἄλλη
1251 718 1536 799 Αἰγύπτου.
1565 716 1864 797 Ἀρισταγό-

309 845 403 901 ρας
427 819 479 877 δὲ
497 863 514 891 ,
541 820 596 878 οὐ
622 817 800 894 πολλῶ
821 810 1066 891 νεώτερος
1097 809 1405 880 Πλάτωνος,
1425 806 1579 888 φησὶν
1599 805 1677 864 ὅτι
1705 804 1865 870 οὕτως

307 905 589 984 ὠνομάσθη
619 901 704 962 διὰ
732 904 866 981 τρεῖς
891 898 1089 964 αἰτίας·
1122 895 1156 967 ἢ
1181 895 1259 955 ὅτι
1288 892 1552 972 πολεμίων
1586 891 1866 952 ἱπιπεσόν-

307 1018 415 1055 των
448 994 537 1051 καὶ
555 995 654 1050 τῶν
677 990 874 1069 ἀνδρῶν
896 991 947 1047 ἐν
967 983 1240 1066 γεωργίαις
1258 983 1495 1042 ἀπόντων
1513 979 1603 1050 τὰς
1622 980 1868 1059 γυναῖκας

310 1084 574 1162 κρατῆσαι
595 1075 952 1153 τοῦ-πολέμου·
978 1073 1013 1145 ἢ
1042 1072 1120 1131 ὅτι
1145 1070 1274 1151 γυνή
1303 1094 1378 1137 τις
1402 1067 1695 1149 νομάρχου,
1719 1090 1867 1148 περι·

316 1166 605 1245 σπωμένων
636 1166 738 1224 τῶν
775 1163 974 1222 παίδων
1003 1162 1162 1232 αὐτῆς
1185 1157 1285 1217 ὑπὸ
1327 1162 1416 1216 τοῦ
1449 1155 1731 1236 βασιλέως,
1757 1153 1869 1231 ἅμα

315 1256 420 1321 τοῖς
463 1252 643 1312 παισὶν
684 1248 1007 1327 δπλισαμένη
1052 1244 1327 1313 κατεδίωξε
1372 1243 1460 1303 τὸν
1505 1241 1753 1324 βασιλέα,
1780 1241 1869 1300 καὶ

315 1342 542 1414 ἐνίκησε·
574 1338 609 1411 ἢ
634 1338 711 1397 ὅτι
739 1340 841 1397 τῶν
865 1338 1237 1415 Ναυκρατιτῶν
1268 1332 1626 1390 ἀναπλεόντων
1655 1330 1741 1388 τὸν
1775 1351 1872 1387 πο·

315 1429 482 1506 ταμὸν
499 1427 586 1488 καὶ
607 1424 950 1503 κωλυομένων
972 1421 1072 1482 ὑπὸ
1093 1425 1195 1481 τῶν
1210 1422 1404 1480 λοιπῶν
1422 1416 1719 1496 Αἰγυπτίων
1741 1419 1873 1475 ἀπο-

318 1516 536 1588 Θαίνειν,
565 1506 703 1574 οὗτοι
731 1508 1151 1589 καταπλαγέντες
1174 1507 1274 1567 ὑπὸ
1305 1505 1576 1586 ἀνανδρίας
1607 1507 1664 1563 οὗ
1690 1501 1873 1563 διεκώ-

316 1607 500 1665 λυσαν.
531 1605 716 1664 Tasta
741 1600 832 1660 καὶ
855 1600 906 1659 Ἀ
916 1595 1229 1680 ρτεμίδωρός
1255 1618 1432 1676 φησιν.
1456 1595 1878 1671 Gynaecopolim

320 1696 450 1771 ὣς.
480 1693 682 1750 Strabo
719 1709 948 1765 quoque
972 1697 1247 1744 memorat
1274 1706 1333 1763 p.
1365 1683 1498 1739 803.

1080 1846 1136 1897 7·

405 1972 691 2029 Plutarch.
718 1973 803 2026 De
832 1971 900 2024 Is.
930 1978 984 2022 et
1003 1967 1091 2023 Os.
1119 1985 1169 2020 c.
1206 1962 1260 2035 5,
1286 1982 1345 2038 p.
1382 1962 1487 2028 431
1514 1959 1647 2017 Did.
1682 1976 1696 2016 ε
1730 1959 1798 2017 Οἱ
1827 1955 1882 2014 δὲ

319 2061 480 2142 ἱερεῖς
493 2056 629 2117 οὕτω
643 2051 1033 2134 δυσχεραίνουσι
1047 2048 1141 2122 τὴν
1159 2052 1261 2108 τῶν
1279 2044 1689 2127 περιττωμάτων
1711 2043 1883 2125 φύσιν,

325 2148 464 2206 ὥστε
508 2144 581 2222 μὴ
611 2141 765 2220 μόνον
792 2140 1159 2222 παραιτεῖσθαι
1185 2139 1287 2195 τῶν
1323 2133 1549 2215 ὀσπρίων
1580 2132 1644 2192 τὰ
1684 2130 1886 2210 πολλὰ,

325 2235 422 2295 καὶ
450 2237 552 2293 τῶν
589 2234 752 2311 κρεῶν
781 2229 845 2287 τὰ
875 2228 1068 2305 μήλεια
1095 2224 1187 2284 καὶ
1227 2223 1369 2296 ὕεια,
1404 2220 1605 2293 πολλὴν
1639 2225 1885 2279 ποιοῦντα

327 2323 662 2403 περίττωσιν,
702 2315 838 2377 ἀλλὰ
875 2315 965 2375 καὶ
1004 2312 1120 2381 τοὺς
1152 2313 1282 2379 ἅλας
1321 2315 1425 2371 τῶν
1470 2309 1645 2370 σιτίων
1682 2311 1735 2368 ἐν
1775 2316 1889 2376 ταῖς

331 2407 561 2487 ἁγνείαις
591 2408 826 2487 ἀφαιρεῖν
844 2427 857 2441 ·
891 2403 1052 2469 ἄλλας
1078 2424 1134 2459 τε
1161 2399 1402 2465 πλείονας
1436 2396 1603 2464 αἰτίας
1643 2395 1886 2476 ἔχοντας,

330 2496 424 2555 καὶ
442 2492 818 2573 ποτικωτέρους
831 2489 921 2550 καὶ
939 2486 1356 2570 βρωτικωτέρους
1370 2493 1534 2545 ποιεῖν
1555 2484 1892 2561 ἐπιθήγοντας

330 2582 429 2656 τὴν
472 2582 659 2663 ὄρεξιν.
699 2580 777 2641 Τὸ
805 2577 938 2659 γὰρ,
969 2581 1039 2644 ὡς
1084 2574 1453 2656 Ἀρισταγόρας
1494 2571 1667 2650 ἔλεγε,
1708 2568 1791 2629 διὰ
1834 2569 1891 2627 τὸ

331 2670 681 2752 πηγνυμένοις
717 2666 889 2728 πολλὰ
929 2668 1031 2725 τῶν
1075 2668 1273 2744 μικρῶν
1311 2662 1457 2744 ζῴων
1490 2657 1891 2729 ἐναποθνήσκειν

336 2760 657 2839 ἆλισκόμενα
686 2756 762 2837 μὴ
795 2754 1049 2837 καθαροὺς
1072 2753 1362 2832 λογίζεσθαι
1389 2748 1501 2815 τοὺς
1542 2750 1694 2821 ἅλας,
1721 2745 1895 2818 εὔηθές

337 2854 472 2911 ἐστι.

1091 2931 1147 2987 8.

423 3071 667 3130 AElianus
693 3071 761 3126 N.
787 3071 894 3124 An.
918 3067 1028 3139 XI,
1056 3084 1124 3119 ιο
1147 3085 1160 3118 :
1190 3064 1396 3134 Σημεῖα
1419 3055 1469 3115 δὲ
1497 3058 1650 3115 αὐτοῦ
1674 3057 1899 3130 (Apidis

338 3161 518 3234 tauri)
561 3162 650 3215 καὶ
677 3151 1014 3234 γνωρίσματα
1051 3149 1193 3228 λέγει
1236 3145 1329 3225 μὲν
1379 3145 1467 3204 καὶ
1495 3144 1768 3224 Ἡρόδοτος
1808 3141 1899 3200 καὶ

338 3242 729 3325 Ἀρισταγόρας·
762 3243 863 3320 οὐχ
893 3241 1202 3317 ὁμολογοῦσι
1224 3234 1277 3295 δὲ
1309 3235 1481 3300 αὐτοῖς
1512 3230 1806 3311 Αἰγύπτιοι.

431 3331 704 3410 Ἡρόδοτος
731 3352 744 3387 :
779 3357 800 3379 ιι
828 3348 1031 3404 nempe
1051 3331 1161 3397 111,
1184 3326 1284 3395 28,
1304 3345 1469 3399 quem
1491 3325 1676 3378 locum
1701 3340 1767 3376 ex
1791 3332 1903 3376 sta-

347 3425 465 3479 tuis
492 3432 546 3476 et
582 3421 744 3494 signis
771 3417 1157 3492 superstitibus
1185 3415 1478 3469 illustravit
1510 3412 1727 3484 Caylus.
1768 3412 1898 3464 Rec.

339 3510 586 3566 ‹rAntJ
600 3507 672 3563 ad
687 3508 794 3563 tab.
817 3526 838 3562 1
852 3525 904 3564 2.
921 3505 1005 3561 Cf.
1028 3502 1356 3574 Jablonsky.
1375 3499 1571 3555 Panth.
1590 3499 1667 3566 11,
1685 3517 1743 3570 p.
1770 3516 1790 3551 1
1804 3495 1898 3564 833

344 3595 680 3668 W'esseliug.
700 3593 772 3649 ad
785 3592 1027 3649 Diodor.
1049 3593 1097 3658 Ι,
1112 3589 1206 3644 85.
1232 3585 1484 3644 ulai-olm.
1505 3585 1663 3640 Adde
1681 3585 1904 3640 Creuze·

347 3703 480 3741 rum
511 3683 877 3738 Commentat.
911 3677 1189 3734 llerodot.
1221 3695 1278 3750 p.
1318 3674 1421 3730 132
1465 3692 1590 3746 sqq.
1638 3671 1901 3745 (Excurs.

3430 370 3505 424 9⁰

2704 565 2759 621 9.

2034 716 2242 770 Plinius
2271 711 2340 769 H.
2368 715 2437 768 N.
2460 712 2742 779 XXXVI,
2782 729 2847 764 ια
2868 750 2883 779 ,
2918 729 2980 780 17
3012 729 3025 764 :
3057 711 3168 781 Qui
3192 711 3264 763 de
3284 714 3351 763 iis
3377 729 3515 763 scre-

1947 808 2163 878 pserint
2187 801 2296 878 (sc.
2321 800 2393 856 de
2416 797 2867 874 pyramidibus),
2891 809 3019 851 sunt
3035 798 3362 863 Herodotus,
3404 799 3516 851 Eu-

1954 891 2231 957 hememS,
2268 891 2437 943 Duris
2473 886 2723 954 Samius,
2764 890 3143 957 Aristagoras,
3183 886 3508 957 Dionysius,

1959 979 2357 1045 Artemidorus,
2423 974 2747 1030 Alexander
2802 972 3135 1044 Pol-rhistor,
3196 974 3507 1037 Batoi-ides,

1959 1065 2338 1131 AntistheneS,
2381 1065 2716 1129 Demetrius,
2762 1062 3090 1127 Demoteles,
3124 1061 3330 1134 Apion.
3368 1064 3524 1115 Inter

1959 1170 2150 1209 omnes
2183 1170 2276 1207 eos
2298 1170 2407 1207 non
2442 1161 2655 1206 constat
2676 1169 2715 1204 a
2737 1149 2933 1223 quibus
2944 1145 3134 1219 factoe
3166 1153 3305 1215 sint,
3325 1154 3524 1219 jin-tis·

1960 1247 2105 1296 simo
2141 1259 2272 1294 casu
2312 1235 2620 1294 obliteratis
2659 1249 2834 1292 tantoe
2883 1241 3141 1291 vanitatis
3191 1238 3521 1292 auctoribus,

1963 1330 2162 1402 Aliqui
2191 1345 2266 1382 ex
2299 1326 2386 1380 his
2412 1326 2789 1402 prodiderunt
2822 1330 2881 1379 in
2920 1323 3204 1397 raphanos
3238 1334 3293 1378 et
3328 1326 3527 1378 allium

1968 1436 2038 1470 ac
2060 1434 2251 1489 coepas
2271 1416 2428 1470 mille
2446 1424 2707 1469 sexcenta
2736 1414 2951 1467 talenta
2977 1425 3228 1485 erogata.

2054 1526 2079 1551 α
2124 1504 2206 1557 Ex
2238 1502 2351 1557 istis
2391 1511 2607 1556 aetatem
2647 1501 2850 1556 scimus
2890 1497 3199 1569 Herodoti,
3233 1501 3528 1569 Euemcri,

1966 1588 2197 1646 Duridis
2215 1589 2413 1656 Samii,
2442 1586 2788 1643 Artemidori
2809 1586 3062 1660 Ephesii,
3088 1586 3396 1643 Alexandri
3422 1590 3530 1642 Po·

1968 1678 2249 1751 lyhistoris
2268 1689 2323 1732 et
2347 1678 2598 1750 Apionis,
2622 1678 2811 1748 Quum
2834 1694 2970 1731 vero
2995 1677 3054 1730 in
3075 1694 3170 1731 sex
3195 1677 3310 1733 istis
3328 1695 3532 1732 recen-
3574 1724 3577 1727 .

1970 1766 2155 1821 sendis
2179 1776 2495 1838 temporum
2514 1765 2659 1820 ratio
2680 1783 2710 1820 a
2726 1765 2909 1819 Plinio
2924 1773 3197 1833 servetur,
3218 1763 3380 1820 facile
3395 1764 3534 1819 mihi

1971 1852 2285 1927 persuadeo
2304 1893 2319 1921 ,
2350 1851 2501 1907 idem
2530 1853 2587 1905 in
2616 1869 2711 1907 sex
2739 1851 2924 1907 alteris
2949 1851 3285 1907 observasse.
3317 1850 3536 1923 Quodsi

1975 1951 2087 2014 est,
2117 1940 2323 1995 vixerit
2349 1940 2697 2013 Aristagoras
2729 1940 2874 1993 inter
2900 1938 3175 1994 Duridem
3206 1940 3452 1995 Samium
3478 1950 3535 1995 et

1976 2026 2399 2083 Artemidorum
2415 2026 2714 2099 Ephesium
2730 2027 2816 2080 vel
2832 2026 3152 2081 alterutrius
3170 2026 3341 2082 suerit
3357 2046 3538 2099 aequa·

1977 2115 2059 2169 lis.
2088 2115 2309 2172 Floruit
2342 2122 2527 2168 autem
2564 2114 2733 2168 Duris
2769 2113 2985 2168 Samius
3006 2112 3110 2166 sub
3134 2113 3534 2187 Philadelpho,

1978 2200 2372 2256 Artemidorus
2393 2199 2683 2273 Ephesius,
2704 2201 2786 2254 uti
2808 2210 2864 2253 et
2885 2200 2983 2271 qui
3002 2201 3263 2273 proxime
3284 2203 3539 2274 sequitur

1977 2287 2297 2344 Alexander
2314 2286 2653 2361 Polyhistor,
2672 2286 2904 2359 Lathyri
2926 2297 3181 2360 tempore
3200 2285 3537 2345 floruerunt.

1978 2373 2149 2447 Quod
2168 2373 2241 2429 de
2263 2375 2586 2447 Aristagora
2609 2372 2852 2428 diximus
2866 2414 2882 2442 ,
2904 2373 3057 2427 idem
3083 2374 3272 2429 locum
3292 2373 3463 2428 habet
3485 2374 3540 2426 in

1978 2462 2280 2534 Dionysi0‚
2321 2461 2572 2533 quisquis
2612 2460 2705 2515 ille
2746 2471 2854 2527 est;
2898 2478 3026 2515 nam
3070 2463 3169 2533 qui
3196 2462 3266 2516 sit
3310 2458 3539 2515 difficile

1981 2548 2135 2604 dictu
2162 2559 2271 2616 est,
2303 2566 2479 2620 quum
2515 2566 2691 2620 usquc
2729 2546 2872 2602 adeo
2897 2548 3060 2601 multi
3088 2548 3389 2603 laudentur
3427 2547 3543 2618 ejus

1981 2637 2224 2691 nominis
2244 2636 2564 2708 scriptores,
2590 2634 2858 2690 Similiter
2880 2635 3145 2708 colligere
3173 2635 3392 2703 licebit,
3424 2636 3543 2689 Bu-

1983 2723 2225 2778 toridem
2242 2764 2258 2793 ,
2307 2722 2720 2790 Antisthenem,
2769 2722 3148 2791 Demetrium,
3193 2723 3545 2778 Demotelcm

1983 2830 2088 2866 nec
2107 2811 2409 2866 Ptolemaeo
2428 2808 2679 2882 Lathyro
2699 2809 3045 2881 antiquiores
3065 2827 3178 2864 esse
3192 2850 3207 2878 ,
3229 2828 3333 2864 nec
3347 2808 3545 2879 junio-

1983 2917 2073 2954 res
2111 2896 2340 2953 Tiberio
2390 2897 2629 2967 Caesare,
2676 2895 2831 2968 cujus
2864 2907 3023 2951 aetate
3061 2896 3203 2950 vixit
3248 2897 3456 2969 Apion.
3513 2920 3535 2944 »

1984 2990 2221 3042 Vossms
2248 3005 2310 3059 p.
2346 2991 2483 3050 hoo.
2506 2987 2641 3057 Quae
2669 2986 2923 3058 quamvis
2954 3002 3211 3058 magnam
3235 2983 3546 3058 probabili·

1988 3075 2112 3128 tatis
2147 3075 2386 3146 speciem
2429 3091 2544 3146 prae
2581 3091 2638 3127 se
2664 3073 2873 3141 serant,
2903 3071 3321 3146 praeferendum
3362 3082 3549 3127 tamen

1989 3161 2257 3215 disertum
2289 3161 2665 3215 testimonium
2689 3157 2992 3233 Stephani,
3032 3161 3131 3232 qui
3170 3160 3552 3233 Aristagoran»

1990 3250 2221 3303 Platone
2262 3266 2378 3302 non
2413 3248 2592 3302 multo
2626 3247 2913 3319 juniorem
2940 3246 3103 3303 fuisse
3130 3247 3268 3303 dicit
3307 3245 3410 3321 (fr.
3455 3247 3551 3321 6).

1992 3336 2174 3390 Multo
2195 3336 2378 3389 minus
2393 3334 2856 3408 chronologicum
2879 3335 3139 3390 ordinem
3160 3334 3370 3389 Plinius
3393 3353 3555 3389 cura·

1993 3424 2153 3477 vitiu
2175 3423 2370 3477 Indice
2389 3422 2489 3476 lib.
2520 3423 2792 3491 XXXVI,
2821 3421 2921 3475 ubi
2939 3422 3233 3474 nominum
3254 3421 3422 3475 series
3439 3421 3556 3476 haec

1996 3521 2078 3565 est
2127 3530 2140 3564 ε
2180 3508 2498 3565 Alexander
2545 3508 2884 3581 Polyhistor,
2930 3509 3149 3581 Apion,
3189 3506 3553 3576 PlistonicuS,

1991 3599 2185 3666 Duris,
2212 3595 2552 3664 Herodotus,
2568 3596 2912 3650 Euhemerus
2924 3636 2940 3664 ,
2959 3595 3321 3668 Aristagoras,
3340 3596 3557 3668 Diony·

1994 3687 2132 3754 siuS,
2157 3683 2571 3754 Artemidorus,
2600 3682 2921 3751 ButorideS,
2943 3683 3323 3751 Antisthenes,
3352 3684 3559 3737 Deme-

343 3772 424 3828 ad
451 3773 588 3826 Her.
620 3769 659 3822 l·
691 3769 729 3826 l.
761 3768 851 3825 ed.
876 3767 1052 3825 Baehr.
1081 3777 1221 3820 tom·
1252 3765 1339 3838 ll,
1366 3781 1427 3836 p-
1454 3757 1601 3836 640)
1628 3770 1682 3813 et
1705 3759 1801 3830 ‘1¹¹3
1830 3758 1908 3812 ibi
1999 3775 2165 3840 trias,
2200 3772 2550 3839 DemoteleS,
2594 3773 2823 3843 Lyceas.
2856 3772 3117 3825 Ceterum
3165 3770 3462 3823 Euemems
3488 3769 3558 3824 de

347 3857 677 3914 laudantur.

1118 4129 1170 4177 6.

420 4241 779 4304 Gynaecopolis,
805 4239 920 4288 urbs
939 4240 1244 4289 Plurnicum.
1274 4236 1404 4287 Ciris
1431 4230 1805 4295 Gynoecopolita.
1839 4233 1920 4279 Est

353 4327 509 4376 etiam
531 4324 625 4373 alia
648 4324 751 4385 eJus
783 4320 989 4377 nominis
1022 4322 1137 4372 urbs
1170 4318 1383 4382 AEgypti,
1419 4316 1559 4377 cuius
1591 4312 1921 4377 appellationis

357 4409 686 4469 Aristagoras,
707 4404 904 4453 Platone
930 4403 1092 4465 paullo
1110 4402 1289 4464 junior,
1311 4402 1410 4448 tres
1440 4397 1580 4446 affert
1612 4405 1797 4444 causas.
1826 4393 1921 4442 Aut

357 4489 493 4538 enim
527 4498 702 4538 nomen
734 4482 860 4534 istud
891 4485 1081 4533 nactam
1113 4495 1215 4533 esse
1237 4482 1512 4544 propterea,
1545 4476 1678 4543 quod
1707 4473 1923 4525 hostibus

357 4584 474 4622 eam
511 4566 891 4632 aggredientibus
917 4565 1036 4615 dum
1063 4565 1154 4615 viri
1183 4565 1230 4613 in
1263 4562 1387 4626 agris
1418 4562 1665 4622 abessent,
1699 4557 1922 4607 mulieres

361 4665 524 4718 pugna
556 4649 821 4714 superEores
850 4650 1137 4711 evasissent3
1161 4649 1245 4697 aut
1274 4645 1405 4710 quod
1429 4658 1552 4694 uxor
1581 4640 1804 4707 quaedam
1830 4653 1920 4690 no·

363 4731 552 4786 marchi
590 4745 776 4795 regem,
804 4730 889 4794 qui
913 4730 1037 4781 tilios
1065 4731 1214 4795 ipsius
1244 4729 1521 4780 abstrahere
1547 4724 1802 4787 voluisset,
1827 4734 1924 4773 una

365 4830 481 4866 cum
501 4814 612 4865 filiis
634 4816 848 4864 insecuta
878 4812 1159 4876 devicisset;
1178 4815 1261 4863 aut
1283 4811 1413 4875 quod
1441 4821 1596 4873 quum
1619 4804 1922 4858 Naucratitas

361 4913 454 4965 per
475 4899 638 4951 Nilum
654 4897 853 4949 nuvium
867 4898 1016 4950 classe
1033 4896 1340 4949 ascendentes
1366 4909 1426 4945 ne
1453 4897 1502 4945 in
1532 4896 1711 4946 terram
1730 4890 1923 4956 egrede-

365 4982 541 5032 rentur
578 4979 748 5044 reliqui
776 4980 982 5043 AEgyptii
1024 4979 1399 5043 prohibuissent,
1441 4978 1490 5027 hi
1513 4974 1922 5041 (Gynaeeopolitae)

361 5065 588 5115 exterriti
610 5064 827 5115 muliebri
860 5064 1048 5127 ignavia
1077 5077 1172 5113 non
1207 5061 1484 5125 repulissent
1518 5073 1614 5111 eos.
1646 5063 1803 5123 Atque
1833 5058 1925 5106 hoc

367 5148 706 5199 Artemidorus
721 5161 915 5212 (promis
932 5149 1110 5196 narrat.

1998 3860 2384 3934 pyramidibus
2408 3858 2694 3913 dixerit'in
2715 3854 2856 3935 Ἱερᾷ
2879 3858 3173 3935 ἀναγραφῇ.
3206 3857 3406 3929 Operis
3428 3875 3561 3911 vere
3659 3886 3673 3895 -

1999 3947 2250 4003 historici
2289 3947 2360 4001 ab
2400 3948 2678 4002 Euemero
2725 3946 3025 4018 compositi
3054 3946 3297 3999 certiora
3333 3945 3562 4018 vestigia

2070 4197 2348 4248 Sacerdotes
2375 4201 2535 4247 autem
2570 4198 2637 4247 ita
2657 4197 2919 4247 abhorrent
2953 4196 3016 4245 ab
3043 4197 3458 4245 excrementorum
3483 4209 3560 4244 na·

2008 4276 2115 4325 tura
2130 4312 2143 4336 ,
2161 4278 2329 4324 utnon
2351 4276 2589 4337 legumina
2604 4275 2748 4323 modo
2772 4274 2997 4336 pleraque
3014 4276 3313 4334 aversentur,
3332 4275 3382 4321 et
3398 4283 3565 4322 carnes

2008 4357 2177 4406 ovillas
2207 4368 2263 4405 ac
2281 4355 2474 4416 suillas,
2495 4369 2605 4417 quoe
2623 4355 2833 4404 multum
2853 4352 3190 4417 supervacanei
3213 4353 3414 4414 gignunt
3438 4372 3450 4403 ε
3480 4353 3563 4402 sed

2008 4434 2157 4483 salem
2193 4445 2384 4496 quoque
2410 4432 2529 4482 cibis
2558 4431 2813 4481 detrahant
2838 4444 2936 4493 quo
2952 4433 3168 4493 tempore
3185 4433 3348 4479 sancte
3365 4443 3424 4479 ac
3447 4443 3566 4493 pure

2008 4511 2179 4561 vivunt
2205 4530 2218 4561 z
2243 4523 2397 4574 quum
2421 4510 2529 4561 aliis
2551 4511 2645 4560 hoc
2665 4510 2726 4560 de
2747 4510 2926 4571 causis,
2953 4512 3061 4558 tum
3090 4508 3223 4572 quod
3256 4510 3323 4559 sal
3351 4510 3565 4572 appetitu

2010 4587 2286 4638 exacuendo
2312 4588 2462 4651 magis
2486 4588 2674 4637 bibulos
2698 4588 2747 4637 et
2764 4587 3033 4636 voracior-es
3060 4585 3231 4636 reddit.
3258 4586 3472 4636 Stultum
3497 4591 3569 4637 est

2011 4666 2137 4714 enim
2160 4666 2307 4715 salem
2325 4666 2574 4728 propterea
2592 4677 2681 4727 pro
2700 4664 2950 4714 immundo
2968 4663 3131 4714 haberi
3146 4700 3160 4724 ,
3187 4663 3317 4725 quod
3331 4701 3345 4726 ,
3382 4668 3436 4714 ut
3459 4667 3565 4715 Ari-

2011 4745 2221 4804 stagoras
2245 4743 2339 4804 ait,
2362 4742 2480 4791 dum
2506 4742 2547 4792 is
2564 4744 2769 4805 cogitur,
2789 4743 2942 4793 multa
2964 4741 3252 4793 animalcula
3273 4740 3566 4804 deprehensa

2012 4821 2055 4871 el
2076 4819 2422 4871 immoriantur.

2762 4903 2796 4954 8

2075 4987 2217 5048 Signa
2236 4987 2283 5035 et
2302 4987 2443 5036 notas
2460 4985 2623 5049 Apidis
2644 4987 2771 5035 tauri
2805 4985 3074 5036 Herodotus
3098 4999 3291 5049 quoque
3309 4989 3359 5036 et
3386 4985 3567 5036 Arista-

2014 5077 2150 5127 goras
2201 5064 2464 5126 explicant,
2507 5077 2621 5114 cum
2673 5063 2851 5126 quibus
2897 5065 3057 5113 tamen
3116 5077 3213 5112 non
3265 5064 3573 5114 consentiunt

2016 5140 2234 5203 AEgyptii.

3306 5230 3348 5267 ⁷.
