<?xml version="1.0" encoding="UTF-8"?>
<!DOCTYPE html PUBLIC "-//W3C//DTD XHTML 1.0 Transitional//EN"
    "http://www.w3.org/TR/xhtml1/DTD/xhtml1-transitional.dtd">
<html xmlns="http://www.w3.org/1999/xhtml" xml:lang="en" lang="en">
 <head>
  <title>
</title>
<meta http-equiv="Content-Type" content="text/html;charset=utf-8" />
  <meta name='ocr-system' content='tesseract 3.04.00' />
  <meta name='ocr-capabilities' content='ocr_page ocr_carea ocr_par ocr_line ocrx_word'/>
</head>
<body>
  <div class='ocr_page' id='page_1' title='image "./fragmentahistor00mgoog_0399.png"; bbox 0 0 4016 5916; ppageno 0'>
   <div class='ocr_carea' id='block_1_1' title="bbox 1355 433 2360 530">
    <p class='ocr_par' dir='ltr' id='par_1_1' title="bbox 1355 433 2360 530">
     <span class='ocr_line' id='line_1_1' title="bbox 1355 433 2360 530; baseline 0.005 -37"><span class='ocrx_word' id='word_1_1' title='bbox 1355 434 1449 494; x_wconf 78' lang='grc' dir='ltr'>ΡΑ</span> <span class='ocrx_word' id='word_1_2' title='bbox 1464 433 1887 530; x_wconf 55' lang='grc' dir='ltr'>[.ῷΡΒΑΤῦὃ</span> <span class='ocrx_word' id='word_1_3' title='bbox 1938 437 2242 499; x_wconf 81' lang='lat' dir='ltr'>ABYDEN</span> <span class='ocrx_word' id='word_1_4' title='bbox 2252 439 2360 500; x_wconf 91' lang='lat' dir='ltr'>US.</span> 
     </span>
    </p>
   </div>
   <div class='ocr_carea' id='block_1_2' title="bbox 993 576 1049 610">
    <p class='ocr_par' dir='ltr' id='par_1_2' title="bbox 993 576 1049 610">
     <span class='ocr_line' id='line_1_2' title="bbox 993 576 1049 610; baseline 0 0"><span class='ocrx_word' id='word_1_5' title='bbox 993 576 1049 610; x_wconf 80' lang='lat'>2.</span> 
     </span>
    </p>
   </div>
   <div class='ocr_carea' id='block_1_3' title="bbox 242 684 1801 1807">
    <p class='ocr_par' dir='ltr' id='par_1_3' title="bbox 242 684 1801 1112">
     <span class='ocr_line' id='line_1_3' title="bbox 867 684 1800 767; baseline 0.001 -24"><span class='ocrx_word' id='word_1_6' title='bbox 867 684 1290 766; x_wconf 72' lang='grc' dir='ltr'>Μακροκέφαλοι.</span> <span class='ocrx_word' id='word_1_7' title='bbox 1340 687 1582 767; x_wconf 77' lang='grc' dir='ltr'>Ἀντιφῶν</span> <span class='ocrx_word' id='word_1_8' title='bbox 1628 688 1680 744; x_wconf 77' lang='grc' dir='ltr'>ἐν</span> <span class='ocrx_word' id='word_1_9' title='bbox 1726 710 1800 766; x_wconf 80' lang='grc' dir='ltr'>τῳ</span> 
     </span>
     <span class='ocr_line' id='line_1_4' title="bbox 255 767 1799 850; baseline 0.001 -21"><span class='ocrx_word' id='word_1_10' title='bbox 255 769 386 849; x_wconf 67' lang='grc' dir='ltr'>Περὶ</span> <span class='ocrx_word' id='word_1_11' title='bbox 414 770 673 846; x_wconf 78' lang='grc' dir='ltr'>ὁμονοίας.</span> <span class='ocrx_word' id='word_1_12' title='bbox 706 769 891 838; x_wconf 59' lang='lat' dir='ltr'>&#39;Em</span> <span class='ocrx_word' id='word_1_13' title='bbox 915 772 1055 830; x_wconf 74' lang='grc' dir='ltr'>ἐστὶν</span> <span class='ocrx_word' id='word_1_14' title='bbox 1084 772 1219 831; x_wconf 74' lang='grc' dir='ltr'>οὕτω</span> <span class='ocrx_word' id='word_1_15' title='bbox 1245 773 1592 850; x_wconf 82' lang='grc' dir='ltr'>καλούμενον,</span> <span class='ocrx_word' id='word_1_16' title='bbox 1621 767 1680 831; x_wconf 72' lang='grc' dir='ltr'>οὗ</span> <span class='ocrx_word' id='word_1_17' title='bbox 1709 773 1799 832; x_wconf 72' lang='grc' dir='ltr'>καὶ</span> 
     </span>
     <span class='ocr_line' id='line_1_5' title="bbox 246 857 1801 940; baseline 0.002 -25"><span class='ocrx_word' id='word_1_18' title='bbox 246 857 486 922; x_wconf 78' lang='grc' dir='ltr'>Ἡσίοδος</span> <span class='ocrx_word' id='word_1_19' title='bbox 511 857 773 935; x_wconf 81' lang='grc' dir='ltr'>μέμνηται</span> <span class='ocrx_word' id='word_1_20' title='bbox 797 860 851 916; x_wconf 75' lang='grc' dir='ltr'>ἐν</span> <span class='ocrx_word' id='word_1_21' title='bbox 883 858 932 937; x_wconf 88' lang='grc' dir='ltr'>γ’</span> <span class='ocrx_word' id='word_1_22' title='bbox 959 860 1224 918; x_wconf 78' lang='grc' dir='ltr'>Γυναικῶν</span> <span class='ocrx_word' id='word_1_23' title='bbox 1256 859 1554 940; x_wconf 83' lang='grc' dir='ltr'>καταλόγῳ.</span> <span class='ocrx_word' id='word_1_24' title='bbox 1578 895 1657 904; x_wconf 88' lang='grc'>-·</span> <span class='ocrx_word' id='word_1_25' title='bbox 1689 863 1801 920; x_wconf 86' lang='grc' dir='ltr'>Πα-</span> 
     </span>
     <span class='ocr_line' id='line_1_6' title="bbox 242 943 1795 1026; baseline 0.003 -26"><span class='ocrx_word' id='word_1_26' title='bbox 242 943 495 1022; x_wconf 69' lang='grc' dir='ltr'>λαίφατος</span> <span class='ocrx_word' id='word_1_27' title='bbox 523 946 574 1002; x_wconf 80' lang='grc' dir='ltr'>ἐν</span> <span class='ocrx_word' id='word_1_28' title='bbox 612 944 655 1012; x_wconf 86' lang='grc' dir='ltr'>ζ’</span> <span class='ocrx_word' id='word_1_29' title='bbox 700 947 952 1024; x_wconf 81' lang='grc' dir='ltr'>Τρωικῶν</span> <span class='ocrx_word' id='word_1_30' title='bbox 981 947 1033 1004; x_wconf 80' lang='grc' dir='ltr'>ἐν</span> <span class='ocrx_word' id='word_1_31' title='bbox 1061 950 1125 1025; x_wconf 82' lang='grc' dir='ltr'>τῇ</span> <span class='ocrx_word' id='word_1_32' title='bbox 1164 945 1336 1025; x_wconf 76' lang='grc' dir='ltr'>Λιὸύῃ</span> <span class='ocrx_word' id='word_1_33' title='bbox 1372 946 1526 1026; x_wconf 80' lang='grc' dir='ltr'>φησὶν</span> <span class='ocrx_word' id='word_1_34' title='bbox 1555 947 1795 1026; x_wconf 72' lang='grc' dir='ltr'>ὑπεράνω</span> 
     </span>
     <span class='ocr_line' id='line_1_7' title="bbox 247 1029 1284 1112; baseline 0.003 -23"><span class='ocrx_word' id='word_1_35' title='bbox 247 1029 469 1108; x_wconf 81' lang='grc' dir='ltr'>Κόλχων</span> <span class='ocrx_word' id='word_1_36' title='bbox 497 1033 652 1089; x_wconf 77' lang='grc' dir='ltr'>οἰκεῖν</span> <span class='ocrx_word' id='word_1_37' title='bbox 682 1030 797 1097; x_wconf 77' lang='grc' dir='ltr'>τοὺς</span> <span class='ocrx_word' id='word_1_38' title='bbox 820 1031 1284 1112; x_wconf 79' lang='grc' dir='ltr'>Μακροκεφᾶλους.</span> 
     </span>
    </p>

    <p class='ocr_par' dir='ltr' id='par_1_4' title="bbox 245 1120 1800 1807">
     <span class='ocr_line' id='line_1_8' title="bbox 325 1120 1797 1197; baseline 0.004 -23"><span class='ocrx_word' id='word_1_39' title='bbox 325 1120 623 1194; x_wconf 84' lang='lat' dir='ltr'>Palaephati</span> <span class='ocrx_word' id='word_1_40' title='bbox 647 1139 854 1176; x_wconf 81' lang='lat' dir='ltr'>nomen</span> <span class='ocrx_word' id='word_1_41' title='bbox 883 1121 1112 1177; x_wconf 80' lang='lat' dir='ltr'>fortasse</span> <span class='ocrx_word' id='word_1_42' title='bbox 1132 1122 1340 1178; x_wconf 82' lang='lat' dir='ltr'>excidit</span> <span class='ocrx_word' id='word_1_43' title='bbox 1363 1121 1514 1196; x_wconf 83' lang='lat' dir='ltr'>apud</span> <span class='ocrx_word' id='word_1_44' title='bbox 1535 1124 1797 1197; x_wconf 87' lang='lat' dir='ltr'>Stephan.</span> 
     </span>
     <span class='ocr_line' id='line_1_9' title="bbox 245 1204 1798 1286; baseline 0.004 -26"><span class='ocrx_word' id='word_1_45' title='bbox 245 1207 515 1279; x_wconf 82' lang='lat' dir='ltr'>Byz.‚ubi</span> <span class='ocrx_word' id='word_1_46' title='bbox 540 1227 553 1261; x_wconf 76' lang='lat' dir='ltr'><strong><em>z</em></strong></span> <span class='ocrx_word' id='word_1_47' title='bbox 586 1204 1021 1286; x_wconf 74' lang='grc' dir='ltr'>Μακροκέφαλοι,</span> <span class='ocrx_word' id='word_1_48' title='bbox 1049 1204 1173 1284; x_wconf 77' lang='grc' dir='ltr'>πρὸς</span> <span class='ocrx_word' id='word_1_49' title='bbox 1196 1208 1301 1273; x_wconf 82' lang='grc' dir='ltr'>τοῖς</span> <span class='ocrx_word' id='word_1_50' title='bbox 1329 1207 1584 1286; x_wconf 78' lang='grc' dir='ltr'>Κόλχοις,</span> <span class='ocrx_word' id='word_1_51' title='bbox 1615 1211 1685 1274; x_wconf 82' lang='grc' dir='ltr'>ὡς</span> <span class='ocrx_word' id='word_1_52' title='bbox 1714 1211 1798 1284; x_wconf 78' lang='grc' dir='ltr'>(οἱ</span> 
     </span>
     <span class='ocr_line' id='line_1_10' title="bbox 245 1290 1797 1374; baseline 0.003 -26"><span class='ocrx_word' id='word_1_53' title='bbox 245 1293 381 1349; x_wconf 89' lang='lat' dir='ltr'>cod.</span> <span class='ocrx_word' id='word_1_54' title='bbox 419 1292 662 1369; x_wconf 78' lang='lat' dir='ltr'>Rhedig.</span> <span class='ocrx_word' id='word_1_55' title='bbox 683 1294 702 1368; x_wconf 83' lang='lat'><em>)</em></span> <span class='ocrx_word' id='word_1_56' title='bbox 724 1293 754 1324; x_wconf 68' lang='lat'>⁴²</span> <span class='ocrx_word' id='word_1_57' title='bbox 783 1290 885 1372; x_wconf 76' lang='grc' dir='ltr'>γὰρ</span> <span class='ocrx_word' id='word_1_58' title='bbox 919 1292 1227 1369; x_wconf 78' lang='grc' dir='ltr'>Ἧμίκυνες,</span> <span class='ocrx_word' id='word_1_59' title='bbox 1270 1293 1679 1374; x_wconf 75' lang='grc' dir='ltr'>Μακροκέφαλοι</span> <span class='ocrx_word' id='word_1_60' title='bbox 1707 1295 1797 1354; x_wconf 78' lang='grc' dir='ltr'>καὶ</span> 
     </span>
     <span class='ocr_line' id='line_1_11' title="bbox 248 1378 1795 1459; baseline 0.002 -22"><span class='ocrx_word' id='word_1_61' title='bbox 248 1378 537 1456; x_wconf 78' lang='grc' dir='ltr'>Πυγμαῖοι.</span> <span class='ocrx_word' id='word_1_62' title='bbox 565 1412 643 1424; x_wconf 91' lang='lat'>—-</span> <span class='ocrx_word' id='word_1_63' title='bbox 671 1380 725 1437; x_wconf 76' lang='grc' dir='ltr'>ἐν</span> <span class='ocrx_word' id='word_1_64' title='bbox 755 1383 820 1459; x_wconf 83' lang='grc' dir='ltr'>τῇ</span> <span class='ocrx_word' id='word_1_65' title='bbox 847 1379 1057 1457; x_wconf 74' lang='grc' dir='ltr'>Λιὸύῃ]</span> <span class='ocrx_word' id='word_1_66' title='bbox 1086 1385 1273 1439; x_wconf 55' lang='lat' dir='ltr'>nescio</span> <span class='ocrx_word' id='word_1_67' title='bbox 1303 1402 1375 1438; x_wconf 86' lang='lat' dir='ltr'>an</span> <span class='ocrx_word' id='word_1_68' title='bbox 1401 1385 1512 1438; x_wconf 89' lang='lat' dir='ltr'>hoc</span> <span class='ocrx_word' id='word_1_69' title='bbox 1554 1403 1762 1440; x_wconf 88' lang='lat' dir='ltr'>nomen</span> <span class='ocrx_word' id='word_1_70' title='bbox 1780 1426 1795 1454; x_wconf 92' lang='lat'>‚</span> 
     </span>
     <span class='ocr_line' id='line_1_12' title="bbox 246 1467 1800 1544; baseline 0.003 -23"><span class='ocrx_word' id='word_1_71' title='bbox 246 1467 421 1522; x_wconf 86' lang='lat' dir='ltr'>modo</span> <span class='ocrx_word' id='word_1_72' title='bbox 450 1478 600 1523; x_wconf 87' lang='lat' dir='ltr'>recte</span> <span class='ocrx_word' id='word_1_73' title='bbox 620 1486 678 1523; x_wconf 88' lang='lat' dir='ltr'>se</span> <span class='ocrx_word' id='word_1_74' title='bbox 698 1468 901 1523; x_wconf 90' lang='lat' dir='ltr'>habeat</span> <span class='ocrx_word' id='word_1_75' title='bbox 917 1511 935 1543; x_wconf 83' lang='lat'><strong>,</strong></span> <span class='ocrx_word' id='word_1_76' title='bbox 958 1470 1090 1524; x_wconf 83' lang='lat' dir='ltr'>alias</span> <span class='ocrx_word' id='word_1_77' title='bbox 1118 1479 1398 1527; x_wconf 85' lang='lat' dir='ltr'>occurrat.</span> <span class='ocrx_word' id='word_1_78' title='bbox 1430 1470 1800 1544; x_wconf 80' lang='lat' dir='ltr'>Intelligenda</span> 
     </span>
     <span class='ocr_line' id='line_1_13' title="bbox 247 1554 1796 1630; baseline 0.001 -19"><span class='ocrx_word' id='word_1_79' title='bbox 247 1556 407 1628; x_wconf 83' lang='lat' dir='ltr'>regio</span> <span class='ocrx_word' id='word_1_80' title='bbox 428 1555 881 1630; x_wconf 79' lang='lat' dir='ltr'>Libystinorum,</span> <span class='ocrx_word' id='word_1_81' title='bbox 905 1574 1049 1628; x_wconf 88' lang='lat' dir='ltr'>quos</span> <span class='ocrx_word' id='word_1_82' title='bbox 1074 1556 1212 1612; x_wconf 89' lang='lat' dir='ltr'>dicit</span> <span class='ocrx_word' id='word_1_83' title='bbox 1240 1557 1551 1629; x_wconf 81' lang='lat' dir='ltr'><strong>Stephanus</strong></span> <span class='ocrx_word' id='word_1_84' title='bbox 1577 1577 1590 1612; x_wconf 72' lang='grc' dir='ltr'><strong>ε</strong></span> <span class='ocrx_word' id='word_1_85' title='bbox 1625 1554 1796 1613; x_wconf 77' lang='grc' dir='ltr'>Λιὸυ-</span> 
     </span>
     <span class='ocr_line' id='line_1_14' title="bbox 246 1638 1798 1722; baseline 0.002 -25"><span class='ocrx_word' id='word_1_86' title='bbox 246 1639 440 1712; x_wconf 81' lang='grc' dir='ltr'>στῒνοι,</span> <span class='ocrx_word' id='word_1_87' title='bbox 472 1638 611 1707; x_wconf 85' lang='grc' dir='ltr'>ἔθνος</span> <span class='ocrx_word' id='word_1_88' title='bbox 642 1639 1024 1719; x_wconf 78' lang='grc' dir='ltr'>παρακείμενον</span> <span class='ocrx_word' id='word_1_89' title='bbox 1071 1639 1316 1719; x_wconf 79' lang='grc' dir='ltr'>Κόλχοις,</span> <span class='ocrx_word' id='word_1_90' title='bbox 1339 1644 1408 1707; x_wconf 83' lang='grc' dir='ltr'>ὡς</span> <span class='ocrx_word' id='word_1_91' title='bbox 1438 1640 1719 1722; x_wconf 78' lang='grc' dir='ltr'>Διόφαντος</span> <span class='ocrx_word' id='word_1_92' title='bbox 1746 1644 1798 1700; x_wconf 81' lang='grc' dir='ltr'>ἐν</span> 
     </span>
     <span class='ocr_line' id='line_1_15' title="bbox 249 1728 1239 1807; baseline 0.002 -20"><span class='ocrx_word' id='word_1_93' title='bbox 249 1728 542 1795; x_wconf 79' lang='grc' dir='ltr'>Πολιτικοῖς</span> <span class='ocrx_word' id='word_1_94' title='bbox 573 1729 790 1806; x_wconf 87' lang='lat' dir='ltr'>(scribe</span> <span class='ocrx_word' id='word_1_95' title='bbox 818 1730 871 1787; x_wconf 71' lang='grc' dir='ltr'>ἐν</span> <span class='ocrx_word' id='word_1_96' title='bbox 901 1729 1239 1807; x_wconf 84' lang='grc' dir='ltr'>Ποντικοῖς).</span> 
     </span>
    </p>
   </div>
   <div class='ocr_carea' id='block_1_4' title="bbox 328 687 810 759">
    <p class='ocr_par' dir='ltr' id='par_1_5' title="bbox 328 687 810 759">
     <span class='ocr_line' id='line_1_16' title="bbox 328 687 810 759; baseline 0.008 -20"><span class='ocrx_word' id='word_1_97' title='bbox 328 687 745 759; x_wconf 73' lang='lat' dir='ltr'>Harpocration</span> <span class='ocrx_word' id='word_1_98' title='bbox 798 704 810 743; x_wconf 73' lang='grc' dir='ltr'><strong>ε</strong></span> 
     </span>
    </p>
   </div>
   <div class='ocr_carea' id='block_1_5' title="bbox 735 1885 1305 2092">
    <p class='ocr_par' dir='ltr' id='par_1_6' title="bbox 735 1885 1305 2092">
     <span class='ocr_line' id='line_1_17' title="bbox 735 1885 1305 1945; baseline 0.009 -5"><span class='ocrx_word' id='word_1_99' title='bbox 735 1886 783 1940; x_wconf 85' lang='grc' dir='ltr'>Ε</span> <span class='ocrx_word' id='word_1_100' title='bbox 821 1885 1047 1944; x_wconf 84' lang='lat' dir='ltr'>LIBRO</span> <span class='ocrx_word' id='word_1_101' title='bbox 1087 1888 1305 1945; x_wconf 87' lang='lat' dir='ltr'>NONO.</span> 
     </span>
     <span class='ocr_line' id='line_1_18' title="bbox 992 2037 1041 2092; baseline -0.082 0"><span class='ocrx_word' id='word_1_102' title='bbox 992 2037 1041 2092; x_wconf 83' lang='lat'>3.</span> 
     </span>
    </p>
   </div>
   <div class='ocr_carea' id='block_1_6' title="bbox 245 2190 1815 3143">
    <p class='ocr_par' dir='ltr' id='par_1_7' title="bbox 245 2190 1801 2796">
     <span class='ocr_line' id='line_1_19' title="bbox 328 2190 1801 2272; baseline 0.001 -22"><span class='ocrx_word' id='word_1_103' title='bbox 328 2196 745 2268; x_wconf 77' lang='lat' dir='ltr'><strong>Harpocration</strong></span> <span class='ocrx_word' id='word_1_104' title='bbox 771 2211 786 2252; x_wconf 72' lang='grc' dir='ltr'><em>τ</em></span> <span class='ocrx_word' id='word_1_105' title='bbox 810 2190 1172 2261; x_wconf 81' lang='grc' dir='ltr'>Δυσαύλης·</span> <span class='ocrx_word' id='word_1_106' title='bbox 1200 2191 1481 2271; x_wconf 79' lang='grc' dir='ltr'>Δείναρχος</span> <span class='ocrx_word' id='word_1_107' title='bbox 1498 2195 1549 2250; x_wconf 82' lang='grc' dir='ltr'>ἐν</span> <span class='ocrx_word' id='word_1_108' title='bbox 1573 2196 1637 2272; x_wconf 78' lang='grc' dir='ltr'>τῇ</span> <span class='ocrx_word' id='word_1_109' title='bbox 1669 2193 1801 2272; x_wconf 78' lang='grc' dir='ltr'>Περὶ</span> 
     </span>
     <span class='ocr_line' id='line_1_20' title="bbox 245 2278 1800 2359; baseline 0 -22"><span class='ocrx_word' id='word_1_110' title='bbox 245 2284 342 2351; x_wconf 80' lang='grc' dir='ltr'>τ’ἥς</span> <span class='ocrx_word' id='word_1_111' title='bbox 369 2280 560 2359; x_wconf 71' lang='grc' dir='ltr'>ἱερείας</span> <span class='ocrx_word' id='word_1_112' title='bbox 593 2278 892 2359; x_wconf 69' lang='grc' dir='ltr'>διαδικασία</span> <span class='ocrx_word' id='word_1_113' title='bbox 910 2323 927 2356; x_wconf 83' lang='lat'>,</span> <span class='ocrx_word' id='word_1_114' title='bbox 952 2281 997 2337; x_wconf 80' lang='grc' dir='ltr'>εἰ</span> <span class='ocrx_word' id='word_1_115' title='bbox 1020 2279 1243 2357; x_wconf 82' lang='grc' dir='ltr'>γνήσιος·</span> <span class='ocrx_word' id='word_1_116' title='bbox 1278 2279 1658 2351; x_wconf 81' lang='grc' dir='ltr'>Ἀσκληπιάδης</span> <span class='ocrx_word' id='word_1_117' title='bbox 1675 2280 1720 2337; x_wconf 84' lang='grc' dir='ltr'>δ’</span> <span class='ocrx_word' id='word_1_118' title='bbox 1746 2284 1800 2339; x_wconf 81' lang='grc' dir='ltr'>ἐν</span> 
     </span>
     <span class='ocr_line' id='line_1_21' title="bbox 248 2357 1799 2447; baseline 0 -22"><span class='ocrx_word' id='word_1_119' title='bbox 248 2368 297 2425; x_wconf 85' lang='grc' dir='ltr'>δ’</span> <span class='ocrx_word' id='word_1_120' title='bbox 344 2365 802 2447; x_wconf 76' lang='grc' dir='ltr'>Τραγῳδουμένων</span> <span class='ocrx_word' id='word_1_121' title='bbox 857 2366 944 2425; x_wconf 84' lang='grc' dir='ltr'>τὸν</span> <span class='ocrx_word' id='word_1_122' title='bbox 991 2366 1269 2438; x_wconf 79' lang='grc' dir='ltr'>Δυσαύλην</span> <span class='ocrx_word' id='word_1_123' title='bbox 1318 2367 1608 2445; x_wconf 78' lang='grc' dir='ltr'>αὐτόχθονα</span> <span class='ocrx_word' id='word_1_124' title='bbox 1667 2357 1799 2425; x_wconf 74' lang='grc' dir='ltr'>εἶναί</span> 
     </span>
     <span class='ocr_line' id='line_1_22' title="bbox 246 2453 1801 2535; baseline 0.001 -22"><span class='ocrx_word' id='word_1_125' title='bbox 246 2477 410 2535; x_wconf 77' lang='grc' dir='ltr'>φησι,</span> <span class='ocrx_word' id='word_1_126' title='bbox 439 2454 817 2525; x_wconf 76' lang='grc' dir='ltr'>συνοικήσαντα</span> <span class='ocrx_word' id='word_1_127' title='bbox 854 2453 909 2513; x_wconf 70' lang='grc' dir='ltr'>δὲ</span> <span class='ocrx_word' id='word_1_128' title='bbox 940 2454 1144 2513; x_wconf 78' lang='grc' dir='ltr'>Βαυὸοῒ</span> <span class='ocrx_word' id='word_1_129' title='bbox 1165 2462 1313 2533; x_wconf 73' lang='grc' dir='ltr'>σχεῖν</span> <span class='ocrx_word' id='word_1_130' title='bbox 1341 2455 1534 2520; x_wconf 83' lang='grc' dir='ltr'>παῖδας</span> <span class='ocrx_word' id='word_1_131' title='bbox 1578 2457 1801 2532; x_wconf 80' lang='grc' dir='ltr'>Πρωτο-</span> 
     </span>
     <span class='ocr_line' id='line_1_23' title="bbox 245 2540 1799 2622; baseline 0.001 -21"><span class='ocrx_word' id='word_1_132' title='bbox 245 2542 373 2614; x_wconf 84' lang='grc' dir='ltr'>νόην</span> <span class='ocrx_word' id='word_1_133' title='bbox 394 2565 451 2601; x_wconf 73' lang='grc' dir='ltr'>τε</span> <span class='ocrx_word' id='word_1_134' title='bbox 477 2540 570 2600; x_wconf 79' lang='grc' dir='ltr'>καὶ</span> <span class='ocrx_word' id='word_1_135' title='bbox 594 2541 787 2602; x_wconf 74' lang='grc' dir='ltr'>Νίσαν.</span> <span class='ocrx_word' id='word_1_136' title='bbox 824 2541 1164 2621; x_wconf 77' lang='grc' dir='ltr'>Παλαίφατος</span> <span class='ocrx_word' id='word_1_137' title='bbox 1190 2541 1235 2599; x_wconf 84' lang='grc' dir='ltr'>δ’</span> <span class='ocrx_word' id='word_1_138' title='bbox 1265 2545 1318 2601; x_wconf 63' lang='grc' dir='ltr'>ἐν</span> <span class='ocrx_word' id='word_1_139' title='bbox 1355 2541 1398 2599; x_wconf 84' lang='grc' dir='ltr'>Θ’</span> <span class='ocrx_word' id='word_1_140' title='bbox 1433 2541 1648 2622; x_wconf 83' lang='grc' dir='ltr'>(πρώτῃ</span> <span class='ocrx_word' id='word_1_141' title='bbox 1670 2544 1799 2602; x_wconf 89' lang='lat' dir='ltr'>cod.</span> 
     </span>
     <span class='ocr_line' id='line_1_24' title="bbox 248 2627 1797 2709; baseline -0.003 -20"><span class='ocrx_word' id='word_1_142' title='bbox 248 2638 319 2690; x_wconf 78' lang='lat' dir='ltr'>A.</span> <span class='ocrx_word' id='word_1_143' title='bbox 366 2627 636 2705; x_wconf 79' lang='lat' dir='ltr'>Bekkeri)</span> <span class='ocrx_word' id='word_1_144' title='bbox 680 2631 934 2706; x_wconf 85' lang='grc' dir='ltr'>Τρωικῶν</span> <span class='ocrx_word' id='word_1_145' title='bbox 965 2627 1058 2696; x_wconf 73' lang='grc' dir='ltr'>σὺν</span> <span class='ocrx_word' id='word_1_146' title='bbox 1086 2634 1151 2709; x_wconf 82' lang='grc' dir='ltr'>τῇ</span> <span class='ocrx_word' id='word_1_147' title='bbox 1197 2629 1404 2707; x_wconf 81' lang='grc' dir='ltr'>γυναικί</span> <span class='ocrx_word' id='word_1_148' title='bbox 1444 2650 1599 2707; x_wconf 81' lang='grc' dir='ltr'>φησιν</span> <span class='ocrx_word' id='word_1_149' title='bbox 1642 2627 1797 2686; x_wconf 82' lang='grc' dir='ltr'>αὐτὸν</span> 
     </span>
     <span class='ocr_line' id='line_1_25' title="bbox 247 2713 1050 2796; baseline 0.001 -21"><span class='ocrx_word' id='word_1_150' title='bbox 247 2715 595 2784; x_wconf 62' lang='grc' dir='ltr'>ὑποδέξασθαι</span> <span class='ocrx_word' id='word_1_151' title='bbox 618 2713 711 2786; x_wconf 71' lang='grc' dir='ltr'>τὴν</span> <span class='ocrx_word' id='word_1_152' title='bbox 738 2714 1050 2796; x_wconf 79' lang='grc' dir='ltr'>Δήμητραν.</span> 
     </span>
    </p>

    <p class='ocr_par' dir='ltr' id='par_1_8' title="bbox 248 2799 1815 3143">
     <span class='ocr_line' id='line_1_26' title="bbox 331 2799 1799 2886; baseline -0.002 -22"><span class='ocrx_word' id='word_1_153' title='bbox 331 2806 415 2864; x_wconf 79' lang='lat' dir='ltr'>Cf.</span> <span class='ocrx_word' id='word_1_154' title='bbox 437 2806 864 2862; x_wconf 83' lang='lat' dir='ltr'>CiemensAlex.</span> <span class='ocrx_word' id='word_1_155' title='bbox 887 2824 945 2879; x_wconf 91' lang='lat' dir='ltr'>p.</span> <span class='ocrx_word' id='word_1_156' title='bbox 980 2826 1000 2862; x_wconf 86' lang='grc' dir='ltr'>ι</span> <span class='ocrx_word' id='word_1_157' title='bbox 1015 2805 1046 2862; x_wconf 83' lang='grc'>3</span> <span class='ocrx_word' id='word_1_158' title='bbox 1068 2806 1158 2861; x_wconf 88' lang='lat' dir='ltr'>ed.</span> <span class='ocrx_word' id='word_1_159' title='bbox 1179 2807 1334 2879; x_wconf 77' lang='lat' dir='ltr'>Sylb.</span> <span class='ocrx_word' id='word_1_160' title='bbox 1363 2825 1376 2861; x_wconf 75' lang='grc' dir='ltr'>ε</span> <span class='ocrx_word' id='word_1_161' title='bbox 1400 2799 1604 2886; x_wconf 69' lang='grc' dir='ltr'>’ῼκουν</span> <span class='ocrx_word' id='word_1_162' title='bbox 1624 2802 1677 2861; x_wconf 86' lang='grc' dir='ltr'>δὲ</span> <span class='ocrx_word' id='word_1_163' title='bbox 1701 2827 1799 2874; x_wconf 83' lang='grc' dir='ltr'>τη-</span> 
     </span>
     <span class='ocr_line' id='line_1_27' title="bbox 248 2888 1798 2969; baseline -0.001 -21"><span class='ocrx_word' id='word_1_164' title='bbox 248 2891 428 2949; x_wconf 79' lang='grc' dir='ltr'>νικάδε</span> <span class='ocrx_word' id='word_1_165' title='bbox 483 2888 581 2962; x_wconf 81' lang='grc' dir='ltr'>τὴν</span> <span class='ocrx_word' id='word_1_166' title='bbox 624 2889 901 2950; x_wconf 82' lang='grc' dir='ltr'>Ἐλευσῖνα</span> <span class='ocrx_word' id='word_1_167' title='bbox 946 2891 994 2946; x_wconf 75' lang='grc' dir='ltr'>οἳ</span> <span class='ocrx_word' id='word_1_168' title='bbox 1042 2893 1301 2969; x_wconf 72' lang='grc' dir='ltr'>γηγενεῖς·</span> <span class='ocrx_word' id='word_1_169' title='bbox 1346 2889 1580 2966; x_wconf 82' lang='grc' dir='ltr'>ὀνόματα</span> <span class='ocrx_word' id='word_1_170' title='bbox 1629 2891 1798 2957; x_wconf 76' lang='grc' dir='ltr'>αὐτοῖς</span> 
     </span>
     <span class='ocr_line' id='line_1_28' title="bbox 250 2974 1815 3056; baseline -0.002 -18"><span class='ocrx_word' id='word_1_171' title='bbox 250 2977 476 3050; x_wconf 49' lang='lat' dir='ltr'>Baika»,</span> <span class='ocrx_word' id='word_1_172' title='bbox 505 2977 781 3049; x_wconf 86' lang='grc' dir='ltr'>Δυσαύλης</span> <span class='ocrx_word' id='word_1_173' title='bbox 815 2978 903 3036; x_wconf 81' lang='grc' dir='ltr'>καὶ</span> <span class='ocrx_word' id='word_1_174' title='bbox 934 2978 1292 3056; x_wconf 81' lang='grc' dir='ltr'>Τριπτόλεμος</span> <span class='ocrx_word' id='word_1_175' title='bbox 1310 3000 1321 3014; x_wconf 90' lang='grc'><em>·</em></span> <span class='ocrx_word' id='word_1_176' title='bbox 1362 2976 1437 3035; x_wconf 83' lang='grc' dir='ltr'>ἔτι</span> <span class='ocrx_word' id='word_1_177' title='bbox 1467 2974 1521 3035; x_wconf 82' lang='grc' dir='ltr'>δὲ</span> <span class='ocrx_word' id='word_1_178' title='bbox 1562 2977 1652 3035; x_wconf 77' lang='grc' dir='ltr'>καὶ</span> <span class='ocrx_word' id='word_1_179' title='bbox 1692 2976 1815 3037; x_wconf 49' lang='lat' dir='ltr'>E&amp;</span> 
     </span>
     <span class='ocr_line' id='line_1_29' title="bbox 249 3061 1803 3143; baseline -0.001 -20"><span class='ocrx_word' id='word_1_180' title='bbox 249 3063 454 3143; x_wconf 80' lang='grc' dir='ltr'>μολπός</span> <span class='ocrx_word' id='word_1_181' title='bbox 467 3087 523 3122; x_wconf 74' lang='grc' dir='ltr'>τι</span> <span class='ocrx_word' id='word_1_182' title='bbox 536 3063 629 3122; x_wconf 70' lang='grc' dir='ltr'>καὶ</span> <span class='ocrx_word' id='word_1_183' title='bbox 646 3061 997 3128; x_wconf 71' lang='grc' dir='ltr'>Εύὸουλεύς...</span> <span class='ocrx_word' id='word_1_184' title='bbox 1020 3063 1129 3125; x_wconf 81' lang='grc' dir='ltr'>Καὶ</span> <span class='ocrx_word' id='word_1_185' title='bbox 1150 3061 1272 3133; x_wconf 81' lang='grc' dir='ltr'><strong>δὴ...</strong></span> <span class='ocrx_word' id='word_1_186' title='bbox 1291 3062 1533 3130; x_wconf 81' lang='grc' dir='ltr'>Εενίσασα</span> <span class='ocrx_word' id='word_1_187' title='bbox 1560 3062 1803 3132; x_wconf 74' lang='grc' dir='ltr'>ἡΒαυὸὼ</span> 
     </span>
    </p>
   </div>
   <div class='ocr_carea' id='block_1_7' title="bbox 3321 455 3433 506">
    <p class='ocr_par' dir='ltr' id='par_1_9' title="bbox 3321 455 3433 506">
     <span class='ocr_line' id='line_1_30' title="bbox 3321 455 3433 506; baseline 0.018 -2"><span class='ocrx_word' id='word_1_188' title='bbox 3321 455 3433 506; x_wconf 80' lang='grc'>339</span> 
     </span>
    </p>
   </div>
   <div class='ocr_carea' id='block_1_8' title="bbox 1884 562 3444 2273">
    <p class='ocr_par' dir='ltr' id='par_1_10' title="bbox 1884 562 3444 2273">
     <span class='ocr_line' id='line_1_31' title="bbox 1888 562 3439 636; baseline 0.003 -21"><span class='ocrx_word' id='word_1_189' title='bbox 1888 579 2016 615; x_wconf 90' lang='lat' dir='ltr'>rum</span> <span class='ocrx_word' id='word_1_190' title='bbox 2060 580 2183 634; x_wconf 85' lang='lat' dir='ltr'>quae</span> <span class='ocrx_word' id='word_1_191' title='bbox 2220 580 2288 617; x_wconf 85' lang='lat' dir='ltr'>ex</span> <span class='ocrx_word' id='word_1_192' title='bbox 2319 562 2647 636; x_wconf 82' lang='lat' dir='ltr'><strong>Asclepiade</strong></span> <span class='ocrx_word' id='word_1_193' title='bbox 2681 563 3011 632; x_wconf 84' lang='lat' dir='ltr'>asseruntur,</span> <span class='ocrx_word' id='word_1_194' title='bbox 3051 562 3173 617; x_wconf 66' lang='lat' dir='ltr'>silim</span> <span class='ocrx_word' id='word_1_195' title='bbox 3218 565 3439 620; x_wconf 75' lang='lat' dir='ltr'>Baubus</span> 
     </span>
     <span class='ocr_line' id='line_1_32' title="bbox 1888 646 3435 721; baseline 0.003 -20"><span class='ocrx_word' id='word_1_196' title='bbox 1888 649 2116 704; x_wconf 81' lang='lat' dir='ltr'>aliunde</span> <span class='ocrx_word' id='word_1_197' title='bbox 2158 667 2277 704; x_wconf 89' lang='lat' dir='ltr'>non</span> <span class='ocrx_word' id='word_1_198' title='bbox 2315 660 2480 704; x_wconf 79' lang='lat' dir='ltr'>notae.</span> <span class='ocrx_word' id='word_1_199' title='bbox 2523 652 2632 705; x_wconf 89' lang='lat' dir='ltr'>Pro</span> <span class='ocrx_word' id='word_1_200' title='bbox 2665 646 2837 708; x_wconf 79' lang='grc' dir='ltr'>Νίσαν</span> <span class='ocrx_word' id='word_1_201' title='bbox 2868 650 3042 707; x_wconf 88' lang='lat' dir='ltr'><strong>codd.</strong></span> <span class='ocrx_word' id='word_1_202' title='bbox 3082 649 3197 705; x_wconf 82' lang='lat' dir='ltr'>DE</span> <span class='ocrx_word' id='word_1_203' title='bbox 3234 648 3397 718; x_wconf 79' lang='grc' dir='ltr'>νήσαν</span> <span class='ocrx_word' id='word_1_204' title='bbox 3419 693 3435 721; x_wconf 85' lang='grc'>,</span> 
     </span>
     <span class='ocr_line' id='line_1_33' title="bbox 1886 733 3436 812; baseline 0.002 -22"><span class='ocrx_word' id='word_1_205' title='bbox 1886 736 2019 791; x_wconf 91' lang='lat' dir='ltr'>cod.</span> <span class='ocrx_word' id='word_1_206' title='bbox 2047 737 2115 792; x_wconf 89' lang='lat' dir='ltr'>B.</span> <span class='ocrx_word' id='word_1_207' title='bbox 2161 733 2361 793; x_wconf 78' lang='grc' dir='ltr'>κνίσαν.</span> <span class='ocrx_word' id='word_1_208' title='bbox 2403 737 2556 793; x_wconf 82' lang='grc' dir='ltr'>Ν11111</span> <span class='ocrx_word' id='word_1_209' title='bbox 2583 738 2787 792; x_wconf 83' lang='lat' dir='ltr'>horum</span> <span class='ocrx_word' id='word_1_210' title='bbox 2818 739 3124 812; x_wconf 83' lang='lat' dir='ltr'>genuinum</span> <span class='ocrx_word' id='word_1_211' title='bbox 3151 756 3264 793; x_wconf 87' lang='lat' dir='ltr'>esse</span> <span class='ocrx_word' id='word_1_212' title='bbox 3303 740 3436 793; x_wconf 82' lang='lat' dir='ltr'>mihi</span> 
     </span>
     <span class='ocr_line' id='line_1_34' title="bbox 1885 825 3440 899; baseline 0.003 -22"><span class='ocrx_word' id='word_1_213' title='bbox 1885 825 2130 880; x_wconf 81' lang='lat' dir='ltr'>videtur.</span> <span class='ocrx_word' id='word_1_214' title='bbox 2174 826 2418 882; x_wconf 83' lang='lat' dir='ltr'>Historia</span> <span class='ocrx_word' id='word_1_215' title='bbox 2464 825 2537 881; x_wconf 89' lang='lat' dir='ltr'>de</span> <span class='ocrx_word' id='word_1_216' title='bbox 2581 827 2782 882; x_wconf 83' lang='lat' dir='ltr'>Cerere</span> <span class='ocrx_word' id='word_1_217' title='bbox 2821 826 2892 882; x_wconf 88' lang='lat' dir='ltr'>ab</span> <span class='ocrx_word' id='word_1_218' title='bbox 2939 845 3050 882; x_wconf 87' lang='lat' dir='ltr'>anu</span> <span class='ocrx_word' id='word_1_219' title='bbox 3091 827 3440 899; x_wconf 75' lang='lat' dir='ltr'>hospitaliter</span> 
     </span>
     <span class='ocr_line' id='line_1_35' title="bbox 1888 911 3439 984; baseline 0.003 -21"><span class='ocrx_word' id='word_1_220' title='bbox 1888 921 2118 984; x_wconf 87' lang='lat' dir='ltr'>excepta</span> <span class='ocrx_word' id='word_1_221' title='bbox 2143 911 2295 966; x_wconf 87' lang='lat' dir='ltr'>haud</span> <span class='ocrx_word' id='word_1_222' title='bbox 2313 929 2429 966; x_wconf 88' lang='lat' dir='ltr'>uno</span> <span class='ocrx_word' id='word_1_223' title='bbox 2457 911 2634 966; x_wconf 88' lang='lat' dir='ltr'>modo</span> <span class='ocrx_word' id='word_1_224' title='bbox 2657 923 2945 982; x_wconf 75' lang='lat' dir='ltr'>narratur,</span> <span class='ocrx_word' id='word_1_225' title='bbox 2975 914 3058 966; x_wconf 88' lang='lat' dir='ltr'>uti</span> <span class='ocrx_word' id='word_1_226' title='bbox 3082 922 3318 967; x_wconf 86' lang='lat' dir='ltr'>constat.</span> <span class='ocrx_word' id='word_1_227' title='bbox 3357 915 3439 968; x_wconf 85' lang='lat' dir='ltr'>Ne</span> 
     </span>
     <span class='ocr_line' id='line_1_36' title="bbox 1888 995 3440 1072; baseline 0.003 -20"><span class='ocrx_word' id='word_1_228' title='bbox 1888 995 1960 1052; x_wconf 87' lang='lat' dir='ltr'>de</span> <span class='ocrx_word' id='word_1_229' title='bbox 1981 997 2173 1053; x_wconf 88' lang='lat' dir='ltr'>Iambe</span> <span class='ocrx_word' id='word_1_230' title='bbox 2193 998 2373 1053; x_wconf 88' lang='lat' dir='ltr'>dicam</span> <span class='ocrx_word' id='word_1_231' title='bbox 2393 1039 2409 1066; x_wconf 89' lang='lat'>‚</span> <span class='ocrx_word' id='word_1_232' title='bbox 2436 997 2589 1072; x_wconf 88' lang='lat' dir='ltr'>apud</span> <span class='ocrx_word' id='word_1_233' title='bbox 2612 1000 2961 1054; x_wconf 79' lang='lat' dir='ltr'>Antoninum</span> <span class='ocrx_word' id='word_1_234' title='bbox 2988 999 3118 1056; x_wconf 85' lang='lat' dir='ltr'>Lib.</span> <span class='ocrx_word' id='word_1_235' title='bbox 3145 1018 3197 1056; x_wconf 90' lang='lat' dir='ltr'>c.</span> <span class='ocrx_word' id='word_1_236' title='bbox 3222 1005 3292 1064; x_wconf 64' lang='grc' dir='ltr'>αἱ.</span> <span class='ocrx_word' id='word_1_237' title='bbox 3326 1002 3440 1056; x_wconf 78' lang='lat' dir='ltr'>sive</span> 
     </span>
     <span class='ocr_line' id='line_1_37' title="bbox 1885 1084 3440 1158; baseline 0.002 -18"><span class='ocrx_word' id='word_1_238' title='bbox 1885 1102 1979 1158; x_wconf 89' lang='lat' dir='ltr'>ap.</span> <span class='ocrx_word' id='word_1_239' title='bbox 2010 1084 2385 1153; x_wconf 87' lang='lat' dir='ltr'>Nicandrum,</span> <span class='ocrx_word' id='word_1_240' title='bbox 2414 1087 2692 1141; x_wconf 84' lang='lat' dir='ltr'>Antonini</span> <span class='ocrx_word' id='word_1_241' title='bbox 2721 1096 3010 1142; x_wconf 86' lang='lat' dir='ltr'>auctorem</span> <span class='ocrx_word' id='word_1_242' title='bbox 3030 1128 3046 1156; x_wconf 94' lang='lat'>,</span> <span class='ocrx_word' id='word_1_243' title='bbox 3072 1087 3332 1143; x_wconf 87' lang='lat' dir='ltr'>Cererem</span> <span class='ocrx_word' id='word_1_244' title='bbox 3352 1106 3440 1143; x_wconf 84' lang='lat' dir='ltr'>ex·</span> 
     </span>
     <span class='ocr_line' id='line_1_38' title="bbox 1886 1168 3442 1248; baseline 0.002 -22"><span class='ocrx_word' id='word_1_245' title='bbox 1886 1172 2025 1245; x_wconf 86' lang='lat' dir='ltr'>cipit</span> <span class='ocrx_word' id='word_1_246' title='bbox 2043 1168 2234 1246; x_wconf 83' lang='grc' dir='ltr'>Μίσμη</span> <span class='ocrx_word' id='word_1_247' title='bbox 2252 1214 2267 1242; x_wconf 87' lang='grc'><strong>,</strong></span> <span class='ocrx_word' id='word_1_248' title='bbox 2299 1173 2549 1228; x_wconf 82' lang='lat' dir='ltr'>Ascalabi</span> <span class='ocrx_word' id='word_1_249' title='bbox 2578 1183 2776 1232; x_wconf 85' lang='lat' dir='ltr'>mater.</span> <span class='ocrx_word' id='word_1_250' title='bbox 2800 1174 2905 1228; x_wconf 82' lang='lat' dir='ltr'>lna</span> <span class='ocrx_word' id='word_1_251' title='bbox 2927 1171 3117 1248; x_wconf 79' lang='grc' dir='ltr'>Μίσμη</span> <span class='ocrx_word' id='word_1_252' title='bbox 3148 1191 3283 1229; x_wconf 77' lang='lat' dir='ltr'>vero</span> <span class='ocrx_word' id='word_1_253' title='bbox 3312 1193 3442 1248; x_wconf 89' lang='lat' dir='ltr'>pro·</span> 
     </span>
     <span class='ocr_line' id='line_1_39' title="bbox 1886 1256 3443 1334; baseline 0.003 -22"><span class='ocrx_word' id='word_1_254' title='bbox 1886 1259 1973 1312; x_wconf 86' lang='lat' dir='ltr'>cul</span> <span class='ocrx_word' id='word_1_255' title='bbox 2000 1257 2177 1314; x_wconf 90' lang='lat' dir='ltr'>dubio</span> <span class='ocrx_word' id='word_1_256' title='bbox 2199 1271 2280 1315; x_wconf 78' lang='lat' dir='ltr'>est</span> <span class='ocrx_word' id='word_1_257' title='bbox 2301 1259 2450 1314; x_wconf 85' lang='lat' dir='ltr'>idem</span> <span class='ocrx_word' id='word_1_258' title='bbox 2475 1278 2683 1315; x_wconf 86' lang='lat' dir='ltr'>nomen</span> <span class='ocrx_word' id='word_1_259' title='bbox 2707 1278 2834 1314; x_wconf 86' lang='lat' dir='ltr'>cum</span> <span class='ocrx_word' id='word_1_260' title='bbox 2861 1256 3007 1327; x_wconf 76' lang='grc' dir='ltr'>Μίση</span> <span class='ocrx_word' id='word_1_261' title='bbox 3025 1301 3042 1334; x_wconf 84' lang='lat'>,</span> <span class='ocrx_word' id='word_1_262' title='bbox 3068 1278 3200 1314; x_wconf 88' lang='lat' dir='ltr'>cum</span> <span class='ocrx_word' id='word_1_263' title='bbox 3226 1261 3443 1317; x_wconf 83' lang='lat' dir='ltr'>Cereris</span> 
     </span>
     <span class='ocr_line' id='line_1_40' title="bbox 1886 1345 3438 1421; baseline 0.003 -22"><span class='ocrx_word' id='word_1_264' title='bbox 1886 1345 2040 1400; x_wconf 87' lang='lat' dir='ltr'>cultu</span> <span class='ocrx_word' id='word_1_265' title='bbox 2061 1347 2152 1401; x_wconf 86' lang='lat' dir='ltr'>illa</span> <span class='ocrx_word' id='word_1_266' title='bbox 2174 1346 2326 1421; x_wconf 89' lang='lat' dir='ltr'>apud</span> <span class='ocrx_word' id='word_1_267' title='bbox 2347 1347 2626 1421; x_wconf 79' lang='lat' dir='ltr'>Orphicos</span> <span class='ocrx_word' id='word_1_268' title='bbox 2647 1356 2775 1402; x_wconf 89' lang='lat' dir='ltr'>ante</span> <span class='ocrx_word' id='word_1_269' title='bbox 2791 1345 3106 1420; x_wconf 82' lang='lat' dir='ltr'>conjuncta.</span> <span class='ocrx_word' id='word_1_270' title='bbox 3124 1349 3190 1402; x_wconf 90' lang='lat' dir='ltr'>V.</span> <span class='ocrx_word' id='word_1_271' title='bbox 3205 1347 3438 1421; x_wconf 87' lang='lat' dir='ltr'>Orphic.</span> 
     </span>
     <span class='ocr_line' id='line_1_41' title="bbox 1884 1429 3441 1512; baseline 0.003 -27"><span class='ocrx_word' id='word_1_272' title='bbox 1884 1433 2076 1505; x_wconf 73' lang='lat' dir='ltr'>hymn.</span> <span class='ocrx_word' id='word_1_273' title='bbox 2117 1441 2210 1504; x_wconf 74' lang='grc'>[.1,</span> <span class='ocrx_word' id='word_1_274' title='bbox 2250 1430 2459 1508; x_wconf 82' lang='grc' dir='ltr'>ἁγνήν..</span> <span class='ocrx_word' id='word_1_275' title='bbox 2504 1432 2707 1508; x_wconf 68' lang='lat' dir='ltr'>Mic-qv,</span> <span class='ocrx_word' id='word_1_276' title='bbox 2744 1430 2966 1512; x_wconf 82' lang='grc' dir='ltr'>ἄρρητον</span> <span class='ocrx_word' id='word_1_277' title='bbox 3004 1429 3254 1490; x_wconf 76' lang='grc' dir='ltr'>ἄνασσαν.</span> <span class='ocrx_word' id='word_1_278' title='bbox 3295 1431 3441 1490; x_wconf 81' lang='lat' dir='ltr'>Ean·</span> 
     </span>
     <span class='ocr_line' id='line_1_42' title="bbox 1890 1518 3439 1597; baseline 0.001 -23"><span class='ocrx_word' id='word_1_279' title='bbox 1890 1519 2019 1575; x_wconf 90' lang='lat' dir='ltr'>dem</span> <span class='ocrx_word' id='word_1_280' title='bbox 2034 1562 2052 1594; x_wconf 81' lang='lat'>‚</span> <span class='ocrx_word' id='word_1_281' title='bbox 2072 1532 2214 1594; x_wconf 89' lang='lat' dir='ltr'>puto</span> <span class='ocrx_word' id='word_1_282' title='bbox 2229 1563 2244 1591; x_wconf 92' lang='lat'><strong>,</strong></span> <span class='ocrx_word' id='word_1_283' title='bbox 2271 1519 2603 1597; x_wconf 81' lang='lat' dir='ltr'>significavit</span> <span class='ocrx_word' id='word_1_284' title='bbox 2627 1523 2824 1578; x_wconf 86' lang='lat' dir='ltr'>Suidas</span> <span class='ocrx_word' id='word_1_285' title='bbox 2849 1521 3034 1577; x_wconf 77' lang='lat' dir='ltr'>verbis</span> <span class='ocrx_word' id='word_1_286' title='bbox 3058 1540 3071 1576; x_wconf 89' lang='lat'>:</span> <span class='ocrx_word' id='word_1_287' title='bbox 3100 1518 3286 1594; x_wconf 76' lang='grc' dir='ltr'>Μίσις,</span> <span class='ocrx_word' id='word_1_288' title='bbox 3308 1520 3407 1586; x_wconf 80' lang='grc' dir='ltr'>ιδος</span> <span class='ocrx_word' id='word_1_289' title='bbox 3422 1564 3439 1596; x_wconf 86' lang='lat'>,</span> 
     </span>
     <span class='ocr_line' id='line_1_43' title="bbox 1886 1606 3441 1682; baseline 0.001 -21"><span class='ocrx_word' id='word_1_290' title='bbox 1886 1625 2003 1662; x_wconf 87' lang='lat' dir='ltr'>non</span> <span class='ocrx_word' id='word_1_291' title='bbox 2040 1608 2230 1664; x_wconf 87' lang='lat' dir='ltr'>addita</span> <span class='ocrx_word' id='word_1_292' title='bbox 2269 1609 2663 1682; x_wconf 81' lang='lat' dir='ltr'>explicatione.</span> <span class='ocrx_word' id='word_1_293' title='bbox 2703 1610 2962 1682; x_wconf 87' lang='lat' dir='ltr'>Denique</span> <span class='ocrx_word' id='word_1_294' title='bbox 2994 1608 3238 1681; x_wconf 82' lang='lat' dir='ltr'>Hesych.</span> <span class='ocrx_word' id='word_1_295' title='bbox 3287 1606 3441 1667; x_wconf 81' lang='grc' dir='ltr'>Μίσα</span> 
     </span>
     <span class='ocr_line' id='line_1_44' title="bbox 1888 1692 3443 1772; baseline 0.001 -23"><span class='ocrx_word' id='word_1_296' title='bbox 1888 1714 1983 1758; x_wconf 85' lang='grc' dir='ltr'>τις.</span> <span class='ocrx_word' id='word_1_297' title='bbox 2003 1692 2179 1765; x_wconf 76' lang='grc' dir='ltr'>Μίσης</span> <span class='ocrx_word' id='word_1_298' title='bbox 2203 1695 2274 1771; x_wconf 92' lang='lat' dir='ltr'>(l.</span> <span class='ocrx_word' id='word_1_299' title='bbox 2299 1693 2448 1764; x_wconf 85' lang='grc' dir='ltr'>Μίση</span> <span class='ocrx_word' id='word_1_300' title='bbox 2464 1697 2480 1772; x_wconf 96' lang='grc'><strong>)</strong></span> <span class='ocrx_word' id='word_1_301' title='bbox 2497 1739 2515 1769; x_wconf 83' lang='lat'>‚</span> <span class='ocrx_word' id='word_1_302' title='bbox 2533 1697 2634 1752; x_wconf 87' lang='grc' dir='ltr'>τῶν</span> <span class='ocrx_word' id='word_1_303' title='bbox 2654 1694 2773 1772; x_wconf 78' lang='grc' dir='ltr'>περὶ</span> <span class='ocrx_word' id='word_1_304' title='bbox 2794 1693 2888 1764; x_wconf 77' lang='grc' dir='ltr'>τὴν</span> <span class='ocrx_word' id='word_1_305' title='bbox 2910 1692 3112 1772; x_wconf 81' lang='grc' dir='ltr'>μητέρα</span> <span class='ocrx_word' id='word_1_306' title='bbox 3134 1717 3237 1764; x_wconf 85' lang='grc' dir='ltr'>τις,</span> <span class='ocrx_word' id='word_1_307' title='bbox 3259 1693 3324 1764; x_wconf 86' lang='grc' dir='ltr'>ἣν</span> <span class='ocrx_word' id='word_1_308' title='bbox 3353 1693 3443 1752; x_wconf 78' lang='grc' dir='ltr'>καὶ</span> 
     </span>
     <span class='ocr_line' id='line_1_45' title="bbox 1886 1777 3444 1858; baseline 0.001 -22"><span class='ocrx_word' id='word_1_309' title='bbox 1886 1777 2181 1855; x_wconf 82' lang='grc' dir='ltr'>ὀμνύουσιν.</span> <span class='ocrx_word' id='word_1_310' title='bbox 2202 1813 2282 1827; x_wconf 90' lang='lat'>—-</span> <span class='ocrx_word' id='word_1_311' title='bbox 2301 1785 2424 1839; x_wconf 86' lang='lat' dir='ltr'>Jam</span> <span class='ocrx_word' id='word_1_312' title='bbox 2454 1803 2630 1858; x_wconf 86' lang='lat' dir='ltr'>quum</span> <span class='ocrx_word' id='word_1_313' title='bbox 2648 1783 2788 1838; x_wconf 84' lang='lat' dir='ltr'>nihil</span> <span class='ocrx_word' id='word_1_314' title='bbox 2817 1783 3164 1857; x_wconf 77' lang='lat' dir='ltr'>frequentius</span> <span class='ocrx_word' id='word_1_315' title='bbox 3186 1785 3256 1838; x_wconf 89' lang='lat' dir='ltr'>sit</span> <span class='ocrx_word' id='word_1_316' title='bbox 3275 1802 3444 1857; x_wconf 86' lang='lat' dir='ltr'>quam</span> 
     </span>
     <span class='ocr_line' id='line_1_46' title="bbox 1887 1869 3444 1945; baseline 0.001 -21"><span class='ocrx_word' id='word_1_317' title='bbox 1887 1879 1951 1924; x_wconf 88' lang='lat' dir='ltr'>ut</span> <span class='ocrx_word' id='word_1_318' title='bbox 1983 1882 2220 1945; x_wconf 87' lang='lat' dir='ltr'>cognata</span> <span class='ocrx_word' id='word_1_319' title='bbox 2247 1882 2447 1927; x_wconf 88' lang='lat' dir='ltr'>natura</span> <span class='ocrx_word' id='word_1_320' title='bbox 2473 1889 2571 1926; x_wconf 81' lang='lat' dir='ltr'>sua</span> <span class='ocrx_word' id='word_1_321' title='bbox 2606 1873 2720 1926; x_wconf 82' lang='lat' dir='ltr'>sive</span> <span class='ocrx_word' id='word_1_322' title='bbox 2761 1871 2917 1925; x_wconf 88' lang='lat' dir='ltr'>cultu</span> <span class='ocrx_word' id='word_1_323' title='bbox 2957 1869 3260 1925; x_wconf 84' lang='lat' dir='ltr'>con&#39;uncta</span> <span class='ocrx_word' id='word_1_324' title='bbox 3281 1870 3444 1942; x_wconf 81' lang='lat' dir='ltr'>juxta</span> 
     </span>
     <span class='ocr_line' id='line_1_47' title="bbox 1886 1957 3439 2031; baseline 0 -20"><span class='ocrx_word' id='word_1_325' title='bbox 1886 1967 2175 2028; x_wconf 85' lang='lat' dir='ltr'>ponantur</span> <span class='ocrx_word' id='word_1_326' title='bbox 2204 1959 2646 2031; x_wconf 83' lang='lat' dir='ltr'>genealogorum</span> <span class='ocrx_word' id='word_1_327' title='bbox 2686 1957 2891 2030; x_wconf 63' lang='lat' dir='ltr'>operzi,</span> <span class='ocrx_word' id='word_1_328' title='bbox 2920 1976 3035 2011; x_wconf 88' lang='lat' dir='ltr'>non</span> <span class='ocrx_word' id='word_1_329' title='bbox 3106 1958 3264 2011; x_wconf 88' lang='lat' dir='ltr'>ubito</span> <span class='ocrx_word' id='word_1_330' title='bbox 3300 1959 3439 2031; x_wconf 87' lang='lat' dir='ltr'>quin</span> 
     </span>
     <span class='ocr_line' id='line_1_48' title="bbox 1889 2041 3443 2118; baseline 0.001 -21"><span class='ocrx_word' id='word_1_331' title='bbox 1889 2043 2042 2117; x_wconf 90' lang='lat' dir='ltr'>apud</span> <span class='ocrx_word' id='word_1_332' title='bbox 2075 2046 2580 2118; x_wconf 86' lang='lat' dir='ltr'>Harpocrationem</span> <span class='ocrx_word' id='word_1_333' title='bbox 2618 2063 2727 2117; x_wconf 88' lang='lat' dir='ltr'>pro</span> <span class='ocrx_word' id='word_1_334' title='bbox 2767 2041 2935 2101; x_wconf 77' lang='grc' dir='ltr'>Νίσαν</span> <span class='ocrx_word' id='word_1_335' title='bbox 2983 2044 3342 2099; x_wconf 84' lang='lat' dir='ltr'>scribendum</span> <span class='ocrx_word' id='word_1_336' title='bbox 3374 2045 3443 2099; x_wconf 87' lang='lat' dir='ltr'>sit</span> 
     </span>
     <span class='ocr_line' id='line_1_49' title="bbox 1890 2127 3444 2205; baseline -0.002 -17"><span class='ocrx_word' id='word_1_337' title='bbox 1890 2127 2068 2188; x_wconf 78' lang='grc' dir='ltr'>Μίσαν</span> <span class='ocrx_word' id='word_1_338' title='bbox 2103 2133 2186 2187; x_wconf 83' lang='lat' dir='ltr'>vel</span> <span class='ocrx_word' id='word_1_339' title='bbox 2227 2128 2438 2202; x_wconf 86' lang='grc' dir='ltr'>Μίσην,</span> <span class='ocrx_word' id='word_1_340' title='bbox 2480 2133 2727 2205; x_wconf 86' lang='lat' dir='ltr'>itemque</span> <span class='ocrx_word' id='word_1_341' title='bbox 2760 2130 2986 2187; x_wconf 85' lang='lat' dir='ltr'>sortasse</span> <span class='ocrx_word' id='word_1_342' title='bbox 3011 2131 3164 2203; x_wconf 84' lang='lat' dir='ltr'>apud</span> <span class='ocrx_word' id='word_1_343' title='bbox 3202 2132 3444 2186; x_wconf 84' lang='lat' dir='ltr'>Antoni·-</span> 
     </span>
     <span class='ocr_line' id='line_1_50' title="bbox 1889 2220 2161 2273; baseline 0 0"><span class='ocrx_word' id='word_1_344' title='bbox 1889 2237 2026 2273; x_wconf 89' lang='lat' dir='ltr'>num</span> <span class='ocrx_word' id='word_1_345' title='bbox 2051 2220 2088 2273; x_wconf 87' lang='grc'>1.</span> <span class='ocrx_word' id='word_1_346' title='bbox 2123 2220 2161 2273; x_wconf 91' lang='grc'>1.</span> 
     </span>
    </p>
   </div>
   <div class='ocr_carea' id='block_1_9' title="bbox 2301 2355 3037 2413">
    <p class='ocr_par' dir='ltr' id='par_1_11' title="bbox 2301 2355 3037 2413">
     <span class='ocr_line' id='line_1_51' title="bbox 2301 2355 3037 2413; baseline 0.001 -2"><span class='ocrx_word' id='word_1_347' title='bbox 2301 2358 2400 2412; x_wconf 86' lang='lat' dir='ltr'>EX</span> <span class='ocrx_word' id='word_1_348' title='bbox 2439 2355 2660 2412; x_wconf 82' lang='lat' dir='ltr'>LIBRO</span> <span class='ocrx_word' id='word_1_349' title='bbox 2704 2356 3037 2413; x_wconf 81' lang='lat' dir='ltr'>INCERTO.</span> 
     </span>
    </p>
   </div>
   <div class='ocr_carea' id='block_1_10' title="bbox 2638 2500 2693 2558">
    <p class='ocr_par' dir='ltr' id='par_1_12' title="bbox 2638 2500 2693 2558">
     <span class='ocr_line' id='line_1_52' title="bbox 2638 2500 2693 2558; baseline 0 -10"><span class='ocrx_word' id='word_1_350' title='bbox 2638 2500 2693 2558; x_wconf 70' lang='grc' dir='ltr'>ί..</span> 
     </span>
    </p>
   </div>
   <div class='ocr_carea' id='block_1_11' title="bbox 1889 2624 3460 3140">
    <p class='ocr_par' dir='ltr' id='par_1_13' title="bbox 1889 2624 3460 3140">
     <span class='ocr_line' id='line_1_53' title="bbox 1970 2624 3446 2706; baseline 0 -23"><span class='ocrx_word' id='word_1_351' title='bbox 1970 2628 2172 2684; x_wconf 86' lang='lat' dir='ltr'>Strabo</span> <span class='ocrx_word' id='word_1_352' title='bbox 2200 2629 2344 2700; x_wconf 86' lang='lat' dir='ltr'>XII,</span> <span class='ocrx_word' id='word_1_353' title='bbox 2363 2648 2427 2702; x_wconf 89' lang='lat' dir='ltr'>p.</span> <span class='ocrx_word' id='word_1_354' title='bbox 2458 2627 2570 2685; x_wconf 83' lang='lat'>550</span> <span class='ocrx_word' id='word_1_355' title='bbox 2609 2649 2622 2684; x_wconf 80' lang='lat' dir='ltr'>t</span> <span class='ocrx_word' id='word_1_356' title='bbox 2666 2626 2734 2688; x_wconf 86' lang='lat' dir='ltr'>‘O</span> <span class='ocrx_word' id='word_1_357' title='bbox 2757 2628 2810 2686; x_wconf 81' lang='grc' dir='ltr'>δὲ</span> <span class='ocrx_word' id='word_1_358' title='bbox 2833 2624 3175 2706; x_wconf 75' lang='grc' dir='ltr'>Παλαίφατός</span> <span class='ocrx_word' id='word_1_359' title='bbox 3212 2648 3368 2704; x_wconf 84' lang='grc' dir='ltr'>φησιν</span> <span class='ocrx_word' id='word_1_360' title='bbox 3392 2624 3446 2694; x_wconf 67' lang='grc' dir='ltr'>ἐξ</span> 
     </span>
     <span class='ocr_line' id='line_1_54' title="bbox 1892 2711 3444 2794; baseline 0 -23"><span class='ocrx_word' id='word_1_361' title='bbox 1892 2711 2187 2789; x_wconf 84' lang='grc' dir='ltr'>Ἀμαζόνων</span> <span class='ocrx_word' id='word_1_362' title='bbox 2213 2716 2317 2771; x_wconf 88' lang='grc' dir='ltr'>τῶν</span> <span class='ocrx_word' id='word_1_363' title='bbox 2345 2717 2399 2772; x_wconf 74' lang='grc' dir='ltr'>ἐν</span> <span class='ocrx_word' id='word_1_364' title='bbox 2425 2719 2491 2794; x_wconf 82' lang='grc' dir='ltr'>τῇ</span> <span class='ocrx_word' id='word_1_365' title='bbox 2521 2713 2714 2791; x_wconf 81' lang='grc' dir='ltr'>Ἀλόπῃ</span> <span class='ocrx_word' id='word_1_366' title='bbox 2735 2713 3040 2788; x_wconf 81' lang='grc' dir='ltr'>οἰκούντων,</span> <span class='ocrx_word' id='word_1_367' title='bbox 3075 2720 3164 2772; x_wconf 73' lang='grc' dir='ltr'>νῦν</span> <span class='ocrx_word' id='word_1_368' title='bbox 3189 2713 3234 2772; x_wconf 83' lang='grc' dir='ltr'>δ’</span> <span class='ocrx_word' id='word_1_369' title='bbox 3263 2717 3318 2774; x_wconf 78' lang='grc' dir='ltr'>ἒν</span> <span class='ocrx_word' id='word_1_370' title='bbox 3341 2716 3444 2773; x_wconf 75' lang='grc' dir='ltr'>Ζε-</span> 
     </span>
     <span class='ocr_line' id='line_1_55' title="bbox 1889 2798 3444 2883; baseline -0.001 -25"><span class='ocrx_word' id='word_1_371' title='bbox 1889 2798 2003 2879; x_wconf 76' lang='grc' dir='ltr'>λείᾳ</span> <span class='ocrx_word' id='word_1_372' title='bbox 2019 2847 2033 2870; x_wconf 87' lang='grc'><em>,</em></span> <span class='ocrx_word' id='word_1_373' title='bbox 2055 2799 2141 2857; x_wconf 82' lang='grc' dir='ltr'>τὸν</span> <span class='ocrx_word' id='word_1_374' title='bbox 2167 2799 2347 2861; x_wconf 82' lang='grc' dir='ltr'>Ὀδίον</span> <span class='ocrx_word' id='word_1_375' title='bbox 2376 2801 2467 2859; x_wconf 78' lang='grc' dir='ltr'>καὶ</span> <span class='ocrx_word' id='word_1_376' title='bbox 2489 2801 2943 2883; x_wconf 79' lang='grc' dir='ltr'>τὸν”Επίστροφον</span> <span class='ocrx_word' id='word_1_377' title='bbox 2962 2805 3292 2880; x_wconf 76' lang='grc' dir='ltr'>στρατεῦσαι.</span> <span class='ocrx_word' id='word_1_378' title='bbox 3321 2805 3444 2858; x_wconf 79' lang='lat' dir='ltr'>Ple-</span> 
     </span>
     <span class='ocr_line' id='line_1_56' title="bbox 1891 2889 3447 2947; baseline 0.001 -3"><span class='ocrx_word' id='word_1_379' title='bbox 1891 2891 2018 2944; x_wconf 88' lang='lat' dir='ltr'>nius</span> <span class='ocrx_word' id='word_1_380' title='bbox 2036 2890 2187 2945; x_wconf 87' lang='lat' dir='ltr'>lmnc</span> <span class='ocrx_word' id='word_1_381' title='bbox 2215 2891 2402 2947; x_wconf 87' lang='lat' dir='ltr'>locum</span> <span class='ocrx_word' id='word_1_382' title='bbox 2425 2892 2812 2947; x_wconf 81' lang='lat' dir='ltr'>exhibebimus</span> <span class='ocrx_word' id='word_1_383' title='bbox 2830 2893 2885 2946; x_wconf 91' lang='lat' dir='ltr'>in</span> <span class='ocrx_word' id='word_1_384' title='bbox 2905 2891 3234 2946; x_wconf 79' lang='lat' dir='ltr'>Menecratis</span> <span class='ocrx_word' id='word_1_385' title='bbox 3258 2889 3447 2945; x_wconf 80' lang='lat' dir='ltr'>Elaitae</span> 
     </span>
     <span class='ocr_line' id='line_1_57' title="bbox 1892 2977 3460 3052; baseline -0.001 -21"><span class='ocrx_word' id='word_1_386' title='bbox 1892 2979 1961 3036; x_wconf 81' lang='lat' dir='ltr'>fr.</span> <span class='ocrx_word' id='word_1_387' title='bbox 1993 2995 2048 3035; x_wconf 82' lang='lat'>2.</span> <span class='ocrx_word' id='word_1_388' title='bbox 2076 2978 2337 3034; x_wconf 87' lang='lat' dir='ltr'>Ceterum</span> <span class='ocrx_word' id='word_1_389' title='bbox 2370 2979 2526 3035; x_wconf 85' lang='lat' dir='ltr'>vides</span> <span class='ocrx_word' id='word_1_390' title='bbox 2551 2981 2753 3035; x_wconf 87' lang='lat' dir='ltr'>Troica</span> <span class='ocrx_word' id='word_1_391' title='bbox 2784 2979 3083 3052; x_wconf 80' lang='lat' dir='ltr'>Palaephati</span> <span class='ocrx_word' id='word_1_392' title='bbox 3109 2977 3460 3052; x_wconf 88' lang='lat' dir='ltr'>peramplum</span> 
     </span>
     <span class='ocr_line' id='line_1_58' title="bbox 1893 3065 3442 3140; baseline 0.002 -22"><span class='ocrx_word' id='word_1_393' title='bbox 1893 3083 2035 3138; x_wconf 89' lang='lat' dir='ltr'>opus</span> <span class='ocrx_word' id='word_1_394' title='bbox 2081 3065 2243 3121; x_wconf 85' lang='lat' dir='ltr'>fuisse</span> <span class='ocrx_word' id='word_1_395' title='bbox 2292 3067 2640 3140; x_wconf 87' lang='lat' dir='ltr'>plenumque</span> <span class='ocrx_word' id='word_1_396' title='bbox 2689 3065 3025 3121; x_wconf 80' lang='lat' dir='ltr'>eruditionis</span> <span class='ocrx_word' id='word_1_397' title='bbox 3067 3065 3442 3139; x_wconf 83' lang='lat' dir='ltr'>periegeticae.</span> 
     </span>
    </p>
   </div>
   <div class='ocr_carea' id='block_1_12' title="bbox 247 3148 3450 3499">
    <p class='ocr_par' dir='ltr' id='par_1_14' title="bbox 247 3148 3450 3499">
     <span class='ocr_line' id='line_1_59' title="bbox 247 3148 3450 3231; baseline -0.002 -19"><span class='ocrx_word' id='word_1_398' title='bbox 247 3151 347 3224; x_wconf 79' lang='grc' dir='ltr'>τὴν</span> <span class='ocrx_word' id='word_1_399' title='bbox 383 3149 538 3227; x_wconf 81' lang='grc' dir='ltr'>Δηὼ,</span> <span class='ocrx_word' id='word_1_400' title='bbox 565 3151 734 3231; x_wconf 78' lang='grc' dir='ltr'>ὀρέγει</span> <span class='ocrx_word' id='word_1_401' title='bbox 773 3154 1006 3210; x_wconf 76' lang='grc' dir='ltr'>κυκεῶνα</span> <span class='ocrx_word' id='word_1_402' title='bbox 1047 3154 1177 3229; x_wconf 83' lang='grc' dir='ltr'>αὐτῇ</span> <span class='ocrx_word' id='word_1_403' title='bbox 1222 3152 1336 3211; x_wconf 88' lang='grc' dir='ltr'>κτλ.</span> <span class='ocrx_word' id='word_1_404' title='bbox 1373 3152 1583 3208; x_wconf 89' lang='lat' dir='ltr'>Eadem</span> <span class='ocrx_word' id='word_1_405' title='bbox 1624 3148 1804 3208; x_wconf 76' lang='lat' dir='ltr'>Arno·</span> <span class='ocrx_word' id='word_1_406' title='bbox 1894 3154 1977 3207; x_wconf 74' lang='lat' dir='ltr'>Ex</span> <span class='ocrx_word' id='word_1_407' title='bbox 2023 3152 2346 3226; x_wconf 79' lang='lat' dir='ltr'>fragmentis</span> <span class='ocrx_word' id='word_1_408' title='bbox 2385 3154 2538 3209; x_wconf 86' lang='lat' dir='ltr'>hisce</span> <span class='ocrx_word' id='word_1_409' title='bbox 2570 3172 2716 3209; x_wconf 87' lang='lat' dir='ltr'>unus</span> <span class='ocrx_word' id='word_1_410' title='bbox 2751 3154 2907 3209; x_wconf 83' lang='lat' dir='ltr'>locus</span> <span class='ocrx_word' id='word_1_411' title='bbox 2945 3153 3020 3209; x_wconf 87' lang='lat' dir='ltr'>ad</span> <span class='ocrx_word' id='word_1_412' title='bbox 3059 3172 3149 3209; x_wconf 85' lang='lat' dir='ltr'>res</span> <span class='ocrx_word' id='word_1_413' title='bbox 3183 3152 3450 3225; x_wconf 86' lang='lat' dir='ltr'>Trojanas</span> 
     </span>
     <span class='ocr_line' id='line_1_60' title="bbox 247 3240 3447 3315; baseline -0.002 -16"><span class='ocrx_word' id='word_1_414' title='bbox 247 3243 379 3299; x_wconf 82' lang='lat' dir='ltr'>hius</span> <span class='ocrx_word' id='word_1_415' title='bbox 409 3242 556 3299; x_wconf 84' lang='lat' dir='ltr'>Adv.</span> <span class='ocrx_word' id='word_1_416' title='bbox 581 3242 744 3299; x_wconf 87' lang='lat' dir='ltr'>Gent.</span> <span class='ocrx_word' id='word_1_417' title='bbox 779 3244 825 3297; x_wconf 90' lang='lat' dir='ltr'>V</span> <span class='ocrx_word' id='word_1_418' title='bbox 842 3283 858 3313; x_wconf 83' lang='lat'>,</span> <span class='ocrx_word' id='word_1_419' title='bbox 897 3260 955 3314; x_wconf 92' lang='lat' dir='ltr'>p.</span> <span class='ocrx_word' id='word_1_420' title='bbox 994 3240 1117 3310; x_wconf 79' lang='lat'>175.</span> <span class='ocrx_word' id='word_1_421' title='bbox 1147 3241 1272 3295; x_wconf 84' lang='lat' dir='ltr'>Alia</span> <span class='ocrx_word' id='word_1_422' title='bbox 1294 3249 1460 3314; x_wconf 88' lang='lat' dir='ltr'>atque</span> <span class='ocrx_word' id='word_1_423' title='bbox 1481 3241 1643 3313; x_wconf 88' lang='lat' dir='ltr'>plura</span> <span class='ocrx_word' id='word_1_424' title='bbox 1673 3241 1803 3297; x_wconf 84' lang='lat' dir='ltr'>vide</span> <span class='ocrx_word' id='word_1_425' title='bbox 1890 3241 2128 3314; x_wconf 83' lang='lat' dir='ltr'>propius</span> <span class='ocrx_word' id='word_1_426' title='bbox 2149 3242 2365 3298; x_wconf 85' lang='lat' dir='ltr'>attinet.</span> <span class='ocrx_word' id='word_1_427' title='bbox 2387 3244 2589 3297; x_wconf 89' lang='lat' dir='ltr'>Totum</span> <span class='ocrx_word' id='word_1_428' title='bbox 2611 3260 2746 3297; x_wconf 80' lang='lat' dir='ltr'>vero</span> <span class='ocrx_word' id='word_1_429' title='bbox 2773 3260 2916 3315; x_wconf 88' lang='lat' dir='ltr'>opus</span> <span class='ocrx_word' id='word_1_430' title='bbox 2935 3243 3045 3297; x_wconf 83' lang='lat' dir='ltr'>tale</span> <span class='ocrx_word' id='word_1_431' title='bbox 3065 3242 3182 3296; x_wconf 82' lang='lat' dir='ltr'>sere</span> <span class='ocrx_word' id='word_1_432' title='bbox 3201 3241 3447 3315; x_wconf 82' lang='lat' dir='ltr'>cogitare</span> 
     </span>
     <span class='ocr_line' id='line_1_61' title="bbox 250 3324 3445 3406; baseline -0.001 -22"><span class='ocrx_word' id='word_1_433' title='bbox 250 3348 347 3402; x_wconf 90' lang='lat' dir='ltr'>ap.</span> <span class='ocrx_word' id='word_1_434' title='bbox 379 3330 704 3384; x_wconf 82' lang='lat' dir='ltr'>Pausaniam</span> <span class='ocrx_word' id='word_1_435' title='bbox 723 3329 783 3399; x_wconf 90' lang='lat'>1,</span> <span class='ocrx_word' id='word_1_436' title='bbox 812 3333 878 3392; x_wconf 71' lang='lat'>14</span> <span class='ocrx_word' id='word_1_437' title='bbox 898 3369 914 3397; x_wconf 94' lang='lat'><strong><em>‚</em></strong></span> <span class='ocrx_word' id='word_1_438' title='bbox 944 3346 976 3382; x_wconf 74' lang='lat' dir='ltr'>a</span> <span class='ocrx_word' id='word_1_439' title='bbox 999 3337 1055 3382; x_wconf 90' lang='lat' dir='ltr'>et</span> <span class='ocrx_word' id='word_1_440' title='bbox 1082 3329 1166 3395; x_wconf 85' lang='grc' dir='ltr'>ΙΙ,</span> <span class='ocrx_word' id='word_1_441' title='bbox 1199 3333 1261 3391; x_wconf 76' lang='grc'>14</span> <span class='ocrx_word' id='word_1_442' title='bbox 1280 3370 1296 3400; x_wconf 86' lang='lat'><em>‚</em></span> <span class='ocrx_word' id='word_1_443' title='bbox 1324 3346 1379 3381; x_wconf 71' lang='grc' dir='ltr'>α.</span> <span class='ocrx_word' id='word_1_444' title='bbox 1405 3324 1675 3384; x_wconf 85' lang='grc' dir='ltr'>Δυσαύλου</span> <span class='ocrx_word' id='word_1_445' title='bbox 1699 3347 1805 3383; x_wconf 76' lang='lat' dir='ltr'>no·</span> <span class='ocrx_word' id='word_1_446' title='bbox 1892 3328 2189 3397; x_wconf 86' lang='lat' dir='ltr'>debemus,</span> <span class='ocrx_word' id='word_1_447' title='bbox 2212 3329 2375 3401; x_wconf 83' lang='lat' dir='ltr'>quale</span> <span class='ocrx_word' id='word_1_448' title='bbox 2397 3329 2502 3383; x_wconf 84' lang='lat' dir='ltr'>fuit</span> <span class='ocrx_word' id='word_1_449' title='bbox 2529 3331 2557 3385; x_wconf 83' lang='grc' dir='ltr'>ὁ</span> <span class='ocrx_word' id='word_1_450' title='bbox 2577 3324 2813 3406; x_wconf 81' lang='grc' dir='ltr'>Τρωικὸς</span> <span class='ocrx_word' id='word_1_451' title='bbox 2832 3326 3113 3401; x_wconf 68' lang='grc' dir='ltr'>διάκοσμος</span> <span class='ocrx_word' id='word_1_452' title='bbox 3144 3328 3445 3384; x_wconf 84' lang='lat' dir='ltr'>doctissimi</span> 
     </span>
     <span class='ocr_line' id='line_1_62' title="bbox 250 3390 3424 3499; baseline -0.001 -27"><span class='ocrx_word' id='word_1_453' title='bbox 250 3435 382 3472; x_wconf 88' lang='lat' dir='ltr'>men</span> <span class='ocrx_word' id='word_1_454' title='bbox 401 3419 756 3472; x_wconf 77' lang='lat' dir='ltr'>Ber-mannus</span> <span class='ocrx_word' id='word_1_455' title='bbox 773 3417 1025 3489; x_wconf 85' lang='lat' dir='ltr'>reposuit</span> <span class='ocrx_word' id='word_1_456' title='bbox 1052 3417 1112 3470; x_wconf 88' lang='lat' dir='ltr'>in</span> <span class='ocrx_word' id='word_1_457' title='bbox 1133 3416 1365 3488; x_wconf 86' lang='lat' dir='ltr'>Orphic.</span> <span class='ocrx_word' id='word_1_458' title='bbox 1396 3417 1463 3473; x_wconf 86' lang='grc' dir='ltr'>Η.</span> <span class='ocrx_word' id='word_1_459' title='bbox 1507 3421 1597 3477; x_wconf 72' lang='lat'>40.</span> <span class='ocrx_word' id='word_1_460' title='bbox 1635 3416 1802 3471; x_wconf 86' lang='lat' dir='ltr'>Cete-</span> <span class='ocrx_word' id='word_1_461' title='bbox 1844 3390 1854 3481; x_wconf 82' lang='grc' dir='ltr'>Ι</span> <span class='ocrx_word' id='word_1_462' title='bbox 1896 3417 2168 3471; x_wconf 89' lang='lat' dir='ltr'>Demetrii</span> <span class='ocrx_word' id='word_1_463' title='bbox 2189 3417 2417 3499; x_wconf 68' lang='lat' dir='ltr'>Scepsii.</span> <span class='ocrx_word' id='word_1_464' title='bbox 2496 3474 2506 3485; x_wconf 59' lang='lat'><strong>,</strong></span> <span class='ocrx_word' id='word_1_465' title='bbox 3417 3430 3424 3435; x_wconf 81' lang='grc'><em>·</em></span> 
     </span>
    </p>
   </div>
   <div class='ocr_carea' id='block_1_13' title="bbox 254 3587 1803 4130">
    <p class='ocr_par' dir='ltr' id='par_1_15' title="bbox 254 3587 1803 3888">
     <span class='ocr_line' id='line_1_63' title="bbox 316 3587 1803 3731; baseline -0.004 -12"><span class='ocrx_word' id='word_1_466' title='bbox 316 3668 619 3731; x_wconf 68' lang='lat' dir='ltr'>Paloephatus</span> <span class='ocrx_word' id='word_1_467' title='bbox 655 3668 775 3718; x_wconf 79' lang='lat' dir='ltr'>libro</span> <span class='ocrx_word' id='word_1_468' title='bbox 800 3587 1315 3731; x_wconf 47' lang='lat' dir='ltr'>septimozffroieorum</span> <span class='ocrx_word' id='word_1_469' title='bbox 1334 3666 1452 3715; x_wconf 85' lang='lat' dir='ltr'>dicit</span> <span class='ocrx_word' id='word_1_470' title='bbox 1476 3666 1526 3715; x_wconf 90' lang='lat' dir='ltr'>in</span> <span class='ocrx_word' id='word_1_471' title='bbox 1545 3664 1693 3726; x_wconf 75' lang='lat' dir='ltr'>Libya</span> <span class='ocrx_word' id='word_1_472' title='bbox 1713 3665 1731 3726; x_wconf 94' lang='lat'>(</span> <span class='ocrx_word' id='word_1_473' title='bbox 1750 3667 1803 3713; x_wconf 82' lang='lat' dir='ltr'>in</span> 
     </span>
     <span class='ocr_line' id='line_1_64' title="bbox 254 3745 1800 3812; baseline -0.004 -14"><span class='ocrx_word' id='word_1_474' title='bbox 254 3749 637 3812; x_wconf 72' lang='lat' dir='ltr'>Libystinorum</span> <span class='ocrx_word' id='word_1_475' title='bbox 662 3748 892 3810; x_wconf 74' lang='lat' dir='ltr'>reqione)</span> <span class='ocrx_word' id='word_1_476' title='bbox 919 3760 1063 3810; x_wconf 78' lang='lat' dir='ltr'>supra</span> <span class='ocrx_word' id='word_1_477' title='bbox 1096 3747 1302 3797; x_wconf 78' lang='lat' dir='ltr'>colchos</span> <span class='ocrx_word' id='word_1_478' title='bbox 1319 3746 1537 3796; x_wconf 77' lang='lat' dir='ltr'>habitare</span> <span class='ocrx_word' id='word_1_479' title='bbox 1555 3745 1800 3793; x_wconf 75' lang='lat' dir='ltr'>Macroce-</span> 
     </span>
     <span class='ocr_line' id='line_1_65' title="bbox 255 3826 440 3888; baseline 0.011 -15"><span class='ocrx_word' id='word_1_480' title='bbox 255 3826 440 3888; x_wconf 73' lang='lat' dir='ltr'>pimios.</span> 
     </span>
    </p>

    <p class='ocr_par' dir='ltr' id='par_1_16' title="bbox 256 3907 1803 4130">
     <span class='ocr_line' id='line_1_66' title="bbox 319 3907 1803 4052; baseline -0.005 -14"><span class='ocrx_word' id='word_1_481' title='bbox 319 3989 617 4052; x_wconf 63' lang='lat' dir='ltr'>Palaephatus</span> <span class='ocrx_word' id='word_1_482' title='bbox 652 3988 934 4037; x_wconf 75' lang='lat' dir='ltr'>&#39;stoicorum</span> <span class='ocrx_word' id='word_1_483' title='bbox 975 3907 1098 4036; x_wconf 54' lang='lat' dir='ltr'>uiissro</span> <span class='ocrx_word' id='word_1_484' title='bbox 1118 4000 1245 4036; x_wconf 90' lang='lat' dir='ltr'>nono</span> <span class='ocrx_word' id='word_1_485' title='bbox 1279 3986 1396 4034; x_wconf 83' lang='lat' dir='ltr'>dicit</span> <span class='ocrx_word' id='word_1_486' title='bbox 1427 3984 1663 4047; x_wconf 80' lang='lat' dir='ltr'>Dysaulen</span> <span class='ocrx_word' id='word_1_487' title='bbox 1691 3996 1803 4032; x_wconf 82' lang='lat' dir='ltr'>cum</span> 
     </span>
     <span class='ocr_line' id='line_1_67' title="bbox 256 4066 1262 4130; baseline -0.004 -12"><span class='ocrx_word' id='word_1_488' title='bbox 256 4081 410 4118; x_wconf 73' lang='lat' dir='ltr'>uxore</span> <span class='ocrx_word' id='word_1_489' title='bbox 430 4081 516 4118; x_wconf 77' lang='lat' dir='ltr'>sua</span> <span class='ocrx_word' id='word_1_490' title='bbox 537 4070 757 4119; x_wconf 78' lang='lat' dir='ltr'>cererem</span> <span class='ocrx_word' id='word_1_491' title='bbox 778 4067 984 4130; x_wconf 79' lang='lat' dir='ltr'>hospitio</span> <span class='ocrx_word' id='word_1_492' title='bbox 1005 4066 1262 4128; x_wconf 77' lang='lat' dir='ltr'>excepisse.</span> 
     </span>
    </p>
   </div>
   <div class='ocr_carea' id='block_1_14' title="bbox 2643 3587 2695 3636">
    <p class='ocr_par' dir='ltr' id='par_1_17' title="bbox 2643 3587 2695 3636">
     <span class='ocr_line' id='line_1_68' title="bbox 2643 3587 2695 3636; baseline 0 0"><span class='ocrx_word' id='word_1_493' title='bbox 2643 3587 2695 3636; x_wconf 76' lang='lat'>4.</span> 
     </span>
    </p>
   </div>
   <div class='ocr_carea' id='block_1_15' title="bbox 1897 3692 3450 3909">
    <p class='ocr_par' dir='ltr' id='par_1_18' title="bbox 1897 3692 3450 3909">
     <span class='ocr_line' id='line_1_69' title="bbox 1961 3692 3448 3762; baseline -0.009 -11"><span class='ocrx_word' id='word_1_494' title='bbox 1961 3700 2264 3762; x_wconf 69' lang='lat' dir='ltr'>Palaephatus</span> <span class='ocrx_word' id='word_1_495' title='bbox 2284 3697 2401 3747; x_wconf 84' lang='lat' dir='ltr'>dicit</span> <span class='ocrx_word' id='word_1_496' title='bbox 2427 3696 2637 3748; x_wconf 78' lang='lat' dir='ltr'>Rodium</span> <span class='ocrx_word' id='word_1_497' title='bbox 2667 3697 2717 3746; x_wconf 84' lang='lat' dir='ltr'>et</span> <span class='ocrx_word' id='word_1_498' title='bbox 2751 3694 3092 3758; x_wconf 82' lang='lat' dir='ltr'>Epistropbum</span> <span class='ocrx_word' id='word_1_499' title='bbox 3118 3692 3313 3754; x_wconf 75' lang='lat' dir='ltr'>Troiam</span> <span class='ocrx_word' id='word_1_500' title='bbox 3336 3704 3448 3741; x_wconf 80' lang='lat' dir='ltr'>cuni</span> 
     </span>
     <span class='ocr_line' id='line_1_70' title="bbox 1897 3773 3450 3839; baseline -0.006 -10"><span class='ocrx_word' id='word_1_501' title='bbox 1897 3780 2109 3829; x_wconf 80' lang='lat' dir='ltr'>exercitu</span> <span class='ocrx_word' id='word_1_502' title='bbox 2130 3777 2312 3827; x_wconf 82' lang='lat' dir='ltr'>venisse</span> <span class='ocrx_word' id='word_1_503' title='bbox 2328 3790 2391 3827; x_wconf 82' lang='lat' dir='ltr'>ex</span> <span class='ocrx_word' id='word_1_504' title='bbox 2416 3776 2606 3839; x_wconf 80' lang='lat' dir='ltr'>regione</span> <span class='ocrx_word' id='word_1_505' title='bbox 2631 3780 2940 3835; x_wconf 75' lang='lat' dir='ltr'>Amazonum,</span> <span class='ocrx_word' id='word_1_506' title='bbox 2958 3773 3138 3837; x_wconf 78' lang='lat' dir='ltr'>Alopen</span> <span class='ocrx_word' id='word_1_507' title='bbox 3157 3774 3299 3831; x_wconf 83' lang='lat' dir='ltr'>tunc,</span> <span class='ocrx_word' id='word_1_508' title='bbox 3321 3783 3450 3829; x_wconf 75' lang='lat' dir='ltr'>nuuc</span> 
     </span>
     <span class='ocr_line' id='line_1_71' title="bbox 1897 3854 2475 3909; baseline -0.01 -1"><span class='ocrx_word' id='word_1_509' title='bbox 1897 3858 2071 3908; x_wconf 82' lang='lat' dir='ltr'>Zeliam</span> <span class='ocrx_word' id='word_1_510' title='bbox 2090 3854 2475 3909; x_wconf 76' lang='lat' dir='ltr'>inhabitantium.</span> 
     </span>
    </p>
   </div>
  </div>
 </body>
</html>
