4016 5916
1648 435 2153 496 FRAGMENTA.

3399 448 3512 501 2⁸5

313 574 425 630 per
458 554 759 611 humanum
786 573 962 628 genus
981 552 1167 627 fuisse·
1192 557 1445 625 creditur,
1493 569 1740 613 auctores
1765 558 1876 613 ha·
1967 571 2150 614 turam
2177 559 2593 626 descenderunt,
2634 564 2689 613 in
2717 579 2828 634 qua
2856 579 2932 616 ex
2983 562 3188 615 duobus
3226 568 3517 636 superiori-

322 644 414 697 bet
448 640 831 715 Pythagoram
854 642 1105 697 Samium
1139 654 1199 698 et
1233 643 1479 699 Ocellum
1506 646 1783 700 Lucanum
1821 657 1877 701 et

324 728 628 802 Archytam
679 729 1036 784 Tarentinum
1080 749 1371 805 omnesque
1410 732 1547 786 adeo
1582 732 1876 806 Pythago-

322 823 481 875 ricos.
510 816 629 873 Sed
639 828 699 873 et
713 818 879 873 Plato
898 817 1250 875 Atheniensis
1270 830 1326 874 et
1335 820 1676 875 Xenocrates
1696 832 1753 876 et
1780 822 1874 875 Di-

321 904 609 959 caearchus
642 907 953 961 Messenius
1000 911 1237 980 itemque
1273 911 1522 981 antiquae
1554 909 1876 963 Academia·

315 991 643 1067 philosophi
680 1010 790 1048 non
818 993 982 1047 aliud
1005 994 1254 1048 videntur
1276 998 1511 1068 opinati.
1556 997 1879 1051 Aristoteles

326 1098 536 1154 quoque
560 1079 603 1135 S
604 1083 861 1153 tagirites
887 1092 944 1135 et
986 1079 1390 1155 Theophrastus
1416 1083 1682 1155 multique
1714 1101 1875 1157 prce-

328 1181 481 1225 terea
516 1186 626 1223 non
656 1168 929 1243 ignobiles
964 1169 1324 1243 Peripatetici
1360 1170 1506 1225 idem
1546 1176 1881 1245 scripserunt

326 1262 550 1330 ejusque
587 1259 669 1311 rei
705 1256 967 1329 exempla
987 1257 1200 1323 dicunt,
1238 1258 1387 1330 quod
1417 1269 1622 1329 negent
1655 1262 1879 1313 omnino

315 1362 484 1418 posse
502 1347 757 1419 reperiri,
792 1360 988 1399 avesne
1023 1355 1156 1399 ante
1194 1362 1271 1398 an
1299 1363 1403 1400 ova
1437 1358 1707 1420 generata
1733 1353 1866 1414 sint,

328 1449 491 1504 quum
509 1442 566 1487 et
579 1449 734 1486 ovum
756 1434 878 1486 sine
891 1449 990 1487 ave
1010 1442 1068 1487 et
1083 1434 1196 1485 avis
1205 1436 1325 1487 sine
1340 1450 1437 1487 ovo
1449 1436 1614 1507 gigni
1632 1451 1742 1489 non
1754 1453 1880 1507 pos-

325 1522 419 1573 sit.
463 1520 663 1592 Itaque
713 1529 771 1574 et
808 1522 1073 1585 omnium,
1133 1537 1259 1592 quoe
1305 1523 1363 1573 in
1400 1525 1732 1594 sempiterno
1779 1526 1882 1576 isto

330 1607 531 1661 mundo
542 1603 1314 1681 sempersueruntsuturaque
1324 1618 1471 1672 sunt,
1498 1613 1657 1663 aiunt
1667 1613 1856 1683 princi
1863 1641 1879 1652 ·

321 1699 480 1768 pium
483 1691 666 1765 fuisse
680 1697 916 1763 nullum,
952 1695 1055 1749 sed
1073 1695 1257 1750 orbem
1280 1712 1397 1750 esse
1417 1696 1691 1769 quendam
1710 1715 1879 1768 gene-

329 1785 565 1838 rantium
584 1787 1047 1856 noscendumque,
1080 1786 1137 1836 in
1159 1800 1264 1856 quo
1283 1786 1695 1857 uniuscujusque
1711 1788 1885 1857 geniti

330 1874 542 1926 initium
577 1872 749 1926 simul
766 1882 825 1925 et
839 1870 987 1944 finis
1008 1888 1124 1925 esse
1152 1870 1415 1927 videatur.
1445 1870 1528 1927 Cf.
1566 1872 1885 1927 Lactantius

332 1960 420 2029 11,
453 1977 553 2030 10;
584 1959 832 2015 Stobaeus
858 1958 973 2016 Ecl.
995 1958 1157 2031 Phys.
1183 1968 1322 2016 tom.
1347 1959 1405 2028 1,
1431 1976 1490 2031 p.
1522 1963 1660 2024 412.

410 2047 540 2102 Non
559 2065 706 2122 nego
728 2046 1089 2119 quaestionem
1101 2045 1246 2100 hanc
1265 2063 1297 2100 a
1314 2046 1636 2100 Dicaearcho
1650 2046 1710 2100 in
1727 2046 1885 2102 libris

333 2136 420 2189 De
445 2138 665 2189 interitu
683 2132 812 2188 data
832 2150 1007 2206 opera
1023 2150 1135 2187 esse
1156 2142 1471 2202 tractatam3
1493 2131 1729 2188 eandem
1746 2151 1883 2189 vero

332 2240 451 2277 rem
474 2222 635 2276 etiam
656 2221 718 2275 in
750 2220 879 2274 Vita
908 2221 1162 2287 Groecioe,
1197 2218 1353 2291 cujus
1378 2218 1539 2275 initio
1565 2219 1636 2275 de
1655 2220 1885 2276 humani

332 2310 549 2384 generis
560 2307 847 2383 principiis
868 2318 994 2381 apte
1021 2325 1202 2362 sermo
1228 2307 1438 2362 institui
1459 2309 1672 2381 potuit,
1696 2311 1887 2382 paucis

332 2415 448 2453 csse
475 2396 804 2471 explicatam
827 2436 842 2465 ‚
888 2393 1115 2469 colligas
1142 2396 1185 2450 si
1211 2414 1338 2451 cum
1367 2395 1689 2471 fragmentis
1718 2417 1740 2453 1
1760 2399 1881 2455 —3

332 2484 750 2558 comparaveris
793 2484 1060 2538 Varronis
1095 2482 1284 2537 locum
1311 2482 1428 2554 jam
1465 2484 1883 2557 apponendum.

1085 2591 1138 2652 4.

416 2697 594 2750 Varro
620 2695 707 2749 De
732 2710 795 2747 re
818 2702 953 2750 rust.
978 2693 1062 2762 11,
1099 2711 1121 2747 1
1160 2711 1174 2746 ι
1202 2695 1401 2765 Igitur,
1434 2699 1686 2767 inquam,
1721 2707 1778 2749 et
1796 2695 1891 2751 ho-

338 2787 516 2837 mines
542 2792 597 2836 et
617 2798 797 2854 pecua
820 2797 985 2852 quum
1007 2797 1226 2854 semper
1226 2778 1416 2849 fuisse
1430 2784 1502 2837 sit
1523 2800 1761 2849 necesse,
1786 2802 1888 2837 na-

338 2882 481 2938 tura,
518 2873 639 2939 ⁹sive
665 2872 814 2922 enim
838 2868 1069 2941 aliquod
1079 2865 1210 2938 fuit
1227 2871 1563 2943 principium
1585 2871 1891 2944 generandi

339 2950 691 3026 animalium,
714 2968 773 3010 ut
771 2960 1006 3030 putavit
1029 2954 1234 3011 Thales
1253 2953 1507 3012 Milesius
1526 2970 1581 3013 et
1599 2957 1751 3013 Zeno
1771 2957 1887 3014 Cit-

344 3049 482 3101 tieus
498 3088 520 3113 ,
569 3049 681 3100 sive
705 3054 898 3099 contra
914 3047 1253 3118 principium
1294 3041 1489 3098 horum
1530 3047 1744 3098 exstitit
1773 3046 1894 3098 nul·

341 3134 456 3186 lum
469 3173 485 3198 ,
518 3143 577 3186 ut
592 3132 831 3186 credidit
848 3129 1207 3204 Pythagoras
1224 3129 1449 3185 Samius
1480 3143 1539 3186 et
1571 3133 1893 3187 Aristoteles

336 3220 649 3292 Stagirites,
683 3235 901 3272 necesse
933 3230 1014 3272 est
1032 3217 1298 3272 Immanoe
1324 3222 1448 3273 oitoe
1469 3238 1508 3273 a
1528 3236 1746 3274 summa
1771 3237 1891 3273 me·-

336 3309 522 3361 moria
554 3305 837 3376 gradatim
875 3305 1222 3360 descendisse
1262 3307 1344 3359 ad
1365 3305 1517 3360 hanc
1542 3317 1766 3361 oetatem
1784 3346 1799 3374 ,
1834 3318 1896 3360 ut

338 3394 534 3449 scribit
545 3391 928 3461 Dicoeamhus,
960 3404 1021 3448 et
1031 3411 1301 3450 summum
1317 3396 1553 3469 gradum
1566 3394 1756 3466 sitisse
1784 3412 1894 3449 na-

336 3483 594 3549 turalem,
622 3498 785 3554 quum
815 3484 1049 3535 viverent
1069 3480 1319 3536 homines
1338 3500 1414 3537 ex
1434 3484 1551 3536 illis
1564 3479 1740 3548 rebus,
1768 3500 1895 3554 quce

340 3568 625 3624 inviolata
643 3568 785 3621 ultro
795 3563 985 3637 senet
1024 3578 1193 3634 terra,
1230 3585 1304 3622 ex
1330 3566 1439 3622 hac
1468 3572 1575 3622 vita
1616 3573 1674 3622 In
1697 3586 1891 3623 secun·

338 3657 478 3712 dam
505 3654 845 3708 descendisse
868 3656 1225 3727 pastoricium
1251 3672 1284 3708 e
1301 3650 1454 3724 seris
1477 3666 1643 3728 atque
1665 3659 1872 3726 agresti
1877 3682 1895 3694 -

343 3743 468 3810 bus,
499 3750 560 3795 ut
590 3759 665 3795 ex
681 3740 962 3795 arboribus
978 3757 1048 3794 ac
1084 3741 1328 3815 virgultis
1346 3741 1685 3814 decerpendo
1724 3740 1897 3815 glan-

342 3831 490 3896 dem,
518 3827 770 3882 arbutum
781 3845 1065 3901 pomaque
1082 3830 1412 3903 colligerent
1427 3830 1509 3882 ad
1521 3846 1697 3894 usum,
1723 3832 1806 3881 sic
1824 3845 1899 3881 ex

346 3915 697 3982 animalibus,
735 3934 900 3988 quum
935 3927 1166 3989 propter
1190 3917 1426 3972 eandem
1454 3916 1747 3970 utilitatem
1771 3934 1897 3989 quoe

336 4014 565 4077 possent
586 4004 862 4057 silvestria
879 4001 1428 4076 deprehendet-eneae
1443 4002 1831 4058 concluderent
1845 4013 1901 4056 et

344 4101 811 4146 mansuescerent.
860 4091 935 4144 In
968 4093 1125 4162 queis
1158 4094 1406 4164 primum
1435 4107 1544 4143 non
1581 4093 1703 4143 sine
1728 4105 1898 4142 causa

335 4189 554 4252 putant
589 4195 715 4233 oves
737 4187 1047 4250 assumptas
1092 4188 1151 4232 et
1179 4188 1412 4250 propter
1448 4177 1838 4251 placiditatem
1884 4189 1905 4221 ··

348 4267 601 4319 maxime
626 4268 777 4319 enim
818 4262 916 4317 lue
937 4275 1140 4318 natura
1178 4269 1381 4337 quietoe
1406 4276 1466 4319 et
1486 4266 1791 4337 aptissimae
1823 4263 1905 4316 ad

348 4360 517 4408 vitam
534 4351 816 4407 hominum
836 4368 855 4404 .·
875 4351 1144 4406 adcibum
1166 4355 1311 4406 enim
1337 4353 1480 4407 lacte
1493 4362 1549 4406 et
1563 4368 1783 4405 caseum
1801 4349 1897 4404 ad-

344 4441 591 4496 hibitum
616 4456 635 4508 ,·
662 4440 745 4493 ad
772 4456 965 4514 corpus
1006 4442 1247 4494 vestitum
1289 4450 1345 4494 et
1375 4441 1558 4514 pelles
1582 4440 1897 4494 attulerunt.

360 4529 545 4583 Tertio
581 4527 817 4599 denique
841 4526 1023 4600 gradu
1046 4545 1085 4580 a
1114 4531 1220 4581 vita
1232 4528 1518 4601 pastorali
1543 4526 1626 4580 ad
1660 4526 1898 4598 agricul-

1100 4696 1153 4747 6.

418 4781 645 4829 Partitio
664 4790 763 4828 non
788 4777 1037 4840 suffocat.
1069 4778 1506 4829 Dieoearchuslibro
1531 4781 1601 4828 De
1614 4778 1757 4829 rebus
1773 4780 1907 4827 Grae-

348 4872 526 4909 corum
553 4871 736 4908 morem
768 4869 867 4906 non
894 4856 1038 4907 ruisse
1063 4857 1134 4907 ait
1159 4857 1424 4921 antiquitus
1454 4857 1690 4921 partiendi
1713 4857 1909 4922 cibumg

352 4937 466 4997 poet
484 4935 643 4984 tamen
657 4947 810 4997 quum
823 4934 966 4983 certis
977 4934 1037 4983 de
1055 4935 1212 4985 causis
1224 4933 1427 4985 deficere
1444 4935 1700 4997 coepiseent
1718 4934 1877 4985 edulia
1889 4970 1905 4996 ,

353 5011 601 5061 dividendi
624 5023 730 5060 mos
747 5010 973 5073 invaluit,
997 5011 1203 5074 indeque
1214 5013 1423 5061 tractum
1436 5010 1762 5075 proverbium.
1782 5015 1903 5075 Epu-

1966 647 2065 701 bus
2103 651 2441 702 retinuerunt
2485 647 2684 714 multa,
2739 659 2796 702 et
2842 665 2947 721 quo
2986 648 3382 704 descenderant
3438 651 3517 704 ibi

1958 745 2342 809 processerunt
2385 735 2568 807 longe,
2606 734 2737 788 dum
2765 722 2846 788 ad
2886 752 2986 790 nos
3004 741 3371 809 pervenirent.

2052 822 2126 878 Ut
2159 839 2233 875 ex
2272 821 2624 876 arboribus...
2649 824 2732 874 sie
2760 818 2906 896 etc.]
2928 839 3120 877 sensus
3150 841 3164 876 ι
3196 846 3218 870 ιι
3241 822 3385 877 adeo
3418 831 3514 893 ut,

1968 906 2447 981 quemadmodum
2475 909 2659 982 prima
2685 917 2842 963 aetate
2859 927 2924 964 ex
2954 908 3255 963 arboribus
3274 919 3411 983 etc„
3441 910 3520 964 sic

1966 1001 2026 1054 in
2051 997 2296 1055 secunda
2316 1016 2385 1054 ex
2413 999 2745 1055 animalibus
2762 1008 2872 1054 etc.
2901 1023 2924 1048 ι
2946 999 3132 1070 Quare
3159 998 3521 1055 scribendum

1964 1097 2106 1159 puto
2140 1104 2156 1141 ε
2187 1097 2259 1153 ut,
2298 1097 2370 1155 ut,
2400 1086 2439 1140 i.
2474 1086 2686 1142 eadee
2714 1096 2795 1154 ut,
2828 1087 3310 1159 quemadmodum.
3358 1086 3523 1142 Fuh-

1967 1174 2081 1227 rius
2123 1192 2181 1247 p.
2238 1190 2343 1243 107
2398 1174 2562 1247 plura
2613 1172 3031 1246 transponenda
3050 1213 3065 1241 ,
3116 1174 3224 1228 alia
3256 1171 3522 1228 mutanda

1970 1262 2027 1314 in
2054 1261 2111 1317 h.
2145 1261 2184 1315 l.
2221 1272 2407 1315 censet
2426 1271 2629 1334 praeter
2654 1278 2880 1315 omnem
2905 1261 3307 1317 necessitatem.

2725 1397 2781 1453 5.

2051 1538 2210 1594 Idem
2239 1538 2380 1593 ibid.
2412 1540 2462 1607 Ι,
2503 1557 2539 1612 9
2570 1556 2585 1596 ε
2612 1539 2686 1593 Et
2724 1538 2948 1611 quidem
2976 1538 3104 1593 licet
3134 1541 3394 1611 adjicias,
3435 1544 3527 1594 in·

1971 1645 2152 1699 quam,
2173 1637 2454 1700 pastorum
2473 1630 2638 1681 vitam
2651 1644 2768 1681 esse
2788 1630 3126 1694 incentivam,
3157 1629 3525 1697 agricolarum

1968 1720 2345 1783 succentivam,
2366 1726 2587 1771 auctore
2604 1714 2917 1770 doctissimo
2925 1712 3150 1769 homine
3163 1714 3521 1781 Dicaearcho,

1971 1806 2066 1876 qui
2087 1804 2323 1858 Groecioe
2342 1807 2508 1857 vitam
2535 1803 2720 1875 qualis
2725 1797 2914 1872 suerit
2947 1802 3022 1855 ab
3060 1805 3221 1857 initio
3243 1803 3404 1857 nobis
3446 1806 3527 1856 ita

1971 1890 2210 1946 ostendit
2230 1929 2250 1956 ,
2285 1900 2345 1945 ut
2367 1889 2734 1962 superioribus
2763 1885 3095 1960 temporibus
3104 1885 3293 1959 suisse
3326 1888 3527 1944 doceat

1974 1996 2138 2051 quum
2151 1976 2399 2033 homines
2402 1978 2749 2050 pastoricium
2766 1980 2933 2029 vitam
2959 1980 3209 2044 viverent,
3230 1993 3405 2049 neque
3419 1981 3502 2031 sci
3511 2007 3527 2018 -

1973 2076 2101 2120 rent
2110 2068 2281 2120 etiam
2304 2081 2472 2118 arare
2490 2074 2694 2117 terram
2714 2074 2813 2117 aut
2830 2080 3010 2117 serere
3040 2063 3262 2119 arbores
3280 2074 3380 2118 aut
3412 2083 3527 2137 pu-

1975 2164 2119 2221 tare3
2141 2151 2215 2207 ab
2236 2150 2328 2206 his
2350 2149 2618 2221 izfiertore
2629 2150 2818 2223 gradu
2832 2155 3020 2206 oetatis
3045 2163 3354 2224 susceptam
3374 2157 3526 2224 agri·

1974 2242 2265 2295 culturam.

2712 2374 2747 2429 6

2055 2515 2336 2572 Zonobius
2380 2518 2441 2584 V,
2474 2513 2546 2570 23
2586 2534 2600 2570 t
2641 2511 2837 2590 Μερὶς
2875 2511 2942 2570 οὗ
2970 2510 3214 2589 πνίγει·
3263 2512 3527 2591 Δικαίαρ-

1977 2600 2070 2682 γός
2095 2623 2250 2682 φησιν
2269 2603 2321 2658 ἐν
2348 2607 2455 2666 τοῖς
2474 2599 2610 2680 Περὶ
2632 2603 2724 2670 τῆς
2748 2598 3002 2665 Ἑλλάδος
3030 2602 3081 2658 ἐν
3100 2608 3205 2665 τοῖς
3221 2600 3442 2666 δείπνοις
3456 2599 3531 2675 μὴ

1981 2668 2112 2747 εἴναι
2135 2685 2348 2759 σύνηθες
2375 2688 2481 2753 τοῖς
2514 2686 2750 2766 ἀρχαίοις
2793 2685 3056 2764 διανέμειν
3083 2687 3322 2768 μερίδας·
3365 2689 3453 2747 διὰ
3478 2688 3531 2747 δὲ

1982 2776 2269 2857 προφάσεις
2299 2775 2442 2842 τινὰς
2486 2773 2818 2853 ἐνδεεστέρων
2847 2772 3139 2852 γενομένων
3164 2778 3266 2833 τῶν
3307 2776 3534 2855 ἐδεσμά-

1980 2887 2107 2936 των,
2129 2866 2390 2944 κρατῆσαι
2415 2861 2474 2920 τὸ
2499 2859 2609 2928 ἔθος
2626 2864 2730 2919 τῶν
2766 2861 3010 2941 μερίδων,
3033 2860 3123 2918 καὶ
3154 2860 3239 2918 διὰ
3269 2866 3418 2920 τοῦτο
3439 2861 3533 2934 τὴν

1980 2949 2269 3032 παροιμίαν
2297 2951 2552 3029 εἰρῆσθαι.
2574 2950 2694 3011 Τῶν
2722 2947 2827 3029 γὰρ
2853 2946 3154 3025 ἐδεσμάτων
3178 2952 3325 3028 κοινῇ
3352 2948 3442 3009 καὶ
3459 2948 3536 3025 μὴ

1982 3037 2121 3097 κατὰ
2150 3036 2302 3118 μέρος
2328 3035 2629 3113 τιθεμένων,
2654 3036 2714 3094 τὸ
2740 3036 2988 3116 πρότερον
3011 3038 3060 3093 οἱ
3089 3035 3432 3117 δυνατώτεροι
3447 3036 3542 3106 τὰς

1981 3125 2176 3207 τροφὰς
2200 3129 2303 3184 τῶν
2343 3127 2570 3184 ἀσθενῶν
2593 3123 2848 3205 ἥρπαζον,
2891 3124 2982 3183 καὶ
3024 3123 3291 3183 συνέὸαινε
3332 3125 3540 3193 τούτους

1985 3212 2400 3324 ἀποπνίζεσθαι,
2443 3210 2518 3288 μὴ
2561 3210 2872 3285 δυναμένους
2920 3214 3120 3276 ἑαυτοῖς
3170 3214 3390 3291 βοηθεῖν.
3438 3212 3540 3273 Διὰ

1984 3305 2136 3359 τοῦτο
2164 3323 2252 3359 ουν
2299 3303 2327 3358 ὁ
2361 3297 2608 3378 μερισμὸς
2636 3297 2912 3369 ἐπενοήθη.
2945 3301 3031 3357 Cf.
3079 3302 3337 3374 Apostol.
3389 3302 3537 3373 XII,

1985 3390 2063 3465 69
2106 3400 2162 3445 et
2187 3391 2467 3461 reliqum,
2509 3406 2653 3462 quos
2696 3387 2889 3443 laudat
2926 3388 3256 3444 Leutschius
3297 3388 3370 3444 ad
3397 3389 3455 3443 h.
3496 3390 3536 3444 l.

1986 3480 2387 3552 Fragmentum
2420 3474 2491 3530 ad
2522 3477 2768 3548 antiquae
2795 3476 2921 3529 vitae
2953 3472 3388 3546 descriptionem
3413 3493 3541 3529 cum

1985 3566 2325 3620 Buttmanno
2349 3562 2539 3617 retuli.
2569 3564 2666 3619 Sin
2693 3561 2806 3617 alio
2830 3579 2896 3617 ex
2919 3561 3068 3616 libro
3091 3562 3332 3633 petitum
3361 3562 3538 3630 maliS,

1986 3652 2128 3706 nihil
2155 3649 2428 3725 refragor.

2739 3799 2770 3820 1·

2745 3817 2794 3851 J·

2066 3913 2255 3987 Apoll.
2289 3910 2480 3968 Rhod.
2501 3911 2596 3979 1v,
2623 3916 2734 3981 ²74
2775 3912 2853 3967 ait
2884 3911 3022 3967 :Vir
3043 3911 3338 3984 AEgyptius
3357 3912 3544 3967 Asiam

1989 4013 2047 4057 et
2088 4003 2378 4073 Europam
2423 3999 2769 4073 peragravit,
2817 3994 2977 4076 μυρία
3019 3994 3065 4053 δ’
3114 3994 3248 4067 ἄστη
3299 3994 3542 4055 Νάσσατ*

1989 4085 2355 4164 ἐποιχόμενος,
2386 4083 2452 4140 τὰ
2489 4082 2585 4160 μὲν
2610 4083 2641 4154 ἤ
2672 4088 2793 4141 ποθι
2820 4080 3168 4155 ναιετάουσιν,
3196 4080 3290 4143 Ἠὲ
3319 4082 3409 4141 καὶ
3450 4083 3508 4142 οὔ
3527 4108 3541 4122 ·

1990 4171 2182 4240 πουλὺς
2207 4171 2306 4252 γὰρ
2331 4171 2459 4243 ἄδην
2496 4163 2797 4243 ἐπενήνοθεν
2826 4169 2970 4229 αἰών.
3010 4172 3101 4228 Ad
3142 4173 3262 4228 haec
3288 4173 3547 4231 scholion

1990 4262 2278 4337 vulgatum
2305 4278 2319 4319 ε
2349 4257 2710 4337 Σεσόῃςωσις,
2756 4255 3023 4336 Αἰγύπτου
3051 4256 3225 4329 πάσης
3266 4257 3540 4338 βασιλεὺς,

1992 4345 2126 4422 μετὰ
2149 4337 2313 4425 Ὦρον
2337 4344 2423 4403 τὸν
2449 4340 2645 4411 Ἴσιδος
2670 4343 2762 4403 καὶ
2800 4342 3056 4424 Ὀσίριδος
3081 4344 3242 4402 παῖδα
3264 4388 3281 4418 ,
3317 4343 3414 4415 τὴν
3443 4344 3541 4420 μὲν

1993 4431 2168 4492 Ἀσίαν
2207 4431 2445 4514 ὁρμήσας
2485 4439 2664 4490 πᾶσαν
2700 4430 3118 4510 κατεστρέψατο,
3148 4431 3340 4507 ὁμοίιος
3366 4432 3457 4490 καὶ
3479 4432 3545 4491 τὰ

1994 4521 2216 4578 πλεῖστα
2243 4524 2336 4591 τῆς
2366 4518 2642 4599 Εὗρώπης.
2674 4518 3064 4598 Ἀκριὸέστερον
3103 4516 3165 4576 δέ
3189 4520 3302 4576 ἐστι
3332 4518 3400 4576 τὰ
3426 4521 3545 4598 περὶ

1992 4686 2186 4748 bantur,
2204 4685 2334 4749 quod
2359 4685 2612 4736 defendere
2631 4698 2684 4734 se
2705 4688 2873 4734 contra
2893 4684 2999 4734 illos
3024 4697 3120 4733 non
3133 4688 3343 4743 possent.
3366 4689 3546 4745 Quam·

1992 4764 2158 4815 obrem
2213 4763 2475 4827 excogitata
2498 4763 2693 4827 putitio
2717 4765 2808 4813 est.

2055 4925 2360 4977 sesonchosis
2379 4928 2488 4989 post
2504 4928 2688 4976 Horum
2702 4847 2944 4987 ‚bandis
2957 4927 3007 4976 et
3031 4925 3167 4976 isidis
3189 4925 3343 4976 filium
3356 4963 3371 4989 ,
3395 4926 3547 4976 totius

1994 5003 2182 5066 AEgypti
2203 5015 2315 5065 rex,
2335 5005 2558 5066 suscepta
2575 5002 2878 5066 expeditione
2905 5003 3066 5053 Asiam
3089 5003 3179 5053 sibi
3211 5003 3416 5066 subJecit
3441 5002 3549 5051 uni·

356 5089 432 5138 tas
464 5089 590 5139 enim
627 5088 947 5140 communiter
969 5090 1018 5138 et
1039 5101 1134 5137 non
1169 5087 1443 5151 singulatim
1464 5087 1736 5151 dispertitas
1772 5089 1905 5138 initio
1990 5093 2178 5131 versun
2191 5118 2205 5143 ‚
2225 5080 2537 5144 Similiterque
2554 5082 2699 5132 etiam
2713 5085 2918 5144 Europ&
2935 5083 3121 5144 mrtem
3140 5081 3385 5143 majorem-
3410 5084 3546 5139 0¹¹0·

360 5166 651 5227 p.›tentiores
671 5165 933 5229 eripiebant
964 5164 1283 5227 tenuioribus,
1313 5164 1395 5227 qui
1427 5169 1676 5229 propterea
1698 5166 1905 5217 suffoca·

1993 5172 2104 5208 rum
2143 5158 2341 5209 historia
2387 5159 2666 5209 accuratius
2699 5159 2956 5222 exponitur
2992 5158 3120 5222 apud
3165 5159 3548 5210 Herodotum...-
