4016 5916
1661 380 2158 442 FRAGMENTA.

847 525 922 602 Π
941 524 1352 602 ΕΡΣΙΚΑ.

708 686 1008 765 (nrum
1051 684 1495 763 ΣΥΝΤΑΞῙΣ.)

871 814 1338 876 antrum.

395 1064 608 1120 AElian.
656 1065 723 1119 V.
761 1064 834 1118 Η.
862 1063 995 1130 vll,
1029 1081 1052 1117 1
1090 1080 1103 1115 ε
1148 1058 1445 1138 Σεμίραμιν
1486 1057 1580 1131 τὴν
1612 1058 1884 1140 Ἀσσυρίαν

317 1147 467 1206 ἄλλοι
487 1143 586 1223 μὲν
612 1143 1038 1227 άλλωςᾷδουσιν·
1062 1144 1368 1237 ὡραιοτάτη
1382 1145 1436 1203 δὲ
1470 1144 1671 1224 ἐγένετο
1699 1170 1881 1226 γυναι-

317 1238 422 1294 κῶν
439 1279 456 1312 ,
487 1236 533 1292 εἰ
553 1233 647 1292 καὶ
677 1232 1017 1314 ἀφελέστερον
1046 1235 1239 1314 ἐχρῆτο
1257 1236 1331 1314 τῷ
1350 1233 1549 1293 κάλλει.
1573 1233 1882 1315 Ἀφικομένη

318 1321 372 1382 δὲ
397 1322 524 1403 πρὸς
547 1321 639 1380 τὸν
667 1325 772 1380 τῶν
794 1320 1076 1402 Ἀσσυρίων
1104 1319 1324 1401 βασιλέα
1354 1320 1522 1393 κλητῆ
1540 1367 1557 1396 ,
1579 1320 1712 1381 κατὰ
1736 1320 1884 1390 κλέος

315 1415 407 1482 τῆς
429 1408 601 1491 ὥρας,
629 1407 715 1468 ὅδε
739 1407 969 1488 ἐντυχὼν
996 1412 1062 1488 τῇ
1087 1407 1344 1491 ἀνθρώπῳ
1369 1408 1573 1489 ἠράσθη
1599 1409 1772 1481 αὐτῆς.
1808 1407 1880 1470 Ἦ

317 1500 374 1558 δὲ
400 1484 601 1577 ᾔτησεν
639 1499 697 1556 ἐκ
733 1501 825 1556 τοῦ
857 1495 1114 1577 βασιλέως
1141 1496 1236 1568 τὴν
1272 1495 1530 1576 βασίλειον
1556 1494 1747 1566 στολὴν
1784 1496 1884 1554 λα·-

319 1587 427 1645 ὃεῖν
463 1588 639 1666 δῶρα,
688 1585 778 1644 καὶ
806 1583 960 1643 πέντε
997 1587 1211 1665 ἡμερῶν
1250 1588 1342 1655 τῆς
1375 1583 1550 1651 Ἀσίας
1585 1582 1763 1664 ἄρξαι,
1794 1583 1883 1642 καὶ

318 1674 385 1733 τὰ
432 1670 542 1732 άπὸ
568 1672 763 1745 ταύτης
801 1671 1230 1753 προσταττόμενα
1260 1673 1480 1753 δρᾶσαι·
1509 1670 1599 1730 καὶ
1639 1670 1754 1730 οὐδὲ
1790 1675 1884 1743 τῆς

325 1761 585 1835 αἰτήσεως
616 1758 907 1839 ἠτύχησεν.
935 1757 1091 1819 Ἐπεὶ
1123 1756 1178 1816 δὲ
1218 1758 1454 1817 ἐκάθισεν
1483 1756 1646 1829 αὐτὴν
1668 1761 1696 1816 ὁ
1729 1762 1885 1838 βασι-

320 1850 440 1917 λεὺς
465 1848 554 1908 ἰπὶ
588 1852 684 1909 τοῦ
718 1846 931 1928 θρόνου,
958 1846 1050 1905 καὶ
1085 1845 1219 1924 ἔγνω
1245 1844 1331 1904 διὰ
1355 1845 1526 1926 χειρὸς
1557 1844 1649 1904 καὶ
1674 1842 1885 1924 γνώμης

325 1938 522 2019 ἔχουσα
549 1936 758 2009 πάντα,
794 1932 1081 2016 προσέταξε
1121 1940 1228 2000 τοῖς
1263 1932 1560 2014 δορυφόροις
1601 1932 1755 1991 αὐτὸν
1791 1933 1879 1992 τὸν

329 2022 555 2105 βασιλέα
580 2025 781 2083 κτεῖναι
800 2040 814 2055 ·
856 2020 947 2080 καὶ
978 2019 1114 2080 οὕτω
1149 2019 1245 2091 τὴν
1271 2024 1373 2079 τῶν
1402 2017 1684 2099 Ἀσσυρίων
1713 2020 1883 2101 ἀρχὴν

329 2110 577 2190 κατέσχε.
606 2108 769 2187 Λέγει
798 2107 1039 2167 δὲταῦτα
1069 2105 1281 2168 Δείνων.

1053 2243 1166 2282 la.

407 2340 653 2398 Diodor.
670 2341 761 2412 11,
792 2357 899 2413 ao,
926 2338 958 2394 3
989 2357 1003 2393 z
1035 2335 1267 2407 Κτησίας
1291 2332 1385 2411 μὲν
1404 2323 1492 2393 οὖν
1511 2336 1539 2391 ὁ
1563 2333 1767 2400 Κνίδιος
1786 2333 1882 2412 (fr.

333 2430 367 2485 5
387 2428 545 2504 sqq.)
570 2425 691 2506 περὶ
715 2424 1070 2505 Σεμιράμιδος
1087 2423 1281 2482 τοιαῦθ’
1299 2420 1572 2501 ἱστόρηκεν
1587 2443 1601 2459 ·
1624 2420 1888 2493 Ἀθήναιος

335 2514 389 2574 ὀὶ
412 2514 501 2573 καί
527 2536 662 2580 τινες
681 2515 788 2570 τῶν
817 2512 992 2570 ἄλλων
1021 2508 1359 2591 συγγραφέων
1378 2509 1532 2591 φασὶν
1556 2508 1717 2581 αὐτὴν
1746 2510 1888 2568 ἕταί-

335 2626 430 2681 ραν
457 2599 723 2679 γεγονέναι
764 2600 1031 2679 εὐπρεπῆ,
1076 2597 1168 2656 καὶ
1196 2594 1281 2655 διὰ
1322 2595 1381 2655 τὸ
1409 2597 1598 2662 κάλλος
1633 2599 1890 2676 ἐρωτικῶς

333 2692 471 2770 lycus
513 2690 677 2759 αὐτῆς
702 2685 794 2745 τὸν
824 2685 1045 2766 βασιλέα
1090 2688 1194 2744 τῶν
1222 2683 1528 2764 Ἀσσυρίων.
1568 2682 1647 2744 Τὸ
1678 2683 1773 2762 μὲν
1802 2675 1888 2743 οὖν

331 2759 538 2857 πρῦτον
566 2774 782 2856 μετρίας
809 2772 972 2846 αὗτὴν
995 2774 1257 2853 ἀποδοχῆς
1282 2771 1560 2852 τυγχάνειν
1583 2773 1635 2830 ἰν
1662 2775 1769 2839 τοῖς
1791 2775 1890 2851 βα-

333 2864 575 2936 σιλείοις,
619 2862 756 2941 μετὰ
783 2860 839 2920 δὲ
868 2865 1037 2921 ταῦτα
1070 2860 1289 2939 γνησίαν
1320 2862 1751 2941 ἀναγορευθεῖσαν
1785 2883 1890 2938 γυ-

333 2961 488 3011 ναῑκα
513 2958 695 3011 πεῖσαι
717 2949 806 3009 τὸν
830 2947 1052 3030 βασιλέα
1087 2947 1229 3008 πένθ’
1257 2945 1458 3029 ἡμέρας
1486 2949 1621 3026 αὐτῇ
1644 2971 1891 3028 παραχω-

337 3045 496 3119 ρῆσαι
523 3044 617 3111 τῆς
644 3037 936 3118 βασιλείας.
966 3036 1083 3109 Τὴν
1114 3035 1169 3095 δὲ
1201 3035 1495 3116 Σεμίραμιν
1526 3035 1893 3095 ἀναλαὸοῧσαν

327 3129 392 3188 τό
431 3151 491 3187 τε
530 3131 794 3206 σκῆπτρον
822 3124 914 3185 καὶ
953 3125 1047 3198 τὴν
1084 3124 1345 3205 βασίλειον
1373 3122 1592 3197 στολὴν,
1632 3122 1769 3182 κατὰ
1797 3122 1890 3201 μὲν

333 3214 433 3286 τὴν
461 3215 676 3294 πρώτην
695 3212 900 3295 ἡμέραν
917 3212 1142 3293 εὐωχίαν
1166 3215 1385 3285 ποιῆσαι
1398 3209 1492 3269 καὶ
1513 3215 1890 3292 μεγαλοπρεπῆ

336 3304 525 3361 δεῖπνα
546 3347 562 3378 ,
590 3302 642 3359 ἐν
667 3291 739 3367 οἷς
761 3298 880 3367 τοὺς
899 3302 1003 3358 τῶν
1025 3298 1291 3375 δυνάμεων
1307 3295 1566 3377 ἡγεμόνας
1585 3297 1675 3355 καὶ
1692 3298 1891 3366 πάντας

333 3387 458 3455 τοὺς
484 3387 915 3468 ἐπιφανεστάτους
936 3386 1113 3445 πεῖσαι
1139 3386 1495 3466 συμπράττειν
1523 3388 1713 3466 ἑαυτῇ·
1742 3389 1809 3466 τῇ
1843 3386 1889 3443 δ’

332 3475 587 3555 ὑστεραία
625 3479 714 3533 τοῦ
750 3497 807 3532 τε
833 3472 1063 3543 πλήθους
1086 3473 1176 3530 καὶ
1198 3476 1303 3531 τῶν
1343 3470 1764 3550 ἀξιολογωτάτων
1793 3474 1890 3529 ἀν-

331 3557 472 3635 δρῶν
510 3558 580 3620 ὡς
619 3552 932 3623 βασίλισσαν
984 3550 1406 3631 θεραπευόντων,
1452 3551 1541 3609 τὸν
1584 3550 1679 3628 μὲν
1724 3551 1890 3631 ἄνδρα

875 3731 1351 3822 PERSICA.

878 3928 1113 3984 PRIMA
1145 3925 1353 3983 PARS.

624 4085 732 4146 ΠΕ
779 4083 1029 4146 REBUS
1074 4080 1607 4147 ASSYRIORUM.

1105 4241 1156 4291 1.

401 4345 692 4398 semiramin
729 4345 967 4407 Assyriam
998 4344 1081 4394 aiii
1115 4345 1253 4395 aliter
1275 4345 1469 4408 quidem
1502 4342 1743 4393 celebrant
1778 4361 1790 4391 ι
1820 4343 1902 4392 sed

339 4425 434 4474 mit
457 4424 542 4473 illa
576 4423 703 4471 inter
722 4422 920 4472 feminas
952 4421 1324 4485 speciosissima,
1367 4420 1555 4471 tametsi
1591 4420 1905 4482 negligentius

340 4502 556 4550 formam
594 4499 803 4547 curaret.
847 4501 1011 4556 Quum
1045 4511 1162 4548 vero
1207 4499 1413 4547 venisset
1458 4497 1519 4546 ad
1561 4509 1721 4559 regem
1762 4500 1902 4558 Assy·

339 4576 559 4636 rior-um,
604 4577 777 4624 vocata
811 4577 1007 4638 propter
1046 4574 1225 4625 samam
1261 4572 1659 4637 pulchritudinis,
1699 4573 1778 4623 ille
1820 4572 1904 4621 ubi

342 4653 469 4704 vidit
487 4651 748 4715 feminam,
767 4652 930 4702 statim
948 4650 1052 4714 ejus
1068 4665 1232 4701 amore
1257 4653 1331 4702 est
1351 4653 1538 4714 captus.
1574 4651 1636 4700 At
1658 4649 1738 4699 illa
1769 4648 1906 4712 petiit

342 4732 408 4781 ab
432 4743 575 4794 rege,
597 4732 658 4780 nt
677 4731 848 4780 stolam
867 4731 1042 4795 regiam
1065 4731 1251 4781 muneri
1282 4729 1545 4793 acciperet,
1570 4729 1788 4792 Asiaeque
1811 4729 1905 4777 im-

343 4811 542 4873 peraret
563 4808 780 4871 quinque
797 4808 927 4871 dies,
948 4811 997 4859 et
1017 4809 1095 4859 ilie
1112 4822 1223 4872 quae
1242 4809 1306 4858 ab
1329 4809 1426 4871 ipsa
1445 4807 1748 4871 juberentur,
1777 4807 1906 4857 face·

345 4889 453 4947 ηις
473 4899 636 4950 neque
657 4886 788 4949 ejus,
811 4886 942 4950 quod
971 4887 1136 4950 petiit,
1164 4886 1277 4936 tulit
1307 4887 1565 4949 repulsam.
1594 4891 1757 4946 Quum
1790 4899 1908 4936 vero

347 4965 636 5014 colluam
647 4977 753 5013 eam
768 4977 853 5013 rex
865 4977 1007 5027 snper
1025 4964 1269 5026 thronum,
1286 4963 1478 5027 ipsaque
1491 4963 1589 5026 iam
1604 4966 1909 5028 cognosceret

351 5043 402 5091 in
424 5053 518 5091 sna
535 5053 588 5089 se
601 5052 748 5089 manu
764 5043 813 5090 et
831 5041 1076 5092 vuluntate
1092 5041 1268 5090 trabere
1284 5044 1456 5090 wacta
1472 5079 1487 5104 ,
1502 5040 1747 5091 mandavit
1768 5043 1907 5092 satel-

353 5117 524 5168 litibus
553 5116 711 5179 ipsum
730 5121 786 5166 ut
803 5130 959 5180 regem
984 5117 1305 5168 interficerent
1326 5138 1338 5168 z
1359 5120 1507 5181 atque
1528 5120 1593 5169 ita
1611 5119 1906 5182 Assyriorum

355 5193 617 5259 imperium
635 5193 857 5246 obtinuit.
889 5195 1042 5247 Refert
1063 5198 1224 5246 autem
1246 5194 1327 5245 illa
1353 5195 1490 5246 Dino.

3439 397 3512 447 2⁵0

1968 509 2289 571 καταὸαλεῖν
2326 511 2396 576 εἷς
2423 508 2517 582 τὴν
2562 511 2798 591 εἱρκτὴν,
2840 510 3004 584 αὐτὴν
3034 512 3088 572 δὲ
3116 512 3267 594 φύσει
3295 518 3527 593 μεγαλε·

1967 597 2186 659 πίὸολον
2232 591 2391 657 οὖσαν
2435 596 2526 656 καὶ
2557 599 2826 678 τολμηρὰν
2867 604 3153 680 κατασχεῖν
3192 600 3287 673 τὴν
3318 603 3488 683 ἀρχὴν
3508 648 3526 680 ,

1968 687 2059 744 καὶ
2089 684 2246 765 μέχρι
2268 684 2440 765 γήρως
2469 683 2856 765 βασιλεύσασαν
2876 686 3046 747 πολλὰ
3069 688 3160 746 καὶ
3188 687 3394 767 μεγάλα
3422 712 3526 749 κα-

1966 774 2338 856 τεργάσασθαι.

2048 863 2260 920 Eadem
2286 864 2479 937 paullo
2504 863 2665 919 aliter
2691 863 3019 921 Plutarchus
3050 868 3253 923 Moral.
3282 886 3341 940 p.
3377 868 3516 939 723,

1967 956 2042 1010 D.
2087 984 2166 997 —
2210 953 2506 1008 Athenaeus
2550 951 2848 1007 historicus
2888 953 3115 1010 aliunde
3164 973 3282 1009 non
3324 966 3521 1027 notus;

1967 1058 2180 1096 nomen
2208 1049 2539 1113 corruptum
2566 1056 2681 1094 esse
2701 1040 3053 1114 Dinonisque
3084 1043 3429 1098 mentionem
3454 1043 3524 1099 la·

1971 1141 2088 1185 tere
2107 1128 2378 1201 suspicor.
2406 1129 2492 1182 De
2511 1127 2779 1182 Athenaeo
2800 1128 3147 1185 Seleuciense
3165 1130 3527 1205 philosopho,

1969 1212 2260 1267 Strabonis
2300 1224 2356 1268 et
2398 1212 2644 1268 Diodori
2685 1214 2884 1287 aequaii
2929 1216 3198 1289 cogitavit
3240 1215 3529 1272 Fabricius

1969 1301 2032 1354 B.
2065 1300 2165 1356 Gr.
2190 1302 2294 1368 IV,
2324 1318 2421 1370 20,
2446 1319 2509 1375 p.
2542 1299 2649 1356 631
2671 1341 2688 1370 ‚
2719 1301 2880 1375 quod
2896 1301 3028 1374 jure
3053 1303 3336 1378 displicuit
3359 1305 3526 1360 Wes-

1968 1388 2202 1462 selingio
2227 1386 2300 1443 ad
2317 1387 2562 1444 Diodor.
2587 1388 2628 1443 1.
2646 1388 2687 1442 1.
2714 1389 2870 1445 Alius
2896 1389 3125 1446 sortasse
3145 1390 3257 1446 huc
3284 1391 3528 1447 traheret

1969 1474 2338 1530 Athenoclem
2356 1517 2372 1544 ,
2398 1493 2567 1550 quem
2597 1486 2864 1549 tanquam
2888 1478 3307 1552 Assyriacorum
3329 1489 3524 1534 aucto·

1971 1581 2089 1616 rem
2129 1561 2321 1618 laudat
2355 1562 2616 1638 Agathias
2654 1564 2868 1620 Histor.
2916 1567 3004 1635 11,
3050 1572 3123 1632 αἱ.
3159 1586 3173 1621 :
3211 1562 3369 1624 Ἀλλὰ
3415 1567 3524 1636 Βῆ·

1968 1649 2058 1705 λον
2102 1645 2195 1724 μὲν
2224 1647 2311 1706 τὸν
2340 1648 2442 1707 Δία
2474 1647 2662 1728 τυχὸν,
2692 1649 2898 1722 Σάνδην
2925 1649 2978 1708 δὲ
3012 1649 3099 1709 τὸν
3137 1649 3405 1731 Ἡρακλία
3436 1653 3527 1711 καὶ

1971 1733 2233 1794 Ἀναῖτίδα
2257 1738 2354 1806 τὴν
2378 1734 2679 1815 Ἀφροδίτην
2716 1736 2805 1794 καὶ
2832 1736 3004 1806 ἄλλως
3027 1737 3145 1806 τοὺς
3184 1738 3381 1807 ἄλλους
3397 1738 3525 1798 ἐκά-

1969 1821 2120 1893 λουν,
2143 1819 2213 1888 ὥς
2239 1843 2339 1879 που
2367 1823 2639 1902 Βηρωσσῷ
2666 1845 2721 1881 τε
2746 1826 2821 1904 τῷ
2849 1824 3172 1907 Βαὸυλωνίῳ
3199 1827 3289 1885 καὶ
3312 1827 3526 1899 Ἀθηνο-

1972 1910 2087 1965 κλεῑ
2105 1907 2200 1965 καὶ
2223 1906 2449 1989 Σιμάκῳ
2471 1909 2577 1975 τοῖς
2603 1907 2670 1967 τὰ
2690 1910 3014 1991 ἀρχαιότατα
3035 1916 3137 1972 τῶν
3171 1913 3452 1994 Ἀσσυρίων
3472 1937 3529 1973 τε

1970 1993 2065 2053 καὶ
2083 1994 2279 2065 Μήδων
2305 1996 2757 2076 ἀναγραψαμένοις
2775 1998 3064 2079 ἱστόρηται.
3090 2005 3143 2060 Is
3161 2005 3534 2079 probabiliter

1973 2083 2126 2139 idem
2174 2095 2255 2140 est
2295 2104 2424 2141 cum
2468 2087 2780 2143 Athenocle
2820 2089 3094 2161 cyziceno
3132 2092 3533 2166 grammatice,

1974 2172 2071 2244 qui
2100 2173 2424 2229 Aristarcho
2445 2175 2642 2229 melius
2666 2175 2982 2229 Homerum
2996 2178 3296 2250 explicasse
3323 2175 3533 2232 dicitur

1974 2258 2242 2314 Athenaeo
2274 2261 2460 2335 IV,p.
2497 2260 2627 2331 187,
2656 2262 2722 2318 F.
2744 2292 2824 2304 —
2860 2265 2971 2318 Pro
2998 2260 3268 2342 Σιμάκῳ
3312 2266 3535 2320 Jonsius

1973 2347 2205 2420 Seriptt.
2240 2349 2382 2403 nist.
2411 2348 2556 2422 phil.
2587 2351 2645 2417 1,
2678 2367 2743 2419 α,
2777 2367 2811 2404 2
2836 2352 3005 2406 scribi
3026 2349 3188 2423 jubet
3214 2348 3529 2429 Λυσιμάχῳ,

1980 2435 2170 2488 nescio
2201 2453 2367 2507 quam
2400 2447 2575 2493 recte.
2608 2438 2862 2493 Fortasse
2886 2438 3133 2494 Simacus
3164 2437 3315 2494 idem
3337 2455 3417 2494 est
3437 2441 3531 2513 qui

1974 2522 2308 2589 Simocatus,
2348 2540 2517 2596 quem
2566 2522 2639 2579 de
2680 2526 3034 2598 Assyriorum
3077 2526 3311 2582 historia
3342 2527 3534 2582 laudat

1976 2611 2200 2664 Tzetzes
2243 2611 2389 2665 Chil.
2442 2613 2555 2680 111,
2615 2629 2723 2667 100
2767 2612 2855 2686 (v.
2886 2614 3077 2669 Ctesiae
3102 2612 3172 2668 fr.
3208 2614 3276 2690 3,
3305 2633 3364 2687 p.
3407 2614 3530 2689 15).

2057 2697 2193 2767 Quae
2214 2684 2526 2769 sequuntur
2545 2697 2861 2773 fragmenta
2882 2699 2999 2755 duo
3025 2701 3083 2755 in
3110 2705 3434 2757 narratione
3456 2703 3529 2757 de

1984 2783 2367 2838 Semiramidis
2388 2786 2751 2859 expeditione
2779 2786 2976 2844 Indica
3000 2799 3056 2844 et
3080 2789 3411 2863 AEgyptiaca
3446 2791 3531 2844 lo·

1980 2888 2110 2924 cum
2135 2870 2346 2927 habere
2365 2883 2698 2945 potuerunt.

2730 3003 2786 3041 2.

2059 3121 2311 3178 AElianus
2341 3125 2415 3179 Η.
2444 3128 2514 3179 Α.
2544 3126 2743 3194 XVII,
2778 3145 2847 3201 19
2874 3145 2888 3180 ε
2926 3122 3085 3203 Λέγει
3119 3122 3173 3182 δὲ
3205 3123 3399 3184 Δείνων
3430 3127 3521 3204 (Ιί-

1979 3208 2070 3264 bri
2092 3205 2286 3284 Δίνων)
2307 3208 2359 3264 ἐν
2389 3205 2637 3289 Αἰθιοπία
2665 3207 2899 3285 γίνεσθαι
2930 3210 3048 3278 τοὺς
3079 3211 3288 3292 ὄρνιθας
3305 3211 3420 3280 τοὺς
3439 3235 3531 3291 μο-

1976 3292 2197 3373 νοκίρως
2238 3293 2328 3352 καὶ
2370 3283 2428 3360 ’ὗς
2465 3294 2784 3375 τετρακέρως
2832 3298 2922 3356 καὶ
2954 3296 3195 3377 πρόὸατα
3233 3297 3387 3378 ἐρίων
3436 3299 3532 3375 μὲν

1977 3378 2137 3458 ψιλὰ,
2157 3378 2340 3460 τρίχας
2363 3379 2423 3439 δὲ
2445 3380 2702 3458 καμήλων
2728 3381 2938 3461 ἔχοντα.

2058 3466 2195 3532 Τοὺς
2236 3466 2388 3547 ὄρν.]
2436 3466 2531 3534 τὰς
2572 3467 2677 3548 όρν.
2717 3473 2849 3527 cod.
2888 3475 3077 3542 Mon.‚
3123 3472 3281 3546 quod
3328 3476 3543 3547 recepit

1976 3554 2351 3611 Schneiderus
2381 3576 2395 3611 ε
2433 3581 2458 3607 α
2478 3554 2569 3621 τὰς
2587 3560 2810 3632 scripsi,
2830 3561 2930 3614 nisi
2958 3562 3082 3633 quis
3110 3560 3338 3615 seminas
3360 3580 3543 3615 cornu

2705 3729 2726 3776 t
2768 3738 2824 3775 α.

2046 3807 2108 3855 Et
2128 3805 2235 3855 hoec
2251 3806 2449 3869 quidem
2470 3807 2654 3857 Ctesias
2675 3808 2754 3859 ilie
2776 3809 2975 3858 cnidius
2991 3808 3053 3858 de
3068 3810 3378 3860 Semiramide
3397 3812 3546 3862 literis

1985 3881 2201 3932 tradidit.
2233 3884 2488 3934 Athenaeus
2506 3897 2619 3934 vero
2637 3887 2687 3935 et
2714 3885 2911 3949 quidam
2926 3885 3006 3935 alii
3022 3887 3278 3949 scriptores
3306 3890 3541 3950 asserunt,

1983 3959 2284 4010 meretricem
2302 3960 2429 4010 hanc
2446 3962 2588 4012 tuisse
2605 3961 2832 4025 elegantis
2849 3962 3017 4013 formae
3028 4000 3041 4025 ,
3066 3966 3115 4013 et
3137 3964 3202 4013 ob
3222 3964 3545 4027 pulchritudi-

1985 4049 2098 4086 nem
2128 4036 2192 4086 ab
2226 4038 2525 4101 Assyriorum
2552 4053 2662 4103 rege
2687 4039 2978 4089 adamatam.
3011 4046 3077 4090 Ac
3102 4042 3313 4104 primurn
3348 4042 3545 4105 quidem

1987 4113 2281 4164 mediocrem
2316 4115 2360 4164 ei
2398 4115 2446 4164 in
2479 4118 2608 4179 regia
2632 4116 2864 4167 bonorem
2887 4117 3106 4167 habitum
3133 4132 3260 4181 aese;
3286 4132 3403 4169 mox
3427 4133 3545 4170 vero

1987 4190 2213 4254 legitima
2242 4191 2408 4242 uxoris
2431 4206 2609 4242 nomen
2639 4195 2946 4243 consecutam
2963 4230 2978 4254 ‚
3002 4196 3290 4257 persuasisse
3320 4197 3418 4259 regi
3450 4200 3547 4248 tra·

1987 4266 2138 4329 dunt,
2157 4270 2214 4318 nt
2230 4269 2447 4331 quinque
2474 4269 2577 4320 dies
2589 4270 2680 4319 sibi
2700 4284 2844 4333 reguo
2869 4270 3076 4321 cederet.
3110 4275 3308 4335 Soeptro
3335 4273 3479 4336 igitur
3496 4278 3549 4326 et

1989 4345 2117 4407 regia
2129 4344 2253 4395 stola
2269 4345 2491 4408 potitam,
2503 4346 2658 4409 prima
2671 4346 2751 4397 die
2768 4348 2965 4409 epulum
2985 4348 3244 4399 instituisse
3258 4352 3307 4400 et
3321 4352 3547 4402 convivia

1989 4423 2268 4488 magnifica,
2313 4424 2361 4473 in
2405 4425 2582 4487 quibus
2623 4426 2872 4490 copiarum
2915 4427 3065 4477 duces
3102 4430 3152 4479 et
3196 4429 3547 4481 nobilissimum

1989 4513 2233 4564 quemque
2248 4500 2309 4550 ad
2328 4500 2690 4565 obsequendum
2706 4502 2798 4553 sihi
2823 4503 3104 4555 induxisset.
3135 4506 3371 4558 Postridie
3394 4521 3547 4571 quum

1985 4577 2087 4638 iam
2109 4579 2282 4642 vulgus
2294 4581 2343 4629 et
2360 4593 2578 4644 proceres
2594 4579 2661 4630 illi
2673 4618 2690 4646 ‚
2709 4582 2767 4631 ut
2784 4582 2958 4646 regium
2969 4620 2986 4646 ,
3003 4583 3064 4633 ad
3084 4585 3348 4636 ministeria
3372 4589 3552 4651 praesto

1989 4657 2173 4719 essent,
2192 4656 2354 4707 virum
2372 4657 2422 4707 iu
2440 4671 2681 4709 carcerem
2711 4660 3001 4725 compegisse
3022 4682 3034 4711 :
3065 4663 3245 4726 etquis
3271 4663 3460 4728 ingenio
3484 4665 3548 4716 ad

1990 4745 2068 4783 res
2092 4746 2286 4797 magnas
2300 4738 2414 4798 apto
2436 4738 2557 4786 esset
2579 4738 2628 4787 et
2654 4737 2925 4801 confidens,
2947 4739 3086 4788 facile
3114 4740 3368 4803 imperium
3401 4755 3548 4792 occui-

1990 4824 2152 4874 passe,
2184 4825 2340 4875 eoque
2365 4813 2427 4863 ad
2453 4817 2748 4866 senectutem
2771 4829 2926 4880 usque
2947 4819 3150 4880 potitam
3184 4820 3337 4870 multa
3360 4823 3407 4871 et
3432 4834 3551 4884 prae·

1992 4893 2124 4943 clara
2159 4906 2304 4957 opera
2338 4894 2588 4958 peregisse.
2745 4965 2780 5015 2

2064 5043 2240 5092 Narrat
2270 5042 2398 5092 Dino
2438 5043 2487 5093 in
2516 5043 2756 5107 AEthiopia
2784 5045 2915 5094 nasci
2947 5057 3060 5096 aves
3088 5045 3342 5096 unicornes
3365 5046 3413 5095 et
3443 5059 3551 5096 sues

1992 5117 2334 5184 quadricornes
2351 5123 2401 5171 et
2417 5134 2533 5173 oves
2547 5157 2564 5185 ,
2582 5135 2695 5186 quoe
2707 5122 2818 5172 lana
2835 5124 3056 5185 careant,
3072 5136 3241 5173 verum
3256 5122 3552 5172 camelorum

1989 5197 2100 5261 pilis
2117 5195 2314 5248 hirsutae
2331 5196 2444 5248 sint.
