4016 5916
1590 432 1939 492 VuTARUM
1986 434 2482 496 FRAGMENTA.

393 559 511 641 φίας
539 559 629 617 καὶ
666 564 758 630 τῆς
789 558 1021 636 ὁμιλίας,
1061 558 1149 618 καὶ
1184 560 1303 640 περὶ
1330 561 1432 617 τῶν
1460 558 1812 639 θεωρημάτων
1849 559 1939 619 καὶ

391 650 493 706 τῶν
522 647 890 726 ἀκροαμάτων,
920 645 1385 724 εὐδαιμονέστατον
1412 645 1510 726 ἔφη
1532 654 1702 726 κρῖναι
1725 650 1828 706 τῶν
1849 654 1938 708 νῦν

390 735 478 794 τὸν
516 737 617 792 τῶν
647 736 866 814 Περσῶν
905 733 1202 812 βασιλία·«
1178 734 1475 793 «πλεῖσται
1507 735 1610 815 γάρ
1643 736 1769 793 εἰσιν
1799 736 1941 794 αὐτΓι

392 821 483 881 καὶ
502 822 825 880 τελειόταται
843 821 1333 902 παρεσκευασμέναι
1351 822 1554 893 ἡδοναί.
1578 820 1830 902 Δεύτερον
1856 822 1936 894 δὲ,

391 909 550 991 φησι,
579 908 667 967 τὸν
691 910 939 987 ἡμέτερον
970 907 1216 989 τύραννον
1245 908 1356 979 θείη
1376 932 1453 976 τις
1480 907 1561 983 ἂν,
1587 908 1778 992 καίπερ
1807 867 1938 969 πολύ

389 996 715 1074 λειπόμενον.
808 995 1031 1077 Ἐκείνῳ
1046 994 1141 1073 μὲν
1163 993 1264 1075 γὰρ
1282 995 1318 1068 ἥ
1343 1017 1401 1073 γε
1422 995 1566 1055 Ἀσία
1590 997 1687 1068 ὅλη
1705 1004 1938 1076 χορηγεῖ,

391 1084 450 1144 τὸ
475 1083 531 1143 δὲ
561 1082 832 1145 Διονυσίου
857 1083 1133 1164 χορηγεῖον
1166 1085 1431 1149 παντελῶς
1454 1081 1516 1142 ἂν
1546 1083 1746 1149 εὐτελές
1765 1107 1817 1142 τι
1838 1106 1938 1164 φα-

390 1173 497 1243 νείη
536 1171 663 1280 πρὸς
697 1173 862 1230 ἐκεῖνο
894 1168 1309 1251 συγκρινόμενον.
1389 1166 1519 1230 ‘'Ox-t
1561 1170 1679 1276 μὲν,
1680 1160 1768 1229 ουν
1801 1193 1939 1250 περι·

390 1260 624 1341 μάχητός
648 1262 787 1318 ἐστιν
815 1262 842 1317 δ
869 1263 1095 1325 τοιοῦτος
1121 1258 1258 1338 βίος,
1282 1281 1499 1339 φανερον
1534 1261 1592 1316 ἐκ
1610 1261 1712 1316 τῶν
1742 1257 1939 1337 συμὸε-

389 1348 646 1420 6ηκότων.
732 1345 928 1426 Σύρους
949 1345 1042 1423 μὲν
1070 1344 1171 1426 γὰρ
1201 1348 1411 1422 Μῆδοι
1402 1370 1497 1405 ιιετ
1470 1346 1536 1404 -ὰ
1555 1349 1658 1405 τῶν
1682 1347 1938 1425 μεγίστων

387 1435 630 1495 κινδύνων
647 1434 924 1514 ἀφείλαντο
938 1432 1031 1504 τὴν
1053 1433 1320 1513 βασιλείαν
1335 1437 1429 1494 οὐκ
1446 1436 1566 1492 me
1545 1457 1604 1492 ου
1619 1435 1752 1502 τινὸς
1764 1436 1933 1506 ἕνεκα,

385 1523 420 1595 ἢ
442 1528 531 1583 τοῦ
551 1544 821 1603 κυριευσαι
838 1525 930 1592 τῆς
952 1519 1136 1602 Σύρων
1152 1520 1407 1590 ἐξουσίας·
1428 1523 1645 1594 Μήδους
1664 1522 1718 1581 δι
1738 1523 1937 1603 Πέρσαι

386 1606 469 1667 διὰ
493 1607 588 1680 τὴν
611 1607 772 1678 αὐτὴν
806 1605 1004 1665 αἰτίαν·
1031 1605 1164 1679 αὕτη
1198 1608 1244 1665 δ’
1267 1606 1406 1667 ἐστὶν
1435 1612 1468 1679 ἡ
1489 1612 1589 1668 τῶν
1624 1614 1935 1687 σωματικῶν

385 1697 580 1767 ἡδονῶν
619 1694 924 1760 ἀπόλαυσις.
1010 1697 1082 1755 Οἱ
1114 1693 1168 1753 δὲ
1200 1693 1500 1772 νομοθέται,
1528 1696 1790 1773 ὁμαλίζειν
1817 1701 1934 1777 βου-

384 1781 620 1854 ληθέντες
643 1806 703 1841 το
722 1784 827 1840 τῶν
853 1778 1138 1862 ἀνθρώπων
1152 1780 1427 1861 γένος,καὶ
1447 1782 1647 1861 μηδένα
1669 1788 1770 1843 τῶν
1748 1787 1935 1843 νπολι·

383 1874 486 1928 τῶν
507 1880 727 1951 τρυφᾶν,
761 1868 1023 1951 ἀνακύψαι
1049 1870 1373 1942 πεποιήκασι
1407 1871 1467 1930 τὸ
1493 1876 1597 1931 τῶν
1626 1874 1823 1952 ἀρετῶν
1861 1864 1932 1931 εἶ·

390 1957 504 2023 δος·
525 1957 615 2017 καὶ
639 1957 873 2037 ἔγραψαν
898 1957 1086 2035 νόμους
1108 1955 1231 2038 περὶ
1250 1958 1701 2038 συναλλαγμάτων
1723 1959 1934 2018 καὶτῶν

383 2043 555 2102 ἄλλων
584 2043 683 2103 ὅσα
707 2043 872 2103 ἐδόκει
895 2044 1022 2127 πρὸς
1044 2043 1138 2117 τὴν
1175 2043 1444 2118 πολιτικὴν
1478 2047 1744 2106 κοινωνίαν
1775 2053 1933 2126 ἀναγ-

382 2134 509 2189 καῖα
545 2121 714 2210 εἶναι,
754 2130 844 2190 καὶ
880 2131 942 2203 δὴ
985 2130 1075 2190 καὶ
1110 2155 1229 2211 περι
1265 2134 1474 2206 ἐσθῆτος
1503 2133 1593 2193 καὶ
1632 2159 1726 2205 της
1753 2136 1934 2207 λοιπης

383 2218 617 2290 διαίτης,
656 2211 853 2298 ὅπωςῇ
889 2217 1107 2296 ὁμαλής.
1195 2219 1570 2298 Πολεμούντων
1610 2212 1697 2281 οὗν
1725 2224 1827 2279 τῶν
1849 2245 1931 2280 νο·

385 2308 611 2379 μοθετῶν
648 2308 723 2385 τῷ
752 2310 845 2378 τῆς
875 2306 1168 2376 πλεονεξίας
1205 2306 1369 2384 γένει,
1397 2312 1601 2388 πρῶτον
1637 2306 1733 2417 μὲν
1761 2312 1789 2367 ὁ
1816 2308 1933 2382 περὶ

381 2391 478 2463 τὴν
515 2391 841 2462 δικαιοσύνην
893 2391 1098 2462 ἔπαινος
1142 2393 1367 2469 ηὖξηθη,
1414 2397 1505 2454 καὶ
1555 2397 1655 2455 πού
1706 2421 1782 2464 τις
1840 2398 1930 2456 καὶ

381 2479 598 2553 ποιητὴς
624 2480 926 2562 ὶφθίγξατο·

505 2609 813 2668 Δικαιοσύνας
829 2612 885 2661 τὸ
908 2611 1103 2677 χρύσεον
1122 2612 1257 2676 πρόσ
1253 2627 1400 2662 ωπον·

379 2713 470 2773 και
491 2713 682 2773 πάλιν·

500 2836 572 2885 Τὸ
589 2834 787 2900 χρύσεον
806 2835 938 2900 ὄμμα
954 2837 1008 2887 τὸ
1026 2841 1108 2893 τᾶς
1126 2835 1287 2893 Δίκας.

379 2946 664 3022 Ἀπεθεῶθη
710 2947 767 3008 δὲ
818 2946 910 3007 καὶ
956 2948 1082 3008 norb
1121 2948 1181 3008 τὸ
1229 2953 1321 3022 τῆς
1363 2949 1525 3021 Δίκης
1564 2951 1756 3028 ὄνομα·
1793 2951 1927 3012 ὥστε

376 3038 502 3141 παρ’
524 3036 671 3103 ἐνίοις
688 3036 780 3096 καὶ
804 3034 1010 3115 βωμους
1032 3035 1121 3095 καὶ
1143 3036 1319 3103 θυσίας
1337 3035 1567 3115 γίνεσθαι
1597 3040 1750 3117 Δίκῃ.
1777 3040 1929 3100 Μετὰ

376 3123 569 3195 ταύτην
594 3122 648 3182 δὲ
670 3124 760 3183 καὶ
784 3123 1119 3205 σωφροσύνην
1141 3124 1233 3182 καὶ
1251 3124 1554 3205 ἐγκράτειαν
1579 3127 1930 3205 ἐπεισεκώμα·

379 3233 498 3287 σαν,
545 3210 637 3270 καὶ
682 3211 984 3280 πλεονεξίαν
1025 3211 1280 3271 ἐκάλεσαν
1332 3211 1428 3284 τὴν
1476 3214 1530 3271 ἐν
1577 3214 1927 3273 ἀπολαύσεσιν

379 3300 667 3378 υπεροχήν·
696 3297 830 3358 ὥστε
858 3298 949 3358 καὶ
980 3321 1067 3357 τον
1095 3304 1479 3382 πειθαρχουντα
1506 3301 1608 3368 τοῖς
1635 3301 1810 3378 νόμοις
1836 3302 1927 3361 καὶ

380 3390 447 3463 τῇ
480 3389 583 3443 τῶν
617 3388 823 3445 πολλῶν
853 3386 1001 3469 φήμῃ
1032 3388 1323 3466 μετριάζειν
1349 3387 1469 3469 περὶ
1501 3387 1595 3455 τὰς
1626 3388 1928 3467 σωματικὰς

378 3471 634 3543 ηδονάς.»

377 3640 596 3703 plurim-'e
604 3640 722 3690 sint
711 3655 757 3691 ιιι
771 3644 995 3704 promptu
1010 3641 1451 3706 etexquisitissimae
1460 3642 1746 3706 voluptates.
1759 3643 1831 3694 Ab
1842 3644 1927 3693 illo

375 3731 493 3768 vero
504 3721 788 3784 secundum,
801 3721 886 3782 ait,
901 3723 1121 3771 nostrum
1135 3723 1392 3784 tyrannum
1406 3734 1506 3772 non
1518 3722 1757 3773 immerito
1771 3722 1928 3785 quivis

372 3794 691 3859 iudicaverit,
727 3810 1027 3861 quamquem
1061 3799 1200 3862 longe
1225 3798 1515 3849 inferiorem.
1540 3800 1613 3850 uli
1632 3812 1840 3863 namque
1864 3799 1927 3849 ab

375 3873 486 3923 Asia
502 3876 602 3924 tota
620 3873 986 3937 suppeditantur
998 3888 1110 3939 quae
1123 3888 1245 3939 opus
1256 3878 1400 3925 sunt·
1417 3875 1550 3938 quod
1567 3878 1732 3926 autem
1750 3876 1922 3939 Diony·

372 3952 444 4001 sio
456 3952 684 4016 suppetit,
698 3953 739 4001 si
753 3966 865 4002 cum
880 3953 963 4003 iilo
973 3956 1297 4017 comparetur,
1312 3955 1539 4018 exiguum
1553 3968 1611 4005 sc
1623 3954 1720 4004 vile
1732 3968 1925 4018 prorsus

372 4029 583 4080 videtur.
607 4030 748 4080 illam
770 4044 882 4093 ergo
903 4032 1053 4082 vitam
1075 4032 1289 4095 inprimis
1321 4045 1422 4083 esse
1444 4032 1739 4094 optabilem,
1775 4032 1925 4095 liquet

373 4120 435 4157 ex
457 4108 513 4159 iis
532 4122 644 4171 quae
662 4108 956 4159 acciderunt.
984 4110 1172 4161 Etenim
1192 4112 1326 4174 Syris
1345 4111 1559 4161 maximo
1577 4124 1689 4161 cum
1714 4111 1926 4174 periculo

372 4184 498 4234 Medi
524 4198 720 4248 regnum
739 4186 1038 4250 ademerunt,
1057 4200 1155 4237 non
1178 4189 1272 4237 alis
1291 4187 1353 4238 de
1380 4200 1580 4248 caussa,
1597 4201 1745 4249 quam
1761 4191 1815 4237 ut
1828 4188 1925 4237 illo·

374 4274 480 4310 rum
511 4262 683 4324 opibus
703 4265 753 4312 et
775 4262 980 4313 fortunis
1012 4264 1299 4326 potirentur.
1339 4266 1498 4315 Persae
1532 4263 1688 4315 Medis
1720 4277 1919 4326 regnum

371 4338 646 4399 eripuerunt
667 4337 836 4388 eodem
865 4339 1006 4402 plane
1024 4340 1250 4402 consilio;
1276 4353 1451 4404 nempe
1471 4342 1527 4390 ut
1547 4340 1764 4402 corporis
1790 4341 1922 4389 voln-

370 4414 580 4477 ptatibus
597 4414 885 4466 fruerentur.
903 4419 965 4466 Αι
985 4377 1274 4480 legislatores
1290 4431 1441 4480 quum
1452 4416 1728 4467 mortalium
1745 4420 1922 4467 sortem

370 4504 563 4554 aequare
585 4493 794 4556 vellent,
819 4496 869 4543 et
886 4492 1027 4543 luxui
1050 4494 1240 4544 nullum
1259 4507 1287 4544 e
1304 4493 1492 4545 civibus
1510 4493 1782 4557 indulgere,
1801 4494 1921 4544 esse·

371 4566 543 4620 cerunt
562 4573 618 4620 ut
639 4530 835 4623 virtutis
859 4571 1040 4636 species
1067 4574 1359 4636 emergeret,
1388 4572 1611 4636 legesque
1644 4574 1921 4636 promulga-

371 4651 484 4699 runt
499 4648 561 4700 de
588 4650 729 4701 rebus
746 4650 1110 4714 contrahendis,
1133 4654 1182 4701 et
1204 4651 1309 4701 aliis
1331 4664 1631 4714 quaecunque
1651 4651 1711 4702 ad
1731 4651 1921 4702 civilem

368 4724 642 4777 societatem
664 4728 931 4779 necessaria
950 4731 1065 4778 sunt
1094 4728 1342 4788 arbitrati,
1366 4728 1633 4790 quinetiam
1660 4728 1721 4779 de
1744 4728 1919 4779 vestitu

370 4806 419 4854 et
438 4805 619 4868 reliquo
636 4809 742 4858 toto
759 4808 920 4871 victu,
946 4809 1003 4857 ut
1016 4810 1140 4859 esset
1158 4808 1284 4857 inter
1301 4819 1469 4857 omnes
1481 4807 1742 4871 aequabilis
1760 4812 1920 4867 Quum

370 4882 515 4945 igitur
539 4882 766 4935 adversus
792 4885 1122 4946 impotentiam
1140 4884 1389 4935 bominum
1406 4883 1491 4949 qui
1508 4898 1593 4948 per
1610 4885 1710 4935 vim
1723 4887 1772 4936 et
1794 4886 1921 4936 t'rau·

369 4958 455 5009 des
474 4959 614 5023 plura
629 4974 777 5023 quam
795 4962 876 5011 alii
907 4964 1082 5026 praeter
1103 4962 1183 5024 jus
1200 4962 1440 5025 possidere
1460 4962 1762 5024 obnituntur,
1780 4963 1920 5026 legis·

369 5035 545 5087 latores
563 5038 745 5088 bellum
768 5041 1013 5101 gererent,
1042 5039 1251 5102 primum
1282 5039 1475 5103 quidem
1499 5039 1699 5101 justitiae
1719 5039 1826 5089 laus
1850 5044 1920 5090 eet

369 5114 686 5177 amplificata,
700 5118 751 5166 et
768 5116 1029 5167 celebravit
1043 5120 1183 5180 poeta
1200 5118 1438 5182 quispiam
1453 5130 1672 5168 auream
1686 5120 1920 5168 Jusnnoe

370 5191 591 5246 taciem.-
606 5206 858 5257 acrursus,
875 5208 1093 5247 aureum
1109 5199 1344 5248 Juslieioe
1366 5194 1609 5247 oculum.-
1627 5195 1922 5260 deorumque

3471 458 3581 509 277

2767 570 2854 628 16.

2428 688 2635 766 [ΒΙΟΣ
2688 691 3191 770 ΞΕΝΟΦΙΛΟῚ].

2108 812 2343 866 Lucian.
2381 814 2648 887 LongaeV.
2685 832 2736 870 c.
2767 813 2859 888 18,
2891 833 2952 888 p.
2985 814 3098 881 642
3129 815 3218 874 ed.
3249 818 3382 873 Did.
3424 838 3439 874 ι

2030 895 2233 976 νόφιλος
2261 900 2289 954 ὁ
2310 897 2587 975 μουσικὸς,
2617 897 2687 964 ὥς
2711 922 2865 979 φησιν
2897 899 3262 982 Ἀριστόξενος,
3303 905 3583 985 προσσχων

2029 987 2094 1060 τῇ
2144 983 2448 1064 Πυθαγόρου
2489 986 2764 1067 φιλοσοφία
2810 986 2943 1067 ὑπὲρ
2979 1011 3046 1045 τα
3083 987 3237 1046 πέντε
3265 989 3354 1047 καὶ
3399 989 3583 1048 ἑκατὸν

2031 1069 2121 1142 ἔτη
2151 1070 2397 1144 Ἀθήνησι
2429 1072 2633 1134 ἐδίωσε.

2108 1163 2358 1220 Valerius
2399 1165 2550 1219 Max.
2595 1167 2766 1241 VIII,
2825 1165 2925 1236 13,
2979 1164 3074 1221 3:
3124 1168 3360 1222 Biennio
3406 1188 3585 1224 mmor

2032 1247 2049 1324 (
2090 1250 2300 1325 Gorgia
2373 1253 2656 1308 Leontino
2697 1252 2715 1329 )
2769 1251 3124 1328 Xenophilus
3194 1253 3577 1310 Chalcidensis·

2029 1336 2444 1412 Pythagoricus,
2464 1339 2567 1393 sed
2564 1335 2854 1409 selu-etate
2866 1358 2976 1396 non
2997 1340 3244 1411 Inferior.
3266 1341 3573 1415 Siquidem,

2028 1436 2089 1477 ut
2108 1427 2470 1480 Aristoxenus
2495 1429 2728 1481 musicus
2751 1433 2863 1496 ait,
2900 1432 3076 1483 omnis
3101 1427 3340 1484 humani
3369 1435 3581 1486 incoen-

2030 1511 2177 1564 modi
2213 1530 2412 1587 expers
2454 1516 2511 1566 in
2554 1531 2767 1569 summo
2812 1511 3243 1589 perfecte'ssImoe
3288 1518 3581 1590 splendore

2027 1599 2297 1653 doctrina·
2324 1604 2623 1655 exstinctus
2648 1613 2747 1659 est.
2769 1601 2851 1659 Cf.
2868 1603 3079 1657 Plinius
3105 1604 3179 1658 H.
3209 1604 3436 1676 N.v11‚
3464 1602 3573 1660 50.

2027 1686 2408 1761 Xenophilum
2462 1692 2725 1743 musicum
2774 1701 2989 1744 centum
3030 1701 3088 1744 et
3129 1694 3367 1764 quinque
3412 1698 3580 1744 annis

2027 1778 2228 1830 vixisse
2249 1779 2370 1828 sine
2398 1775 2511 1829 ullo
2532 1781 2772 1849 corporis
2792 1777 3149 1832 incommodo.
3187 1810 3250 1820 —·
3268 1779 3578 1851 Xenophili

2025 1861 2194 1916 vitam
2226 1861 2610 1933 conscripsisse
2637 1863 3032 1918 Aiistoxenum
3073 1864 3444 1938 probabiliter
3470 1877 3577 1920 sta·

2029 1950 2135 2003 tuit
2160 1951 2190 2003 J
2197 1967 2400 2004 onsius

2105 2038 2204 2092 His
2242 2035 2477 2108 subjicio
2494 2055 2635 2139 “quae
2670 2055 2763 2110 ap.
2803 2036 3088 2094 Stobaeum
3129 2051 3186 2095 et
3223 2041 3575 2095 Damnst-ium

2026 2123 2337 2179 asseruntur
2371 2124 2430 2180 ἐκ
2459 2124 2561 2178 τῶν
2585 2120 2928 2198 Ἀριστοξένου
2958 2125 3329 2203 Πυθαγορικῶν
3365 2125 3573 2204 ἀποφά·

2025 2229 2182 2268 σεων.
2222 2212 2357 2283 Quae
2383 2229 2519 2265 num
2556 2212 2840 2284 peculiare
2875 2230 3016 2286 opus
3044 2214 3458 2283 constituerint,
3503 2233 3575 2269 an

2023 2298 2158 2352 Vitis
2196 2299 2692 2373 Pythagoricorum
2726 2299 2935 2372 junctae
2971 2311 3028 2355 et
3071 2301 3293 2355 intextae
3338 2301 3570 2368 suerint,

2023 2402 2140 2438 non
2160 2386 2285 2440 satis
2312 2386 2504 2458 liquet.
2541 2386 2692 2441 Illud
2728 2405 2842 2442 esse
2880 2388 3066 2442 verius
3095 2387 3320 2443 videtur
3343 2389 3572 2443 Mnhnio

2023 2472 2343 2543 conjicienti
2401 2472 2474 2528 ad
2517 2475 2836 2529 Aristoxeni
2882 2493 3024 2547 opus
3048 2476 3323 2548 respicere
3351 2475 3575 2531 Iambli-

2023 2561 2191 2615 chum
2216 2563 2284 2618 V.
2317 2562 2380 2615 P.
2412 2560 2616 2634 §101,
2642 2561 2879 2617 abiait
2918 2559 3273 2636 Παραδιδοται
3295 2559 3459 2618 δὲκαὶ
3487 2559 3575 2617 ἄλ·

2022 2646 2106 2710 λος
2144 2643 2328 2723 τρόπος
2350 2643 2668 2711 παιδεύσεως
2693 2644 2780 2703 διὰ
2812 2650 2914 2704 τῶν
2955 2648 3325 2727 Πυθαγορικῶν
3362 2645 3570 2725 αποφά-

2022 2755 2173 2793 σεων.
2195 2736 2320 2807 Quo
2345 2753 2413 2790 ex
2442 2735 2573 2790 loco
2599 2753 2746 2809 nego
2767 2735 2954 2810 colligi
2981 2734 3292 2809 quidquam
3310 2755 3492 2810 posse.

2755 2891 2776 2926 ¹
2791 2889 2847 2941 7·

2278 2995 2801 3055 ΠΥΘΑΓΟΡΙΚΑΙ
2848 2994 3315 3053 ΑΠΟΦΑΣΕΙΣ.

2099 3129 2351 3185 Stobaeus
2389 3130 2658 3204 Florileg.
2695 3129 2780 3199 X,
2810 3128 2941 3199 67.
2971 3125 3070 3186 Ἐκ
3097 3128 3199 3183 τῶν
3228 3124 3560 3204 Ἀριστοξένοι

2025 3215 2397 3292 Πυθαγορικῶν
2413 3213 2745 3292 ἀποφάσεων.
2769 3247 2840 3257 -
2853 3214 2904 3272 Π
2909 3210 2987 3290 epi
2999 3213 3050 3270 δὲ
3063 3212 3336 3283 ἐπιθυμίας
3347 3212 3458 3269 τάδ’
3471 3211 3573 3270 ἕλε·

2021 3323 2144 3379 γεν·
2171 3290 2328 3360 Εἶναι
2350 3299 2409 3359 τὸ
2441 3300 2602 3365 πάθος
2626 3323 2778 3359 τουτο
2794 3300 3027 3358 ποικίλον
3046 3298 3136 3358 καὶ
3164 3296 3455 3358 πολύπονον
3482 3299 3567 3357 καὶ
3621 3362 3630 3373 ,

2025 3387 2490 3447 πολυειδίστατον·
2519 3377 2649 3446 εἶναι
2679 3385 2734 3446 δὲ
2762 3390 2864 3446 τῶν
2894 3389 3177 3463 ἐπιθυμιῶν
3210 3384 3301 3452 τὰς
3324 3386 3419 3462 μὲν
3456 3388 3569 3443 ἐπι-

2020 3474 2237 3547 κτητους
2269 3497 2324 3533 τε
2370 3473 2461 3533 καὶ
2502 3474 2976 3554 παρασκευαστὰς,
3023 3472 3115 3540 τὰς
3153 3472 3206 3530 δὲ
3250 3471 3568 3552 συμφύτους·

2017 3656 2222 3693 numero
2253 3642 2513 3705 ascriptum
2531 3644 2604 3692 est
2621 3642 2828 3693 sustitiae
2846 3654 3051 3690 nomeu·
3072 3642 3119 3690 et
3138 3639 3345 3689 Justitiae
3372 3638 3566 3701 quidam

2015 3721 2111 3769 aris
2149 3719 2409 3769 exstructis
2432 3718 2648 3768 divinam
2677 3732 2778 3769 rem
2804 3718 3067 3767 recerunt.
3056 3715 3266 3765 d·einde
3283 3718 3568 3777 Temperan-

2013 3799 2134 3847 tiam
2153 3799 2203 3847 et
2215 3797 2570 3847 Continentiam
2585 3797 2891 3858 invexerunt,
2910 3797 2960 3845 et
2977 3809 3058 3845 eos
3075 3794 3159 3857 qui
3181 3797 3337 3845 essent
3356 3794 3567 3844 fruendis

2017 3874 2344 3937 voluptatibus
2369 3872 2533 3936 nimii,
2563 3872 2653 3922 sibi
2681 3872 2810 3935 justo
2829 3873 2966 3934 plura
2983 3870 3225 3920 vindicare
3256 3872 3305 3919 et
3336 3882 3568 3931 usurpare

2014 3950 2258 4000 dixerunt.
2292 3952 2367 3998 lta
2391 3909 2573 3997 tactuin
2595 3951 2669 3997 est
2695 3950 2748 3996 ut
2772 3947 2855 4008 qui
2891 3945 3072 4008 legibus
3096 3944 3320 4007 vulgique
3354 3942 3565 4004 opinioni

2014 4028 2376 4090 obsequeretur,
2415 4025 2613 4075 modum
2646 4026 2830 4074 teneret
2862 4023 2912 4072 in
2959 4034 3297 4084 corporearum
3335 4019 3555 4070 fruitione

2014 4106 2339 4168 voluptatum.

2409 4229 2630 4307 [VITA
2673 4226 3111 4288 XENOPHILI.
3125 4224 3147 4302 ]

2750 4361 2834 4411 16.

2077 4471 2376 4534 xenophilus
2407 4473 2650 4530 musicus,
2689 4469 2744 4517 ut
2774 4470 2846 4516 ait
2870 4466 3210 4528 Aristoxenus,
3237 4465 3564 4529 Pythagoricae

2012 4550 2321 4613 philosophiae
2337 4548 2554 4610 deditus,
2578 4560 2722 4610 supra
2738 4546 2952 4609 quinque
2970 4548 3020 4595 et
3038 4546 3231 4595 centum
3246 4557 3396 4594 annos
3419 4545 3562 4595 Athe·

2012 4628 2087 4678 nis
2112 4628 2250 4678 vixit.

2185 4738 2877 4801 PYTHAGOREORUM
2919 4736 3212 4797 SENTEN
3218 4737 3391 4796 ‘1⁸1AE

2747 4863 2830 4914 17.

2073 4964 2142 5011 De
2160 4960 2543 5025 concupiscentia
2561 4964 2723 5011 autem
2743 4961 2850 5010 baec
2861 4958 3081 5011 dicebat:
3068 4958 3414 5010 ·At'i'ectionem
3438 4958 3556 5007 liant

2011 5039 2196 5088 variam
2213 5053 2344 5100 esse,
2369 5038 2656 5088 laboriosam
2688 5040 2738 5087 et
2753 5036 3104 5086 multiformem
3123 5035 3347 5085 maxime
3369 5034 3559 5098 cupidi·

2008 5117 2166 5165 tatum
2203 5120 2365 5167 autem
2392 5115 2510 5165 alias
2538 5128 2639 5165 esse
2675 5113 2961 5165 accensorias
2993 5116 3140 5176 atque
3163 5112 3414 5173 ascititias,
3446 5111 3560 5160 alias

2010 5208 2124 5244 vero
2140 5198 2386 5246 connatas.
2407 5197 2469 5245 At
2498 5194 2649 5257 ipsam
2669 5192 2982 5259 cupiditatem
3008 5191 3262 5244 deliniebat
3284 5204 3385 5241 esse
3407 5191 3557 5256 impe·
