4016 5916
1717 429 2158 490 MESSENIUS.

338 574 565 649 ingenio
601 588 703 626 suo
732 570 866 624 11011
894 586 1083 623 10111111
1104 584 1207 641 per
1248 565 1447 620 orbem
1477 576 1752 620 terrarum
1785 581 1885 618 or-

342 660 489 716 dinis
533 665 732 712 auctor
775 656 1003 710 exstitit.
1041 654 1304 710 Ceterum
1354 669 1525 724 quum
1576 650 1889 726 argumenti

338 747 506 819 hujus
536 741 982 817 magnitudinem
1008 740 1179 794 trium
1208 738 1487 793 librorum
1515 737 1777 813 angustiis
1802 736 1891 789 in-

343 834 551 889 clusam
592 827 910 897 videamus,
946 826 1100 882 ultro
1140 826 1471 900 intelligitur
1510 842 1627 879 non
1662 822 1725 877 id
1757 822 1889 895 phi-

342 918 645 993 losophum
684 924 939 970 nostrum
984 912 1182 988 egisse,
1232 919 1298 966 ut
1352 911 1569 985 singula
1609 912 1798 966 omnia
1839 919 1894 964 et

342 1004 709 1064 minutissima
743 1018 979 1076 quaeque
999 1008 1377 1074 percenseret,
1405 997 1506 1054 sed
1539 997 1761 1053 delectu
1788 998 1894 1053 ha-

345 1095 467 1150 bito
484 1135 499 1163 ,
541 1091 765 1149 nonnisi
801 1089 1028 1144 summis
1060 1103 1249 1142 rerum
1288 1085 1586 1140 momentis
1629 1085 1893 1139 immora-

351 1193 468 1237 tum
494 1197 607 1234 esse
623 1220 638 1247 ,
662 1176 880 1250 reliqua
900 1174 1084 1230 obiter
1104 1172 1520 1246 perstrinxisse3
1542 1170 1629 1226 his
1647 1169 1892 1244 denique

350 1269 519 1324 etiam
542 1264 857 1319 orationem
882 1258 1328 1317 accommodasse
1351 1259 1690 1314 succinctam
1704 1299 1720 1327 ,
1740 1272 1891 1331 pres·

349 1374 484 1422 sam,
505 1352 884 1426 perspicuam.
909 1347 1081 1402 Testis
1105 1364 1243 1402 1010
1279 1345 1446 1417 hujus
1467 1346 1552 1400 rei
1574 1344 1729 1402 adest
1752 1344 1888 1400 Por·

350 1442 581 1516 phyrius
630 1435 737 1515 (sr.
786 1454 807 1490 1
830 1431 848 1511 )
894 1433 1274 1492 Dicaearchum
1321 1432 1512 1487 dicens
1552 1450 1621 1487 ex
1660 1449 1898 1487 numero

351 1545 463 1582 esse
491 1537 791 1583 auctorum
812 1521 915 1577 τῶν
945 1516 1211 1595 συντόμως
1238 1540 1292 1576 τε
1311 1520 1440 1594 ὁμοῦ
1466 1516 1556 1576 καὶ
1586 1515 1813 1597 ἁκριὸῶς
1834 1515 1900 1574 τὰ

352 1605 637 1681 Ἑλληνικὰ
667 1603 1083 1683 συναγαγόντων.

431 1703 629 1774 Longe
657 1697 816 1752 aliter
838 1695 910 1751 de
935 1694 1123 1768 operis
1145 1692 1326 1750 nostri
1346 1693 1665 1750 oeconomia
1689 1702 1900 1749 statue-

350 1798 485 1841 runt
508 1784 783 1853 Manius,
814 1784 1181 1838 Buttmannus
1198 1822 1214 1850 ,
1246 1780 1471 1837 Naekius
1500 1778 1682 1856 (Mus.
1710 1779 1895 1835 Rhen.

361 1872 529 1941 1832,
560 1871 688 1927 fasc.
720 1888 745 1925 1
771 1868 820 1946 ),
839 1870 1108 1928 Osannus.
1132 1891 1155 1917 α
1175 1869 1418 1923 Primam
1433 1866 1548 1938 ejus
1568 1868 1651 1922 rei
1679 1864 1901 1945 (Fuhrii

354 1978 414 2032 p.
440 1978 508 2033 9¹
542 1957 715 2013 verba
744 1954 910 2030 sunt)
952 1956 1299 2011 mentionem
1336 1956 1585 2010 Marxius
1612 1954 1771 2024 fecit,
1812 1972 1901 2009 ac·-

355 2046 694 2100 curatiorem
746 2040 954 2098 deinde
1005 2043 1413 2117 expositionem
1459 2043 1799 2097 Buttmanno
1849 2053 1905 2096 et

354 2151 470 2206 prae
508 2129 769 2187 omnibus
803 2129 998 2185 Naekio
1036 2128 1338 2199 debemus,
1370 2147 1493 2202 quae
1521 2128 1715 2184 eadem
1759 2146 1903 2183 non-

356 2220 525 2274 nullis
560 2227 744 2271 tamen
771 2216 1085 2270 rationibus
1132 2217 1428 2271 immutata
1454 2216 1525 2270 ab
1576 2216 1792 2271 (banno
1828 2216 1902 2269 ita

358 2305 603 2361 indicata
642 2314 721 2358 est
771 2322 785 2356 2
833 2304 1080 2357 Primum
1108 2303 1317 2358 librum
1356 2303 1643 2358 historiam
1683 2303 1906 2359 Graeciae

360 2391 697 2447 continuisse
737 2388 1074 2459 conjiciunt,
1125 2399 1189 2444 ut
1219 2399 1437 2463 partem
1465 2390 1525 2444 in
1548 2399 1729 2443 totum
1765 2407 1908 2462 opus

360 2475 807 2533 introducentem
825 2516 842 2545 ,
899 2476 1063 2547 eique
1101 2477 1384 2532 universas
1417 2476 1780 2550 geographici
1816 2494 1907 2530 ar-

359 2566 610 2641 gumenti
635 2563 1037 2638 expositiones,
1066 2563 1211 2618 sicut
1232 2562 1303 2619 de
1330 2565 1550 2619 ratione
1577 2565 1724 2618 inter
1749 2562 1906 2618 Grae-

360 2654 503 2709 ciam
552 2661 607 2707 et
653 2662 893 2706 ceteram
935 2660 1137 2706 terram
1174 2649 1582 2719 intercedente,
1623 2649 1909 2720 adjunctas

362 2740 541 2796 fuisse.
572 2741 641 2794 In
666 2735 913 2793 secundo
942 2735 1148 2792 deinde
1181 2736 1333 2791 libro
1365 2735 1799 2809 descriptionem
1821 2736 1908 2790 ci-

359 2828 591 2883 vitatum
628 2824 981 2893 Graecarum,
1012 2824 1203 2897 quales
1229 2825 1472 2880 auctoris
1497 2835 1654 2879 301310
1685 2824 1913 2879 exstitis-

358 2924 481 2971 sent
497 2955 513 2984 ‚
540 2912 999 2987 comprehensam
1025 2910 1188 2967 fuisse
1212 2911 1271 2966 in
1293 2928 1477 2985 eoque
1493 2911 1734 2986 singulas
1761 2911 1908 2968 πολι-

360 2999 499 3065 τείας
519 3003 740 3057 13110110
768 3018 936 3073 quam
966 3000 1294 3073 investigare
1314 3000 1431 3071 jam
1454 3017 1574 3054 non
1591 3000 1782 3055 liceret
1807 2999 1909 3056 ob·

360 3101 572 3146 servata
590 3107 647 3144 se
675 3088 938 3161 deinceps
952 3088 1245 3160 excepisse.
1271 3088 1519 3142 Tertium
1546 3104 1683 3141 1010
1703 3086 1910 3141 1111111111

361 3178 535 3232 vitam
556 3175 917 3231 domesticam
952 3174 1276 3230 Graecorum
1300 3192 1428 3228 cum
1470 3175 1689 3229 theatro
1723 3173 1913 3229 omni-

361 3263 580 3335 busque
606 3262 772 3317 rebus
803 3260 877 3317 ad
916 3261 976 3316 id
1000 3260 1442 3334 pertinentibus,
1488 3259 1635 3316 ludis
1672 3261 1913 3335 publicis

360 3350 759 3423 religionisque
786 3348 939 3402 cultu
960 3346 1307 3420 descripsisse
1334 3357 1391 3402 et
1418 3348 1477 3400 in
1495 3348 1793 3422 singularia
1810 3349 1912 3402 ite·

362 3454 490 3492 rum
537 3436 718 3509 capita
771 3434 1145 3508 singularibus
1188 3434 1364 3488 titulis
1405 3435 1641 3507 praedita
1675 3433 1912 3490 divisum

362 3524 543 3580 fuisse.
566 3548 588 3571 ιι
609 3524 684 3579 Hi
704 3522 874 3597 igitur
893 3529 948 3576 et
976 3518 1254 3584 Πολιτείας
1273 3531 1330 3575 01
1344 3539 1488 3595 opus
1515 3518 1646 3599 Περὶ
1666 3523 1917 3596 μουσικῆς

369 3610 558 3683 (quod
576 3622 760 3666 tamen
780 3609 999 3663 nullum
1017 3607 1152 3682 fuit)
1171 3617 1225 3663 et
1246 3605 1380 3683 Περὶ
1400 3610 1660 3681 μουσικῶν
1682 3605 1915 3684 ἀγώνων,

366 3695 638 3768 denique,
676 3695 943 3769 quoniam
962 3696 1022 3748 in
1051 3696 1176 3752 Vita
1192 3694 1416 3750 Graeciae
1438 3693 1726 3768 Euripidis
1750 3713 1916 3750 meu-

365 3785 449 3838 tio
484 3781 580 3853 fit,
611 3785 777 3838 etiam
803 3781 1141 3837 Didascalias
1166 3783 1225 3837 in
1243 3791 1439 3856 poetas
1464 3783 1705 3856 tragicos
1735 3793 1790 3838 et
1818 3801 1920 3838 co-

364 3872 541 3926 micos
568 3872 627 3925 111
648 3871 785 3926 Vitae
818 3869 996 3925 libros
1035 3880 1146 3925 tres
1183 3870 1503 3926 inferciunt.
1534 3869 1703 3941 Quod
1748 3888 1918 3944 quam

365 3959 437 4013 sit
456 3959 800 4030 violentum,
839 3956 1195 4012 arbitrarium
1214 4000 1232 4031 ,
1273 3968 1330 4014 01
1358 3974 1431 4012 110
1454 3956 1753 4031 probabile
1795 3961 1920 4032 qui·

365 4045 495 4101 dem
510 4086 526 4114 ,
556 4046 855 4100 rectissime
881 4056 1224 4100 monuerunt
1242 4063 1439 4100 censor
1456 4046 1635 4100 Musei
1659 4045 1918 4100 Rbenani

374 4132 521 4188 1832
538 4174 555 4202 ,
580 4130 831 4188 Rankius
848 4130 1031 4186 invit.
1062 4132 1469 4207 Aristophanis,
1492 4132 1623 4189 coll.
1647 4132 1918 4205 Epheme-

368 4219 485 4278 rid.
508 4218 680 4274 schol.
706 4216 873 4288 1832,
888 4235 949 4291 p.
974 4217 1108 4289 713,
1131 4220 1441 4277 etFuhrius
1457 4238 1517 4293 p.
1544 4218 1617 4274 85
1641 4238 1793 4293 sqq„
1820 4223 1918 4293 qui

370 4307 671 4363 rectissime
711 4304 784 4362 de
824 4304 916 4362 his
953 4308 1213 4379 ex‘ponit,
1256 4326 1596 4381 quamquam
1632 4308 1750 4381 ipse
1796 4325 1918 4381 quae

366 4393 538 4448 fuerit
581 4391 768 4466 operis
788 4390 1086 4448 adornatio
1113 4394 1175 4447 in
1214 4393 1405 4448 medio
1434 4394 1721 4467 relinquit.
1769 4395 1918 4452 Nolo

369 4498 477 4554 ego
496 4480 614 4536 haec
627 4498 779 4535 nunc
800 4489 1087 4554 repetere;
1116 4481 1315 4538 inutile
1345 4481 1491 4537 enim
1516 4481 1683 4540 foret.
1709 4484 1919 4540 Verum

368 4585 589 4624 causam
625 4585 908 4642 exponere
941 4568 1142 4641 refert,
1170 4587 1271 4625 cur
1297 4570 1406 4625 viri
1449 4571 1638 4625 eximii
1675 4572 1734 4625 in
1769 4571 1919 4644 ejus-

368 4655 528 4710 modi
540 4655 871 4711 sententiam
890 4657 1382 4732 compellerentur,
1394 4658 1633 4715 Fuhrius
1649 4677 1807 4728 1010,
1821 4661 1922 4715 0151

369 4741 587 4799 admitti
602 4759 725 4799 eam
750 4761 870 4799 non
885 4762 1049 4818 posse
1058 4746 1443 4819 perspexisset,
1468 4755 1652 4801 tamen
1672 4747 1744 4802 de
1761 4744 1922 4802 refin-

369 4829 554 4904 genda
583 4830 770 4905 operis
797 4830 1167 4887 adornatione
1193 4832 1534 4907 desperaret.
1564 4834 1839 4888 Nimirum
1862 4835 1921 4887 in

370 4916 717 4973 editionibus
744 4916 1211 4992 Geographorum
1246 4921 1531 4975 minorum
1562 4930 1845 4994 tamquam
1891 4939 1921 4976 e

368 5004 677 5060 Dicaearchi
693 5005 818 5061 Vita
843 5003 1069 5060 Graeciae
1096 5004 1431 5061 exhibentur
1462 5006 1576 5061 loci
1604 5004 1751 5081 duo,
1776 5025 1919 5080 quo-

369 5109 498 5146 rum
526 5092 702 5148 altero
732 5090 1125 5148 describuntur
1142 5092 1392 5162 Athena,
1411 5092 1581 5149 urbes
1604 5092 1830 5150 Boeotiae
1869 5108 1923 5150 et

370 5177 587 5235 Chalcis
608 5179 891 5250 Euboica3
921 5180 1100 5236 altero
1128 5189 1325 5236 auctor
1357 5181 1545 5236 multis
1586 5198 1645 5237 se
1672 5179 1924 5237 defendit

3413 434 3531 487 229

1980 560 2137 635 quod
2157 563 2215 615 in
2241 560 2452 617 Graecia
2468 558 2833 614 describenda
2855 577 3032 632 usque
3055 558 3128 614 ad
3155 560 3400 614 Peneum
3431 557 3537 613 flu-

1982 651 2136 703 vium
2165 650 2233 703 sit
2260 665 2601 722 progressus.
2627 649 2784 702 Patet
2813 646 3122 721 fragmenta
3144 664 3257 701 esse
3284 646 3413 701 libri
3440 648 3537 719 qui

1983 737 2154 790 totius
2165 734 2386 791 Graeciae
2402 733 2834 809 descriptionem
2846 732 3278 807 geographicam
3294 735 3540 789 contine-

1981 822 2099 880 bat.
2116 825 2238 878 Jam
2259 838 2398 878 vero
2420 822 2464 875 si
2482 838 2614 875 vere
2627 820 2745 874 11πο
2765 838 2796 874 0
2816 821 2940 874 Vita
2959 819 3183 876 Graeciae
3203 818 3538 892 deprompta

1982 921 2140 979 sunt,
2173 907 2298 964 fieri
2323 909 2555 964 omnino
2588 924 2706 961 non
2738 908 2926 980 potuit
2960 917 3025 961 111
3062 924 3166 980 per
3201 924 3394 961 omnes
3433 915 3542 962 tres

1985 996 2162 1052 libros
2191 998 2362 1052 vitam
2391 995 2716 1052 Graecorum
2742 992 3052 1049 secundum
3071 993 3403 1048 historicum
3425 992 3542 1065 ejus

1987 1102 2342 1159 progressum
2366 1081 2721 1140 Dicaearchus
2743 1082 3130 1156 explicaverit,
3156 1098 3342 1152 neque
3365 1079 3540 1153 quid--

1989 1189 2159 1244 quam
2185 1172 2442 1226 relictum
2486 1179 2637 1236 erat,
2682 1170 2789 1224 nisi
2821 1177 2885 1223 ut
2922 1179 3143 1242 partem
3181 1167 3535 1234 historicam,

1989 1269 2204 1332 partem
2230 1257 2695 1333 geographicam,
2729 1266 2946 1330 partem
2979 1255 3054 1311 ad
3097 1255 3316 1331 literas,
3357 1264 3502 1309 artes
3522 1297 3536 1324 ,

1990 1346 2203 1418 reliqua
2239 1356 2582 1419 spectantem
2611 1344 3036 1418 distinguerent.
3073 1375 3143 1387 —
3169 1346 3426 1398 Attamen
3467 1344 3540 1397 ita

1983 1431 2097 1502 jam
2122 1451 2180 1488 se
2205 1451 2293 1489 res
2312 1433 2515 1503 habet,
2544 1443 2609 1487 ut
2644 1433 2945 1487 auctoritas
2976 1450 3084 1504 qua
3114 1426 3423 1505 fragmenta
3451 1431 3543 1485 illa

1991 1523 2127 1575 Vitae
2153 1520 2377 1576 Graeciae
2418 1519 2788 1589 ascribuntur,
2819 1520 3051 1574 omnino
3080 1517 3233 1572 nulla
3256 1518 3352 1585 sit,
3388 1528 3443 1573 et
3472 1536 3543 1572 ne

1990 1607 2102 1663 1100
2151 1608 2381 1680 quidem
2424 1607 2663 1680 liqueat,
2704 1616 2896 1662 utrum
2926 1607 3160 1662 omnino
3201 1604 3540 1675 Dicaearchi,

1992 1712 2065 1750 an
2092 1694 2230 1750 alius
2248 1696 2357 1750 sint
2379 1696 2689 1768 scriptoris.
2720 1696 2855 1767 Quae
2882 1712 2971 1749 res
2997 1695 3068 1749 sit
3094 1710 3394 1766 exponam.

2072 1782 2403 1856 Fragmenta
2429 1782 2757 1852 Dicaearchi,
2783 1798 2908 1855 quae
2935 1783 2994 1835 in
3019 1779 3360 1835 editionibus
3392 1779 3543 1836 Geo-

1992 1868 2336 1943 graphorum
2393 1868 2676 1923 Minorum
2726 1867 2836 1942 legi
2879 1866 3094 1935 solent,
3153 1876 3358 1939 praeter
3403 1867 3543 1922 illud

1994 1955 2152 2029 quod
2185 1966 2264 2011 cst
2292 1954 2363 2010 de
2390 1955 2546 2010 Pelio
2562 1961 2776 2023 monte,
2810 1972 2879 2009 ex
2899 1972 3013 2009 uno
3038 1952 3354 2025 eodemque
3376 1951 3548 2011 fluxe·
3614 2015 3624 2026 ,

1993 2055 2127 2098 111111
2148 2043 2324 2098 fonte.
2349 2045 2401 2098 Is
2426 2060 2563 2098 vero
2585 2042 2711 2097 sons
2728 2052 2808 2096 est
2819 2041 2998 2097 codex
3017 2041 3199 2096 saeculi
3218 2041 3382 2110 xm,
3411 2043 3546 2097 olim

1994 2132 2245 2200 Italicus,
2277 2132 2422 2186 inter
2444 2148 2622 2186 annos
2650 2127 2798 2201 1589
2823 2139 2878 2183 et
2912 2127 3058 2201 1593
3094 2130 3154 2182 111
3193 2128 3427 2184 Galliam
3467 2148 3547 2186 as·

1993 2225 2279 2292 portatus,
2310 2218 2409 2272 ubi
2429 2219 2678 2291 primum
2700 2216 3020 2290 possidebat
3035 2213 3299 2270 Claudius
3316 2218 3545 2290 Dupuy,

1996 2306 2203 2361 deinde
2249 2305 2446 2360 Petrus
2493 2305 2733 2372 Pithon,
2792 2321 2962 2378 penes
3005 2302 3163 2373 cujus
3212 2319 3550 2360 successores

1996 2394 2200 2447 mansit
2215 2409 2396 2465 usque
2419 2391 2492 2446 ad
2511 2409 2717 2446 annum
2751 2388 2918 2459 1837,
2951 2408 3065 2463 quo
3093 2387 3301 2443 librum
3327 2394 3548 2463 pretio-

1994 2480 2264 2535 sissimum
2284 2479 2577 2552 acquisivit
2593 2479 2768 2552 Regia
2795 2478 3143 2532 Bibliotheca
3154 2479 3397 2534 Parisina
3413 2520 3428 2547 ,
3449 2481 3550 2535 ubi

1999 2585 2152 2621 nunc
2200 2568 2259 2620 in
2287 2566 2556 2639 Catalogo
2582 2565 2967 2638 Supplementi
2992 2582 3229 2619 numero
3261 2563 3372 2629 443
3407 2564 3552 2622 desi·

1997 2663 2218 2726 gnatur.
2247 2654 2590 2726 Argumenta
2633 2668 2861 2718 eorum,
2914 2668 3037 2723 quae
3075 2650 3249 2705 modo
3278 2650 3548 2723 diximus,

1999 2740 2342 2793 acutissimus
2370 2740 2626 2812 exposuit
2645 2739 2985 2794 Letronnius
3019 2739 3079 2792 in
3105 2738 3434 2812 Fragments
3455 2740 3553 2793 des

1994 2828 2217 2897 poe'mes
2246 2828 2436 2898 geogr.
2488 2823 2689 2899 (Paris.
2739 2822 2921 2897 1839)
2951 2842 3012 2897 p.
3054 2842 3078 2878 1
3136 2842 3262 2898 sqq.
3288 2825 3455 2880 Hunc
3491 2835 3554 2880 tu

2001 2910 2183 2970 adeas.
2215 2913 2478 2968 Continet
2524 2929 2661 2967 1010
2710 2910 2890 2968 codex
2922 2930 2935 2967 :
2990 2929 3045 2969 1.
3090 2913 3467 2983 Marcianum,
3491 2931 3548 2968 2.

2000 2998 2342 3055 Artemidori
2399 3000 2718 3073 epitomen,
2765 2997 2818 3056 3.
2861 3000 3104 3073 Scylacis
3144 2997 3453 3072 Periplum,
3495 3007 3550 3065 4.

2002 3084 2206 3143 lsidori
2225 3088 2529 3144 Characeni
2545 3087 2825 3143 Stathmos
2845 3087 3133 3143 Parthicos
3149 3127 3165 3156 ,
3188 3088 3278 3142 cui
3304 3090 3464 3160 operi
3488 3090 3555 3141 ti-

2002 3176 2152 3230 tulus
2173 3193 2292 3229 non
2337 3172 2666 3248 praefigitur,
2696 3173 2796 3230 sed
2825 3172 2900 3229 ad
2930 3174 3140 3230 calcem
3165 3173 3552 3230 subscribitur.

2000 3260 2221 3318 Deinde
2247 3245 2406 3316 nullo
2444 3262 2729 3334 praemisso
2768 3261 2934 3315 titulo
2983 3263 3238 3333 sequitur
3276 3261 3558 3335 fragmen-

2005 3360 2124 3403 tum
2170 3351 2474 3404 metricum
2497 3366 2759 3403 versuum
2809 3366 2940 3421 109,
2984 3348 3140 3419 cujus
3187 3358 3384 3404 auctor
3430 3359 3558 3422 post

2002 3436 2405 3511 praefationem,
2435 3439 2495 3491 iu
2534 3454 2644 3509 qua
2672 3436 3121 3509 Theophrastum
3158 3434 3442 3509 quendam
3477 3436 3558 3490 al-

2003 3525 2278 3597 loquitur,
2331 3523 2801 3597 negligentissime
2866 3533 3116 3577 recenset
3168 3521 3522 3578 Ambraciam
3538 3564 3553 3589 ,

2001 3610 2299 3678 AEtoliam,
2327 3607 2634 3664 Phocidem
2653 3649 2670 3678 ,
2699 3609 2972 3663 Boeotiam
2992 3650 3007 3678 ,
3041 3619 3097 3663 et
3127 3606 3366 3678 deinde,
3396 3610 3556 3665 missa

2002 3699 2215 3766 Attica,
2243 3695 2316 3752 ad
2343 3697 2626 3771 Megaram
2659 3697 2855 3750 transit
2885 3693 3135 3768 finesque
3162 3696 3553 3767 Peloponnesi.

2004 3781 2295 3853 Ἐντεῦθεν,
2314 3783 2409 3854 ait,
2433 3778 2573 3860 ἁρχὴ
2595 3784 2690 3851 τῆς
2707 3778 3141 3849 Πελοποννήσου·
3160 3779 3321 3855 λιμὴν
3342 3779 3557 3846 xmo-ro<

2002 3870 2270 3929 ὑπόκειται
2288 3866 2378 3926 καὶ
2398 3867 2613 3947 Λέχαιον
2632 3867 2885 3945 λεγομένη
2906 3867 3086 3932 Πόλις.
3117 3869 3382 3943 Abrupto
3404 3871 3555 3925 510111

2002 3956 2193 4013 medio
2232 3976 2399 4013 versu
2442 3957 2676 4013 carmini
2718 3956 3093 4013 subtexuntur
3119 3955 3254 4009 item
3289 3956 3408 4010 sine
3436 3949 3555 4010 ullo

2005 4044 2168 4098 titulo
2197 4043 2508 4119 fragmenta
2530 4044 2647 4100 duo
2675 4045 2961 4118 prosaica,
2987 4043 3225 4098 alterum
3268 4040 3340 4096 de
3371 4043 3556 4098 Attica

2004 4141 2060 4186 et
2087 4133 2332 4201 Boeotia,
2381 4132 2618 4187 alterum
2657 4132 2729 4188 de
2755 4129 2963 4187 finibus
3001 4129 3256 4200 Graeciae;
3308 4129 3404 4184 illa
3439 4131 3554 4203 ipsa

2000 4229 2145 4290 sunt,
2173 4237 2419 4292 quorum
2450 4237 2618 4294 supra
2642 4219 2985 4275 mentionem
3013 4217 3262 4272 fecimus.
3282 4218 3415 4272 Post
3439 4217 3556 4274 11ωο

2005 4306 2194 4361 denuo
2229 4307 2428 4380 incipit
2469 4306 2826 4382 geographus
2862 4305 3159 4373 metricus,
3192 4304 3557 4377 sequiturque

2003 4393 2137 4449 item
2175 4393 2384 4468 absque
2423 4394 2590 4449 titulo
2617 4393 3020 4469 fragmentum,
3048 4401 3164 4465 quo
3192 4390 3366 4447 Cretae
3388 4391 3557 4447 urbes

2003 4491 2174 4554 atque
2206 4482 2437 4538 nomina
2477 4482 2782 4537 insularum
2813 4481 2982 4536 maris
3008 4478 3182 4553 AEgaei
3230 4495 3556 4533 enumeran-

2006 4579 2119 4624 tur.
2142 4568 2234 4626 Ad
2257 4567 2430 4625 finem
2469 4567 2716 4643 denique
2735 4567 2902 4641 hujus
2928 4566 3222 4640 fragmenti
3255 4565 3554 4621 subscribi-

2006 4667 2136 4711 tur:
2181 4653 2503 4735 Δικαιᾶρχου
2528 4651 2801 4734 ἀναγραφὴ
2840 4656 2934 4723 τῆς
2968 4642 3244 4714 Ἑλλάδος.
3289 4653 3554 4726 Sequitur

2006 4745 2278 4818 Scymnus
2305 4744 2503 4815 Chius,
2532 4744 2692 4800 nullo
2706 4740 2939 4817 praefixo
2955 4741 3137 4812 titulo,
3159 4740 3259 4814 qui
3279 4739 3433 4795 haud
3455 4739 3555 4796 du-

2004 4830 2100 4886 bie
2123 4829 2222 4886 fini
2244 4831 2498 4905 appictus
2521 4842 2642 4887 erat
2663 4848 2814 4886 1111110
2833 4827 3154 4904 deperdito.

2085 4920 2174 4975 Sic
2196 4919 2366 4993 igitur
2390 4919 2671 4974 Parisinus
2695 4919 2914 4976 Noster.
2947 4918 3017 4971 In
3046 4914 3375 4990 apographo
3404 4915 3556 4970 Her-

2005 5006 2259 5061 vartiano
2279 5014 2336 5060 et
2362 5004 2516 5078 apud
2528 5004 2871 5079 Stephanum
2885 5014 2942 5058 et
2971 5001 3347 5059 Hoeschelium
3369 5001 3556 5056 titulus

2008 5109 2038 5148 a
2059 5090 2170 5148 fine
2189 5090 2262 5148 ad
2275 5093 2498 5148 initium
2512 5092 2772 5151 carminis
2791 5101 3084 5147 revocatus
3097 5100 3178 5145 est
3201 5108 3212 5143 :
3234 5083 3555 5164 Δικαιάρχου

2011 5178 2305 5260 Ἀναγραφὴ
2325 5182 2415 5251 τῆς
2443 5177 2698 5247 Ἑλλάδος
2725 5176 2849 5258 πρὸς
2869 5176 3226 5259 Θεόφραστον.
3255 5173 3554 5232 Hudsouus
