4016 5916
1688 386 2184 446 FRAGMENTA.

3383 399 3497 451 ⁴69

307 526 475 581 Duris
517 542 618 586 suo
666 520 890 578 dicendi
933 520 1153 596 generi,
1203 517 1380 574 modo
1420 518 1567 573 salva
1605 518 1675 572 sit
1717 515 1858 573 fides
1945 527 2090 575 rant.
2116 517 2265 590 Quid
2287 527 2565 592 tamquam
2586 518 2883 590 proprium
2904 517 3132 574 Duridis
3160 520 3246 574 vel
3274 517 3500 576 laudem

305 613 578 668 historici.
613 614 685 667 At
709 609 1118 665 dubitationem
1146 616 1335 661 movet
1364 606 1690 661 Plutarchus
1719 603 1855 685 (Pe-

308 699 435 757 ricl.
466 719 517 754 c.
553 696 650 753 28.
683 696 751 753 sr.
783 694 913 772 60),
947 697 1045 769 qui
1072 704 1368 769 postquam
1396 693 1543 749 Sami
1571 711 1856 767 expugna·

307 787 521 841 tionem
546 784 830 853 narravit,
868 782 1029 838 addit
1054 782 1171 837 haec
1213 797 1229 839 ε
1267 780 1452 858 Δοῦρις
1497 779 1543 835 δ’
1589 780 1617 835 ὁ
1657 778 1858 854 Σάμιος

304 869 503 937 τούτοις
544 869 887 950 ἐπιτραγῳδεῖ
920 865 1117 938 πολλὴν
1145 863 1395 942 ὠμότητα
1419 868 1522 923 τῶν
1552 863 1832 935 Ἀθηναίων

310 958 400 1017 καὶ
438 963 528 1016 τοῦ
575 954 889 1035 Περικλέους
931 956 1253 1034 κατηγορῶν,
1280 951 1346 1025 ἣν
1373 950 1489 1010 οὔτε
1534 950 1856 1022 Θουκυδίδης

306 1045 577 1124 ἱστόρηκεν
621 1042 728 1102 οὔτ’
771 1039 995 1123 Ἔφορος
1028 1039 1135 1101 οὔτ’
1174 1037 1551 1120 Ἀριστοτέλης.
1592 1035 1731 1098 Ἀλλ’
1767 1039 1859 1095 οὐκ

308 1130 578 1205 ἀληθεύειν
611 1129 838 1191 ἔοικεν...
874 1134 1056 1209 Δοῦρις
1080 1127 1174 1207 μὲν
1197 1119 1285 1186 οὖν
1311 1128 1376 1187 οὗ
1393 1125 1448 1185 δ’
1469 1125 1629 1184 ὅπου
1662 1125 1860 1202 μηδὲν

309 1222 475 1298 αὐτῷ
506 1217 858 1297 πρόσεστιν
889 1216 1063 1276 ἴδιον
1090 1216 1283 1282 πάθος
1311 1211 1559 1280 εἰωθὼς
1587 1221 1859 1293 κρατεῖν

307 1306 418 1379 τὴν
454 1305 755 1384 διήγησιν
798 1305 902 1363 ἐπὶ
942 1302 1427 1378 τῆςᾶληθείας,
1474 1303 1673 1377 μᾶλλον
1703 1299 1862 1359 ἔοικεν

309 1398 528 1455 ἐνταῦθα
561 1396 802 1453 δεινῶσαι
831 1391 923 1460 τὰς
951 1397 1044 1463 τῆς
1071 1389 1314 1469 πατρίδος
1341 1387 1606 1469 συμφορὰς
1636 1387 1720 1446 ἐπὶ
1749 1389 1863 1446 δια-

310 1482 438 1560 6ολῇ
462 1483 563 1539 τῶν
588 1478 889 1552 Ἀθηναίων.
925 1482 993 1535 In
1023 1481 1108 1537 his
1143 1479 1484 1552 Thucydidis
1514 1479 1864 1551 aliorumque

307 1573 646 1645 scriptorum
676 1570 957 1626 silentium
987 1578 1180 1624 contra
1205 1565 1479 1622 Duridem
1510 1583 1615 1639 per
1641 1583 1698 1620 se
1724 1565 1861 1618 nihil

307 1659 546 1734 probat,
575 1658 747 1731 idque
780 1658 896 1731 ipse
922 1656 1087 1712 sensit
1122 1652 1471 1710 Plutarchus.
1501 1650 1651 1708 Illud
1695 1651 1867 1726 igitur

311 1748 580 1820 quaeritur
606 1763 740 1801 num
768 1763 900 1800 vere
929 1741 1076 1798 dicta
1115 1742 1225 1797 sint
1261 1740 1432 1795 verba
1473 1758 1488 1796 z
1533 1737 1638 1795 οὐδ’
1675 1735 1863 1798 ὅπου...

314 1830 573 1902 ἀληθείας.
615 1835 684 1889 Et
730 1831 927 1906 quidni
957 1828 1126 1886 fidem
1169 1830 1236 1884 iis
1280 1825 1677 1883 adhibeamus?
1707 1826 1867 1882 Certe

313 1920 566 1977 refellere
606 1918 886 1975 Plutarchi
919 1915 1198 1990 judicium
1242 1932 1363 1970 non
1390 1932 1697 1989 possumus.
1736 1914 1870 1970 Aliis

314 2026 542 2082 qnoque
561 2008 699 2063 locis
712 2004 937 2062 duobus
950 2002 1278 2060 Plutarchus
1293 2001 1491 2058 Duridi
1512 2001 1861 2076 obloquitur.

314 2099 566 2170 Quorum
586 2095 764 2150 altero
787 2091 882 2169 (fr.
905 2089 1002 2167 6Ι.)
1022 2090 1253 2149 Duridis
1269 2091 1647 2146 narrationem
1666 2091 1868 2145 iterum

314 2181 939 2258 opponit'sheopompi,
959 2179 1192 2253 Ephori,
1207 2177 1608 2252 Xenophontis
1620 2177 1839 2233 silentio
1853 2199 1868 2248 ;

313 2272 443 2326 hinc
470 2271 611 2326 nihil
648 2287 752 2325 nos
768 2269 1078 2337 lucramur;
1115 2266 1294 2323 altero
1331 2284 1468 2321 vero
1502 2261 1598 2340 (fr.
1635 2262 1701 2337 7)
1731 2262 1871 2320 fides

314 2358 498 2413 Nostri
520 2375 738 2412 summo
756 2354 884 2427 jure
913 2353 1305 2422 addubitatur;
1335 2371 1465 2407 nam
1489 2352 1769 2407 neminem
1787 2350 1871 2407 su·

312 2446 394 2520 git
413 2444 686 2502 Duridem
715 2443 775 2497 in
806 2444 872 2497 iis
895 2460 1018 2515 quae
1041 2439 1112 2496 de
1144 2441 1408 2496 Eumenis
1436 2458 1639 2514 genere
1669 2439 1868 2510 tradit,

313 2532 597 2607 vulgarem
629 2533 783 2586 istam
808 2529 905 2585 sed
945 2531 1191 2602 ineptam
1213 2538 1462 2582 secutum
1488 2545 1599 2583 esse
1632 2526 1833 2583 samam
1852 2569 1867 2597 ,

318 2636 487 2692 quam
532 2615 906 2674 Macedonum
939 2615 1152 2672 invidia
1198 2625 1490 2689 sparserat.
1527 2618 1610 2671 Ac
1639 2616 1870 2669 omnino

315 2704 527 2781 pendet
552 2705 721 2761 Duris
747 2722 813 2760 ex
837 2706 922 2760 sui
943 2703 1130 2760 saeculi
1147 2702 1540 2777 scriptoribus,
1562 2719 1872 2776 eorumque

316 2795 463 2848 vitiis
485 2793 723 2850 laborat.
805 2790 1114 2849 Alexandri
1132 2791 1527 2846 historicorum
1550 2800 1866 2847 commenta

317 2891 557 2937 sectatur
579 2881 650 2935 fr.
685 2897 786 2953 19,
822 2898 887 2950 71
909 2920 925 2948 ‚
963 2895 1305 2952 quamquam
1329 2875 1470 2931 illud
1494 2875 1565 2931 de
1593 2876 1863 2932 Thalestri

317 2973 597 3026 Amazone
623 2966 945 3042 repudiavit
969 2965 986 3047 (
1000 2967 1069 3025 fr.
1107 2964 1235 3042 18).
1263 2966 1348 3022 Ex
1369 2964 1870 3039 Peripateticorum

318 3058 376 3112 in
403 3056 770 3114 Academicos
793 3055 1096 3110 inimicitiis
1114 3051 1485 3109 derivandum
1513 3052 1672 3125 quod
1698 3051 1769 3108 fr.
1799 3051 1872 3125 78

316 3143 520 3218 legitur
557 3143 629 3199 de
665 3144 892 3199 Socrate
934 3159 1119 3200 servo.
1203 3140 1341 3213 Quae
1383 3140 1555 3195 aetatis
1577 3139 1867 3196 hominem

319 3233 484 3285 etiam
509 3232 570 3286 in
593 3248 662 3285 eo
687 3230 935 3305 agnoscis
959 3228 1173 3300 studio,
1197 3246 1313 3303 quo
1331 3226 1651 3284 reconditas
1670 3238 1726 3283 et
1748 3229 1875 3285 abs-

321 3326 501 3372 trusas
528 3315 742 3371 fabulas
776 3316 992 3390 vulgari
1022 3314 1324 3372 traditione
1358 3315 1579 3371 sancitis
1608 3316 1873 3388 praeferre

321 3403 465 3457 solet
495 3402 595 3477 (fr.
645 3401 700 3456 3.
747 3419 840 3471 72.
877 3400 968 3457 38.
995 3402 1064 3459 cl.
1109 3403 1230 3477 14).
1272 3404 1546 3477 Suspectae
1580 3401 1714 3459 fidei
1751 3415 1879 3459 sunt

323 3508 447 3563 quae
477 3490 743 3563 leguntur
771 3488 845 3544 fr.
878 3487 951 3544 65
976 3500 1030 3545 et
1057 3488 1129 3560 67
1152 3531 1170 3563 ,
1199 3489 1334 3546 falsa
1362 3488 1663 3546 traduntur
1696 3490 1765 3547 fr.
1795 3492 1869 3547 62

323 3587 377 3632 et
396 3577 488 3634 61.
511 3577 865 3651 Quamquam
883 3575 944 3631 in
959 3575 1045 3632 his
1066 3577 1327 3633 omnibus
1349 3595 1571 3634 errores
1602 3596 1720 3633 non
1738 3591 1870 3635 sunt

323 3662 573 3739 Duridis,
595 3661 694 3718 sed
709 3680 907 3717 eorum
924 3680 1067 3737 quos
1093 3661 1263 3719 duces
1297 3674 1506 3720 temere
1532 3676 1753 3721 secutus
1770 3675 1868 3724 est.

404 3752 538 3823 Quae
568 3768 744 3825 quum
785 3751 863 3806 ita
900 3768 958 3806 se
982 3750 1254 3827 habeant,
1280 3751 1341 3806 in
1368 3751 1644 3807 Duridem
1677 3751 1878 3809 cadere

323 3838 589 3894 videntur
632 3856 756 3911 quae
797 3838 858 3892 in
910 3838 1188 3912 plurimos
1229 3838 1439 3895 cadunt
1484 3837 1732 3911 ejusdem
1778 3842 1877 3896 aevi

324 3926 642 4000 scriptores.
670 3928 885 3983 Rerum
908 3927 1123 3999 pollent
1147 3926 1491 3983 abundantia
1519 3938 1577 3982 et
1597 3928 1879 3997 varietate,

325 4014 600 4070 lectorum
637 4016 947 4070 inserviunt
984 4013 1378 4089 delectationi,
1408 4015 1725 4070 orationem
1750 4013 1877 4069 fun·

329 4100 471 4156 dunt
490 4102 734 4158 vividam
759 4112 814 4158 et
835 4103 1297 4178 negligentiorem
1311 4144 1327 4171 ,
1358 4120 1389 4158 a
1449 4101 1757 4157 factionum
1776 4112 1885 4157 stu·

331 4187 437 4243 diis
457 4208 576 4243 non
602 4189 762 4246 liberi
790 4201 945 4259 sunt,
976 4191 1109 4246 artis
1132 4191 1337 4246 criticae
1367 4206 1530 4244 usum
1559 4189 1676 4245 fere
1706 4190 1866 4263 igno·

909 4357 1308 4415 HtsTomAE.

1091 4488 1138 4538 1.

791 4595 839 4654 E
882 4595 1107 4655 uano
1161 4592 1426 4653 raino,
1538 4564 1550 4573 ’

337 4722 352 4729 “
399 4719 540 4770 Duris
557 4723 744 4772 Samius
759 4722 883 4773 libro
902 4724 1058 4787 primo
1077 4724 1395 4775 Historiarum
1419 4722 1478 4773 de
1505 4723 1813 4788 Theopompo
1825 4726 1894 4777 sic

338 4801 508 4851 scribit
549 4822 564 4854 ε
612 4824 636 4846 ι
679 4805 895 4867 Ephorus
925 4809 975 4855 et
1014 4806 1352 4869 Theopompus
1386 4804 1733 4866 antiquioribus
1772 4808 1891 4858 scri·

339 4879 556 4940 ptoribus
576 4881 716 4944 longe
746 4884 859 4932 sunt
881 4883 1144 4933 inferiores.
1175 4879 1458 4931 imitationis
1479 4881 1608 4931 enim
1645 4884 1796 4946 gratia
1819 4885 1896 4937 de·

338 4960 622 5023 stituuntnr,
642 4964 904 5025 carentque
928 4962 1117 5013 dicendi
1143 4961 1395 5012 venustate
1408 4995 1423 5021 ,
1450 4958 1512 5010 de
1530 4962 1781 5014 scribendo
1797 4967 1895 5016 tan·

337 5037 444 5085 tum
458 5038 664 5089 solliciti.
689 5058 714 5083 ι
734 5042 1038 5102 Quamquam
1053 5039 1196 5090 Duris
1218 5039 1318 5102 ipse
1335 5036 1383 5084 iu
1400 5035 1492 5086 illis
1509 5039 1623 5102 ipsis
1637 5040 1777 5105 longe
1791 5047 1896 5106 post

340 5124 423 5162 eos
446 5126 570 5176 quos
603 5115 754 5178 carpit
772 5115 902 5165 viros
931 5116 1235 5181 relinquitur.
1259 5117 1442 5164 Verum
1475 5115 1709 5179 siquidem
1744 5120 1794 5168 in
1812 5134 1894 5170 su·

344 5192 543 5254 per-bum
573 5195 714 5243 istum
755 5197 804 5243 et
839 5203 1140 5258 arrogantem
1171 5193 1470 5260 Theopompi
1497 5208 1794 5260 sennonem,
1815 5199 1898 5261 qui

1945 606 2033 660 vel
2064 606 2376 679 vituperem
2401 604 2585 660 habeo
2615 605 2753 659 nihil
2786 604 2875 680 Γ).

2579 782 2899 807 ’.000θρ-

2529 898 2917 965 ΙΣΤΟΡΙΑΙ.

2419 1185 2467 1239 Ε
2509 1185 2732 1241 LIBRO
2774 1186 3027 1243 PRIMO.

2032 1316 2262 1370 Photius
2277 1314 2423 1371 Bibl.
2448 1314 2579 1371 cod.
2607 1315 2736 1391 176,
2756 1335 2816 1390 p.
2851 1334 3045 1391 121,a,
3072 1323 3139 1382 [ιι
3167 1317 3257 1373 ed.
3284 1319 3459 1374 Bekk.
3488 1339 3502 1373 ε

1952 1413 2134 1489 Δοῦρις
2163 1407 2256 1487 μὲν
2280 1401 2366 1467 οὖν
2394 1412 2422 1467 ὁ
2447 1409 2645 1485 Σάμιος
2666 1412 2719 1467 ἐν
2738 1414 2803 1488 τῇ
2818 1408 3001 1489 πρώτῃ
3031 1413 3132 1469 τῶν
3161 1413 3316 1471 αὑτοῦ
3337 1410 3504 1486 Ἱστο-

1953 1500 2075 1576 ριῶν
2103 1495 2237 1555 οὕτω
2259 1496 2430 1577 φησίν·
2460 1524 2485 1549 σι
2513 1494 2736 1579 Ἔφορος
2756 1497 2810 1556 δὲ
2838 1498 2929 1556 καὶ
2955 1498 3273 1574 Θεόπομπος
3296 1503 3399 1559 τῶν
3422 1525 3507 1578 γε·

1952 1584 2178 1661 νομένων
2205 1585 2613 1665 (προγενομένων
2633 1588 2888 1664 Casaub.)
2919 1587 3159 1645 πλεῖστον
3190 1588 3509 1671 ἀπελείφθη-

1954 1692 2071 1731 σαν·
2120 1670 2235 1731 οὔτε
2284 1673 2384 1752 γὰρ
2448 1673 2717 1751 μιμήσεως
2768 1673 3052 1750 μετέλα6ον
3104 1675 3344 1751 οὐδεμιᾶς
3392 1677 3529 1737 οὔτε·

1953 1761 2141 1832 ἡδονῆς
2182 1762 2234 1817 έν
2274 1763 2348 1839 τῷ
2397 1763 2619 1841 φράσαι,
2663 1762 2819 1820 αὐτοῦ
2862 1760 2918 1820 δὶ
2962 1767 3051 1821 τοῦ
3095 1762 3310 1844 γράφειν
3354 1764 3509 1842 μόνον

1957 1845 2378 1923 ἐπεμελήθησαν.
2411 1873 2437 1898 ¹·
2470 1847 2655 1907 Καίτοι
2674 1852 2859 1928 Δοῦρις
2884 1849 2972 1906 καὶ
2991 1853 3081 1920 τῆς
3110 1852 3163 1908 ἰν
3193 1853 3364 1918 αὐτοῖς
3395 1854 3511 1912 τού·

1956 1956 2061 1999 τοις
2087 1932 2412 2010 οἰκονομίας,
2441 1924 2514 2001 οἶς
2543 1936 2804 2008 αἰτιᾶται,
2835 1934 3006 1994 πολλὰ
3034 1939 3137 1994 τῶν
3180 1939 3377 2016 ἀνδρῶν
3400 1941 3512 1997 λει-

1957 2020 2201 2097 πόμενος,
2247 2019 2385 2080 Ἀλλ’
2426 2022 2473 2079 εἷ
2515 2019 2608 2095 μὲν
2654 2019 2781 2099 πρὸς
2824 2019 2910 2079 τὸν
2952 2022 3281 2102 ὑπερήφανον
3323 2026 3511 2084 ἐκεῖνον

1958 2106 2279 2185 Θεοπόμπου
2305 2105 2477 2186 λόγον,
2501 2106 2554 2175 ὃς
2579 2105 2696 2175 τοὺς
2728 2108 3092 2188 ἀρχαιοτέρους
3119 2113 3233 2169 οὐδὲ
3264 2115 3364 2169 τῶν
3393 2114 3513 2172 δευ-

1956 2193 2165 2276 τερείων
2192 2194 2361 2268 ἠξίου,
2384 2201 2533 2254 τοῦτο
2570 2197 2877 2275 ἀπέρριψεν,
2907 2198 3001 2255 οὐκ
3028 2196 3135 2275 ἔχω
3163 2197 3347 2278 λέγειν·
3378 2199 3514 2271 πλὴν

1958 2281 2038 2341 ὅτι
2065 2282 2324 2364 οὐδέτερος
2355 2284 2524 2341 αὐτῶν
2553 2282 2917 2363 προσηκόντως
2945 2283 3262 2360 ἑπελάόετο,
3292 2287 3380 2345 καὶ
3421 2287 3524 2364 μοί-

1964 2372 2112 2430 λιστα
2138 2370 2583 2451 διισχυρισαίμην.

2477 2533 2531 2570 2.
2570 2514 2694 2588 (Ol.
2741 2513 2876 2585 105,
2909 2516 3005 2589 l..)

2380 2654 2426 2709 E
2466 2654 2688 2710 LIBRO
2728 2653 3082 2709 SECUNDO.

2041 2794 2338 2850 Athenaeus
2353 2795 2518 2864 XIII,
2534 2812 2592 2867 p.
2611 2791 2745 2863 560,
2764 2794 2834 2851 B:
2855 2787 3139 2851 Οὖδέναδὲ
3157 2791 3299 2865 ὑμῶν
3320 2791 3519 2864 ἀγνοεῖν

1961 2879 2139 2958 οἴομαι
2157 2924 2173 2952 ,
2200 2878 2378 2961 ἄνδρες
2415 2878 2575 2961 φίλοι,
2609 2877 2688 2935 ὅτι
2716 2877 2807 2936 καὶ
2834 2881 2883 2936 οἱ
2914 2877 3148 2956 μέγιστοι
3187 2876 3407 2954 πόλεμοι
3436 2878 3520 2936 διὰ

1960 2969 2207 3047 γυναῖκας
2234 2967 2488 3047 ἐγένοντο·
2518 2970 2546 3025 ὁ
2574 2965 2795 3033 Ἰλιακὸς
2817 2966 2882 3025 δι’
2907 2966 3151 3043 Ἑλένην,
3180 2969 3208 3023 ὃ
3229 2965 3409 3041 λοιμὸς
3436 2965 3519 3025 διὰ

1964 3053 2267 3136 Χρυσηίδα,
2309 3052 2586 3134 Ἀχιλλέως
2618 3057 2767 3130 μ’ἧνις
2794 3052 2879 3111 διὰ
2908 3051 3189 3133 Βρισηίδα,
3223 3050 3313 3110 καὶ
3340 3055 3368 3109 ὁ
3390 3050 3523 3131 ἱερὸς

1966 3141 2021 3203 δὲ
2046 3140 2361 3219 καλούμενος
2384 3144 2449 3200 δι’
2476 3140 2655 3218 ἑτέραν
2678 3139 2931 3220 γαμετὴν,
2959 3139 3087 3222 φησὶ
3116 3143 3300 3220 Δοῦρις
3328 3141 3381 3197 ἰν
3410 3140 3523 3198 δευ·

1964 3230 2091 3312 τέρᾳ
2118 3228 2403 3312 Ἱστοριῶν,
2433 3230 2681 3302 Θηὸαίαν
2706 3228 2881 3307 γένος,
2907 3228 3071 3306 ὄνομα
3103 3226 3325 3301 Θεανὼ,
3350 3227 3525 3307 ἁρπα-

1965 3324 2174 3377 σθεῖσαν
2219 3317 2321 3377 biri>
2362 3316 2595 3385 Φωκέως
2640 3315 2795 3385 τινός.
2846 3314 3107 3388 Δεκαετὴς
3147 3315 3203 3385 δὲ
3248 3315 3338 3374 καὶ
3379 3306 3524 3382 οὗτος

1964 3403 2239 3483 γενόμενος
2281 3407 2356 3485 τῷ
2397 3402 2598 3485 δεκάτῳ
2625 3401 2729 3462 ἔτει
2764 3402 3037 3463 Φιλίππου
3082 3401 3527 3483 συμμαχήσαντος

2030 3582 2096 3642 (*)
2128 3579 2293 3630 Paullo
2320 3577 2571 3641 malignius
2596 3577 2656 3627 de
2682 3576 2864 3628 Duride
2889 3576 3123 3639 iudicavit
3162 3575 3374 3626 Ρειιιοῦω
3410 3578 3516 3637 (De

1964 3650 2067 3699 reb.
2093 3653 2222 3699 Sam.
2244 3661 2289 3711 p.
2314 3654 2367 3700 91
2387 3656 2438 3711 ),
2456 3647 2527 3697 uti
2549 3650 2677 3697 recte
2689 3649 2852 3696 monet
2874 3646 3185 3695 Hullemanus
3199 3682 3212 3705 ,
3228 3656 3521 3706 quamquam

1963 3720 2064 3781 ipse
2081 3717 2302 3767 causidici
2323 3730 2456 3767 more
2473 3717 2700 3767 Duridem
2722 3729 2865 3767 suum
2885 3714 3097 3766 defendit
3112 3714 3366 3778 speciosius
3382 3727 3526 3777 quam

1965 3789 2149 3847 veriuS,
2174 3799 2411 3837 summam
2433 3785 2767 3849 disputationis
2785 3798 2956 3847 cogens
2980 3784 3196 3834 hancce:
3218 3801 3244 3826 ιι
3276 3782 3469 3833 Duridia
3488 3792 3531 3837 si

1970 3856 2253 3907 industriam
2274 3856 2467 3919 respicis
2497 3859 2547 3906 et
2563 3855 2776 3906 studium
2799 3868 2960 3905 rerum
2987 3854 3137 3920 probe
3155 3852 3527 3916 indagandamm

1971 3927 2164 3990 optimis
2189 3925 2427 3976 historicis
2452 3928 2524 3975 est
2549 3924 2900 3988 accensendus;
2929 3925 2968 3975 si
2996 3924 3278 3975 narrationis
3309 3922 3449 3972 tidem
3481 3925 3531 3972 et

1970 3997 2324 4059 auctoritatem,
2341 3996 2580 4046 immerito
2597 3999 2863 4059 suspectus,
2881 4000 2932 4045 et
2948 3995 3169 4058 quamvis
3186 3994 3412 4043 vitiorum
3430 4006 3528 4042 non

1973 4067 2227 4128 immunis,
2254 4068 2451 4130 propter
2468 4065 2569 4116 veri
2591 4069 2752 4116 tamen
2778 4065 2989 4115 studium
3018 4076 3301 4127 magnopere
3329 4061 3528 4111 laudan-

1972 4136 2080 4186 dus.
2104 4156 2127 4180 n
2148 4138 2300 4187 Multo
2320 4135 2529 4199 jejunius
2546 4138 2693 4198 atque
2716 4137 2892 4185 rectius
2907 4136 2969 4186 de
2983 4134 3173 4186 Duridis
3188 4131 3344 4182 indole
3368 4144 3425 4181 ac
3439 4130 3530 4181 fide

1967 4205 2151 4266 iudicat
2181 4205 2393 4255 Eckertz.
2421 4206 2456 4256 1.
2476 4207 2508 4255 1.

1976 4355 2325 4417 antiquioribus
2359 4355 2668 4418 scriptoribus
2694 4369 2753 4404 nc
2789 4355 3022 4405 secundas
3055 4355 3251 4418 quidem
3278 4354 3498 4404 concedit
3516 4392 3531 4416 ,

1977 4433 2067 4483 ista
2079 4432 2247 4495 jecerit
2267 4434 2408 4484 Duris
2423 4471 2438 4495 ,
2460 4435 2618 4483 dicere
2633 4433 2749 4482 nihil
2773 4433 2892 4483 adeo
2924 4434 3105 4493 habeo;
3140 4433 3232 4482 hoc
3253 4445 3367 4482 vero
3385 4446 3531 4495 quam

1981 4512 2191 4562 maxime
2208 4512 2532 4563 contenderim
2550 4550 2566 4575 ,
2584 4514 2811 4562 neutrum
2829 4525 2996 4562 eorum
3017 4526 3111 4575 qua
3126 4525 3213 4574 par
3230 4514 3332 4562 erat
3350 4512 3533 4562 ratione

1979 4600 2081 4638 rem
2100 4601 2370 4651 aggressum
2394 4602 2512 4639 esse.

2734 4706 2789 4756 2.

2384 4841 2433 4899 E
2475 4840 2698 4899 Ltsstto
2742 4839 3110 4901 SECUNDO.

2046 4970 2295 5020 Neminem
2319 4972 2480 5020 autem
2515 4972 2727 5020 vestrum
2770 4970 2917 5020 latere
2952 4972 3098 5034 puto,
3122 4970 3291 5033 amici,
3328 4972 3537 5021 maxima

1989 5049 2132 5098 etiam
2156 5049 2280 5099 bella
2304 5052 2496 5114 propter
2513 5049 2737 5098 mulieres
2759 5052 2996 5099 concitata
3035 5062 3135 5099 esse
3159 5069 3172 5099 ι
3196 5049 3396 5099 Iliacum
3428 5051 3539 5113 qui·

1986 5124 2098 5174 dem
2117 5128 2313 5188 propter
2336 5126 2565 5176 Helenam
2581 5144 2595 5188 ;
2613 5128 2795 5188 pestem
2816 5132 3009 5189 propter
3034 5126 3339 5192 Chryseidem
3355 5143 3371 5187 ;
3390 5128 3539 5177 Achil-

1992 5203 2051 5250 lis
2078 5202 2198 5251 iram
2227 5206 2418 5266 propter
2462 5203 2716 5253 Briseidem
2748 5223 2760 5253 ε
2798 5204 2879 5253 sed
2902 5206 2948 5253 et
2976 5206 3172 5254 Sacrum
3209 5202 3339 5267 quod
3371 5203 3542 5254 dicitur
