4016 5916
457 365 572 420 4⁴14

454 491 782 546 Athenaeum
825 487 1061 544 obscure
1103 484 1463 561 significatur,
1488 502 1732 558 puerum
1758 485 1916 540 illum
1947 502 2016 541 ex

455 580 633 645 lasso,
687 573 844 647 cujus
884 575 1050 629 situm
1078 572 1343 629 describit
1375 571 1574 644 Polyb.
1615 571 1768 639 xvl,
1807 590 1905 642 12,
1953 591 2014 640 1,

454 663 798 738 Babylonem
828 661 989 717 fuisse
1017 661 1087 717 ab
1105 658 1428 717 Alexandro
1459 658 1779 714 arcessitum
1803 657 2010 732 praefe-

453 763 719 828 ctumque
739 750 820 804 ibi
845 749 1091 822 Neptuni
1113 747 1434 809 sacerdotio
1457 770 1481 796 υ
1510 747 1846 804 Huumuw.

1191 891 1280 949 18.

537 1028 816 1085 Plutarch.
848 1028 1006 1082 Alex.
1045 1024 1217 1098 0.,46
1265 1021 1565 1081 εἘνταῧθα
1606 1017 1661 1075 δὲ
1689 1015 1816 1096 πρὸς
1860 1015 2016 1075 αὑτὸν

459 1113 740 1194 ἀφικέσθαι
758 1111 851 1182 τὴν
876 1109 1131 1186 Ἀμαζόνα
1151 1113 1198 1169 οἱ
1227 1106 1412 1167 πολλοὶ
1446 1104 1755 1184 λέγουσιν...
1787 1102 2016 1182 Ἀριστό-

455 1201 638 1266 ὅουλος
661 1198 789 1260 δὲ...
820 1196 910 1255 καὶ
933 1203 1115 1275 Δοῦρις
1150 1199 1179 1254 ὁ
1208 1194 1410 1272 Σάμιος
1440 1191 1662 1267 πλάσμα
1704 1189 1832 1269 φησὶ
1859 1212 2016 1268 γεγο-

451 1288 590 1347 νέναι
611 1291 784 1347 τοῦτο.
808 1287 892 1344 Cf.
921 1287 1141 1344 Arrian.
1161 1287 1282 1355 VII,
1311 1282 1397 1354 13,
1417 1283 1474 1354 6,
1504 1282 1696 1354 ibique
1723 1282 2013 1354 interpre-

450 1391 561 1448 tes;
589 1376 880 1434 Onesicriti
901 1374 971 1429 fr.
1004 1383 1060 1432 5.

811 1543 901 1598 19.
928 1519 1055 1601 (01.
1084 1520 1217 1594 113,
1253 1538 1302 1578 1.
1328 1536 1376 1576 0.
1405 1516 1464 1574 C.
1490 1509 1657 1591 328.)

530 1682 721 1740 Schol.
752 1679 944 1754 Apoll.
981 1678 1091 1736 Rh.
1113 1677 1197 1746 Π,
1243 1681 1392 1749 1249
1435 1693 1448 1728 ι
1484 1674 1707 1741 Δεθῆναι
1744 1667 1831 1727 τὸν
1862 1671 2010 1749 Προ-

456 1767 626 1845 μηθέα
668 1765 821 1846 φησὶν
862 1762 1125 1833 Ἡσίοδος,
1170 1759 1259 1819 καὶ
1294 1758 1379 1817 τὸν
1426 1755 1574 1816 ἀετὸν
1626 1758 2012 1837 ἐπιπεμφθῆναι

453 1857 597 1936 αὐτῷ
620 1855 705 1911 διὰ
733 1851 826 1924 τὴν
865 1856 955 1910 τοῦ
991 1848 1149 1927 πυρὸς
1193 1845 1409 1917 κλοπήν.
1444 1849 1628 1924 Δοῦρις
1652 1841 1709 1902 δέ
1732 1866 1891 1925 φησι,
1919 1840 2006 1900 διὰ

452 1942 512 2001 τὸ
531 1947 621 2012 τῆς
644 1942 856 2011 Ἀθηνᾶς
889 1941 1190 2018 ἐρασθῆναι·
1214 1932 1326 1992 ὅθεν
1350 1931 1465 1998 τοὺς
1491 1931 1610 2011 περὶ
1623 1929 1683 1989 τὸ
1708 1930 2006 1990 Καυκάσιον

447 2033 716 2094 οἰκοῦντας
736 2026 877 2103 μόνῳ
909 2024 994 2084 Διὶ
1021 2021 1112 2081 καὶ
1140 2022 1326 2100 Ἀθηνᾷ
1356 2019 1431 2097 μὴ
1460 2019 1619 2094 θύειν,
1647 2017 1732 2076 διὰ
1754 2017 1815 2076 τὸ
1844 2018 2004 2076 κολά-

449 2139 580 2183 σεως
605 2114 796 2181 αἷτίους
842 2110 1113 2194 Προμηθεῖ
1145 2108 1411 2187 γενέσθαι·
1454 2106 1570 2165 καθ’
1606 2104 1900 2185 ὗπερόολὴν
1951 2104 2006 2162 δὲ

449 2202 621 2262 σέὸειν
643 2198 914 2282 Ἡρακλέα
929 2244 948 2275 ,
971 2203 1063 2269 τῆς
1085 2201 1174 2255 τοῦ
1207 2196 1357 2254 ἀετοῦ
1387 2192 1582 2262 τοξείας
1603 2190 1780 2273 χάριν.

531 2293 612 2351 Cf.
639 2292 863 2349 Arrian.
885 2291 953 2358 V,
980 2288 1013 2344 3
1035 2288 1229 2359 ibique
1254 2285 1529 2342 laudatos».

755 2455 824 2510 19
858 2455 908 2491 a.
949 2434 1065 2508 (Ol.
1106 2430 1237 2506 113,
1264 2449 1319 2485 2.
1352 2449 1404 2484 0.
1427 2430 1492 2486 C.
1529 2427 1699 2503 3²7·)

524 2585 734 2641 Plinius
751 2584 826 2639 H.
855 2583 926 2638 N.
955 2580 1082 2647 vll,
1110 2577 1142 2632 3
1169 2595 1183 2634 ι
1216 2578 1399 2643 Duris,
1439 2576 1701 2630 Indorum
1737 2573 2002 2646 quosdam

446 2693 569 2729 cum
580 2669 733 2745 fieris
749 2673 894 2725 coire
905 2709 921 2737 ‚
952 2672 1258 2738 mixtosque
1276 2675 1334 2718 et
1348 2660 1633 2733 semiferos
1658 2679 1774 2717 esse
1779 2671 1999 2736 partus.

450 2765 520 2816 In
562 2759 819 2831 Calingis
832 2799 848 2824 ,
872 2754 1117 2826 ejusdem
1157 2751 1348 2806 Indioe
1390 2761 1576 2824 gente,
1629 2753 2004 2823 quiaque-anes

445 2852 734 2920 conm'peoe
757 2840 1011 2913 feminas
1029 2881 1043 2907 ‚
1075 2849 1322 2894 octavum
1349 2842 1491 2892 vitoe
1530 2854 1737 2891 annum
1761 2852 1869 2889 non
1904 2852 2004 2889 ea·-

446 2936 652 2992 cedere.
678 2932 729 2987 E
731 2943 754 2986 t
768 2930 911 2985 alibi
931 2927 1112 2984 cauda
1137 2927 1344 2982 villosa
1367 2923 1616 2982 homines
1633 2927 1791 2979 nas-cl
1805 2926 2003 2997 perni-

439 3024 622 3075 citatis
631 3021 872 3082 exinee'oe,
895 3017 1036 3070 alios
1051 3014 1276 3069 auribus
1301 3023 1438 3067 totos
1452 3016 1694 3085 contegi.

524 3104 609 3163 Cf.
635 3103 999 3178 Megasthenis
1021 3101 1218 3177 fragm.
1251 3099 1326 3156 30
1348 3116 1473 3174 sqq.
1503 3098 1694 3174 ibique
1717 3105 1998 3156 annotata.

1178 3257 1273 3298 20.

1783 352 2100 414 DURIDIS
2145 351 2361 412 samu

2106 481 2232 542 ποτὲ
2256 482 2515 559 ἡγεμόνας
2554 483 2734 541 ἑστιῶν
2763 481 3019 543 ἐκάθισεν.
3058 484 3317 543 Nostram
3363 487 3695 543 lectionem

2107 573 2321 648 praebet
2352 574 2429 640 C,
2459 591 2696 647 eamque
2732 573 2803 628 ab
2841 573 3131 629 Eustathio
3172 574 3365 630 nescio
3393 593 3521 648 quo
3570 577 3701 648 ejus

2107 658 2573 718 1000001161111011
2600 661 2677 716 ait
2698 660 3074 720 Casaubonus.
3109 663 3179 716 In
3215 661 3374 718 libris
3396 663 3446 717 B
3478 665 3537 719 D
3580 683 3702 720 1111-

2108 766 2294 803 merus
2332 748 2496 823 plane
2537 747 2768 804 omissus
2805 759 2912 817 est,
2955 774 2979 796 «
3036 746 3194 820 cujus
3226 758 3425 803 notam
3466 750 3705 825 quippe

2107 835 2367 892 librarius
2388 834 2703 892 discernere
2721 853 2840 891 non
2868 835 3120 892 valuerat
3146 860 3197 892 ι».
3225 836 3309 892 W
3304 838 3588 910 esseling.
3614 868 3703 882 —

2106 925 2365 980 Ceterum
2409 922 2641 980 Duridis
2693 924 2939 980 narratio
2990 922 3283 979 reserenda
3330 924 3700 984 Hullemano

2105 1010 2330 1067 videtur
2356 1011 2428 1067 ad
2452 1012 2877 1068 comessationes
2896 1029 3033 1083 quas
3064 1012 3124 1065 111
3146 1011 3443 1067 Carmania
3466 1031 3587 1086 per
3608 1033 3699 1070 se-

2103 1109 2257 1172 ptem
2287 1099 2404 1155 dies
2424 1098 2743 1155 Alexander
2756 1099 3046 1154 instituisse
3069 1097 3266 1154 fertur.
3295 1101 3363 1157 V.
3386 1101 3696 1158 Plutarch.

2106 1186 2268 1245 Alex.
2291 1186 2394 1256 62;
2418 1187 2640 1243 Curtius
2660 1184 2774 1255 IX,
2809 1204 2898 1254 10,
2928 1186 3035 1255 26;
3058 1185 3300 1243 Diodor.
3322 1186 3529 1256 XVII,
3574 1190 3693 1245 106

2106 1284 2162 1327 01
2188 1274 2413 1329 Arrian.
2442 1274 2516 1329 vl
2534 1315 2548 1344 ,
2583 1270 2688 1344 28,
2721 1274 2818 1346 qui
2845 1285 3026 1328 tacere
3056 1272 3127 1328 de
3149 1274 3235 1328 his
3264 1271 3519 1329 affirmat
3542 1276 3693 1330 Ari-

2104 1360 2391 1415 stobulum
2434 1371 2491 1415 et
2532 1360 2893 1415 Ptolemaeum
2941 1370 2996 1414 et
3042 1361 3320 1432 optimum
3381 1379 3721 1435 quemque·

2104 1457 2408 1504 auctorem.
2436 1448 2548 1502 Pro
2576 1444 2733 1503 ἐνίοτε
2763 1448 2881 1503 Van
2903 1447 3047 1503 Gent
3079 1447 3214 1521 (Ep.
3244 1448 3371 1503 crit.
3392 1441 3410 1522 )
3431 1447 3694 1519 conjecit

2105 1532 2156 1587 ἐν
2194 1529 2325 1607 ἔθει,
2355 1543 2557 1608 praeter
2576 1535 2970 1591 necessitatem.

2400 1707 2492 1746 αι.
2540 1691 2625 1765 (0.
2651 1689 2737 1745 01.
2770 1687 2911 1758 113,
2942 1693 2995 1753 l..
3019 1705 3068 1742 a.
3098 1687 3157 1744 C.
3191 1685 3365 1765 325.)

2552 1835 2599 1893 E
2638 1836 2862 1893 LIBRO
2911 1834 3210 1894 DECIMO.

2175 1992 2372 2049 Suidas
2402 2010 2416 2050 ι
2445 1977 2520 2075 ‘Q
2556 1986 2615 2047 τὸ
2653 1987 2788 2070 ἱερὸν
2825 1993 2928 2068 πῦρ
2953 1990 3047 2048 οὐκ
3076 1987 3241 2058 ἔξεστι
3275 1992 3541 2071 φυσῆσαι.
3570 1990 3686 2050 Τι’-

2098 2099 2249 2154 μαιος
2276 2080 2326 2135 ἐν
2353 2074 2440 2148 λη’
2471 2076 2733 2157 Ἱστοριῶν
2754 2120 2769 2148 ,
2796 2080 2864 2143 ὡς
2892 2079 2938 2135 οἱ
2974 2077 3094 2158 περὶ
3130 2076 3500 2154 Δημοκλείδην
3533 2079 3685 2136 κατὰ

2095 2164 2439 2245 Δημοχάρους
2467 2156 2631 2238 εἷπον,
2659 2162 2737 2222 ὅτι
2765 2162 2906 2244 μόνῳ
2949 2167 3090 2245 αὐτῷ
3128 2163 3336 2222 πάντων
3376 2163 3683 2237 Ἀθηναίων

2094 2255 2187 2311 οὐκ
2219 2252 2384 2320 ἔξεστι
2410 2250 2469 2310 τὸ
2495 2251 2630 2329 ἱερὸν
2652 2257 2758 2332 πῦρ
2805 2256 3036 2333 φυσῆσαι
3055 2298 3072 2330 ,
3117 2256 3186 2320 ὥς
3218 2252 3294 2329 μὴ
3326 2252 3687 2332 καθαρεύοντι

2094 2339 2197 2404 τοῖς
2218 2337 2324 2395 ἅνω
2353 2335 2579 2417 μέρεσιν.
2606 2343 2792 2419 Δοῦρις
2814 2340 2865 2397 δὲ
2897 2342 2949 2399 ἐν
2979 2343 3043 2419 τῇ
3074 2337 3106 2397 ι’
3137 2337 3346 2399 Πυθέαν
3378 2337 3527 2397 κατὰ
3564 2347 3689 2413 Ar„-

2003 2447 2008 2453 ·
2096 2422 2370 2502 μοσθένους
2392 2426 2450 2485 τὸ
2477 2423 2653 2504 ὅμοιον
2682 2428 2864 2488 εἰπεῖν.

2173 2512 2559 2592 Δημοκλέίδην]
2583 2541 2604 2565 ι
2620 2512 2968 2590 Τιμοκλείδην
2981 2515 3225 2572 Valesius
3237 2515 3297 2570 in
3317 2517 3679 2591 Har-poetar.

2094 2621 2155 2675 p.
2180 2601 2315 2673 245,
2337 2603 2428 2659 cui
2449 2604 3036 2679 repugnatRuhnkeu.
3053 2605 3111 2658 in
3124 2604 3305 2661 Rutil.
3326 2607 3479 2678 Lup.
3504 2605 3637 2680 p.8.
3652 2632 3678 2654 υ

2094 2688 2448 2762 Bernhardy.
2478 2722 2556 2733 —-
2594 2714 2620 2739 α
2644 2689 2868 2746 Referri
2902 2691 3020 2746 haec
3050 2692 3265 2765 possint
3298 2691 3374 2747 ad
3410 2704 3679 2750 mutuam

2095 2776 2247 2831 illam
2280 2773 2540 2851 λοιδορίαν
2566 2778 2790 2852 Pytheae
2811 2789 2867 2834 01
2888 2775 3279 2834 Demosthenis
3305 2780 3369 2834 in
3397 2781 3674 2852 Arcadia,

2093 2876 2322 2920 mortuo
2374 2865 2528 2921 haud
2567 2866 2644 2922 110
2682 2865 2908 2940 pridem
2943 2865 3268 2922 Alexandro
3321 2868 3505 2940 (Plut.
3553 2872 3677 2926 De·

2093 2952 2295 3011 mosth.
2336 2972 2431 3025 27,
2469 2953 2599 3013 coll.
2648 2953 2890 3014 Diodor.
2930 2954 3111 3023 XVII,
3145 2954 3271 3029 10),
3310 2954 3413 3011 sed
3439 2970 3677 3031 praestat

2094 3047 2301 3113 1001011,
2322 3041 2426 3098 uisi
2446 3040 2633 3118 fallor²
2662 3041 2756 3098 hic
2796 3043 3043 3118 cogitare
3064 3042 3216 3096 litem
3262 3043 3631 3118 Harpalicam
3652 3086 3672 3115 ,

2094 3139 2157 3183 ut
2176 3118 2521 3205 significetur
2556 3133 2591 3200 ἡ
2632 3127 2992 3205 Δημοσθένους
3036 3127 3324 3206 κατηγορία
3344 3174 3359 3203 ,
3391 3150 3506 3205 qua
3556 3135 3674 3207 Py-

2093 3216 2245 3272 theas
2267 3212 2518 3293 πονηρίαν
2551 3217 2626 3295 τῷ
2659 3213 2978 3293 Δημοσθένει
3017 3213 3107 3272 καὶ
3134 3214 3326 3272 κακίαν
3355 3215 3451 3286 τὴν
3481 3214 3536 3284 ἐξ
3578 3219 3671 3275 ἇν-

2097 3297 2315 3381 θρώπων
2343 3308 2520 3359 πᾶσαν
2561 3302 2772 3360 ἐνοικεῖν
2823 3303 2967 3359 dixit
3005 3303 3263 3377 (Dionys.
3289 3305 3420 3360 Hal.
3458 3307 3544 3361 De
3582 3307 3663 3364 Is,

525 3380 822 3437 Athenaeus
842 3381 901 3447 Ι,
925 3397 986 3453 p.
1019 3399 1111 3454 17,
1137 3380 1185 3435 F
1212 3397 1227 3434 t
1260 3374 1579 3444 Καθέζονται
1603 3375 1649 3433 δ’
1681 3378 1731 3435 ἐν
1756 3377 1860 3443 τοῖς
1879 3399 1994 3435 συν·
2084 3389 2208 3463 jud,
2235 3408 2283 3448 c.
2309 3394 2364 3460 4,
2393 3390 2509 3446 vol.
2534 3393 2615 3461 V,
2636 3409 2698 3465 p.
2733 3390 2845 3465 592
2868 3390 3107 3467 Reisk.),
3140 3414 3165 3441 0
3198 3392 3583 3451 Humum.

443 3465 663 3532 δείπνοις
716 3466 763 3523 οἱ
809 3464 999 3545 ἥρωες,
1029 3466 1086 3522 οὗ
1117 3461 1540 3523 κατακέκλινται.
1589 3464 1761 3522 Τοῦτο
1807 3462 1861 3520 δὲ
1903 3463 1997 3521 καὶ

445 3554 570 3632 παρ’
607 3549 923 3632 Ἀλεξάνδρῳ
951 3554 1027 3631 τῷ
1056 3552 1264 3631 βασιλεῖ
1289 3549 1450 3609 ἐνίοτε
1474 3540 1558 3623 ἦν,
1605 3549 1675 3618 ῶς
1701 3572 1828 3631 φησι
1854 3554 1994 3610 Δοῦ-

443 3660 539 3717 ρις.
625 3636 849 3698 Ἑστιῶν
887 3643 1007 3713 γοῦν
1037 3660 1162 3696 ποτε
1209 3636 1465 3714 ἡγεμόνας
1509 3639 1580 3704 εἰς
1626 3636 1998 3716 ἑξακισχιλίους

444 3728 675 3784 ἐκάθισεν
723 3725 804 3784 ἐπὶ
839 3726 1026 3808 δίφρων
1058 3728 1292 3806 ἀργυρῶν
1338 3724 1428 3783 καὶ
1459 3725 1768 3805 κλιντήρων,
1807 3726 1999 3804 ἁλουρ-

437 3816 548 3888 γοῖς
571 3810 927 3893 περιστρώσας
944 3813 1187 3888 ἱματίοις.

521 3899 700 3972 Codd.
736 3902 809 3959 U.
844 3904 890 3957 L
914 3897 1247 3978 (Dindorfii)
1284 3903 1503 3978 εΔοῧρις
1525 3897 1883 3980 τετρακοσίους
1911 3888 1998 3956 οὗν

1183 4072 1262 4122 18.

504 4177 621 4231 Qua:
640 4171 700 4221 de
720 4176 962 4222 Amazone
981 4169 1306 4220 Alexandrum
1323 4172 1636 4222 conveniente
1664 4171 1794 4234 apud
1820 4172 1999 4222 11101100

442 4252 715 4315 narrantur,
743 4250 1025 4314 figmentum
1055 4261 1158 4300 0000
1174 4250 1391 4301 statuunt
1409 4249 1764 4301 AristobuluS...
1786 4252 1836 4300 et
1855 4249 1998 4300 Duris

444 4327 649 4379 samius.

1147 4444 1164 4469 ι.
1185 4415 1269 4468 19.

508 4509 736 4558 Vinctum
758 4520 859 4558 0000
887 4507 1222 4558 Prometheum
1254 4507 1399 4570 atque
1424 4506 1634 4569 aquilam
1660 4507 1704 4555 ei
1739 4506 1998 4555 immissam

447 4585 688 4635 Hesiodus
728 4584 795 4633 ait
831 4586 1024 4648 propter
1065 4584 1223 4647 ignem
1266 4583 1394 4633 furto
1434 4583 1675 4644 ablatum,
1713 4582 1857 4633 Duris
1886 4595 2001 4632 vero

443 4663 560 4712 dicit
589 4663 838 4726 propterea
872 4662 1002 4726 quod
1023 4662 1250 4711 Minci-vm
1284 4673 1447 4712 amore
1477 4662 1649 4724 captus
1677 4662 1814 4711 esset.
1846 4661 2000 4722 Atque

445 4743 557 4791 hinc
581 4742 762 4791 iactum
795 4754 928 4803 esse,
967 4744 1022 4790 ut
1041 4740 1240 4790 caucasi
1281 4739 1456 4790 montis
1485 4740 1662 4807 00001ιο
1692 4739 1802 4791 sevi
1827 4740 1878 4789 et
1913 4740 1996 4789 Mi-

445 4831 607 4869 nervae
625 4831 758 4869 sacra
781 4832 875 4868 non
900 4818 1099 4880 saciant,
1127 4820 1294 4880 utpote
1310 4817 1394 4882 qul
1422 4818 1704 4869 Prometheo
1740 4830 1895 4883 poenae
1921 4830 1999 4866 au·

446 4898 602 4945 010100
621 4896 825 4957 rues-inu
849 4897 1017 4945 contra
1035 4908 1339 4958 summopere
1357 4897 1419 4946 ab
1445 4896 1502 4947 iis
1522 4896 1612 4947 coli
1634 4894 1907 4957 Herculem,
1928 4897 1998 4944 ut-

445 4973 558 5034 pote
575 4966 659 5035 qui
681 4972 852 5035 sagitta
868 4971 1079 5035 aquilam
1100 4972 1368 5022 confixerit.

510 5132 726 5185 Amident
759 5136 935 5185 mensis
967 5135 1135 5186 heroes
1171 5136 1220 5184 iu
1255 5135 1511 5199 conviviis,
1552 5148 1648 5185 uon
1682 5134 1991 5186 accumbunt.

2821 3540 2893 3576 22

2168 3641 2446 3698 Plutarch.
2468 3642 2643 3697 Phoc.
2668 3660 2714 3698 0.
2739 3648 2767 3707 Ι,
2788 3661 2800 3696 :
2822 3638 3086 3699 Φωκίωνα
3102 3638 3202 3719 γὰρ
3223 3637 3342 3698 οὔτε
3361 3639 3669 3718 γελάσαντά

2089 3748 2164 3792 τις
2184 3723 2299 3783 οὔτε
2321 3724 2620 3784 κλαύσαντα
2643 3725 2830 3808 ῥᾳδίως
2858 3725 3136 3797 Ἀθηναίων
3172 3716 3327 3804 εἶδεν,
3347 3728 3453 3784 οὐδ’
3478 3730 3529 3783 ἐν
3553 3731 3663 3805 βα-

2088 3810 2278 3891 λανείῳ
2306 3809 2661 3888 δημοσιεύοντι
2691 3812 3030 3889 λουσάμενον,
3057 3814 3128 3879 ὣς
3163 3811 3402 3891 ἱστόρηκε
3426 3816 3617 3891 Δοῦρις
3634 3859 3655 3886 ,

2092 3898 2200 3956 οὐδ’
2220 3897 2363 3964 ἐκτὸς
2386 3897 2572 3977 ἔχοντα
2606 3896 2698 3969 τὴν
2736 3901 2887 3978 χεῖρα
2921 3902 3012 3969 τῆς
3055 3898 3355 3980 περιὸολῆς,
3381 3895 3465 3955 ὅτε
3492 3898 3655 3975 τύχοι

2092 4071 2251 4125 Quem
2268 4080 2453 4117 morem
2472 4068 2617 4117 0110111
2632 4080 2975 4131 nonnunquam
2990 4067 3117 4129 apud
3145 4065 3461 4116 Alexandrum
3485 4078 3661 4127 regem

2087 4146 2329 4194 servatum
2355 4157 2457 4195 0000
2481 4145 2622 4195 Duris
2637 4144 2818 4195 scribit.
2841 4148 2887 4195 10
2905 4146 3031 4194 enim
3063 4144 3323 4209 aliquando
3342 4143 3495 4195 sexies
3518 4142 3663 4195 mille

2089 4220 2450 4284 (100001100ρὶ110
2473 4220 2738 4285 excipiens,
2754 4223 2804 4270 in
2831 4221 2956 4272 sellis
2981 4221 3216 4285 argenteis
3234 4220 3537 4272 recubitor-iis
3562 4222 3664 4271 col·

2088 4298 2294 4362 locavit,
2321 4300 2452 4348 veste
2470 4311 2706 4361 purpurea
2727 4298 2903 4349 stratis.

2814 4399 2904 4448 21.

2157 4496 2246 4545 Cui
2266 4506 2475 4545 cmm
2498 4497 2662 4557 ionem
2679 4493 2901 4556 sufflare
2917 4507 3015 4545 non
3031 4493 3164 4543 licet.
3189 4493 3404 4543 'rimaeus
3420 4493 3545 4543 libro
3572 4495 3658 4544 tri·

2087 4570 2264 4633 gesimo
2282 4573 2458 4621 octavo
2478 4570 2796 4621 Historiarum
2819 4569 2965 4620 tradit
3000 4569 3328 4618 Democlidem
3362 4569 3661 4619 Demochari

2087 4647 2423 4711 exprobrasse,
2447 4648 2536 4710 ipsi
2556 4647 2646 4697 soii
2669 4648 2885 4698 omnium
2905 4646 3266 4696 Atheniensium
3286 4659 3386 4696 non
3408 4646 3553 4696 licere
3570 4660 3657 4696 sa-

2087 4736 2226 4774 crum
2251 4725 2407 4788 ignem
2427 4723 2649 4787 00111010,
2686 4723 2819 4787 quod
2855 4722 3122 4786 superiores
3143 4724 3305 4786 partes
3334 4722 3553 4787 corporis
3578 4722 3659 4771 sui

2087 4803 2347 4865 polluisset.
2371 4803 2511 4853 Duris
2530 4817 2642 4853 vero
2666 4803 2788 4854 libro
2807 4802 2995 4853 decimo
3024 4800 3142 4851 dicit
3167 4802 3402 4864 Pytheam
3426 4802 3554 4852 idem
3573 4802 3660 4849 ob-

2084 4882 2250 4943 jecisse
2268 4881 2591 4932 Demostheni.

2817 4955 2906 5006 22.

2149 5054 2291 5105 Duris
2326 5056 2470 5106 refert
2511 5056 2795 5105 Phocionem
2839 5053 3068 5103 ridentem
3108 5066 3195 5102 nec
3220 5052 3417 5102 flentem
3456 5054 3520 5103 ab
3550 5054 3657 5104 0110

2088 5130 2440 5184 Atheniensium
2456 5132 2633 5183 temere
2656 5133 2959 5196 conspectum
2983 5127 3144 5193 misse,
3164 5143 3251 5179 nec
3276 5129 3325 5179 in
3350 5128 3530 5183 balneo
3558 5145 3659 5197 pu·
