4016 5916
1099 368 1196 429 ET
1238 367 1798 430 ANAXIMANDRI
1843 367 2129 429 Min-:su
2168 368 2662 430 FRAGMENTA.
3394 384 3468 432 (27

233 509 395 565 tino,
427 509 580 561 Nam
607 505 707 560 ubi
737 506 1016 560 Musa-um
1054 514 1364 578 exspectas„
1395 502 1627 559 Proclus
1664 500 1831 574 ponit
1916 502 1984 556 iis
2013 514 2206 577 gentes
2234 503 2436 576 quibus
2463 504 2664 578 singuli
2695 506 3007 559 Homerum
3038 504 3324 560 vindicare
3350 516 3475 564 stu-

239 598 598 661 Don'onem3
635 592 838 649 eodem
856 593 986 648 loco
1007 589 1145 670 Δρής
1162 594 1486 647 nominatur
1503 609 1595 664 ap.
1621 590 1828 646 Chara·
1918 588 2173 660 duerint‚
2215 593 2424 661 Dores‚
2463 592 2701 646 Thraces
2720 632 2734 660 ,
2789 590 3137 667 Odrysas(?);
3191 594 3473 650 Musaeum

233 702 373 739 cem
391 725 408 751 ‚
443 678 656 761 ’Ὀρτης
677 681 738 736 in
755 682 995 739 Cervam.
1017 683 1182 737 Hom.
1208 692 1266 737 et
1285 676 1533 738 Hesio'di.
1563 680 1698 750 Quae
1720 694 1831 731 no·
1917 694 2053 732 vero
2075 679 2139 735 iis
2168 678 2393 748 deberi,
2420 680 2669 752 quicum
2687 679 3109 735 Atheniensium
3131 681 3353 737 civitate
3375 699 3479 756 ge-

239 773 405 828 mina
443 790 520 827 ex
561 788 677 825 uno
723 768 1037 843 eodemque
1076 780 1344 844 corrupta
1390 786 1501 825 esse
1541 765 1824 821 videntur.

1918 765 2235 840 nealogiam
2256 768 2490 821 Homeri
2516 766 2928 838 conjunxerint.
2947 764 3031 824 Cf.
3055 765 3207 823 idem
3233 785 3297 841 p.
3330 786 3436 842 192
3452 808 3470 838 ,

241 860 601 915 ivelc-lienis
633 857 809 933 (Cycl.
837 876 897 931 p.
933 863 1063 932 149,
1087 857 1185 912 ubi
1203 855 1360 934 vide)
1383 856 1572 913 statuit
1588 852 1825 909 indicari
1927 853 2061 922 1763
2092 854 2338 910 Nitzsch.
2368 855 2510 910 Hic-t.
2544 856 2714 910 Hom.
2746 854 2832 921 11,
2858 871 2915 925 p.
2945 851 3041 909 88.

792 1191 2030 1334 ANAXIMANDER
2111 1203 2929 1339 MILESIUS.

327 1580 541 1639 Suidas
599 1598 616 1635 ε
677 1574 1106 1657 Ἀναξίμανδρος,
1154 1575 1588 1656 Ἀναξιμάνδρου,
1653 1579 1827 1651 Μιλή-

249 1691 384 1740 σιος,
415 1668 448 1724 ὁ
472 1664 762 1744 νεώτερος,
793 1662 1062 1744 ἱστορικός·
1080 1662 1259 1743 γέγονε
1278 1663 1333 1723 δὲ
1352 1664 1489 1723 κατὰ
1507 1663 1623 1732 τοὺς
1649 1665 1825 1746 Ἀρτα-

253 1755 426 1837 ξέρξου
477 1752 711 1837 χρόνους
764 1756 855 1811 τοῦ
907 1750 1206 1828 Μνήμονος·
1240 1752 1534 1823 κληθέντος.
1584 1749 1827 1836 Ἔγραψε

257 1844 554 1922 Συμὸόλων
591 1838 965 1921 Πυθαγορείων
996 1837 1255 1917 ἐξήγησιν·
1299 1831 1403 1901 οἶόν
1443 1843 1553 1900 ἐστι
1575 1840 1635 1900 τὸ
1659 1842 1826 1920 Ζυγὸν

256 1932 327 2007 μὴ
373 1930 752 2013 ὖπερὸαίνειν·
799 1927 1047 2009 Μαχείρᾳ
1089 1934 1194 2009 π’ὗρ
1233 1927 1307 2006 μὴ
1353 1928 1656 1988 σκαλεύειν·
1701 1929 1827 1991 Ἀπὸ

255 2021 544 2101 ὁλοκλήρου
579 2018 746 2099 ἄρτου
771 2015 846 2093 μὴ
870 2015 1052 2075 ἐσθίειν
1071 2038 1085 2053 ·
1110 2018 1199 2075 καὶ
1221 2015 1288 2075 τὰ
1313 2017 1494 2077 λοιπά.
1522 2019 1603 2077 Cf.
1627 2022 1827 2078 Eudo-

256 2114 356 2169 cia.
391 2110 779 2187 (Artaxerxes
805 2108 1072 2163 Mnemon
1097 2126 1259 2183 regn.
1296 2106 1609 2184 405-359
1639 2128 1690 2167 a.
1725 2110 1821 2186 C.)

329 2200 584 2274 Diogen.
620 2200 690 2256 L.
719 2198 808 2271 11,
835 2214 869 2251 a
898 2214 911 2251 ε
951 2197 1157 2252 Praeter
1181 2196 1665 2252 Anaximandrum
1706 2197 1824 2272 phi·

259 2287 559 2361 iosophum
603 2280 787 2360 γέγονε
817 2280 906 2340 καὶ
932 2281 1087 2347 ἄλλος
1112 2279 1508 2360 Ἀναξίμανδρος
1533 2282 1815 2363 ἱστορικὸς,

259 2372 344 2431 καὶ
375 2372 529 2439 αὐτὸς
561 2371 861 2442 Μιλήσιος,
889 2372 956 2448 τῇ
977 2367 1111 2430 Ἰάδι
1136 2367 1429 2449 γεγραφώᾳ

335 2460 772 2518 Anaximander
810 2459 870 2514 h.
897 2459 936 2516 l.
974 2457 1201 2514 fortasse
1227 2477 1345 2513 non
1373 2459 1622 2515 diversus
1650 2472 1731 2516 est
1756 2462 1827 2516 ab

265 2552 384 2619 iilo,
412 2568 591 2624 quem
625 2566 754 2604 cum
782 2546 1152 2603 Stesimbroto
1183 2546 1331 2601 inter
1351 2548 1640 2620 magistros
1665 2550 1828 2604 Nice·

261 2641 364 2694 rati
399 2641 669 2694 nominat
705 2635 1035 2707 Xenophon
1081 2635 1315 2691 Conviv.
1347 2636 1464 2703 111,
1509 2634 1566 2691 6.
1597 2637 1827 2691 Stesim-

265 2728 429 2782 broto
466 2736 668 2782 tamen
699 2723 990 2796 juniorem
1030 2720 1231 2791 fuisse,
1276 2733 1341 2776 ut
1372 2723 1472 2794 qui
1515 2720 1619 2777 sub
1662 2725 1829 2779 Arta-

265 2834 426 2871 xerxe
449 2814 648 2870 adhuc
672 2809 926 2865 floruisse
955 2807 1193 2877 dicatur,
1224 2807 1386 2863 facile
1411 2809 1661 2884 colligaS.

343 2906 547 2960 Praeter
577 2894 978 2976 symbolorum
1004 2897 1509 2972 Pythagoricorum
1537 2897 1821 2972 interpre-

273 2993 536 3048 tationem
565 2989 853 3063 scripsisse
891 2985 1116 3041 videtur
1161 2986 1465 3041 Historiam
1494 2985 1824 3059 mythicam,

271 3080 313 3132 si
348 3079 581 3152 quidem
632 3085 788 3132 recte
826 3065 941 3129 huc
977 3069 1332 3127 referendam
1387 3089 1502 3127 esse
1546 3089 1830 3126 censemus

265 3184 434 3239 quam
463 3166 772 3221 Athenaeus
791 3159 984 3216 laudat
1008 3159 1414 3214 Anaximandri
1443 3154 1823 3235 Ἡρωολογίαν.

830 3261 1282 3322 ΗΡΩΟΛΟΓΙΑ.

1039 3376 1062 3411 1

354 3458 655 3513 Athenaeus
673 3455 788 3523 xl,
803 3472 864 3527 p.
892 3450 1033 3525 498,
1062 3400 1108 3506 A
1137 3468 1151 3505 ε
1177 3446 1417 3513 Ἡσίοδος
1442 3447 1494 3504 ἕν
1517 3449 1591 3526 τῷ
1612 3444 1831 3527 δευτέρῳ

279 3539 662 3618 ’Μελαμποδίας
692 3536 785 3597 σὺν
814 3540 889 3616 τῷ
914 3559 956 3595 π
985 3533 1272 3616 σκύπφον
1303 3533 1500 3614 λέγει...
1522 3532 1753 3611 Ὁμοίως
1774 3533 1828 3592 δὲ

1914 1586 1979 1639 lis
2005 1585 2199 1640 Delius
2225 1603 2258 1640 a
2296 1587 2491 1641 Danao
2537 1585 2725 1641 literas
2754 1586 2815 1640 in
2854 1587 3126 1643 Graeciam
3163 1599 3481 1662 asportatas

1915 1691 2029 1727 esse
2058 1673 2271 1730 dicunt.
2305 1669 2753 1751 Ἐπιμαρτυροῧσι
2784 1670 2978 1739 τούτοις
3010 1672 3101 1731 καὶ
3128 1676 3176 1732 οἱ
3206 1676 3471 1745 Μιλησια-

1915 1758 1997 1815 zoi
2024 1758 2335 1839 συγγραφεῖς
2355 1756 2761 1837 Ἀναξίμανδρος
2783 1759 3158 1837 καὶζΔιονύσιος
3183 1761 3274 1820 καὶ
3298 1761 3469 1822 Ἕκα-

1913 1853 2081 1918 ταῖος,
2109 1844 2194 1913 οὒς
2220 1844 2308 1904 καὶ
2329 1844 2708 1925 Ἀπολλόδωρος
2732 1849 2784 1904 ἐν
2823 1849 2869 1906 N
2875 1851 2970 1905 εῶν
2994 1849 3271 1931 καταλόγῳ
3299 1872 3470 1930 παρα-

1916 1935 2134 1994 τίθεται.
2185 1937 2315 1993 Sine
2363 1936 2542 1992 dubio
2570 1934 2815 1992 Milesius
2834 1936 3032 2009 junior
3058 1939 3468 2014 intelligendus,

1914 2025 1997 2083 Cf.
2027 2025 2263 2081 Nitzsch.
2294 2025 2367 2081 Η.
2398 2026 2572 2082 Hom.
2600 2026 2659 2094 1,
2684 2043 2742 2100 p.
2772 2043 2868 2099 79,

2510 2172 2879 2200 -ψ-

1992 2402 2318 2477 Fulgentius
2343 2403 2522 2476 Myth.
2551 2404 2609 2473 1,
2644 2408 2711 2468 14
2742 2422 2756 2456 :
2790 2404 3046 2476 Apollini
3072 2407 3261 2459 novem
3294 2405 3467 2478 depu-

1916 2501 2041 2545 tant
2059 2491 2284 2556 Musas,
2316 2496 2602 2564 ipsumque
2641 2491 2911 2544 decimum
2941 2490 3124 2544 Musis
3150 2490 3427 2562 adjiciunt
3448 2511 3468 2546 .·

1914 2581 2018 2633 illa
2055 2579 2322 2633 videlicet
2353 2597 2546 2646 causa,
2592 2579 2740 2652 quod
2778 2577 3041 2632 leumanoe
3074 2582 3232 2634 vocis
3276 2580 3466 2634 decem

1912 2673 2029 2722 sint
2079 2667 2482 2732 modulamina,
2531 2667 2675 2721 unde
2719 2684 2839 2721 cum
2881 2663 3231 2721 decachorda
3268 2668 3473 2741 Apollo

1907 2760 2167 2829 pingitur
2201 2754 2439 2809 cithara.
2476 2753 2595 2809 Sed
2638 2766 2696 2808 et
2730 2755 2826 2808 lex
2863 2754 3051 2808 divina
3089 2754 3472 2811 decachordon

1913 2843 2051 2897 dicit
2061 2843 2408 2915 psalterium.
2435 2842 2531 2894 Fit
2548 2844 2719 2912 igitur
2743 2860 2843 2895 vox
2864 2852 3123 2914 quattuor
3135 2842 3389 2901 dentibus
3413 2862 3472 2897 c·

1884 2924 2105 2986 'conte-a
2119 2932 2342 3004 positis,
2366 2946 2498 3002 quos
2519 2930 2711 3001 lingua
2724 2933 2971 3003 percutit
2988 2948 3007 2982 .-
3027 2947 3059 2985 e
3076 2929 3271 3004 quibus
3286 2935 3338 2985 si
3357 2949 3466 2987 uno

1916 3023 2098 3073 minus
2118 3014 2336 3087 suerit,
2367 3018 2592 3071 sibilum
2618 3022 2806 3090 potius
2845 3035 3011 3091 quam
3048 3035 3225 3073 vocem
3264 3019 3471 3074 reddat

1915 3123 2131 3160 necesse
2174 3117 2271 3160 est.
2316 3106 2442 3159 Duo
2483 3105 2634 3158 labia
2663 3107 2809 3159 velut
2849 3103 3157 3170 crmbala,'
3192 3106 3468 3160 verborum
3506 3131 3513 3137 ·

1915 3194 2202 3248 commoda
2230 3195 2575 3249 modulantia
2620 3211 2640 3246 .·
2680 3195 2894 3267 lingua,
2947 3204 3007 3246 ut
3020 3194 3475 3272 plectrumffquoe

1915 3286 2232 3336 curvamine
2265 3283 2501 3355 quodam
2535 3283 2773 3335 vocalem
2786 3276 3016 3349 format
3042 3284 3323 3354 spiritum‚·
3345 3300 3472 3354 pa·-

1867 3400 1875 3458 Ι
1920 3369 2066 3421 latus
2078 3410 2093 3435 ‚
2143 3372 2299 3439 cujus
2331 3371 2646 3421 concavitas
2676 3364 2894 3440 profert
2919 3385 3110 3421 sonum
3125 3386 3148 3433 ;
3178 3368 3475 3439 guttur-alis

1867 3475 1874 3483 ·
1907 3456 2127 3529 fistula,
2165 3473 2291 3528 quoe
2313 3459 2471 3509 teneti
2505 3466 2746 3510 meatum
2780 3455 3094 3527 spiritalem
3125 3454 3347 3526 praebet
3368 3472 3471 3507 ex-

1916 3561 2103 3610 cursu,·
2143 3552 2199 3597 et
2222 3543 2424 3616 pulmo
2450 3544 2546 3616 qui
2575 3542 2717 3595 velut
2742 3559 2965 3596 acervus
2992 3537 3166 3610 follis
3202 3552 3470 3614 concepta

277 3628 366 3688 καὶ
407 3625 809 3706 Ἀναξίμανδρος
853 3624 905 3681 ἓν
961 3626 1027 3699 τῇ
1072 3621 1436 3702 Ἡρωολογίᾳ,
1490 3619 1654 3698 λέγων
1702 3612 1830 3679 ὧδε·
1916 3631 2103 3685 reddit
2124 3647 2194 3683 ac
2221 3640 2453 3683 revocat.
2484 3625 2672 3683 Habes
2688 3645 2820 3700 ergo
2837 3645 3024 3681 novem
3052 3627 3342 3681 Musarum
3375 3625 3476 3686 vel

291 3743 312 3766 ι
340 3712 668 3798 Ἀμφιτρύων
694 3713 750 3771 δὲ
771 3709 866 3784 τὴν
892 3708 1040 3782 λείην
1063 3708 1357 3787 δασάμενος
1385 3716 1487 3775 τοῖς
1507 3706 1829 3788 συμμάχοις,
1919 3719 2205 3793 Apollinis
2226 3722 2399 3791 ipsius
2423 3716 2699 3771 redditam
2724 3719 3020 3781 rationem,
3059 3720 3205 3769 stcut
3223 3719 3279 3769 tn
3318 3716 3475 3769 libris

283 3800 369 3861 καὶ
401 3802 488 3861 τὸν
513 3798 757 3881 σκύπφον
786 3797 921 3878 ἔχων
951 3794 1007 3855 ὃν
1040 3795 1207 3856 εἵλετο
1245 3798 1405 3875 ⁰25³sp-
1441 3820 1466 3846 ²·
1509 3795 1614 3854 Καὶ
1640 3794 1798 3852 πάλιν
1816 3816 1829 3830 ·
1916 3811 2035 3861 suis
2061 3804 2494 3860 Anaximander
2516 3805 2925 3877 Lampsacenus
2956 3814 3014 3857 et
3034 3801 3383 3876 Leophantcs
3407 3801 3474 3878 (t)

285 3918 310 3942 ι
348 3892 451 3951 Τὸν
490 3889 546 3949 δὲ
590 3888 832 3968 σκύπφον
859 3887 910 3943 T
911 3881 1107 3962 ηλεὸόῃ
1134 3883 1315 3942 δίδωσι
1343 3882 1607 3940 Ποσειδῶν
1626 3924 1644 3952 ‚
1684 3879 1834 3937 παιδὶ
1919 3893 2386 3967 Heracleopolites
2410 3903 2723 3965 exponunt3
2750 3902 2805 3945 et
2830 3891 2978 3964 quod
2994 3892 3103 3944 alii
3114 3890 3376 3961 firmant,
3416 3902 3475 3943 nt

288 3980 356 4056 τῷ
382 3982 594 4037 ἑαυτοῦ·
627 3971 906 4048 Τηλεὸὄης
930 3971 984 4030 δὲ
1013 3969 1315 4051 Πτερέλεῳ·
1343 3974 1522 4028 τοῦτον
1547 3967 1679 4026 ἑλὼν
1708 3965 1833 4025 ἆπέ·
1920 3977 2489 4053 Pisanderphysicus‚
2526 3990 2581 4032 et
2601 3978 2941 4032 Euximenes
2967 3974 3038 4055 (i.
3072 3995 3122 4032 e.
3152 3970 3472 4052 Euemcrns)

285 4068 456 4126 πλεεν.
490 4090 514 4121 ι

362 4155 445 4211 Cf.
470 4152 764 4211 Her-odori
791 4150 863 4210 fr.
900 4169 921 4206 1
938 4191 951 4205 .
973 4180 1052 4193 -·
1076 4148 1127 4206 ἐν
1156 4149 1222 4224 τῇ
1249 4141 1578 4226 ἡρωολογία]
1599 4145 1749 4200 idem
1769 4145 1833 4199 li-

289 4240 376 4296 bri
403 4242 595 4297 titulus
615 4237 978 4314 reponendus
1004 4236 1168 4311 apud,
1195 4237 1515 4291 Hecataeum
1551 4233 1622 4287 sr.
1657 4230 1791 4296 354.

1034 4349 1066 4386 α

367 4430 601 4488 uekker.
655 4427 869 4484 Anecd.
912 4445 972 4501 p.
1006 4373 1115 4497 78·3
1162 4443 1176 4479 ε
1206 4421 1565 4498 Pythodorus
1601 4431 1655 4476 et
1684 4421 1838 4475 Phil·

798 4606 1207 4669 HEROOLOG
1219 4604 1322 4666 IA.

1028 4739 1048 4789 1

362 4837 585 4889 Hesiodus
609 4838 730 4888 libro
755 4835 1080 4899 Melampodioe
1102 4833 1312 4885 secundo
1338 4834 1548 4897 σκύπφον
1572 4832 1691 4895 (pm
1716 4829 1834 4881 σκύ·

303 4917 406 4974 εον)
427 4915 544 4965 dicit
567 4950 599 4964 ..
621 4914 848 4965 Similiter
868 4911 1213 4963 Anaximander
1231 4911 1280 4959 in
1300 4909 1580 4973 Heroologia
1595 4946 1610 4971 ,
1631 4908 1713 4957 ubi
1730 4907 1797 4957 ait
1820 4926 1832 4955 :

1922 4072 1979 4123 in
2001 4068 2141 4122 libro
2163 4061 2733 4141 Θεολογουμένων.

2010 4179 2033 4204 «
2060 4154 2159 4212 Vel
2174 4151 2650 4210 Anaximandrum
2666 4152 2943 4208 Milesium
2961 4152 3050 4206 vel
3074 4151 3474 4207 Anaximenem

1922 4245 2361 4316 Lampsacenum
2390 4239 2579 4295 dicere
2618 4239 2881 4297 voluerit.
2909 4263 2932 4288 ι
2969 4240 3126 4294 Voss„
3165 4255 3225 4311 p.
3257 4234 3353 4292 54.
3385 4236 3475 4292 Ad

1924 4326 2407 4385 Anaximandrum
2438 4324 2838 4399 Xenophontis
2858 4325 2902 4382 l.
2932 4325 2971 4382 l.
2990 4365 3005 4393 ,
3034 4324 3360 4397 mythorum
3385 4324 3474 4378 in-

1927 4425 2263 4490 terpretem,
2300 4414 2473 4471 refert
2506 4413 2757 4470 Lobeck.
2789 4412 3063 4487 Aglaoph.
3083 4431 3145 4486 p.
3189 4410 3316 4482 157.

1924 4581 2084 4644 lum),
2106 4593 2254 4644 quem
2276 4579 2567 4640 abstulerat,
2586 4576 2675 4627 sibi
2695 4576 2905 4627 retinuit.
2926 4595 2951 4620 υ
2972 4579 3035 4627 Et
3057 4576 3263 4626 iterum:
3288 4595 3311 4619 α
3332 4579 3476 4639 Scyp-

1924 4659 2072 4723 phum
2088 4657 2307 4709 Teleboae
2329 4655 2413 4705 dat
2440 4658 2689 4720 Neptunus
2706 4655 2806 4704 tilio
2828 4668 2917 4704 suo
2932 4692 2946 4717 ,
2974 4654 3201 4706 Teleboas
3224 4668 3341 4704 vero
3366 4649 3477 4705 Pte·

1924 4740 2082 4801 relao;
2105 4751 2204 4801 quo
2216 4737 2298 4787 ille
2319 4735 2479 4786 ablato
2495 4773 2511 4798 ,
2534 4748 2706 4786 navem
2729 4734 2888 4784 solvit.
2914 4755 2937 4778 u

1987 4911 2054 4955 De
2074 4904 2225 4954 literis
2236 4917 2267 4953 a
2284 4906 2449 4953 Danao
2482 4902 2529 4950 in
2545 4821 2780 4952 Graec2iam
2800 4900 2957 4950 allatis
2968 4898 3292 4949 assentiuntur
3309 4897 3478 4947 Milesii

311 5009 332 5029 ⁸
359 4991 652 5055 munitm),
675 4989 838 5055 praeda
857 4989 976 5039 inter
990 4989 1145 5040 socios
1162 4985 1311 5037 divisa
1323 5021 1339 5048 ,
1358 4986 1622 5051 scypphum
1651 4986 1833 5047 (pocu-
1922 4984 2177 5047 scriptores
2199 4979 2560 5040 Anaximander,
2581 4978 2831 5042 Dionysius
2848 4980 2895 5028 et
2921 4979 3186 5028 Hecataeus.

1451 5158 2288 5190 ..a—*000*-

3238 5193 3277 5232 i».
