<?xml version="1.0" encoding="UTF-8"?>
<!DOCTYPE html PUBLIC "-//W3C//DTD XHTML 1.0 Transitional//EN"
    "http://www.w3.org/TR/xhtml1/DTD/xhtml1-transitional.dtd">
<html xmlns="http://www.w3.org/1999/xhtml" xml:lang="en" lang="en">
 <head>
  <title>
</title>
<meta http-equiv="Content-Type" content="text/html;charset=utf-8" />
  <meta name='ocr-system' content='tesseract 3.04.00' />
  <meta name='ocr-capabilities' content='ocr_page ocr_carea ocr_par ocr_line ocrx_word'/>
</head>
<body>
  <div class='ocr_page' id='page_1' title='image "./fragmentahistor00mgoog/fragmentahistor00mgoog_0048.png"; bbox 0 0 4016 5916; ppageno 0'>
   <div class='ocr_carea' id='block_1_1' title="bbox 544 408 795 450">
    <p class='ocr_par' dir='ltr' id='par_1_1' title="bbox 544 408 795 450">
     <span class='ocr_line' id='line_1_1' title="bbox 544 408 795 450; baseline 0 -1"><span class='ocrx_word' id='word_1_1' title='bbox 544 408 795 450; x_wconf 76' lang='lat' dir='ltr'><strong>xxxvut</strong></span> 
     </span>
    </p>
   </div>
   <div class='ocr_carea' id='block_1_2' title="bbox 542 519 2142 5066">
    <p class='ocr_par' dir='ltr' id='par_1_2' title="bbox 542 519 2142 5066">
     <span class='ocr_line' id='line_1_2' title="bbox 542 519 2106 601; baseline 0.003 -22"><span class='ocrx_word' id='word_1_2' title='bbox 542 524 647 580; x_wconf 83' lang='grc' dir='ltr'>τῶν</span> <span class='ocrx_word' id='word_1_3' title='bbox 684 519 761 579; x_wconf 83' lang='grc' dir='ltr'>ἔτι</span> <span class='ocrx_word' id='word_1_4' title='bbox 791 522 1094 587; x_wconf 75' lang='grc' dir='ltr'>ἐνδοιαστῶς</span> <span class='ocrx_word' id='word_1_5' title='bbox 1123 520 1466 601; x_wconf 71' lang='grc' dir='ltr'>ἀκροωμένων</span> <span class='ocrx_word' id='word_1_6' title='bbox 1498 523 1734 583; x_wconf 62' lang='grc' dir='ltr'>ἱατίνων</span> <span class='ocrx_word' id='word_1_7' title='bbox 1766 526 2106 599; x_wconf 85' lang='grc' dir='ltr'>στησόμεθα·</span> 
     </span>
     <span class='ocr_line' id='line_1_3' title="bbox 543 607 2101 695; baseline 0.003 -28"><span class='ocrx_word' id='word_1_8' title='bbox 543 607 858 687; x_wconf 79' lang='grc' dir='ltr'>ἠναγκασυῖ</span> <span class='ocrx_word' id='word_1_9' title='bbox 833 631 959 675; x_wconf 83' lang='grc' dir='ltr'>ενοις</span> <span class='ocrx_word' id='word_1_10' title='bbox 988 607 1032 666; x_wconf 83' lang='grc' dir='ltr'>δ’</span> <span class='ocrx_word' id='word_1_11' title='bbox 1063 608 1347 688; x_wconf 81' lang='grc' dir='ltr'>ἀνθρώποις</span> <span class='ocrx_word' id='word_1_12' title='bbox 1377 610 1467 668; x_wconf 78' lang='grc' dir='ltr'>καὶ</span> <span class='ocrx_word' id='word_1_13' title='bbox 1495 610 1581 669; x_wconf 84' lang='grc' dir='ltr'>τὸν</span> <span class='ocrx_word' id='word_1_14' title='bbox 1606 611 1827 691; x_wconf 76' lang='grc' dir='ltr'>ἔσχατον</span> <span class='ocrx_word' id='word_1_15' title='bbox 1856 614 1974 688; x_wconf 78' lang='grc' dir='ltr'>περὶ</span> <span class='ocrx_word' id='word_1_16' title='bbox 1998 617 2101 695; x_wconf 85' lang='grc' dir='ltr'>ψυ-</span> 
     </span>
     <span class='ocr_line' id='line_1_4' title="bbox 542 694 2108 777; baseline 0.003 -23"><span class='ocrx_word' id='word_1_17' title='bbox 542 701 643 776; x_wconf 74' lang='grc' dir='ltr'>χῆς</span> <span class='ocrx_word' id='word_1_18' title='bbox 673 695 911 777; x_wconf 76' lang='grc' dir='ltr'>τρέχουσι</span> <span class='ocrx_word' id='word_1_19' title='bbox 957 696 1145 775; x_wconf 81' lang='grc' dir='ltr'>δρόμον</span> <span class='ocrx_word' id='word_1_20' title='bbox 1189 694 1296 755; x_wconf 84' lang='grc' dir='ltr'>οὔτ’</span> <span class='ocrx_word' id='word_1_21' title='bbox 1340 696 1532 777; x_wconf 84' lang='grc' dir='ltr'>ἄπορον</span> <span class='ocrx_word' id='word_1_22' title='bbox 1564 699 1706 757; x_wconf 78' lang='grc' dir='ltr'>οὐδὲν</span> <span class='ocrx_word' id='word_1_23' title='bbox 1746 698 1851 758; x_wconf 84' lang='grc' dir='ltr'>οὔτ</span> <span class='ocrx_word' id='word_1_24' title='bbox 1887 701 2108 759; x_wconf 82' lang='grc' dir='ltr'>ἀντίπα-</span> 
     </span>
     <span class='ocr_line' id='line_1_5' title="bbox 542 785 2102 867; baseline 0.001 -22"><span class='ocrx_word' id='word_1_25' title='bbox 542 788 657 848; x_wconf 86' lang='grc' dir='ltr'>λον.</span> <span class='ocrx_word' id='word_1_26' title='bbox 705 787 1007 844; x_wconf 68' lang='grc' dir='ltr'>»Τόιαῧτα</span> <span class='ocrx_word' id='word_1_27' title='bbox 1051 785 1406 864; x_wconf 86' lang='grc' dir='ltr'>διαλεγόμενοι</span> <span class='ocrx_word' id='word_1_28' title='bbox 1440 809 1566 865; x_wconf 89' lang='grc' dir='ltr'>προς</span> <span class='ocrx_word' id='word_1_29' title='bbox 1613 787 1899 860; x_wconf 81' lang='grc' dir='ltr'>ἀλλήλους,</span> <span class='ocrx_word' id='word_1_30' title='bbox 1938 791 2102 867; x_wconf 81' lang='grc' dir='ltr'>ὀλίγοι</span> 
     </span>
     <span class='ocr_line' id='line_1_6' title="bbox 544 869 2101 956; baseline 0.004 -28"><span class='ocrx_word' id='word_1_31' title='bbox 544 872 639 950; x_wconf 78' lang='grc' dir='ltr'>μὲν</span> <span class='ocrx_word' id='word_1_32' title='bbox 665 869 732 930; x_wconf 75' lang='grc' dir='ltr'>τὰ</span> <span class='ocrx_word' id='word_1_33' title='bbox 754 895 937 951; x_wconf 87' lang='grc' dir='ltr'>πρωτα</span> <span class='ocrx_word' id='word_1_34' title='bbox 956 917 971 943; x_wconf 90' lang='grc'>,</span> <span class='ocrx_word' id='word_1_35' title='bbox 996 869 1175 930; x_wconf 82' lang='grc' dir='ltr'>ἔπειτα</span> <span class='ocrx_word' id='word_1_36' title='bbox 1198 870 1459 939; x_wconf 79' lang='grc' dir='ltr'>πλείους”</span> <span class='ocrx_word' id='word_1_37' title='bbox 1430 897 1660 951; x_wconf 90' lang='grc' dir='ltr'>εγνωσαν</span> <span class='ocrx_word' id='word_1_38' title='bbox 1685 877 1961 956; x_wconf 75' lang='grc' dir='ltr'>ἐπιχειρεῖν</span> <span class='ocrx_word' id='word_1_39' title='bbox 1987 886 2101 944; x_wconf 87' lang='grc' dir='ltr'>ταῖς</span> 
     </span>
     <span class='ocr_line' id='line_1_7' title="bbox 545 956 2102 1039; baseline 0.005 -23"><span class='ocrx_word' id='word_1_40' title='bbox 545 959 757 1031; x_wconf 87' lang='grc' dir='ltr'>πόλεσι,</span> <span class='ocrx_word' id='word_1_41' title='bbox 804 957 892 1015; x_wconf 75' lang='grc' dir='ltr'>καὶ</span> <span class='ocrx_word' id='word_1_42' title='bbox 926 960 991 1017; x_wconf 88' lang='grc' dir='ltr'>δι’</span> <span class='ocrx_word' id='word_1_43' title='bbox 1036 956 1202 1039; x_wconf 76' lang='grc' dir='ltr'>ὅρκων</span> <span class='ocrx_word' id='word_1_44' title='bbox 1247 959 1479 1018; x_wconf 80' lang='grc' dir='ltr'>ἐδίδοσαν</span> <span class='ocrx_word' id='word_1_45' title='bbox 1525 961 1768 1033; x_wconf 77' lang='grc' dir='ltr'>ἀλλήλοις</span> <span class='ocrx_word' id='word_1_46' title='bbox 1813 963 1870 1021; x_wconf 84' lang='grc' dir='ltr'>τὸ</span> <span class='ocrx_word' id='word_1_47' title='bbox 1897 964 2102 1026; x_wconf 88' lang='grc' dir='ltr'>πιστόν.</span> 
     </span>
     <span class='ocr_line' id='line_1_8' title="bbox 543 1044 2104 1130; baseline 0.003 -24"><span class='ocrx_word' id='word_1_48' title='bbox 543 1044 782 1129; x_wconf 76' lang='grc' dir='ltr'>Ἔφθασε</span> <span class='ocrx_word' id='word_1_49' title='bbox 823 1045 877 1104; x_wconf 80' lang='grc' dir='ltr'>δὲ</span> <span class='ocrx_word' id='word_1_50' title='bbox 919 1045 1015 1117; x_wconf 73' lang='grc' dir='ltr'>τὴν</span> <span class='ocrx_word' id='word_1_51' title='bbox 1053 1046 1374 1128; x_wconf 79' lang='grc' dir='ltr'>ἐπιχείρησιν</span> <span class='ocrx_word' id='word_1_52' title='bbox 1404 1050 1573 1106; x_wconf 80' lang='grc' dir='ltr'>αὐτῶν</span> <span class='ocrx_word' id='word_1_53' title='bbox 1615 1052 1685 1114; x_wconf 83' lang='grc' dir='ltr'>εἰς</span> <span class='ocrx_word' id='word_1_54' title='bbox 1713 1052 1936 1130; x_wconf 72' lang='grc' dir='ltr'>ἐμφανὲς</span> <span class='ocrx_word' id='word_1_55' title='bbox 1966 1053 2104 1129; x_wconf 82' lang='grc' dir='ltr'>ἀγα-</span> 
     </span>
     <span class='ocr_line' id='line_1_9' title="bbox 552 1133 2108 1242; baseline 0.004 -51"><span class='ocrx_word' id='word_1_56' title='bbox 552 1139 720 1211; x_wconf 78' lang='grc' dir='ltr'>γοῦσα</span> <span class='ocrx_word' id='word_1_57' title='bbox 743 1133 985 1242; x_wconf 66' lang='grc' dir='ltr'>μήνυσις,</span> <span class='ocrx_word' id='word_1_58' title='bbox 1004 1133 1070 1206; x_wconf 81' lang='grc' dir='ltr'>ἣν</span> <span class='ocrx_word' id='word_1_59' title='bbox 1089 1138 1189 1192; x_wconf 85' lang='grc' dir='ltr'>τῶν</span> <span class='ocrx_word' id='word_1_60' title='bbox 1211 1135 1624 1210; x_wconf 82' lang='grc' dir='ltr'>συνωμοσᾶντων</span> <span class='ocrx_word' id='word_1_61' title='bbox 1644 1136 1773 1203; x_wconf 86' lang='grc' dir='ltr'>τινὲς</span> <span class='ocrx_word' id='word_1_62' title='bbox 1797 1138 2108 1209; x_wconf 80' lang='grc' dir='ltr'>ἐποιησαντο</span> 
     </span>
     <span class='ocr_line' id='line_1_10' title="bbox 546 1218 2102 1306; baseline 0.006 -29"><span class='ocrx_word' id='word_1_63' title='bbox 546 1218 672 1300; x_wconf 77' lang='grc' dir='ltr'>πρὸς</span> <span class='ocrx_word' id='word_1_64' title='bbox 716 1219 803 1278; x_wconf 80' lang='grc' dir='ltr'>τὸν</span> <span class='ocrx_word' id='word_1_65' title='bbox 847 1219 1015 1301; x_wconf 82' lang='grc' dir='ltr'>ἕτερον</span> <span class='ocrx_word' id='word_1_66' title='bbox 1061 1246 1164 1280; x_wconf 88' lang='grc' dir='ltr'>των</span> <span class='ocrx_word' id='word_1_67' title='bbox 1203 1222 1410 1281; x_wconf 74' lang='grc' dir='ltr'>ὑπάτων</span> <span class='ocrx_word' id='word_1_68' title='bbox 1454 1223 1718 1304; x_wconf 80' lang='grc' dir='ltr'>Μάρκιον,</span> <span class='ocrx_word' id='word_1_69' title='bbox 1760 1218 1802 1306; x_wconf 78' lang='grc' dir='ltr'>ᾧ</span> <span class='ocrx_word' id='word_1_70' title='bbox 1836 1226 1921 1285; x_wconf 81' lang='grc' dir='ltr'>τὸν</span> <span class='ocrx_word' id='word_1_71' title='bbox 1966 1227 2102 1286; x_wconf 78' lang='grc' dir='ltr'>κατὰ</span> 
     </span>
     <span class='ocr_line' id='line_1_11' title="bbox 549 1305 2101 1396; baseline 0.005 -29"><span class='ocrx_word' id='word_1_72' title='bbox 549 1309 814 1368; x_wconf 82' lang='grc' dir='ltr'>Σαυνιτῶν</span> <span class='ocrx_word' id='word_1_73' title='bbox 846 1309 1071 1386; x_wconf 87' lang='grc' dir='ltr'>πόλεμον</span> <span class='ocrx_word' id='word_1_74' title='bbox 1100 1315 1129 1368; x_wconf 83' lang='grc' dir='ltr'>ὁ</span> <span class='ocrx_word' id='word_1_75' title='bbox 1165 1312 1407 1391; x_wconf 74' lang='grc' dir='ltr'>κλῆρος</span> <span class='ocrx_word' id='word_1_76' title='bbox 1382 1334 1483 1369; x_wconf 87' lang='grc' dir='ltr'>απε</span> <span class='ocrx_word' id='word_1_77' title='bbox 1471 1311 1685 1390; x_wconf 86' lang='grc' dir='ltr'>’νειμεν,</span> <span class='ocrx_word' id='word_1_78' title='bbox 1717 1313 1818 1386; x_wconf 75' lang='grc' dir='ltr'>ἤδη</span> <span class='ocrx_word' id='word_1_79' title='bbox 1850 1305 2101 1396; x_wconf 87' lang='grc' dir='ltr'>παρειλη-</span> 
     </span>
     <span class='ocr_line' id='line_1_12' title="bbox 546 1393 2109 1503; baseline 0.004 -48"><span class='ocrx_word' id='word_1_80' title='bbox 546 1394 708 1473; x_wconf 79' lang='grc' dir='ltr'>φότι(</span> <span class='ocrx_word' id='word_1_81' title='bbox 690 1395 751 1475; x_wconf 72' lang='lat' dir='ltr'><strong>(a)</strong></span> <span class='ocrx_word' id='word_1_82' title='bbox 782 1395 873 1464; x_wconf 77' lang='grc' dir='ltr'>τὰς</span> <span class='ocrx_word' id='word_1_83' title='bbox 896 1399 947 1455; x_wconf 78' lang='grc' dir='ltr'>ἐν</span> <span class='ocrx_word' id='word_1_84' title='bbox 970 1421 1035 1475; x_wconf 80' lang='grc' dir='ltr'>τῃ</span> <span class='ocrx_word' id='word_1_85' title='bbox 1061 1393 1249 1503; x_wconf 82' lang='grc' dir='ltr'>Ῥώμῃ</span> <span class='ocrx_word' id='word_1_86' title='bbox 1274 1399 1698 1480; x_wconf 70' lang='grc' dir='ltr'>καταγραφείσας</span> <span class='ocrx_word' id='word_1_87' title='bbox 1722 1401 1991 1478; x_wconf 80' lang='grc' dir='ltr'>δυνάμεις,</span> <span class='ocrx_word' id='word_1_88' title='bbox 2019 1405 2109 1461; x_wconf 77' lang='grc' dir='ltr'>καὶ</span> 
     </span>
     <span class='ocr_line' id='line_1_13' title="bbox 544 1481 2107 1563; baseline 0.005 -24"><span class='ocrx_word' id='word_1_89' title='bbox 544 1482 656 1540; x_wconf 82' lang='grc' dir='ltr'>ὄντι</span> <span class='ocrx_word' id='word_1_90' title='bbox 696 1485 748 1540; x_wconf 80' lang='grc' dir='ltr'>ἐν</span> <span class='ocrx_word' id='word_1_91' title='bbox 791 1485 910 1541; x_wconf 80' lang='grc' dir='ltr'>ὁδῶ.</span> <span class='ocrx_word' id='word_1_92' title='bbox 956 1481 1026 1543; x_wconf 86' lang='lat' dir='ltr'>‘O</span> <span class='ocrx_word' id='word_1_93' title='bbox 1068 1485 1178 1542; x_wconf 82' lang='grc' dir='ltr'>δὲ</span> <span class='ocrx_word' id='word_1_94' title='bbox 1164 1483 1356 1549; x_wconf 71' lang='grc' dir='ltr'>ὕπατος</span> <span class='ocrx_word' id='word_1_95' title='bbox 1395 1486 1782 1563; x_wconf 70' lang='grc' dir='ltr'>ἀπροσδοκήτου</span> <span class='ocrx_word' id='word_1_96' title='bbox 1816 1513 1905 1547; x_wconf 87' lang='grc' dir='ltr'>και</span> <span class='ocrx_word' id='word_1_97' title='bbox 1945 1490 2107 1548; x_wconf 73' lang='grc' dir='ltr'>δεινοῦ</span> 
     </span>
     <span class='ocr_line' id='line_1_14' title="bbox 544 1567 2109 1655; baseline 0.005 -28"><span class='ocrx_word' id='word_1_98' title='bbox 544 1567 851 1649; x_wconf 75' lang='grc' dir='ltr'>πράγματος</span> <span class='ocrx_word' id='word_1_99' title='bbox 880 1570 1104 1637; x_wconf 83' lang='grc' dir='ltr'>ἀκούσας</span> <span class='ocrx_word' id='word_1_100' title='bbox 1132 1569 1295 1649; x_wconf 82' lang='grc' dir='ltr'>ἔκρινε</span> <span class='ocrx_word' id='word_1_101' title='bbox 1331 1570 1403 1647; x_wconf 76' lang='grc' dir='ltr'>μὴ</span> <span class='ocrx_word' id='word_1_102' title='bbox 1428 1571 1588 1640; x_wconf 84' lang='grc' dir='ltr'>λέξειν</span> <span class='ocrx_word' id='word_1_103' title='bbox 1628 1574 1685 1632; x_wconf 83' lang='grc' dir='ltr'>τὸ</span> <span class='ocrx_word' id='word_1_104' title='bbox 1725 1584 1943 1655; x_wconf 77' lang='grc' dir='ltr'>πρᾶγμα</span> <span class='ocrx_word' id='word_1_105' title='bbox 1987 1577 2109 1653; x_wconf 84' lang='grc' dir='ltr'>μήτ’</span> 
     </span>
     <span class='ocr_line' id='line_1_15' title="bbox 548 1655 2107 1743; baseline 0.004 -28"><span class='ocrx_word' id='word_1_106' title='bbox 548 1656 749 1715; x_wconf 74' lang='grc' dir='ltr'>εἰδέναι·</span> <span class='ocrx_word' id='word_1_107' title='bbox 768 1658 963 1730; x_wconf 82' lang='grc' dir='ltr'>δοκεῖν,</span> <span class='ocrx_word' id='word_1_108' title='bbox 995 1655 1131 1716; x_wconf 68' lang='grc' dir='ltr'>ἀλλὰ</span> <span class='ocrx_word' id='word_1_109' title='bbox 1169 1659 1232 1717; x_wconf 86' lang='grc' dir='ltr'>δι’</span> <span class='ocrx_word' id='word_1_110' title='bbox 1262 1659 1466 1730; x_wconf 78' lang='grc' dir='ltr'>ἀπάτης</span> <span class='ocrx_word' id='word_1_111' title='bbox 1498 1660 1631 1728; x_wconf 84' lang='grc' dir='ltr'>τινὸς</span> <span class='ocrx_word' id='word_1_112' title='bbox 1661 1662 1752 1719; x_wconf 79' lang='grc' dir='ltr'>καὶ</span> <span class='ocrx_word' id='word_1_113' title='bbox 1794 1665 2107 1743; x_wconf 72' lang='grc' dir='ltr'>στρατηγίαις</span> 
     </span>
     <span class='ocr_line' id='line_1_16' title="bbox 548 1743 2108 1824; baseline 0.003 -20"><span class='ocrx_word' id='word_1_114' title='bbox 548 1748 786 1804; x_wconf 72' lang='grc' dir='ltr'>κωλῦσαι</span> <span class='ocrx_word' id='word_1_115' title='bbox 812 1743 876 1803; x_wconf 68' lang='grc' dir='ltr'>τὰ</span> <span class='ocrx_word' id='word_1_116' title='bbox 903 1744 1278 1823; x_wconf 71' lang='grc' dir='ltr'>συμὸησόμενα</span> <span class='ocrx_word' id='word_1_117' title='bbox 1303 1751 1416 1813; x_wconf 84' lang='grc' dir='ltr'>ταῖς</span> <span class='ocrx_word' id='word_1_118' title='bbox 1435 1748 1665 1811; x_wconf 89' lang='grc' dir='ltr'>πόλεσιν.</span> <span class='ocrx_word' id='word_1_119' title='bbox 1693 1749 2026 1818; x_wconf 83' lang='grc' dir='ltr'>Ἀποστείλας</span> <span class='ocrx_word' id='word_1_120' title='bbox 2045 1752 2108 1824; x_wconf 78' lang='grc' dir='ltr'>δή</span> 
     </span>
     <span class='ocr_line' id='line_1_17' title="bbox 549 1833 2110 1910; baseline 0.004 -21"><span class='ocrx_word' id='word_1_121' title='bbox 549 1856 693 1900; x_wconf 89' lang='grc' dir='ltr'>τινας</span> <span class='ocrx_word' id='word_1_122' title='bbox 721 1833 833 1909; x_wconf 80' lang='grc' dir='ltr'>ἅμα</span> <span class='ocrx_word' id='word_1_123' title='bbox 858 1834 967 1900; x_wconf 79' lang='grc' dir='ltr'>τοῖς·</span> <span class='ocrx_word' id='word_1_124' title='bbox 985 1843 1233 1910; x_wconf 79' lang='grc' dir='ltr'>μηνυταῖς</span> <span class='ocrx_word' id='word_1_125' title='bbox 1263 1835 1714 1904; x_wconf 75' lang='grc' dir='ltr'>κατασκευαστοὺς</span> <span class='ocrx_word' id='word_1_126' title='bbox 1738 1840 1809 1905; x_wconf 84' lang='grc' dir='ltr'>εἷς</span> <span class='ocrx_word' id='word_1_127' title='bbox 1826 1838 1917 1905; x_wconf 73' lang='grc' dir='ltr'>τὰς</span> <span class='ocrx_word' id='word_1_128' title='bbox 1935 1839 2110 1906; x_wconf 78' lang='grc' dir='ltr'>πόλεις</span> 
     </span>
     <span class='ocr_line' id='line_1_18' title="bbox 550 1920 2112 2006; baseline 0.004 -28"><span class='ocrx_word' id='word_1_129' title='bbox 550 1922 670 2000; x_wconf 81' lang='grc' dir='ltr'>πρὶν</span> <span class='ocrx_word' id='word_1_130' title='bbox 699 1920 853 1979; x_wconf 81' lang='grc' dir='ltr'>αὐτὸν</span> <span class='ocrx_word' id='word_1_131' title='bbox 884 1920 946 2000; x_wconf 77' lang='grc' dir='ltr'>(ο)</span> <span class='ocrx_word' id='word_1_132' title='bbox 969 1922 1150 1992; x_wconf 80' lang='grc' dir='ltr'>ἐλθεῖν,</span> <span class='ocrx_word' id='word_1_133' title='bbox 1180 1923 1562 2000; x_wconf 75' lang='grc' dir='ltr'>προσεσκεύασε</span> <span class='ocrx_word' id='word_1_134' title='bbox 1576 1923 1818 2000; x_wconf 79' lang='grc' dir='ltr'>λέγεσθαι</span> <span class='ocrx_word' id='word_1_135' title='bbox 1846 1925 1973 2006; x_wconf 81' lang='grc' dir='ltr'>πρὸς</span> <span class='ocrx_word' id='word_1_136' title='bbox 1994 1927 2112 1994; x_wconf 75' lang='grc' dir='ltr'>τοὺς</span> 
     </span>
     <span class='ocr_line' id='line_1_19' title="bbox 552 2008 2107 2092; baseline 0.003 -25"><span class='ocrx_word' id='word_1_137' title='bbox 552 2011 605 2067; x_wconf 71' lang='grc' dir='ltr'>ἒν</span> <span class='ocrx_word' id='word_1_138' title='bbox 628 2017 740 2076; x_wconf 83' lang='grc' dir='ltr'>ταῖς</span> <span class='ocrx_word' id='word_1_139' title='bbox 766 2008 1213 2088; x_wconf 77' lang='grc' dir='ltr'>παραχειμασίαις</span> <span class='ocrx_word' id='word_1_140' title='bbox 1228 2055 1244 2084; x_wconf 89' lang='grc'>,</span> <span class='ocrx_word' id='word_1_141' title='bbox 1275 2008 1356 2068; x_wconf 73' lang='grc' dir='ltr'>ὅτι</span> <span class='ocrx_word' id='word_1_142' title='bbox 1380 2009 1470 2077; x_wconf 80' lang='grc' dir='ltr'>τὰς</span> <span class='ocrx_word' id='word_1_143' title='bbox 1498 2010 1591 2087; x_wconf 79' lang='grc' dir='ltr'>μὲν</span> <span class='ocrx_word' id='word_1_144' title='bbox 1618 2010 1840 2092; x_wconf 65' lang='grc' dir='ltr'>φρουρὰς</span> <span class='ocrx_word' id='word_1_145' title='bbox 1864 2015 1996 2089; x_wconf 82' lang='grc' dir='ltr'>ἔγνω</span> <span class='ocrx_word' id='word_1_146' title='bbox 2019 2037 2107 2072; x_wconf 83' lang='grc' dir='ltr'>κα-</span> 
     </span>
     <span class='ocr_line' id='line_1_20' title="bbox 548 2096 2112 2179; baseline 0.003 -23"><span class='ocrx_word' id='word_1_147' title='bbox 548 2099 784 2156; x_wconf 81' lang='grc' dir='ltr'>ταλιπεῖν</span> <span class='ocrx_word' id='word_1_148' title='bbox 805 2100 857 2154; x_wconf 73' lang='grc' dir='ltr'>ἐν</span> <span class='ocrx_word' id='word_1_149' title='bbox 877 2102 990 2163; x_wconf 86' lang='grc' dir='ltr'>ταῖς</span> <span class='ocrx_word' id='word_1_150' title='bbox 1012 2098 1194 2156; x_wconf 88' lang='grc' dir='ltr'>πόλεσι</span> <span class='ocrx_word' id='word_1_151' title='bbox 1215 2097 1306 2163; x_wconf 80' lang='grc' dir='ltr'>τὰς</span> <span class='ocrx_word' id='word_1_152' title='bbox 1330 2096 1444 2156; x_wconf 89' lang='grc' dir='ltr'>τότε</span> <span class='ocrx_word' id='word_1_153' title='bbox 1468 2098 1643 2176; x_wconf 79' lang='grc' dir='ltr'>οὔσας,</span> <span class='ocrx_word' id='word_1_154' title='bbox 1664 2100 1778 2159; x_wconf 67' lang='grc' dir='ltr'>ἐπεί</span> <span class='ocrx_word' id='word_1_155' title='bbox 1795 2124 1852 2178; x_wconf 91' lang='grc' dir='ltr'>γε</span> <span class='ocrx_word' id='word_1_156' title='bbox 1873 2101 1960 2179; x_wconf 85' lang='grc' dir='ltr'>(ιο)</span> <span class='ocrx_word' id='word_1_157' title='bbox 1995 2106 2112 2179; x_wconf 77' lang='grc' dir='ltr'>βου-</span> 
     </span>
     <span class='ocr_line' id='line_1_21' title="bbox 550 2183 2108 2267; baseline 0.004 -25"><span class='ocrx_word' id='word_1_158' title='bbox 550 2183 783 2262; x_wconf 78' lang='grc' dir='ltr'>λομένοις</span> <span class='ocrx_word' id='word_1_159' title='bbox 825 2183 962 2247; x_wconf 77' lang='grc' dir='ltr'>ἐστὶν</span> <span class='ocrx_word' id='word_1_160' title='bbox 1010 2192 1114 2251; x_wconf 86' lang='grc' dir='ltr'>τοῖς</span> <span class='ocrx_word' id='word_1_161' title='bbox 1158 2187 1471 2261; x_wconf 87' lang='grc' dir='ltr'>Καμπανοῖς</span> <span class='ocrx_word' id='word_1_162' title='bbox 1508 2186 1670 2253; x_wconf 80' lang='grc' dir='ltr'>αὐτὰς</span> <span class='ocrx_word' id='word_1_163' title='bbox 1706 2185 1904 2263; x_wconf 87' lang='grc' dir='ltr'>με’νειν,</span> <span class='ocrx_word' id='word_1_164' title='bbox 1946 2194 2012 2267; x_wconf 83' lang='grc' dir='ltr'>τῇ</span> <span class='ocrx_word' id='word_1_165' title='bbox 2053 2190 2108 2248; x_wconf 75' lang='grc' dir='ltr'>δὲ</span> 
     </span>
     <span class='ocr_line' id='line_1_22' title="bbox 552 2269 2113 2355; baseline 0.003 -25"><span class='ocrx_word' id='word_1_166' title='bbox 552 2272 746 2331; x_wconf 81' lang='grc' dir='ltr'>οἴκοθεν</span> <span class='ocrx_word' id='word_1_167' title='bbox 799 2272 1059 2353; x_wconf 73' lang='grc' dir='ltr'>ἀφιγμένη</span> <span class='ocrx_word' id='word_1_168' title='bbox 1109 2269 1199 2329; x_wconf 75' lang='grc' dir='ltr'>σὺν</span> <span class='ocrx_word' id='word_1_169' title='bbox 1244 2273 1385 2352; x_wconf 74' lang='grc' dir='ltr'>αὐτῷ</span> <span class='ocrx_word' id='word_1_170' title='bbox 1429 2272 1646 2350; x_wconf 77' lang='grc' dir='ltr'>δυνάμει</span> <span class='ocrx_word' id='word_1_171' title='bbox 1690 2275 1939 2352; x_wconf 74' lang='grc' dir='ltr'>πολεμεῖν</span> <span class='ocrx_word' id='word_1_172' title='bbox 1988 2276 2113 2355; x_wconf 80' lang='grc' dir='ltr'>πρὸς</span> 
     </span>
     <span class='ocr_line' id='line_1_23' title="bbox 553 2357 2113 2439; baseline 0.001 -19"><span class='ocrx_word' id='word_1_173' title='bbox 553 2361 813 2427; x_wconf 75' lang='grc' dir='ltr'>Σαυνίτας</span> <span class='ocrx_word' id='word_1_174' title='bbox 868 2357 1347 2439; x_wconf 72' lang='grc' dir='ltr'>παρασκευάζεται.</span> <span class='ocrx_word' id='word_1_175' title='bbox 1456 2360 1557 2419; x_wconf 78' lang='grc' dir='ltr'>Καὶ</span> <span class='ocrx_word' id='word_1_176' title='bbox 1616 2359 1820 2420; x_wconf 83' lang='grc' dir='ltr'>ἔπεισεν</span> <span class='ocrx_word' id='word_1_177' title='bbox 1878 2361 2113 2431; x_wconf 82' lang='grc' dir='ltr'>ἅπαντας</span> 
     </span>
     <span class='ocr_line' id='line_1_24' title="bbox 550 2445 2111 2527; baseline 0.001 -23"><span class='ocrx_word' id='word_1_178' title='bbox 550 2452 714 2506; x_wconf 80' lang='grc' dir='ltr'>ταῦτα</span> <span class='ocrx_word' id='word_1_179' title='bbox 748 2446 1051 2507; x_wconf 76' lang='grc' dir='ltr'>ὑπολαὸεῖν.</span> <span class='ocrx_word' id='word_1_180' title='bbox 1105 2445 1435 2527; x_wconf 66' lang='grc' dir='ltr'>Ἀφικόμενος</span> <span class='ocrx_word' id='word_1_181' title='bbox 1466 2447 1519 2505; x_wconf 83' lang='grc' dir='ltr'>δὲ</span> <span class='ocrx_word' id='word_1_182' title='bbox 1551 2450 1622 2514; x_wconf 73' lang='grc' dir='ltr'>εἷς</span> <span class='ocrx_word' id='word_1_183' title='bbox 1652 2449 1744 2519; x_wconf 81' lang='grc' dir='ltr'>τὴν</span> <span class='ocrx_word' id='word_1_184' title='bbox 1791 2448 2111 2527; x_wconf 85' lang='grc' dir='ltr'>Καμπανίαν</span> 
     </span>
     <span class='ocr_line' id='line_1_25' title="bbox 553 2533 2112 2616; baseline 0 -23"><span class='ocrx_word' id='word_1_185' title='bbox 553 2535 684 2612; x_wconf 79' lang='grc' dir='ltr'>μετὰ</span> <span class='ocrx_word' id='word_1_186' title='bbox 719 2540 810 2606; x_wconf 76' lang='grc' dir='ltr'>τῆς</span> <span class='ocrx_word' id='word_1_187' title='bbox 837 2543 1080 2614; x_wconf 68' lang='grc' dir='ltr'>στρατιᾶς</span> <span class='ocrx_word' id='word_1_188' title='bbox 1108 2533 1319 2605; x_wconf 72' lang='grc' dir='ltr'>ἁπάσης</span> <span class='ocrx_word' id='word_1_189' title='bbox 1348 2536 1417 2601; x_wconf 83' lang='grc' dir='ltr'>εἰς</span> <span class='ocrx_word' id='word_1_190' title='bbox 1446 2534 1672 2606; x_wconf 73' lang='grc' dir='ltr'>ἑκάστην</span> <span class='ocrx_word' id='word_1_191' title='bbox 1703 2535 1898 2616; x_wconf 73' lang='grc' dir='ltr'>παρῄει</span> <span class='ocrx_word' id='word_1_192' title='bbox 1931 2538 2081 2595; x_wconf 89' lang='grc' dir='ltr'>πόλιν</span> <span class='ocrx_word' id='word_1_193' title='bbox 2099 2584 2112 2609; x_wconf 83' lang='grc'>,</span> 
     </span>
     <span class='ocr_line' id='line_1_26' title="bbox 553 2621 2113 2703; baseline 0 -21"><span class='ocrx_word' id='word_1_194' title='bbox 553 2623 643 2682; x_wconf 78' lang='grc' dir='ltr'>καὶ</span> <span class='ocrx_word' id='word_1_195' title='bbox 683 2623 797 2692; x_wconf 74' lang='grc' dir='ltr'>τοὺς</span> <span class='ocrx_word' id='word_1_196' title='bbox 842 2625 895 2681; x_wconf 78' lang='grc' dir='ltr'>ἐν</span> <span class='ocrx_word' id='word_1_197' title='bbox 943 2624 1056 2688; x_wconf 82' lang='grc' dir='ltr'>ταῖς</span> <span class='ocrx_word' id='word_1_198' title='bbox 1105 2625 1349 2701; x_wconf 76' lang='grc' dir='ltr'>φρουραῖς</span> <span class='ocrx_word' id='word_1_199' title='bbox 1394 2621 1812 2700; x_wconf 77' lang='grc' dir='ltr'>ἀνακαλούμενος</span> <span class='ocrx_word' id='word_1_200' title='bbox 1867 2623 2113 2703; x_wconf 78' lang='grc' dir='ltr'>διέκρινεν</span> 
     </span>
     <span class='ocr_line' id='line_1_27' title="bbox 554 2707 2112 2789; baseline 0.001 -21"><span class='ocrx_word' id='word_1_201' title='bbox 554 2712 798 2769; x_wconf 81' lang='grc' dir='ltr'>ἁπαντων</span> <span class='ocrx_word' id='word_1_202' title='bbox 838 2707 956 2776; x_wconf 87' lang='grc' dir='ltr'>τους</span> <span class='ocrx_word' id='word_1_203' title='bbox 1001 2709 1358 2789; x_wconf 85' lang='grc' dir='ltr'>μετασχόντας</span> <span class='ocrx_word' id='word_1_204' title='bbox 1394 2714 1487 2787; x_wconf 74' lang='grc' dir='ltr'>τῆς</span> <span class='ocrx_word' id='word_1_205' title='bbox 1531 2710 1889 2786; x_wconf 85' lang='grc' dir='ltr'>συνωμοσίας,</span> <span class='ocrx_word' id='word_1_206' title='bbox 1933 2710 2112 2770; x_wconf 86' lang='grc' dir='ltr'>ἔπειτα</span> 
     </span>
     <span class='ocr_line' id='line_1_28' title="bbox 553 2796 2113 2879; baseline 0.002 -24"><span class='ocrx_word' id='word_1_207' title='bbox 553 2797 926 2879; x_wconf 62' lang='grc' dir='ltr'>φιλανθρώπως</span> <span class='ocrx_word' id='word_1_208' title='bbox 953 2796 1191 2864; x_wconf 79' lang='grc' dir='ltr'>ἑκαστοις</span> <span class='ocrx_word' id='word_1_209' title='bbox 1228 2796 1615 2875; x_wconf 87' lang='grc' dir='ltr'>διαλεγόμενος,</span> <span class='ocrx_word' id='word_1_210' title='bbox 1645 2796 1732 2863; x_wconf 72' lang='grc' dir='ltr'>οὒς</span> <span class='ocrx_word' id='word_1_211' title='bbox 1759 2796 1852 2873; x_wconf 75' lang='grc' dir='ltr'>μὲν</span> <span class='ocrx_word' id='word_1_212' title='bbox 1882 2797 2113 2858; x_wconf 75' lang='grc' dir='ltr'>ἀπέλυσε</span> 
     </span>
     <span class='ocr_line' id='line_1_29' title="bbox 552 2882 2116 2968; baseline 0.001 -25"><span class='ocrx_word' id='word_1_213' title='bbox 552 2888 654 2943; x_wconf 82' lang='grc' dir='ltr'>τῶν</span> <span class='ocrx_word' id='word_1_214' title='bbox 682 2884 945 2963; x_wconf 82' lang='grc' dir='ltr'>σημείων,</span> <span class='ocrx_word' id='word_1_215' title='bbox 974 2888 1044 2951; x_wconf 81' lang='grc' dir='ltr'>ὡς</span> <span class='ocrx_word' id='word_1_216' title='bbox 1067 2882 1128 2943; x_wconf 69' lang='grc' dir='ltr'>ἂν</span> <span class='ocrx_word' id='word_1_217' title='bbox 1153 2886 1488 2965; x_wconf 77' lang='grc' dir='ltr'>χαριζόμενος</span> <span class='ocrx_word' id='word_1_218' title='bbox 1517 2884 1612 2956; x_wconf 87' lang='grc' dir='ltr'>τὴν</span> <span class='ocrx_word' id='word_1_219' title='bbox 1637 2883 1819 2966; x_wconf 72' lang='grc' dir='ltr'>ἄφεσιν</span> <span class='ocrx_word' id='word_1_220' title='bbox 1847 2909 1941 2958; x_wconf 87' lang='grc' dir='ltr'>της</span> <span class='ocrx_word' id='word_1_221' title='bbox 1964 2911 2116 2968; x_wconf 87' lang='grc' dir='ltr'>στρα-</span> 
     </span>
     <span class='ocr_line' id='line_1_30' title="bbox 554 2971 2115 3054; baseline 0.001 -22"><span class='ocrx_word' id='word_1_222' title='bbox 554 2974 694 3040; x_wconf 84' lang='grc' dir='ltr'>τείας</span> <span class='ocrx_word' id='word_1_223' title='bbox 711 3019 727 3047; x_wconf 90' lang='grc'>,</span> <span class='ocrx_word' id='word_1_224' title='bbox 755 2972 840 3042; x_wconf 68' lang='grc' dir='ltr'>οὓς</span> <span class='ocrx_word' id='word_1_225' title='bbox 869 2971 925 3033; x_wconf 72' lang='grc' dir='ltr'>δὲ</span> <span class='ocrx_word' id='word_1_226' title='bbox 948 2978 1021 3033; x_wconf 81' lang='grc' dir='ltr'>τῶ</span> <span class='ocrx_word' id='word_1_227' title='bbox 1040 2973 1336 3053; x_wconf 72' lang='grc' dir='ltr'>πρεσὸευτῇ</span> <span class='ocrx_word' id='word_1_228' title='bbox 1368 2972 1457 3032; x_wconf 70' lang='grc' dir='ltr'>καὶ</span> <span class='ocrx_word' id='word_1_229' title='bbox 1478 2995 1555 3054; x_wconf 76' lang='grc' dir='ltr'>τῳ</span> <span class='ocrx_word' id='word_1_230' title='bbox 1577 2974 1840 3053; x_wconf 79' lang='grc' dir='ltr'>χιλιάρχῳ</span> <span class='ocrx_word' id='word_1_231' title='bbox 1853 2977 2115 3052; x_wconf 85' lang='grc' dir='ltr'>παραδους</span> 
     </span>
     <span class='ocr_line' id='line_1_31' title="bbox 556 3035 2116 3142; baseline 0.002 -21"><span class='ocrx_word' id='word_1_232' title='bbox 556 3067 627 3131; x_wconf 82' lang='grc' dir='ltr'>ὣς</span> <span class='ocrx_word' id='word_1_233' title='bbox 653 3062 743 3122; x_wconf 69' lang='grc' dir='ltr'>ἐπὶ</span> <span class='ocrx_word' id='word_1_234' title='bbox 766 3061 952 3142; x_wconf 86' lang='grc' dir='ltr'>χρείας</span> <span class='ocrx_word' id='word_1_235' title='bbox 988 3035 1051 3134; x_wconf 72' lang='grc' dir='ltr'>δή</span> <span class='ocrx_word' id='word_1_236' title='bbox 1088 3085 1230 3129; x_wconf 85' lang='grc' dir='ltr'>τινας</span> <span class='ocrx_word' id='word_1_237' title='bbox 1272 3059 1652 3142; x_wconf 74' lang='grc' dir='ltr'>στρατιωτικὰς</span> <span class='ocrx_word' id='word_1_238' title='bbox 1683 3061 1910 3121; x_wconf 83' lang='grc' dir='ltr'>ἀπέλυσε</span> <span class='ocrx_word' id='word_1_239' title='bbox 1942 3056 2116 3141; x_wconf 66' lang='grc' dir='ltr'>(οὗτοι</span> 
     </span>
     <span class='ocr_line' id='line_1_32' title="bbox 558 3142 2115 3231; baseline 0.001 -22"><span class='ocrx_word' id='word_1_240' title='bbox 558 3153 607 3209; x_wconf 87' lang='grc' dir='ltr'>δ’</span> <span class='ocrx_word' id='word_1_241' title='bbox 634 3142 766 3222; x_wconf 67' lang='grc' dir='ltr'>ἦσαν</span> <span class='ocrx_word' id='word_1_242' title='bbox 795 3153 842 3210; x_wconf 81' lang='grc' dir='ltr'>οἱ</span> <span class='ocrx_word' id='word_1_243' title='bbox 871 3151 1212 3230; x_wconf 84' lang='grc' dir='ltr'>πονηρότατοι</span> <span class='ocrx_word' id='word_1_244' title='bbox 1240 3149 1329 3209; x_wconf 71' lang='grc' dir='ltr'>καὶ</span> <span class='ocrx_word' id='word_1_245' title='bbox 1361 3150 1461 3229; x_wconf 74' lang='grc' dir='ltr'>οὐχ</span> <span class='ocrx_word' id='word_1_246' title='bbox 1505 3149 1847 3225; x_wconf 75' lang='grc' dir='ltr'>ὑπομένοντες</span> <span class='ocrx_word' id='word_1_247' title='bbox 1875 3153 2115 3231; x_wconf 68' lang='grc' dir='ltr'>ἀφεῖσθαι</span> 
     </span>
     <span class='ocr_line' id='line_1_33' title="bbox 556 3236 2117 3317; baseline 0.002 -21"><span class='ocrx_word' id='word_1_248' title='bbox 556 3241 649 3308; x_wconf 76' lang='grc' dir='ltr'>τῆς</span> <span class='ocrx_word' id='word_1_249' title='bbox 691 3236 1022 3317; x_wconf 86' lang='grc' dir='ltr'>στρατείας),</span> <span class='ocrx_word' id='word_1_250' title='bbox 1050 3236 1403 3315; x_wconf 79' lang='grc' dir='ltr'>ἐντειλάμενος</span> <span class='ocrx_word' id='word_1_251' title='bbox 1433 3238 1536 3304; x_wconf 80' lang='grc' dir='ltr'>τοῖς</span> <span class='ocrx_word' id='word_1_252' title='bbox 1571 3236 1782 3316; x_wconf 75' lang='grc' dir='ltr'>ἄγουσιν</span> <span class='ocrx_word' id='word_1_253' title='bbox 1829 3236 2012 3306; x_wconf 71' lang='grc' dir='ltr'>αὐτοὺς</span> <span class='ocrx_word' id='word_1_254' title='bbox 2047 3243 2117 3310; x_wconf 84' lang='grc' dir='ltr'>εἷς</span> 
     </span>
     <span class='ocr_line' id='line_1_34' title="bbox 559 3321 2116 3406; baseline 0 -20"><span class='ocrx_word' id='word_1_255' title='bbox 559 3321 780 3399; x_wconf 84' lang='grc' dir='ltr'>Ῥώμην</span> <span class='ocrx_word' id='word_1_256' title='bbox 801 3325 1099 3400; x_wconf 81' lang='grc' dir='ltr'>διακομίσαι</span> <span class='ocrx_word' id='word_1_257' title='bbox 1122 3324 1214 3384; x_wconf 72' lang='grc' dir='ltr'>καὶ</span> <span class='ocrx_word' id='word_1_258' title='bbox 1234 3324 1508 3404; x_wconf 63' lang='grc' dir='ltr'>φυλάττειν</span> <span class='ocrx_word' id='word_1_259' title='bbox 1528 3327 1579 3384; x_wconf 70' lang='grc' dir='ltr'>ἐν</span> <span class='ocrx_word' id='word_1_260' title='bbox 1605 3324 1812 3397; x_wconf 70' lang='grc' dir='ltr'>ἀδήλοις</span> <span class='ocrx_word' id='word_1_261' title='bbox 1832 3330 2086 3406; x_wconf 73' lang='grc' dir='ltr'>φυλακαῖς</span> <span class='ocrx_word' id='word_1_262' title='bbox 2100 3375 2116 3401; x_wconf 86' lang='grc'>,</span> 
     </span>
     <span class='ocr_line' id='line_1_35' title="bbox 557 3410 2113 3494; baseline 0.001 -24"><span class='ocrx_word' id='word_1_263' title='bbox 557 3412 903 3494; x_wconf 73' lang='grc' dir='ltr'>χωρήσαντας</span> <span class='ocrx_word' id='word_1_264' title='bbox 931 3412 1116 3479; x_wconf 81' lang='grc' dir='ltr'>ἄλλους</span> <span class='ocrx_word' id='word_1_265' title='bbox 1156 3414 1247 3469; x_wconf 87' lang='grc' dir='ltr'>ἀπ’</span> <span class='ocrx_word' id='word_1_266' title='bbox 1280 3412 1478 3483; x_wconf 84' lang='grc' dir='ltr'>ἄλλων,</span> <span class='ocrx_word' id='word_1_267' title='bbox 1513 3410 1611 3477; x_wconf 80' lang='grc' dir='ltr'>ἕως</span> <span class='ocrx_word' id='word_1_268' title='bbox 1640 3411 1702 3470; x_wconf 81' lang='grc' dir='ltr'>ἂν</span> <span class='ocrx_word' id='word_1_269' title='bbox 1740 3413 1891 3480; x_wconf 79' lang='grc' dir='ltr'>αὐτὸς</span> <span class='ocrx_word' id='word_1_270' title='bbox 1920 3413 2113 3494; x_wconf 65' lang='grc' dir='ltr'>ἀφίκη-</span> 
     </span>
     <span class='ocr_line' id='line_1_36' title="bbox 557 3498 2112 3582; baseline 0.002 -23"><span class='ocrx_word' id='word_1_271' title='bbox 557 3524 664 3563; x_wconf 90' lang='grc' dir='ltr'>ται.</span> <span class='ocrx_word' id='word_1_272' title='bbox 705 3504 830 3567; x_wconf 87' lang='grc' dir='ltr'>Τοῖς</span> <span class='ocrx_word' id='word_1_273' title='bbox 856 3499 910 3558; x_wconf 74' lang='grc' dir='ltr'>δὲ</span> <span class='ocrx_word' id='word_1_274' title='bbox 940 3499 1185 3582; x_wconf 73' lang='grc' dir='ltr'>ἀνδράσιν</span> <span class='ocrx_word' id='word_1_275' title='bbox 1217 3498 1608 3577; x_wconf 74' lang='grc' dir='ltr'>ἐνθυμουμένοις</span> <span class='ocrx_word' id='word_1_276' title='bbox 1632 3498 1710 3559; x_wconf 81' lang='grc' dir='ltr'>ὅτι</span> <span class='ocrx_word' id='word_1_277' title='bbox 1736 3500 1921 3567; x_wconf 75' lang='grc' dir='ltr'>πάντες</span> <span class='ocrx_word' id='word_1_278' title='bbox 1951 3505 1995 3560; x_wconf 81' lang='grc' dir='ltr'>οἱ</span> <span class='ocrx_word' id='word_1_279' title='bbox 2021 3526 2112 3562; x_wconf 85' lang='grc' dir='ltr'>κο-</span> 
     </span>
     <span class='ocr_line' id='line_1_37' title="bbox 562 3585 2116 3668; baseline -0.001 -24"><span class='ocrx_word' id='word_1_280' title='bbox 562 3585 890 3668; x_wconf 73' lang='grc' dir='ltr'>ρυφαιότατοι</span> <span class='ocrx_word' id='word_1_281' title='bbox 935 3589 1028 3655; x_wconf 73' lang='grc' dir='ltr'>τῆς</span> <span class='ocrx_word' id='word_1_282' title='bbox 1055 3585 1378 3662; x_wconf 86' lang='grc' dir='ltr'>συνωμοσίας</span> <span class='ocrx_word' id='word_1_283' title='bbox 1421 3587 1469 3643; x_wconf 76' lang='grc' dir='ltr'>οῖ</span> <span class='ocrx_word' id='word_1_284' title='bbox 1513 3585 1607 3661; x_wconf 79' lang='grc' dir='ltr'>μὲν</span> <span class='ocrx_word' id='word_1_285' title='bbox 1654 3589 1969 3645; x_wconf 81' lang='grc' dir='ltr'>ἀπολύονται</span> <span class='ocrx_word' id='word_1_286' title='bbox 2014 3591 2116 3644; x_wconf 81' lang='grc' dir='ltr'>τῶν</span> 
     </span>
     <span class='ocr_line' id='line_1_38' title="bbox 562 3671 2114 3751; baseline 0.002 -22"><span class='ocrx_word' id='word_1_287' title='bbox 562 3672 819 3748; x_wconf 80' lang='grc' dir='ltr'>σημείων,</span> <span class='ocrx_word' id='word_1_288' title='bbox 850 3674 896 3729; x_wconf 82' lang='lat' dir='ltr'>ot</span> <span class='ocrx_word' id='word_1_289' title='bbox 942 3672 984 3729; x_wconf 81' lang='grc' dir='ltr'>δ’</span> <span class='ocrx_word' id='word_1_290' title='bbox 1013 3671 1420 3731; x_wconf 73' lang='grc' dir='ltr'>ἀποστέλλονται</span> <span class='ocrx_word' id='word_1_291' title='bbox 1461 3672 1583 3751; x_wconf 88' lang='grc' dir='ltr'>δίχα</span> <span class='ocrx_word' id='word_1_292' title='bbox 1614 3678 1716 3732; x_wconf 83' lang='grc' dir='ltr'>τῶν</span> <span class='ocrx_word' id='word_1_293' title='bbox 1759 3675 1933 3732; x_wconf 77' lang='grc' dir='ltr'>ἄλλων</span> <span class='ocrx_word' id='word_1_294' title='bbox 1963 3678 2114 3732; x_wconf 82' lang='grc' dir='ltr'>ὁποι-</span> 
     </span>
     <span class='ocr_line' id='line_1_39' title="bbox 562 3757 2120 3843; baseline 0.001 -25"><span class='ocrx_word' id='word_1_295' title='bbox 562 3758 785 3833; x_wconf 78' lang='grc' dir='ltr'>δήποτε,</span> <span class='ocrx_word' id='word_1_296' title='bbox 822 3758 1070 3835; x_wconf 77' lang='grc' dir='ltr'>λογισμὸς</span> <span class='ocrx_word' id='word_1_297' title='bbox 1116 3760 1317 3829; x_wconf 67' lang='grc' dir='ltr'>εἰσῆλθε</span> <span class='ocrx_word' id='word_1_298' title='bbox 1365 3764 1622 3839; x_wconf 65' lang='grc' dir='ltr'>περιφανῆ</span> <span class='ocrx_word' id='word_1_299' title='bbox 1668 3757 1929 3839; x_wconf 75' lang='grc' dir='ltr'>γεγονέναι</span> <span class='ocrx_word' id='word_1_300' title='bbox 1979 3767 2120 3843; x_wconf 71' lang='grc' dir='ltr'>σφῶν</span> 
     </span>
     <span class='ocr_line' id='line_1_40' title="bbox 560 3844 2112 3928; baseline 0.003 -24"><span class='ocrx_word' id='word_1_301' title='bbox 560 3845 657 3917; x_wconf 72' lang='grc' dir='ltr'>τὴν</span> <span class='ocrx_word' id='word_1_302' title='bbox 680 3845 1041 3923; x_wconf 85' lang='grc' dir='ltr'>συνωμοσίαν,</span> <span class='ocrx_word' id='word_1_303' title='bbox 1065 3846 1155 3903; x_wconf 70' lang='grc' dir='ltr'>καὶ</span> <span class='ocrx_word' id='word_1_304' title='bbox 1186 3844 1320 3919; x_wconf 78' lang='grc' dir='ltr'>μετὰ</span> <span class='ocrx_word' id='word_1_305' title='bbox 1349 3853 1501 3905; x_wconf 72' lang='grc' dir='ltr'>τοῦτο</span> <span class='ocrx_word' id='word_1_306' title='bbox 1525 3847 1659 3919; x_wconf 82' lang='grc' dir='ltr'>δέος,</span> <span class='ocrx_word' id='word_1_307' title='bbox 1688 3851 1731 3906; x_wconf 81' lang='grc' dir='ltr'>εἰ</span> <span class='ocrx_word' id='word_1_308' title='bbox 1752 3848 1913 3928; x_wconf 75' lang='grc' dir='ltr'>χωρὶς</span> <span class='ocrx_word' id='word_1_309' title='bbox 1942 3850 2112 3920; x_wconf 78' lang='grc' dir='ltr'>ἀλλή-</span> 
     </span>
     <span class='ocr_line' id='line_1_41' title="bbox 560 3932 2118 4017; baseline 0.001 -22"><span class='ocrx_word' id='word_1_310' title='bbox 560 3937 665 3995; x_wconf 84' lang='grc' dir='ltr'>λων</span> <span class='ocrx_word' id='word_1_311' title='bbox 703 3932 932 4012; x_wconf 78' lang='grc' dir='ltr'>γίνοιντο</span> <span class='ocrx_word' id='word_1_312' title='bbox 958 3933 1049 3993; x_wconf 74' lang='grc' dir='ltr'>καὶ</span> <span class='ocrx_word' id='word_1_313' title='bbox 1077 3932 1142 3991; x_wconf 78' lang='grc' dir='ltr'>τὰ</span> <span class='ocrx_word' id='word_1_314' title='bbox 1178 3932 1315 3992; x_wconf 79' lang='grc' dir='ltr'>ὅπλα</span> <span class='ocrx_word' id='word_1_315' title='bbox 1344 3939 1503 4006; x_wconf 87' lang='grc' dir='ltr'>θεῖεν,</span> <span class='ocrx_word' id='word_1_316' title='bbox 1535 3935 1608 4011; x_wconf 77' lang='grc' dir='ltr'>μὴ</span> <span class='ocrx_word' id='word_1_317' title='bbox 1638 3935 1784 4004; x_wconf 85' lang='grc' dir='ltr'>δίκας</span> <span class='ocrx_word' id='word_1_318' title='bbox 1811 3937 2118 4017; x_wconf 79' lang='grc' dir='ltr'>ὑπόσχωσιν</span> 
     </span>
     <span class='ocr_line' id='line_1_42' title="bbox 561 4019 2121 4101; baseline 0 -18"><span class='ocrx_word' id='word_1_319' title='bbox 561 4025 634 4091; x_wconf 80' lang='grc' dir='ltr'>εἷς</span> <span class='ocrx_word' id='word_1_320' title='bbox 668 4019 886 4100; x_wconf 82' lang='grc' dir='ltr'>Ῥώμην</span> <span class='ocrx_word' id='word_1_321' title='bbox 952 4021 1295 4101; x_wconf 77' lang='grc' dir='ltr'>ἀπαχθέντες.</span> <span class='ocrx_word' id='word_1_322' title='bbox 1351 4023 1620 4090; x_wconf 85' lang='grc' dir='ltr'>Συνιόντες</span> <span class='ocrx_word' id='word_1_323' title='bbox 1659 4022 1714 4081; x_wconf 81' lang='grc' dir='ltr'>δὲ</span> <span class='ocrx_word' id='word_1_324' title='bbox 1758 4025 1875 4083; x_wconf 85' lang='grc' dir='ltr'>κατ’</span> <span class='ocrx_word' id='word_1_325' title='bbox 1920 4024 2121 4101; x_wconf 79' lang='grc' dir='ltr'>ὀλίγους</span> 
     </span>
     <span class='ocr_line' id='line_1_43' title="bbox 562 4105 2126 4191; baseline 0.001 -20"><span class='ocrx_word' id='word_1_326' title='bbox 562 4109 812 4171; x_wconf 68' lang='grc' dir='ltr'>ἐσκόπουν</span> <span class='ocrx_word' id='word_1_327' title='bbox 844 4134 891 4169; x_wconf 86' lang='grc' dir='ltr'>τι</span> <span class='ocrx_word' id='word_1_328' title='bbox 880 4108 1017 4191; x_wconf 73' lang='grc' dir='ltr'>’χρὴ</span> <span class='ocrx_word' id='word_1_329' title='bbox 1053 4133 1317 4191; x_wconf 85' lang='grc' dir='ltr'>πραττειν.</span> <span class='ocrx_word' id='word_1_330' title='bbox 1346 4105 1418 4171; x_wconf 82' lang='lat' dir='ltr'>F</span> <span class='ocrx_word' id='word_1_331' title='bbox 1423 4134 1573 4169; x_wconf 90' lang='grc' dir='ltr'>πειτα</span> <span class='ocrx_word' id='word_1_332' title='bbox 1595 4110 1807 4190; x_wconf 85' lang='grc' dir='ltr'>γνώμην</span> <span class='ocrx_word' id='word_1_333' title='bbox 1829 4112 1959 4180; x_wconf 79' lang='grc' dir='ltr'>τινὸς</span> <span class='ocrx_word' id='word_1_334' title='bbox 1979 4115 2126 4184; x_wconf 75' lang='grc' dir='ltr'>εἰση-</span> 
     </span>
     <span class='ocr_line' id='line_1_44' title="bbox 564 4195 2122 4279; baseline 0.001 -22"><span class='ocrx_word' id='word_1_335' title='bbox 564 4197 864 4277; x_wconf 84' lang='grc' dir='ltr'>γησαμένου</span> <span class='ocrx_word' id='word_1_336' title='bbox 912 4201 997 4274; x_wconf 89' lang='lat'>(11)</span> <span class='ocrx_word' id='word_1_337' title='bbox 1045 4221 1166 4279; x_wconf 85' lang='grc' dir='ltr'>περι</span> <span class='ocrx_word' id='word_1_338' title='bbox 1214 4197 1580 4272; x_wconf 82' lang='grc' dir='ltr'>ἀποστάσεως,</span> <span class='ocrx_word' id='word_1_339' title='bbox 1646 4195 2007 4266; x_wconf 83' lang='grc' dir='ltr'>ἐπαινέσαντες</span> <span class='ocrx_word' id='word_1_340' title='bbox 2064 4200 2122 4259; x_wconf 84' lang='grc' dir='ltr'>τὸ</span> 
     </span>
     <span class='ocr_line' id='line_1_45' title="bbox 566 4283 2124 4368; baseline 0.002 -25"><span class='ocrx_word' id='word_1_341' title='bbox 566 4283 689 4362; x_wconf 80' lang='grc' dir='ltr'>βου)</span> <span class='ocrx_word' id='word_1_342' title='bbox 693 4308 847 4360; x_wconf 88' lang='grc' dir='ltr'>ευμα,</span> <span class='ocrx_word' id='word_1_343' title='bbox 872 4284 960 4344; x_wconf 75' lang='grc' dir='ltr'>καὶ</span> <span class='ocrx_word' id='word_1_344' title='bbox 985 4286 1184 4354; x_wconf 80' lang='grc' dir='ltr'>πίστεις</span> <span class='ocrx_word' id='word_1_345' title='bbox 1214 4285 1532 4368; x_wconf 84' lang='grc' dir='ltr'>ἀπορρητους</span> <span class='ocrx_word' id='word_1_346' title='bbox 1557 4291 1608 4346; x_wconf 79' lang='grc' dir='ltr'>ἐν</span> <span class='ocrx_word' id='word_1_347' title='bbox 1636 4286 1876 4359; x_wconf 80' lang='grc' dir='ltr'>ἀλλήλοις</span> <span class='ocrx_word' id='word_1_348' title='bbox 1894 4287 2124 4358; x_wconf 80' lang='grc' dir='ltr'>ποιησά-</span> 
     </span>
     <span class='ocr_line' id='line_1_46' title="bbox 567 4373 2121 4456; baseline 0.003 -27"><span class='ocrx_word' id='word_1_349' title='bbox 567 4395 726 4447; x_wconf 88' lang='grc' dir='ltr'>μενοι,</span> <span class='ocrx_word' id='word_1_350' title='bbox 746 4377 838 4443; x_wconf 69' lang='grc' dir='ltr'>τῆς</span> <span class='ocrx_word' id='word_1_351' title='bbox 858 4383 1100 4453; x_wconf 77' lang='grc' dir='ltr'>στρατιᾶς</span> <span class='ocrx_word' id='word_1_352' title='bbox 1120 4373 1384 4455; x_wconf 71' lang='grc' dir='ltr'>ἀφειμένοι</span> <span class='ocrx_word' id='word_1_353' title='bbox 1410 4398 1528 4453; x_wconf 89' lang='grc' dir='ltr'>περι</span> <span class='ocrx_word' id='word_1_354' title='bbox 1508 4373 1848 4456; x_wconf 81' lang='grc' dir='ltr'>Ταρρακινὰ</span> <span class='ocrx_word' id='word_1_355' title='bbox 1861 4375 2012 4433; x_wconf 88' lang='grc' dir='ltr'>πόλιν</span> <span class='ocrx_word' id='word_1_356' title='bbox 2034 4375 2121 4454; x_wconf 82' lang='lat'>(12)</span> 
     </span>
     <span class='ocr_line' id='line_1_47' title="bbox 566 4459 2122 4542; baseline 0.003 -27"><span class='ocrx_word' id='word_1_357' title='bbox 566 4459 616 4515; x_wconf 76' lang='grc' dir='ltr'>ἐν</span> <span class='ocrx_word' id='word_1_358' title='bbox 672 4460 976 4531; x_wconf 76' lang='grc' dir='ltr'>ἐπιτηδείοις</span> <span class='ocrx_word' id='word_1_359' title='bbox 1026 4461 1235 4540; x_wconf 83' lang='grc' dir='ltr'>χωρίοις</span> <span class='ocrx_word' id='word_1_360' title='bbox 1288 4464 1411 4542; x_wconf 86' lang='grc' dir='ltr'>παρ’</span> <span class='ocrx_word' id='word_1_361' title='bbox 1444 4461 1606 4533; x_wconf 79' lang='grc' dir='ltr'>αὐτὴν</span> <span class='ocrx_word' id='word_1_362' title='bbox 1654 4462 1748 4533; x_wconf 66' lang='grc' dir='ltr'>τὴν</span> <span class='ocrx_word' id='word_1_363' title='bbox 1796 4461 1910 4520; x_wconf 80' lang='grc' dir='ltr'>ὁδὸν</span> <span class='ocrx_word' id='word_1_364' title='bbox 1960 4485 2122 4541; x_wconf 84' lang='grc' dir='ltr'>στρα-</span> 
     </span>
     <span class='ocr_line' id='line_1_48' title="bbox 563 4545 2142 4630; baseline 0.004 -28"><span class='ocrx_word' id='word_1_365' title='bbox 563 4545 943 4604; x_wconf 83' lang='grc' dir='ltr'>τοπεδεύονται.</span> <span class='ocrx_word' id='word_1_366' title='bbox 996 4545 1201 4608; x_wconf 82' lang='grc' dir='ltr'>Ἔπειθ’</span> <span class='ocrx_word' id='word_1_367' title='bbox 1241 4552 1289 4609; x_wconf 74' lang='grc' dir='ltr'>οἱ</span> <span class='ocrx_word' id='word_1_368' title='bbox 1346 4548 1479 4624; x_wconf 75' lang='grc' dir='ltr'>μετὰ</span> <span class='ocrx_word' id='word_1_369' title='bbox 1524 4556 1613 4609; x_wconf 78' lang='grc' dir='ltr'>τοῦ</span> <span class='ocrx_word' id='word_1_370' title='bbox 1668 4548 1985 4630; x_wconf 75' lang='grc' dir='ltr'>πρεσὸευτοῧ</span> <span class='ocrx_word' id='word_1_371' title='bbox 2036 4550 2142 4608; x_wconf 70' lang='grc' dir='ltr'>καὶ·</span> 
     </span>
     <span class='ocr_line' id='line_1_49' title="bbox 564 4631 2107 4713; baseline 0.004 -25"><span class='ocrx_word' id='word_1_372' title='bbox 564 4631 667 4688; x_wconf 83' lang='grc' dir='ltr'>τῶν</span> <span class='ocrx_word' id='word_1_373' title='bbox 714 4633 1002 4711; x_wconf 76' lang='grc' dir='ltr'>χιλιάρχων</span> <span class='ocrx_word' id='word_1_374' title='bbox 1042 4635 1481 4713; x_wconf 81' lang='grc' dir='ltr'>ἀποστελλόμενοι</span> <span class='ocrx_word' id='word_1_375' title='bbox 1512 4634 1627 4702; x_wconf 74' lang='grc' dir='ltr'>τοὺς</span> <span class='ocrx_word' id='word_1_376' title='bbox 1661 4635 1917 4713; x_wconf 81' lang='grc' dir='ltr'>ἡγεμόνας</span> <span class='ocrx_word' id='word_1_377' title='bbox 1956 4659 2107 4694; x_wconf 74' lang='grc' dir='ltr'>κατα·</span> 
     </span>
     <span class='ocr_line' id='line_1_50' title="bbox 564 4717 2124 4831; baseline 0.004 -56"><span class='ocrx_word' id='word_1_378' title='bbox 564 4717 817 4790; x_wconf 78' lang='grc' dir='ltr'>λιπόντες,</span> <span class='ocrx_word' id='word_1_379' title='bbox 864 4717 1075 4778; x_wconf 82' lang='grc' dir='ltr'>ἔστινδ</span> <span class='ocrx_word' id='word_1_380' title='bbox 1077 4718 1202 4786; x_wconf 73' lang='grc' dir='ltr'>ὀὓς</span> <span class='ocrx_word' id='word_1_381' title='bbox 1238 4745 1327 4780; x_wconf 88' lang='grc' dir='ltr'>και</span> <span class='ocrx_word' id='word_1_382' title='bbox 1369 4726 1472 4781; x_wconf 80' lang='grc' dir='ltr'>τῶν</span> <span class='ocrx_word' id='word_1_383' title='bbox 1517 4723 1744 4831; x_wconf 78' lang='grc' dir='ltr'>ἀγόντων</span> <span class='ocrx_word' id='word_1_384' title='bbox 1786 4724 1917 4805; x_wconf 59' lang='grc' dir='ltr'>σφὰς</span> <span class='ocrx_word' id='word_1_385' title='bbox 1958 4747 2124 4802; x_wconf 83' lang='grc' dir='ltr'>στρα-</span> 
     </span>
     <span class='ocr_line' id='line_1_51' title="bbox 568 4805 2123 4890; baseline 0.004 -29"><span class='ocrx_word' id='word_1_386' title='bbox 568 4809 766 4864; x_wconf 81' lang='grc' dir='ltr'>τιωτῶν</span> <span class='ocrx_word' id='word_1_387' title='bbox 810 4805 1079 4874; x_wconf 86' lang='grc' dir='ltr'>πείσαντες</span> <span class='ocrx_word' id='word_1_388' title='bbox 1108 4811 1424 4883; x_wconf 80' lang='grc' dir='ltr'>ἀποστηναι,</span> <span class='ocrx_word' id='word_1_389' title='bbox 1458 4834 1577 4889; x_wconf 89' lang='grc' dir='ltr'>περι</span> <span class='ocrx_word' id='word_1_390' title='bbox 1619 4834 1703 4869; x_wconf 90' lang='grc' dir='ltr'>τον</span> <span class='ocrx_word' id='word_1_391' title='bbox 1732 4810 1887 4868; x_wconf 77' lang='grc' dir='ltr'>αὐτὸν</span> <span class='ocrx_word' id='word_1_392' title='bbox 1927 4809 2123 4890; x_wconf 80' lang='grc' dir='ltr'>ἱδρύον-</span> 
     </span>
     <span class='ocr_line' id='line_1_52' title="bbox 566 4888 2122 4969; baseline 0.005 -20"><span class='ocrx_word' id='word_1_393' title='bbox 566 4913 653 4949; x_wconf 87' lang='grc' dir='ltr'>ται</span> <span class='ocrx_word' id='word_1_394' title='bbox 680 4891 855 4952; x_wconf 86' lang='grc' dir='ltr'>τόπον.</span> <span class='ocrx_word' id='word_1_395' title='bbox 903 4890 994 4960; x_wconf 86' lang='grc' dir='ltr'>Ὡς</span> <span class='ocrx_word' id='word_1_396' title='bbox 1029 4892 1081 4952; x_wconf 73' lang='grc' dir='ltr'>δὲ</span> <span class='ocrx_word' id='word_1_397' title='bbox 1119 4893 1259 4962; x_wconf 75' lang='grc' dir='ltr'>ἅπαξ</span> <span class='ocrx_word' id='word_1_398' title='bbox 1293 4888 1433 4955; x_wconf 65' lang='grc' dir='ltr'>οὗτοι</span> <span class='ocrx_word' id='word_1_399' title='bbox 1477 4897 1569 4966; x_wconf 78' lang='grc' dir='ltr'>τὰς</span> <span class='ocrx_word' id='word_1_400' title='bbox 1613 4899 1865 4969; x_wconf 86' lang='grc' dir='ltr'>παρόδους</span> <span class='ocrx_word' id='word_1_401' title='bbox 1904 4898 2122 4956; x_wconf 83' lang='grc' dir='ltr'>κατελα·</span> 
     </span>
     <span class='ocr_line' id='line_1_53' title="bbox 569 4976 2125 5066; baseline 0.005 -33"><span class='ocrx_word' id='word_1_402' title='bbox 569 4976 749 5055; x_wconf 73' lang='grc' dir='ltr'>ὅοντο,</span> <span class='ocrx_word' id='word_1_403' title='bbox 778 4979 961 5039; x_wconf 80' lang='grc' dir='ltr'>πολλοὶ</span> <span class='ocrx_word' id='word_1_404' title='bbox 985 4981 1279 5061; x_wconf 78' lang='grc' dir='ltr'>προσῄεσαν</span> <span class='ocrx_word' id='word_1_405' title='bbox 1310 4985 1402 5041; x_wconf 85' lang='grc' dir='ltr'>αυ.</span> <span class='ocrx_word' id='word_1_406' title='bbox 1382 5007 1482 5050; x_wconf 88' lang='grc' dir='ltr'>οις</span> <span class='ocrx_word' id='word_1_407' title='bbox 1507 4984 1783 5065; x_wconf 79' lang='grc' dir='ltr'>ὁσημέραι.</span> <span class='ocrx_word' id='word_1_408' title='bbox 1814 4983 1956 5045; x_wconf 71' lang='grc' dir='ltr'>Καὶ·</span> <span class='ocrx_word' id='word_1_409' title='bbox 1941 4983 2125 5066; x_wconf 53' lang='grc' dir='ltr'>γὲιρψ*ι</span> 
     </span>
    </p>
   </div>
   <div class='ocr_carea' id='block_1_3' title="bbox 1200 394 3075 462">
    <p class='ocr_par' dir='ltr' id='par_1_3' title="bbox 1200 394 3075 462">
     <span class='ocr_line' id='line_1_54' title="bbox 1200 394 3075 462; baseline 0.006 -11"><span class='ocrx_word' id='word_1_410' title='bbox 1200 394 1300 452; x_wconf 80' lang='grc' dir='ltr'>ΕΚ</span> <span class='ocrx_word' id='word_1_411' title='bbox 1343 394 1496 453; x_wconf 82' lang='grc' dir='ltr'>ΤΗΣ</span> <span class='ocrx_word' id='word_1_412' title='bbox 1540 395 1903 455; x_wconf 80' lang='grc' dir='ltr'>ΙΣΤΟΡΙΑΣ</span> <span class='ocrx_word' id='word_1_413' title='bbox 1945 400 2362 460; x_wconf 69' lang='grc' dir='ltr'><strong>ΔΙΟΝΥΣΙΟΥ</strong></span> <span class='ocrx_word' id='word_1_414' title='bbox 2410 402 3075 462; x_wconf 70' lang='grc' dir='ltr'>ΑΜΚΑΡΝΑΣΣΙΞΩΣ.</span> 
     </span>
    </p>
   </div>
   <div class='ocr_carea' id='block_1_4' title="bbox 2196 537 3768 1151">
    <p class='ocr_par' dir='ltr' id='par_1_4' title="bbox 2196 537 3768 1151">
     <span class='ocr_line' id='line_1_55' title="bbox 2197 537 3758 605; baseline 0.005 -21.005"><span class='ocrx_word' id='word_1_415' title='bbox 2197 537 2319 585; x_wconf 87' lang='lat' dir='ltr'><strong>inter</strong></span> <span class='ocrx_word' id='word_1_416' title='bbox 2375 542 2630 601; x_wconf 84' lang='lat' dir='ltr'><strong>utramque</strong></span> <span class='ocrx_word' id='word_1_417' title='bbox 2683 539 2867 601; x_wconf 82' lang='lat' dir='ltr'><strong>partem</strong></span> <span class='ocrx_word' id='word_1_418' title='bbox 2924 538 3156 589; x_wconf 81' lang='lat' dir='ltr'><strong>fluctuant</strong></span> <span class='ocrx_word' id='word_1_419' title='bbox 3167 576 3185 605; x_wconf 95' lang='lat'><strong>,</strong></span> <span class='ocrx_word' id='word_1_420' title='bbox 3236 540 3492 603; x_wconf 80' lang='lat' dir='ltr'><strong>jungemus</strong></span> <span class='ocrx_word' id='word_1_421' title='bbox 3547 542 3758 592; x_wconf 84' lang='lat' dir='ltr'><strong>societa-</strong></span> 
     </span>
     <span class='ocr_line' id='line_1_56' title="bbox 2198 647 3768 714; baseline 0.004 -17"><span class='ocrx_word' id='word_1_422' title='bbox 2198 649 2312 697; x_wconf 86' lang='lat' dir='ltr'><strong>tem.</strong></span> <span class='ocrx_word' id='word_1_423' title='bbox 2341 647 2557 710; x_wconf 83' lang='lat' dir='ltr'><strong>Denique</strong></span> <span class='ocrx_word' id='word_1_424' title='bbox 2584 648 2724 707; x_wconf 76' lang='lat' dir='ltr'><strong>viris,</strong></span> <span class='ocrx_word' id='word_1_425' title='bbox 2743 660 2868 710; x_wconf 85' lang='lat' dir='ltr'><strong>quos</strong></span> <span class='ocrx_word' id='word_1_426' title='bbox 2885 649 2934 697; x_wconf 86' lang='lat' dir='ltr'>in</span> <span class='ocrx_word' id='word_1_427' title='bbox 2953 652 3171 698; x_wconf 82' lang='lat' dir='ltr'><strong>extremo</strong></span> <span class='ocrx_word' id='word_1_428' title='bbox 3204 649 3317 699; x_wconf 64' lang='lat' dir='ltr'><strong>vitae</strong></span> <span class='ocrx_word' id='word_1_429' title='bbox 3336 651 3550 712; x_wconf 86' lang='lat' dir='ltr'><strong>periculo</strong></span> <span class='ocrx_word' id='word_1_430' title='bbox 3571 652 3768 714; x_wconf 64' lang='lat' dir='ltr'><strong>positos</strong></span> 
     </span>
     <span class='ocr_line' id='line_1_57' title="bbox 2196 758 3756 827; baseline 0.004 -20"><span class='ocrx_word' id='word_1_431' title='bbox 2196 758 2458 807; x_wconf 74' lang='lat' dir='ltr'><strong>Necessitas</strong></span> <span class='ocrx_word' id='word_1_432' title='bbox 2475 758 2644 820; x_wconf 84' lang='lat' dir='ltr'><strong>agitat,</strong></span> <span class='ocrx_word' id='word_1_433' title='bbox 2672 758 2788 808; x_wconf 88' lang='lat' dir='ltr'><strong>nibil</strong></span> <span class='ocrx_word' id='word_1_434' title='bbox 2807 771 2902 808; x_wconf 89' lang='lat' dir='ltr'>non</span> <span class='ocrx_word' id='word_1_435' title='bbox 2921 759 3140 822; x_wconf 83' lang='lat' dir='ltr'><strong>pervium</strong></span> <span class='ocrx_word' id='word_1_436' title='bbox 3157 795 3172 819; x_wconf 90' lang='lat'><strong>,</strong></span> <span class='ocrx_word' id='word_1_437' title='bbox 3194 760 3309 808; x_wconf 88' lang='lat' dir='ltr'><strong>nihil</strong></span> <span class='ocrx_word' id='word_1_438' title='bbox 3337 773 3431 810; x_wconf 89' lang='lat' dir='ltr'>non</span> <span class='ocrx_word' id='word_1_439' title='bbox 3456 764 3530 811; x_wconf 64' lang='lat' dir='ltr'>est</span> <span class='ocrx_word' id='word_1_440' title='bbox 3555 776 3756 827; x_wconf 84' lang='lat' dir='ltr'><strong>supera·</strong></span> 
     </span>
     <span class='ocr_line' id='line_1_58' title="bbox 2196 866 3760 936; baseline 0.004 -20"><span class='ocrx_word' id='word_1_441' title='bbox 2196 867 2306 916; x_wconf 88' lang='lat' dir='ltr'><strong>bile.</strong></span> <span class='ocrx_word' id='word_1_442' title='bbox 2335 886 2357 909; x_wconf 74' lang='grc' dir='ltr'><strong>υ</strong></span> <span class='ocrx_word' id='word_1_443' title='bbox 2383 866 2664 928; x_wconf 85' lang='lat' dir='ltr'><strong>Hujusmodi</strong></span> <span class='ocrx_word' id='word_1_444' title='bbox 2685 869 2873 917; x_wconf 82' lang='lat' dir='ltr'><strong>utentes</strong></span> <span class='ocrx_word' id='word_1_445' title='bbox 2889 868 3191 918; x_wconf 75' lang='lat' dir='ltr'>sermonibus</span> <span class='ocrx_word' id='word_1_446' title='bbox 3208 869 3416 932; x_wconf 88' lang='lat' dir='ltr'><strong>primum</strong></span> <span class='ocrx_word' id='word_1_447' title='bbox 3444 873 3584 934; x_wconf 84' lang='lat' dir='ltr'><strong>pauci</strong></span> <span class='ocrx_word' id='word_1_448' title='bbox 3605 911 3619 936; x_wconf 88' lang='lat'><strong>,</strong></span> <span class='ocrx_word' id='word_1_449' title='bbox 3640 887 3760 923; x_wconf 77' lang='lat' dir='ltr'>mox</span> 
     </span>
     <span class='ocr_line' id='line_1_59' title="bbox 2197 975 3762 1041; baseline 0.009 -18"><span class='ocrx_word' id='word_1_450' title='bbox 2197 975 2468 1038; x_wconf 75' lang='lat' dir='ltr'><strong>complures</strong></span> <span class='ocrx_word' id='word_1_451' title='bbox 2491 976 2690 1027; x_wconf 85' lang='lat' dir='ltr'>urbibus</span> <span class='ocrx_word' id='word_1_452' title='bbox 2709 978 2757 1027; x_wconf 71' lang='lat' dir='ltr'>vi</span> <span class='ocrx_word' id='word_1_453' title='bbox 2785 977 3070 1041; x_wconf 87' lang='lat' dir='ltr'><strong>potiundum</strong></span> <span class='ocrx_word' id='word_1_454' title='bbox 3104 993 3206 1030; x_wconf 70' lang='lat' dir='ltr'><strong>esse</strong></span> <span class='ocrx_word' id='word_1_455' title='bbox 3236 980 3498 1033; x_wconf 88' lang='lat' dir='ltr'><strong>decernunt</strong></span> <span class='ocrx_word' id='word_1_456' title='bbox 3525 997 3585 1034; x_wconf 88' lang='lat' dir='ltr'>ac</span> <span class='ocrx_word' id='word_1_457' title='bbox 3610 985 3762 1036; x_wconf 79' lang='lat' dir='ltr'><strong>fidem</strong></span> 
     </span>
     <span class='ocr_line' id='line_1_60' title="bbox 2196 1087 3760 1151; baseline 0.008 -14"><span class='ocrx_word' id='word_1_458' title='bbox 2196 1100 2335 1137; x_wconf 88' lang='lat' dir='ltr'><strong>suam</strong></span> <span class='ocrx_word' id='word_1_459' title='bbox 2355 1088 2667 1137; x_wconf 87' lang='lat' dir='ltr'><strong>sacramentis</strong></span> <span class='ocrx_word' id='word_1_460' title='bbox 2684 1087 2890 1137; x_wconf 72' lang='lat' dir='ltr'><strong>invicem</strong></span> <span class='ocrx_word' id='word_1_461' title='bbox 2912 1089 3137 1151; x_wconf 81' lang='lat' dir='ltr'><strong>obligant.</strong></span> <span class='ocrx_word' id='word_1_462' title='bbox 3158 1093 3218 1139; x_wconf 80' lang='lat' dir='ltr'>At</span> <span class='ocrx_word' id='word_1_463' title='bbox 3236 1093 3419 1142; x_wconf 69' lang='lat' dir='ltr'><strong>exitum</strong></span> <span class='ocrx_word' id='word_1_464' title='bbox 3446 1096 3760 1150; x_wconf 83' lang='lat' dir='ltr'><strong>consiliorum</strong></span> 
     </span>
    </p>
   </div>
   <div class='ocr_carea' id='block_1_5' title="bbox 2199 1194 3759 1266">
    <p class='ocr_par' dir='ltr' id='par_1_5' title="bbox 2199 1194 3759 1266">
     <span class='ocr_line' id='line_1_61' title="bbox 2199 1194 3759 1266; baseline 0.008 -21"><span class='ocrx_word' id='word_1_465' title='bbox 2199 1197 2442 1259; x_wconf 73' lang='lat' dir='ltr'><strong>praevertit</strong></span> <span class='ocrx_word' id='word_1_466' title='bbox 2484 1194 2662 1247; x_wconf 87' lang='lat' dir='ltr'><strong>delatio</strong></span> <span class='ocrx_word' id='word_1_467' title='bbox 2698 1198 3058 1257; x_wconf 82' lang='lat' dir='ltr'><strong>conjuratorum</strong></span> <span class='ocrx_word' id='word_1_468' title='bbox 3095 1203 3427 1265; x_wconf 81' lang='lat' dir='ltr'><strong>quorundam,</strong></span> <span class='ocrx_word' id='word_1_469' title='bbox 3468 1205 3552 1266; x_wconf 88' lang='lat' dir='ltr'>qui</span> <span class='ocrx_word' id='word_1_470' title='bbox 3596 1208 3759 1257; x_wconf 85' lang='lat' dir='ltr'><strong>totum</strong></span> 
     </span>
    </p>
   </div>
   <div class='ocr_carea' id='block_1_6' title="bbox 2196 1309 3766 1921">
    <p class='ocr_par' dir='ltr' id='par_1_6' title="bbox 2196 1309 3766 1921">
     <span class='ocr_line' id='line_1_62' title="bbox 2199 1309 3760 1376; baseline 0.008 -20"><span class='ocrx_word' id='word_1_471' title='bbox 2199 1311 2439 1371; x_wconf 73' lang='lat' dir='ltr'><strong>negotium</strong></span> <span class='ocrx_word' id='word_1_472' title='bbox 2475 1309 2651 1360; x_wconf 85' lang='lat' dir='ltr'><strong>Marcio</strong></span> <span class='ocrx_word' id='word_1_473' title='bbox 2683 1311 2866 1361; x_wconf 84' lang='lat' dir='ltr'><strong>consuli</strong></span> <span class='ocrx_word' id='word_1_474' title='bbox 2891 1314 3233 1376; x_wconf 81' lang='lat' dir='ltr'><strong>patefecerunt.</strong></span> <span class='ocrx_word' id='word_1_475' title='bbox 3275 1315 3398 1365; x_wconf 80' lang='lat' dir='ltr'><strong>Huic</strong></span> <span class='ocrx_word' id='word_1_476' title='bbox 3423 1318 3553 1366; x_wconf 88' lang='lat' dir='ltr'><strong>enim</strong></span> <span class='ocrx_word' id='word_1_477' title='bbox 3576 1318 3760 1369; x_wconf 88' lang='lat' dir='ltr'><strong>beilum</strong></span> 
     </span>
     <span class='ocr_line' id='line_1_63' title="bbox 2196 1418 3764 1486; baseline 0.007 -18"><span class='ocrx_word' id='word_1_478' title='bbox 2196 1418 2510 1468; x_wconf 83' lang='lat' dir='ltr'><strong>Samniticum</strong></span> <span class='ocrx_word' id='word_1_479' title='bbox 2529 1420 2657 1469; x_wconf 81' lang='lat' dir='ltr'><strong>sorte</strong></span> <span class='ocrx_word' id='word_1_480' title='bbox 2670 1423 2911 1480; x_wconf 69' lang='lat' dir='ltr'><strong>evenerat,</strong></span> <span class='ocrx_word' id='word_1_481' title='bbox 2933 1433 2988 1470; x_wconf 87' lang='lat' dir='ltr'>ac</span> <span class='ocrx_word' id='word_1_482' title='bbox 3002 1424 3105 1471; x_wconf 85' lang='lat' dir='ltr'>tum</span> <span class='ocrx_word' id='word_1_483' title='bbox 3120 1436 3230 1472; x_wconf 86' lang='lat' dir='ltr'>cum</span> <span class='ocrx_word' id='word_1_484' title='bbox 3245 1424 3393 1486; x_wconf 88' lang='lat' dir='ltr'><strong>copiis</strong></span> <span class='ocrx_word' id='word_1_485' title='bbox 3409 1427 3578 1476; x_wconf 78' lang='lat' dir='ltr'><strong>Romae</strong></span> <span class='ocrx_word' id='word_1_486' title='bbox 3594 1441 3764 1479; x_wconf 86' lang='lat' dir='ltr'><strong>recens</strong></span> 
     </span>
     <span class='ocr_line' id='line_1_64' title="bbox 2198 1526 3760 1597; baseline 0.007 -23"><span class='ocrx_word' id='word_1_487' title='bbox 2198 1526 2477 1588; x_wconf 74' lang='lat' dir='ltr'><strong>conscriptis</strong></span> <span class='ocrx_word' id='word_1_488' title='bbox 2489 1526 2590 1587; x_wconf 74' lang='lat' dir='ltr'>iam</span> <span class='ocrx_word' id='word_1_489' title='bbox 2613 1532 2715 1576; x_wconf 85' lang='lat' dir='ltr'><strong>erat</strong></span> <span class='ocrx_word' id='word_1_490' title='bbox 2733 1527 2782 1576; x_wconf 91' lang='lat' dir='ltr'>in</span> <span class='ocrx_word' id='word_1_491' title='bbox 2804 1527 2987 1578; x_wconf 88' lang='lat' dir='ltr'><strong>itinere.</strong></span> <span class='ocrx_word' id='word_1_492' title='bbox 3013 1533 3190 1581; x_wconf 86' lang='lat' dir='ltr'><strong>Consul</strong></span> <span class='ocrx_word' id='word_1_493' title='bbox 3205 1567 3220 1591; x_wconf 88' lang='lat'>‚</span> <span class='ocrx_word' id='word_1_494' title='bbox 3234 1536 3478 1595; x_wconf 85' lang='lat' dir='ltr'><strong>comperta</strong></span> <span class='ocrx_word' id='word_1_495' title='bbox 3504 1548 3555 1583; x_wconf 90' lang='lat' dir='ltr'>re</span> <span class='ocrx_word' id='word_1_496' title='bbox 3571 1537 3760 1597; x_wconf 72' lang='lat' dir='ltr'><strong>gravis·</strong></span> 
     </span>
     <span class='ocr_line' id='line_1_65' title="bbox 2196 1631 3766 1698; baseline 0.005 -16"><span class='ocrx_word' id='word_1_497' title='bbox 2196 1631 2317 1682; x_wconf 82' lang='lat' dir='ltr'><strong>sima</strong></span> <span class='ocrx_word' id='word_1_498' title='bbox 2335 1636 2384 1682; x_wconf 90' lang='lat' dir='ltr'>et</span> <span class='ocrx_word' id='word_1_499' title='bbox 2399 1632 2640 1695; x_wconf 84' lang='lat' dir='ltr'><strong>inopinata</strong></span> <span class='ocrx_word' id='word_1_500' title='bbox 2654 1669 2669 1696; x_wconf 89' lang='lat'><strong>,</strong></span> <span class='ocrx_word' id='word_1_501' title='bbox 2692 1647 2789 1684; x_wconf 87' lang='lat' dir='ltr'>non</span> <span class='ocrx_word' id='word_1_502' title='bbox 2807 1635 3125 1698; x_wconf 72' lang='lat' dir='ltr'><strong>evulgandum</strong></span> <span class='ocrx_word' id='word_1_503' title='bbox 3145 1637 3225 1687; x_wconf 88' lang='lat' dir='ltr'>sed</span> <span class='ocrx_word' id='word_1_504' title='bbox 3246 1637 3642 1689; x_wconf 74' lang='lat' dir='ltr'><strong>dissimulandam</strong></span> <span class='ocrx_word' id='word_1_505' title='bbox 3659 1654 3766 1691; x_wconf 80' lang='lat' dir='ltr'><strong>esse</strong></span> 
     </span>
     <span class='ocr_line' id='line_1_66' title="bbox 2198 1739 3760 1814; baseline 0.006 -24"><span class='ocrx_word' id='word_1_506' title='bbox 2198 1739 2439 1801; x_wconf 83' lang='lat' dir='ltr'><strong>censebat,</strong></span> <span class='ocrx_word' id='word_1_507' title='bbox 2464 1742 2518 1790; x_wconf 92' lang='lat' dir='ltr'>ut</span> <span class='ocrx_word' id='word_1_508' title='bbox 2539 1740 2708 1791; x_wconf 74' lang='lat' dir='ltr'><strong>fraude</strong></span> <span class='ocrx_word' id='word_1_509' title='bbox 2725 1742 2933 1805; x_wconf 89' lang='lat' dir='ltr'><strong>quadam</strong></span> <span class='ocrx_word' id='word_1_510' title='bbox 2952 1746 3000 1793; x_wconf 89' lang='lat' dir='ltr'>et</span> <span class='ocrx_word' id='word_1_511' title='bbox 3023 1745 3223 1795; x_wconf 81' lang='lat' dir='ltr'><strong>artifieio</strong></span> <span class='ocrx_word' id='word_1_512' title='bbox 3241 1747 3543 1810; x_wconf 84' lang='lat' dir='ltr'><strong>imperatorio</strong></span> <span class='ocrx_word' id='word_1_513' title='bbox 3581 1751 3760 1814; x_wconf 84' lang='lat' dir='ltr'><strong>impen-</strong></span> 
     </span>
     <span class='ocr_line' id='line_1_67' title="bbox 2200 1848 3766 1921; baseline 0.008 -24"><span class='ocrx_word' id='word_1_514' title='bbox 2200 1848 2392 1899; x_wconf 80' lang='lat' dir='ltr'><strong>dentem</strong></span> <span class='ocrx_word' id='word_1_515' title='bbox 2411 1849 2610 1900; x_wconf 85' lang='lat' dir='ltr'><strong>urbibus</strong></span> <span class='ocrx_word' id='word_1_516' title='bbox 2642 1852 2971 1915; x_wconf 81' lang='lat' dir='ltr'><strong>tempestatem</strong></span> <span class='ocrx_word' id='word_1_517' title='bbox 2995 1853 3258 1917; x_wconf 79' lang='lat' dir='ltr'><strong>dissiparet.</strong></span> <span class='ocrx_word' id='word_1_518' title='bbox 3295 1860 3458 1921; x_wconf 86' lang='lat' dir='ltr'><strong>ltaque</strong></span> <span class='ocrx_word' id='word_1_519' title='bbox 3480 1859 3766 1911; x_wconf 82' lang='lat' dir='ltr'><strong>subornavit</strong></span> 
     </span>
    </p>
   </div>
   <div class='ocr_carea' id='block_1_7' title="bbox 2198 1961 3772 4524">
    <p class='ocr_par' dir='ltr' id='par_1_7' title="bbox 2198 1961 3772 4524">
     <span class='ocr_line' id='line_1_68' title="bbox 2201 1961 3766 2030; baseline 0.009 -22"><span class='ocrx_word' id='word_1_520' title='bbox 2201 1961 2455 2011; x_wconf 88' lang='lat' dir='ltr'><strong>nonnullos</strong></span> <span class='ocrx_word' id='word_1_521' title='bbox 2469 1997 2485 2023; x_wconf 87' lang='lat'><strong>,</strong></span> <span class='ocrx_word' id='word_1_522' title='bbox 2502 1964 2586 2025; x_wconf 86' lang='lat' dir='ltr'>qui</span> <span class='ocrx_word' id='word_1_523' title='bbox 2605 1964 2654 2014; x_wconf 93' lang='lat' dir='ltr'>in</span> <span class='ocrx_word' id='word_1_524' title='bbox 2680 1965 2825 2018; x_wconf 82' lang='lat' dir='ltr'><strong>urbes</strong></span> <span class='ocrx_word' id='word_1_525' title='bbox 2842 1968 3022 2018; x_wconf 79' lang='lat' dir='ltr'><strong>dimissi</strong></span> <span class='ocrx_word' id='word_1_526' title='bbox 3040 1970 3152 2017; x_wconf 86' lang='lat' dir='ltr'><strong>ante</strong></span> <span class='ocrx_word' id='word_1_527' title='bbox 3181 1968 3329 2030; x_wconf 84' lang='lat' dir='ltr'><strong>ipsius</strong></span> <span class='ocrx_word' id='word_1_528' title='bbox 3346 1969 3610 2020; x_wconf 81' lang='lat' dir='ltr'><strong>adventum</strong></span> <span class='ocrx_word' id='word_1_529' title='bbox 3639 1972 3766 2022; x_wconf 75' lang='lat' dir='ltr'><strong>inter</strong></span> 
     </span>
     <span class='ocr_line' id='line_1_69' title="bbox 2200 2044 3758 2142; baseline 0.01 -24"><span class='ocrx_word' id='word_1_530' title='bbox 2200 2069 2503 2123; x_wconf 77' lang='lat' dir='ltr'><strong>biber-nantes</strong></span> <span class='ocrx_word' id='word_1_531' title='bbox 2515 2073 2581 2123; x_wconf 88' lang='lat' dir='ltr'>ibi</span> <span class='ocrx_word' id='word_1_532' title='bbox 2596 2076 2770 2127; x_wconf 80' lang='lat' dir='ltr'><strong>milites</strong></span> <span class='ocrx_word' id='word_1_533' title='bbox 2783 2092 3024 2128; x_wconf 87' lang='lat' dir='ltr'><strong>rumorem</strong></span> <span class='ocrx_word' id='word_1_534' title='bbox 3040 2044 3328 2142; x_wconf 79' lang='lat' dir='ltr'><strong>spargerent,</strong></span> <span class='ocrx_word' id='word_1_535' title='bbox 3344 2081 3611 2131; x_wconf 70' lang='lat' dir='ltr'><strong>decrevisse</strong></span> <span class='ocrx_word' id='word_1_536' title='bbox 3638 2096 3758 2133; x_wconf 88' lang='lat' dir='ltr'><strong>con·</strong></span> 
     </span>
     <span class='ocr_line' id='line_1_70' title="bbox 2198 2189 3762 2256; baseline 0.004 -19"><span class='ocrx_word' id='word_1_537' title='bbox 2198 2189 2370 2252; x_wconf 88' lang='lat' dir='ltr'><strong>sulem,</strong></span> <span class='ocrx_word' id='word_1_538' title='bbox 2386 2192 2442 2239; x_wconf 89' lang='lat' dir='ltr'>ut</span> <span class='ocrx_word' id='word_1_539' title='bbox 2454 2190 2729 2253; x_wconf 72' lang='lat' dir='ltr'><strong>pra-sidiarii</strong></span> <span class='ocrx_word' id='word_1_540' title='bbox 2748 2190 2797 2240; x_wconf 89' lang='lat' dir='ltr'>in</span> <span class='ocrx_word' id='word_1_541' title='bbox 2809 2190 2972 2240; x_wconf 82' lang='lat' dir='ltr'><strong>iisdem</strong></span> <span class='ocrx_word' id='word_1_542' title='bbox 2986 2190 3165 2253; x_wconf 88' lang='lat' dir='ltr'><strong>quique</strong></span> <span class='ocrx_word' id='word_1_543' title='bbox 3182 2191 3380 2241; x_wconf 87' lang='lat' dir='ltr'><strong>urbibus</strong></span> <span class='ocrx_word' id='word_1_544' title='bbox 3394 2205 3515 2241; x_wconf 89' lang='lat' dir='ltr'><strong>anno</strong></span> <span class='ocrx_word' id='word_1_545' title='bbox 3537 2197 3762 2256; x_wconf 81' lang='lat' dir='ltr'><strong>sequenti</strong></span> 
     </span>
     <span class='ocr_line' id='line_1_71' title="bbox 2203 2301 3761 2364; baseline -0.001 -11"><span class='ocrx_word' id='word_1_546' title='bbox 2203 2303 2474 2364; x_wconf 87' lang='lat' dir='ltr'><strong>manerent,</strong></span> <span class='ocrx_word' id='word_1_547' title='bbox 2502 2301 2736 2364; x_wconf 86' lang='lat' dir='ltr'><strong>siquidem</strong></span> <span class='ocrx_word' id='word_1_548' title='bbox 2764 2303 2993 2364; x_wconf 86' lang='lat' dir='ltr'><strong>Campani</strong></span> <span class='ocrx_word' id='word_1_549' title='bbox 3017 2314 3210 2351; x_wconf 88' lang='lat' dir='ltr'><strong>manere</strong></span> <span class='ocrx_word' id='word_1_550' title='bbox 3242 2316 3323 2351; x_wconf 90' lang='lat' dir='ltr'>eos</span> <span class='ocrx_word' id='word_1_551' title='bbox 3343 2302 3548 2363; x_wconf 77' lang='lat' dir='ltr'><strong>veilent,</strong></span> <span class='ocrx_word' id='word_1_552' title='bbox 3575 2302 3761 2353; x_wconf 83' lang='lat' dir='ltr'><strong>bellurn</strong></span> 
     </span>
     <span class='ocr_line' id='line_1_72' title="bbox 2205 2411 3772 2474; baseline -0.001 -13"><span class='ocrx_word' id='word_1_553' title='bbox 2205 2426 2324 2463; x_wconf 77' lang='lat' dir='ltr'><strong>vero</strong></span> <span class='ocrx_word' id='word_1_554' title='bbox 2356 2414 2522 2462; x_wconf 83' lang='lat' dir='ltr'><strong>contra</strong></span> <span class='ocrx_word' id='word_1_555' title='bbox 2540 2411 2777 2462; x_wconf 84' lang='lat' dir='ltr'><strong>Samnites</strong></span> <span class='ocrx_word' id='word_1_556' title='bbox 2797 2424 2909 2460; x_wconf 88' lang='lat' dir='ltr'>eum</span> <span class='ocrx_word' id='word_1_557' title='bbox 2928 2424 3038 2463; x_wconf 89' lang='lat' dir='ltr'>cum</span> <span class='ocrx_word' id='word_1_558' title='bbox 3059 2411 3206 2472; x_wconf 87' lang='lat' dir='ltr'><strong>copiis</strong></span> <span class='ocrx_word' id='word_1_559' title='bbox 3223 2413 3467 2472; x_wconf 79' lang='lat' dir='ltr'><strong>gesturum</strong></span> <span class='ocrx_word' id='word_1_560' title='bbox 3487 2424 3591 2461; x_wconf 78' lang='lat' dir='ltr'><strong>esse</strong></span> <span class='ocrx_word' id='word_1_561' title='bbox 3605 2448 3619 2471; x_wconf 89' lang='lat'><strong>,</strong></span> <span class='ocrx_word' id='word_1_562' title='bbox 3639 2424 3772 2474; x_wconf 76' lang='lat' dir='ltr'><strong>quas</strong></span> 
     </span>
     <span class='ocr_line' id='line_1_73' title="bbox 2201 2517 3761 2584; baseline 0.002 -14"><span class='ocrx_word' id='word_1_563' title='bbox 2201 2523 2350 2570; x_wconf 88' lang='lat' dir='ltr'><strong>Roma</strong></span> <span class='ocrx_word' id='word_1_564' title='bbox 2366 2532 2527 2570; x_wconf 86' lang='lat' dir='ltr'><strong>secum</strong></span> <span class='ocrx_word' id='word_1_565' title='bbox 2543 2517 2801 2569; x_wconf 78' lang='lat' dir='ltr'><strong>eduxisset.</strong></span> <span class='ocrx_word' id='word_1_566' title='bbox 2815 2519 3076 2581; x_wconf 75' lang='lat' dir='ltr'><strong>Effecitque</strong></span> <span class='ocrx_word' id='word_1_567' title='bbox 3091 2522 3144 2570; x_wconf 86' lang='lat' dir='ltr'>ut</span> <span class='ocrx_word' id='word_1_568' title='bbox 3159 2520 3384 2570; x_wconf 87' lang='lat' dir='ltr'><strong>omnibus</strong></span> <span class='ocrx_word' id='word_1_569' title='bbox 3397 2521 3444 2570; x_wconf 90' lang='lat' dir='ltr'>id</span> <span class='ocrx_word' id='word_1_570' title='bbox 3458 2524 3761 2584; x_wconf 87' lang='lat' dir='ltr'><strong>persuadere-</strong></span> 
     </span>
     <span class='ocr_line' id='line_1_74' title="bbox 2203 2627 3757 2694; baseline 0.002 -15"><span class='ocrx_word' id='word_1_571' title='bbox 2203 2632 2298 2680; x_wconf 90' lang='lat' dir='ltr'><strong>tur.</strong></span> <span class='ocrx_word' id='word_1_572' title='bbox 2314 2628 2492 2678; x_wconf 88' lang='lat' dir='ltr'><strong>Deinde</strong></span> <span class='ocrx_word' id='word_1_573' title='bbox 2500 2627 2581 2677; x_wconf 88' lang='lat' dir='ltr'>ubi</span> <span class='ocrx_word' id='word_1_574' title='bbox 2594 2627 2691 2691; x_wconf 85' lang='lat' dir='ltr'><strong>ipse</strong></span> <span class='ocrx_word' id='word_1_575' title='bbox 2706 2628 3012 2690; x_wconf 85' lang='lat' dir='ltr'><strong>Campaniam</strong></span> <span class='ocrx_word' id='word_1_576' title='bbox 3029 2630 3280 2679; x_wconf 73' lang='lat' dir='ltr'><strong>venitcum</strong></span> <span class='ocrx_word' id='word_1_577' title='bbox 3295 2631 3398 2679; x_wconf 88' lang='lat' dir='ltr'><strong>toto</strong></span> <span class='ocrx_word' id='word_1_578' title='bbox 3412 2632 3648 2694; x_wconf 77' lang='lat' dir='ltr'><strong>exercitu,</strong></span> <span class='ocrx_word' id='word_1_579' title='bbox 3663 2633 3757 2682; x_wconf 85' lang='lat' dir='ltr'><strong>sin·</strong></span> 
     </span>
     <span class='ocr_line' id='line_1_75' title="bbox 2201 2739 3770 2805; baseline 0.002 -15"><span class='ocrx_word' id='word_1_580' title='bbox 2201 2742 2337 2805; x_wconf 78' lang='lat' dir='ltr'><strong>gulas</strong></span> <span class='ocrx_word' id='word_1_581' title='bbox 2358 2741 2502 2791; x_wconf 66' lang='lat' dir='ltr'><strong>urbes</strong></span> <span class='ocrx_word' id='word_1_582' title='bbox 2523 2739 2835 2803; x_wconf 86' lang='lat' dir='ltr'><strong>circumibat,</strong></span> <span class='ocrx_word' id='word_1_583' title='bbox 2859 2742 2906 2790; x_wconf 89' lang='lat' dir='ltr'>et</span> <span class='ocrx_word' id='word_1_584' title='bbox 2922 2741 3204 2790; x_wconf 84' lang='lat' dir='ltr'><strong>nominatim</strong></span> <span class='ocrx_word' id='word_1_585' title='bbox 3220 2741 3535 2803; x_wconf 68' lang='lat' dir='ltr'><strong>praesidiarios</strong></span> <span class='ocrx_word' id='word_1_586' title='bbox 3551 2756 3770 2793; x_wconf 72' lang='lat' dir='ltr'><strong>evocans-</strong></span> 
     </span>
     <span class='ocr_line' id='line_1_76' title="bbox 2202 2850 3762 2916; baseline 0.001 -14"><span class='ocrx_word' id='word_1_587' title='bbox 2202 2851 2522 2914; x_wconf 80' lang='lat' dir='ltr'><strong>distinguebat</strong></span> <span class='ocrx_word' id='word_1_588' title='bbox 2545 2851 2669 2901; x_wconf 79' lang='lat' dir='ltr'><strong>inter</strong></span> <span class='ocrx_word' id='word_1_589' title='bbox 2684 2863 2768 2901; x_wconf 83' lang='lat' dir='ltr'>eos</span> <span class='ocrx_word' id='word_1_590' title='bbox 2784 2887 2798 2914; x_wconf 87' lang='lat'><strong>,</strong></span> <span class='ocrx_word' id='word_1_591' title='bbox 2830 2850 2914 2913; x_wconf 85' lang='lat' dir='ltr'>qui</span> <span class='ocrx_word' id='word_1_592' title='bbox 2937 2852 3280 2913; x_wconf 83' lang='lat' dir='ltr'><strong>conjurationis</strong></span> <span class='ocrx_word' id='word_1_593' title='bbox 3315 2854 3571 2916; x_wconf 80' lang='lat' dir='ltr'><strong>participes</strong></span> <span class='ocrx_word' id='word_1_594' title='bbox 3591 2858 3762 2915; x_wconf 84' lang='lat' dir='ltr'><strong>erant;</strong></span> 
     </span>
     <span class='ocr_line' id='line_1_77' title="bbox 2204 2932 3757 3027; baseline 0.001 -14"><span class='ocrx_word' id='word_1_595' title='bbox 2204 2932 2489 3026; x_wconf 35' lang='lat' dir='ltr'><strong>blandisque·</strong></span> <span class='ocrx_word' id='word_1_596' title='bbox 2515 2975 2911 3026; x_wconf 82' lang='lat' dir='ltr'><strong>unumquemque</strong></span> <span class='ocrx_word' id='word_1_597' title='bbox 2946 2963 3105 3014; x_wconf 75' lang='lat' dir='ltr'><strong>verbis</strong></span> <span class='ocrx_word' id='word_1_598' title='bbox 3133 2964 3378 3027; x_wconf 84' lang='lat' dir='ltr'><strong>alloquens</strong></span> <span class='ocrx_word' id='word_1_599' title='bbox 3391 3003 3404 3027; x_wconf 94' lang='lat'><strong>,</strong></span> <span class='ocrx_word' id='word_1_600' title='bbox 3442 2966 3563 3016; x_wconf 87' lang='lat' dir='ltr'><strong>alios</strong></span> <span class='ocrx_word' id='word_1_601' title='bbox 3595 2979 3757 3015; x_wconf 83' lang='lat' dir='ltr'><strong>sacra·</strong></span> 
     </span>
     <span class='ocr_line' id='line_1_78' title="bbox 2206 3069 3762 3134; baseline 0.001 -16"><span class='ocrx_word' id='word_1_602' title='bbox 2206 3070 2368 3118; x_wconf 88' lang='lat' dir='ltr'><strong>mento</strong></span> <span class='ocrx_word' id='word_1_603' title='bbox 2404 3069 2703 3132; x_wconf 77' lang='lat' dir='ltr'><strong>exsolvebat,</strong></span> <span class='ocrx_word' id='word_1_604' title='bbox 2738 3070 2873 3133; x_wconf 86' lang='lat' dir='ltr'><strong>quasi</strong></span> <span class='ocrx_word' id='word_1_605' title='bbox 2896 3071 3163 3134; x_wconf 82' lang='lat' dir='ltr'><strong>gratificans</strong></span> <span class='ocrx_word' id='word_1_606' title='bbox 3192 3083 3274 3120; x_wconf 89' lang='lat' dir='ltr'>eos</span> <span class='ocrx_word' id='word_1_607' title='bbox 3293 3072 3460 3120; x_wconf 84' lang='lat' dir='ltr'><strong>militia</strong></span> <span class='ocrx_word' id='word_1_608' title='bbox 3496 3073 3762 3134; x_wconf 75' lang='lat' dir='ltr'><strong>eximeret,</strong></span> 
     </span>
     <span class='ocr_line' id='line_1_79' title="bbox 2203 3180 3760 3244; baseline 0.003 -15"><span class='ocrx_word' id='word_1_609' title='bbox 2203 3180 2320 3229; x_wconf 88' lang='lat' dir='ltr'><strong>alios</strong></span> <span class='ocrx_word' id='word_1_610' title='bbox 2331 3182 2482 3242; x_wconf 77' lang='lat' dir='ltr'><strong>legato</strong></span> <span class='ocrx_word' id='word_1_611' title='bbox 2496 3183 2545 3230; x_wconf 85' lang='lat' dir='ltr'>et</span> <span class='ocrx_word' id='word_1_612' title='bbox 2564 3180 2755 3230; x_wconf 85' lang='lat' dir='ltr'><strong>tribuno</strong></span> <span class='ocrx_word' id='word_1_613' title='bbox 2769 3181 2959 3231; x_wconf 88' lang='lat' dir='ltr'><strong>tradens</strong></span> <span class='ocrx_word' id='word_1_614' title='bbox 2975 3183 3272 3244; x_wconf 70' lang='lat' dir='ltr'><strong>pet-speciem</strong></span> <span class='ocrx_word' id='word_1_615' title='bbox 3287 3182 3563 3231; x_wconf 87' lang='lat' dir='ltr'><strong>militarium</strong></span> <span class='ocrx_word' id='word_1_616' title='bbox 3583 3197 3760 3233; x_wconf 85' lang='lat' dir='ltr'><strong>usuum</strong></span> 
     </span>
     <span class='ocr_line' id='line_1_80' title="bbox 2204 3289 3766 3353; baseline 0.002 -15"><span class='ocrx_word' id='word_1_617' title='bbox 2204 3290 2452 3353; x_wconf 78' lang='lat' dir='ltr'><strong>ablegabat</strong></span> <span class='ocrx_word' id='word_1_618' title='bbox 2471 3289 2547 3351; x_wconf 87' lang='lat' dir='ltr'>(et</span> <span class='ocrx_word' id='word_1_619' title='bbox 2568 3290 2617 3339; x_wconf 72' lang='lat' dir='ltr'>iii</span> <span class='ocrx_word' id='word_1_620' title='bbox 2648 3289 2844 3351; x_wconf 84' lang='lat' dir='ltr'><strong>quidem</strong></span> <span class='ocrx_word' id='word_1_621' title='bbox 2873 3290 3092 3340; x_wconf 89' lang='lat' dir='ltr'><strong>omnium</strong></span> <span class='ocrx_word' id='word_1_622' title='bbox 3114 3290 3461 3340; x_wconf 72' lang='lat' dir='ltr'><strong>sceleratissimi</strong></span> <span class='ocrx_word' id='word_1_623' title='bbox 3483 3293 3647 3352; x_wconf 78' lang='lat' dir='ltr'><strong>erant,</strong></span> <span class='ocrx_word' id='word_1_624' title='bbox 3669 3304 3766 3341; x_wconf 77' lang='lat' dir='ltr'>nac</span> 
     </span>
     <span class='ocr_line' id='line_1_81' title="bbox 2205 3397 3756 3460; baseline 0.002 -14"><span class='ocrx_word' id='word_1_625' title='bbox 2205 3398 2507 3447; x_wconf 81' lang='lat' dir='ltr'><strong>exauctorari</strong></span> <span class='ocrx_word' id='word_1_626' title='bbox 2547 3397 2796 3459; x_wconf 74' lang='lat' dir='ltr'><strong>volebant)</strong></span> <span class='ocrx_word' id='word_1_627' title='bbox 2814 3415 2828 3460; x_wconf 88' lang='lat'>;</span> <span class='ocrx_word' id='word_1_628' title='bbox 2864 3398 3070 3459; x_wconf 86' lang='lat' dir='ltr'><strong>jusserat</strong></span> <span class='ocrx_word' id='word_1_629' title='bbox 3097 3402 3259 3448; x_wconf 87' lang='lat' dir='ltr'><strong>autem</strong></span> <span class='ocrx_word' id='word_1_630' title='bbox 3285 3400 3342 3447; x_wconf 88' lang='lat' dir='ltr'>ut</span> <span class='ocrx_word' id='word_1_631' title='bbox 3375 3400 3578 3448; x_wconf 85' lang='lat' dir='ltr'><strong>Romam</strong></span> <span class='ocrx_word' id='word_1_632' title='bbox 3612 3400 3756 3450; x_wconf 85' lang='lat' dir='ltr'><strong>duce·</strong></span> 
     </span>
     <span class='ocr_line' id='line_1_82' title="bbox 2208 3505 3770 3571; baseline 0.003 -14"><span class='ocrx_word' id='word_1_633' title='bbox 2208 3511 2390 3569; x_wconf 86' lang='lat' dir='ltr'><strong>rentur,</strong></span> <span class='ocrx_word' id='word_1_634' title='bbox 2412 3507 2575 3570; x_wconf 89' lang='lat' dir='ltr'><strong>ibique</strong></span> <span class='ocrx_word' id='word_1_635' title='bbox 2604 3505 2681 3556; x_wconf 87' lang='lat' dir='ltr'><strong>alii</strong></span> <span class='ocrx_word' id='word_1_636' title='bbox 2717 3506 2778 3556; x_wconf 85' lang='lat' dir='ltr'>ab</span> <span class='ocrx_word' id='word_1_637' title='bbox 2808 3508 2911 3557; x_wconf 91' lang='lat' dir='ltr'><strong>aliis</strong></span> <span class='ocrx_word' id='word_1_638' title='bbox 2942 3508 3168 3571; x_wconf 75' lang='lat' dir='ltr'><strong>segregati</strong></span> <span class='ocrx_word' id='word_1_639' title='bbox 3203 3507 3510 3558; x_wconf 83' lang='lat' dir='ltr'><strong>clandestinis</strong></span> <span class='ocrx_word' id='word_1_640' title='bbox 3533 3511 3770 3562; x_wconf 72' lang='lat' dir='ltr'><strong>custodiis</strong></span> 
     </span>
     <span class='ocr_line' id='line_1_83' title="bbox 2208 3619 3766 3686; baseline 0.003 -16"><span class='ocrx_word' id='word_1_641' title='bbox 2208 3621 2592 3682; x_wconf 80' lang='lat' dir='ltr'><strong>observarentur,</strong></span> <span class='ocrx_word' id='word_1_642' title='bbox 2617 3632 2770 3682; x_wconf 84' lang='lat' dir='ltr'><strong>usque</strong></span> <span class='ocrx_word' id='word_1_643' title='bbox 2787 3619 2906 3669; x_wconf 89' lang='lat' dir='ltr'><strong>dum</strong></span> <span class='ocrx_word' id='word_1_644' title='bbox 2931 3619 3030 3683; x_wconf 87' lang='lat' dir='ltr'><strong>ipse</strong></span> <span class='ocrx_word' id='word_1_645' title='bbox 3046 3620 3329 3670; x_wconf 76' lang='lat' dir='ltr'><strong>advenisset.</strong></span> <span class='ocrx_word' id='word_1_646' title='bbox 3356 3624 3584 3672; x_wconf 85' lang='lat' dir='ltr'><strong>Ceterum</strong></span> <span class='ocrx_word' id='word_1_647' title='bbox 3603 3623 3766 3686; x_wconf 78' lang='lat' dir='ltr'><strong>conju·</strong></span> 
     </span>
     <span class='ocr_line' id='line_1_84' title="bbox 2210 3728 3762 3792; baseline 0.001 -14"><span class='ocrx_word' id='word_1_648' title='bbox 2210 3731 2298 3778; x_wconf 89' lang='lat' dir='ltr'><strong>rati</strong></span> <span class='ocrx_word' id='word_1_649' title='bbox 2326 3731 2600 3792; x_wconf 85' lang='lat' dir='ltr'><strong>reputantes</strong></span> <span class='ocrx_word' id='word_1_650' title='bbox 2615 3729 2852 3792; x_wconf 85' lang='lat' dir='ltr'><strong>principes</strong></span> <span class='ocrx_word' id='word_1_651' title='bbox 2874 3728 3084 3791; x_wconf 80' lang='lat' dir='ltr'><strong>ipsorum</strong></span> <span class='ocrx_word' id='word_1_652' title='bbox 3101 3743 3268 3780; x_wconf 89' lang='lat' dir='ltr'><strong>omnes</strong></span> <span class='ocrx_word' id='word_1_653' title='bbox 3289 3731 3465 3792; x_wconf 88' lang='lat' dir='ltr'><strong>partim</strong></span> <span class='ocrx_word' id='word_1_654' title='bbox 3487 3731 3657 3780; x_wconf 87' lang='lat' dir='ltr'><strong>militia</strong></span> <span class='ocrx_word' id='word_1_655' title='bbox 3675 3744 3762 3780; x_wconf 72' lang='lat' dir='ltr'><strong>ex·</strong></span> 
     </span>
     <span class='ocr_line' id='line_1_85' title="bbox 2209 3833 3768 3899; baseline -0.001 -14"><span class='ocrx_word' id='word_1_656' title='bbox 2209 3835 2354 3896; x_wconf 78' lang='lat' dir='ltr'><strong>solvi,</strong></span> <span class='ocrx_word' id='word_1_657' title='bbox 2387 3837 2561 3898; x_wconf 87' lang='lat' dir='ltr'><strong>partim</strong></span> <span class='ocrx_word' id='word_1_658' title='bbox 2583 3835 2679 3884; x_wconf 85' lang='lat' dir='ltr'><strong>buc</strong></span> <span class='ocrx_word' id='word_1_659' title='bbox 2710 3834 2825 3884; x_wconf 87' lang='lat' dir='ltr'><strong>illuc</strong></span> <span class='ocrx_word' id='word_1_660' title='bbox 2843 3833 3020 3884; x_wconf 83' lang='lat' dir='ltr'><strong>dimitti</strong></span> <span class='ocrx_word' id='word_1_661' title='bbox 3036 3871 3050 3896; x_wconf 93' lang='lat'><strong>,</strong></span> <span class='ocrx_word' id='word_1_662' title='bbox 3083 3837 3426 3899; x_wconf 81' lang='lat' dir='ltr'><strong>perspexerunt</strong></span> <span class='ocrx_word' id='word_1_663' title='bbox 3459 3837 3654 3886; x_wconf 83' lang='lat' dir='ltr'><strong>consilia</strong></span> <span class='ocrx_word' id='word_1_664' title='bbox 3675 3849 3768 3886; x_wconf 69' lang='lat' dir='ltr'>sua</span> 
     </span>
     <span class='ocr_line' id='line_1_86' title="bbox 2209 3937 3757 4002; baseline 0.001 -15"><span class='ocrx_word' id='word_1_665' title='bbox 2209 3951 2484 3998; x_wconf 74' lang='lat' dir='ltr'><strong>emanasse,</strong></span> <span class='ocrx_word' id='word_1_666' title='bbox 2511 3939 2752 4001; x_wconf 84' lang='lat' dir='ltr'><strong>timorque</strong></span> <span class='ocrx_word' id='word_1_667' title='bbox 2778 3937 2964 3987; x_wconf 87' lang='lat' dir='ltr'><strong>animos</strong></span> <span class='ocrx_word' id='word_1_668' title='bbox 2985 3938 3202 4001; x_wconf 64' lang='lat' dir='ltr'><strong>incessit,</strong></span> <span class='ocrx_word' id='word_1_669' title='bbox 3231 3953 3316 4001; x_wconf 89' lang='lat' dir='ltr'>ne,</span> <span class='ocrx_word' id='word_1_670' title='bbox 3350 3938 3388 3989; x_wconf 91' lang='lat' dir='ltr'>si</span> <span class='ocrx_word' id='word_1_671' title='bbox 3417 3940 3510 3988; x_wconf 83' lang='lat' dir='ltr'>hoc</span> <span class='ocrx_word' id='word_1_672' title='bbox 3529 3941 3668 4002; x_wconf 85' lang='lat' dir='ltr'><strong>pacto</strong></span> <span class='ocrx_word' id='word_1_673' title='bbox 3685 3953 3757 3989; x_wconf 88' lang='lat' dir='ltr'>se-</span> 
     </span>
     <span class='ocr_line' id='line_1_87' title="bbox 2209 4045 3766 4111; baseline 0.001 -17"><span class='ocrx_word' id='word_1_674' title='bbox 2209 4045 2361 4108; x_wconf 88' lang='lat' dir='ltr'><strong>parati</strong></span> <span class='ocrx_word' id='word_1_675' title='bbox 2381 4045 2536 4108; x_wconf 63' lang='lat' dir='ltr'>⁴essent</span> <span class='ocrx_word' id='word_1_676' title='bbox 2559 4059 2786 4110; x_wconf 89' lang='lat' dir='ltr'><strong>armaque</strong></span> <span class='ocrx_word' id='word_1_677' title='bbox 2816 4046 3111 4110; x_wconf 84' lang='lat' dir='ltr'><strong>posuissent,</strong></span> <span class='ocrx_word' id='word_1_678' title='bbox 3137 4050 3336 4095; x_wconf 78' lang='lat' dir='ltr'><strong>Romam</strong></span> <span class='ocrx_word' id='word_1_679' title='bbox 3358 4046 3556 4097; x_wconf 88' lang='lat' dir='ltr'><strong>abducti</strong></span> <span class='ocrx_word' id='word_1_680' title='bbox 3587 4047 3766 4111; x_wconf 68' lang='lat' dir='ltr'><strong>judicia</strong></span> 
     </span>
     <span class='ocr_line' id='line_1_88' title="bbox 2210 4150 3768 4215; baseline 0.002 -15"><span class='ocrx_word' id='word_1_681' title='bbox 2210 4153 2259 4201; x_wconf 87' lang='lat' dir='ltr'>et</span> <span class='ocrx_word' id='word_1_682' title='bbox 2275 4164 2441 4214; x_wconf 83' lang='lat' dir='ltr'><strong>poenas</strong></span> <span class='ocrx_word' id='word_1_683' title='bbox 2461 4154 2617 4201; x_wconf 85' lang='lat' dir='ltr'><strong>essent</strong></span> <span class='ocrx_word' id='word_1_684' title='bbox 2639 4150 2861 4202; x_wconf 83' lang='lat' dir='ltr'><strong>subituri.</strong></span> <span class='ocrx_word' id='word_1_685' title='bbox 2889 4154 3128 4203; x_wconf 73' lang='lat' dir='ltr'><strong>coeuntes</strong></span> <span class='ocrx_word' id='word_1_686' title='bbox 3148 4151 3288 4214; x_wconf 80' lang='lat' dir='ltr'><strong>igitur</strong></span> <span class='ocrx_word' id='word_1_687' title='bbox 3310 4152 3528 4202; x_wconf 84' lang='lat' dir='ltr'><strong>nonnulii</strong></span> <span class='ocrx_word' id='word_1_688' title='bbox 3546 4151 3768 4215; x_wconf 57' lang='lat' dir='ltr'><strong>dispideo</strong></span> 
     </span>
     <span class='ocr_line' id='line_1_89' title="bbox 2212 4253 3760 4324; baseline 0 -20"><span class='ocrx_word' id='word_1_689' title='bbox 2212 4255 2328 4304; x_wconf 83' lang='lat' dir='ltr'><strong>bant</strong></span> <span class='ocrx_word' id='word_1_690' title='bbox 2356 4254 2476 4317; x_wconf 82' lang='lat' dir='ltr'><strong>quid</strong></span> <span class='ocrx_word' id='word_1_691' title='bbox 2507 4253 2774 4324; x_wconf 56' lang='lat' dir='ltr'><strong>iaciendum</strong></span> <span class='ocrx_word' id='word_1_692' title='bbox 2807 4255 2945 4304; x_wconf 80' lang='lat' dir='ltr'><strong>esset.</strong></span> <span class='ocrx_word' id='word_1_693' title='bbox 2978 4257 3101 4304; x_wconf 87' lang='lat' dir='ltr'>Tum</span> <span class='ocrx_word' id='word_1_694' title='bbox 3145 4257 3438 4316; x_wconf 74' lang='lat' dir='ltr'><strong>proponente</strong></span> <span class='ocrx_word' id='word_1_695' title='bbox 3459 4253 3672 4316; x_wconf 81' lang='lat' dir='ltr'><strong>quodam</strong></span> <span class='ocrx_word' id='word_1_696' title='bbox 3701 4255 3760 4304; x_wconf 81' lang='lat' dir='ltr'>de</span> 
     </span>
     <span class='ocr_line' id='line_1_90' title="bbox 2211 4351 3761 4419; baseline 0 -11"><span class='ocrx_word' id='word_1_697' title='bbox 2211 4359 2471 4408; x_wconf 82' lang='lat' dir='ltr'><strong>desectione</strong></span> <span class='ocrx_word' id='word_1_698' title='bbox 2487 4358 2798 4419; x_wconf 86' lang='lat' dir='ltr'><strong>sententiam,</strong></span> <span class='ocrx_word' id='word_1_699' title='bbox 2830 4357 3157 4407; x_wconf 85' lang='lat' dir='ltr'><strong>collaudantes</strong></span> <span class='ocrx_word' id='word_1_700' title='bbox 3178 4351 3226 4406; x_wconf 92' lang='lat' dir='ltr'>id</span> <span class='ocrx_word' id='word_1_701' title='bbox 3260 4359 3514 4408; x_wconf 83' lang='lat' dir='ltr'><strong>eonsilium</strong></span> <span class='ocrx_word' id='word_1_702' title='bbox 3538 4361 3589 4408; x_wconf 82' lang='lat' dir='ltr'>et</span> <span class='ocrx_word' id='word_1_703' title='bbox 3621 4358 3761 4408; x_wconf 82' lang='lat' dir='ltr'><strong>tidem</strong></span> 
     </span>
     <span class='ocr_line' id='line_1_91' title="bbox 2212 4461 3761 4524; baseline -0.001 -13"><span class='ocrx_word' id='word_1_704' title='bbox 2212 4465 2382 4512; x_wconf 87' lang='lat' dir='ltr'><strong>mutuo</strong></span> <span class='ocrx_word' id='word_1_705' title='bbox 2415 4461 2503 4510; x_wconf 88' lang='lat' dir='ltr'><strong>sibi</strong></span> <span class='ocrx_word' id='word_1_706' title='bbox 2535 4461 2584 4510; x_wconf 91' lang='lat' dir='ltr'>in</span> <span class='ocrx_word' id='word_1_707' title='bbox 2606 4461 2794 4511; x_wconf 89' lang='lat' dir='ltr'><strong>occulto</strong></span> <span class='ocrx_word' id='word_1_708' title='bbox 2826 4461 3195 4524; x_wconf 63' lang='lat' dir='ltr'><strong>obstringentes,</strong></span> <span class='ocrx_word' id='word_1_709' title='bbox 3229 4461 3406 4511; x_wconf 89' lang='lat' dir='ltr'><strong>relictis</strong></span> <span class='ocrx_word' id='word_1_710' title='bbox 3441 4462 3611 4512; x_wconf 84' lang='lat' dir='ltr'><strong>castris</strong></span> <span class='ocrx_word' id='word_1_711' title='bbox 3635 4461 3761 4511; x_wconf 88' lang='lat' dir='ltr'><strong>baud</strong></span> 
     </span>
    </p>
   </div>
   <div class='ocr_carea' id='block_1_8' title="bbox 2211 4569 3774 5052">
    <p class='ocr_par' dir='ltr' id='par_1_8' title="bbox 2211 4569 3774 5052">
     <span class='ocr_line' id='line_1_92' title="bbox 2212 4569 3774 4634; baseline 0 -14"><span class='ocrx_word' id='word_1_712' title='bbox 2212 4571 2419 4634; x_wconf 87' lang='lat' dir='ltr'><strong>procula</strong></span> <span class='ocrx_word' id='word_1_713' title='bbox 2437 4571 2689 4620; x_wconf 85' lang='lat' dir='ltr'><strong>Tarracina</strong></span> <span class='ocrx_word' id='word_1_714' title='bbox 2708 4569 2824 4620; x_wconf 83' lang='lat' dir='ltr'><strong>urbe</strong></span> <span class='ocrx_word' id='word_1_715' title='bbox 2842 4569 2891 4620; x_wconf 84' lang='lat' dir='ltr'>in</span> <span class='ocrx_word' id='word_1_716' title='bbox 2909 4571 3025 4620; x_wconf 87' lang='lat' dir='ltr'><strong>locis</strong></span> <span class='ocrx_word' id='word_1_717' title='bbox 3041 4569 3223 4620; x_wconf 87' lang='lat' dir='ltr'><strong>idoneis</strong></span> <span class='ocrx_word' id='word_1_718' title='bbox 3240 4570 3299 4620; x_wconf 90' lang='lat' dir='ltr'>ad</span> <span class='ocrx_word' id='word_1_719' title='bbox 3319 4571 3469 4634; x_wconf 88' lang='lat' dir='ltr'><strong>ipsam</strong></span> <span class='ocrx_word' id='word_1_720' title='bbox 3493 4571 3624 4620; x_wconf 72' lang='lat' dir='ltr'><strong>viam</strong></span> <span class='ocrx_word' id='word_1_721' title='bbox 3647 4583 3774 4620; x_wconf 51' lang='lat' dir='ltr'><strong>conv</strong></span> 
     </span>
     <span class='ocr_line' id='line_1_93' title="bbox 2211 4673 3770 4738; baseline 0 -13"><span class='ocrx_word' id='word_1_722' title='bbox 2211 4674 2389 4726; x_wconf 88' lang='lat' dir='ltr'><strong>sidunt.</strong></span> <span class='ocrx_word' id='word_1_723' title='bbox 2414 4674 2593 4725; x_wconf 88' lang='lat' dir='ltr'><strong>Deinde</strong></span> <span class='ocrx_word' id='word_1_724' title='bbox 2611 4674 2642 4723; x_wconf 90' lang='lat' dir='ltr'>ii</span> <span class='ocrx_word' id='word_1_725' title='bbox 2660 4673 2743 4737; x_wconf 86' lang='lat' dir='ltr'>qui</span> <span class='ocrx_word' id='word_1_726' title='bbox 2767 4687 2880 4723; x_wconf 88' lang='lat' dir='ltr'>cum</span> <span class='ocrx_word' id='word_1_727' title='bbox 2900 4673 3063 4738; x_wconf 84' lang='lat' dir='ltr'><strong>legatis</strong></span> <span class='ocrx_word' id='word_1_728' title='bbox 3085 4676 3132 4723; x_wconf 90' lang='lat' dir='ltr'>et</span> <span class='ocrx_word' id='word_1_729' title='bbox 3150 4673 3356 4723; x_wconf 86' lang='lat' dir='ltr'><strong>tribunis</strong></span> <span class='ocrx_word' id='word_1_730' title='bbox 3376 4673 3584 4736; x_wconf 81' lang='lat' dir='ltr'><strong>ablegati</strong></span> <span class='ocrx_word' id='word_1_731' title='bbox 3609 4675 3770 4734; x_wconf 60' lang='lat' dir='ltr'><strong>erant,</strong></span> 
     </span>
     <span class='ocr_line' id='line_1_94' title="bbox 2212 4776 3774 4840; baseline -0.001 -11"><span class='ocrx_word' id='word_1_732' title='bbox 2212 4781 2355 4830; x_wconf 68' lang='lat' dir='ltr'><strong>duces</strong></span> <span class='ocrx_word' id='word_1_733' title='bbox 2376 4792 2489 4829; x_wconf 84' lang='lat' dir='ltr'><strong>suos</strong></span> <span class='ocrx_word' id='word_1_734' title='bbox 2520 4778 2787 4829; x_wconf 74' lang='lat' dir='ltr'><strong>deserentes</strong></span> <span class='ocrx_word' id='word_1_735' title='bbox 2824 4781 2873 4827; x_wconf 88' lang='lat' dir='ltr'>et</span> <span class='ocrx_word' id='word_1_736' title='bbox 2905 4791 2966 4828; x_wconf 75' lang='lat' dir='ltr'>ex</span> <span class='ocrx_word' id='word_1_737' title='bbox 3001 4777 3114 4840; x_wconf 78' lang='lat' dir='ltr'><strong>ipsis</strong></span> <span class='ocrx_word' id='word_1_738' title='bbox 3142 4776 3344 4826; x_wconf 88' lang='lat' dir='ltr'><strong>ducibus</strong></span> <span class='ocrx_word' id='word_1_739' title='bbox 3370 4776 3630 4827; x_wconf 74' lang='lat' dir='ltr'><strong>nonnullos</strong></span> <span class='ocrx_word' id='word_1_740' title='bbox 3647 4789 3774 4828; x_wconf 73' lang='lat' dir='ltr'>m—</span> 
     </span>
     <span class='ocr_line' id='line_1_95' title="bbox 2211 4881 3762 4947; baseline -0.003 -11"><span class='ocrx_word' id='word_1_741' title='bbox 2211 4885 2368 4937; x_wconf 87' lang='lat' dir='ltr'><strong>dendo</strong></span> <span class='ocrx_word' id='word_1_742' title='bbox 2399 4886 2458 4934; x_wconf 89' lang='lat' dir='ltr'>ad</span> <span class='ocrx_word' id='word_1_743' title='bbox 2481 4885 2793 4936; x_wconf 79' lang='lat' dir='ltr'><strong>detectionem</strong></span> <span class='ocrx_word' id='word_1_744' title='bbox 2825 4883 3175 4947; x_wconf 66' lang='lat' dir='ltr'><strong>pertrahentes,</strong></span> <span class='ocrx_word' id='word_1_745' title='bbox 3207 4881 3414 4933; x_wconf 87' lang='lat' dir='ltr'><strong>eundem</strong></span> <span class='ocrx_word' id='word_1_746' title='bbox 3442 4883 3569 4932; x_wconf 73' lang='lat' dir='ltr'><strong>circ-a</strong></span> <span class='ocrx_word' id='word_1_747' title='bbox 3603 4884 3762 4932; x_wconf 87' lang='lat' dir='ltr'><strong>locum</strong></span> 
     </span>
     <span class='ocr_line' id='line_1_96' title="bbox 2214 4988 3768 5052; baseline -0.004 -12"><span class='ocrx_word' id='word_1_748' title='bbox 2214 4995 2369 5042; x_wconf 85' lang='lat' dir='ltr'><strong>castra</strong></span> <span class='ocrx_word' id='word_1_749' title='bbox 2399 4993 2654 5040; x_wconf 83' lang='lat' dir='ltr'><strong>metantur.</strong></span> <span class='ocrx_word' id='word_1_750' title='bbox 2693 4990 2787 5049; x_wconf 91' lang='lat' dir='ltr'>Qui</span> <span class='ocrx_word' id='word_1_751' title='bbox 2814 5002 2963 5052; x_wconf 88' lang='lat' dir='ltr'><strong>quum</strong></span> <span class='ocrx_word' id='word_1_752' title='bbox 2996 4988 3140 5037; x_wconf 86' lang='lat' dir='ltr'><strong>semei</strong></span> <span class='ocrx_word' id='word_1_753' title='bbox 3174 4988 3400 5037; x_wconf 86' lang='lat' dir='ltr'><strong>transitus</strong></span> <span class='ocrx_word' id='word_1_754' title='bbox 3420 4991 3768 5050; x_wconf 75' lang='lat' dir='ltr'><strong>occupassent,</strong></span> 
     </span>
    </p>
   </div>
   <div class='ocr_carea' id='block_1_9' title="bbox 577 5119 3774 5280">
    <p class='ocr_par' dir='ltr' id='par_1_9' title="bbox 577 5119 3774 5280">
     <span class='ocr_line' id='line_1_97' title="bbox 638 5119 3761 5210; baseline -0.002 -15"><span class='ocrx_word' id='word_1_755' title='bbox 638 5148 686 5195; x_wconf 81' lang='lat'>8.</span> <span class='ocrx_word' id='word_1_756' title='bbox 713 5146 990 5210; x_wconf 76' lang='grc' dir='ltr'>παρείληψεν</span> <span class='ocrx_word' id='word_1_757' title='bbox 1032 5147 1101 5196; x_wconf 84' lang='grc' dir='ltr'>ὅτι</span> <span class='ocrx_word' id='word_1_758' title='bbox 1123 5146 1229 5195; x_wconf 84' lang='lat' dir='ltr'><strong>cod.</strong></span> <span class='ocrx_word' id='word_1_759' title='bbox 1251 5173 1310 5182; x_wconf 96' lang='lat'><strong>—</strong></span> <span class='ocrx_word' id='word_1_760' title='bbox 1331 5153 1376 5196; x_wconf 83' lang='lat'>9.</span> <span class='ocrx_word' id='word_1_761' title='bbox 1400 5149 1565 5203; x_wconf 79' lang='grc' dir='ltr'>αὐτοὺς</span> <span class='ocrx_word' id='word_1_762' title='bbox 1591 5147 1700 5197; x_wconf 85' lang='lat' dir='ltr'><strong>cod.</strong></span> <span class='ocrx_word' id='word_1_763' title='bbox 1722 5178 1781 5190; x_wconf 89' lang='lat'>-</span> <span class='ocrx_word' id='word_1_764' title='bbox 1813 5155 1882 5197; x_wconf 90' lang='grc'>10.</span> <span class='ocrx_word' id='word_1_765' title='bbox 1905 5149 2001 5196; x_wconf 81' lang='grc' dir='ltr'>ἐπεὶ</span> <span class='ocrx_word' id='word_1_766' title='bbox 2026 5148 2073 5196; x_wconf 86' lang='grc' dir='ltr'>δὲ</span> <span class='ocrx_word' id='word_1_767' title='bbox 2093 5146 2198 5196; x_wconf 68' lang='lat' dir='ltr'><strong>coil.</strong></span> <span class='ocrx_word' id='word_1_768' title='bbox 2238 5148 2348 5196; x_wconf 79' lang='lat' dir='ltr'>Mox</span> <span class='ocrx_word' id='word_1_769' title='bbox 2374 5146 2535 5194; x_wconf 79' lang='lat' dir='ltr'><strong>malim</strong></span> <span class='ocrx_word' id='word_1_770' title='bbox 2589 5119 2794 5193; x_wconf 74' lang='grc' dir='ltr'>ἔπεισαν.</span> <span class='ocrx_word' id='word_1_771' title='bbox 2825 5170 2886 5179; x_wconf 92' lang='lat'>—-</span> <span class='ocrx_word' id='word_1_772' title='bbox 2914 5150 2985 5192; x_wconf 89' lang='lat' dir='ltr'>ll.</span> <span class='ocrx_word' id='word_1_773' title='bbox 3009 5144 3133 5198; x_wconf 77' lang='grc' dir='ltr'>τινας</span> <span class='ocrx_word' id='word_1_774' title='bbox 3159 5143 3540 5203; x_wconf 80' lang='grc' dir='ltr'>εἰσηγησαμένων</span> <span class='ocrx_word' id='word_1_775' title='bbox 3577 5141 3685 5190; x_wconf 83' lang='lat' dir='ltr'><strong>cod.</strong></span> <span class='ocrx_word' id='word_1_776' title='bbox 3708 5171 3761 5183; x_wconf 92' lang='lat'>—</span> 
     </span>
     <span class='ocr_line' id='line_1_98' title="bbox 577 5213 3774 5280; baseline -0.001 -17"><span class='ocrx_word' id='word_1_777' title='bbox 577 5219 649 5264; x_wconf 80' lang='lat'>¹2.</span> <span class='ocrx_word' id='word_1_778' title='bbox 664 5217 1033 5279; x_wconf 80' lang='grc' dir='ltr'>Ταρακινάπολιν</span> <span class='ocrx_word' id='word_1_779' title='bbox 1046 5218 1132 5266; x_wconf 86' lang='lat' dir='ltr'><strong>cod</strong></span> <span class='ocrx_word' id='word_1_780' title='bbox 1164 5215 1231 5266; x_wconf 73' lang='lat' dir='ltr'><strong>Ad</strong></span> <span class='ocrx_word' id='word_1_781' title='bbox 1245 5217 1292 5265; x_wconf 77' lang='lat' dir='ltr'>h.</span> <span class='ocrx_word' id='word_1_782' title='bbox 1308 5218 1341 5266; x_wconf 91' lang='grc'>1.</span> <span class='ocrx_word' id='word_1_783' title='bbox 1359 5220 1541 5278; x_wconf 78' lang='lat' dir='ltr'><strong>spectat</strong></span> <span class='ocrx_word' id='word_1_784' title='bbox 1554 5217 1718 5279; x_wconf 82' lang='lat' dir='ltr'><strong>Stepb.</strong></span> <span class='ocrx_word' id='word_1_785' title='bbox 1736 5219 1847 5280; x_wconf 66' lang='lat' dir='ltr'><strong>Byr..</strong></span> <span class='ocrx_word' id='word_1_786' title='bbox 1869 5254 1879 5267; x_wconf 89' lang='lat'><strong>.</strong></span> <span class='ocrx_word' id='word_1_787' title='bbox 1893 5219 2166 5280; x_wconf 73' lang='grc' dir='ltr'>Ταρρακηνα</span> <span class='ocrx_word' id='word_1_788' title='bbox 2185 5218 2237 5276; x_wconf 86' lang='grc' dir='ltr'>(Ι.</span> <span class='ocrx_word' id='word_1_789' title='bbox 2257 5219 2557 5280; x_wconf 76' lang='grc' dir='ltr'>Ταρρακινὰι),</span> <span class='ocrx_word' id='word_1_790' title='bbox 2571 5218 2698 5270; x_wconf 75' lang='grc' dir='ltr'>πόλις</span> <span class='ocrx_word' id='word_1_791' title='bbox 2717 5216 2929 5269; x_wconf 74' lang='grc' dir='ltr'>Ἰταλίας.</span> <span class='ocrx_word' id='word_1_792' title='bbox 2946 5215 3185 5268; x_wconf 78' lang='grc' dir='ltr'>Διονύσιος</span> <span class='ocrx_word' id='word_1_793' title='bbox 3204 5213 3601 5274; x_wconf 75' lang='grc' dir='ltr'>πεντεκαιδεκάτῳ</span> <span class='ocrx_word' id='word_1_794' title='bbox 3617 5213 3632 5230; x_wconf 83' lang='lat'><strong><em>‘</em></strong></span> <span class='ocrx_word' id='word_1_795' title='bbox 3645 5216 3774 5273; x_wconf 82' lang='grc' dir='ltr'>Ρωμ.</span> 
     </span>
    </p>
   </div>
  </div>
 </body>
</html>
