4016 5916
1210 333 1312 398 DE
1356 337 1671 414 ML'SICA,
1718 338 1983 399 LEGUM
2027 339 2513 399 FRAGMENTA.

3366 351 3481 431 aso

293 478 538 550 Interpr.
576 475 775 529 Platon
845 470 1115 527 Phaedon.
1143 489 1202 545 p.
1248 468 1382 540 108,
1411 472 1491 540 D;
1535 472 1725 526 Petav.
1769 469 1841 525 ad
1947 491 2101 548 φησιν
2145 467 2483 549 Ἀριστόξενος
2512 471 2563 528 ἐν
2601 471 2664 546 τῇ
2703 468 2893 549 δεκάτῃ
2925 472 3280 532 Παιδευτικῶν
3310 474 3479 553 νόμων

289 566 495 621 Julian.
510 582 570 636 p.
598 561 670 632 76
691 582 706 628 ;
731 561 904 634 Sillig.
923 559 1170 633 Catalog.
1189 557 1353 616 Artis.
1374 576 1434 632 p.
1458 576 1489 612 2
1504 576 1592 632 ¹9³
1617 558 1838 616 Miiller.

291 653 647 723 Arclzoeolog.
678 668 735 722 p.
776 653 848 712 40
875 666 960 720 sq.

662 756 827 846 Nou
841 782 918 843 οι
964 782 1484 844 mmmmm.

914 919 1134 974 unna
1175 919 1222 976 1.

1018 1045 1111 1118 78.

370 1162 697 1218 Ammonius
746 1178 762 1216 ι
801 1155 972 1223 Αἰδὼς
1004 1157 1093 1215 καὶ
1130 1155 1352 1235 αἰσχύνη
1382 1155 1678 1236 διαφέρει...
1712 1160 1839 1216 Δια·

292 1246 494 1306 στέλλει
516 1245 567 1305 δ’
589 1243 931 1326 Ἀριστόξενος
949 1247 977 1303 δ
998 1243 1241 1322 μουσικὸς
1265 1244 1359 1313 τὴν
1396 1242 1645 1324 διαφορὰν
1686 1245 1738 1301 ἐν
1766 1246 1842 1324 τῷ

289 1333 483 1415 πρώτῳ
506 1334 700 1410 Νόμων
723 1333 1086 1391 παιδευτικῶν.
1109 1332 1259 1403 Φησὶ
1278 1330 1401 1411 γὰρ,
1420 1330 1668 1412 διαφορὰν
1690 1330 1842 1402 τήνδε

291 1422 560 1498 νομιστέον
590 1421 767 1487 αἰδοῦς
790 1443 848 1478 τε
860 1417 950 1478 καί
965 1418 1240 1499 αἰσχύνης,
1258 1418 1337 1477 ὅτι
1357 1423 1390 1489 ἡ
1416 1416 1510 1495 μὲν
1535 1417 1691 1484 αἰδὼς
1714 1420 1840 1498 πρὸς

289 1506 521 1585 ἡλικίαν,
552 1507 679 1587 πρὸς
709 1504 919 1586 ἀρετὴν,
950 1506 1077 1587 πρὸς
1117 1505 1406 1587 ἐμπειρίαν,
1431 1505 1556 1589 πρὸς
1581 1506 1809 1575 εὐδοξίαν
1827 1532 1840 1545 ·

290 1599 319 1653 ὁ
348 1595 447 1675 γὰρ
481 1594 823 1672 ἐπιστάμενος
853 1595 1106 1653 αἰδεῖσθαι
1140 1593 1266 1674 πρὸς
1306 1592 1529 1665 ἑκάστην
1559 1596 1659 1651 τῶν
1700 1596 1839 1674 εἰρη-

291 1683 458 1760 μένων
498 1683 768 1762 ὑπεροχῶν
814 1680 1161 1762 προσέρχεται
1198 1680 1332 1740 οὕτω
1396 1679 1743 1758 διακείμενος,
1781 1683 1838 1741 οὐ

294 1767 378 1826 διὰ
404 1769 462 1827 τὸ
485 1769 849 1850 ἡμαρτηκέναι
871 1792 939 1841 τι,
961 1768 1096 1826 ἀλλὰ
1125 1767 1208 1826 διὰ
1233 1768 1288 1827 τὸ
1313 1766 1553 1826 σέὸεσθαι
1576 1769 1666 1827 καί
1683 1778 1839 1846 τιμᾶν

288 1855 380 1922 τὰς
422 1854 695 1936 εἰρημένας
737 1855 1028 1936 ὑπεροχάς·
1070 1859 1103 1926 ἡ
1146 1856 1190 1914 δ’
1235 1855 1458 1935 αἰσχύνη
1498 1859 1702 1935 πρῶτον
1747 1854 1841 1933 μὲν

290 1945 417 2023 πρὸς
460 1943 635 2003 πάντα
679 1943 973 2024 ἄνθρωπον,
1014 1942 1193 2002 ἔπειτα
1234 1942 1319 2002 ἐπὶ
1358 1952 1464 2010 τοῖς
1494 1943 1843 2022 νομιζομένοις

290 2035 344 2089 αἰ
422 2036 540 2111 ροῖς.
1498 2103 1509 2115 ·

346 2056 579 2178 {adem
614 2122 781 2197 plane
818 2125 954 2181 Her.
989 2124 1149 2178 Philo
1188 2142 1247 2196 p.
1297 2124 1404 2179 160
1439 2123 1531 2179 cd.
1570 2124 1838 2182 Valckcn.

288 2218 343 2264 et
361 2208 492 2267 cod.
507 2210 748 2267 Sorbon.
769 2211 1011 2284 Etymol.
1030 2213 1212 2268 Tzetz.
1233 2212 1291 2265 in
1314 2211 1494 2266 schol.
1513 2211 1584 2267 ad
1612 2211 1842 2268 Hesiod.

288 2298 402 2370 Op.
444 2316 551 2371 190
584 2318 597 2357 ε
634 2294 800 2363 Αἰδὼς
840 2296 929 2354 καὶ
962 2295 1185 2376 αἰσχύνη
1215 2297 1352 2355 κατὰ
1381 2297 1721 2376 Ἀριστόξενον
1755 2297 1843 2356 τὸν

291 2382 540 2458 μουσικὸν
557 2381 868 2464 διαφέρουσι·
893 2383 982 2442 καὶ
994 2382 1079 2443 ἵνα
1100 2383 1166 2441 τὰ
1182 2383 1351 2442 πολλὰ
1370 2386 1552 2444 τούτου
1568 2386 1841 2465 παρεάσω,

288 2467 447 2537 αἰδὼς
487 2468 582 2547 μὲν
625 2475 659 2541 ἡ
707 2469 869 2550 μικρὰ
917 2471 1006 2530 καί
1051 2472 1137 2530 ἐπὶ
1182 2472 1286 2539 τοῖς
1326 2477 1543 2552 τυχοῦσι
1593 2472 1844 2550 γενομένη

288 2557 549 2628 ὖποστολὴ
592 2557 801 2617 εὗλαὸεῖ
831 2559 1067 2639 λογισμῷ
1091 2604 1105 2632 ,
1139 2557 1361 2638 αἰσχύνη
1412 2560 1465 2618 δὲ
1505 2564 1538 2631 ἡ
1576 2563 1628 2619 ἐν
1669 2561 1847 2628 κακοῖς

288 2645 491 2721 ἀτιμία.
522 2646 610 2706 Id.
638 2648 712 2704 ad
734 2667 810 2705 vs.
842 2647 953 2704 316
985 2666 1001 2707 ε
1030 2645 1144 2705 Καὶ
1167 2650 1195 2704 ὁ
1224 2645 1318 2722 μὲν
1358 2648 1605 2725 μουσικὸς
1629 2646 1849 2728 Ἀριστό-

291 2729 425 2799 ξενος
484 2733 734 2812 αἰσχύνης
781 2724 885 2793 οἶδε
929 2733 1018 2792 καί
1065 2735 1234 2800 αἰδοῦς
1269 2734 1539 2814 διαφοράν·
1594 2734 1846 2812 αἰσχύνην

296 2817 389 2896 μὲν
418 2822 593 2879 καλῶν
608 2819 702 2892 τὴν
722 2819 1000 2899 γενομένην
1026 2819 1238 2896 ρἰτιμίαν
1265 2821 1348 2878 ἐπ’
1375 2822 1627 2901 αἰσχροῖς,
1656 2759 1761 2878 οἱον
1788 2821 1847 2878 τὸ

294 2905 427 2985 μετὰ
458 2906 553 2980 τὴν
586 2907 787 2981 κλοπὴν
821 2908 1018 2967 ἁλῶναι
1057 2907 1171 2966 τινὰ
1199 2908 1287 2967 καὶ
1318 2912 1537 2988 καρῆναι
1566 2906 1655 2967 καὶ
1684 2909 1844 2986 δημο-

293 2992 414 3062 σίως
458 3001 736 3078 τυφθῆναι·
785 2996 915 3056 uteo),
961 2998 1014 3054 δὲ
1061 2996 1154 3067 τὴν
1202 2996 1473 3055 εὔλάὸειαν
1525 2996 1614 3055 καὶ
1651 2996 1845 3075 σεμνὴν

291 3081 597 3155 ὗποστολήν.

895 3194 1116 3249 LIBER
1158 3194 1236 3250 X.

1022 3325 1053 3377 7
1103 3349 1118 3364 .

374 3423 542 3497 Diog.
573 3422 635 3480 L.
665 3424 828 3491 vlu,
871 3419 938 3477 15
981 3439 995 3479 τ
1025 3326 1249 3493 ’ἔλεγόν
1279 3440 1336 3477 τε
1365 3414 1454 3475 καί
1478 3417 1525 3475 οἱ
1550 3418 1699 3475 ἄλλοι
1723 3420 1845 3477 Ilu-

1931 554 2099 617 ’Ένθα
2139 557 2227 615 καὶ
2268 556 2550 637 Ξενόφιλον
2590 555 2907 637 ἐρωτηθέντα
2932 604 2948 632 ,
2995 563 3107 626 πῶς
3142 560 3204 619 ἂν
3250 561 3481 636 μάλιστα

1934 643 2023 701 τὸν
2050 643 2159 702 υἱὸν
2190 644 2534 715 παιδεύσειεν,
2575 646 2759 718 εἰπεῖν,
2792 647 2835 702 εἰ
2877 645 3076 713 πόλεως
3105 648 3483 725 εὐνομουμένης

1932 730 2189 808 γενηθείη.

2349 837 2596 896 NOMOI
2640 838 3061 899 ΠΟΛΙΤΙΚΟΙ.

2493 952 2718 1009 LIBER
2760 956 2912 1010 VIII.

2656 1058 2749 1117 80.

2010 1164 2305 1218 Athenaeus
2317 1165 2468 1234 xlv,
2481 1183 2538 1238 p.
2554 1163 2689 1232 648,
2709 1167 2780 1234 D,
2796 1176 3092 1238 postquam
3107 1166 3352 1222 laudavit
3368 1186 3476 1222 ver·

1929 1267 2049 1303 sum
2077 1268 2144 1304 ex
2179 1262 2440 1324 poemate
2476 1250 2634 1324 quod
2663 1248 2865 1328 Χείρων
2898 1251 3221 1308 inscribitur
3260 1264 3315 1309 et
3345 1251 3484 1328 Epi-

1931 1336 2160 1392 charmo
2191 1339 2360 1393 tribui
2385 1339 2553 1409 solet,
2580 1338 2765 1414 pergit
2797 1357 2811 1392 τ
2843 1337 2927 1396 Τὰ
2953 1335 3005 1394 δὲ
3033 1337 3483 1417 ψευδεπιχάρμεια

1929 1426 2095 1479 ταῦτα
2143 1422 2491 1494 πεποιήκασιν
2550 1423 2727 1504 ἄνδρες
2781 1422 3000 1491 ἔνδοξοι·
3053 1426 3376 1505 Χρυσόγονός
3427 1451 3482 1486 τε

1929 1514 1954 1568 ὁ
1982 1508 2224 1583 αὐλητὴς,
2253 1509 2321 1576 ὥς
2349 1533 2502 1587 φησιν
2537 1509 2875 1591 Ἀριστόξενος
2908 1513 2959 1568 ἐν
2995 1511 3159 1592 ὀγδόῳ
3189 1515 3482 1573 Πολιτικῶν

1928 1597 2120 1675 νόμων,
2149 1599 2242 1669 τὴν
2269 1596 2549 1658 Πολιτείαν
2573 1598 3008 1680 ἐπιγραφομένην.

2280 1721 2499 1798 (ΠΕΡΙ
2542 1722 3134 1798 ΑΡΙΘΜΗΤῙΚΗΣ.)

2659 1827 2724 1882 8ι
2743 1873 2756 1886 .

2008 1935 2214 1990 Stobaei
2243 1935 2434 2009 Eclog.
2467 1935 2631 2008 Phys.
2656 1936 2682 1989 I
2701 1975 2718 2004 ,
2742 1953 2800 2007 p.
2835 1933 2903 1988 16
2931 1935 3025 1993 ed.
3057 1938 3224 1993 Heer.
3249 1955 3262 1990 z
3286 1933 3401 2004 Τὴν
3429 1934 3484 1992 δὲ

1929 2019 2050 2098 περὶ
2104 2017 2220 2085 τοὺς
2272 2017 2517 2098 ἀριθμοὺς
2569 2017 2932 2098 πραγματείαν
2985 2020 3215 2097 μάλιστα
3272 2022 3483 2079 πάντων

1929 2111 2150 2183 τιμῆσαι
2185 2107 2324 2165 δοκεῖ
2366 2104 2701 2187 Πυθαγόρας,
2744 2106 2834 2165 καὶ
2869 2108 3111 2187 προάγειν
3154 2111 3224 2176 εἰς
3254 2108 3313 2167 τὸ
3350 2109 3484 2186 πρό-

1931 2200 2070 2271 σθεν,
2100 2192 2387 2272 ἀπαγαγὼν
2417 2192 2521 2252 ἀπὸ
2545 2198 2637 2264 τῆς
2677 2196 2778 2252 τῶν
2822 2194 3064 2275 ἐμπόρων
3086 2194 3287 2276 χρείας,
3314 2195 3484 2252 πάντα

1931 2280 1996 2339 τὰ
2040 2281 2330 2362 πράγματα
2368 2281 2660 2351 ἀπεικάζων
2689 2291 2792 2349 τοῖς
2833 2284 3081 2363 ἀριθμοῖς.
3166 2282 3252 2342 Τά
3299 2306 3354 2340 τε
3381 2282 3482 2361 γὰρ

1931 2371 2068 2428 ἄλλα
2110 2369 2324 2449 ἀριθμὸς
2363 2368 2506 2450 ἔχει,
2542 2370 2631 2429 καὶ
2660 2371 2808 2448 λόγος
2845 2370 2954 2429 ἐστὶ
2982 2372 3190 2429 πάντων
3229 2374 3330 2428 τῶν
3374 2374 3485 2450 ἀρι-

1932 2459 2077 2532 θμῶν
2119 2455 2246 2535 πρὸς
2274 2456 2548 2528 ἀλλήλους.
2595 2456 2868 2534 Αἰγύπτιοι
2910 2457 2953 2514 δ’
2985 2457 3179 2537 Ἑρμοῦ
3218 2456 3371 2537 φασὶν
3400 2457 3481 2515 28-

1934 2567 2075 2624 ρημα
2098 2589 2115 2618 ,
2165 2542 2222 2601 ὃν
2259 2548 2477 2603 καλοῦσι
2517 2546 2675 2606 Θώθ·
2717 2547 2765 2603 οἱ
2801 2542 2855 2602 δὲ
2902 2547 2961 2603 ἐκ
3000 2549 3102 2603 τῶν
3136 2545 3282 2603 θείων
3335 2570 3486 2625 περι-

1932 2634 2102 2711 φορῶν
2127 2634 2478 2704 ἐπινοηθῆναι.
2587 2630 2765 2699 Movit<
2790 2629 2883 2707 μὲν
2913 2625 2999 2689 οῧν
3029 2631 3167 2690 ἐστὶν
3199 2630 3338 2711 ἀρχὴ
3375 2635 3485 2707 ἀρι-

1933 2723 2089 2794 θμοῦ,
2119 2716 2330 2798 ἀριθμὸς
2358 2717 2413 2776 δὲ
2431 2716 2491 2777 τὸ
2514 2720 2574 2777 ἐκ
2604 2721 2706 2776 τῶν
2732 2718 2968 2795 μονάδων
2999 2720 3190 2789 πλῆθος
3214 2719 3486 2796 συγκείμε-

1932 2827 2037 2864 νον.
2065 2807 2187 2865 Τῶν
2223 2803 2278 2863 δὲ
2306 2808 2538 2885 ἀριθμῶν
2570 2805 2736 2884 ἄρτιοι
2766 2802 2860 2880 μὲν
2895 2803 3022 2863 εἰσὶν
3056 2809 3102 2863 οἱ
3135 2809 3205 2871 εἰς
3244 2805 3334 2863 ἰ’σα
3360 2807 3486 2863 διαι·

1936 2890 2202 2970 ρούμενοι,
2233 2890 2468 2973 περισσοὶ
2497 2891 2551 2950 δὲ
2574 2895 2620 2951 οἱ
2645 2895 2714 2958 εἰς
2743 2891 2929 2968 ἄνισα,
2960 2890 3050 2950 καί
3074 2891 3231 2970 μέσον
3264 2890 3484 2971 ἔχοντες.

1934 2979 2117 3044 Οὕτως
2145 2984 2197 3039 ἐν
2226 2981 2498 3060 περισσαῗς
2526 2980 2743 3061 ἡμέραις
2764 2983 2818 3040 αἱ
2846 2981 3038 3061 κρίσεις
3055 2984 3157 3039 τῶν
3176 2978 3483 3057 νοσημάτων

1933 3067 2167 3145 γίνεσθαι
2193 3069 2398 3128 δοκοῦσι
2426 3067 2516 3127 καὶ
2545 3071 2598 3126 αἱ
2628 3068 2950 3146 μεταὸολαί,
2978 3067 3057 3126 ὅτι
3080 3071 3108 3126 ὁ
3135 3068 3374 3144 περιττὸς
3396 3068 3485 3127 καὶ

1935 3154 2104 3234 ἀρχὴν
2137 3153 2226 3213 καί
2259 3155 2501 3226 τελευτὴν
2525 3154 2615 3215 καί
2642 3155 2800 3233 μέσον
2828 3156 2937 3236 ἔχει
2954 3201 2969 3229 ,
2995 3159 3158 3236 ἀρχῆς
3189 3155 3280 3214 καί
3314 3158 3487 3232 ἀκμῆς

1935 3242 2025 3300 καὶ
2051 3247 2337 3323 παρακμῆς
2368 3243 2617 3324 ἐχόμενα.

2015 3335 2139 3389 Alia
2176 3334 2430 3406 quaedam
2472 3353 2538 3390 ex
2561 3335 2966 3409 philosophicis
3001 3336 3319 3390 Aristoxeni
3350 3336 3488 3389 scri-

1935 3422 2045 3493 ptis
2081 3420 2324 3475 afferunt
2352 3422 2548 3477 Cicero
2577 3432 2631 3477 et
2659 3440 2728 3477 ex
2752 3441 2854 3491 ee,
2880 3431 2942 3476 ut
2983 3422 3228 3496 videtur,
3259 3425 3489 3477 Lactan-

293 3507 589 3586 θαγόρειοι,
632 3506 705 3583 μὴ
754 3497 884 3565 εἶναι
921 3505 1049 3586 πρὸς
1095 3505 1293 3572 πάντας
1338 3502 1507 3563 πάντα
1555 3503 1720 3586 ῥητὰ,
1763 3501 1834 3571 ὥς
1939 3509 2069 3562 tius.
2101 3508 2236 3578 Quae
2265 3509 2537 3580 subjicere
2565 3510 2747 3566 liceat.

301 3693 543 3754 LEGES
588 3693 689 3753 AD
719 3692 1320 3753 lNSTlTUTIONEM
1352 3689 1845 3751 SPECTANTES.
1887 3690 1893 3809 ἰ

1022 3857 1111 3906 78.

293 4071 404 4108 nem
428 4058 745 4121 spectantium
763 4057 1080 4108 differentiam
1118 4069 1292 4106 vocum
1317 4057 1462 4113 αἰδώς
1483 4058 1532 4106 et
1558 4056 1759 4119 αἰσχύνη
1784 4056 1850 4105 ita

299 4137 492 4199 delinit,
514 4141 569 4187 ut
587 4139 729 4193 αἰδώς
752 4137 984 4201 pertineat
1002 4135 1064 4187 ad
1081 4137 1273 4186 aetatem
1289 4172 1300 4195 ,
1318 4136 1547 4187 virtutem
1561 4170 1575 4195 ‚
1597 4134 1815 4198 peritiam
1833 4170 1847 4195 ,

296 4217 512 4280 gloriam.
577 4220 699 4267 Nam
721 4217 805 4280 qui
832 4217 1059 4267 αἰδεῖσθαι
1082 4216 1173 4267 scit
1186 4252 1202 4279 ,
1234 4214 1295 4265 ad
1321 4227 1489 4265 omnes
1510 4214 1599 4265 has
1623 4213 1852 4264 excellen-

298 4294 392 4343 tias
417 4291 602 4344 accedit
626 4307 739 4343 cum
766 4292 949 4357 pudore
964 4332 979 4356 ,
999 4307 1097 4343 non
1121 4290 1250 4355 quod
1276 4290 1542 4356 quidquam
1569 4290 1848 4353 deliquerit,

298 4384 469 4419 verum
493 4370 626 4434 quod
648 4372 873 4421 vereatur
894 4370 1009 4421 istas
1037 4372 1085 4420 et
1115 4369 1346 4429 honoret;
1375 4368 1576 4432 αἰσχύνη
1605 4380 1719 4416 vero
1741 4380 1850 4429 per-

296 4448 421 4499 tinet
443 4450 652 4513 primum
680 4449 740 4499 ad
765 4450 989 4512 quemvis
1010 4449 1254 4499 hominem
1268 4484 1283 4509 ,
1312 4446 1484 4497 deinde
1506 4445 1567 4496 de
1590 4445 1731 4496 rebus
1748 4448 1846 4495 tur-

296 4526 435 4587 pibus
459 4525 651 4575 dicitur.

1026 4628 1115 4678 79.

362 4731 455 4783 Sed
479 4734 527 4782 et
546 4731 715 4795 reliqui
742 4731 1023 4795 Pythagorei
1042 4729 1264 4780 dicebant
1283 4742 1379 4778 non
1400 4741 1503 4778 esse
1518 4726 1681 4777 omnia
1697 4727 1846 4777 omni-

297 4809 389 4858 bus
407 4808 687 4871 pandenda,
706 4812 762 4858 ut
793 4809 862 4858 ait
895 4809 1203 4859 Aristoxenus
1231 4805 1355 4855 libro
1376 4804 1563 4855 decimo
1584 4807 1653 4855 De
1668 4804 1853 4867 legibus

297 4884 362 4935 ad
392 4885 739 4937 institutionem
777 4883 1167 4935 accommodatis.
1205 4882 1296 4933 Ubi
1328 4883 1378 4931 et
1408 4880 1727 4944 Xenophilum
1757 4884 1849 4944 Py-

297 4963 580 5028 thagoreum
614 4964 989 5028 interrogatum,
1031 4976 1126 5025 quo
1161 4964 1302 5024 pacto
1334 4961 1515 5024 optime
1550 4958 1703 5009 filium
1739 4973 1849 5010 eru·

296 5043 420 5093 diret
437 5082 450 5104 ,
483 5043 658 5095 dixisse
684 5043 858 5106 refert,
886 5043 925 5093 si
953 5042 1091 5091 bonis
1124 5040 1307 5105 legibus
1327 5042 1470 5091 rectae
1503 5038 1709 5090 civitatis
1731 5040 1849 5090 civis

298 5120 449 5171 fleret.

528 5221 812 5259 monent&
844 5224 964 5260 utsr.
999 5223 1075 5259 GR·
1098 5223 1276 5261 -ΥΟῑ,
1315 5226 1365 5263 Π.

2037 3673 2270 3733 LEGES
2312 3675 2416 3734 AD
2459 3675 2844 3735 REMPUBL.
2891 3674 3385 3734 SPECTANTES.

2668 3773 2757 3823 80.

1888 3820 1894 3911 1
1999 3847 2224 3902 carmina
2246 3852 2378 3913 haec,
2414 3838 2523 3915 q‘uae
2553 3853 2841 3915 Epicharmo
2873 3852 2994 3903 salso
3023 3852 3268 3912 tribuunt,
3297 3865 3326 3901 a
3349 3852 3491 3901 claris

358 3979 671 4030 mmmmm
708 3980 918 4030 musflcus
940 3980 1063 4029 libro
1098 3979 1251 4043 primo
1281 3982 1460 4041 Legum
1490 3977 1553 4027 ad
1587 3978 1848 4029 insutum·
1888 3946 1894 4067 γ
1936 3929 2050 3980 viris
2073 3931 2200 3980 sacta
2216 3931 2710 3994 sunt30hrysogonus
2730 3930 2996 3993 tibioen‚ut
3010 3929 3157 3979 tradit
3177 3929 3490 3979 Aristoxenus

1936 4007 2059 4057 libro
2089 4010 2261 4057 octavo
2293 4011 2472 4071 Legum
2511 4008 2752 4070 civilium,
2782 4008 2951 4057 auctor
2972 4007 3044 4056 est
3083 4005 3308 4056 carminis
3335 4006 3487 4067 illius,

1889 4106 1894 4155 Ι
1937 4084 2067 4148 quod
2090 4085 2364 4135 inscribitur
2389 4085 2712 4149 Respublica.
2736 4130 2760 4148 ‚

2665 4168 2755 4218 81.

1889 4254 1895 4339 1
2001 4250 2063 4299 At
2089 4261 2401 4298 numerorum
2431 4249 2730 4312 disciplinam
2762 4246 2961 4297 maximi
2986 4246 3178 4297 videtur
3209 4247 3371 4323 secisse
3405 4248 3488 4307 Py·

1890 4350 1895 4385 ι
1937 4329 2176 4392 thagoras,
2193 4332 2241 4378 et
2259 4342 2289 4378 a
2306 4330 2626 4378 mercatorum
2648 4342 2735 4379 usu
2759 4325 3016 4376 abductam
3035 4325 3329 4388 provexisse,
3351 4325 3492 4374 rebus

1936 4405 2158 4455 omnibns
2175 4418 2285 4455 cum
2314 4405 2525 4456 numeris
2554 4403 2855 4469 comparatis.
2882 4407 3002 4453 Nam
3029 4415 3180 4466 quum
3204 4402 3298 4452 alia
3319 4415 3490 4451 nnme-

1938 4496 2021 4533 rus
2051 4483 2225 4549 babet,
2261 4486 2366 4534 tum
2394 4486 2467 4535 est
2500 4482 2724 4547 quaedam
2771 4494 3082 4532 numerorum
3108 4481 3231 4531 inter
3258 4494 3310 4531 se
3350 4481 3488 4530 ratio.

1937 4564 2143 4627 AEgyptii
2175 4577 2291 4615 vero
2324 4563 2578 4624 Mercurii,
2610 4575 2755 4625 quem
2788 4560 2949 4611 Thoth
2980 4562 3184 4623 vocant,
3209 4559 3300 4608 hoc
3327 4558 3493 4609 inven-

1937 4645 2043 4692 tum
2074 4654 2176 4692 esee
2210 4642 2456 4702 statuunt3
2488 4639 2568 4690 alii
2590 4638 2651 4689 de
2684 4638 2896 4688 motibus
2931 4636 3204 4688 coelestibus
3233 4636 3490 4686 collectum

1937 4718 2123 4768 volunt.
2149 4719 2321 4769 Unitas
2345 4720 2419 4767 est
2437 4716 2622 4767 numeri
2651 4715 2966 4779 principium,
2992 4725 3221 4763 numerus
3248 4714 3488 4762 unitatum

1937 4796 2213 4850 multitudo.
2238 4799 2360 4848 Sunt
2390 4798 2553 4847 autem
2580 4795 2766 4845 numeri
2786 4793 2867 4844 alii
2889 4806 3054 4857 pares,
3078 4792 3235 4856 quiin
3259 4793 3490 4855 aequalia,

1937 4878 2017 4928 alii
2031 4878 2255 4941 impares,
2275 4875 2358 4940 qui
2377 4875 2428 4925 in
2442 4875 2696 4940 inaequalia
2710 4873 2989 4923 dividuntur
3003 4874 3052 4922 et
3069 4871 3280 4922 medium
3292 4870 3487 4921 habent.

1940 4961 2042 5008 Hoc
2057 4958 2201 5021 pacto
2218 4955 2364 5006 crises
2376 4954 2655 5005 morborum
2671 4955 2720 5003 et
2738 4952 2968 5003 transitus
2980 4951 3028 4999 in
3042 4950 3211 5001 diebus
3226 4950 3491 5014 imparibus

1937 5036 2251 5096 collocantur,
2287 5032 2420 5096 qnod
2453 5033 2494 5082 is
2514 5044 2743 5081 numerus
2782 5028 3067 5093 principium
3097 5028 3316 5077 habetet
3346 5026 3488 5076 tinem

1937 5116 1985 5167 et
2003 5113 2246 5172 medium
2270 5111 2456 5162 initium
2469 5150 2484 5176 ,
2505 5111 2713 5175 vigorem
2733 5111 2782 5161 et
2800 5109 3076 5171 languorem
3101 5105 3396 5169 complexus.

3181 5198 3229 5239 1⁹
3322 5192 3332 5200 ⁶
