4016 5916
486 454 526 506 θ
1675 441 2085 506 DIONYSIUS
2129 440 2500 501 MILESIUS.

557 590 864 643 Auctorem
883 587 1010 641 satis
1032 597 1308 642 vetustum
1326 587 1612 640 Hecataeus
1631 595 1687 640 et
1708 586 2032 640 Hellanicus
2073 608 2086 686 Ι
2128 582 2266 637 lonii
2288 602 2357 638 ex
2398 584 2669 656 Dionysio
2703 584 2966 658 leguntur
3000 588 3188 642 omnia
3220 587 3516 645 referenda
3553 605 3720 647 sunt

478 676 711 731 comites
732 684 1005 749 arguunt3
1051 691 1153 728 nec
1185 672 1495 746 quidquam
1531 671 1714 727 obstat
1753 673 1890 746 quin
1915 671 2032 726 haee
2121 669 2194 724 ad
2223 671 2597 743 Mytilenaeum
2615 712 2630 739 ‚
2657 673 2755 745 qui
2778 674 2838 726 in
2853 672 3123 728 Milesium
3145 674 3283 729 abiit
3302 676 3386 730 vel
3409 677 3710 734 librario-

479 781 548 818 ex
570 762 801 816 historia
829 760 964 815 belli
992 760 1197 815 Medici
1224 757 1510 814 fluxerint.

558 851 705 915 Num
730 847 821 905 112
840 843 1028 925 ριήγη
1045 866 1149 902 σιν
1186 842 1534 920 οἰκουμένη
1552 866 1576 909 ς
1601 848 1900 919 Dionysius
1926 846 2025 900 Mi·

479 937 644 991 lesius
672 934 983 1008 scripserit,
1020 951 1196 989 necne
1215 973 1232 1003 ,
1263 932 1634 988 demonstrari
1663 933 1893 1006 quidem
1932 950 2033 985 ne·

482 1025 632 1097 quit;
664 1022 763 1077 sed
787 1038 964 1095 quum
986 1020 1190 1075 eodem
1215 1019 1332 1075 sere
1352 1031 1606 1093 tempore
1630 1021 1772 1075 alter
1788 1020 2034 1075 Milesius

480 1113 541 1166 in
564 1110 765 1166 eodem
797 1119 1128 1185 argumento
1167 1109 1447 1182 egregiam
1476 1109 1731 1181 posuerit
1764 1124 1995 1181 operam
2015 1146 2031 1171 ,

484 1217 601 1253 non
623 1197 923 1272 probabile
941 1206 1023 1251 est
1048 1194 1243 1251 eadem
1258 1196 1453 1269 paullo
1476 1206 1604 1269 post
1621 1206 1874 1251 tractasse
1900 1197 2037 1252 Dio·

480 1287 721 1358 nysium.
748 1283 932 1341 Suidae
962 1300 1101 1338 vero
1144 1283 1444 1337 auctoritas
1473 1299 1633 1354 paene
1664 1282 1818 1337 nulla
1845 1292 1944 1338 est.
1983 1286 2036 1340 Is

483 1375 634 1427 enim
657 1389 777 1427 non
795 1371 1011 1426 Milesio
1051 1381 1264 1425 tantum
1288 1369 1604 1443 Periegesin
1623 1368 1899 1439 attribuit,
1934 1372 2033 1428 sed

483 1462 649 1515 etiam
685 1459 956 1532 Dionysio
985 1457 1307 1526 Corinthio,
1338 1454 1587 1541 addens:
1612 1457 1777 1510 ταῦτα
1806 1452 1860 1511 δὲ
1887 1445 2035 1534 εὗρον

483 1544 574 1603 καὶ
597 1545 651 1602 ἐν
672 1541 926 1623 Διονυσίῳ
953 1545 1027 1622 τῷ
1049 1540 1118 1601 τὰ
1149 1538 1378 1602 Λιθιακὰ
1400 1538 1679 1619 γράψαντι·
1708 1537 1920 1621 πότερος
1945 1533 2034 1601 οὖν

485 1635 655 1691 αὐτῶν
691 1631 785 1689 οὐκ
830 1620 966 1687 οἶδα.
1006 1630 1166 1686 Idem
1192 1629 1385 1703 paullo
1428 1639 1558 1702 post
1595 1629 1910 1703 Periegesin
1933 1630 2033 1687 dat

483 1722 756 1795 Dionysio
785 1720 971 1776 Samio
998 1719 1087 1774 vel
1100 1718 1362 1788 Rhodio,
1385 1717 1881 1788 haerensincertus3
1904 1738 2034 1774 nam

483 1808 708 1881 subjicit
730 1827 744 1863 ε
763 1802 1120 1880 ὑπολαμόάνω
1157 1801 1212 1861 δὲ
1238 1801 1317 1860 ὅτι
1343 1801 1608 1868 Διονύσιος
1642 1804 1670 1859 ὁ
1702 1803 2035 1882 Περιηγητὴς

487 1893 767 1963 Βυζάντιος
798 1883 862 1963 ἦν
892 1889 978 1949 διὰ
1015 1889 1103 1950 τὸν
1141 1888 1376 1966 ποταμὸν
1407 1887 1612 1962 Ῥήὸαν
1663 1888 1750 1969 (ν.
1780 1899 1889 1967 794
1937 1894 2031 1950 ed.

484 1984 710 2056 Beruh.)
722 2025 735 2039 .
753 1982 1227 2041 Verisimillimum
1245 1981 1418 2055 igitur
1432 1991 1511 2036 est
1526 1979 1881 2037 omnibushis
1898 1981 2038 2037 locis

484 2091 605 2127 eam
634 2088 803 2144 quam
825 2070 1127 2124 etiamnum
1148 2067 1419 2122 habemus
1447 2067 1702 2139 Dionysii
1722 2068 2037 2142 Perlegesin

487 2159 784 2234 designari.
806 2156 935 2213 Vid.
970 2154 1320 2229 Bernhardy.
1352 2154 1424 2211 ad
1448 2154 1622 2212 Dion.
1665 2157 1793 2211 Per.
1827 2146 2034 2230 p.'489

483 2244 918 2319 sqq.;Sehirlitz.
950 2240 1133 2299 Ueber
1149 2243 1247 2297 des
1271 2244 1482 2312 Dionys
1497 2282 1511 2296 .
1538 2242 1665 2295 Per.
1688 2242 1960 2297 Zeitalter
1974 2262 2029 2297 u.

490 2333 810 2400 Vaterland,
839 2332 899 2386 in
917 2331 1181 2388 Seebodii
1202 2332 1280 2387 N.
1304 2327 1586 2400 Archias.
1618 2329 1771 2390 Phil.
1792 2348 1847 2384 u.
1869 2330 2032 2385 Paed.

491 2419 659 2491 1828,
690 2422 841 2495 11‚p.
869 2417 940 2474 33
960 2437 1084 2493 sqq.

561 2517 886 2589 Sequuntur
929 2513 1082 2587 apud
1117 2512 1345 2569 Suidam
1394 2509 1646 2589 Τρωικῶν
1698 2507 1877 2588 βιόλία
1903 2506 1954 2587 γ’
1983 2522 2038 2567 et

487 2598 718 2670 Μυθικά,
749 2601 821 2657 de
849 2600 1056 2675 quibus
1081 2609 1281 2671 utpote
1302 2598 1518 2653 Milesii
1534 2600 1787 2671 Dionysii
1831 2599 2035 2672 operi-

485 2690 590 2745 bus
641 2688 868 2744 aliunde
896 2706 1014 2742 non
1046 2695 1279 2741 constat.
1310 2687 1519 2741 Contra
1553 2687 1931 2758 Argonautica
1958 2688 2035 2743 D.

485 2778 703 2830 Milesii
719 2774 872 2848 apud
898 2773 1075 2829 schol.
1103 2772 1176 2827 ad
1192 2773 1462 2846 Apollon.
1488 2772 1681 2827 Rhod.
1716 2791 2032 2828 memoran-

488 2875 580 2919 tur
606 2863 746 2917 locis
769 2880 885 2917 sex.
911 2860 1071 2916 Idem
1109 2859 1243 2914 alibi
1270 2859 1596 2932 simpliciter
1632 2856 1822 2914 laudat
1844 2861 2035 2934 Argo-

485 2950 706 3006 nautica
726 2949 981 3023 Dionysii
1000 2966 1120 3002 non
1137 2944 1332 3002 addita
1352 2946 1552 3001 notitia
1568 2946 1780 3019 patriae.
1801 2947 2038 3003 Duobus

487 3038 733 3111 denique
758 3037 897 3092 locis
936 3035 1008 3091 ad
1034 3036 1487 3108 Argonautarum
1526 3035 1815 3089 historiam
1853 3036 2035 3109 perti-

487 3124 749 3181 nentibus
776 3124 979 3178 citatur
1006 3122 1307 3194 Dionysius
1329 3122 1715 3194 Mytilenaeum
1752 3123 1902 3178 Num
1937 3124 2037 3198 igi·

485 3221 580 3267 tur
615 3211 862 3267 duorum
890 3209 1292 3283 Dionysiorum
1323 3207 1701 3283 Argonautica
1743 3207 2035 3265 scholiasta

485 3298 970 3354 adhibuiti’lmmo
985 3339 1001 3368 ,
1031 3308 1335 3369 utrumque
1357 3313 1535 3350 unum
1553 3311 1667 3349 esse
1681 3294 2035 3369 eundemque

484 3386 797 3454 hominem,
820 3404 950 3441 eum
977 3386 1184 3440 scilicet
1203 3400 1372 3457 quem
1384 3381 1671 3439 Diodorus
1697 3383 1846 3437 libro
1867 3387 2034 3440 tertio

486 3485 541 3528 et
555 3484 756 3547 quarto
779 3473 981 3530 ducem
1010 3473 1280 3545 sequitur,
1321 3488 1392 3527 ex
1429 3469 1764 3544 comparatis
1796 3472 1943 3528 inter
1978 3489 2036 3530 se

484 3561 807 3636 fragmentis
823 3602 839 3632 ‚
893 3580 1017 3635 quae
1060 3559 1144 3615 ad
1192 3560 1401 3615 calcem
1441 3557 1607 3631 hujus
1646 3557 2037 3633 disputationis

483 3646 894 3719 subjunximus,
919 3658 1075 3721 patet
1095 3646 1546 3702 luculentissime.
1569 3647 1693 3702 Jam
1718 3646 1763 3701 si
1782 3646 2034 3703 indolem

486 3752 675 3789 rerum
702 3743 1053 3789 narratarum
1076 3744 1288 3807 spectas
1301 3775 1316 3802 ,
1337 3731 1557 3788 videbis
1576 3750 1697 3788 eam
1715 3749 1748 3789 a
1768 3733 2028 3808 simplici·

486 3832 597 3878 tate
624 3821 896 3876 nascentis
918 3820 1301 3896 logographiae
1327 3820 1713 3876 alienissimam
1736 3837 1850 3877 esse
1866 3832 2036 3894 atque

483 3907 918 3966 Alexandrinam
937 3910 1095 3965 istam
1111 3909 1369 3964 redolere
1388 3918 1622 3979 aetatem,
1641 3927 1764 3982 quae
1782 3910 1843 3963 in
1854 3910 2037 3966 Euhe-

484 3999 761 4053 meristica
780 3996 994 4054 fabulas
1013 3994 1287 4052 tractandi
1303 3997 1522 4051 ratione
1540 3997 1744 4051 mirum
1762 4007 2036 4076 quantum

484 4085 587 4140 sibi
609 4085 823 4159 placuit
843 4081 937 4163 (Ἴ.
968 4085 1152 4159 Igitur
1176 4101 1301 4157 quse
1315 4082 1468 4156 apud
1485 4083 1832 4139 scholiastam
1856 4087 2036 4159 Apol-

546 4292 606 4355 (*)
640 4293 829 4344 Primus
861 4292 923 4343 ad
950 4293 1043 4344 boc
1074 4291 1282 4344 attendit
1310 4290 1521 4354 Heyuius
1539 4291 1638 4356 (De
1662 4292 1804 4344 sontt.
1840 4287 2033 4347 Diodori

484 4377 532 4426 p.
558 4367 612 4413 57
633 4362 709 4413 ed.
736 4362 840 4425 Bip.
856 4363 905 4426 ),
927 4377 1204 4427 quanquam
1232 4364 1275 4413 is
1305 4362 1543 4412 Milesium
1563 4362 1840 4426 Dionysium
1859 4379 1889 4417 a
1916 4369 2035 4416 Dio·

483 4431 604 4481 doro
640 4430 908 4482 adhibitum
938 4447 1040 4484 esse
1070 4434 1274 4497 putavit.
1316 4451 1341 4476 κ
1381 4432 1634 4494 Dionysius
1659 4433 1897 4499 Milesius,
1934 4437 2034 4499 ait,

486 4502 703 4565 improbo
726 4500 886 4552 studio
916 4501 1102 4554 fabulas
1128 4504 1188 4553 ad
1218 4503 1524 4552 historiarum
1549 4503 1751 4553 sormam
1777 4519 2032 4569 revocare,

487 4585 647 4622 rerum
687 4584 801 4622 vere
837 4574 1080 4634 gestarum
1125 4572 1331 4636 speciem
1367 4572 1426 4622 iis
1477 4572 1708 4636 induere,
1746 4576 2036 4640 mythosque

485 4640 729 4704 scriptoris
746 4641 1022 4704 pragmatici
1047 4655 1180 4692 more
1204 4643 1414 4691 tractare
1440 4640 1675 4704 instituit,
1708 4645 1776 4693 ita
1795 4648 1849 4694 ut
1869 4646 1930 4697 ad
1950 4661 2034 4698 ve-

487 4710 887 4760 risimilitudinem
904 4712 955 4760 et
972 4710 1033 4760 ad
1052 4711 1394 4774 probabilitatis
1414 4711 1649 4762 historicae
1661 4713 1869 4776 speciem
1882 4718 2036 4783 exige·

489 4782 560 4828 ret
589 4791 672 4839 ea,
696 4791 807 4841 quoe
837 4790 866 4827 a
886 4778 1035 4840 poetis
1068 4793 1153 4830 seu
1180 4780 1389 4844 antiquis
1410 4781 1721 4845 scriptoribus
1743 4789 1900 4836 essent
1922 4800 2034 4836 nar·

486 4851 608 4898 rata.
628 4850 736 4906 Quo
754 4846 950 4910 quidem
978 4849 1178 4899 consilio
1195 4850 1314 4900 nibil
1346 4853 1503 4913 potuit
1531 4865 1635 4903 esse
1654 4853 1888 4917 ineptius,
1918 4857 2034 4907 nihii

485 4917 548 4968 ad
567 4919 691 4981 ipsas
713 4917 932 4967 historias
947 4919 1273 4981 perniciosius.
1295 4941 1319 4964 υ
1334 4921 1587 4985 subjungit
1608 4923 1657 4972 in
1678 4925 1824 4974 nota:
1849 4943 1873 4968 τι
1896 4926 2036 4976 Haud

485 4987 693 5037 diffiteor
724 4987 843 5036 milii
878 4987 962 5036 vix
997 4989 1113 5038 satis
1128 4990 1376 5051 probabile
1408 4992 1598 5053 visum,
1631 4991 1732 5054 Jam
1765 4995 2034 5047 Herodotea

485 5059 630 5108 aetate
655 5056 716 5107 de
738 5056 909 5107 tabulis
944 5060 1160 5108 veterum
1196 5059 1488 5121 scriptorum
1509 5061 1720 5124 aliquem
1741 5065 1908 5125 armata
1944 5065 2035 5116 hae

486 5126 755 5177 subtilitate
787 5139 927 5190 agere
961 5128 1239 5179 instituisse.
1270 5132 1449 5179 Rerum
1481 5131 1640 5181 tamen
1665 5135 1956 5195 argumentis
1985 5139 2034 5187 et

2128 776 2254 812 rum
2280 760 2472 814 acrisia
2494 800 2508 825 ,
2553 759 2645 813 vel
2691 760 2861 832 ipsius
2894 759 3091 815 fraude
3118 758 3446 834 Mytilenaei,
3486 777 3552 820 ut
3580 769 3702 839 qui

2122 863 2240 898 non
2266 846 2448 899 solum
2463 844 2677 900 Xanthi
2699 844 2865 917 Lydi,
2891 846 2990 901 scd
3009 847 3173 901 etiam
3196 850 3449 922 Dionysii
3475 846 3701 907 Milesii

2122 951 2330 987 nomen
2364 934 2629 988 mentitus
2651 951 2764 988 esse
2782 932 2964 988 videri
2990 936 3182 1009 possit.
3208 969 3278 980 -
3319 938 3460 992 Rem
3501 937 3665 994 confi
3681 970 3705 981 -

2124 1021 2278 1075 ciunt
2302 1039 2425 1093 quae
2455 1020 2652 1076 Suidas
2673 1020 2744 1075 de
2770 1018 3088 1093 Mytilenaeo
3110 1023 3282 1079 tradit
3308 1043 3322 1079 ε

2200 1103 2464 1170 Διονύσιος
2481 1104 2863 1174 Μιτυληναῖος,
2890 1104 3129 1174 ἐποποιός
3156 1106 3239 1185 (Ἴ.
3277 1098 3452 1175 θῖτος
3480 1107 3696 1181 ἐκλήθη

2125 1188 2531 1270 Σκυτοθραχίων
2558 1188 2649 1248 καὶ
2676 1188 2925 1257 Σκυτεύς.
2948 1191 3061 1262 Τὴν
3090 1191 3338 1253 Διονύσου
3358 1195 3447 1253 καὶ
3463 1195 3716 1267 Ἀθηνᾶς

2122 1276 2394 1356 στρατείαν
2423 1276 2534 1355 (“).
2561 1276 2896 1356 Ἀργοναῦται
2925 1278 2995 1355 (Ἀ
3005 1278 3312 1359 ργοναυτικά
3353 1284 3592 1359 Eudoc.)
3626 1285 3702 1341 ἐν

2125 1363 2343 1443 βιὸλίοις
2364 1361 2416 1432 ἕξ
2435 1383 2450 1397 ·
2486 1368 2652 1422 ταῦτα
2681 1363 2736 1422 δέ
2760 1367 2872 1423 ἐστι
2912 1365 3067 1435 πεζά.
3107 1367 3320 1428 Muenna:
3355 1368 3483 1449 πρὸς
3513 1373 3690 1450 Παρ-

2122 1448 2340 1527 μένοντα
2369 1451 2519 1529 (”“Ἶ.

2200 1542 2383 1616 Igitur
2405 1552 2460 1596 et
2482 1538 2532 1598 'A
2542 1537 2850 1619 ργοναυτικόι
2878 1552 2934 1598 et
2963 1540 3175 1601 Μυθικὰ
3199 1546 3468 1620 expressis
3484 1548 3698 1602 verbis

2121 1630 2467 1703 assignantur
2480 1629 2828 1705 Mytilenaeo.
2839 1626 3078 1707 Τρωικὰ,
3093 1631 3155 1686 h.
3172 1631 3212 1686 l.
3230 1651 3263 1688 a
3276 1632 3447 1688 Suida
3462 1634 3702 1702 omissa,

2121 1714 2408 1772 Diodorus
2437 1714 2613 1772 dabit.

2200 1802 2486 1859 Diodorus
2503 1806 2608 1874 111,
2626 1801 2720 1874 52,
2748 1800 2804 1875 3,
2829 1806 3175 1862 Amazonum
3189 1806 3479 1863 historiam
3494 1827 3700 1883 expo-

2122 1892 2326 1947 siturus
2353 1910 2367 1946 :
2403 1890 2482 1949 Οὐ
2507 1889 2611 1968 μὴν
2651 1892 2770 1949 ἀλλ’
2809 1896 2959 1969 ἡμεῖς
2986 1890 3305 1973 εὑρίσκοντες
3333 1893 3557 1961 πολλοὺς
3580 1894 3689 1971 μὲν

2124 1978 2231 2035 τῶν
2252 1975 2489 2057 ἀρχαίων
2511 1981 2743 2049 ποιητῶν
2771 2000 2828 2038 τε
2846 1979 2937 2037 καὶΙ
2978 1978 3338 2060 συγγραφέων,
3361 1981 3456 2040 οὔκ
3478 1980 3694 2060 ὀλίγους

2124 2063 2181 2123 δὲ
2208 2064 2298 2122 καὶ
2322 2068 2424 2123 τῶν
2451 2063 2901 2147 μεταγενεστέρων
2931 2066 3145 2145 μνήμην
3171 2067 3557 2146 πεποιημένους
3575 2070 3688 2129 αὖ·

2126 2154 2247 2224 τῶν,
2267 2151 2584 2231 ἀναγράφειν
2599 2151 2693 2220 τὰς
2704 2152 2915 2234 πράξεις
2935 2152 3292 2235 πειρασόμεθα
3304 2157 3357 2214 ἐν
3379 2156 3692 2236 κεφαλαίοις

2126 2238 2421 2315 ἅκολούθως
2468 2239 2723 2322 Διονυσίῳ
2767 2244 2844 2322 τῷ
2871 2240 3270 2323 συντεταγμένῳ
3298 2241 3367 2302 τὰ
3400 2245 3522 2323 περὶ
3560 2244 3692 2311 τοὺς

2125 2325 2470 2408 Ἀργοναύτας
2489 2326 2685 2386 καὶτὸν
2714 2329 2962 2389 Διόνυσον
2985 2329 3077 2389 καὶ
3105 2329 3257 2410 ἕτερα
3284 2330 3457 2390 πολλὰ
3484 2334 3588 2390 τῶν
3625 2334 3698 2390 ἐν·

2123 2421 2227 2482 τοῖς
2248 2415 2617 2482 παλαιοτάτοις
2633 2415 2838 2497 χρόνοις
2857 2415 3220 2498 πραχθέντων.

2201 2504 2363 2559 Idem
2388 2506 2506 2576 111,
2540 2505 2638 2580 66,
2672 2504 2705 2562 5
2749 2525 2764 2562 t
2792 2502 2922 2565 Ἵνα
2948 2502 3110 2581 μηδὲν
3137 2504 3548 2583 παραλείπωμεν
3576 2509 3698 2566 τῶν

2123 2586 2475 2669 ῖστορημένων
2501 2587 2624 2668 περὶ
2643 2588 2925 2668 Διονύσου,
2959 2588 3186 2668 διέξιμεν
3213 2593 3266 2651 ἐν
3296 2593 3598 2673 κεφαλαίοις
3611 2593 3696 2652 τὸ,

2123 2674 2270 2756 παρὰ
2296 2679 2401 2743 τοῖς
2421 2674 2613 2736 Aleum
2636 2675 2891 2755 λεγόμενα
2914 2676 3005 2736 καὶ
3048 2681 3153 2736 τῶν
3200 2676 3527 2750 Ἑλληνικῶν
3558 2702 3685 2757 συγ-

2122 2761 2363 2845 γραφέων
2391 2762 2502 2822 8σοι
2518 2762 2714 2832 τούτοις
2726 2764 2980 2846 σύμφωνα
2995 2765 3287 2848 γεγράφασι
3312 2766 3404 2825 καὶ
3428 2769 3688 2848 Διονυσίῳ

2124 2856 2197 2930 τῷ
2244 2849 2610 2933 συνταξαμένῳ
2652 2851 2746 2919 τὰς
2802 2852 3032 2921 παλαιὰς
3081 2854 3419 2931 μυθοποιίας.
3505 2848 3686 2923 Οὗτος

2125 2938 2226 3019 γὰρ
2254 2938 2319 2998 τά
2347 2963 2406 2998 τε
2431 2938 2552 3021 περὶ
2579 2937 2665 2998 τὸν
2697 2940 2943 3003 Διόνυσον
2974 2939 3064 3001 καὶ
3088 2941 3181 3010 τὰς
3194 2941 3499 3021 Ἀμαζόνας,
3529 2944 3606 3004 ἔτι
3627 2944 3684 3003 δὲ

2123 3026 2240 3094 τοὺς
2291 3026 2638 3106 Ἀργοναύτας
2660 3028 2752 3088 καὶ
2791 3029 2858 3088 τὰ
2903 3029 3040 3089 κατὰ
3081 3028 3168 3089 τὸν
3197 3028 3694 3107 Ἰλιακὸνπόλεμον

2123 3114 2425 3196 πραχθέντα
2461 3114 2552 3174 καὶ
2592 3114 2745 3174 πόλλ’
2775 3116 2928 3197 ἔτερα
2963 3117 3303 3177 συντέτακται
3320 3163 3337 3195 ,
3385 3119 3700 3199 παρατιθεὶς

2121 3202 2188 3261 τὰ
2210 3202 2481 3279 ποιήματα
2509 3205 2612 3261 τῶν
2633 3203 2892 3284 ἀρχαίων,
2922 3207 3027 3264 τῶν
3053 3228 3112 3265 τε
3137 3205 3436 3285 μυθολόγων
3460 3206 3552 3266 καὶ
3573 3211 3696 3267 τῶν·

2122 3293 2371 3362 ποιητῶν.
2408 3291 2556 3371 (**“)

2188 3466 2251 3530 (*)
2285 3469 2356 3517 De
2388 3469 2533 3518 aetate
2569 3472 2628 3519 D.
2654 3468 2772 3531 Μῄ.
2802 3481 2852 3518 v.
2887 3471 3083 3521 sueton.
3109 3473 3183 3521 De
3207 3471 3386 3521 illustr.
3423 3486 3498 3535 gr.
3537 3486 3583 3523 c.
3609 3477 3638 3523 7
3669 3495 3692 3523 ·.

2124 3539 2193 3589 Μ.
2213 3539 2496 3588 Antoninus
2521 3539 2781 3602 Gnipho...
2797 3541 3076 3591 institutus
3094 3539 3460 3602 Alexandrioe,
3482 3545 3545 3592 ut
3575 3543 3696 3593 ali-

2124 3610 2214 3673 qui
2247 3606 2495 3669 tradunt,
2519 3611 2573 3658 in
2596 3608 2932 3660 contubernio
2956 3613 3189 3672 Dionysii
3206 3610 3686 3672 scytobrachionm

2125 3676 2264 3741 quod
2278 3676 2510 3741 equidem
2536 3691 2636 3728 non
2657 3682 2842 3730 temere
2859 3678 3194 3741 crediderim,
3215 3693 3376 3743 quum
3393 3684 3686 3744 temporum

2123 3748 2261 3795 ratio
2296 3749 2387 3796 vix
2432 3750 2703 3809 ωηατ-κιαι.
2759 3750 2942 3811 Nempe
2972 3750 3136 3814 paullo
3178 3749 3498 3812 antiquiorem
3540 3751 3690 3803 misse

2123 3817 2288 3877 putat;
2321 3828 2411 3865 nec
2440 3816 2543 3866 sine
2575 3829 2745 3880 causa,
2771 3817 3010 3880 siquidem
3043 3819 3296 3882 Dionysius
3318 3820 3420 3882 iam
3445 3820 3509 3870 ab
3532 3822 3686 3885 Apol·

2123 3884 2291 3935 lodoro
2321 3884 2544 3936 laudetur
2576 3886 2663 3948 (V.
2701 3889 2760 3937 t'r.
2790 3888 2927 3938 Dion.
2964 3889 3045 3952 ι),
3079 3890 3291 3952 adeoque
3316 3888 3419 3950 iam
3443 3891 3571 3940 cirea
3595 3900 3694 3944 150-

2130 3966 2176 4001 a.
2202 3957 2258 4004 c.
2282 3953 2494 4005 floruisse
2510 3954 2699 4006 debeat.
2726 3956 2802 4006 cs.
2825 3955 3035 4009 Nitzsch.
3054 3960 3173 4010 nist.
3195 3960 3335 4008 Hom.
3354 3971 3404 4020 p.
3429 3962 3508 4008 90.
3534 3961 3679 4012 Plura

2122 4021 2185 4072 de
2206 4024 2345 4074 Dion.
2365 4026 2483 4086 Myt.
2507 4038 2586 4088 ap.
2618 4025 2927 4076 walcherum
2947 4027 2997 4076 in
3029 4026 3250 4079 saebodii
3272 4031 3468 4078 Nucem
3494 4032 3698 4082 Archiv*

2128 4096 2266 4154 1830,
2295 4106 2343 4155 p.
2367 4097 2428 4144 70
2448 4107 2554 4157 sqq.
2579 4093 2717 4157 (ooli.
2733 4096 2909 4147 nostris
2934 4100 3126 4161 fragm.
3152 4098 3274 4149 nist.
3294 4111 3344 4161 p.
3365 4099 3527 4162 xxi),
3552 4101 3678 4152 etin

2131 4162 2266 4224 δυσὶ.
2293 4166 2439 4212 Hom.
2461 4176 2511 4224 p.
2533 4167 2592 4213 73
2612 4176 2685 4226 sq.

2186 4232 2274 4295 θ’)
2305 4235 2431 4282 Num
2449 4231 2605 4282 verbis
2629 4235 2712 4293 τήν
2744 4235 2871 4283 Διον.
2902 4252 2949 4285 κ.
2975 4236 3073 4286 Ἀθ.
3095 4234 3337 4300 στρατείαν
3375 4247 3434 4287 ea
3460 4236 3674 4302 designat

2121 4313 2235 4364 quae
2265 4301 2500 4352 Diodorus
2519 4302 2722 4354 deorum
2753 4306 2801 4354 et
2828 4304 3090 4368 Gigantum
3114 4306 3293 4356 bellum
3315 4318 3560 4369 exponens
3586 4310 3676 4359 ba-

2122 4371 2205 4420 bet
2223 4370 2307 4421 nh.
2328 4374 2429 4431 ιιι,
2454 4383 2499 4420 c.
2521 4375 2581 4422 70
2613 4374 2978 4439 (διῃρημένης...
3011 4376 3215 4440 συνάψαι
3251 4375 3471 4440 μάχην)τ
3491 4381 3554 4429 At
3573 4378 3680 4429 haec

2121 4440 2372 4502 singularis
2392 4440 2503 4491 libri
2532 4445 2868 4505 argumentum
2887 4444 3102 4507 praebere
3121 4459 3218 4496 non
3236 4450 3521 4510 potuerunt.
3553 4451 3677 4499 For·

2121 4512 2247 4560 tasse
2267 4511 2477 4573 primum
2504 4516 2650 4576 caput
2667 4516 2809 4565 erant
2844 4521 2939 4564 τῶν
2966 4518 3068 4580 περὶ
3107 4515 3359 4579 Διόνυσον,
3392 4518 3483 4567 nisi
3517 4521 3677 4580 potius

2123 4579 2300 4637 Ἀθηνᾶς
2323 4597 2417 4644 στρ.
2436 4585 2659 4645 eoi-rupte
2676 4583 2832 4646 posita
2849 4597 2938 4647 pro
2957 4585 3217 4649 Ἀμαζόνων
3242 4602 3365 4650 στρ..
3388 4587 3531 4637 sicuti
3548 4589 3685 4651 apud·

2124 4649 2384 4701 Diodorum
2402 4651 2436 4702 1.
2461 4651 2496 4700 1.
2512 4652 2780 4716 junguntur
2809 4655 2870 4704 τὰ
2892 4657 2993 4720 περὶ
3011 4656 3089 4706 τὸν
3126 4657 3351 4708 Διόνυσον
3383 4658 3464 4706 καὶ
3484 4658 3672 4721 Ἀμαζό·

2120 4735 2222 4776 νας.

2186 4786 2298 4850 (Μ)
2311 4790 2540 4853 Παρμὲν
2552 4792 2719 4857 οντα]
2738 4795 2954 4844 Fortasse
2973 4795 3292 4859 Παρμενίωνα.
3311 4795 3688 4846 Parmenionem.

2121 4857 2362 4920 quendam
2411 4861 2738 4923 Mytilenaeum
2774 4863 3152 4928 Olympionicam
3197 4865 3306 4928 (ot.
3360 4869 3476 4930 117)
3528 4866 3670 4916 babet

2121 4927 2319 5048 Diodgr.
2334 4933 2477 5048 ¹linx,
2503 4936 2560 4983 77
2575 4969 2591 4995 ,
2624 4940 2666 4982 t.
2693 4936 2919 4985 ceterum
2949 4936 3013 4984 cf.
3041 4948 3154 4999 quse
3178 4935 3239 4986 ad
3258 4936 3386 4985 bunc
3403 4935 3439 4986 l.
3459 4935 3685 4999 disputat*

2123 5001 2247 5049 Beru
2281 5012 2334 5048 ar
2372 5014 2454 5063 y..

2187 5063 2638 5134 (****>.Bernhardy.
2658 5072 2720 5122 ad
2733 5071 2930 5135 Dionys.
2951 5078 3055 5125 Per.
3072 5088 3120 5137 p.
3141 5078 3223 5126 471
3249 5094 3262 5125 :
3285 5093 3309 5118 α
3331 5074 3472 5134 Quod
3491 5073 3673 5126 Diodo-

2126 5151 2208 5187 rus
2225 5139 2500 5201 Dionysium
2518 5141 2652 5203 sequi
2669 5155 2723 5192 se
2739 5143 3009 5208 pmfitetur,
3023 5145 3105 5208 qui
3123 5145 3293 5196 Bacchi
3310 5147 3358 5195 et
3371 5150 3674 5196 Amazonum

486 5197 777 5261 scriptorum
791 5197 1067 5250 auctoritati
1088 5199 1315 5263 refragari
1332 5212 1429 5249 nou
1452 5199 1579 5250 lieet.
1606 5220 1631 5245 ι»
1652 5202 1724 5253 Cf.
1740 5202 1866 5253 idem
1885 5216 1932 5266 p.
1954 5212 2031 5257 69.
2127 5209 2453 5272 expeditiones
2479 5215 2526 5262 et
2553 5212 2748 5264 iliacum
2769 5213 2950 5266 bellum
2978 5217 3135 5268 citatis
3162 5217 3472 5279 antiquorum
3494 5217 3680 5267 carmi·
