4016 5916
1660 437 1795 499 loN
1836 436 2088 498 cums.
3391 455 3464 505 45

262 590 297 627 a
328 570 800 647 Κοσμολογικῷ
823 567 989 648 λόγῳ
1008 570 1236 626 fortasse
1264 590 1382 625 non
1404 570 1713 641 diversum,
1742 582 1824 627 at·

262 660 414 715 tinet
430 700 447 727 ,
483 659 619 714 falso
646 678 777 715 eum
803 660 1042 734 Epigeni
1070 658 1243 714 tribui
1270 667 1518 713 statuunt
1547 659 1826 729 Bentlejus

264 758 326 802 et
350 746 717 821 Nieberding.
736 767 797 821 p.
832 745 930 820 98.
961 747 1182 803 Scilicet
1208 746 1517 820 Epigenem
1545 746 1828 818 quendam

263 832 525 889 dramata
567 835 720 889 Ionis
742 835 1043 910 explicasse
1073 834 1250 906 liquet
1283 850 1354 888 ex
1380 833 1647 889 Athenaeo
1682 831 1825 908 (IX,

264 938 327 994 p.
360 918 497 991 468,
526 918 621 997 C).
654 922 821 978 Hunc
844 921 1269 996 grammaticum
1296 919 1539 980 eundem
1559 938 1672 976 esse
1691 940 1828 976 cen-

262 1018 394 1063 sent
417 1026 546 1065 cnm
574 1008 850 1082 Epigene,
883 1008 978 1081 qui
1020 1003 1151 1084 Περὶ
1190 1008 1283 1076 τῆς
1311 1002 1546 1085 Ὀρφέως
1574 1003 1831 1075 ποιήσεως

264 1096 548 1169 scripsisse
577 1094 803 1166 dicitur3
827 1094 897 1149 ab
919 1094 1119 1151 eodem
1147 1093 1393 1168 denique
1421 1096 1586 1150 etiam
1612 1094 1672 1148 in
1693 1096 1829 1168 phi-

264 1183 564 1257 losophica
591 1183 745 1243 Ionis
787 1182 1216 1239 commentario.
1260 1183 1497 1257 scriptos
1542 1199 1686 1251 esse,
1730 1184 1826 1254 qui

266 1289 449 1344 quum
466 1289 577 1326 una
594 1289 723 1327 cum
742 1270 851 1327 illis
870 1269 1381 1339 circumferrentur,
1408 1269 1569 1325 facile
1583 1271 1826 1343 potuisse

264 1355 423 1427 fieri,
452 1368 517 1413 ut
549 1352 815 1434 Τριαγμοί
841 1356 1021 1411 utrius
1055 1365 1258 1424 essent,
1304 1353 1659 1412 dubitaretur
1710 1354 1823 1430 (Cf.

266 1455 463 1501 tamen
503 1443 758 1502 Lobeck.
784 1443 1063 1519 Aglaoph.
1093 1461 1152 1517 p.
1186 1442 1297 1508 340
1326 1439 1468 1517 sq.).

348 1529 513 1590 Χίου
546 1527 770 1595 Κτίσις
815 1532 986 1586 semel
1014 1530 1274 1585 laudatur
1298 1531 1356 1584 in
1380 1531 1562 1604 Etym.
1608 1532 1686 1587 M.
1723 1531 1818 1601 (fr.

276 1641 300 1677 1
316 1620 355 1676 6
370 1623 417 1697 ).
446 1619 617 1693 Apud
641 1620 973 1675 Athenaeum
997 1617 1067 1673 de
1096 1617 1295 1673 eodem
1320 1618 1527 1691 scripto
1551 1620 1826 1675 excitatur

262 1702 398 1765 Ἴων
433 1706 487 1762 ἐν
513 1707 586 1784 τῷ
612 1703 737 1783 περὶ
778 1702 911 1763 Χίου
954 1704 1057 1781 (fr.
1101 1702 1238 1781 15);
1268 1706 1564 1761 Pausanias
1605 1706 1776 1762 habet
1805 1727 1819 1761 ε

266 1788 397 1853 Ἴων
427 1796 480 1851 ἐν
508 1797 571 1872 τῇ
600 1795 881 1872 συγγραφῇ
915 1791 1018 1869 (fr.
1065 1800 1129 1859 14
1150 1788 1188 1869 ).
1220 1794 1475 1849 Fortasse
1504 1812 1646 1868 opus
1679 1813 1823 1868 pro-

264 1885 478 1941 sarium
502 1894 697 1941 natum
729 1890 810 1937 est
835 1899 905 1936 ex
922 1881 1166 1936 carmine
1199 1877 1381 1957 (sicuti
1400 1881 1700 1937 Simonidis
1719 1881 1823 1939 Σα·

268 1970 403 2047 μὶων
429 1964 831 2049 ἅρχαιολογία).

352 2054 833 2132 Ύπομνήματα
882 2074 958 2114 sc.
1013 2050 1250 2133 ἱστορικὰ
1296 2072 1364 2111 ex
1407 2073 1523 2110 uno
1568 2057 1826 2111 novimus

268 2147 563 2203 scholiasta
604 2145 771 2204 Arist.
800 2144 842 2198 l.
884 2143 923 2198 l.
951 2142 1183 2199 Referre
1224 2142 1297 2197 ad
1324 2160 1388 2197 ea
1415 2143 1572 2212 licet,
1607 2161 1729 2215 quae
1769 2145 1825 2197 in

273 2235 597 2309 fragmentis
619 2233 906 2306 leguntur,
946 2229 1017 2286 de
1039 2230 1272 2286 Cimone
1289 2273 1304 2301 ,
1331 2231 1544 2285 Pericle
1558 2272 1574 2300 ,
1596 2231 1824 2287 Socrate

276 2321 373 2395 (fr.
409 2320 606 2393 4-9).
641 2320 765 2375 Alia
795 2318 866 2374 de
890 2317 1170 2392 Sophocle
1195 2317 1490 2372 Athenaeus
1517 2327 1706 2373 narrat
1749 2337 1816 2372 ex

274 2410 431 2464 Ionis
459 2405 532 2467 'E
551 2403 834 2481 πιδημία
852 2426 939 2479 ις,
976 2424 1114 2478 quas
1141 2406 1307 2461 etiam
1334 2405 1454 2460 aliis
1483 2404 1705 2460 duobus
1732 2406 1822 2461 lo-

274 2500 351 2552 cis
375 2504 783 2552 commemorat
810 2492 909 2569 (sr.
959 2489 1154 2565 1—3).
1182 2491 1378 2547 Nullus
1401 2491 1602 2547 dubito
1631 2511 1827 2548 verum

275 2586 510 2659 tetigisse
532 2584 595 2640 C.
620 2584 1009 2637 Hermannum
1032 2578 1187 2655 (Iud.
1211 2580 1363 2635 lectt.
1396 2590 1505 2634 aest.
1532 2580 1821 2655 Mai-burg.

280 2670 497 2745 1836),
546 2670 647 2743 qui
676 2663 1069 2742 Ὑπομνήματα
1096 2665 1399 2722 scholiastae
1447 2684 1566 2720 non
1611 2665 1825 2722 diversa

274 2776 386 2813 esse
408 2767 599 2814 censet
624 2755 696 2812 ab
716 2749 1082 2827 Ἐπιδημίαις,
1112 2754 1225 2809 sive
1250 2754 1418 2807 totius
1446 2753 1632 2827 operis
1644 2752 1735 2808 hic
1753 2756 1824 2808 ti-

276 2846 423 2901 tulus
448 2845 565 2901 sive
592 2844 767 2918 partis
793 2841 981 2898 fuerit.

351 2936 437 2991 De
481 2941 812 3008 argumento
853 2926 1247 3004 Ἐπιδημιῶν
1287 2928 1568 2985 Bentleius
1604 2927 1644 2984 1.
1687 2928 1724 2986 1.
1762 2948 1822 3004 p.

278 3021 385 3094 507
423 3041 437 3077 :
478 3046 503 3070 «ι
552 3020 807 3094 Intellige
849 3018 921 3073 de
962 3016 1208 3072 adventu
1244 3016 1525 3072 clarorum
1568 3019 1825 3073 virorum

276 3110 335 3164 in
369 3109 603 3175 Chium,
630 3107 745 3161 sive
773 3105 844 3161 de
890 3107 959 3160 iis
987 3105 1086 3178 qui
1113 3105 1173 3158 in
1200 3104 1339 3160 Chio
1369 3104 1545 3160 insula
1573 3123 1828 3160 commo-

274 3199 379 3253 rati
421 3197 549 3252 sint.
591 3193 856 3251 Similiter
900 3212 964 3248 ac
1005 3192 1235 3248 Polemo
1280 3191 1488 3247 librum
1526 3193 1703 3248 edidit
1739 3197 1825 3250 De

275 3282 663 3339 Eratosthenis
690 3280 938 3336 adventu
964 3279 1225 3335 Athenas,
1262 3303 1286 3329 υ
1322 3311 1399 3323 -—
1428 3280 1643 3336 Titulus
1671 3299 1824 3355 ope-

273 3373 347 3426 ris
366 3370 686 3426 Polemonis
715 3379 796 3424 est
828 3388 843 3423 :
871 3362 1005 3443 Περὶ
1031 3367 1124 3434 τῆς
1142 3362 1388 3435 Ἀθήνησι
1428 3364 1828 3444 Ἐρατοσθένους

273 3456 582 3532 ἐπιδημίας,
604 3458 638 3511 i.
666 3476 717 3512 e.
749 3457 820 3510 de
841 3452 1223 3510 Eratosthenis
1242 3451 1437 3530 (quam
1457 3455 1501 3508 is
1521 3473 1623 3528 per
1652 3474 1823 3529 opera

272 3566 367 3602 sua
392 3541 715 3620 profitetur)
741 3542 977 3598 Athenis
994 3546 1436 3609 commoratmne,
1469 3552 1534 3596 ut
1560 3553 1713 3598 recte
1740 3562 1827 3598 ex·

270 3635 443 3708 plicat
466 3633 744 3689 Prellerus
765 3630 837 3687 ad
865 3630 1077 3684 Polem.
1108 3647 1166 3702 p.
1198 3626 1296 3683 85.
1340 3629 1463 3684 Jam
1497 3629 1541 3684 si
1562 3647 1693 3684 cum
1718 3631 1827 3687 hoc

272 3741 449 3796 opere
498 3721 647 3775 liber
698 3719 853 3774 Ionis
908 3713 1329 3789 componendus
1373 3727 1482 3784 est,
1534 3717 1828 3772 Athenaeus

272 3811 578 3882 genuinam
611 3806 761 3861 tituli
799 3804 1099 3859 formulam
1144 3803 1199 3857 in
1228 3802 1453 3858 brevius
1493 3807 1826 3878 contraxisse

270 3896 454 3951 videri
483 3894 735 3952 deberet.
763 3894 906 3948 Nam
928 3891 1026 3946 ubi
1051 3890 1122 3947 de
1146 3909 1316 3964 opere
1338 3891 1660 3964 simpliciter
1680 3889 1828 3949 Ἐπι-

274 3980 461 4057 ὅημίαι
490 3983 759 4056 inscripto
787 3996 971 4036 sermo
1001 3990 1107 4049 est,
1138 3997 1305 4034 nemo
1327 3977 1399 4035 de
1427 3979 1549 4035 aliis
1572 3997 1635 4036 ae
1656 3981 1827 4055 ipsius

277 4071 523 4126 auctoris
550 4066 851 4142 ἐπιδημίαις
872 4068 1221 4143 cogitaverit.
1254 4068 1335 4123 Ac
1374 4066 1469 4122 vix
1496 4067 1571 4122 ita
1603 4068 1825 4124 statuis-

279 4169 359 4212 set
386 4157 701 4224 Bentleius,
719 4156 825 4209 nisi
854 4153 1224 4229 fragmentum
1247 4153 1317 4209 ab
1346 4154 1613 4210 Athenaeo
1637 4173 1827 4211 serva-

283 4255 397 4300 tum
424 4245 511 4300 his
547 4244 825 4316 inciperet
860 4241 1043 4296 verbis
1076 4260 1090 4296 :
1137 4239 1398 4319 Σοφοκλεῖ
1437 4242 1513 4320 τῷ
1555 4243 1745 4320 ποιητῇ
1776 4242 1828 4299 ἐν

286 4331 398 4409 Χίῳ
426 4328 745 4398 συνήντησα.
764 4328 873 4387 Sed
897 4329 1011 4384 haec
1026 4327 1239 4384 fallacia
1261 4338 1409 4398 sunt,
1434 4347 1609 4402 quum
1632 4349 1701 4385 ex
1720 4349 1830 4386 me-

282 4419 371 4474 dia
417 4420 774 4486 narratione,
827 4435 995 4490 quam
1043 4415 1113 4471 de
1161 4415 1460 4490 Sophoclis
1504 4417 1731 4492 ingenio
1776 4430 1828 4473 et

282 4505 531 4560 moribus
558 4507 667 4562 Ion
695 4504 958 4572 instituit,
990 4501 1322 4576 deprompta
1350 4521 1463 4558 esse
1489 4505 1721 4577 possint.

356 4590 747 4665 Nieberdingii
796 4590 1065 4645 sententia
1117 4588 1200 4665 (p.
1247 4589 1339 4660 76.
1374 4591 1475 4665 79)
1530 4591 1646 4646 haec
1690 4603 1769 4647 est
1809 4612 1823 4647 ε

290 4700 315 4728 ι
347 4679 533 4750 Quum
558 4679 669 4733 Ion
692 4676 996 4749 plurimum
1024 4679 1193 4732 aetatis
1218 4695 1327 4732 suae
1354 4676 1586 4733 Athenis
1599 4678 1829 4751 aliisque

284 4766 501 4821 Graeciae
528 4764 671 4819 locis
692 4765 1087 4838 consumserit,
1118 4774 1172 4820 et
1197 4783 1371 4838 quum
1398 4776 1667 4839 praeterea
1687 4765 1828 4821 alius

284 4851 529 4924 ejusdem
564 4851 716 4907 liber
756 4852 1097 4908 inscribatur
1125 4849 1694 4927 Συνεκδημητικός
1726 4851 1827 4926 (sr.

290 4941 407 5017 ιο),
452 4942 553 5015 qui
604 4951 688 4997 est
730 4957 956 5014 prorsus
985 4941 1295 4995 contrarius
1321 4945 1432 5005 ταῖς
1465 4938 1830 5015 Ἐπιδημίαις,

286 5049 395 5084 non
424 5028 738 5084 absurdum
761 5028 1022 5101 equidem
1047 5028 1226 5082 videri
1254 5029 1427 5101 possit
1445 5069 1461 5097 ,
1488 5029 1530 5083 si
1556 5029 1679 5100 quis
1706 5030 1830 5082 titu-

286 5109 395 5163 lum
422 5110 499 5164 ita
528 5109 773 5181 explicet
791 5149 806 5175 ‚
836 5119 899 5161 ut
922 5109 980 5161 in
1005 5109 1115 5161 hoc
1144 5106 1291 5160 libro
1317 5117 1569 5161 enarrata
1601 5107 1828 5175 fuerint,

284 5213 403 5270 quae
434 5197 561 5252 loni
589 5195 747 5249 domi
779 5196 815 5249 i.
849 5214 898 5252 e.
945 5195 1001 5248 in
1044 5194 1217 5248 insula
1260 5195 1399 5250 Chio
1429 5195 1711 5249 evenerint
1740 5196 1827 5249 vel

1918 568 2299 625 animadversa
2328 568 2535 631 fuerint
2557 583 2874 628 memoratu
2892 571 3059 647 digna
3078 614 3093 642 ,
3124 575 3185 629 in
3206 575 3468 647 Συνεκδη·

1919 657 2126 735 μητικῷ
2171 675 2307 713 vero
2353 676 2447 728 ea,
2480 678 2604 732 quae
2642 670 2797 716 extra
2826 661 3062 734 patriam
3097 660 3333 733 viderit,
3366 684 3470 720 co-

1917 763 2034 799 mes
2056 745 2265 801 scilicet
2289 747 2451 802 amici
2477 749 2905 823 peregrinantis,
2945 772 2969 797 n

1996 832 2351 901 Hermanno,
2380 834 2470 887 cui
2511 833 2798 903 assentior,
2826 829 3137 908 Ἐπιδημίαι
3163 835 3472 913 significare

1918 918 2184 974 videntur
2237 922 2707 976 commorationes
2758 940 2897 994 quas
2956 924 3188 980 Athenis
3239 925 3471 999 aliisque

1920 1008 1979 1061 in
2024 1005 2261 1062 urbibus
2299 1007 2408 1060 lon
2452 1003 2599 1062 fecit.
2641 1007 2897 1076 Eaedem,
2942 1011 2986 1063 si
3027 1011 3264 1083 patriam
3292 1024 3471 1086 poetae

1919 1095 2254 1168 respexeriS,
2286 1089 2550 1166 ἐκδημίαι,
2589 1105 2757 1166 atque
2782 1095 2948 1164 liber,
2980 1098 3078 1168 qui
3108 1097 3179 1153 de
3205 1099 3291 1154 his
3313 1111 3467 1170 erat,

1920 1179 2070 1257 λόγος
2097 1177 2442 1254 ἕκδημητικός
2462 1179 2575 1235 dici
2611 1192 2941 1255 potuerunt.
2970 1185 3157 1254 Quare
3185 1187 3370 1242 nescio
3400 1206 3470 1243 an

1919 1264 2360 1342 συνεκδημητικός
2396 1267 2565 1323 fuerit
2608 1269 2763 1341 quasi
2806 1272 2945 1325 alter
2974 1270 3345 1347 ἐκδημητικός,
3382 1277 3468 1330 vel

1918 1356 2127 1429 prioris
2171 1355 2473 1430 appendix.
2524 1355 2784 1411 Ceterum
2825 1358 2902 1413 ita
2949 1360 3304 1416 Hermannus
3339 1362 3379 1416 1.
3430 1364 3467 1421 1.

1914 1460 1972 1516 p,
2002 1461 2040 1517 9
2071 1461 2084 1497 :
2121 1466 2144 1493 α
2175 1443 2385 1514 Quovis
2404 1443 2641 1518 pignore
2672 1443 3062 1499 contendimus
3085 1444 3372 1518 ἐπιδημιῶν
3395 1449 3469 1505 li-

1914 1531 2148 1588 brum...
2181 1548 2244 1586 ea
2278 1531 2641 1599 continuisse,
2671 1548 2796 1602 quae
2823 1533 2931 1611 Ipn
2958 1532 3110 1605 apud
3136 1545 3354 1590 exteros
3380 1538 3470 1590 vi-

1915 1617 2081 1673 disset
2108 1628 2277 1690 atque
2305 1616 2564 1672 audiisset
2586 1617 2645 1670 in
2662 1619 3209 1691 peregrinationibus
3230 1622 3368 1693 suis,
3401 1623 3476 1679 de

1915 1705 2121 1778 quibus
2159 1702 2431 1778 ἐπιδημεῖν
2467 1705 2698 1760 solenne
2735 1706 2973 1760 verbum
3010 1717 3091 1763 est
3102 1728 3118 1778 3
3150 1727 3281 1764 nam
3312 1710 3468 1783 quod

1914 1791 2033 1864 ejus
2081 1792 2211 1847 libri
2260 1791 2634 1866 fragmentum
2685 1803 2863 1848 exstat
2903 1792 2975 1849 de
3013 1812 3272 1852 sermone
3317 1798 3476 1854 Ionis

1915 1901 2045 1937 cum
2071 1880 2349 1955 Sophocle
2378 1880 2500 1937 Chii
2529 1880 2725 1935 habito
2742 1923 2758 1951 ,
2791 1891 2976 1936 tamen
3014 1881 3085 1938 de
3111 1883 3341 1940 homine
3364 1890 3471 1942 At-

1914 1971 2029 2024 tico
2052 1970 2330 2041 loquitur,
2363 1967 2521 2040 cujus
2542 1968 2592 2023 ei
2611 1969 2884 2024 memoria
2907 1971 3073 2025 etiam
3094 1971 3152 2025 in
3175 1973 3286 2028 suis
3303 1974 3476 2047 ipsius

1913 2056 2207 2112 itineribus
2234 2054 2616 2111 describendis
2644 2074 2944 2112 occurrere
2983 2068 3226 2132 poterat.
3271 2062 3469 2117 Facilis

1924 2155 2110 2209 autem
2151 2143 2476 2215 conjectura
2506 2152 2585 2198 est
2620 2143 2890 2217 sophistas
2924 2146 3135 2218 pariter
3158 2165 3221 2201 ac
3247 2160 3468 2221 poetas,

1915 2233 2015 2304 qui
2045 2232 2138 2286 illa
2166 2241 2325 2286 aetate
2351 2248 2456 2304 per
2483 2231 2798 2286 universam
2825 2231 3098 2287 Graeciam
3124 2234 3474 2308 vagabantur

1916 2318 2264 2390 multumque
2279 2318 2547 2389 temporis
2561 2318 2790 2374 Athenis
2807 2318 3165 2393 peragebant,
3183 2322 3470 2396 siquando

1916 2403 2150 2460 domum
2189 2404 2504 2472 rediissent,
2558 2405 2927 2478 popularibus
2968 2407 3077 2461 suis
3117 2426 3233 2462 non
3288 2411 3465 2468 modo

1914 2510 2187 2561 narrasse,
2221 2510 2416 2546 verum
2445 2492 2730 2547 interdum
2751 2495 2916 2548 etiam
2930 2495 3137 2568 scripta
3157 2496 3464 2570 reliquisse,

1917 2596 2040 2651 quae
2068 2579 2140 2635 de
2166 2578 2492 2634 hominibus
2512 2597 2614 2653 per
2644 2589 2824 2635 totum
2845 2579 3045 2635 orbem
3063 2581 3285 2639 famosis
3304 2603 3466 2640 com-

1913 2667 2184 2739 perissent
2210 2677 2377 2739 atque
2405 2667 2465 2719 in
2502 2668 2936 2722 commentarios
2960 2668 3303 2740 retulissent;
3335 2690 3471 2746 quas

1916 2754 2014 2807 etsi
2043 2754 2390 2809 narrationes
2415 2771 2635 2808 necesse
2656 2763 2773 2809 erat
2798 2772 2907 2827 pro
2935 2756 3284 2828 singulorum
3313 2759 3471 2833 inge-

1914 2840 2022 2895 niis
2049 2840 2290 2896 diversas
2324 2857 2464 2909 esse,
2511 2850 2701 2895 tamen
2743 2860 3002 2897 rumores
3026 2844 3216 2915 potius
3241 2845 3470 2918 populi·

1916 2945 2027 3002 que
2056 2926 2282 2983 fabellas
2309 2946 2479 3002 quam
2505 2946 2698 2984 veram
2743 2946 2934 2985 rerum
2960 2930 3291 2986 memoriam
3329 2950 3473 3007 pro-

1917 3015 2052 3071 dere
2078 3017 2322 3091 potuisse
2349 3026 2609 3090 apparet,
2653 3034 2838 3089 neque
2874 3018 3392 3092 exaggerationibus
3419 3032 3473 3077 et

1914 3103 2191 3175 portentis
2208 3145 2222 3172 ,
2251 3102 2433 3176 qualia
2450 3121 2686 3177 peregre
2715 3102 3016 3160 redeuntes
3030 3103 3242 3177 jactare
3260 3107 3468 3178 solent,

1916 3191 2151 3245 caruisse
2179 3191 2478 3246 verisimile
2507 3202 2603 3245 est.
2635 3215 2658 3239 u

1993 3279 2184 3333 Restat
2197 3287 2261 3333 ut
2275 3296 2583 3333 memorem
2598 3280 2927 3335 sententiam
2943 3282 3008 3336 F.
3027 3283 3234 3340 Ritteri
3253 3282 3445 3357 (Rhee'n
3455 3329 3468 3339 .

1917 3364 2068 3421 MuS.
2109 3364 2277 3436 1843,
2304 3385 2363 3439 p.
2399 3365 2558 3439 187).
2588 3367 2643 3421 Is
2684 3368 2832 3422 enim
2876 3387 3050 3441 quum
3074 3389 3196 3443 quae
3232 3373 3303 3426 ab
3343 3374 3464 3427 uni-

1913 3471 2071 3508 versa
2098 3453 2215 3509 fere
2249 3454 2579 3527 antiquitate
2613 3453 2683 3509 de
2716 3455 2997 3527 Sophocle
3027 3459 3302 3535 στρατηγῷ
3336 3477 3466 3513 nar·

1916 3551 2132 3611 rantur,
2147 3559 2256 3614 pro
2274 3558 2422 3596 vano
2442 3552 2764 3597 commento
2780 3542 3004 3612 habeat,
3027 3543 3476 3600 molestissimum

1915 3629 2016 3702 ipsi
2044 3629 2196 3683 Ionis
2222 3628 2602 3683 testimonium
2628 3628 2704 3683 ita
2730 3639 3016 3700 removet,
3047 3640 3110 3684 ut
3138 3626 3474 3705 Ἐπιδημιῶν

1914 3715 2124 3770 librum
2154 3715 2581 3789 suppositicium
2610 3734 2721 3771 esse
2747 3725 2964 3774 statuat.
3000 3719 3346 3791 Argumenta
3382 3729 3475 3774 ta-

1915 3821 2048 3858 men
2073 3804 2180 3857 viri
2229 3802 2563 3874 doctissimi,
2604 3822 2727 3877 quae
2767 3804 2958 3877 paucis
2986 3806 3386 3878 comprehendi
3415 3808 3476 3861 in

1915 3901 2037 3945 not.
2074 3890 2146 3945 ad
2174 3890 2375 3965 fragm.
2416 3909 2438 3946 1
2462 3932 2478 3960 ‚
2521 3909 2639 3945 non
2671 3890 2944 3963 ejusmodi
2973 3909 3084 3946 esse
3112 3893 3251 3947 mihi
3273 3892 3463 3948 viden-

1922 3986 2034 4046 tur,
2064 3987 2128 4032 ut
2157 3978 2271 4031 vim
2288 3977 2534 4032 habeant
2560 3975 2956 4051 persuadendi.

1993 4066 2079 4120 De
2123 4062 2237 4120 fide
2271 4066 2424 4121 Ionis
2450 4076 2506 4120 et
2549 4066 2880 4120 auctoritate
2925 4083 3126 4121 vereor
3164 4084 3235 4121 ne
3279 4068 3472 4141 paullo

1915 4152 2157 4208 severius
2183 4153 2538 4207 Hermannus
2558 4151 2914 4224 judicaverit.
2944 4152 3106 4208 Certe
3148 4152 3472 4228 fragmentis

1917 4239 2058 4293 nihil
2102 4240 2244 4295 inest
2288 4239 2447 4313 quod
2492 4239 2697 4312 justam
2751 4239 3206 4312 reprehensionis
3255 4259 3473 4297 eausam

1918 4327 2274 4401 suppeditare
2313 4328 2519 4402 possit,
2561 4329 2666 4383 nisi
2695 4327 2840 4382 forte
2879 4327 3100 4382 crimini
3139 4328 3472 4384 vertendum

1918 4431 2167 4482 censeaS,
2219 4413 2374 4487 quod
2408 4415 2516 4468 Ion
2544 4423 2608 4469 ut
2652 4413 2869 4470 Cimoni
2902 4413 3158 4469 addictus
3190 4412 3286 4487 (fr.
3321 4413 3378 4471 5.
3411 4417 3469 4472 6.

1922 4498 2019 4574 7),
2072 4501 2150 4556 sic
2195 4519 2228 4557 a
2274 4500 2486 4557 Pericle
2536 4501 2772 4556 alienior
2815 4499 2999 4556 fuerit.
3037 4502 3106 4555 In
3150 4502 3247 4556 illo
3285 4503 3474 4559 laudat

1917 4605 2141 4641 morum
2161 4586 2570 4660 jucunditatem
2599 4589 2919 4662 ingeniique
2944 4586 3302 4644 dulcedinem
3320 4631 3336 4659 ,
3358 4591 3474 4645 hu-

1924 4672 2014 4746 jus
2036 4684 2196 4729 notat
2222 4669 2314 4743 τὴν
2339 4670 2699 4752 μεγαλαυχίαν
2733 4671 2823 4730 καὶ
2849 4671 2943 4743 τὴν
2977 4675 3080 4730 τῶν
3111 4672 3284 4732 ἄλλων
3320 4697 3474 4756 περι-

1919 4755 2163 4839 φρόνησιν
2211 4760 2310 4837 (fr.
2356 4759 2389 4817 5
2441 4762 2571 4820 coll.
2616 4760 2706 4837 8).
2759 4762 2941 4834 Quam
2987 4763 3261 4818 sentiendi
3290 4766 3475 4820 ratio-

1915 4866 2048 4903 nem
2091 4847 2238 4904 ridet
2281 4850 2540 4905 Pericleae
2593 4850 2814 4917 virtutis
2865 4867 3055 4923 praeco
3109 4851 3459 4908 Plutarchus,

1921 4932 2058 4992 Ἀλλ’
2084 4929 2243 4993 Ἴωνα
2265 4932 2386 5010 μὲν,
2417 4938 2623 5009 inquit,
2656 4932 2833 5014 ὥσπερ
2856 4931 3108 5014 τραγικὴν
3132 4934 3472 4995 διδασκαλίαν

1919 5017 2158 5087 ἀξιοῦντα
2202 5018 2296 5089 τὴν
2339 5019 2527 5099 ἀρετὴν
2557 5018 2694 5100 ἔχειν
2737 5044 2787 5078 τι
2822 5020 3029 5088 πάντως
3062 5020 3151 5078 καὶ
3194 5022 3471 5102 σατυρικὸν

1919 5104 2072 5186 μέρος
2105 5109 2291 5184 ἐῶμεν.
2323 5110 2548 5165 Periclis
2575 5109 2774 5165 odium
2803 5111 2969 5166 etiam
2998 5128 3067 5166 ex
3092 5111 3159 5165 iis
3188 5112 3472 5183 explicare

1921 5199 2216 5270 potuisset,
2247 5216 2369 5270 quae
2399 5198 2571 5253 refert
2587 5198 2882 5254 Athenaeus
2899 5198 2955 5253 X
2973 5239 2989 5268 ,
3011 5216 3072 5270 p.
3097 5196 3228 5269 436,
3249 5200 3293 5252 E
3321 5217 3334 5253 ε
3365 5196 3473 5257 Βά-
