4016 5916
1634 341 2131 440 FRAGMENTA.

250 525 483 579 Tzetzes
508 521 654 578 Chil.
703 520 816 576 ΧΠ
835 561 850 586 ,
879 516 1029 589 3303
1056 515 1271 571 Albert.
1304 513 1537 587 Magnus
1559 514 1645 567 Dc
1694 511 1821 565 ani-

254 611 395 666 mal.
430 620 568 665 tom.
592 610 755 680 V1,p.
786 605 923 675 678,
955 621 1019 658 ex
1056 598 1365 657 Alexandri
1405 598 1678 671 epistolis,
1700 616 1822 670 quae

260 697 552 764 seruntur3
578 699 906 765 Anonymus
924 693 1008 746 De
1027 688 1286 744 monstris
1322 697 1378 741 et
1398 685 1598 740 belluis
1624 702 1685 757 p.
1712 683 1826 758 259

256 783 359 841 ed.
386 785 593 856 Berger
620 781 691 836 de
734 781 969 851 Xivrey.
996 774 1167 848 Quos]
1189 775 1346 829 locos
1384 773 1516 828 citat
1564 772 1826 828 Schwan-

262 871 434 930 beck.
452 887 511 942 p.
542 888 612 939 72
643 867 854 923 addens
872 866 988 920 haec
1018 882 1032 918 ε
1068 888 1090 911 ι
1112 862 1475 918 Philostratus
1510 862 1575 916 V.
1630 860 1823 932 Apoll.

262 959 368 1024 vl,
398 966 437 1015 1.
460 955 800 1014 Heliodorus
822 952 975 1007 AEth.
1019 950 1106 1018 X,
1137 948 1209 1005 26
1242 967 1299 1022 p.
1328 946 1463 1021 495,
1513 965 1686 1018 quum
1712 945 1826 1000 for-

262 1046 439 1099 micas
476 1041 921 1112 illas'AEthiopiae
971 1037 1361 1105 attribuerint,
1397 1032 1720 1090 auctoribus
1746 1034 1828 1087 usi

262 1131 531 1186 videntur
552 1128 905 1202 Megasthene
930 1123 1341 1197 antiquioribus
1362 1121 1444 1195 (?).
1463 1121 1831 1193 Nuncupatur

262 1219 514 1292 populus
527 1214 923 1288 aMegasthene
938 1207 1148 1288 Δέρδαι,
1167 1209 1320 1282 apud
1344 1207 1582 1262 Plinium
1601 1209 1827 1289 anlm,

266 1304 342 1360 ab
376 1304 503 1376 ipsis
543 1300 699 1356 Indis
720 1299 991 1353 Daradae.
1023 1299 1093 1352 Et
1133 1293 1539 1351 admirabiliter
1568 1295 1832 1347 Daradas

268 1393 598 1449 Ptolemaeus
621 1390 679 1442 in
700 1386 983 1458 AEthiopia
1008 1384 1263 1439 habitare
1293 1383 1461 1451 dicit,
1500 1396 1555 1439 et
1583 1382 1829 1454 ejusdem

270 1481 514 1535 nominis
531 1477 807 1551 populum
832 1476 889 1529 in
913 1485 1161 1529 extrema
1178 1472 1365 1544 Libyae
1392 1485 1552 1546 parte
1581 1470 1651 1527 ad
1682 1471 1830 1525 occi-

271 1564 498 1621 dentem
527 1567 628 1620 sita
646 1564 936 1636 Agathem.
955 1563 1027 1630 ΙΙ,
1055 1560 1110 1629 5,
1139 1559 1335 1632 Polyb.
1364 1579 1457 1633 ap.
1484 1562 1628 1616 Plin.
1660 1560 1730 1614 H.
1760 1560 1828 1613 N.

274 1644 346 1716 V,
377 1668 548 1724 1,·20‚
590 1651 822 1706 Ptolem.
866 1650 962 1717 IV,
989 1648 1051 1718 6,
1078 1665 1247 1720 quem
1287 1658 1500 1703 veteres
1529 1648 1833 1719 scriptores

276 1754 402 1793 cuni
424 1738 584 1793 solita
614 1736 789 1792 Indiae
818 1745 873 1790 et
892 1735 1188 1807 AEthiopiae
1201 1736 1615 1807 permutatione
1638 1734 1822 1788 nescio

272 1845 345 1883 an
399 1826 507 1881 huc
534 1824 992 1896 transposuerint.
1028 1820 1289 1877 Indicum
1327 1835 1476 1877 certe
1520 1820 1833 1877 sabuletum

272 1924 332 1969 et
352 1911 600 1969 Africum
619 1910 1018 1985 permutationi
1041 1926 1229 1964 ansam
1245 1905 1381 1964 dare
1397 1908 1556 1965 facile
1576 1906 1783 1980 potuit.
1805 1928 1829 1952 ι»

357 1998 516 2054 Idem
542 1995 1014 2054 Schwanbeckius
1033 1992 1201 2049 docet
1218 1996 1599 2051 narrationem
1621 1993 1691 2047 de
1719 1990 1833 2046 for·

280 2088 439 2142 mici»
464 2085 577 2140 istis
591 2085 757 2140 etiam
784 2081 936 2156 apud
962 2083 1289 2154 Qazvinium
1326 2083 1568 2138 Arabem
1595 2081 1837 2153 scripto-

278 2189 398 2229 rem
441 2189 739 2228 occurrere
767 2172 825 2224 in
857 2171 1245 2225 GiIdemee‘ster
1280 2170 1508 2243 Scriptt.
1542 2169 1713 2224 Arab.
1763 2166 1835 2220 de

281 2260 535 2317 reb.1nd.
556 2280 618 2333 p.
653 2276 964 2314 atto—222
985 2259 1382 2316 :Dixitauctor-
1397 2258 1527 2312 libre·
1540 2255 1839 2311 miraculo-

282 2367 400 2403 rum
411 2389 431 2416 ,
457 2349 515 2403 1⁶12
540 2349 737 2402 ultima
760 2346 932 2401 India
954 2356 1158 2400 terram
1181 2363 1311 2412 esse,
1340 2349 1495 2416 cujus
1511 2361 1685 2398 ezr-ena
1704 2359 1838 2395 auro

278 2439 564 2489 commista
597 2437 673 2488 se’t
684 2452 707 2499 ‚·
739 2433 818 2488 ibi
838 2431 1213 2502 formicarum
1262 2449 1594 2504 magnarum
1633 2432 1841 2502 species

285 2534 387 2588 est,
433 2540 559 2595 quoe
598 2538 790 2575 canem
823 2521 1105 2574 celeritate
1139 2537 1323 2574 cursus
1355 2529 1653 2592 superqnt;
1695 2527 1840 2570 terra

287 2629 451 2683 qnam
480 2605 963 2679 maz-imefhtvida
992 2605 1115 2682 fest,
1155 2618 1211 2662 et
1242 2618 1382 2662 oestu
1408 2617 1570 2661 aucto
1571 2602 1840 2676 formicoe

286 2698 385 2752 sub
418 2708 616 2751 terram
653 2700 709 2749 in
759 2695 996 2749 latibula
1020 2712 1081 2750 se
1116 2698 1385 2770 recipiunt
1420 2696 1605 2768 ibique
1635 2694 1831 2758 latent,

286 2801 456 2857 usque
502 2783 632 2837 dum
671 2792 837 2836 (estus
865 2779 1223 2836 vehementicz
1257 2782 1531 2836 dime‘nuta
1569 2790 1669 2834 est.
1712 2779 1843 2832 Tum

292 2873 422 2927 Indi
439 2887 560 2925 cum
567 2874 835 2942 jumentis
852 2870 935 2924 ad
951 2887 1140 2924 earum
1172 2868 1408 2923 latibula
1420 2871 1657 2924 veniunt
1671 2878 1727 2922 et
1743 2867 1846 2920 ali·

290 2972 549 3035 quantum
581 2957 821 3013 avebant
852 2972 1117 3024 arenam5
1150 2957 1354 3013 deiude
1388 2976 1547 3011 cursu
1591 2956 1757 3011 celeri
1788 2972 1848 3009 se

3337 383 3451 432 ⁴35

1913 509 2197 583 perspexit
2223 510 2469 564 Ritterus
2497 502 2689 582 (Ase'en
2703 504 2928 578 11‚659;
2954 504 3026 562 cf.
3048 522 3108 577 p.
3143 502 3274 562 508.
3303 503 3466 577 593).

1915 596 2190 652 Convenit
2215 596 2378 651 etiam
2401 595 2558 648 locus
2583 611 2597 650 ε
2633 593 2802 648 inilia
2820 593 2968 647 enim
2992 592 3220 665 regione
3237 591 3474 646 Daradae

1914 683 2260 738 habitabant.
2302 683 2497 753 Neque
2521 689 2707 734 tamen
2734 678 2886 752 apud
2929 680 3108 751 ipsum
3159 680 3470 746 Rittcrum,

1917 761 2052 816 dum
2081 763 2142 815 in
2163 761 2392 815 nomine
2414 758 2556 814 male
2591 758 2873 812 intellecto
2911 766 3008 811 aut
3047 775 3350 822 converse,
3377 769 3476 811 aut

1916 850 2093 906 altero
2109 866 2236 904 cum
2257 849 2432 903 altero
2453 856 2668 901 mutato
2686 846 3062 900 narrationem
3083 844 3358 917 originem
3371 845 3475 898 ha-

1915 937 2052 992 bere
2073 945 2261 1010 putat,
2296 946 2588 990 auctorum
2609 934 2845 988 varietas
2869 932 2997 987 satis
3017 931 3213 986 valuit.
3243 933 3327 986 Ex
3358 950 3474 1003 quo

1920 1034 2171 1096 tempore
2214 1023 2375 1077 etiam
2405 1023 2598 1076 ultima
2638 1019 3004 1074 dubitationis
3044 1036 3210 1074 causa
3258 1017 3476 1073 sublata

1918 1119 1999 1164 est
2026 1129 2041 1164 z
2067 1111 2217 1167 Vilso
2253 1112 2402 1165 enim
2431 1108 2644 1163 invenit
2668 1109 2891 1180 (Arian.
2913 1116 3030 1163 ant.
3060 1125 3121 1179 p.
3161 1104 3293 1178 235)
3315 1123 3480 1159 men-

1925 1198 2136 1252 tionem
2172 1194 2295 1251 fieri
2327 1196 2496 1251 etiam
2526 1196 2583 1249 in
2604 1193 2813 1248 Indicis
2834 1194 3010 1248 literis
3031 1193 3341 1248 bestiarum
3381 1210 3479 1246 au·

1922 1303 2046 1339 rum
2073 1283 2491 1350 effodiendum,
2526 1299 2698 1353 quas,
2724 1299 2900 1354 quum
2921 1290 3123 1335 terram
3174 1278 3480 1348 effodiant,

1920 1372 2120 1427 eodem
2142 1372 2369 1426 nomine
2391 1367 2672 1445 (ρίρῖίῐιτι)
2700 1378 2868 1441 atque
2896 1366 3159 1425 formicas
3185 1367 3311 1423 Indi
3340 1386 3485 1422 nun·

1922 1469 2149 1531 cupant.
2178 1457 2260 1512 Cf.
2295 1456 2519 1513 Mahab.
2547 1457 2635 1523 ΙΙ,
2678 1455 2829 1511 2860
2864 1474 2877 1510 ε
2903 1456 3198 1529 pipllt'cam
3235 1458 3483 1530 gatarn-

1918 1565 2055 1619 pam
2087 1546 2368 1599 addre'tam
2403 1545 2703 1617 ρὶρΐΙίεάίε,
2743 1543 2782 1597 i.
2807 1561 2859 1598 e.
2884 1540 3248 1614 formicitmm
3287 1560 3483 1596 aurum

1924 1645 2133 1688 erutum
2154 1652 2192 1686 α
2200 1633 2475 1704 formicis.
2508 1633 2705 1703 Itaque
2729 1631 2895 1686 etiam
2929 1631 3001 1686 de
3027 1631 3132 1686 hac
3175 1649 3236 1686 re
3281 1631 3486 1685 rectius

1926 1738 2095 1793 quam
2114 1720 2214 1792 qui
2231 1735 2360 1773 eum
2387 1718 2742 1790 vituperant,
2787 1717 3167 1791 Megasthenes
3190 1718 3423 1773 censuit.
3461 1739 3486 1766 n

2665 1860 2760 1920 40.

2008 2005 2210 2061 Strabo
2233 2005 2358 2076 XV,
2384 2023 2445 2077 p.
2479 2021 2508 2072 7
2525 2022 2543 2057 1
2563 2022 2584 2057 1
2610 2021 2731 2075 sqq.
2769 2021 2782 2056 2
2819 1999 2953 2079 Περὶ
2985 1997 3037 2056 δὲ
3061 2001 3163 2056 τῶν
3193 1997 3485 2078 φιλοσόφων

1928 2089 2094 2167 λέγων
2124 2091 2237 2165 (sc.
2279 2086 2738 2164 Μεγασθένης)
2775 2085 2894 2152 τοὺς
2934 2084 3028 2160 μὲν
3068 2085 3290 2165 ὀρεινοὺς
3321 2088 3489 2144 αὐτῶν

1932 2199 2088 2257 φησιν
2108 2175 2337 2253 ὑμνητὰς
2357 2167 2489 2232 εἶναι
2511 2179 2601 2232 τοῦ
2623 2172 2890 2245 Διονύσου,
2918 2172 3211 2239 δεικνύντας
3228 2173 3488 2253 τεκμήρια

1929 2261 2026 2334 τὴν
2056 2262 2240 2342 ἀγρίαν
2270 2261 2502 2337 ἄμπελον
2529 2257 2675 2338 παρὰ
2704 2258 2875 2335 μόνοις
2913 2259 3083 2325 αὐτοῖς
3112 2257 3371 2337 φυομένην
3400 2258 3490 2315 καὶ

1897 2349 2102 2419 ,κιττὸν
2130 2348 2216 2408 καὶ
2251 2349 2446 2429 δάφνην
2473 2347 2563 2406 καὶ
2609 2345 2859 2426 μυρρίνην
2895 2343 2985 2403 καὶ
3029 2342 3185 2412 πύξον
3233 2342 3491 2402 κα1.’ἅλλα

1929 2440 2031 2495 τῶν
2073 2438 2344 2509 ἄειθαλῶν,
2381 2427 2456 2494 ὧν
2487 2433 2647 2512 μηδὲν
2688 2425 2820 2491 εἶναι
2855 2431 3018 2511 πέραν
3061 2437 3150 2490 τοῦ
3185 2431 3490 2512 Εὐφράτου,

1932 2523 2069 2594 πλὴν
2101 2526 2154 2582 ἐν
2182 2521 2515 2602 παραδείσοις
2556 2520 2750 2579 σπάνια
2781 2518 2872 2577 καὶ
2904 2518 3038 2596 μετὰ
3077 2520 3274 2590 πολλῆς
3310 2521 3493 2596 ἐπιμε-

1930 2611 2071 2677 λείας
2114 2610 2398 2688 σωζόμενα.
2437 2607 2776 2671 Διονυσιακὸν
2812 2606 2866 2664 δὲ
2905 2606 2993 2664 καὶ
3022 2605 3080 2663 τὸ
3119 2607 3491 2686 σινδονοφορεῖν

1933 2698 2099 2756 καὶτὸ
2129 2703 2432 2778 μιτροῦσθαι
2456 2696 2545 2755 καὶ
2569 2698 2853 2775 μυροῧσθαι
2875 2693 2964 2750 καὶ
3002 2693 3288 2770 βάπτεσθαι
3312 2695 3490 2751 ἄνθινα

1935 2785 2024 2844 καὶ
2054 2784 2168 2851 τοὺς
2195 2783 2439 2865 βασιλέας
2465 2785 2943 2862 κωδωνοφορεῖσθαι
2975 2781 3063 2839 καὶ
3085 2781 3496 2857 τυμπανίζεσθαι

1936 2870 2072 2931 κατὰ
2112 2871 2202 2939 τὰς
2240 2872 2456 2941 ἐξόδους.
2499 2875 2551 2931 Τ
2553 2870 2639 2937 οὺς
2678 2869 2732 2928 δὲ
2774 2869 3069 2934 πεδιασίους
3105 2868 3191 2925 τὸν
3220 2866 3492 2947 Ἠρακλέα

1936 2969 2114 3037 τιμᾶν.
2148 2961 2368 3038 [Ταῦτα
2397 2957 2492 3034 μὲν
2520 2949 2607 3017 οὖν
2636 2955 2846 3033 μυθώδη
2876 2956 2965 3013 καὶ
2990 2953 3087 3013 ὑπὸ
3120 2956 3326 3013 πολλῶν
3351 2957 3499 3033 ἐλεγ-

291 3054 557 3123 recipiunt
570 3058 714 3103 metu
717 3043 1104 3117 formicarum,
1131 3064 1202 3102 ne
1217 3049 1478 3103 inrecutae
1488 3063 1547 3102 sc
1573 3043 1846 3101 devolvat:
1936 3047 2259 3130 χόμενα,1ιαὶ
2274 3044 2500 3125 μάλιστα
2526 3044 2636 3127 [τὰ]
2650 3043 2767 3126 περὶ
2789 3047 2880 3115 τῆς
2893 3042 3126 3120 ἀμπέλου
3142 3041 3232 3101 καὶ
3243 3047 3331 3102 τοῦ
3357 3039 3490 3101 οἴνου
3501 3085 3520 3114 ,

292 3139 471 3192 Ρο110
509 3136 869 3208 Busbeqm’um
911 3136 1256 3210 (Legationis
1273 3137 1522 3192 Turcicae
1548 3135 1721 3208 Epist.
1751 3135 1850 3208 lv,

294 3244 353 3297 p.
420 3222 555 3297 144)
614 3221 835 3277 tradere
888 3223 1175 3278 Solimauo
1228 3235 1434 3297 praeter
1481 3223 1588 3278 alia
1628 3222 1779 3278 dona
1823 3241 1855 3277 a

298 3312 611 3383 Thamaspo
654 3312 943 3365 Persarum
980 3328 1110 3385 rege
1132 3312 1349 3367 missam
1389 3330 1504 3366 esse
1558 3310 1856 3365 formicam

301 3398 582 3465 Indicam,
608 3396 909 3452 mediocris
923 3399 1072 3452 canis
1088 3399 1472 3473 magnitudine
1492 3439 1506 3465 ,
1536 3397 1860 3453 mordacem

304 3482 613 3538 admodum
663 3493 718 3537 et
766 3501 977 3538 saevam.
1034 3486 1164 3539 Post
1213 3485 1330 3542 haec
1396 3484 1863 3541 Schwanbeckius

302 3571 605 3644 pergitita:
634 3592 655 3618 α
676 3570 910 3625 Bestiam
937 3573 1150 3644 primus
1167 3569 1558 3642 Moorcroseins
1585 3570 1713 3644 (As.
1732 3573 1855 3627 Res.

308 3658 414 3712 xl!
435 3698 450 3724 ‚
478 3656 614 3729 1139)
648 3657 889 3723 invenit,
922 3660 1017 3730 qui
1042 3659 1187 3716 circa
1207 3660 1336 3714 Indi
1357 3660 1536 3713 sontes
1567 3660 1745 3713 solum
1776 3660 1863 3712 in-

308 3737 458 3790 venit
483 3735 790 3790 auriferum
809 3747 863 3790 ct
888 3736 1119 3791 bestiam
1138 3740 1198 3793 in
1222 3740 1473 3795 cavernis
1494 3749 1654 3793 terrae
1676 3739 1861 3793 viven-

1950 3138 2113 3217 πέραν
2128 3136 2230 3216 γὰρ
2250 3142 2339 3195 τοῦ
2363 3136 2640 3218 Εὐφράτου
2663 3134 2751 3192 καὶ
2772 3137 2863 3203 τῆς
2885 3131 3153 3211 Ἀρμενίας
3179 3130 3285 3190 ἐστὶ
3309 3130 3504 3200 πολλή·

1950 3226 2039 3284 καὶ
2068 3229 2101 3295 ἡ
2135 3224 2514 3300 Μεσοποταμία
2543 3221 2639 3293 ὅλη
2670 3219 2759 3279 καὶ
2787 3224 2821 3290 ἡ
2865 3218 3052 3289 Μηδία
3081 3218 3196 3289 ἑξῆς
3236 3217 3392 3296 μέχρι
3419 3219 3506 3275 καὶ

1956 3311 2206 3392 Περσίδος
2230 3310 2321 3370 καὶ
2346 3309 2675 3391 Καρμανίας·
2698 3305 2892 3366 τούτων
2917 3305 2971 3363 δὲ
2987 3309 3090 3363 τῶν
3112 3308 3266 3363 ἐθνῶν
3287 3306 3507 3363 ἑκάστου

1951 3400 2082 3459 πολὺ
2113 3397 2265 3479 μέρος
2292 3398 2584 3474 εὐάμπελον
2607 3394 2696 3453 καὶ
2720 3392 2913 3452 εὔοινον
2942 3390 3191 3470 λέγεται]

2030 3484 2226 3556 Ἄλλην
2242 3484 2296 3543 δὲ
2320 3483 2566 3564 διαίρεσιν
2584 3488 2808 3539 ποιεῖται
2831 3478 2949 3558 περὶ
2968 3482 3071 3536 τῶν
3090 3476 3400 3558 φιλοσόφων,
3420 3476 3509 3534 δύο

1949 3572 2074 3651 γένη
2103 3571 2333 3652 φάσκων,
2376 3563 2448 3629 ὧν
2476 3568 2590 3637 τοὺς
2626 3567 2719 3644 μὲν
2757 3571 3079 3648 Βραχμᾶνας
3111 3566 3279 3634 καλεῖ,
3303 3562 3420 3629 τοὺς
3455 3563 3510 3620 δὲ

1955 3658 2238 3739 Σαρμάνας
2265 3659 2467 3735 (codd.
2499 3660 2834 3735 Γαρμδὶνας).
2862 3652 2996 3719 Τοὺς
3021 3650 3116 3729 μὲν
3141 3642 3225 3709 οὖν
3251 3654 3512 3729 Βραχμᾶ-

1948 3769 2040 3812 νας
2058 3740 2342 3820 εὖδοκιμὲἷν
2365 3746 2579 3819 μᾶλλον,
2596 3745 2793 3820 μᾶλλον
2808 3740 2909 3820 γὰρ
2930 3740 3026 3798 καὶ
3046 3741 3316 3815 ὁμολογεῖν
3339 3741 3389 3797 ἐν
3409 3749 3513 3805 τοῖς

311 3835 445 3893 10111,
466 3826 555 3880 cui
578 3835 831 3879 veterum
862 3822 1161 3900 descriptio
1190 3828 1587 3897 conveniebat,
1620 3829 1693 3883 ita
1716 3827 1863 3882 scili·
1951 3824 2227 3903 δόγμασιν·
2247 3823 2348 3895 ἤδη
2363 3822 2406 3881 δ’
2425 3821 2567 3888 εὐθὺς
2594 3822 2684 3879 καὶ
2707 3821 2985 3895 κυομένους
3013 3817 3146 3896 ἔχειν
3172 3815 3509 3892 ἐπιμελητὰς,

310 3923 426 3980 cet,
456 3922 519 3966 ut
542 3911 793 3967 formicis
837 3914 1066 3970 minime
1092 3916 1282 3971 similis
1306 3933 1419 3971 esse
1452 3917 1646 3988 possit.
1683 3917 1860 3986 Quam
1951 3911 2152 3989 λογίους
2186 3909 2403 3990 ἄνδρας·
2451 3909 2536 3976 οθς
2559 3908 2866 3988 προσιόντας
2901 3907 3050 3983 λόγον
3083 3906 3176 3983 μὲν
3207 3907 3413 3987 ἐπᾴδειν
3437 3909 3514 3965 δο·

312 3998 545 4058 eandem
575 4017 686 4054 esse
705 4010 873 4073 atque
913 4002 1067 4056 istam
1097 4002 1387 4059 formicam
1417 4004 1487 4057 ab
1534 4001 1862 4070 HerodotO,
1953 4007 2059 4056 κεῖν
2088 3996 2178 4055 καὶ
2200 3996 2291 4068 τὴν
2314 3994 2512 4074 μητέρα
2541 3997 2629 4055 καὶ
2656 3997 2743 4053 τὸν
2772 3995 3019 4071 κυόμενον
3049 3996 3119 4060 εἷς
3144 3994 3432 4052 εὐτεκνίαν·
3455 3994 3514 4052 τὸ

316 4085 596 4153 Nearcho,
626 4087 978 4160 Megasthene
1004 4090 1235 4163 aliisque
1265 4100 1628 4145 memoratam
1653 4090 1865 4163 primus
1904 4046 1914 4144 1
1954 4088 1998 4143 δ’
2022 4085 2207 4156 ἀληθὲς
2225 4129 2240 4158 ,
2270 4082 2584 4165 σωφρονικάς
2610 4107 2758 4149 τινας
2777 4080 3104 4163 παραινέσεις
3131 4082 3220 4138 καὶ
3249 4078 3509 4149 ὑποθήκας

320 4262 413 4298 000
430 4250 623 4312 quidem
642 4250 789 4314 ipsius
811 4254 918 4302 auri
937 4266 1086 4302 causa
1100 4291 1114 4316 ‚
1134 4254 1217 4303 sed
1242 4257 1298 4304 ut
1322 4254 1411 4304 sibi
1430 4256 1570 4303 antra
1583 4291 1596 4313 ,
1627 4255 1675 4303 10
1701 4254 1875 4317 quibus
1959 4255 2102 4303 etiam
2121 4254 2344 4302 sindones
2360 4257 2408 4302 et
2427 4254 2590 4301 mitras
2608 4254 2790 4313 gestare
2808 4254 2856 4300 et
2875 4249 3128 4311 unguentis
3147 4249 3219 4297 011
3248 4250 3296 4297 01
3317 4248 3515 4296 ssorihns

318 4327 611 4390 delitescant,
630 4333 799 4392 parent
821 4350 833 4381 ε
852 4332 1257 4394 quemadmodum
1274 4334 1447 4382 nostrae
1468 4332 1678 4381 formica>
1691 4332 1875 4393 exiguae

321 4404 532 4454 nonnihil
552 4408 738 4455 eruant.
802 4408 916 4458 Illas
936 4422 1068 4471 vero,
1092 4410 1269 4472 quippe
1286 4422 1396 4470 quae
1417 4409 1644 4471 vulpibus
1668 4407 1761 4457 sint
1784 4421 1881 4457 ma-

319 4483 461 4546 iores,
478 4498 565 4546 pro
596 4488 779 4536 ratione
797 4500 963 4535 earum
1001 4488 1340 4549 magnitudinis
1370 4501 1565 4551 quoque
1595 4488 1774 4536 terram
1800 4487 1873 4536 so-

320 4560 456 4619 11010,
481 4574 592 4623 qum
610 4563 670 4611 sit
692 4563 896 4612 aurifera
911 4600 925 4625 ‚
949 4567 1095 4625 atque
1116 4577 1287 4614 aurum
1318 4565 1446 4615 indis
1473 4564 1758 4626 suppeditet.
1790 4566 1876 4615 Ce-

323 4641 479 4687 terum
502 4640 829 4701 Megasthenes
850 4640 1072 4691 auditum
1096 4645 1274 4691 narrat.

386 4798 455 4845 De
476 4798 764 4861 philosophis
802 4801 1126 4861 Megasthenes
1168 4803 1354 4861 narrat,
1383 4814 1464 4851 eos
1487 4793 1569 4864 qui
1596 4804 1708 4851 sunt
1742 4815 1877 4851 mon-

329 4875 420 4921 tani
438 4909 453 4933 ,
470 4874 706 4923 Bacchum
721 4876 964 4926 celebrare
976 4915 990 4939 ,
1006 4878 1138 4939 signa
1153 4878 1377 4940 quiedam
1398 4878 1699 4927 ostendemus
1718 4893 1730 4926 t
1748 4880 1875 4941 quod

326 4950 479 4998 solum
509 4951 637 5013 apud
655 4965 735 5000 eos
754 4953 951 5014 agrestis
974 4955 1084 5003 vitis
1104 4958 1345 5013 nascatur,
1375 4959 1421 5005 et
1444 4955 1620 5005 hedera
1643 4959 1690 5005 et
1709 4957 1874 5007 laurus

328 5029 375 5075 et
399 5030 584 5089 myrtus
622 5031 671 5078 et
702 5029 863 5079 buxus
884 5033 933 5079 et
956 5031 1049 5080 alia
1071 5044 1257 5094 semper
1274 5033 1503 5095 virentia,
1529 5046 1735 5096 quorum
1767 5036 1877 5084 nul-

333 5104 429 5152 10111
448 5103 509 5153 sit
530 5107 664 5153 trans
696 5106 988 5168 Euphratem
1019 5112 1193 5170 pra-ter
1227 5122 1377 5171 pauca
1399 5109 1623 5172 qua-dam
1651 5110 1698 5158 10
1732 5112 1880 5162 hortis

326 5181 557 5242 amu-uis,
581 5194 690 5245 quoe
714 5183 869 5233 1110110
900 5185 1036 5234 cuttu
1067 5190 1424 5236 conserventur.
1492 5187 1774 5237 Bacchicum
1807 5192 1879 5238 cst

1963 4330 2078 4393 tingi
2093 4333 2140 4379 et
2155 4333 2381 4391 tympana
2395 4332 2442 4377 et
2455 4327 2774 4377 tintinnabula
2789 4330 3044 4376 exuentem
3062 4340 3217 4388 regem
3229 4326 3515 4387 praecedere.

1962 4409 2262 4470 Campestres
2303 4419 2418 4455 vero
2455 4405 2709 4454 Herculem
2740 4405 2915 4453 001010.
2982 4407 3103 4467 Quae
3136 4404 3345 4465 profecto
3388 4401 3516 4451 sabu-

1964 4486 2064 4535 losa
2095 4488 2208 4535 01101
2234 4498 2262 4535 a
2287 4485 2450 4535 multis
2468 4485 2701 4545 refutata,
2721 4484 2986 4546 praesertim
3014 4482 3074 4531 de
3100 4483 3210 4530 vino
3229 4494 3286 4529 ac
3305 4481 3514 4530 vitibus:

1964 4576 2076 4612 nam
2111 4563 2238 4625 regio
2272 4566 2404 4612 trans
2441 4562 2734 4624 Euphratem
2758 4563 2808 4610 et
2845 4560 3120 4609 Armeniam
3153 4561 3315 4609 vineas
3351 4559 3516 4609 habet.

1964 4639 2303 4703 Mesopotamia
2316 4638 2510 4702 quidem
2525 4640 2627 4688 tota
2645 4641 2693 4688 et
2709 4637 2862 4687 Media
2879 4651 2936 4686 ac
2951 4638 3124 4686 ceterae
3143 4637 3356 4699 regiones
3367 4651 3520 4700 usque

1963 4717 2248 4845 immam
2280 4719 2330 4767 et
2352 4717 2658 4767 Carmaniam
2689 4728 2859 4779 magna
2882 4728 2942 4765 ex
2967 4717 3104 4779 parte
3135 4715 3314 4765 vitibus
3335 4717 3384 4766 01
3404 4717 3518 4766 vino

1961 4806 1990 4842 a
2126 4796 2226 4843 ant.

2029 4872 2100 4920 De
2136 4869 2428 4933 philosophis
2459 4882 2652 4933 quoque
2678 4868 2957 4919 divisionem
2981 4870 3123 4920 aliam
3157 4870 3394 4933 instituit,
3424 4871 3521 4920 duo

1963 4959 2137 5007 genera
2160 4959 2327 4996 eornm
2362 4948 2538 4997 taciens
2555 4983 2570 5008 ,
2594 4959 2801 5010 quorum
2833 4958 2987 4996 unum
3013 4948 3360 5009 Brachmanoe,
3396 4948 3518 4998 alte-

1966 5036 2075 5073 rum
2099 5028 2355 5076 Sannanes
2371 5025 2578 5075 dicatur.
2645 5028 2875 5089 Praystare
2892 5028 3058 5075 autem
3075 5027 3392 5077 Brachmanes
3410 5028 3521 5075 alte·

1965 5104 2028 5151 ris
2046 5140 2059 5161 ‚
2075 5104 2202 5166 quod
2221 5116 2386 5153 eorum
2408 5104 2595 5153 decreta
2609 5105 2757 5165 magis
2773 5104 2866 5154 sint
2892 5108 3225 5157 consentanea.
3289 5108 3348 5156 Hi
3371 5120 3521 5169 quum

1964 5182 2174 5243 primum
2198 5181 2412 5243 concepti
2436 5183 2578 5243 sunt,
2605 5182 2732 5231 viros
2749 5181 2916 5231 doctos
2934 5186 3180 5233 curatores
3211 5183 3386 5233 habent
3401 5219 3414 5244 ,
3436 5184 3520 5245 qui

3239 5276 3302 5316 28.
