4016 5916
1276 408 1864 471 Amssmmsmm
1913 410 2397 470 unsrussch.
3258 408 3266 418 ·
3324 396 3343 421 '¹
3397 424 3502 475 ιιι

303 539 386 598 ἔτι
415 539 511 617 μὲν
553 537 655 618 (τὰ
686 536 974 617 γράμματα
1018 537 1178 594 addit
1218 537 1495 611 Telephus
1529 557 1621 612 ap.
1660 539 1852 614 Eust.)
1952 535 2207 617 γραφεὺς,
2228 536 2474 615 πρότερον
2496 534 2589 611 μὲν
2618 536 2843 614 αἱρετὸς,
2880 530 3020 603 αὖθις
3046 537 3098 596 δὲ
3122 540 3385 620 κληρωτὸς
3414 532 3499 613 ἦν.

314 626 406 683 καὶ
447 623 545 695 τὴν
585 622 839 701 δημοσίαν
866 621 1154 702 σφραγῖδα·
1192 621 1398 678 ἐπειδὰν
1427 620 1479 679 δὲ
1510 624 1555 680 οἱ
1593 622 1864 701 πρυτάνεις
1958 624 2062 684 Καὶ
2109 622 2281 680 πάντα
2328 622 2671 702 ἀντεγράφετο
2720 623 3155 701 παρακαθήμενος
3198 630 3263 705 τῇ
3290 629 3495 707 ..βουλῇ

307 710 647 790 συναγάγωσι
663 709 756 782 τὴν
780 709 970 789 βουλὴν
992 706 1134 779 ἢτὸν
1162 707 1356 783 δῆμον,
1374 709 1402 765 ὀ
1430 705 1710 779 ἐπιστάτης
1734 710 1861 780 κλη-
1949 712 2188 768 Bekker.
2222 710 2434 767 Anecd.
2464 712 2521 779 1,
2563 729 2623 784 p.
2670 716 2805 776 410.
2846 713 3152 771 Hermann.
3183 714 3224 772 l.
3262 715 3301 769 l.
3359 734 3498 793 127,

307 799 393 878 ροῖ
418 796 702 879 προέδρους
731 795 875 856 ἐννέα
908 796 1036 874 (τῆς
1057 793 1256 861 πόλεως
1288 795 1422 851 add.
1458 796 1688 871 Teleph.
1715 798 1755 856 l.
1788 799 1861 873 l.)
1958 798 2048 869 183
2071 799 2425 855 Schoemann.
2458 798 2499 855 l.
2530 799 2568 852 l.
2594 816 2655 872 p.
2688 796 2830 867 218,
2866 798 2952 854 16.

308 886 420 946 ἀπὸ
446 888 611 967 φυλῆς
634 882 857 957 ἑκάστης
875 880 994 956 ἕνα,
1017 880 1153 953 πλὴν
1182 885 1274 952 τῆς
1293 879 1713 962 πρυτανευούσης
1728 926 1744 955 ,
1771 885 1861 941 καὶ

305 971 472 1031 πάλιν
497 974 555 1031 ἐκ
571 974 674 1030 τῶν
699 970 844 1029 ἐννέα
862 969 1057 1029 τούτων
1078 967 1358 1039 ἐπιστάτην
1381 966 1471 1026 ἕνα
1491 969 1677 1048 κληροῖ
1696 969 1783 1027 καὶ
1803 968 1860 1027 τὸ

304 1068 532 1137 πρᾶγμα
568 1057 919 1136 παραδίδωσι·
940 1046 1092 1122 οὗτος
1126 1055 1178 1113 δὲ
1200 1054 1393 1131 εἰσάγει
1416 1053 1508 1124 τὴν
1547 1055 1727 1128 δίκην,
1772 1058 1862 1115 καὶ

312 1145 640 1223 ἐπιμελεῖται
684 1143 822 1204 κατὰ
869 1142 1026 1220 νόμον
1063 1141 1236 1201 πάντα
1275 1140 1542 1219 γενέσθαι,
1581 1142 1671 1201 καὶ
1701 1141 1861 1219 μηδὲν

304 1234 727 1314 παραλειφθῆναι
758 1227 884 1309 πρὸς
911 1228 971 1288 τὸ
992 1230 1298 1309 διδαχθῆναι
1325 1225 1440 1294 τοὺς
1464 1227 1728 1294 δικαστάς.
1753 1233 1862 1286 Ea-

306 1324 445 1379 dem
467 1322 586 1377 haec
605 1320 919 1376 Eustathius
947 1318 1021 1376 ad
1041 1318 1236 1391 Odyss.
1267 1318 1341 1387 P,
1376 1314 1509 1387 455,
1554 1336 1586 1374 e
1615 1318 1861 1391 Telepho

306 1409 509 1479 tradit,
528 1407 629 1481 qni
639 1408 756 1481 ipse
772 1407 1173 1481 suasumpserit
1184 1423 1252 1461 ex
1268 1406 1583 1462 Aristotele.
1602 1405 1683 1461 Cf.
1695 1407 1859 1460 etiam

308 1498 499 1570 Etym.
531 1495 613 1550 M.
638 1510 685 1549 s.
714 1511 772 1548 v.

1030 1602 1127 1663 al..

393 1753 816 1828 Harpocration
844 1765 862 1807 z
906 1741 971 1804 ‘0
1001 1740 1337 1822 γραμματεὺς
1370 1743 1480 1807 πῶς
1506 1763 1562 1799 τε
1584 1740 1862 1800 καθίστατο

303 1835 406 1895 καὶ
449 1837 502 1896 τί
529 1837 808 1918 ἔπραττεν,
832 1832 903 1898 ὣς
928 1831 1031 1888 τῶν
1069 1828 1395 1908 γραμμάτων
1437 1826 1481 1885 τ’
1513 1824 1623 1885 ἐστὶ
1655 1826 1859 1908 κύριος,

303 1924 406 1982 ,καὶ
427 1923 493 1983 τὰ
510 1922 824 2006 ψηφίσματα
852 1917 918 1977 τὰ
939 1915 1190 1995 γενόμενα
1217 1915 1496 1997 φυλάττει,
1523 1913 1613 1974 καὶ
1637 1914 1705 1973 τὰ
1727 1915 1860 1973 ἄλλα

313 2010 491 2070 πάντα
522 2008 920 2091 ἀντιγράφεται,
950 2002 1041 2063 καὶ
1066 2001 1435 2082 παρακάθηται
1463 2006 1528 2081 τῇ
1559 2002 1741 2080 βουλῇ,
1773 2003 1859 2060 δε-

311 2098 556 2171 δήλωκεν
585 2093 942 2177 Ἀριστοτέλης
967 2092 1019 2149 ἐν
1043 2089 1324 2159 Ἀθηναίων
1352 2088 1626 2170 Πολιτεία.

394 2188 480 2245 cf.
517 2187 723 2243 Pollux
759 2182 931 2251 VIII,
974 2177 1050 2254 98
1082 2174 1475 2254 ;·Γραμματεὶις
1507 2179 1534 2234 ὁ
1559 2174 1696 2235 κατὰ
1726 2198 1862 2257 πρυ-

309 2269 525 2329 τανείαν
537 2265 819 2348 κληρωθεὶς
844 2263 943 2323 ὑπὸ
964 2267 1055 2333 τῆς
1081 2263 1269 2341 βουλῆς
1287 2262 1372 2320 ἐπὶ
1393 2264 1467 2343 τῷ
1484 2260 1553 2321 τὰ
1574 2261 1862 2341 γράμματα

309 2357 589 2440 φυλάττειν
616 2354 708 2414 καὶ
737 2352 803 2411 τὰ
830 2349 1173 2432 ψηφίσματα,
1200 2348 1289 2407 καὶ
1326 2347 1493 2429 ἔτερος
1521 2350 1606 2408 ἐπὶ
1638 2347 1754 2417 τοὺς
1775 2350 1863 2408 νό-

313 2469 448 2522 μους
475 2442 577 2503 ὑπὸ
614 2446 709 2515 τῆς
750 2441 936 2521 βουλῆς
961 2434 1425 2517 χειροτονούμενος.
1458 2434 1526 2497 ‘0
1555 2435 1610 2494 δὲ
1643 2435 1744 2495 ὑπὸ
1772 2440 1863 2495 τοῦ

309 2533 489 2604 δήμου
519 2527 736 2612 αἱρεθεὶς
761 2521 1098 2608 γραμματεὺς
1139 2521 1480 2601 ἀναγινώσκει
1507 2526 1580 2581 τῶ
1619 2545 1673 2581 τε
1712 2522 1864 2603 δήμῳ

303 2592 408 2677 atui
437 2622 502 2695 τῇ
534 2618 718 2696 βουλῇ.
751 2646 830 2658 —-
860 2611 1056 2670 Suidas
1090 2631 1104 2666 t
1133 2611 1178 2670 Γ
1181 2607 1502 2690 ραμματεύς·
1534 2582 1679 2675 όῖτος
1717 2609 1861 2690 πρά-

311 2706 441 2774 ξεως
485 2703 579 2782 μὲν
625 2704 867 2777 οὐδεμιᾶς
910 2689 973 2769 ἦν
1020 2695 1190 2777 κύριος
1207 2740 1224 2772 ,
1266 2695 1650 2775 ὑπανεγίνωσκε
1695 2694 1750 2754 δὲ
1794 2700 1860 2774 τῇ

309 2792 482 2871 βουλῇ
506 2788 595 2847 καὶ
623 2792 698 2869 τῷ
722 2785 874 2867 δήμῳ
906 2782 973 2842 τὰ
1010 2781 1362 2863 πραττόμενα·
1400 2786 1428 2842 ὀ
1452 2783 1497 2841 δ’
1525 2781 1865 2864 ἀντιγραφεὺς

305 2879 409 2939 καὶ
427 2870 575 2944 οὗτος
602 2874 710 2935 ἀπὸ
730 2880 818 2934 τοῦ
840 2872 1062 2953 γράφειν’
1081 2869 1227 2951 παρὰ
1247 2874 1313 2949 τῇ
1345 2871 1506 2949 βουλῇ
1535 2869 1858 2947 ὠνόμασται.

312 2972 457 3025 Lex.
482 2969 652 3024 Rhet.
683 2983 777 3040 ap.
796 2962 969 3019 Bekk.
997 2962 1106 3017 An.
1132 2979 1191 3035 p.
1225 2955 1354 3016 185.
1389 2960 1525 3019 226.
1551 2962 1860 3016 Hermann.

317 3074 459 3127 «273
483 3055 840 3113 Schoemann.
870 3051 1002 3106 Ant.
1033 3067 1095 3122 p.
1126 3046 1259 3103 218.
1619 3049 1626 3056 “

1045 3197 1140 3257 25.

401 3358 562 3414 Idem
606 3374 623 3414 3
667 3348 1146 3430 Ἀντιγραφεὺς,
1183 3349 1595 3425 δκαθιστάμενος
1634 3347 1720 3406 ἐπὶ
1765 3350 1865 3407 τῶν

303 3438 756 3502 ,καταὸαλλόντων
795 3437 911 3497 τινὰ
946 3441 1012 3515 τῇ
1058 3434 1207 3495 πόλει
1244 3435 1525 3516 χρήματα,
1554 3431 1689 3494 ὥστε
1729 3436 1868 3493 ἀντι·

309 3529 608 3609 γράφεσθαι
663 3531 850 3586 ταῦτα.
899 3521 1236 3601 Δημοσθένης
1283 3526 1334 3581 ἐν
1376 3525 1452 3603 τῷ
1496 3526 1613 3581 κατ’
1659 3523 1862 3602 Ἀνδρο-

307 3619 501 3683 *rimor
531 3618 592 3693 (§
621 3615 758 3693 70),
790 3611 880 3672 καὶ
909 3610 1160 3690 Αἰσχίνης
1190 3610 1243 3669 ἐν
1270 3613 1345 3691 τῷ
1384 3607 1521 3668 κατὰ
1550 3611 1864 3690 Κτησιφῶν·

315 3728 406 3771 τος
435 3705 494 3780 (§
538 3703 664 3780 25).
710 3698 886 3762 Διττοὶ
914 3696 970 3757 δὲ
1009 3692 1142 3770 ἦσαν
1184 3696 1535 3777 ἀντιγραφεῗς,
1575 3700 1604 3756 ὁ
1653 3699 1748 3774 μὲν
1776 3701 1869 3768 τῆς

315 3788 652 3861 διοικήσεως,
680 3786 751 3855 ὥς
776 3809 904 3868 φησι
931 3783 1224 3864 Φιλόχορος
1250 3787 1350 3861 (fr.
1370 3785 1493 3862 61),
1519 3786 1548 3841 ὁ
1566 3781 1619 3841 δὲ
1636 3788 1729 3854 τῆς
1746 3788 1864 3862 βου-

321 3880 446 3948 λῆς,
474 3879 544 3942 ὣς
565 3873 919 3953 Ἀριστοτέλης
958 3874 1012 3930 ἐν
1049 3871 1330 3943 Ἀθηναίων
1357 3869 1615 3949 πολιτεία.
1656 3873 1866 3928 Eadem

311 3985 395 4023 ex
436 3974 597 4039 parte
623 3962 820 4020 Suidas
853 3982 897 4018 s.
924 3981 982 4017 ν.
1012 3961 1095 4020 Cf.
1125 3962 1328 4017 Pollux
1354 3962 1517 4030 VIII,
1544 3977 1621 4034 99
1654 3978 1668 4013 ε
1702 3955 1865 4016 ’Avu-

1058 4130 1147 4180 24.

2677 932 2773 989 26.

2032 1070 2190 1125 Idem
2213 1089 2267 1127 ν.
2292 1066 2557 1147 Πάρεδρος
2580 1087 2593 1126 :
2617 1064 2969 1145 Ἀριστοτέλης
2992 1066 3035 1124 δ’
3048 1068 3098 1124 ἐν
3121 1068 3185 1146 τῇ
3215 1065 3499 1137 Ἀθηναίων

1951 1153 2186 1235 πολιτεία
2213 1154 2368 1235 φησί·
2389 1180 2413 1207 ιι
2440 1152 2782 1231 Λαμὲάνουσι
2801 1153 2855 1212 δὲ
2881 1153 3165 1233 παρέδρους
3193 1153 3224 1211 ὅ
3243 1178 3296 1212 τε
3320 1154 3498 1236 ἅρχων

1953 1241 2041 1299 καὶ
2063 1245 2092 1298 ὁ
2118 1240 2471 1321 πολέμαρχος,
2510 1240 2599 1299 δύο
2632 1241 2871 1320 ἑκάτερος
2894 1239 2978 1308 οὒς
3001 1238 3064 1299 ἂν
3094 1239 3377 1320 βούληται·
3410 1242 3499 1302 καὶ

1951 1320 2090 1387 οὗτοι
2114 1328 2476 1404 δοκιμάζονται
2495 1330 2548 1385 ἐν
2574 1329 2649 1405 τῷ
2670 1326 2987 1408 δικαστηρίῳ
3001 1325 3501 1408 πρὶνπαρεδρεύειν,

1949 1415 2042 1474 καὶ
2082 1414 2292 1482 εὐθύνας
2332 1414 2559 1473 διδόασιν
2600 1413 2731 1473 ἐπὰν
2766 1413 3149 1495 παρεδρεύωσιν
3184 1414 3505 1496 (παρεδρεύ-

1948 1504 2119 1561 emor?
2146 1502 2373 1579 Bekk..)
2401 1502 2611 1559 Eadem
2638 1504 2886 1573 Photius,
2914 1503 3131 1560 Suidas.

2029 1592 2114 1649 Cf.
2159 1593 2361 1648 Pollux
2399 1593 2565 1662 vm,
2609 1610 2683 1666 92
2718 1609 2733 1645 z
2778 1588 3039 1669 Πάρεδροι
3079 1588 3124 1647 δ’
3159 1590 3497 1666 ὀνομάζονται

1950 1676 2034 1743 οὒς
2061 1679 2323 1756 αἱροῦνται
2346 1675 2526 1755 ἅρχων
2551 1675 2642 1734 καὶ
2672 1674 2911 1756 βασιλεὺς
2933 1675 3024 1734 καὶ
3039 1677 3390 1757 πολέμαρχος,
3413 1678 3502 1738 δύο

1950 1761 2163 1830 ἔκαστος
2187 1761 2271 1827 οὓς
2297 1761 2557 1841 βούλεται.
2589 1764 2982 1838 Δοκιμασθῆναι
3028 1762 3072 1820 δ’
3112 1763 3296 1830 αὐτοὺς
3340 1768 3501 1845 ἐχρῆν

1951 1855 2002 1909 ἐν
2030 1852 2133 1917 τοῖς
2161 1848 2540 1923 πεντακοσίοις,
2570 1839 2663 1907 εἶτ’
2691 1849 2744 1906 ἐν
2772 1849 3109 1929 δικαστηρίῳ.
3141 1853 3504 1932 Προσαιροῧν·

1952 1961 2036 1997 ται
2067 1938 2122 1996 δὲ
2163 1936 2254 1995 καὶ
2295 1934 2611 2016 γραμματέα
2631 1981 2648 2014 ,
2675 1934 2728 2001 ὃς
2754 1933 2951 2016 ἐννόμῳ
2988 1938 3306 2018 δικαστηρίῳ
3334 1938 3501 2019 κρίνε-

1951 2046 2057 2081 ται.
2090 2029 2177 2081 Ex
2209 2026 2296 2081 his
2329 2024 2674 2099 su'pplendus
2707 2024 2866 2078 locus
2889 2027 3222 2100 Harpocrat.
3253 2028 3499 2088 Cs.,„8ui-

1952 2113 2075 2182 das»,
2106 2113 2366 2182 Photius,
2386 2112 2629 2185 Hesych.
2655 2129 2698 2165 s,
2729 2128 2819 2179 v.;
2848 2113 3153 2172 Hermann.
3178 2114 3211 2189 §
3242 2113 3383 2185 138,
3410 2134 3502 2187 ¹23

1951 2200 2306 2260 Schoemann.
2329 2218 2386 2274 p.
2417 2197 2563 2269 245,
2597 2196 2685 2253 15.

2681 2335 2776 2388 27.

2032 2437 2194 2494 Idem
2251 2457 2266 2492 ε
2324 2438 2434 2501 Εἰς
2487 2439 2784 2517 ἐμφανῶν
2848 2438 3286 2508 κατάστασιν,
3341 2442 3505 2519 ἄνομα

1952 2520 2096 2592 δίκης
2146 2521 2284 2580 ἐστὶν
2342 2520 2473 2602 ὑπὲρ
2531 2529 2621 2581 τοῦ
2673 2522 2740 2582 τὰ
2784 2525 3224 2606 ἅμφισὸητήσιμα
3271 2518 3404 2595 εἶναι
3452 2530 3507 2586 ἐν

1952 2613 2157 2690 φανερῷ
2206 2607 2369 2688 (ὑπὲρ
2417 2614 2509 2667 τοῦ
2555 2609 2621 2668 τὰ
2668 2611 3136 2692 ἅμφισὸητούμενα
3191 2616 3244 2672 ἐν
3301 2618 3507 2695 φανερῷ

1951 2701 2171 2767 ποιῆσαι
2209 2698 2384 2755 codd.
2414 2701 2486 2755 Ι).
2516 2702 2582 2756 Ε.
2617 2711 2672 2755 et
2700 2697 2949 2778 Sm'das).
2983 2698 3172 2767 Ἰσαῖος
3198 2703 3253 2759 ἐν
3281 2705 3355 2781 τῷ
3382 2699 3504 2780 περὶ

1952 2789 2040 2842 τοῦ
2084 2782 2730 2865 Φιλοκτήμονοςκλήρου.
2762 2784 2828 2847 Ὁ
2859 2784 2914 2844 δὲ
2943 2786 3297 2865 Ἀριστοτέλης
3346 2791 3399 2846 ἐν
3439 2792 3506 2867 τῇ

1953 2869 2231 2942 Ἀθηναίων
2259 2870 2494 2952 πολιτείᾳ
2519 2872 2648 2953 πρὸς
2674 2872 2762 2931 τὸν
2820 2871 2855 2930 ἄ
2875 2873 3114 2953 ρχοντά
3148 2897 3277 2954 φησι
3302 2875 3509 2953 λαγχά-

1953 2963 2128 3017 νεσθαι
2155 2956 2350 3028 ταύτην
2378 2957 2471 3030 τὴν
2501 2958 2678 3037 δίκην,
2722 2958 2811 3019 τὸν
2852 2961 2909 3019 δὲ
2948 2962 3289 3041 ἀνακρίνοντα
3333 2964 3496 3040 (ἄνα-

1953 3045 2190 3125 κριθέντα
2219 3048 2349 3105 cod.
2374 3047 2487 3124 N.)
2515 3046 2738 3125 εἰσάγειν
2764 3049 2834 3115 εἰς
2867 3047 2926 3107 τὸ
2956 3048 3304 3129 δικαστήριον.

2033 3135 2118 3191 Cf.
2149 3136 2351 3191 Pollux
2374 3138 2533 3207 VIII,
2565 3135 2637 3192 33
2672 3156 2687 3191 :
2713 3124 2820 3194 Ἦν
2849 3133 2905 3192 δὲ
2950 3135 3068 3208 δίκη
3109 3134 3199 3194 καὶ
3223 3137 3294 3203 εἷς
3333 3137 3501 3218 ἐμφα·

1954 3224 2053 3279 νῶν
2081 3218 2400 3279 κατάστασιν
2425 3266 2443 3296 ,
2469 3220 2626 3280 ὁπότε
2652 3245 2729 3287 τις
2756 3220 3067 3301 έγγυήσαιτο
3092 3223 3125 3295 ἢ
3159 3223 3310 3282 αὐτόν
3333 3247 3445 3283 τινα
3472 3223 3507 3295 ἢ

1954 3306 2021 3365 τὰ
2038 3306 2306 3386 χρήματα.
2321 3312 2391 3366 V.
2408 3311 2601 3368 Meier.
2620 3322 2676 3365 et
2692 3308 3045 3369 Schoemann.
3066 3314 3129 3366 d.
3143 3316 3262 3368 Λα.
3285 3314 3512 3369 Pmcess

1952 3414 2011 3470 p.
2059 3396 2172 3451 663
2213 3405 2270 3450 et
2299 3395 2412 3465 374
2443 3415 2566 3469 sqq.
2614 3398 2684 3451 In
2725 3400 3050 3453 universum
3095 3398 3167 3454 de
3216 3400 3390 3454 causis
3435 3400 3508 3455 ad

1955 3483 2237 3538 archontis
2276 3481 2725 3552 jurisdictionem
2776 3483 3186 3558 pertinentibus
3231 3503 3285 3543 ν.
3343 3486 3505 3541 Her-

1953 3588 2142 3629 mann.
2167 3569 2200 3645 §
2230 3567 2359 3624 138.

2642 3676 2717 3729 27
2757 3675 2810 3714 a.

2034 3785 2195 3843 Idem
2237 3805 2252 3841 x
2294 3786 2651 3844 Δατεῒσθαι
2690 3785 2750 3844 τὸ
2788 3786 3109 3868 μερίζεσθαι,
3153 3789 3201 3846 οἱ
3243 3786 3297 3846 δὲ
3340 3789 3507 3859 δατη-

1953 3872 2040 3928 ταὶ
2084 3870 2237 3930 οἱονεὶ
2280 3871 2540 3952 μερισταί.
2571 3873 2650 3933 Τὸ
2696 3871 2751 3931 δὲ
2798 3876 2885 3940 εἷς
2923 3874 3211 3943 δατητῶν
3257 3872 3510 3954 αἵρεσιν

1955 3948 2084 4025 εἶδός
2111 3980 2160 4015 τι
2189 3957 2333 4029 δίκης
2361 3957 2498 4017 ἐστίν
2515 3982 2529 3996 ·
2557 3958 2713 4018 ὁπότε
2735 3958 2835 4039 γὰρ
2876 3962 3162 4018 κοινωνοῖέν
3195 3984 3327 4027 τινες
3352 3960 3510 4031 ἀλλή·

1961 4121 2302 4173 Polemarchus
2318 4123 2457 4174 binos
2473 4125 2644 4188 singuli
2662 4138 2920 4176 assessores
2936 4138 3025 4175 suo
3036 4125 3271 4175 arbitratu
3290 4127 3509 4186 sumunt;

385 4220 462 4266 De
485 4214 658 4265 scribae
676 4213 907 4262 electione
935 4213 1080 4274 atque
1100 4209 1260 4261 officio
1275 4246 1291 4273 ,
1317 4208 1448 4272 quod
1479 4209 1752 4259 tabularum
1789 4221 1873 4271 pe-
1961 4204 2108 4262 atque
2129 4200 2178 4249 hi
2210 4200 2261 4270 in
2281 4200 2462 4262 iudicio
2478 4205 2593 4252 ante
2610 4215 2787 4252 munus
2816 4203 2991 4253 initum
3010 4202 3337 4265 explorantur,
3358 4203 3409 4253 et
3440 4215 3511 4251 ra·

317 4309 411 4346 nes
429 4306 541 4344 eum
563 4293 800 4355 potestas,
820 4293 871 4340 et
887 4289 1193 4340 decretorum
1217 4289 1451 4339 tactorum
1470 4286 1687 4337 custodia
1705 4286 1847 4336 suerit
1859 4324 1874 4348 ,
1959 4276 2116 4327 150¹]oe
2133 4275 2338 4327 reddunt
2358 4290 2556 4330 munere
2574 4279 2743 4329 suncti.
2765 4298 2791 4323 ι

323 4375 587 4432 ceteraque
624 4367 787 4418 omnia
823 4368 994 4417 eontra
1030 4365 1274 4430 scripserit
1311 4377 1369 4415 ae
1403 4364 1590 4415 senatui
1619 4363 1875 4427 assederit,

325 4447 604 4501 Aristoteles
616 4443 781 4495 docuit
802 4443 854 4494 in
870 4447 989 4508 ηερ.
1010 4442 1385 4560 Λῐὲιὲιιίειιείιιιιι.

393 4593 810 4658 contrascriptor,
857 4593 943 4658 qui
975 4591 1262 4656 praepositus
1296 4593 1370 4642 est
1417 4591 1538 4652 illis,
1573 4592 1657 4655 qui
1693 4590 1879 4642 civitati

323 4674 585 4738 pecuniam
614 4673 839 4735 solvunt,
888 4673 944 4721 ut
970 4684 1077 4723 eam
1101 4670 1396 4720 transcribat
1432 4669 1511 4720 Sio
1533 4669 1881 4720 Demosthenes

332 4753 382 4802 tn
413 4750 633 4801 oratione
656 4751 826 4800 eontra
852 4747 1191 4800 Androtionem
1204 4782 1218 4807 ‚
1238 4750 1287 4798 et
1309 4746 1557 4798 AEscbines
1577 4749 1745 4798 eontra
1767 4749 1880 4798 cte·

323 4829 621 4891 siphontem.
657 4828 808 4876 Erant
830 4827 994 4875 autem
1016 4824 1112 4873 bini
1130 4860 1144 4884 ,
1172 4836 1300 4874 unus
1336 4822 1790 4886 administrationis,
1822 4827 1880 4874 ut

324 4908 400 4956 ait
421 4905 758 4969 Philochorus,
776 4905 899 4955 alter
916 4904 1140 4963 senatuS,
1161 4903 1219 4950 ut
1242 4901 1521 4953 Aristoteles
1550 4901 1670 4953 dicit
1687 4904 1739 4952 in
1757 4905 1879 4965 Rep.

329 4984 711 5037 Atheniensium.
1051 5063 1119 5114 26

2026 4444 2106 4498 Εἰς
2124 4443 2335 4506 ἐμφανῶν
2346 4442 2653 4507 κάτάστασιν,
2667 4442 3019 4505 manifestatio
3037 4444 3117 4494 vel
3137 4447 3273 4494 aelio
3289 4443 3363 4494 ad
3372 4444 3511 4494 exhi·

1970 4518 2210 4576 bendum,
2236 4519 2335 4570 litis
2346 4533 2524 4570 nomen
2545 4523 2619 4570 est
2637 4533 2749 4583 quae
2778 4520 2842 4571 ob
2875 4519 2925 4570 id
2956 4519 3309 4584 intendebatur,
3341 4523 3397 4570 ut
3422 4533 3511 4585 ea,

1966 4594 2027 4644 de
2050 4596 2224 4657 quibus
2253 4599 2376 4647 esset
2397 4596 2746 4659 controversia,
2781 4597 2831 4646 in
2859 4599 3078 4660 apertum
3117 4596 3511 4659 producerentur.

1967 4675 2117 4722 lsaeus
2144 4671 2195 4720 in
2216 4672 2431 4722 oratione
2446 4672 2510 4723 de
2531 4672 2795 4724 hereditate
2825 4673 3211 4724 Philoctemonis.
3242 4673 3517 4725 Aristoteles

1968 4760 2086 4796 vero
2129 4746 2181 4797 in
2220 4750 2340 4810 Rep.
2379 4748 2737 4800 Atheniensium
2769 4748 2887 4800 dicit
2919 4749 3046 4813 apud
3080 4750 3357 4800 arebontem
3392 4751 3517 4801 hane

1967 4823 2205 4873 actionem
2218 4822 2423 4886 intendi,
2447 4823 2531 4888 qui
2554 4838 2605 4876 re
2621 4839 2821 4877 excussa
2840 4825 2892 4876 in
2919 4826 3075 4877 forum
3097 4839 3203 4878 eam
3225 4826 3513 4878 introducat.

2688 4911 2757 4961 27
2785 4919 2837 4961 a.

2032 4990 2279 5039 Δατεῑσθαι
2296 5026 2311 5052 ,
2331 4988 2566 5052 dividere,
2587 4991 2777 5048 δατηταὶ
2805 5004 2920 5040 νει-ο
2945 4991 3082 5053 quasi
3103 4990 3348 5042 divisores.
3368 4995 3516 5044 Porro

1970 5067 2037 5122 εἰς
2055 5066 2264 5124 δατητῶν
2282 5066 2457 5129 αἵρεσιν
2474 5101 2489 5126 ,
2507 5067 2583 5117 ad
2604 5067 2883 5118 divisorum
2901 5068 3195 5118 electionem
3210 5105 3225 5130 ,
3253 5064 3325 5118 est
3352 5070 3517 5131 §nuncii

389 5145 735 5198 Aristotelesin
763 5147 876 5209 nep.
908 5144 1269 5195 Atheniensium
1308 5143 1473 5195 scribit
1502 5165 1516 5195 ε
1552 5163 1578 5189 ι
1615 5145 1809 5198 Archon
1829 5149 1878 5197 et
1923 5113 1935 5199 l
1971 5145 2140 5196 torma.
2163 5145 2362 5204 Quoties
2382 5145 2587 5197 enimex
2619 5146 2675 5196 iis
2696 5147 2783 5211 qui
2807 5145 3083 5198 societatem
3099 5147 3347 5210 ooiisseut,
3381 5162 3521 5198 corn-

572 5232 858 5300 ιτμοιεατῖι
881 5249 1002 5286 ιιιετ.
1028 5247 1110 5283 oa.
1141 5257 1197 5269 —
1229 5241 1339 5280 vot.
1359 5239 1414 5275 u.

3269 5272 3298 5309 8
