4016 5916
573 381 686 432 560

1618 349 2131 415 MANETHONIS
2174 344 2656 406 SEBENNYTAE

646 490 816 565 Quod
853 488 1057 544 deinde
1103 486 1300 540 attinet
1327 479 1905 553 Heracleopolitarum
1950 474 2125 547 dyna-
2217 470 2406 525 ναικῶν
2436 464 2591 545 μόρια
2606 470 2719 529 ταῖς
2733 461 2948 534 στήλαις
2965 460 3328 542 ἐγχαράσσων,
3349 459 3426 526 ὡς
3456 459 3578 533 (ita
3602 476 3840 533 margo;

568 582 694 638 sitas
721 579 833 654 (lx
864 588 918 631 et
943 576 1054 648 X),
1074 575 1287 648 regiam
1316 587 1516 626 eorum
1539 569 1700 622 fuisse
1746 563 2128 632 Heracleopo-

2222 554 2275 621 ὃς
2297 556 2504 627 codd.)
2535 550 2634 609 ὑπὸ
2658 549 2954 627 Αἰγυπτίων
2984 549 3116 628 μετὰ
3147 543 3363 626 Ὄσιριν
3389 548 3634 624 πρῶτον
3675 568 3842 622 νομι-

570 670 647 722 lin
670 684 899 740 parvam
926 666 986 716 in
1008 661 1292 717 Sethroito
1317 675 1490 713 nomo
1518 674 1638 710 non
1656 655 1823 726 longe
1847 669 1877 704 a
1907 650 2126 704 Pelusio
2221 647 2424 713 σθ’ἧναι.

570 763 1003 809 consentaneum
1057 758 1169 816 est,
1212 763 1387 818 quum
1436 739 1858 813 Heracleopolis
1890 753 2088 809 magna
2109 776 2124 803 ,

569 860 749 916 prope
778 838 1091 910 Memphin,
1122 835 1351 891 alteram
1378 832 1617 906 regiam,
1636 829 1738 883 sita
1776 823 2040 898 assignari
2065 823 2130 877 iis

570 939 829 1003 nequeat.
868 925 1174 995 Utriusque
1202 919 1466 994 dynastiae
1490 933 1647 990 reges
1672 913 1835 969 fuisse
1866 910 2130 965 dicuntur

571 1014 918 1089 undeviginti
958 1031 969 1065 ε
999 1010 1171 1064 altera
1216 1005 1469 1080 regnavit
1506 1020 1611 1075 per
1658 1016 1830 1055 annos
1861 993 2000 1065 1853
2032 995 2130 1067 qni

574 1103 805 1177 quidem
830 1101 1042 1174 optime
1067 1096 1375 1152 concinunt
1409 1110 1535 1147 cum
1559 1089 1716 1143 annis
1750 1084 1855 1141 185
1885 1083 1902 1158 (
1924 1092 2032 1149 142
2051 1089 2131 1149 -Ι-

577 1191 674 1264 43)
695 1232 708 1259 ,
734 1207 875 1262 quos
894 1185 1154 1242 Manetho
1181 1181 1378 1237 tribuit
1417 1177 1678 1251 dynastiae
1703 1175 1809 1230 VII
1842 1182 1897 1226 et
1919 1172 2027 1226 XI.
2061 1173 2132 1224 At

575 1277 712 1351 quid
760 1277 925 1331 facies
952 1274 1108 1328 annis
1134 1276 1247 1342 409
1289 1267 1498 1342 prioris
1533 1262 1991 1321 Heracleotarum
2024 1256 2120 1329 dy·

575 1364 797 1420 nastiae?
820 1364 967 1418 Num
991 1360 1136 1414 sorte
1164 1367 1374 1413 temere
1412 1353 1549 1408 duas
1593 1349 1869 1423 dynastias
1902 1344 2127 1403 Hei-acl.

577 1451 828 1508 distinxit
846 1448 1110 1505 Manetho
1123 1485 1142 1512 ‚
1172 1462 1345 1518 quum
1359 1436 1752 1496 novemdecim
1771 1451 1965 1491 eorum
1985 1432 2132 1506 regi-

578 1542 684 1596 bus
710 1540 781 1594 ab
801 1539 920 1595 aliis
947 1541 1063 1608 409
1079 1576 1094 1604 ,
1119 1533 1189 1588 ab
1212 1531 1331 1587 aliis
1356 1528 1461 1584 185
1492 1544 1668 1583 annos
1696 1524 1866 1579 tribui
1888 1522 2132 1595 reperis-

575 1628 693 1683 set?
718 1624 1026 1682 Bunscnius
1051 1640 1114 1695 p.
1136 1619 1247 1684 264
1274 1620 1350 1673 ita
1371 1615 1562 1672 turbas
1589 1611 1907 1685 componit,
1931 1619 1995 1663 ut
2013 1609 2132 1681 pri-

574 1735 730 1769 mum
759 1731 867 1787 pro
913 1717 1026 1784 409
1068 1707 1239 1764 scribi
1279 1705 1476 1778 jubeat
1512 1719 1626 1775 ²09
1667 1698 1797 1774 (CO
1822 1715 1932 1771 pro
1969 1695 2132 1769 ΥΘ),

578 1801 785 1857 deinde
806 1810 1105 1870 utramque
1128 1794 1438 1869 dynastiam
1454 1791 1684 1846 alteram
1694 1787 1853 1859 juxta
1878 1785 2130 1851 alteram,

577 1882 823 1953 denique
849 1880 907 1932 in
928 1888 1167 1948 utraque
1188 1875 1385 1947 ¹plures
1420 1870 1576 1945 reges
1600 1885 1713 1923 una
1740 1881 1997 1940 regnasse
2019 1874 2136 1918 sta-

579 1978 717 2027 tuat.
750 1969 1008 2025 Ceterum
1040 1964 1229 2018 omnia
1265 1961 1382 2016 haec
1412 1970 1529 2014 tum
1560 1957 1788 2014 demum
1814 1950 2136 2027 probabili-

583 2059 704 2112 tatis
729 2055 968 2130 speciem
1006 2053 1247 2124 aliquam
1277 2066 1393 2122 prae
1420 2064 1477 2101 se
1518 2044 1665 2100 ferre
1692 2050 1880 2116 patet,
1911 2038 1957 2093 si
1982 2037 2136 2091 illam

580 2145 651 2199 de
675 2143 1051 2216 dynastiarum
1079 2135 1502 2212 synchronismo
1527 2129 1857 2187 sententiam
1886 2125 2140 2199 quamvis

580 2231 650 2285 ab
695 2231 815 2304 ipso
856 2227 1193 2284 Manethone
1238 2239 1467 2298 prorsus
1525 2219 1761 2275 alienam
1779 2257 1794 2285 ,
1834 2224 2023 2269 tamen
2066 2210 2139 2265 ad

578 2337 724 2374 verae
743 2318 988 2374 historiae
1016 2312 1440 2386 chronologiam
1470 2303 1918 2364 adumbrandam
1945 2300 2136 2373 aliquo

578 2406 755 2462 modo
773 2447 789 2475 ,
820 2403 1178 2461 necessariam
1200 2417 1312 2458 esse
1332 2395 1682 2456 concesseris,
1708 2422 1785 2435 —-
1804 2390 1963 2447 Idem
1986 2389 2138 2442 Bun·

578 2495 761 2552 senIus
785 2512 847 2568 p.
876 2491 989 2563 267
1004 2536 1019 2564 ‚
1049 2488 1361 2557 Ochthoen,
1393 2487 1601 2561 prioris
1625 2480 1849 2541 Heracl.
1875 2476 2140 2554 dynastiae

581 2592 867 2638 auctorem
884 2622 903 2652 ,
933 2597 1122 2656 regem
1151 2578 1532 2645 saevissimum,
1565 2571 1807 2629 eundem
1841 2586 1953 2626 esse
1978 2576 2142 2641 putat

582 2688 711 2726 cum
736 2672 1020 2734 decisam,
1052 2684 1221 2740 quem
1247 2662 1535 2720 Diodorus
1564 2660 1618 2736 (1
1636 2702 1653 2730 ‚
1683 2658 1787 2728 60,
1817 2655 1888 2731 α)
1917 2654 2138 2712 AEthio·

581 2776 711 2831 pem
729 2801 747 2830 ‚
779 2772 1083 2832 regemque
1099 2753 1458 2825 justissimum
1476 2790 1494 2821 ,
1521 2758 1688 2821 atque
1715 2746 1927 2803 Amasis
1953 2760 2142 2816 aequa-

543 2894 557 2905 .
582 2849 696 2903 lem
725 2845 977 2925 (Amasin
1000 2860 1138 2898 vero
1166 2840 1355 2897 multis
1389 2837 1586 2895 seculis
1611 2845 1740 2909 post
1777 2830 2139 2890 Sesostridem
2183 2857 2191 2882 ι

580 2932 867 3009 regnasse)
913 2930 1066 2987 dicit.
1107 2925 1221 2985 Sed
1270 2944 1471 3002 parum
1512 2925 1630 2980 haec
1665 2920 1983 2978 verisimilia
2030 2937 2143 2975 esse

582 3022 721 3077 mihi
757 3019 1042 3075 videntur.
1079 3018 1221 3072 Nam
1252 3015 1411 3088 quod
1435 3010 1726 3068 Diodorus
1754 3018 1944 3064 narrat
1986 3009 2144 3063 Acti-

583 3124 771 3163 sanem
809 3105 1063 3160 homines
1088 3099 1371 3157 maleficos
1405 3118 1436 3154 e
1468 3108 1584 3153 tota
1607 3098 1852 3171 AEgypto
1884 3095 2146 3150 collectos

566 3199 644 3261 ⁴in
682 3194 909 3249 ultimos
939 3192 1099 3265 regni
1127 3188 1268 3244 fines
1302 3187 1647 3262 deportasse,
1682 3185 1876 3258 ibique
1918 3184 2144 3239 Rhino-

588 3283 842 3337 coluram
880 3276 1199 3335 condidisse
1216 3318 1231 3346 ‚
1260 3275 1394 3330 inde
1424 3292 1593 3330 nemo
1618 3272 1909 3348 collegerit
1937 3274 2146 3347 regiam

586 3369 855 3427 Actisanis
879 3384 998 3423 non
1019 3367 1187 3440 longe
1216 3363 1453 3420 abfuisse
1480 3381 1513 3418 a
1540 3362 1956 3418 Rhinocoluris.

966 3601 1225 3669 LIBER
1269 3599 1760 3668 SECUNDUS.

919 3767 1353 3824 DUODECIMA
1434 3766 1817 3829 DYNASTIA.

1318 3905 1410 3971 34.

920 4046 1322 4104 SECUNDUM
1360 4049 1455 4104 AF
1461 4048 1793 4102 RICANUM
1803 4088 1815 4100 .

666 4169 905 4243 Syncell.
929 4187 990 4242 p.
1018 4167 1122 4242 69,
1156 4170 1197 4225 C
1225 4188 1237 4223 z
1265 4164 1583 4245 Δευτέρου
1607 4164 1803 4240 τόμου
1832 4167 2130 4225 Μανεθῶ.

669 4252 1018 4323 Δωδεκάτη
1055 4250 1420 4311 δυναστεία
1479 4255 1927 4311 Διοσπολιτῶν
1968 4256 2151 4332 βασι-

590 4340 746 4401 λέων
779 4340 959 4399 ἑπτά.

669 4427 719 4485 α’
764 4426 1169 4507 Σεσόγχοσις
1212 4428 1317 4507 (sic
1346 4431 1420 4505 Β,
1452 4426 1781 4507 Σεσόγχωρις
1805 4436 1909 4501 Α.)
1945 4429 2146 4506 Ἀμμα-

587 4513 746 4593 νέμου
765 4514 870 4581 υἱὸς
894 4513 984 4584 ἔτη
1011 4514 1125 4591 μς·’.

673 4600 719 4681 β’
765 4601 1195 4679 Ἀμμανὲμης
1244 4599 1333 4675 ἔτη
1378 4601 1484 4674 λη’,
1522 4600 1575 4666 ὃς
1605 4604 1702 4659 ὑπὸ
1737 4606 1839 4660 τῶν
1881 4605 2023 4663 ἰδίων
2065 4606 2150 4661 εὖ·

589 4688 791 4766 νούχων
816 4686 1057 4769 ἀνῃρέθη.

670 4775 720 4853 γ’
764 4772 1136 4853 Σέσωστρις
1186 4774 1503 4858 (Σέσοστρις
1527 4778 1657 4836 cod.
1696 4780 1784 4850 Β)
1831 4776 1921 4850 ἔτη
1962 4776 2071 4853 (κη’,
2100 4776 2153 4844 ὃς

594 4861 804 4919 ἅπασαν
830 4861 1147 4942 ἐχειρώσατο
1174 4862 1267 4933 τὴν
1300 4863 1473 4923 Ἀσίαν
1513 4865 1565 4920 ἐν
1597 4865 1843 4931 ἐνιαυτοῖς
1872 4863 2036 4938 ἐννέα,
2063 4864 2153 4924 καὶ

498 4992 509 5005 .
594 4954 685 5018 τῆς
702 4950 970 5028 Εὐρώπης
993 4948 1059 5007 τὰ
1088 4950 1244 5029 μέχρι
1263 4948 1498 5032 Θρᾴκης,
1526 4950 1824 5029 πανταχόσε
1848 4951 2152 5030 μνημόσυνα

596 5034 794 5111 ἐγείρας
821 5039 927 5105 τῆς
958 5040 1058 5093 τῶν
1102 5039 1257 5095 ἐθνῶν
1310 5036 1540 5117 σχέσεως
1575 5036 1984 5117 [κατασχέσεως
2035 5038 2154 5116 m.]

598 5120 684 5178 ἐπὶ
711 5121 806 5196 μὲν
834 5130 937 5189 τοῖς
963 5122 1213 5199 γενναίοις
1235 5125 1451 5203 ἀνδρῶν,
1476 5124 1565 5181 ἐπὶ
1590 5121 1644 5182 δὲ
1673 5133 1775 5189 τοῖς
1806 5124 2037 5205 ἀγεννέσι
2067 5148 2155 5204 γυ-
2193 5128 2204 5156 ·’

2302 729 2346 788 δ’
2388 724 2705 806 Λαχάρης
2731 722 2823 796 ἔτη
2850 724 2922 797 η’,
2945 723 3000 791 ὃς
3022 723 3108 782 τὸν
3142 724 3193 780 ἕν
3221 715 3536 803 Ἀρσινοΐτῃ
3566 721 3842 801 λαῦύριν-

2221 823 2305 876 θον
2330 816 2496 894 ἑαυτῷ
2523 812 2686 891 τάφον
2710 811 3085 873 κατεσκεύασε.

2299 902 2339 960 ε’
2385 897 2659 978 Ἀμερὴς
2711 896 3005 979 (Ἇμμερὴς
3033 898 3161 956 cod.
3187 898 3277 974 A)
3312 895 3408 969 ἔτη
3435 897 3521 967 η’.

2300 991 2351 1057 ς’
2394 986 2765 1066 Ἀμενέμης
2798 985 3158 1065 (Ἀμμενέμης
3187 991 3234 1044 Α
3261 985 3275 1058 'J
3307 984 3403 1057 ἔτη
3429 987 3516 1056 η’.

2303 1076 2346 1146 ζ’
2389 1072 2831 1154 Σκεμίοφρις,
2870 1074 3085 1155 ἀδελφή,
3108 1074 3197 1145 ἔτη
3227 1074 3297 1134 δ’.

2303 1165 2472 1242 Ὁμοῦ
2493 1163 2584 1235 ἔτη
2616 1157 2710 1242 ρξ’.

2953 1276 3049 1335 35.

2588 1399 2985 1460 SECUNDUM
3030 1395 3429 1453 EUSEBIL'M.

2301 1508 2455 1563 Idem
2474 1526 2535 1580 p.
2558 1505 2651 1575 60,
2677 1507 2747 1563 C:
2771 1499 3116 1570 Δωδεκάτη
3143 1500 3533 1557 δυναστεία
3553 1505 3842 1563 Διοσκο-

2224 1592 2421 1649 λιτῶν
2452 1589 2780 1670 βασιλέων
2805 1587 2988 1648 ἑπτά.
3025 1577 3132 1646 ’Ὧν
3173 1589 3201 1644 ὃ
3225 1589 3440 1665 πρῶτος
3473 1587 3840 1666 Qudnam<

2226 1677 2550 1755 Ἀμμενέμου
2578 1676 2684 1743 υίὸς
2702 1674 2793 1746 ἔτη
2816 1673 2924 1751 μς’.
3700 1657 3719 1666 “

2308 1765 2355 1843 β’
2398 1761 2827 1841 Ἀμμανέμης
2856 1760 2946 1834 ἔτη
2969 1759 3081 1838 λη’,
3111 1757 3164 1825 ὃς
3189 1758 3290 1817 ὑπὸ
3319 1762 3429 1816 τῶν
3465 1762 3635 1821 ἰδίων
3664 1765 3840 1824 εὔνοι’»-

2224 1877 2332 1932 χων
2362 1853 2609 1932 ἀνῃρέθη.

2304 1938 2355 2017 γ’
2396 1939 2771 2017 Σέσωστρις
2803 1935 2893 2008 ἔτη
2919 1933 3034 2012 μη’,
3067 1934 3119 2001 ὃς
3136 1933 3349 2014 λέγεται
3369 1936 3679 2014 γεγονέναι
3726 1963 3826 2010 ππ,-

2226 2029 2337 2105 χῶν
2361 2026 2433 2104 δ’,
2485 2027 2797 2084 παλαιστῶν
2820 2021 2894 2100 γ’,
2926 2019 3192 2080 δακτύλων
3220 2019 3294 2100 β’.
3327 2017 3443 2087 ⁶0<
3472 2031 3679 2083 πᾶσαν
3711 2028 3840 2105 ἔχει·

2229 2113 2433 2196 ρώσατο
2458 2112 2553 2186 τὴν
2581 2110 2755 2172 Ἀσίαν
2785 2112 2836 2168 ἐν
2862 2110 3108 2175 ὄνιαυτοῒς
3148 2107 3295 2167 ἐννέα
3313 2155 3330 2183 ,
3356 2108 3462 2167 καὶ
3493 2113 3608 2181 τῆς
3653 2114 3834 2192 Εὗρὼ-

2231 2225 2333 2272 πης
2364 2201 2431 2259 τὰ
2460 2200 2617 2282 μέχρι
2643 2197 2890 2280 Θρᾴκης,
2923 2196 3222 2275 πανταχόσε
3256 2195 3604 2272 μνημόσυνα
3637 2200 3836 2280 ἐγείρας

2227 2294 2318 2361 τῆς
2341 2292 2444 2348 τῶν
2472 2290 2626 2348 ἐθνῶν
2650 2287 3036 2366 κατασχέσεως,
3065 2284 3149 2342 ἐπὶ
3175 2284 3268 2360 μὲν
3293 2291 3407 2351 τοῖς
3439 2287 3726 2363 γενναίοις
3751 2292 3832 2346 ci»-

2230 2379 2380 2458 δρῶν,
2414 2376 2498 2435 ἐπὶ
2514 2374 2568 2435 δὲ
2595 2380 2700 2444 τοῖς
2726 2372 2960 2454 ἀγεννέσι
2986 2375 3244 2453 γυναικῶν
3268 2370 3439 2454 μόρια
3469 2383 3607 2444 ταῖς
3626 2377 3835 2449 στήλαις

2232 2463 2589 2549 ἐγχαράσσων,
2617 2467 2686 2533 ὡς
2711 2465 2808 2542 (sic
2837 2485 2940 2536 m.‚
2961 2461 3014 2531 ὃς
3037 2461 3233 2540 codd.)
3267 2461 3361 2519 καὶ
3387 2461 3502 2521 ὑπὸ
3526 2468 3652 2524 τῶν
3681 2468 3832 2543 Ai-fu·

2227 2555 2392 2613 πτίων
2424 2557 2662 2636 (πρῶτον
2690 2554 2824 2612 add.
2856 2559 2972 2628 m.)
3002 2549 3138 2628 μετὰ
3155 2547 3374 2630 Ὄσιριν
3395 2557 3761 2628 νομισθῆναι.

2309 2644 2444 2702 Μεθ’
2472 2641 2528 2699 ὃν
2551 2640 2748 2716 Λάμα
2768 2664 2866 2719 ρις
2908 2637 3184 2718 (Λάὸαρις
3228 2638 3407 2697 Goar.
3431 2637 3451 2717 )
3511 2637 3622 2714 ἔτη
3669 2642 3748 2718 η’,
3785 2641 3832 2706 ὃς

2229 2727 2323 2800 τὴν
2339 2815 2353 2837 Ι
2372 2732 2424 2788 ἐν
2477 2725 2772 2808 Ἀρσενοΐτῃ
2831 2725 3138 2807 λαὸύρινθον
3189 2727 3365 2804 ἑαυτῷ
3419 2725 3614 2807 τάφον
3685 2751 3826 2786 κατε·

2233 2840 2499 2877 σκευασεν.

2312 2907 2381 2965 Οἱ
2408 2903 2461 2962 δὲ
2491 2901 2669 2963 τούτου
2714 2902 2946 2982 διάδοχοι
2984 2899 3069 2960 ἐπὶ
3100 2901 3188 2970 ἔτη
3221 2896 3345 2976 μ6’,
3379 2897 3434 2956 οἳ
3467 2901 3688 2972 πάντες
3719 2903 3832 2963 ἐθα-

2239 2991 2485 3052 σίλευσαν
2507 2992 2643 3051 ἔτεσι
2666 2989 2787 3070 σμέ.
3139 2998 3148 3009 “

2965 3105 3060 3162 36.

2314 3215 2512 3271 Euseb.
2536 3214 2747 3271 Chron.
2773 3232 2835 3287 p.
2862 3213 2937 3286 98
2960 3230 2972 3266 :
3002 3210 3348 3266 Duodecima
3372 3211 3668 3284 dynastia
3689 3218 3833 3271 Dios-

2230 3306 2532 3377 politarum
2558 3303 2689 3357 VII
2708 3317 2926 3373 regum,
2957 3315 3181 3372 quorum
3202 3300 3429 3370 primus
3463 3298 3832 3359 Semne-hosis

2238 3393 2611 3446 Ammenemis
2629 3387 2795 3459 filius
2827 3391 2994 3441 annis
3027 3386 3097 3440 X
3095 3385 3194 3439 [Γ
3188 3387 3247 3440 I.
3273 3389 3701 3446 Ammenemes
3731 3411 3834 3446 an-

2238 3483 2325 3532 nis
2349 3477 2725 3545 XXXVIII,
2757 3479 2855 3549 qui
2871 3493 2909 3529 a
2924 3478 3040 3529 suis
3054 3471 3324 3528 eunuchis
3344 3479 3696 3532 inter-enims
3709 3492 3808 3535 est.

2317 3566 2578 3622 Sesostris
2609 3567 2772 3619 annis
2808 3562 3090 3618 XLVIII
3093 3601 3112 3629 ‚
3154 3565 3314 3633 cujus
3341 3580 3624 3619 mensura
3642 3563 3836 3636 serm

2239 3654 2538 3709 cubitorum
2566 3661 2832 3725 quattuor,
2847 3650 3273 3725 palmarumque
3293 3653 3463 3704 trium
3479 3669 3616 3706 cam
3640 3654 3834 3727 de‘gitis

2237 3740 2463 3797 (lembus.
2489 3742 2553 3794 Is
2569 3743 2878 3794 universam
2903 3739 3100 3792 Asiam
3135 3754 3416 3791 annorum
3447 3756 3660 3795 novem
3699 3760 3832 3817 spa—

2242 3832 2313 3882 tio
2352 3827 2463 3882 sibi
2506 3825 2763 3893 subdidit,
2816 3828 3051 3898 itemque
3088 3825 3333 3897 Europoe
3376 3837 3618 3898 partem
3668 3847 3834 3903 usque

2247 3915 2327 3969 ad
2355 3913 2677 3969 Thraciam.
2701 3913 2861 3968 Idem
2886 3922 2942 3965 et
2964 3929 3082 3965 suoe
3114 3914 3170 3964 in
3200 3913 3464 3983 singulas
3506 3925 3726 3987 gentes·
3749 3916 3834 3971 do·

2241 4005 2560 4057 minationis
2580 4009 2932 4055 monumenta
2950 3998 3149 4071 ubique
3167 4001 3488 4065 constitum
3517 4003 3700 4073 apud
3704 4020 3830 4076 ἕω.

2241 4101 2321 4143 tes
2336 4089 2552 4163 quidem
2585 4100 2837 4143 strenuas
2860 4087 3057 4141 virilia
3069 4127 3082 4154 ,
3115 4085 3277 4158 apud
3287 4103 3430 4141 vero
3449 4087 3830 4161 imbellesse·

2241 4181 2427 4232 minea
2448 4176 2714 4250 pudenda
2740 4178 3067 4250 ignominiae
3095 4189 3266 4226 causa
3301 4174 3589 4229 columnis
3617 4178 3831 4231 inscul-

2234 4282 2392 4339 pens.
2429 4263 2617 4334 Quare
2646 4268 2694 4317 is
2722 4263 2796 4317 ab
2823 4263 3101 4336 AEgyptiis
3127 4264 3424 4334 proximor
3455 4273 3600 4334 ροσε
3635 4264 3830 4320 Osinn

2240 4352 2472 4406 honores
2489 4352 2630 4406 tulit.

2318 4438 2542 4493 Secutus
2555 4449 2636 4491 est
2652 4439 2976 4509 Lampares‚
2997 4438 3162 4489 annis
3184 4435 3363 4492 VIII.
3379 4435 3496 4491 Hic
3515 4441 3579 4491 in
3596 4443 3830 4495 Aru-intr

2244 4532 2318 4581 ite
2360 4524 2464 4603 (sc.
2506 4523 2710 4600 nomo)
2755 4522 3131 4596 labyrinthum
3173 4540 3535 4579 cave-mosum
3584 4527 3712 4583 sibi
3747 4540 3825 4583 αι·

2241 4615 2446 4668 mulum
2467 4611 2634 4681 fecit.
2676 4612 3063 4686 Regnaverant
3111 4627 3452 4665 successores
3488 4617 3623 4682 ejus
3661 4619 3826 4669 anais

2240 4703 2440 4757 XLII.
2489 4700 2721 4755 Summa
2774 4703 3039 4753 universae
3087 4697 3497 4754 dominationis
3545 4718 3822 4756 annorum

2243 4789 2511 4847 CCXLV
2539 4786 2682 4864 (248
2704 4780 3018 4861 Samuelis).

2321 4878 2675 4950 Exputantur
2690 4876 2821 4929 anni
2857 4870 2987 4929 182.
3005 4874 3204 4946 Itaque
3224 4882 3322 4926 aut
3339 4891 3635 4931 numerus
3657 4876 3818 4932 XLII

2242 4972 2338 5018 aut
2363 4962 2598 5019 CCXLV
2635 4971 2932 5035 corruptus
2960 4971 3057 5017 est.
3094 4960 3272 5032 Majus
3302 4971 3435 5015 ante
3467 4962 3650 5018 XLII
3684 4967 3814 5018 inse·

2244 5052 2357 5183 {uit
2384 5068 2578 5104 vocem
2600 5055 2857 5124 quisque;
2891 5066 3079 5103 verum
3121 5058 3236 5102 tum
3266 5066 3486 5104 summa
3530 5068 3814 5106 annorum

2268 5139 2392 5184 oret
2412 5128 2545 5184 266.
