4016 5916
1434 454 1845 516 moNYstUs
1889 455 2256 516 RHODIUS.
3415 464 3448 513 9

1000 607 1055 664 9.

328 720 494 777 Idem
520 722 603 789 11,
629 719 746 795 965
776 740 790 775 ε
816 715 1083 782 Διονύσιος
1109 717 1160 774 ἐν
1191 714 1410 794 δευτέρῳ
1437 713 1573 773 κατὰ
1602 710 1805 786 Διὸύην

2020 593 2260 656 ἀκάματον
2289 594 2339 643 δέ
2358 597 2402 642 οἱ
2424 594 2546 657 ὦρσε
2570 592 2652 642 θεόι
2674 593 2806 655 με’νος
2821 627 2834 649 ,
2858 593 2964 641 οὐδέ
2987 595 3032 642 oi.
3058 592 3199 649 ὕπνος

2015 668 2181 713 πῖπτεν
2200 665 2274 712 ἐπὶ
2296 664 2529 727 βλεφάροις
2541 700 2555 725 ,
2585 664 2763 727 φυλακὴ
2782 663 2821 712 δ’
2845 663 2949 726 ἔχεν
2970 662 3167 725 ἔμπεδον
3186 661 3343 712 αὐτόν.

246 804 414 871 αὐτὸς
432 804 800 885 (Amazones)
822 803 1082 885 ᾠκηκέναι
1098 802 1244 883 φησί·
1264 802 1416 882 ῥώμῃ
1441 801 1496 860 δὲ
1522 800 1806 880 &gn-5206.
1899 812 1924 838 «
1958 789 2276 863 Legebatur
2298 788 2348 843 ἐν
2374 788 2448 865 τῷ
2475 783 2731 863 ἑνδεκάτῳ
2746 829 2764 858 ,
2796 788 2896 859 qui
2920 804 3081 842 error
3098 770 3258 842 natus
3279 798 3398 843 erat
3416 805 3449 843 e

242 915 349 959 σας
377 892 469 950 καὶ
496 890 823 973 τρεψαμίνας
858 890 973 957 τοὺς
1000 890 1243 969 ὁμόρους,
1273 892 1436 948 ἐλθεῖν
1471 889 1561 948 καὶ
1593 889 1679 948 ἐπὶ
1706 888 1802 961 τὴν

246 978 534 1059 Εὐρώπην,
557 980 648 1037 καὶ
666 979 864 1045 πολλὰς
886 977 1061 1036 αὐτόθι
1077 976 1253 1043 πόλεις
1269 976 1446 1035 κτίσαι
1474 975 1725 1045 ὑποτάξαι
1744 999 1801 1035 τε

246 1069 435 1133 αὑταῖς
458 1065 517 1125 τὸ
540 1065 871 1125 Ἀτλαντικὸν
892 1064 1056 1138 ἔθνος,
1079 1054 1187 1135 δῆν
1216 1062 1571 1123 δυνατώτατον
1590 1066 1693 1122 τῶν
1712 1068 1805 1136 τῆς

248 1152 471 1224 ‚tte-sm.

330 1244 668 1317 Libycarum
724 1248 1069 1300 Amazonum
1106 1242 1395 1298 historiam
1436 1243 1694 1297 novimus
1735 1260 1805 1297 ex

248 1330 513 1386 Diodoro
538 1329 691 1404 (111,
719 1328 792 1385 52
816 1327 1001 1404 sqq.),
1024 1330 1121 1402 qui
1143 1340 1430 1385 auctorem
1452 1348 1613 1383 suum
1629 1328 1805 1384 diser-

250 1418 319 1469 tis
336 1416 523 1470 verbis
558 1416 810 1470 nominat
829 1433 957 1487 cap.
999 1413 1095 1484 51,
1158 1414 1213 1470 3.
1252 1416 1510 1471 Ceterum
1541 1415 1715 1472 verba
1752 1415 1804 1471 ἕν

246 1498 476 1577 δευτέρῳ
498 1519 616 1555 non
637 1500 710 1556 ad
729 1501 1063 1557 Amazonica
1078 1501 1285 1569 restim,
1307 1501 1405 1556 sed
1424 1501 1496 1556 ad
1517 1506 1803 1575 Argonau-

250 1589 361 1643 tica
389 1606 458 1643 ex
501 1587 707 1660 quibus
733 1588 955 1660 reliqua
995 1605 1091 1643 sua
1136 1589 1427 1643 scholiasta
1453 1589 1667 1660 petivit.
1715 1587 1803 1642 lbi

252 1674 559 1746 Dionysius
580 1675 640 1727 in
667 1685 986 1729 transcursu
1022 1693 1177 1730 suam
1199 1674 1271 1730 de
1293 1675 1666 1729 Amazonibus
1697 1674 1803 1729 do·

248 1762 495 1816 ctrinam
538 1761 776 1835 tetigisse
803 1773 859 1816 et
894 1762 1107 1836 vulgari
1150 1761 1441 1817 traditioni
1483 1764 1804 1835 opposuisse

244 1848 497 1904 uidetur.

966 2038 1098 2114 (10).

328 2150 487 2206 Idem
512 2153 595 2220 ΙΙ,
623 2158 738 2217 904
772 2171 787 2205 :
811 2146 941 2208 “ou
964 2147 1385 2224 κατεπολέμησεν
1411 2147 1602 2215 Ἰνδοὺς
1630 2152 1658 2208 6
1683 2148 1802 2207 Διό·

246 2258 403 2302 νυσος
431 2235 693 2303 Διονύσιός
723 2259 852 2317 φησι
879 2237 970 2294 καὶ
995 2236 1359 2317 Ἀριστόδημος
1386 2238 1437 2294 ἓν
1465 2234 1656 2317 πρώτῳ
1683 2240 1803 2307 Θη-

246 2323 454 2381 ὅαῑκῶν
499 2323 911 2403 ἐπιγραμμάτων
953 2325 1041 2381 καὶ
1088 2323 1412 2403 Κλείταρχος
1450 2325 1502 2381 ἓν
1534 2325 1646 2389 ταῖς
1687 2322 1806 2402 περὶ

250 2409 582 2489 Ἀλεξάνδρου
608 2410 878 2488 ἱστορίαις.
912 2415 1036 2468 Hoc
1069 2432 1203 2466 num
1227 2413 1300 2466 ad
1331 2411 1703 2486 Mitylenaeum
1733 2433 1805 2469 an

246 2502 497 2555 Samium
523 2502 855 2576 Dionysium
890 2499 1244 2558 referendum
1283 2502 1381 2572 sit,
1413 2503 1620 2560 nescio,
1654 2501 1801 2558 Illud

250 2587 627 2660 probabilius.

325 2674 821 2746 Scytobrachionis
851 2678 1195 2731 mentionem
1220 2675 1486 2731 Miillerus
1504 2678 1675 2732 latere
1698 2697 1803 2750 pu·

252 2763 383 2815 tavit
406 2763 465 2815 in
494 2763 678 2817 Tzetz.
711 2763 781 2817 ad
818 2766 956 2836 Lyc.
992 2772 1132 2835 1247
1169 2783 1183 2819 τ
1231 2760 1336 2822 Καὶ
1360 2760 1624 2827 Διονύσιός
1650 2784 1804 2841 φησιν

248 2849 277 2903 6
296 2848 581 2913 Σκιωναῖος
606 2850 719 2924 (sic
743 2849 860 2905 duo
881 2850 1052 2906 codd.
1071 2892 1087 2921 ‚
1112 2853 1282 2926 vulgo
1310 2851 1604 2926 Σκυμναῖος
1620 2850 1657 2926 )·
1710 2850 1803 2909 Μὰ

244 2931 337 3000 τὰς
357 2933 576 2993 Θεοίνου
600 2933 694 2994 καὶ
718 2935 1015 3016 Κορωνίδας
1038 2936 1210 3017 κόρας.
1234 2940 1414 3014 Igitur
1442 2956 1510 2995 ex
1533 2940 1804 3003 Μυθικοῖς,

251 3043 369 3096 quae
384 3025 637 3080 versibus
656 3037 932 3100 concepta
956 3040 1113 3082 erant
1127 3070 1141 3096 ‚
1162 3029 1337 3100 petita
1365 3027 1570 3083 forent.
1593 3030 1713 3102 Ego
1734 3028 1805 3083 de

250 3112 516 3185 Dionysio
544 3113 863 3186 Sinopensi,
884 3124 1050 3187 poeta
1078 3116 1316 3185 comico,
1345 3115 1577 3190 cogitari
1593 3116 1800 3170 malim.

987 3263 1076 3299 11.

328 3356 684 3432 ΕιΤρωικῶν
707 3358 865 3412 libris
894 3356 1121 3414 fluxerit
1148 3360 1337 3415 Schol.
1372 3363 1539 3415 Hom.
1583 3359 1651 3417 11.
1686 3363 1800 3428 ΙΙΙ,

256 3449 369 3508 ko:
406 3442 670 3508 Διονύσιός
698 3465 852 3522 φησιν
886 3447 914 3502 6
958 3443 1369 3524 Σκυτοὸραχίων
1404 3446 1669 3524 Δάρδανον
1700 3446 1805 3503 ἀπὸ

254 3527 463 3599 Ἑλένης
492 3531 583 3588 καὶ
620 3530 848 3609 Πάριδος
879 3521 1025 3589 εἶναι.
1056 3535 1198 3590 Vide
1232 3536 1409 3589 ivols.
1450 3537 1705 3610 Prolegg.
1744 3555 1800 3610 p.

262 3625 389 3691 ¹94·
430 3631 489 3674 et
518 3620 786 3675 Welcker
817 3621 968 3692 chl.
992 3639 1052 3694 p.
1079 3619 1186 3692 863
1210 3623 1417 3677 scilicet
1442 3636 1569 3695 post
1596 3625 1706 3688 ΙΙΙ,
1732 3631 1804 3689 4ο

254 3707 323 3760 D.
352 3725 563 3761 novum
596 3725 817 3762 versum
848 3710 1116 3763 inseruit:
1149 3706 1304 3778 Μηδέ
1327 3729 1376 3763 τι
1399 3708 1640 3781 γούνασιν
1676 3699 1803 3765 οἶσιν

254 3793 565 3870 ε’φὲσσασθαι
592 3791 739 3872 φίλον
764 3791 871 3849 υἱὸν
901 3792 1187 3871 Δάρδανον.

380 4070 403 4090 ’
470 4078 1045 4168 DIONYSIUS
1099 4078 1584 4169 RHODIUS

703 4248 907 4316 SIVE
968 4248 1341 4319 SAMIUS.
1389 4259 1406 4278 ³

632 4409 947 4470 κΥκΛοΣ
988 4411 1424 4471 ιΣτοΡικοΣ.

1004 4554 1054 4594 1.

726 4657 773 4711 E
814 4657 1036 4715 LIBRO
1077 4660 1336 4717 PRIMO.

330 4784 518 4839 Schol.
548 4786 688 4840 Eur.
710 4787 904 4842 Phoen.
940 4807 960 4842 1
978 4808 999 4843 1
1018 4790 1084 4844 16
1109 4808 1123 4845 t
1150 4786 1418 4854 Διονύσιος
1433 4789 1485 4847 δὲ
1509 4789 1561 4847 ἐν
1580 4795 1655 4873 τῷ
1672 4792 1810 4872 πρώ-

254 4892 325 4946 τῳ
340 4871 660 4930 τοῦΚύκλου
685 4871 883 4951 βύρσαν
902 4872 1054 4933 αὗτὸν
1069 4877 1339 4953 (Argum)
1361 4876 1645 4957 ἠμφιέσθαι
1664 4881 1808 4960 φησὶ,

257 4957 341 5013 καὶ
363 4957 544 5036 κύκλῳ
571 4957 634 5015 τὸ
658 4960 815 5034 σῶμα
838 4957 955 5018 ὅλον
976 4962 1362 5041 ώμματῶσθαι.
1387 4961 1454 5025 ‘O
1471 4964 1522 5023 δὲ
1545 4967 1629 5025 τὸν
1657 4969 1808 5045 Αἰγί·

258 5065 367 5116 ’μον
383 5044 613 5113 ποιήσας
640 5045 802 5124 φησιν

374 5157 465 5206 Καί
486 5160 532 5206 οἱ
554 5159 815 5207 ἐπίσκοπον
837 5159 1005 5224 Ἀργον
1026 5163 1084 5212 ἵει
1108 5162 1332 5227 κρατερόν
1351 5179 1401 5212 τι
1420 5167 1563 5227 μέγαν
1584 5184 1656 5222 τε,

370 5231 586 5289 τέτρασιν
607 5228 908 5290 ὀφθαλμοῖσιν
926 5233 1154 5296 ὁρώμενον
1177 5236 1286 5284 ἔνθα
1307 5234 1387 5282 καὶ
1403 5234 1508 5285 ἔνθα
1522 5269 1539 5290 .

1889 877 2166 949 scriptura
2191 875 2239 933 T
2254 875 2307 933 Ω
2328 876 2347 933 l
2370 876 2435 932 A.
2461 877 2660 932 Veram
2701 876 2997 929 lectionem
3020 892 3090 929 ex
3111 875 3256 948 Aug.
3287 875 3449 929 resti-

1892 964 1997 1017 tuit
2029 963 2290 1019 Valcken.
2319 965 2366 1017 ·Τ
2367 981 2484 1017 aur.
2516 961 2567 1017 ἐν
2595 962 2669 1037 τῷ
2696 954 2840 1018 ἀΐτου
2879 958 3075 1037 κύκλῳ.
3102 991 3184 1004 -
3208 964 3354 1035 Aug.
3393 972 3450 1017 et

1891 1051 1937 1104 Τ
1937 1068 2059 1106 aur.
2103 1045 2312 1127 φυλακὴ
2354 1047 2396 1104 δ’
2437 1047 2553 1125 ἔχεν
2598 1048 2801 1121 (Taur.
2839 1043 3025 1124 ἔσχεν)
3056 1046 3276 1118 ἔμπεδος
3316 1046 3445 1115 αἰεί,

1892 1137 2050 1209 quod
2080 1156 2276 1192 verum
2302 1136 2547 1192 videtur.
2595 1136 2771 1191 Paulo
2808 1147 2937 1190 ante
2977 1139 3121 1209 Aug.
3153 1132 3331 1190 πίπτει
3362 1134 3448 1191 ἐπὶ

1893 1221 2185 1302 βλεφάρων.
2202 1227 2395 1305 Ταμτ.;
2422 1224 2468 1279 οἱ
2488 1220 2645 1286 ὕπνος
2667 1219 3075 1300 ίπιὸλειράροισι.
3095 1222 3272 1278 Etiam
3285 1224 3441 1278 Junt.

1890 1313 2053 1367 Basil.
2090 1309 2409 1389 βλεφάροισι.
2461 1337 2482 1359 υ
2521 1311 2851 1368 ΜΑἸἼἩΙΕ.
2884 1341 2962 1352 -
2987 1313 3189 1366 Versus
3228 1308 3446 1385 AEgimii

1892 1397 2006 1470 ipse
2025 1399 2323 1471 Dionysius
2341 1397 2682 1452 laudaverat.
2709 1399 2789 1453 Ex
2814 1397 3016 1452 eodem
3037 1395 3304 1452 fluxerint
3321 1416 3446 1453 ver·

1890 1504 1979 1539 sus
1997 1496 2241 1557 quatuor
2257 1485 2444 1541 Iliadis
2461 1504 2664 1558 parvae,
2679 1503 2821 1557 quos
2845 1484 3020 1539 schol.
3038 1486 3214 1544 Vatic.
3236 1486 3294 1539 in
3310 1486 3444 1543 Eur.

1890 1572 2059 1627 Rhes.
2096 1570 2207 1628 823
2236 1573 2323 1627 his
2349 1572 2659 1627 introducit
2684 1571 2868 1627 verbis
2897 1589 2910 1626 ε
2937 1568 3087 1635 Τινὲς
3108 1570 3206 1648 οὐχ
3222 1566 3411 1636 ἵππους
3429 1614 3446 1646 ,

1892 1656 2027 1713 ἀλλὰ
2049 1661 2247 1736 χρυσῆν
2270 1656 2503 1733 ἄμπελόν
2523 1680 2649 1736 φασι
2665 1656 2900 1714 δεδόσθαι
2923 1655 3053 1734 ὑπὲρ
3083 1654 3446 1732 Γανυμήδους,

1890 1744 2127 1824 καθάπερ
2157 1746 2209 1802 ἐν
2237 1744 2430 1824 Κύκλῳ
2451 1742 2660 1820 λέγει...
2705 1748 2832 1801 Vox
2873 1743 3138 1808 Διονύσιος
3182 1746 3447 1803 excidisse

1890 1833 2135 1901 videtur,
2166 1846 2430 1889 monente
2457 1834 2758 1888 iVelckero
2784 1834 2842 1887 in
2866 1833 3017 1906 Cycl.
3046 1852 3105 1907 p.
3137 1852 3233 1904 7²·
3260 1866 3339 1875 —
3361 1837 3447 1889 De

1894 1926 2044 1995 Argo
2065 1928 2129 1976 cf.
2153 1922 2438 1980 ivelcker.
2474 1923 2675 1993 Tritog.
2708 1940 2768 1995 p.
2796 1929 2924 1979 129.

2644 2085 2695 2121 2.

1971 2214 2160 2269 Schol.
2192 2216 2327 2268 Eur.
2361 2214 2556 2268 Phoen.
2583 2212 2697 2282 670
2724 2231 2737 2266 ε
2767 2209 3026 2276 Διονόσίος
3053 2208 3106 2268 δὲ
3132 2210 3269 2276 ἔθνος
3291 2214 3447 2270 Βοιω-

1891 2296 2002 2363 τίας
2062 2296 2245 2363 αὐτούς
2295 2297 2438 2376 (τοὺς
2476 2295 2778 2376 Σπαρτούς)
2843 2319 3015 2376 φησιν.
3085 2302 3216 2355 Haee
3258 2304 3444 2356 Samio

1893 2386 2146 2455 vindico,
2178 2389 2310 2460 quia
2338 2388 2583 2459 reliqua,
2606 2406 2726 2458 quae
2753 2387 3043 2441 scholiasta
3061 2388 3289 2442 Eur.‘ex
3307 2392 3445 2444 Dio·

1892 2475 2050 2544 nysio
2096 2480 2277 2541 affert,
2322 2474 2393 2527 ad
2426 2474 2670 2528 Samium
2709 2479 3045 2527 reseruntur.
3092 2475 3178 2528 De
3219 2491 3283 2528 re
3318 2494 3446 2530 cum

1889 2561 2163 2633 Dionysio
2192 2563 2464 2616 consentit
2506 2561 2738 2633 Hippias
2763 2561 2956 2615 Delius
2983 2579 3074 2633 ap.
3110 2561 3287 2616 schol.
3328 2566 3439 2637 Ap.

1892 2648 2003 2703 Rh.
2029 2650 2146 2720 111,
2187 2667 2355 2723 ¹⁰79·

2636 2766 2691 2823 3.

1971 2902 2159 2956 Schol.
2192 2903 2327 2956 Eur.
2371 2901 2549 2957 Orest.
2595 2899 2709 2974 988
2752 2895 3109 2976 ιλόχευμα]
3150 2898 3446 2956 ἀκολουθεῖν

1894 2988 2032 3044 δοκεῖ
2055 2990 2127 3063 τῷ
2150 2985 2243 3057 τὴν
2275 2985 2656 3063 Ἀλκμαιωνίδα
2685 2983 2993 3056 πεποιηκότι
3016 2989 3086 3052 εἰς
3112 2983 3179 3043 τὰ
3207 2985 3327 3065 περὶ
3353 2988 3444 3056 τὴν

1895 3073 2025 3154 ἄρνα
2042 3119 2060 3148 ,
2085 3078 2154 3140 ὡς
2182 3073 2272 3132 καὶ
2305 3072 2569 3139 Διονύσιος
2593 3075 2621 3131 6
2643 3071 2997 3152 κυκλογράςρος
3026 3073 3168 3153 φησί.
3200 3075 3447 3152 Φερεκύ-

1895 3162 1983 3230 δης
2017 3159 2139 3223 δὲ...
2174 3162 2255 3238 (v.
2295 3163 2365 3219 sr.
2395 3161 2530 3238 93),
2564 3163 2592 3217 6
2619 3158 2672 3217 δὲ
2700 3158 2795 3231 τὴν
2831 3159 3212 3235 Ἀλκμαιωνίδα
3245 3161 3447 3241 γράψας

1894 3248 1981 3305 τὸν
2010 3246 2233 3324 ποιμένα
2257 3247 2656 3327 προσαγαγόντα
2681 3245 2740 3304 τὸ
2758 3246 2994 3322 ποιμνίον
3017 3250 3091 3326 τῷ
3111 3246 3280 3328 Ἀτρεῖ
3300 3249 3450 3305 ἀντα-

1893 3337 2131 3396 ποκαλεῖ.
2157 3339 2339 3410 Igitur
2365 3337 2650 3411 Euripidis
2674 3338 2927 3392 meminit
2943 3338 3261 3409 Dionysius,
3292 3337 3449 3409 quod

1895 3426 2136 3480 Milesius
2180 3428 2252 3480 D.
2300 3425 2482 3483 facere
2528 3443 2645 3479 non
2680 3425 2888 3496 potuit.
2937 3424 3258 3478 Rectissime
3299 3425 3445 3479 enim

1894 3521 2086 3566 monet
2113 3512 2420 3567 Nitzschius
2443 3513 2584 3566 Hist.
2613 3513 2785 3566 Hom.
2812 3513 2868 3578 Ι,
2897 3528 2958 3582 p.
2987 3509 3061 3582 89
3102 3528 3117 3562 .·
3152 3533 3176 3559 α
3209 3509 3357 3565 Illud
3381 3512 3449 3574 ὡς

1895 3595 1982 3652 καὶ
2006 3599 2071 3654 Δ.
2091 3640 2109 3672 ,
2136 3599 2179 3652 si
2209 3610 2604 3671 excerptorum
2632 3617 2946 3653 sermonem
2986 3598 3113 3652 satis
3150 3608 3342 3666 teneo,
3376 3600 3450 3655 ita

1896 3686 2379 3759 interpretandum
2396 3698 2505 3756 est,
2531 3698 2593 3741 ut
2615 3688 2917 3742 scholiastae
2937 3706 3162 3743 omnem
3186 3687 3258 3743 de
3285 3691 3451 3744 Euri-

1846 3804 1855 3885 1
1895 3772 2032 3845 pide
2055 3784 2111 3828 et
2137 3773 2517 3829 Alcmaeonide
2545 3772 2851 3828 annotandi
2875 3792 3094 3829 causam
3128 3776 3450 3829 materiam-

1896 3880 2006 3934 que
2034 3880 2066 3916 e
2106 3861 2463 3933 cyclographi
2492 3861 2776 3916 volumine
2816 3861 3106 3916 subnatant
3134 3880 3247 3916 esse
3278 3873 3450 3934 pute-

1898 3965 2039 4002 mus.
2079 3978 2159 3990 —
2195 3947 2350 4003 Idem
2399 3943 2753 4021 (scholiasta)
2799 3965 2942 4019 quos
2977 3947 3049 4002 ad
3093 3947 3443 4004 Andromed.

1897 4034 2011 4108 698
2041 4034 2429 4090 Alcmaeonidis
2447 4054 2638 4089 versus
2665 4035 2855 4100 assei-t,
2881 4053 3000 4089 non
3029 4037 3201 4109 magis
3227 4053 3295 4089 ex
3327 4037 3448 4107 ipso

1897 4123 2172 4193 carmine,
2197 4122 2295 4178 sed
2324 4141 2388 4178 ex
2413 4122 2770 4196 cyclograplii
2800 4123 3016 4196 paginis
3037 4122 3287 4176 adscivit.
3320 4145 3345 4171 n

1977 4398 2165 4453 Schol.
2193 4397 2355 4451 Pind.
2379 4399 2537 4452 Nem.
2564 4398 2679 4464 111,
2715 4406 2815 4452 104
2854 4417 2869 4450 z
2899 4393 3160 4461 Διονύσιος
3184 4396 3235 4453 ἐν
3259 4395 3453 4477 πρώτῳ

1905 4481 2124 4541 Κύκλων
2153 4482 2472 4561 Θηρίμαχον
2501 4480 2588 4539 καὶ
2613 4483 2919 4552 Δηικόωντα
2949 4483 3053 4556 (sc.
3085 4480 3372 4563 Ἡρακλέος
3392 4485 3450 4541 ἐκ

1900 4568 2153 4647 Μεγάρας
2167 4569 2360 4634 παῖδας
2382 4567 2708 4648 ἀναγράφει).
2741 4569 3020 4646 Εὐριπίδης
3042 4567 3096 4626 δὲ
3114 4570 3448 4644 προστίθησιν

1899 4657 2068 4723 αὐτοῖς
2089 4656 2178 4714 καὶ
2199 4655 2584 4734 Ἀριστόδημον.
2624 4684 2646 4708 κ
2687 4658 3058 4731 Deperditum
3082 4658 3274 4715 diuma
3312 4677 3444 4731 spe-

1899 4756 2029 4800 ctat.
2069 4769 2092 4795 υ
2127 4746 2357 4803 ΒωσᾸΙι.

2650 4875 2702 4930 5.

2349 5013 2393 5068 E
2433 5014 2655 5068 Lumo
2698 5013 2998 5084 omno.

1979 5138 2537 5195 ClemensAl.Protr.
2559 5160 2607 5195 c.
2635 5149 2767 5213 ⁴‚p.
2808 5147 2868 5205 ιζ.
2889 5182 2904 5207 ,
2933 5159 2952 5194 1
2972 5159 2990 5193 1
3024 5138 3178 5212 Sylb.
3203 5138 3216 5212 ζ
3241 5150 3373 5192 tom.
3400 5140 3448 5204 1,

1906 5245 1963 5300 P·
2004 5233 2068 5290 [ιι
2118 5224 2335 5304 Klotz.)
2367 5247 2380 5281 ε
2417 5225 2609 5286 Πολλοὶ
2639 5227 2680 5283 δ’
2712 5224 2775 5283 διν
2812 5225 2951 5302 τάχα
2983 5246 3080 5281 που
3106 5223 3420 5300 θαυμάσειαν
