4016 5916
816 357 1520 427 SYRACUSANORUM,
1562 355 2115 425 RHEGINORUM,
2157 351 2576 415 LOCROBUM
2620 352 3128 413 RESPUBLICAE.

453 500 517 568 V,
551 495 603 566 8,
636 501 665 560 l.
705 514 717 548 ε
750 489 1033 555 Παναίτιος
1065 490 1109 547 δ’
1137 491 1187 547 ἐν
1219 485 1554 548 Λεοντίνοις..
1584 488 1642 544 ἐκ
1672 486 1920 562 δημαγω-

372 581 489 661 γίας
512 582 582 639 ad
609 581 960 656 tyrannidem
989 580 1175 635 evasit.
1205 575 1227 655 ]
1276 608 1288 619 ·

872 696 1374 783 [ΚΑΤΑΝΑΙΩΝ.
1402 694 1425 773 ]

1065 815 1246 884 [226.]

457 929 478 1006 [
504 931 729 986 Aristot.
761 928 882 985 Pol.
908 929 1005 995 IV,
1037 945 1103 999 9,
1143 943 1212 980 10
1247 943 1261 980 ε
1294 921 1650 991 Charondae„
1675 921 1927 976 similiter

377 1031 542 1091 atque
561 1018 738 1073 Solon
765 1027 819 1069 et
845 1017 1152 1088 Lycurgus»,
1177 1002 1240 1080 ἧν
1264 1013 1366 1067 τῶν
1397 1007 1568 1082 μέσων
1592 1009 1830 1064 πολιτῶν.

460 1108 533 1173 ΙΙ,
560 1124 617 1178 9,
650 1103 681 1157 5
722 1122 734 1157 t
766 1098 1052 1178 Χαρώνδας
1085 1101 1112 1155 ὁ
1136 1096 1435 1161 Καταναῖος
1458 1095 1563 1161 τοῖς
1592 1098 1749 1153 αὑτοῦ
1778 1092 1931 1152 πολίΔ

385 1212 489 1254 ταις
526 1190 615 1246 καὶ
654 1195 766 1252 ταῖς
812 1186 1156 1251 Χαλκιδικαῖς
1189 1183 1372 1242 πόλεσι
1402 1191 1516 1249 ταῖς
1552 1181 1671 1262 περὶ
1700 1180 1929 1240 Ἰταλίαν

380 1277 466 1345 καὶ
502 1274 746 1335 Σικελίαν
780 1274 894 1352 (sc.
926 1269 1206 1350 νομοθέτης
1242 1262 1482 1349 ἧν).11).
1509 1274 1585 1328 ait
1623 1272 1927 1326 nonnullos

379 1382 603 1421 narrare
627 1363 982 1421 Charondam
1010 1361 1348 1435 discipulum
1370 1360 1594 1416 Zaleuci
1623 1358 1806 1418 fuisse.

458 1455 544 1522 ΙΙ,
576 1473 634 1527 9,
663 1450 697 1507 8
731 1472 745 1507 :
778 1446 1062 1528 Χαρώνδου
1101 1445 1146 1504 δ’
1182 1443 1310 1504 ἴδιον
1339 1442 1432 1521 μὲν
1471 1443 1616 1503 οὐδέν
1655 1446 1766 1503 ἐστι
1795 1442 1930 1513 πλὴν

381 1539 436 1595 αἱ
469 1537 611 1596 δίκαι
654 1541 757 1595 τῶν
803 1537 1261 1613 ψευδομαρτυριῶν
1302 1534 1540 1612 (πρῶτος
1578 1530 1680 1610 γὰρ
1722 1530 1932 1602 ἐποίησε

378 1623 473 1695 τὴν
500 1625 836 1702 ἐπίσκηψιν),
860 1627 924 1701 τῇ
954 1622 997 1680 δ’
1024 1619 1264 1701 ἀκριὸείᾳ
1286 1622 1389 1677 τῶν
1408 1618 1582 1696 νόμων
1601 1617 1710 1677 ἐστὶ
1734 1619 1931 1707 γλαρυ·

382 1710 597 1791 ρώτερος
625 1712 716 1770 καὶ
756 1715 857 1769 τῶν
888 1716 975 1768 νῦν
1005 1711 1314 1786 νομοθετῶν.
1345 1710 1609 1766 Ceterum
1646 1708 1739 1763 hic
1776 1709 1934 1763 locus

378 1801 531 1856 haud
560 1801 733 1856 dubie
751 1800 971 1874 spurius
992 1810 1091 1856 est.
1115 1799 1183 1854 V.
1211 1797 1495 1871 Goettling.
1520 1796 1700 1852 Stahr.
1718 1795 1789 1851 ad
1806 1795 1863 1850 h.
1892 1796 1930 1853 l.

462 1883 520 1956 Ῑ,
552 1905 601 1954 ι,
630 1886 665 1940 6
695 1906 708 1940 :
737 1883 805 1943 ‘ll
829 1883 921 1956 μὲν
947 1873 1034 1942 οὖν
1063 1885 1135 1949 εἰς
1163 1890 1340 1939 πᾶσαν
1369 1879 1571 1960 ἡμέραν
1592 1883 1933 1950 συνεστηκυῖα

381 1970 625 2030 κοινωνία
663 1970 809 2048 ,κατὰ
850 1969 1000 2050 φύσιν
1037 1959 1174 2036 οἶκός
1213 1970 1377 2045 ἐστιν,
1403 1967 1488 2034 οὒς
1516 1966 1804 2046 Χαρώνδας
1842 1964 1934 2043 μὲν

382 2059 536 2117 καλεῖ
561 2057 889 2136 ὁμοσιπύους,
916 2055 1256 2133 Ἐπιμενίδης
1276 2055 1330 2113 δὲ
1349 2059 1379 2113 ὁ
1404 2054 1545 2135 Κρὴς
1569 2054 1910 2131 ὃμοκοίπνους.

464 2150 567 2218 VI,
600 2167 701 2219 10,
732 2148 766 2204 6
810 2166 824 2203 ι
853 2143 978 2205 Ἔτι
1005 2143 1048 2202 δ’
1085 2142 1183 2202 ὅσα
1220 2141 1527 2223 προφάσεως
1555 2141 1709 2222 χάριν
1746 2144 1797 2199 ἐν
1825 2150 1938 2207 ταῖς

386 2233 664 2299 πολιτείαις
685 2232 975 2313 σοφίζονται
989 2230 1116 2311 πρὸς
1137 2229 1216 2290 τὸν
1238 2230 1400 2305 δῆμον
1424 2228 1578 2287 πέντε
1596 2228 1683 2287 τὸν
1706 2228 1937 2307 ἀριθμὸν,

383 2320 502 2402 περὶ
545 2320 846 2392 ἐκκλησίαν,
888 2319 1009 2399 περὶ
1049 2317 1146 2386 τὰς
1195 2317 1388 2398 ἀρχὰς,
1430 2315 1550 2397 περὶ
1590 2315 1934 2394 δικαστήρια,

385 2407 506 2487 περὶ
544 2406 770 2480 ὅπλισιν,
800 2406 919 2488 περὶ
959 2404 1316 2483 γυμνασίαν...
1360 2404 1494 2484 Περὶ
1536 2402 1602 2462 τὰ
1627 2402 1936 2483 δικαστήρια

391 2504 495 2562 τοῖς
531 2494 623 2571 μὲν
668 2495 902 2575 εὐπόροις
946 2483 1076 2552 εἶναι
1100 2492 1290 2570 ζημίαν
1330 2490 1393 2551 ἂν
1424 2489 1496 2567 μὴ
1532 2490 1814 2567 δικάζωσι,
1838 2497 1941 2556 τοῖς

396 2574 440 2631 δ’
462 2573 670 2655 ἀπόροις
708 2573 901 2645 ἄδειαν,
923 2570 958 2644 ἢ
982 2580 1087 2637 τοῖς
1111 2570 1204 2648 μὲν
1230 2570 1483 2649 μεγάλην,
1507 2578 1610 2635 τοῖς
1634 2569 1686 2628 δὲ
1718 2567 1933 2649 μικρὰν,

392 2658 563 2738 ὥσπερ
585 2663 635 2719 ἐν
661 2663 764 2727 τοῖς
782 2656 1065 2740 Χαρώνδου
1090 2657 1313 2737 νόμοις.]

896 2778 1392 2858 [ZAPKAAlnN.
1411 2777 1433 2856 J

1065 2888 1250 2968 [2274

471 3003 663 3082 [Idem
686 3005 762 3059 ib.
783 3004 927 3076 V,2‚
962 3020 985 3056 1
1002 3020 1025 3056 1
1061 3021 1076 3056 ι
1108 3001 1395 3077 Ζαγκλαῖοι
1421 2999 1474 3056 δὲ
1488 2996 1719 3074 Σαμίους
1747 2999 1938 3057 ὑποδε-

394 3090 597 3167 ξάμενοι
622 3087 857 3157 ἐξέπεσον
878 3087 967 3145 καὶ
996 3085 1162 3146 αὐτοί.
1194 3090 1258 3145 V.
1282 3088 1563 3145 Herodot.
1593 3090 1691 3155 VI,
1726 3086 1859 3164 23.]

454 3258 692 3308 Panaetius
712 3255 835 3320 apud
868 3255 1128 3306 Leontinos
1152 3268 1213 3304 ex
1241 3254 1500 3316 demagogo
1522 3256 1759 3316 tyrannus
1786 3254 1943 3306 sactus

395 3333 503 3398 est]
1616 3325 1631 3336 ’

857 3451 1475 3529 [οΑΤΑΝΑΕοιιυΜ]

1086 3588 1253 3655 [226]

457 3716 752 3782 [Charondae
774 3713 991 3764 similiter
1015 3715 1159 3776 atque
1183 3712 1329 3763 Solon
1347 3713 1395 3762 et
1418 3714 1664 3775 Lycurgus
1685 3712 1745 3762 de
1760 3713 1945 3762 medio·

402 3794 551 3843 arium
575 3794 754 3843 civium
773 3805 913 3860 grege
932 3790 1038 3840 fuit.

460 3872 736 3923 Charondas
771 3872 1032 3919 Catanaeus
1048 3869 1147 3918 suis
1165 3868 1351 3918 civibus
1373 3871 1421 3917 et
1438 3868 1544 3918 aliis
1561 3868 1847 3918 Chalcidicis
1862 3881 1948 3932 per

406 3948 589 4000 ltaliam
609 3953 660 3998 et
681 3947 892 3998 Siciliam
914 3945 1189 3995 civitatibus
1210 3945 1370 4006 legum
1389 3945 1511 3995 lator
1528 3945 1638 3997 suit.

460 4028 724 4079 Charondae
753 4025 913 4088 legum
931 4023 1050 4074 nihil
1067 4024 1314 4087 proprium
1333 4026 1405 4074 est
1419 4060 1436 4086 ‚
1456 4026 1778 4087 praeterquam
1804 4024 1949 4076 salso·

406 4118 513 4155 rum
538 4101 926 4155 testimoniorum
950 4099 1147 4163 iudicia,
1182 4101 1371 4151 Primus
1391 4100 1522 4152 ‘enim
1542 4100 1644 4150 falsi
1679 4101 1947 4151 testimonii

404 4182 637 4233 actionem
670 4178 895 4231 instituit.
934 4176 1209 4229 Subtilitate
1246 4180 1409 4227 autem
1439 4180 1488 4226 et
1518 4175 1759 4239 diligentia
1787 4178 1946 4241 legum

406 4259 763 4310 scribendarum
789 4255 1024 4308 latoribus
1045 4255 1206 4320 legum
1228 4257 1314 4321 iis,
1331 4254 1417 4320 qui
1435 4254 1578 4306 hodie
1598 4257 1712 4306 sunt
1728 4292 1743 4319 ,
1775 4256 1952 4307 cultior

403 4352 458 4389 ac
479 4339 666 4402 politior
690 4335 798 4388 suit.

460 4417 665 4468 Societas
684 4415 829 4479 igitur
846 4414 897 4464 in
920 4427 1087 4464 omnes
1105 4413 1216 4464 vitae
1234 4413 1334 4465 dies
1357 4413 1614 4465 constituta
1631 4414 1817 4464 naturae
1835 4426 1954 4465 con-

403 4496 595 4546 veniens
613 4497 663 4546 et
692 4495 1040 4556 consentanea,
1058 4491 1232 4543 domus
1253 4495 1352 4556 cst,
1381 4493 1521 4555 cuius
1536 4492 1778 4543 societatis
1802 4493 1953 4555 parti·

405 4572 526 4635 cipes
557 4569 846 4634 ὁμοσιπῦους
881 4567 1161 4619 Charondas
1194 4569 1431 4633 appellat,
1468 4567 1766 4631 Epimenides
1795 4570 1954 4617 autem

405 4649 639 4699 Cretensis
655 4645 970 4712 ὀμοκάπνους.

465 4728 690 4790 Quinque
709 4727 876 4775 autem
896 4737 973 4775 res
995 4736 1199 4775 numero
1216 4725 1326 4774 sunt
1339 4761 1355 4786 ,
1378 4735 1499 4786 quas
1516 4722 1566 4771 in
1580 4721 1850 4787 reipublicae
1868 4722 1953 4772 ad-

408 4803 831 4855 ministrationibus
862 4814 946 4865 per
977 4800 1186 4865 speciem
1225 4800 1469 4864 quandam
1503 4798 1752 4849 honestam
1788 4800 1959 4850 callide

407 4880 676 4943 excogitant
714 4879 765 4930 in
795 4879 1060 4942 populum,
1096 4889 1250 4940 eaque
1268 4877 1524 4926 versantur
1549 4874 1599 4924 in
1627 4877 1880 4939 concione,
1911 4878 1959 4926 in

407 4957 787 5022 magistratibus,
814 4955 863 5005 in
894 4953 1118 5018 iudiciis,
1146 4954 1196 5004 in
1218 4952 1465 5003 armandis
1496 4951 1707 5014 civibus,
1744 4953 1793 5002 in
1818 4967 1959 5005 exer-

409 5038 581 5089 cendis.
662 5040 717 5086 ln
732 5033 925 5098 iudiciis
939 5033 1174 5084 mulctam
1187 5030 1609 5082 esseconstitutam
1619 5032 1668 5081 in
1681 5032 1958 5094 locupletes,

408 5112 749 5178 1ιίέὶοὰωῶ
760 5123 966 5162 munere
982 5110 1258 5172 firmantur,
1275 5110 1360 5158 aut
1373 5107 1424 5156 in
1442 5108 1547 5157 illos
1559 5108 1755 5171 quidem
1767 5122 1960 5172 gravem

3457 364 3564 412 173

2572 499 3011 576 (PllrlNssN.)

2688 629 2898 708 [228]

2101 761 2296 831 [Idem
2321 762 2401 818 ib.
2436 764 2508 831 V,
2546 781 2652 830 10,
2686 768 2717 827 4
2749 782 2763 817 ε
2796 759 2888 818 Ἐν
2930 756 3128 837 Ῥηγίῳ
3159 761 3228 823 εἰς
3255 756 3348 829 τὴν
3375 758 3568 828 Ἀναξι-

2020 844 2148 904 λάου
2173 848 2478 929 (τυραννίδα
2498 851 2532 918 ἡ
2551 846 2827 925 ὀλιγαρχία
2848 843 3106 922 μετέὅαλε
3127 848 3168 922 ).
3191 845 3211 923 ]
3277 900 3288 909 ,

2100 937 2186 992 De
2228 936 2687 993 Androdamante
2714 937 2977 1009 Rhegino
3007 935 3458 991 Chalcidensium
3513 940 3569 992 in

2022 1024 2255 1079 Thracia
2281 1024 2594 1099 legislatore
2621 1042 2678 1080 v,
2705 1023 2775 1081 sr.
2808 1022 2936 1096 159.

2701 1133 2814 1189 228
2845 1151 2894 1188 a.

2103 1246 2302 1301 Pollux
2337 1248 2408 1315 V,
2444 1245 2513 1318 73
2557 1266 2572 1301 ε
2606 1241 2872 1311 Ἀναξίλας
2912 1245 2939 1300 δ
2977 1241 3241 1321 Ῥηγῖνος,
3276 1241 3430 1316 οὔσης
3470 1247 3575 1321 (ὡς

2024 1329 2379 1411 Ἀριστοτέλης
2401 1330 2571 1411 φησίν)
2601 1335 2693 1402 τῆς
2722 1329 2965 1395 Σικελίας
2994 1329 3119 1396 τέως
3148 1330 3331 1408 ἀγόνου
3373 1333 3570 1410 λαγῶν,

2024 1423 2051 1476 ὁ
2095 1416 2148 1476 δὲ
2179 1415 2470 1497 εἰσαγαγών
2497 1441 2553 1475 τε
2587 1416 2676 1476 καὶ
2705 1416 2922 1497 Θρέψας,
2947 1420 3076 1494 ὁμοῦ
3102 1416 3154 1475 δὲ
3182 1417 3270 1475 καὶ
3301 1417 3572 1496 Ὀλύμπια

2023 1505 2246 1577 νικήσας
2274 1505 2478 1584 ἀπήνῃ,
2501 1508 2575 1585 τῷ
2599 1502 2882 1581 νομίσματι
2908 1508 3011 1563 τῶν
3039 1503 3288 1582 Ῥηγίνων
3318 1505 3572 1564 ἔνετύπω·

2025 1616 2111 1652 σεν
2143 1591 2350 1665 ἀπήνην
2376 1592 2467 1651 καὶ
2494 1592 2690 1671 λαγών.

2622 1714 2962 1775 ΛΟΚΡΩΝ.

2289 1884 2298 1894 .
2735 1858 2871 1914 229.
2997 1820 3002 1826 ’

2104 1954 2303 2026 Polyb.
2332 1954 2446 2009 XII
2468 1995 2485 2022 ,
2536 1952 2570 2008 8
2590 1995 2605 2022 ,
2637 1973 2669 2008 2
2713 1973 2726 2008 :
2760 1950 2906 2022 Φησὶ
2934 1949 3032 2031 γὰρ
3081 1949 3335 2028 (Τίμαιος
3365 1954 3433 2012 fr.
3465 1956 3576 2029 70)

2029 2040 2181 2099 αὐτὸν
2203 2039 2306 2120 (τὸν
2329 2038 2683 2119 Ἀριστοτέλη)
2704 2028 2833 2096 εἶναι
2849 2036 3058 2118 θρασὺν,
3078 2042 3263 2119 εὐχερῆ
3277 2084 3292 2111 ,
3323 2046 3575 2119 προπετῆ·

2028 2126 2153 2206 πρὸς
2173 2126 2228 2183 δὲ
2245 2124 2441 2191 τούτοις
2467 2124 2979 2202 κατατετολμηκέναι
3006 2130 3098 2197 τῆς
3124 2130 3225 2184 τῶν
3247 2131 3461 2206 Λοκρῶν
3482 2131 3580 2188 πό-

2028 2211 2400 2287 λεως,εἷπόντα
2424 2212 2517 2283 τὴν
2538 2213 2779 2272 ἀποικίαν
2811 2215 2977 2272 αὐτῶν
3001 2204 3132 2271 εἶναι
3148 2214 3415 2294 δραπετῶν
3443 2219 3577 2275 οἰκε-

2030 2304 2148 2373 τῶν,
2176 2304 2391 2379 μοιχῶν,
2422 2302 2861 2381 ἀνδραποδιστῶν.
3369 2307 3378 2315 “

2108 2391 2328 2446 Falsum
2347 2409 2460 2446 esse
2483 2391 2841 2447 Aristotelem
2874 2390 3111 2446 Timaeus
3127 2390 3373 2464 probare
3394 2392 3581 2449 studet

2032 2487 2152 2532 tum
2175 2494 2244 2532 ex
2268 2478 2333 2533 iis
2364 2496 2488 2551 quae
2505 2478 2808 2534 Locrenses
2834 2477 3058 2534 Graeciae
3095 2479 3198 2551 ipsi
3228 2478 3572 2536 documenta

2032 2575 2425 2619 monstrassent
2456 2565 2700 2641 (Polyb.
2727 2565 2863 2634 XII,
2892 2584 2951 2639 9,
2983 2564 3016 2620 3
3041 2582 3124 2637 sq.
3158 2564 3289 2622 add.
3314 2584 3434 2640 cap.
3458 2566 3513 2636 5,
3548 2590 3577 2639 7

2034 2671 2104 2707 ex
2126 2654 2394 2708 Athenaeo
2417 2648 2455 2730 ),
2483 2663 2604 2709 tum
2627 2673 2695 2708 ex
2719 2654 2785 2708 iis
2804 2672 2926 2726 quae
2947 2655 3253 2708 Locrenses
3274 2654 3447 2709 Italiae
3475 2658 3579 2729 ipsi

2036 2750 2349 2813 narrassent
2383 2739 2478 2814 (9,
2525 2739 2580 2799 5.
2625 2758 2715 2809 10,
2749 2759 2779 2810 7
2818 2739 2862 2815 ).
2928 2738 3141 2811 Quibus
3178 2739 3285 2795 alia
3327 2742 3582 2813 quaedam

2036 2824 2342 2896 adduntur,
2375 2827 2527 2882 unde
2553 2838 2854 2901 appareat,
2892 2844 3063 2899 quam
3088 2826 3208 2880 veri
3233 2826 3496 2883 absimilis
3518 2833 3585 2884 sit

2039 2914 2353 2970 Aristotelis
2402 2917 2674 2971 sententia
2706 2912 2790 2990 (c.
2822 2912 2925 2989 6).
2973 2917 3048 2971 At
3078 2912 3197 2968 haec
3233 2915 3438 2971 nullius
3474 2935 3587 2974 esse

2038 3005 2310 3058 momenti
2333 3043 2349 3073 ,
2381 3004 2439 3057 in
2460 3005 2694 3077 reliquis
2716 3015 2904 3058 autem
2927 3001 3099 3057 fidem
3136 3013 3191 3057 et
3215 3003 3581 3060 sinceritatem

2040 3090 2229 3144 Timaei
2246 3100 2556 3163 suspectam
2576 3107 2687 3144 esse
2713 3088 2957 3145 ostendit
2989 3089 3258 3162 Polybius
3284 3088 3342 3143 ll.
3366 3088 3455 3158 11.,
3486 3097 3583 3164 qui

2033 3255 2264 3304 mulctam
2283 3268 2384 3305 esse
2405 3255 2744 3316 constitutam,
2771 3256 2820 3304 in
2853 3257 2939 3304 lios
2970 3255 3154 3315 levem,
3182 3254 3588 3317 quemadmodum

2037 3335 2085 3383 in
2107 3334 2372 3384 Charondae
2387 3333 2609 3398 legibus]

2511 3436 3113 3516 [ZANCLAEORUM.]

2722 3563 2891 3629 [22η

2100 3661 2340 3726 [zanclaei
2358 3697 2373 3722 ,
2391 3674 2545 3724 quum
2570 3662 2758 3712 Samios
2775 3662 2823 3710 in
2845 3662 3090 3711 civitatem
3113 3674 3250 3712 suam
3280 3663 3590 3728 recepissent,

2037 3741 2124 3805 ipsi
2143 3741 2205 3791 ab
2220 3741 2288 3791 eis
2306 3741 2422 3791 victi
2438 3743 2489 3790 et
2505 3741 2693 3803 expulsi
2718 3744 2846 3796 sunt.
2863 3738 2882 3804 ]

2458 3930 2473 3948 .
2514 3856 3112 3936 [RnEGmonUM.]

2728 3977 2897 4051 [228.1

2099 4092 2297 4158 [Rllegli
2318 4093 2367 4142 ιιι
2392 4092 2607 4143 Amxflai
2629 4092 2931 4156 tyrannidem
2949 4093 3133 4143 mutata
3151 4093 3224 4143 est
3240 4091 3534 4156 angardim

2725 4212 2829 4264 228
2853 4221 2901 4263 a.

2108 4322 2271 4379 Quum
2291 4318 2479 4383 Sicilia,
2508 4319 2760 4370 Aristotele
2783 4321 2904 4369 teste
2920 4354 2935 4378 ‚
2966 4320 3080 4369 ante
3102 4318 3385 4368 Anaxilaum
3412 4317 3597 4381 lepores

2042 4412 2139 4448 non
2159 4398 2488 4463 produxisset,
2511 4398 2592 4449 hic
2612 4399 2841 4449 invehens
2858 4398 3196 4460 nutriensque,
3216 4396 3362 4446 simul
3383 4395 3529 4446 rheda
3545 4397 3597 4446 in

2043 4475 2506 4618 ἓίγὲυρὲἰίἔιίηοω,
2530 4476 2853 4540 Rheginorum
2885 4477 3092 4526 monetae
3121 4473 3319 4525 rhedam
3347 4473 3596 4537 insculpsit

2597 4651 3050 4713 LOCRORUM.

2750 4782 2872 4832 229.

2109 4880 2188 4931 Ait
2200 4879 2409 4931 ‘rimatus
2426 4881 2725 4932 Aristotelem
2733 4881 2967 4931 audacem
2983 4893 3040 4930 ac
3054 4880 3209 4932 levem
3227 4882 3278 4931 et
3295 4880 3600 4932 tenna-arium

2051 4957 2194 5008 fuisse
2216 4971 2274 5008 ac
2298 4957 2360 5009 de
2392 4958 2587 5008 civitate
2609 4961 2871 5009 Locrorum
2895 4958 3114 5021 gnaviter
3141 4959 3428 5020 mentitum,
3447 4971 3602 5021 quum

2049 5034 2284 5085 coloniam
2306 5047 2473 5084 eorum
2495 5048 2522 5084 e
2546 5033 2755 5098 fugitivis
2771 5034 3047 5098 mancipiis,
3067 5033 3270 5085 moechis
3290 5046 3349 5084 ac
3369 5033 3606 5099 plagiariis

2051 5112 2303 5162 collectam
2324 5124 2426 5163 esse
2443 5111 2582 5161 dixit.
