<?xml version="1.0" encoding="UTF-8"?>
<!DOCTYPE html PUBLIC "-//W3C//DTD XHTML 1.0 Transitional//EN"
    "http://www.w3.org/TR/xhtml1/DTD/xhtml1-transitional.dtd">
<html xmlns="http://www.w3.org/1999/xhtml" xml:lang="en" lang="en">
 <head>
  <title>
</title>
<meta http-equiv="Content-Type" content="text/html;charset=utf-8" />
  <meta name='ocr-system' content='tesseract 3.04.00' />
  <meta name='ocr-capabilities' content='ocr_page ocr_carea ocr_par ocr_line ocrx_word'/>
</head>
<body>
  <div class='ocr_page' id='page_1' title='image "./fragmentahistor00mgoog_0055.png"; bbox 0 0 4016 5916; ppageno 0'>
   <div class='ocr_carea' id='block_1_1' title="bbox 1525 384 3498 462">
    <p class='ocr_par' dir='ltr' id='par_1_1' title="bbox 1525 384 3498 462">
     <span class='ocr_line' id='line_1_1' title="bbox 1525 384 3498 462; baseline 0.003 -18"><span class='ocrx_word' id='word_1_1' title='bbox 1525 384 1834 462; x_wconf 57' lang='lat' dir='ltr'>nimius</span> <span class='ocrx_word' id='word_1_2' title='bbox 1877 384 2266 446; x_wconf 69' lang='lat' dir='ltr'>Mitsssms</span> <span class='ocrx_word' id='word_1_3' title='bbox 3460 400 3498 450; x_wconf 69' lang='lat' dir='ltr'>a</span> 
     </span>
    </p>
   </div>
   <div class='ocr_carea' id='block_1_2' title="bbox 258 510 1871 4331">
    <p class='ocr_par' dir='ltr' id='par_1_2' title="bbox 286 510 1854 1121">
     <span class='ocr_line' id='line_1_2' title="bbox 290 510 1850 595; baseline -0.003 -20"><span class='ocrx_word' id='word_1_4' title='bbox 290 521 545 595; x_wconf 72' lang='lat' dir='ltr'>phylact.</span> <span class='ocrx_word' id='word_1_5' title='bbox 574 520 784 574; x_wconf 88' lang='lat' dir='ltr'>Simoc.</span> <span class='ocrx_word' id='word_1_6' title='bbox 810 537 865 592; x_wconf 90' lang='lat' dir='ltr'>p.</span> <span class='ocrx_word' id='word_1_7' title='bbox 899 516 1003 573; x_wconf 80' lang='lat'>186</span> <span class='ocrx_word' id='word_1_8' title='bbox 1050 515 1142 572; x_wconf 89' lang='lat' dir='ltr'>ed.</span> <span class='ocrx_word' id='word_1_9' title='bbox 1187 515 1392 590; x_wconf 85' lang='lat' dir='ltr'>Paris.)</span> <span class='ocrx_word' id='word_1_10' title='bbox 1424 536 1437 570; x_wconf 77' lang='grc' dir='ltr'><strong><em>ε</em></strong></span> <span class='ocrx_word' id='word_1_11' title='bbox 1477 510 1627 580; x_wconf 80' lang='grc' dir='ltr'>Τινὲς</span> <span class='ocrx_word' id='word_1_12' title='bbox 1660 513 1703 572; x_wconf 87' lang='grc' dir='ltr'>δ’</span> <span class='ocrx_word' id='word_1_13' title='bbox 1737 516 1850 573; x_wconf 78' lang='grc' dir='ltr'>ἐπι-</span> 
     </span>
     <span class='ocr_line' id='line_1_3' title="bbox 286 600 1853 683; baseline -0.004 -19"><span class='ocrx_word' id='word_1_14' title='bbox 286 605 584 682; x_wconf 46' lang='lat' dir='ltr'>{alcidem</span> <span class='ocrx_word' id='word_1_15' title='bbox 617 602 791 682; x_wconf 77' lang='grc' dir='ltr'>λέγειν</span> <span class='ocrx_word' id='word_1_16' title='bbox 835 603 950 683; x_wconf 68' lang='grc' dir='ltr'>περὶ</span> <span class='ocrx_word' id='word_1_17' title='bbox 993 605 1094 661; x_wconf 83' lang='grc' dir='ltr'>τῶν</span> <span class='ocrx_word' id='word_1_18' title='bbox 1140 600 1559 679; x_wconf 72' lang='grc' dir='ltr'>ἐπιζητουμένων</span> <span class='ocrx_word' id='word_1_19' title='bbox 1598 604 1702 676; x_wconf 88' lang='lat' dir='ltr'>(sc.</span> <span class='ocrx_word' id='word_1_20' title='bbox 1734 600 1853 680; x_wconf 75' lang='grc' dir='ltr'>περὶ</span> 
     </span>
     <span class='ocr_line' id='line_1_4' title="bbox 296 686 1852 767; baseline -0.003 -16"><span class='ocrx_word' id='word_1_21' title='bbox 296 696 397 764; x_wconf 74' lang='grc' dir='ltr'>τῆς</span> <span class='ocrx_word' id='word_1_22' title='bbox 425 690 728 758; x_wconf 68' lang='grc' dir='ltr'>ἅναὸάσεως</span> <span class='ocrx_word' id='word_1_23' title='bbox 750 695 841 749; x_wconf 75' lang='grc' dir='ltr'>τοῦ</span> <span class='ocrx_word' id='word_1_24' title='bbox 880 688 1070 751; x_wconf 79' lang='grc' dir='ltr'>Νείλου</span> <span class='ocrx_word' id='word_1_25' title='bbox 1097 687 1187 747; x_wconf 80' lang='grc' dir='ltr'>καὶ</span> <span class='ocrx_word' id='word_1_26' title='bbox 1210 692 1312 748; x_wconf 82' lang='grc' dir='ltr'>τῶν</span> <span class='ocrx_word' id='word_1_27' title='bbox 1343 691 1525 767; x_wconf 80' lang='grc' dir='ltr'>πηγῶν</span> <span class='ocrx_word' id='word_1_28' title='bbox 1551 690 1691 765; x_wconf 81' lang='lat' dir='ltr'>etc.)</span> <span class='ocrx_word' id='word_1_29' title='bbox 1719 686 1852 746; x_wconf 72' lang='grc' dir='ltr'>πολὺ</span> 
     </span>
     <span class='ocr_line' id='line_1_5' title="bbox 297 772 1853 856; baseline -0.004 -18"><span class='ocrx_word' id='word_1_30' title='bbox 297 784 396 851; x_wconf 72' lang='grc' dir='ltr'>τῆς</span> <span class='ocrx_word' id='word_1_31' title='bbox 429 778 672 851; x_wconf 72' lang='grc' dir='ltr'>ἀληθείας</span> <span class='ocrx_word' id='word_1_32' title='bbox 708 776 1015 856; x_wconf 76' lang='grc' dir='ltr'>διήμαρτον.</span> <span class='ocrx_word' id='word_1_33' title='bbox 1046 776 1115 836; x_wconf 77' lang='grc' dir='ltr'>Οἳ</span> <span class='ocrx_word' id='word_1_34' title='bbox 1143 773 1237 852; x_wconf 76' lang='grc' dir='ltr'>μὲν</span> <span class='ocrx_word' id='word_1_35' title='bbox 1259 773 1359 853; x_wconf 77' lang='grc' dir='ltr'>γὰρ</span> <span class='ocrx_word' id='word_1_36' title='bbox 1388 773 1505 853; x_wconf 79' lang='grc' dir='ltr'>περὶ</span> <span class='ocrx_word' id='word_1_37' title='bbox 1533 774 1619 832; x_wconf 79' lang='grc' dir='ltr'>τὸν</span> <span class='ocrx_word' id='word_1_38' title='bbox 1652 772 1853 835; x_wconf 83' lang='grc' dir='ltr'>Ἑλλά·</span> 
     </span>
     <span class='ocr_line' id='line_1_6' title="bbox 298 860 1854 942; baseline -0.003 -18"><span class='ocrx_word' id='word_1_39' title='bbox 298 889 442 926; x_wconf 79' lang='grc' dir='ltr'>νικον</span> <span class='ocrx_word' id='word_1_40' title='bbox 455 866 546 926; x_wconf 81' lang='grc' dir='ltr'>καὶ</span> <span class='ocrx_word' id='word_1_41' title='bbox 572 865 807 942; x_wconf 79' lang='grc' dir='ltr'>Κάδμον,</span> <span class='ocrx_word' id='word_1_42' title='bbox 828 863 903 923; x_wconf 73' lang='grc' dir='ltr'>ἔτι</span> <span class='ocrx_word' id='word_1_43' title='bbox 923 863 967 922; x_wconf 78' lang='grc' dir='ltr'>δ’</span> <span class='ocrx_word' id='word_1_44' title='bbox 986 863 1284 935; x_wconf 77' lang='grc' dir='ltr'>Ἑκαταῖον,</span> <span class='ocrx_word' id='word_1_45' title='bbox 1305 861 1397 923; x_wconf 68' lang='grc' dir='ltr'>καὶ</span> <span class='ocrx_word' id='word_1_46' title='bbox 1419 860 1603 928; x_wconf 80' lang='grc' dir='ltr'>πάντες</span> <span class='ocrx_word' id='word_1_47' title='bbox 1626 864 1671 920; x_wconf 71' lang='grc' dir='ltr'>οἱ</span> <span class='ocrx_word' id='word_1_48' title='bbox 1693 865 1854 919; x_wconf 61' lang='lat'><em>‹0203-</em></span> 
     </span>
     <span class='ocr_line' id='line_1_7' title="bbox 298 947 1851 1025; baseline -0.005 -13"><span class='ocrx_word' id='word_1_49' title='bbox 298 976 409 1025; x_wconf 85' lang='grc' dir='ltr'>τοι,</span> <span class='ocrx_word' id='word_1_50' title='bbox 440 951 659 1011; x_wconf 76' lang='grc' dir='ltr'>παλαιοὶ</span> <span class='ocrx_word' id='word_1_51' title='bbox 686 950 1023 1010; x_wconf 81' lang='grc' dir='ltr'>παντάπασιν</span> <span class='ocrx_word' id='word_1_52' title='bbox 1051 948 1218 1023; x_wconf 82' lang='grc' dir='ltr'>ὄντες,</span> <span class='ocrx_word' id='word_1_53' title='bbox 1237 950 1308 1017; x_wconf 75' lang='grc' dir='ltr'>εἷς</span> <span class='ocrx_word' id='word_1_54' title='bbox 1329 948 1420 1016; x_wconf 74' lang='grc' dir='ltr'>τὰς</span> <span class='ocrx_word' id='word_1_55' title='bbox 1447 947 1694 1025; x_wconf 81' lang='grc' dir='ltr'>μυθώδεις</span> <span class='ocrx_word' id='word_1_56' title='bbox 1718 948 1851 1005; x_wconf 81' lang='grc' dir='ltr'>ἁπο-</span> 
     </span>
     <span class='ocr_line' id='line_1_8' title="bbox 294 1037 815 1121; baseline -0.004 -21"><span class='ocrx_word' id='word_1_57' title='bbox 294 1039 484 1121; x_wconf 69' lang='grc' dir='ltr'>φάσεις</span> <span class='ocrx_word' id='word_1_58' title='bbox 505 1037 815 1099; x_wconf 71' lang='grc' dir='ltr'>ἀπέκλιναν.</span> 
     </span>
    </p>

    <p class='ocr_par' dir='ltr' id='par_1_3' title="bbox 258 1122 1854 1895">
     <span class='ocr_line' id='line_1_9' title="bbox 374 1122 1849 1201; baseline -0.006 -15"><span class='ocrx_word' id='word_1_59' title='bbox 374 1132 463 1186; x_wconf 83' lang='lat' dir='ltr'>Ex</span> <span class='ocrx_word' id='word_1_60' title='bbox 482 1129 726 1187; x_wconf 90' lang='lat' dir='ltr'>Diodori</span> <span class='ocrx_word' id='word_1_61' title='bbox 748 1128 879 1183; x_wconf 90' lang='lat' dir='ltr'>loco</span> <span class='ocrx_word' id='word_1_62' title='bbox 891 1127 1155 1201; x_wconf 88' lang='lat' dir='ltr'>colligere</span> <span class='ocrx_word' id='word_1_63' title='bbox 1174 1127 1345 1199; x_wconf 89' lang='lat' dir='ltr'>possis</span> <span class='ocrx_word' id='word_1_64' title='bbox 1361 1136 1457 1181; x_wconf 86' lang='lat' dir='ltr'>aut</span> <span class='ocrx_word' id='word_1_65' title='bbox 1473 1125 1577 1180; x_wconf 89' lang='lat' dir='ltr'>alia</span> <span class='ocrx_word' id='word_1_66' title='bbox 1595 1122 1849 1197; x_wconf 82' lang='lat' dir='ltr'>quaedam</span> 
     </span>
     <span class='ocr_line' id='line_1_10' title="bbox 286 1210 1850 1291; baseline -0.006 -17"><span class='ocrx_word' id='word_1_67' title='bbox 286 1229 512 1291; x_wconf 80' lang='lat' dir='ltr'>praeter</span> <span class='ocrx_word' id='word_1_68' title='bbox 544 1211 733 1273; x_wconf 78' lang='grc' dir='ltr'>Κτίσιν</span> <span class='ocrx_word' id='word_1_69' title='bbox 757 1210 959 1277; x_wconf 78' lang='grc' dir='ltr'>Ἰωνίας</span> <span class='ocrx_word' id='word_1_70' title='bbox 972 1213 1184 1270; x_wconf 80' lang='lat' dir='ltr'>Cadmo</span> <span class='ocrx_word' id='word_1_71' title='bbox 1199 1213 1414 1268; x_wconf 87' lang='lat' dir='ltr'>Milesio</span> <span class='ocrx_word' id='word_1_72' title='bbox 1428 1211 1693 1267; x_wconf 88' lang='lat' dir='ltr'>attributa</span> <span class='ocrx_word' id='word_1_73' title='bbox 1708 1227 1820 1265; x_wconf 87' lang='lat' dir='ltr'>esse</span> <span class='ocrx_word' id='word_1_74' title='bbox 1833 1250 1850 1278; x_wconf 90' lang='lat'>,</span> 
     </span>
     <span class='ocr_line' id='line_1_11' title="bbox 295 1295 1850 1360; baseline -0.006 0"><span class='ocrx_word' id='word_1_75' title='bbox 295 1317 391 1360; x_wconf 86' lang='lat' dir='ltr'>aut</span> <span class='ocrx_word' id='word_1_76' title='bbox 406 1304 736 1360; x_wconf 72' lang='lat' dir='ltr'><strong>Naucratim</strong></span> <span class='ocrx_word' id='word_1_77' title='bbox 760 1298 1103 1356; x_wconf 80' lang='lat' dir='ltr'>Milesiorum</span> <span class='ocrx_word' id='word_1_78' title='bbox 1132 1300 1413 1355; x_wconf 87' lang='lat' dir='ltr'>coloniam</span> <span class='ocrx_word' id='word_1_79' title='bbox 1438 1297 1509 1353; x_wconf 90' lang='lat' dir='ltr'>de</span> <span class='ocrx_word' id='word_1_80' title='bbox 1531 1297 1659 1351; x_wconf 75' lang='lat' dir='ltr'>Nilo</span> <span class='ocrx_word' id='word_1_81' title='bbox 1680 1295 1850 1350; x_wconf 88' lang='lat' dir='ltr'>disse-</span> 
     </span>
     <span class='ocr_line' id='line_1_12' title="bbox 282 1382 1854 1464; baseline -0.01 -17"><span class='ocrx_word' id='word_1_82' title='bbox 282 1390 459 1455; x_wconf 65' lang='lat' dir='ltr'>oeendi</span> <span class='ocrx_word' id='word_1_83' title='bbox 482 1390 781 1464; x_wconf 71' lang='lat' dir='ltr'>praebuisse</span> <span class='ocrx_word' id='word_1_84' title='bbox 806 1388 1308 1461; x_wconf 77' lang='lat' dir='ltr'><strong>opportunitatem.</strong></span> <span class='ocrx_word' id='word_1_85' title='bbox 1355 1383 1465 1440; x_wconf 85' lang='lat' dir='ltr'>Sed</span> <span class='ocrx_word' id='word_1_86' title='bbox 1507 1382 1775 1456; x_wconf 89' lang='lat' dir='ltr'>quoniam</span> <span class='ocrx_word' id='word_1_87' title='bbox 1798 1389 1854 1435; x_wconf 97' lang='lat' dir='ltr'>et</span> 
     </span>
     <span class='ocr_line' id='line_1_13' title="bbox 296 1466 1851 1534; baseline -0.008 0"><span class='ocrx_word' id='word_1_88' title='bbox 296 1478 509 1534; x_wconf 84' lang='lat' dir='ltr'>Strabo</span> <span class='ocrx_word' id='word_1_89' title='bbox 532 1488 591 1532; x_wconf 91' lang='lat' dir='ltr'>et</span> <span class='ocrx_word' id='word_1_90' title='bbox 605 1474 897 1533; x_wconf 77' lang='lat' dir='ltr'>Diodorus</span> <span class='ocrx_word' id='word_1_91' title='bbox 917 1472 1112 1530; x_wconf 89' lang='lat' dir='ltr'>Cadmi</span> <span class='ocrx_word' id='word_1_92' title='bbox 1130 1491 1248 1527; x_wconf 91' lang='lat' dir='ltr'>non</span> <span class='ocrx_word' id='word_1_93' title='bbox 1266 1473 1643 1527; x_wconf 87' lang='lat' dir='ltr'>meminerunt</span> <span class='ocrx_word' id='word_1_94' title='bbox 1662 1469 1766 1522; x_wconf 89' lang='lat' dir='ltr'>nisi</span> <span class='ocrx_word' id='word_1_95' title='bbox 1790 1466 1851 1521; x_wconf 92' lang='lat' dir='ltr'>in</span> 
     </span>
     <span class='ocr_line' id='line_1_14' title="bbox 296 1558 1846 1633; baseline -0.006 -14"><span class='ocrx_word' id='word_1_96' title='bbox 296 1565 625 1620; x_wconf 78' lang='lat' dir='ltr'>universum</span> <span class='ocrx_word' id='word_1_97' title='bbox 664 1561 738 1617; x_wconf 92' lang='lat' dir='ltr'>de</span> <span class='ocrx_word' id='word_1_98' title='bbox 774 1560 1165 1633; x_wconf 76' lang='lat' dir='ltr'>antiquissimis</span> <span class='ocrx_word' id='word_1_99' title='bbox 1204 1559 1483 1614; x_wconf 88' lang='lat' dir='ltr'>historicis</span> <span class='ocrx_word' id='word_1_100' title='bbox 1521 1558 1846 1628; x_wconf 86' lang='lat' dir='ltr'>loquentes,</span> 
     </span>
     <span class='ocr_line' id='line_1_15' title="bbox 294 1630 1852 1722; baseline -0.006 -17"><span class='ocrx_word' id='word_1_101' title='bbox 294 1651 533 1705; x_wconf 81' lang='lat' dir='ltr'>minime</span> <span class='ocrx_word' id='word_1_102' title='bbox 568 1649 747 1722; x_wconf 81' lang='lat' dir='ltr'>liquet</span> <span class='ocrx_word' id='word_1_103' title='bbox 784 1664 923 1703; x_wconf 89' lang='lat' dir='ltr'>num</span> <span class='ocrx_word' id='word_1_104' title='bbox 966 1646 1068 1719; x_wconf 88' lang='lat' dir='ltr'>ipsi</span> <span class='ocrx_word' id='word_1_105' title='bbox 1101 1644 1278 1700; x_wconf 88' lang='lat' dir='ltr'>libros</span> <span class='ocrx_word' id='word_1_106' title='bbox 1300 1630 1539 1712; x_wconf 75' lang='lat' dir='ltr'>⁸Cadmi,</span> <span class='ocrx_word' id='word_1_107' title='bbox 1584 1643 1682 1715; x_wconf 90' lang='lat' dir='ltr'>qui</span> <span class='ocrx_word' id='word_1_108' title='bbox 1720 1654 1852 1696; x_wconf 89' lang='lat' dir='ltr'>tunc</span> 
     </span>
     <span class='ocr_line' id='line_1_16' title="bbox 294 1729 1852 1808; baseline -0.006 -15"><span class='ocrx_word' id='word_1_109' title='bbox 294 1738 648 1805; x_wconf 80' lang='lat' dir='ltr'>serebantur,</span> <span class='ocrx_word' id='word_1_110' title='bbox 677 1734 1045 1808; x_wconf 81' lang='lat' dir='ltr'>inspexerint,</span> <span class='ocrx_word' id='word_1_111' title='bbox 1070 1751 1142 1788; x_wconf 88' lang='lat' dir='ltr'>an</span> <span class='ocrx_word' id='word_1_112' title='bbox 1172 1733 1347 1788; x_wconf 89' lang='lat' dir='ltr'>solam</span> <span class='ocrx_word' id='word_1_113' title='bbox 1381 1731 1623 1786; x_wconf 88' lang='lat' dir='ltr'>nominis</span> <span class='ocrx_word' id='word_1_114' title='bbox 1652 1729 1852 1784; x_wconf 87' lang='lat' dir='ltr'>famam</span> 
     </span>
     <span class='ocr_line' id='line_1_17' title="bbox 258 1814 1284 1895; baseline -0.008 -13"><span class='ocrx_word' id='word_1_115' title='bbox 258 1814 267 1821; x_wconf 61' lang='grc'><em>’</em></span> <span class='ocrx_word' id='word_1_116' title='bbox 294 1825 469 1881; x_wconf 84' lang='lat' dir='ltr'>secuti</span> <span class='ocrx_word' id='word_1_117' title='bbox 496 1824 628 1882; x_wconf 85' lang='lat' dir='ltr'>sint.</span> <span class='ocrx_word' id='word_1_118' title='bbox 1249 1873 1284 1895; x_wconf 50' lang='grc' dir='ltr'>ν</span> 
     </span>
    </p>

    <p class='ocr_par' dir='ltr' id='par_1_4' title="bbox 284 1907 1871 4243">
     <span class='ocr_line' id='line_1_18' title="bbox 370 1907 1854 1985; baseline -0.006 -17"><span class='ocrx_word' id='word_1_119' title='bbox 370 1914 515 1984; x_wconf 73' lang='lat' dir='ltr'>Quae</span> <span class='ocrx_word' id='word_1_120' title='bbox 550 1928 727 1985; x_wconf 87' lang='lat' dir='ltr'>quum</span> <span class='ocrx_word' id='word_1_121' title='bbox 764 1910 841 1965; x_wconf 89' lang='lat' dir='ltr'>ita</span> <span class='ocrx_word' id='word_1_122' title='bbox 883 1908 1154 1979; x_wconf 89' lang='lat' dir='ltr'>habeant,</span> <span class='ocrx_word' id='word_1_123' title='bbox 1193 1907 1462 1982; x_wconf 80' lang='lat' dir='ltr'>quaeritur</span> <span class='ocrx_word' id='word_1_124' title='bbox 1505 1924 1607 1961; x_wconf 89' lang='lat' dir='ltr'>nec</span> <span class='ocrx_word' id='word_1_125' title='bbox 1647 1915 1854 1960; x_wconf 89' lang='lat' dir='ltr'>temere</span> 
     </span>
     <span class='ocr_line' id='line_1_19' title="bbox 295 1992 1852 2075; baseline -0.006 -20"><span class='ocrx_word' id='word_1_126' title='bbox 295 2000 595 2075; x_wconf 63' lang='lat' dir='ltr'>queritur,</span> <span class='ocrx_word' id='word_1_127' title='bbox 616 2014 749 2052; x_wconf 89' lang='lat' dir='ltr'>num</span> <span class='ocrx_word' id='word_1_128' title='bbox 775 1996 1009 2051; x_wconf 87' lang='lat' dir='ltr'>omnino</span> <span class='ocrx_word' id='word_1_129' title='bbox 1030 2013 1280 2069; x_wconf 88' lang='lat' dir='ltr'>unquam</span> <span class='ocrx_word' id='word_1_130' title='bbox 1296 1994 1497 2049; x_wconf 80' lang='lat' dir='ltr'>vixerit</span> <span class='ocrx_word' id='word_1_131' title='bbox 1514 1992 1754 2050; x_wconf 87' lang='lat' dir='ltr'><strong>Cadmus</strong></span> <span class='ocrx_word' id='word_1_132' title='bbox 1768 1992 1852 2046; x_wconf 90' lang='lat' dir='ltr'>hi·</span> 
     </span>
     <span class='ocr_line' id='line_1_20' title="bbox 288 2080 1853 2156; baseline -0.006 -13"><span class='ocrx_word' id='word_1_133' title='bbox 288 2090 569 2156; x_wconf 79' lang='lat' dir='ltr'>storicus,</span> <span class='ocrx_word' id='word_1_134' title='bbox 597 2103 669 2141; x_wconf 86' lang='lat' dir='ltr'>an</span> <span class='ocrx_word' id='word_1_135' title='bbox 692 2101 911 2139; x_wconf 86' lang='lat' dir='ltr'>merum</span> <span class='ocrx_word' id='word_1_136' title='bbox 941 2084 1011 2138; x_wconf 86' lang='lat' dir='ltr'>sit</span> <span class='ocrx_word' id='word_1_137' title='bbox 1044 2084 1361 2152; x_wconf 81' lang='lat' dir='ltr'>inventum,</span> <span class='ocrx_word' id='word_1_138' title='bbox 1391 2099 1589 2137; x_wconf 89' lang='lat' dir='ltr'>eorum</span> <span class='ocrx_word' id='word_1_139' title='bbox 1614 2080 1853 2149; x_wconf 87' lang='lat' dir='ltr'>scilicet,</span> 
     </span>
     <span class='ocr_line' id='line_1_21' title="bbox 296 2165 1858 2248; baseline -0.005 -18"><span class='ocrx_word' id='word_1_140' title='bbox 296 2176 491 2248; x_wconf 80' lang='lat' dir='ltr'>quiex</span> <span class='ocrx_word' id='word_1_141' title='bbox 514 2171 727 2230; x_wconf 88' lang='lat' dir='ltr'>Cadmo</span> <span class='ocrx_word' id='word_1_142' title='bbox 752 2172 1042 2226; x_wconf 88' lang='lat' dir='ltr'>literarum</span> <span class='ocrx_word' id='word_1_143' title='bbox 1062 2171 1355 2225; x_wconf 87' lang='lat' dir='ltr'>inventore</span> <span class='ocrx_word' id='word_1_144' title='bbox 1386 2165 1446 2243; x_wconf 62' lang='grc' dir='ltr'>(Ἴ</span> <span class='ocrx_word' id='word_1_145' title='bbox 1475 2166 1740 2223; x_wconf 82' lang='lat' dir='ltr'>finxerint</span> <span class='ocrx_word' id='word_1_146' title='bbox 1765 2185 1858 2222; x_wconf 89' lang='lat' dir='ltr'>an·</span> 
     </span>
     <span class='ocr_line' id='line_1_22' title="bbox 299 2254 1858 2334; baseline -0.004 -19"><span class='ocrx_word' id='word_1_147' title='bbox 299 2261 671 2334; x_wconf 83' lang='lat' dir='ltr'>tiquissimum</span> <span class='ocrx_word' id='word_1_148' title='bbox 687 2257 1040 2330; x_wconf 79' lang='lat' dir='ltr'>scriptorem.</span> <span class='ocrx_word' id='word_1_149' title='bbox 1058 2257 1238 2328; x_wconf 90' lang='lat' dir='ltr'>Quam</span> <span class='ocrx_word' id='word_1_150' title='bbox 1251 2254 1480 2328; x_wconf 89' lang='lat' dir='ltr'>quidem</span> <span class='ocrx_word' id='word_1_151' title='bbox 1496 2255 1858 2328; x_wconf 80' lang='lat' dir='ltr'>quaestionem</span> 
     </span>
     <span class='ocr_line' id='line_1_23' title="bbox 292 2342 1858 2419; baseline -0.005 -16"><span class='ocrx_word' id='word_1_152' title='bbox 292 2348 411 2419; x_wconf 85' lang='lat' dir='ltr'>jam</span> <span class='ocrx_word' id='word_1_153' title='bbox 450 2357 669 2401; x_wconf 59' lang='lat' dir='ltr'>veteres</span> <span class='ocrx_word' id='word_1_154' title='bbox 698 2345 931 2418; x_wconf 79' lang='lat' dir='ltr'>agitasse</span> <span class='ocrx_word' id='word_1_155' title='bbox 976 2343 1129 2398; x_wconf 84' lang='lat' dir='ltr'>haud</span> <span class='ocrx_word' id='word_1_156' title='bbox 1169 2343 1403 2399; x_wconf 85' lang='lat' dir='ltr'>obscure</span> <span class='ocrx_word' id='word_1_157' title='bbox 1448 2344 1690 2397; x_wconf 89' lang='lat' dir='ltr'>innuunt</span> <span class='ocrx_word' id='word_1_158' title='bbox 1739 2342 1858 2396; x_wconf 86' lang='lat' dir='ltr'>Pli-</span> 
     </span>
     <span class='ocr_line' id='line_1_24' title="bbox 300 2426 1855 2499; baseline -0.003 -11"><span class='ocrx_word' id='word_1_159' title='bbox 300 2435 463 2489; x_wconf 83' lang='lat' dir='ltr'>niana</span> <span class='ocrx_word' id='word_1_160' title='bbox 508 2433 607 2487; x_wconf 85' lang='lat' dir='ltr'>ista</span> <span class='ocrx_word' id='word_1_161' title='bbox 644 2450 659 2487; x_wconf 77' lang='lat'>2</span> <span class='ocrx_word' id='word_1_162' title='bbox 690 2431 812 2486; x_wconf 85' lang='lat' dir='ltr'>Nec</span> <span class='ocrx_word' id='word_1_163' title='bbox 852 2430 1084 2486; x_wconf 79' lang='lat' dir='ltr'>Miletus</span> <span class='ocrx_word' id='word_1_164' title='bbox 1096 2426 1435 2499; x_wconf 82' lang='lat' dir='ltr'>fraudanda</span> <span class='ocrx_word' id='word_1_165' title='bbox 1469 2435 1585 2483; x_wconf 76' lang='lat' dir='ltr'>cive</span> <span class='ocrx_word' id='word_1_166' title='bbox 1627 2428 1855 2484; x_wconf 84' lang='lat' dir='ltr'><strong><em>Cadmo.</em></strong></span> 
     </span>
     <span class='ocr_line' id='line_1_25' title="bbox 296 2515 1859 2592; baseline -0.005 -16"><span class='ocrx_word' id='word_1_167' title='bbox 296 2523 523 2577; x_wconf 80' lang='lat' dir='ltr'>Nomen</span> <span class='ocrx_word' id='word_1_168' title='bbox 556 2537 691 2575; x_wconf 89' lang='lat' dir='ltr'>sane</span> <span class='ocrx_word' id='word_1_169' title='bbox 725 2535 832 2592; x_wconf 87' lang='lat' dir='ltr'>per</span> <span class='ocrx_word' id='word_1_170' title='bbox 861 2535 918 2573; x_wconf 89' lang='lat' dir='ltr'>se</span> <span class='ocrx_word' id='word_1_171' title='bbox 953 2517 1092 2572; x_wconf 83' lang='lat' dir='ltr'>nihil</span> <span class='ocrx_word' id='word_1_172' title='bbox 1127 2515 1297 2571; x_wconf 88' lang='lat' dir='ltr'>habet</span> <span class='ocrx_word' id='word_1_173' title='bbox 1338 2515 1677 2571; x_wconf 83' lang='lat' dir='ltr'>offensionis.</span> <span class='ocrx_word' id='word_1_174' title='bbox 1720 2515 1859 2570; x_wconf 84' lang='lat' dir='ltr'>Nam</span> 
     </span>
     <span class='ocr_line' id='line_1_26' title="bbox 290 2600 1861 2675; baseline -0.003 -11"><span class='ocrx_word' id='word_1_175' title='bbox 290 2627 365 2663; x_wconf 75' lang='lat' dir='ltr'>ex</span> <span class='ocrx_word' id='word_1_176' title='bbox 381 2605 690 2670; x_wconf 77' lang='lat' dir='ltr'>Herodoto</span> <span class='ocrx_word' id='word_1_177' title='bbox 709 2604 969 2660; x_wconf 89' lang='lat' dir='ltr'>novimus</span> <span class='ocrx_word' id='word_1_178' title='bbox 989 2603 1282 2674; x_wconf 77' lang='lat' dir='ltr'>Cadmum,</span> <span class='ocrx_word' id='word_1_179' title='bbox 1296 2600 1514 2675; x_wconf 81' lang='lat' dir='ltr'>Scythae</span> <span class='ocrx_word' id='word_1_180' title='bbox 1530 2600 1731 2672; x_wconf 86' lang='lat' dir='ltr'>filium,</span> <span class='ocrx_word' id='word_1_181' title='bbox 1754 2604 1861 2660; x_wconf 89' lang='lat' dir='ltr'>Co·</span> 
     </span>
     <span class='ocr_line' id='line_1_27' title="bbox 284 2691 1860 2769; baseline -0.004 -17"><span class='ocrx_word' id='word_1_182' title='bbox 284 2714 459 2751; x_wconf 86' lang='lat' dir='ltr'>-ornm</span> <span class='ocrx_word' id='word_1_183' title='bbox 482 2704 789 2769; x_wconf 73' lang='lat' dir='ltr'>tyrannum</span> <span class='ocrx_word' id='word_1_184' title='bbox 813 2691 934 2768; x_wconf 79' lang='lat'>(“);</span> <span class='ocrx_word' id='word_1_185' title='bbox 955 2710 1128 2766; x_wconf 90' lang='lat' dir='ltr'>porro</span> <span class='ocrx_word' id='word_1_186' title='bbox 1151 2693 1489 2747; x_wconf 81' lang='lat' dir='ltr'>Eucadmum</span> <span class='ocrx_word' id='word_1_187' title='bbox 1505 2732 1521 2762; x_wconf 94' lang='lat'>,</span> <span class='ocrx_word' id='word_1_188' title='bbox 1537 2692 1860 2746; x_wconf 87' lang='lat' dir='ltr'>statuarium</span> 
     </span>
     <span class='ocr_line' id='line_1_28' title="bbox 296 2774 1863 2851; baseline -0.004 -13"><span class='ocrx_word' id='word_1_189' title='bbox 296 2782 721 2850; x_wconf 79' lang='lat' dir='ltr'>Atheniensem,</span> <span class='ocrx_word' id='word_1_190' title='bbox 743 2780 909 2836; x_wconf 77' lang='lat' dir='ltr'>affert</span> <span class='ocrx_word' id='word_1_191' title='bbox 940 2778 1231 2833; x_wconf 80' lang='lat' dir='ltr'>Pausanias</span> <span class='ocrx_word' id='word_1_192' title='bbox 1251 2778 1337 2843; x_wconf 78' lang='lat' dir='ltr'>X,</span> <span class='ocrx_word' id='word_1_193' title='bbox 1374 2795 1472 2850; x_wconf 90' lang='lat'>19,</span> <span class='ocrx_word' id='word_1_194' title='bbox 1502 2784 1531 2842; x_wconf 76' lang='lat' dir='ltr'>l.</span> <span class='ocrx_word' id='word_1_195' title='bbox 1572 2775 1676 2851; x_wconf 87' lang='lat' dir='ltr'>(cf.</span> <span class='ocrx_word' id='word_1_196' title='bbox 1705 2774 1863 2832; x_wconf 79' lang='lat' dir='ltr'>Miil-</span> 
     </span>
     <span class='ocr_line' id='line_1_29' title="bbox 288 2861 1853 2941; baseline -0.002 -19"><span class='ocrx_word' id='word_1_197' title='bbox 288 2871 399 2925; x_wconf 75' lang='lat' dir='ltr'>ler.</span> <span class='ocrx_word' id='word_1_198' title='bbox 428 2868 721 2924; x_wconf 70' lang='lat' dir='ltr'>Amba-ol.</span> <span class='ocrx_word' id='word_1_199' title='bbox 756 2866 790 2941; x_wconf 83' lang='lat'>§</span> <span class='ocrx_word' id='word_1_200' title='bbox 823 2883 963 2935; x_wconf 79' lang='lat'>112,</span> <span class='ocrx_word' id='word_1_201' title='bbox 994 2861 1067 2941; x_wconf 87' lang='grc' dir='ltr'>ι).</span> <span class='ocrx_word' id='word_1_202' title='bbox 1098 2866 1174 2919; x_wconf 83' lang='lat' dir='ltr'>At</span> <span class='ocrx_word' id='word_1_203' title='bbox 1200 2864 1607 2919; x_wconf 85' lang='lat' dir='ltr'>dubitationem</span> <span class='ocrx_word' id='word_1_204' title='bbox 1631 2875 1853 2936; x_wconf 90' lang='lat' dir='ltr'>movet,</span> 
     </span>
     <span class='ocr_line' id='line_1_30' title="bbox 298 2951 1861 3032; baseline -0.003 -20"><span class='ocrx_word' id='word_1_205' title='bbox 298 2956 453 3032; x_wconf 88' lang='lat' dir='ltr'>quod</span> <span class='ocrx_word' id='word_1_206' title='bbox 476 2958 777 3012; x_wconf 86' lang='lat' dir='ltr'>literarum</span> <span class='ocrx_word' id='word_1_207' title='bbox 804 2954 1086 3009; x_wconf 83' lang='lat' dir='ltr'>inventori</span> <span class='ocrx_word' id='word_1_208' title='bbox 1110 2963 1167 3008; x_wconf 95' lang='lat' dir='ltr'>et</span> <span class='ocrx_word' id='word_1_209' title='bbox 1192 2951 1571 3024; x_wconf 84' lang='lat' dir='ltr'>antiquissimo</span> <span class='ocrx_word' id='word_1_210' title='bbox 1602 2953 1861 3026; x_wconf 86' lang='lat' dir='ltr'>scriptori</span> 
     </span>
     <span class='ocr_line' id='line_1_31' title="bbox 300 3038 1864 3113; baseline -0.004 -14"><span class='ocrx_word' id='word_1_211' title='bbox 300 3044 449 3099; x_wconf 87' lang='lat' dir='ltr'>idem</span> <span class='ocrx_word' id='word_1_212' title='bbox 482 3046 559 3098; x_wconf 88' lang='lat' dir='ltr'>sit</span> <span class='ocrx_word' id='word_1_213' title='bbox 600 3060 843 3110; x_wconf 87' lang='lat' dir='ltr'>nomen,</span> <span class='ocrx_word' id='word_1_214' title='bbox 884 3040 1193 3113; x_wconf 83' lang='lat' dir='ltr'>eademque</span> <span class='ocrx_word' id='word_1_215' title='bbox 1220 3038 1526 3093; x_wconf 89' lang='lat' dir='ltr'>secundum</span> <span class='ocrx_word' id='word_1_216' title='bbox 1560 3040 1864 3093; x_wconf 86' lang='lat' dir='ltr'>nonnullos</span> 
     </span>
     <span class='ocr_line' id='line_1_32' title="bbox 300 3124 1858 3204; baseline -0.004 -17"><span class='ocrx_word' id='word_1_217' title='bbox 300 3132 465 3187; x_wconf 82' lang='lat' dir='ltr'>fuerit</span> <span class='ocrx_word' id='word_1_218' title='bbox 492 3131 701 3204; x_wconf 83' lang='lat' dir='ltr'>patria.</span> <span class='ocrx_word' id='word_1_219' title='bbox 723 3129 876 3185; x_wconf 85' lang='lat' dir='ltr'>Nihil</span> <span class='ocrx_word' id='word_1_220' title='bbox 905 3129 1054 3182; x_wconf 89' lang='lat' dir='ltr'>enim</span> <span class='ocrx_word' id='word_1_221' title='bbox 1081 3137 1161 3181; x_wconf 91' lang='lat' dir='ltr'>est</span> <span class='ocrx_word' id='word_1_222' title='bbox 1197 3143 1297 3180; x_wconf 89' lang='lat' dir='ltr'>cur</span> <span class='ocrx_word' id='word_1_223' title='bbox 1320 3124 1549 3180; x_wconf 88' lang='lat' dir='ltr'>Suidam</span> <span class='ocrx_word' id='word_1_224' title='bbox 1591 3127 1740 3199; x_wconf 82' lang='lat' dir='ltr'>turpi</span> <span class='ocrx_word' id='word_1_225' title='bbox 1770 3126 1858 3181; x_wconf 88' lang='lat' dir='ltr'>la-</span> 
     </span>
     <span class='ocr_line' id='line_1_33' title="bbox 300 3209 1862 3293; baseline -0.004 -19"><span class='ocrx_word' id='word_1_226' title='bbox 300 3238 458 3293; x_wconf 84' lang='lat' dir='ltr'>psum</span> <span class='ocrx_word' id='word_1_227' title='bbox 488 3235 692 3273; x_wconf 87' lang='lat' dir='ltr'>errore</span> <span class='ocrx_word' id='word_1_228' title='bbox 710 3226 972 3290; x_wconf 91' lang='lat' dir='ltr'>putemus</span> <span class='ocrx_word' id='word_1_229' title='bbox 1001 3213 1270 3270; x_wconf 85' lang='lat' dir='ltr'>Cadmum</span> <span class='ocrx_word' id='word_1_230' title='bbox 1298 3209 1383 3268; x_wconf 82' lang='grc' dir='ltr'>τὸν</span> <span class='ocrx_word' id='word_1_231' title='bbox 1412 3213 1513 3269; x_wconf 85' lang='grc' dir='ltr'>τῶν</span> <span class='ocrx_word' id='word_1_232' title='bbox 1536 3209 1862 3288; x_wconf 81' lang='grc' dir='ltr'>γραμμάτων</span> 
     </span>
     <span class='ocr_line' id='line_1_34' title="bbox 298 3299 1861 3383; baseline -0.006 -21"><span class='ocrx_word' id='word_1_233' title='bbox 298 3303 513 3383; x_wconf 67' lang='grc' dir='ltr'>εὑρετὴν</span> <span class='ocrx_word' id='word_1_234' title='bbox 532 3306 830 3361; x_wconf 77' lang='lat' dir='ltr'>Milesium</span> <span class='ocrx_word' id='word_1_235' title='bbox 851 3302 1049 3357; x_wconf 85' lang='lat' dir='ltr'>dixisse</span> <span class='ocrx_word' id='word_1_236' title='bbox 1069 3319 1178 3375; x_wconf 90' lang='lat' dir='ltr'>pro</span> <span class='ocrx_word' id='word_1_237' title='bbox 1199 3299 1479 3355; x_wconf 82' lang='lat' dir='ltr'>Phoem‘ce.</span> <span class='ocrx_word' id='word_1_238' title='bbox 1502 3301 1641 3354; x_wconf 86' lang='lat' dir='ltr'>Nam</span> <span class='ocrx_word' id='word_1_239' title='bbox 1663 3299 1861 3355; x_wconf 84' lang='lat' dir='ltr'>eodem</span> 
     </span>
     <span class='ocr_line' id='line_1_35' title="bbox 300 3387 1859 3462; baseline -0.004 -14"><span class='ocrx_word' id='word_1_240' title='bbox 300 3393 477 3450; x_wconf 85' lang='lat' dir='ltr'>modo</span> <span class='ocrx_word' id='word_1_241' title='bbox 514 3392 831 3450; x_wconf 83' lang='lat' dir='ltr'>Scholiasta</span> <span class='ocrx_word' id='word_1_242' title='bbox 856 3388 927 3445; x_wconf 88' lang='lat' dir='ltr'>ad</span> <span class='ocrx_word' id='word_1_243' title='bbox 953 3390 1187 3462; x_wconf 76' lang='lat' dir='ltr'>Dionys.</span> <span class='ocrx_word' id='word_1_244' title='bbox 1220 3387 1419 3442; x_wconf 85' lang='lat' dir='ltr'>Thrac.</span> <span class='ocrx_word' id='word_1_245' title='bbox 1451 3387 1513 3441; x_wconf 91' lang='lat' dir='ltr'>in</span> <span class='ocrx_word' id='word_1_246' title='bbox 1538 3387 1713 3441; x_wconf 77' lang='lat' dir='ltr'>Bekk.</span> <span class='ocrx_word' id='word_1_247' title='bbox 1752 3391 1859 3442; x_wconf 79' lang='lat' dir='ltr'>An.</span> 
     </span>
     <span class='ocr_line' id='line_1_36' title="bbox 302 3468 1864 3554; baseline -0.007 -16"><span class='ocrx_word' id='word_1_248' title='bbox 302 3500 362 3554; x_wconf 81' lang='lat' dir='ltr'>p.</span> <span class='ocrx_word' id='word_1_249' title='bbox 392 3480 531 3549; x_wconf 78' lang='lat'>781,</span> <span class='ocrx_word' id='word_1_250' title='bbox 565 3478 641 3534; x_wconf 83' lang='lat'>30</span> <span class='ocrx_word' id='word_1_251' title='bbox 677 3476 790 3533; x_wconf 79' lang='lat' dir='ltr'>:Ot</span> <span class='ocrx_word' id='word_1_252' title='bbox 817 3471 929 3549; x_wconf 73' lang='grc' dir='ltr'>μὲν,</span> <span class='ocrx_word' id='word_1_253' title='bbox 968 3476 1072 3543; x_wconf 90' lang='lat' dir='ltr'>ait,</span> <span class='ocrx_word' id='word_1_254' title='bbox 1116 3471 1398 3550; x_wconf 75' lang='grc' dir='ltr'>Προμηθέα</span> <span class='ocrx_word' id='word_1_255' title='bbox 1429 3469 1635 3548; x_wconf 80' lang='grc' dir='ltr'>λέγουσι</span> <span class='ocrx_word' id='word_1_256' title='bbox 1671 3468 1864 3529; x_wconf 79' lang='grc' dir='ltr'>τούτων</span> 
     </span>
     <span class='ocr_line' id='line_1_37' title="bbox 308 3555 1862 3642; baseline -0.008 -17"><span class='ocrx_word' id='word_1_257' title='bbox 308 3568 408 3642; x_wconf 85' lang='lat' dir='ltr'>(sc.</span> <span class='ocrx_word' id='word_1_258' title='bbox 446 3568 556 3623; x_wconf 69' lang='grc' dir='ltr'>τῶν</span> <span class='ocrx_word' id='word_1_259' title='bbox 587 3559 944 3640; x_wconf 77' lang='grc' dir='ltr'>γραμμάτων)</span> <span class='ocrx_word' id='word_1_260' title='bbox 970 3556 1200 3637; x_wconf 74' lang='grc' dir='ltr'>εὑρετὴν,</span> <span class='ocrx_word' id='word_1_261' title='bbox 1234 3557 1384 3616; x_wconf 75' lang='grc' dir='ltr'>ἄλλοι</span> <span class='ocrx_word' id='word_1_262' title='bbox 1417 3556 1470 3615; x_wconf 82' lang='grc' dir='ltr'>δὲ</span> <span class='ocrx_word' id='word_1_263' title='bbox 1512 3555 1739 3615; x_wconf 83' lang='grc' dir='ltr'>Φοίνικα</span> <span class='ocrx_word' id='word_1_264' title='bbox 1778 3555 1862 3614; x_wconf 85' lang='grc' dir='ltr'>τὸν</span> 
     </span>
     <span class='ocr_line' id='line_1_38' title="bbox 286 3642 1862 3732; baseline -0.008 -19"><span class='ocrx_word' id='word_1_265' title='bbox 286 3659 390 3712; x_wconf 71' lang='grc' dir='ltr'>’τοῦ</span> <span class='ocrx_word' id='word_1_266' title='bbox 414 3650 699 3732; x_wconf 71' lang='grc' dir='ltr'>Ἀχιλλέως</span> <span class='ocrx_word' id='word_1_267' title='bbox 736 3644 1092 3726; x_wconf 78' lang='grc' dir='ltr'>παιδαγωγὸν,</span> <span class='ocrx_word' id='word_1_268' title='bbox 1130 3644 1277 3703; x_wconf 78' lang='grc' dir='ltr'>ἄλλοι</span> <span class='ocrx_word' id='word_1_269' title='bbox 1319 3642 1375 3702; x_wconf 76' lang='grc' dir='ltr'>δὲ</span> <span class='ocrx_word' id='word_1_270' title='bbox 1405 3644 1508 3702; x_wconf 78' lang='grc' dir='ltr'>τὸν</span> <span class='ocrx_word' id='word_1_271' title='bbox 1540 3643 1862 3714; x_wconf 76' lang='grc' dir='ltr'>Μιλήσιον</span> 
     </span>
     <span class='ocr_line' id='line_1_39' title="bbox 307 3734 1864 3816; baseline -0.01 -15"><span class='ocrx_word' id='word_1_272' title='bbox 307 3740 526 3816; x_wconf 78' lang='grc' dir='ltr'>Κάδμον</span> <span class='ocrx_word' id='word_1_273' title='bbox 552 3739 673 3798; x_wconf 82' lang='grc' dir='ltr'>κτλ.</span> <span class='ocrx_word' id='word_1_274' title='bbox 715 3739 818 3794; x_wconf 91' lang='lat' dir='ltr'>ubi</span> <span class='ocrx_word' id='word_1_275' title='bbox 851 3755 1025 3811; x_wconf 90' lang='lat' dir='ltr'>quum</span> <span class='ocrx_word' id='word_1_276' title='bbox 1052 3735 1123 3791; x_wconf 90' lang='lat' dir='ltr'>de</span> <span class='ocrx_word' id='word_1_277' title='bbox 1141 3734 1342 3791; x_wconf 85' lang='lat' dir='ltr'>Graecis</span> <span class='ocrx_word' id='word_1_278' title='bbox 1365 3734 1653 3789; x_wconf 88' lang='lat' dir='ltr'>literarum</span> <span class='ocrx_word' id='word_1_279' title='bbox 1673 3734 1864 3790; x_wconf 83' lang='lat' dir='ltr'>inven-</span> 
     </span>
     <span class='ocr_line' id='line_1_40' title="bbox 290 3821 1863 3897; baseline -0.008 -11"><span class='ocrx_word' id='word_1_280' title='bbox 290 3831 527 3885; x_wconf 82' lang='lat' dir='ltr'>&#39;toribus</span> <span class='ocrx_word' id='word_1_281' title='bbox 550 3846 740 3883; x_wconf 83' lang='lat' dir='ltr'>sermo</span> <span class='ocrx_word' id='word_1_282' title='bbox 768 3828 867 3894; x_wconf 88' lang='lat' dir='ltr'>sit,</span> <span class='ocrx_word' id='word_1_283' title='bbox 898 3841 1064 3879; x_wconf 90' lang='lat' dir='ltr'>nemo</span> <span class='ocrx_word' id='word_1_284' title='bbox 1100 3823 1523 3897; x_wconf 84' lang='lat' dir='ltr'>grammaticum</span> <span class='ocrx_word' id='word_1_285' title='bbox 1548 3821 1756 3876; x_wconf 87' lang='lat' dir='ltr'>erroris</span> <span class='ocrx_word' id='word_1_286' title='bbox 1781 3822 1863 3873; x_wconf 88' lang='lat' dir='ltr'>in-</span> 
     </span>
     <span class='ocr_line' id='line_1_41' title="bbox 304 3906 1866 3984; baseline -0.009 -12"><span class='ocrx_word' id='word_1_287' title='bbox 304 3919 603 3972; x_wconf 72' lang='lat' dir='ltr'>cusaverit.</span> <span class='ocrx_word' id='word_1_288' title='bbox 634 3914 906 3970; x_wconf 85' lang='lat' dir='ltr'>Similiter</span> <span class='ocrx_word' id='word_1_289' title='bbox 926 3909 1079 3984; x_wconf 91' lang='lat' dir='ltr'>apud</span> <span class='ocrx_word' id='word_1_290' title='bbox 1102 3908 1342 3964; x_wconf 88' lang='lat' dir='ltr'>eundem</span> <span class='ocrx_word' id='word_1_291' title='bbox 1371 3907 1548 3963; x_wconf 90' lang='lat' dir='ltr'>schol.</span> <span class='ocrx_word' id='word_1_292' title='bbox 1575 3927 1634 3981; x_wconf 91' lang='lat' dir='ltr'>p.</span> <span class='ocrx_word' id='word_1_293' title='bbox 1665 3906 1771 3978; x_wconf 81' lang='lat'>784</span> <span class='ocrx_word' id='word_1_294' title='bbox 1796 3908 1866 3960; x_wconf 92' lang='lat' dir='ltr'>li-</span> 
     </span>
     <span class='ocr_line' id='line_1_42' title="bbox 306 3995 1867 4070; baseline -0.008 -9"><span class='ocrx_word' id='word_1_295' title='bbox 306 4017 435 4060; x_wconf 81' lang='lat' dir='ltr'>terae</span> <span class='ocrx_word' id='word_1_296' title='bbox 456 4003 759 4060; x_wconf 83' lang='lat' dir='ltr'>Phoeniciae</span> <span class='ocrx_word' id='word_1_297' title='bbox 778 4019 810 4054; x_wconf 89' lang='lat' dir='ltr'>a</span> <span class='ocrx_word' id='word_1_298' title='bbox 831 3999 1094 4054; x_wconf 68' lang='lat' dir='ltr'>Phoenice</span> <span class='ocrx_word' id='word_1_299' title='bbox 1110 3998 1241 4051; x_wconf 86' lang='lat' dir='ltr'>loco</span> <span class='ocrx_word' id='word_1_300' title='bbox 1264 4013 1448 4069; x_wconf 87' lang='lat' dir='ltr'>prope</span> <span class='ocrx_word' id='word_1_301' title='bbox 1466 3995 1744 4070; x_wconf 59' lang='lat' dir='ltr'>Ephesum</span> <span class='ocrx_word' id='word_1_302' title='bbox 1761 3995 1867 4049; x_wconf 84' lang='lat' dir='ltr'>sito</span> 
     </span>
     <span class='ocr_line' id='line_1_43' title="bbox 306 4081 1866 4154; baseline -0.008 -8"><span class='ocrx_word' id='word_1_303' title='bbox 306 4110 517 4146; x_wconf 88' lang='lat' dir='ltr'>nomen</span> <span class='ocrx_word' id='word_1_304' title='bbox 539 4089 753 4144; x_wconf 87' lang='lat' dir='ltr'>habere</span> <span class='ocrx_word' id='word_1_305' title='bbox 774 4086 1057 4140; x_wconf 87' lang='lat' dir='ltr'>dicuntur.</span> <span class='ocrx_word' id='word_1_306' title='bbox 1078 4084 1355 4138; x_wconf 85' lang='lat' dir='ltr'>Nimirum</span> <span class='ocrx_word' id='word_1_307' title='bbox 1372 4082 1657 4136; x_wconf 89' lang='lat' dir='ltr'>literarum</span> <span class='ocrx_word' id='word_1_308' title='bbox 1673 4081 1866 4154; x_wconf 86' lang='lat' dir='ltr'>cogni-</span> 
     </span>
     <span class='ocr_line' id='line_1_44' title="bbox 308 4169 1871 4243; baseline -0.009 -8"><span class='ocrx_word' id='word_1_309' title='bbox 308 4181 387 4234; x_wconf 88' lang='lat' dir='ltr'>tio</span> <span class='ocrx_word' id='word_1_310' title='bbox 410 4179 747 4234; x_wconf 84' lang='lat' dir='ltr'>Phoenicum</span> <span class='ocrx_word' id='word_1_311' title='bbox 766 4173 1112 4228; x_wconf 87' lang='lat' dir='ltr'>commerciis</span> <span class='ocrx_word' id='word_1_312' title='bbox 1124 4171 1370 4243; x_wconf 90' lang='lat' dir='ltr'>primum</span> <span class='ocrx_word' id='word_1_313' title='bbox 1389 4170 1542 4223; x_wconf 92' lang='lat' dir='ltr'>venit</span> <span class='ocrx_word' id='word_1_314' title='bbox 1559 4169 1632 4224; x_wconf 86' lang='lat' dir='ltr'>ad</span> <span class='ocrx_word' id='word_1_315' title='bbox 1649 4169 1871 4224; x_wconf 85' lang='lat' dir='ltr'>Graecos</span> 
     </span>
    </p>

    <p class='ocr_par' dir='ltr' id='par_1_5' title="bbox 312 4258 1868 4331">
     <span class='ocr_line' id='line_1_45' title="bbox 312 4258 1868 4331; baseline -0.008 -8"><span class='ocrx_word' id='word_1_316' title='bbox 312 4268 453 4322; x_wconf 77' lang='lat' dir='ltr'>Asiae</span> <span class='ocrx_word' id='word_1_317' title='bbox 476 4264 746 4331; x_wconf 74' lang='lat' dir='ltr'>Minoris3</span> <span class='ocrx_word' id='word_1_318' title='bbox 788 4262 935 4315; x_wconf 90' lang='lat' dir='ltr'>inter</span> <span class='ocrx_word' id='word_1_319' title='bbox 959 4261 1124 4314; x_wconf 90' lang='lat' dir='ltr'>Iones</span> <span class='ocrx_word' id='word_1_320' title='bbox 1157 4259 1326 4331; x_wconf 90' lang='lat' dir='ltr'>primi</span> <span class='ocrx_word' id='word_1_321' title='bbox 1349 4259 1680 4312; x_wconf 82' lang='lat' dir='ltr'>exstiterunt</span> <span class='ocrx_word' id='word_1_322' title='bbox 1711 4258 1868 4313; x_wconf 83' lang='lat' dir='ltr'>Grae-</span> 
     </span>
    </p>
   </div>
   <div class='ocr_carea' id='block_1_3' title="bbox 1930 515 3552 4158">
    <p class='ocr_par' dir='ltr' id='par_1_6' title="bbox 1930 515 3552 4158">
     <span class='ocr_line' id='line_1_46' title="bbox 1940 515 3500 595; baseline 0.003 -24"><span class='ocrx_word' id='word_1_323' title='bbox 1940 518 2064 571; x_wconf 89' lang='lat' dir='ltr'>nice</span> <span class='ocrx_word' id='word_1_324' title='bbox 2105 516 2368 572; x_wconf 85' lang='lat' dir='ltr'>evaderet</span> <span class='ocrx_word' id='word_1_325' title='bbox 2427 515 2664 572; x_wconf 77' lang='lat' dir='ltr'>Phoenix</span> <span class='ocrx_word' id='word_1_326' title='bbox 2715 517 2872 571; x_wconf 88' lang='lat' dir='ltr'>locus</span> <span class='ocrx_word' id='word_1_327' title='bbox 2921 517 3223 590; x_wconf 84' lang='lat' dir='ltr'>Ephesinus</span> <span class='ocrx_word' id='word_1_328' title='bbox 3270 516 3377 595; x_wconf 81' lang='lat'><strong>(*)‚</strong></span> <span class='ocrx_word' id='word_1_329' title='bbox 3433 535 3500 577; x_wconf 92' lang='lat' dir='ltr'>ut</span> 
     </span>
     <span class='ocr_line' id='line_1_47' title="bbox 1940 601 3497 664; baseline 0.003 -5"><span class='ocrx_word' id='word_1_330' title='bbox 1940 604 2171 659; x_wconf 84' lang='lat' dir='ltr'>Phoenix</span> <span class='ocrx_word' id='word_1_331' title='bbox 2182 601 2420 659; x_wconf 90' lang='lat' dir='ltr'>Cadmus</span> <span class='ocrx_word' id='word_1_332' title='bbox 2433 602 2613 658; x_wconf 88' lang='lat' dir='ltr'>abiret</span> <span class='ocrx_word' id='word_1_333' title='bbox 2624 604 2680 657; x_wconf 90' lang='lat' dir='ltr'>in</span> <span class='ocrx_word' id='word_1_334' title='bbox 2691 603 2961 659; x_wconf 89' lang='lat' dir='ltr'>Cadmum</span> <span class='ocrx_word' id='word_1_335' title='bbox 2975 604 3264 662; x_wconf 88' lang='lat' dir='ltr'>Milesium.</span> <span class='ocrx_word' id='word_1_336' title='bbox 3279 608 3497 664; x_wconf 90' lang='lat' dir='ltr'>Deinde</span> 
     </span>
     <span class='ocr_line' id='line_1_48' title="bbox 1937 690 3493 765; baseline 0.003 -20"><span class='ocrx_word' id='word_1_337' title='bbox 1937 692 2170 745; x_wconf 87' lang='lat' dir='ltr'>ulterius</span> <span class='ocrx_word' id='word_1_338' title='bbox 2186 691 2386 745; x_wconf 89' lang='lat' dir='ltr'>harum</span> <span class='ocrx_word' id='word_1_339' title='bbox 2414 708 2605 762; x_wconf 86' lang='lat' dir='ltr'>rerum</span> <span class='ocrx_word' id='word_1_340' title='bbox 2633 690 2775 745; x_wconf 82' lang='lat' dir='ltr'>fabri</span> <span class='ocrx_word' id='word_1_341' title='bbox 2795 692 3076 765; x_wconf 86' lang='lat' dir='ltr'>progressi</span> <span class='ocrx_word' id='word_1_342' title='bbox 3096 703 3241 746; x_wconf 88' lang='lat' dir='ltr'>sunt.</span> <span class='ocrx_word' id='word_1_343' title='bbox 3274 694 3493 750; x_wconf 88' lang='lat' dir='ltr'>Etenim</span> 
     </span>
     <span class='ocr_line' id='line_1_49' title="bbox 1938 777 3493 854; baseline 0.003 -23"><span class='ocrx_word' id='word_1_344' title='bbox 1938 779 2034 849; x_wconf 88' lang='lat' dir='ltr'>qui</span> <span class='ocrx_word' id='word_1_345' title='bbox 2050 778 2263 851; x_wconf 87' lang='lat' dir='ltr'>primus</span> <span class='ocrx_word' id='word_1_346' title='bbox 2281 777 2493 832; x_wconf 86' lang='lat' dir='ltr'>invenit</span> <span class='ocrx_word' id='word_1_347' title='bbox 2511 778 2695 832; x_wconf 86' lang='lat' dir='ltr'>literas</span> <span class='ocrx_word' id='word_1_348' title='bbox 2708 818 2724 846; x_wconf 91' lang='lat'>,</span> <span class='ocrx_word' id='word_1_349' title='bbox 2748 796 2864 831; x_wconf 90' lang='lat' dir='ltr'>non</span> <span class='ocrx_word' id='word_1_350' title='bbox 2878 778 3066 851; x_wconf 83' lang='lat' dir='ltr'>potuit</span> <span class='ocrx_word' id='word_1_351' title='bbox 3087 796 3203 832; x_wconf 89' lang='lat' dir='ltr'>non</span> <span class='ocrx_word' id='word_1_352' title='bbox 3220 781 3493 854; x_wconf 84' lang='lat' dir='ltr'>scripsisse</span> 
     </span>
     <span class='ocr_line' id='line_1_50' title="bbox 1938 863 3493 939; baseline 0.003 -22"><span class='ocrx_word' id='word_1_353' title='bbox 1938 881 2133 936; x_wconf 87' lang='lat' dir='ltr'>opera.</span> <span class='ocrx_word' id='word_1_354' title='bbox 2168 864 2256 919; x_wconf 89' lang='lat' dir='ltr'>Sic</span> <span class='ocrx_word' id='word_1_355' title='bbox 2295 863 2388 939; x_wconf 91' lang='lat' dir='ltr'>(ut</span> <span class='ocrx_word' id='word_1_356' title='bbox 2420 882 2596 918; x_wconf 91' lang='lat' dir='ltr'>unum</span> <span class='ocrx_word' id='word_1_357' title='bbox 2639 876 2859 938; x_wconf 86' lang='lat' dir='ltr'>tangam</span> <span class='ocrx_word' id='word_1_358' title='bbox 2889 882 2958 918; x_wconf 83' lang='lat' dir='ltr'>ex</span> <span class='ocrx_word' id='word_1_359' title='bbox 2985 865 3493 939; x_wconf 80' lang='lat' dir='ltr'>mythologumenis</span> 
     </span>
     <span class='ocr_line' id='line_1_51' title="bbox 1937 945 3492 1026; baseline 0.004 -23"><span class='ocrx_word' id='word_1_360' title='bbox 1937 949 2180 1005; x_wconf 79' lang='lat' dir='ltr'>historiae</span> <span class='ocrx_word' id='word_1_361' title='bbox 2226 945 2514 1026; x_wconf 81' lang='lat' dir='ltr'>literariae)</span> <span class='ocrx_word' id='word_1_362' title='bbox 2559 951 2822 1021; x_wconf 88' lang='lat' dir='ltr'>Phoenix,</span> <span class='ocrx_word' id='word_1_363' title='bbox 2867 950 3143 1025; x_wconf 82' lang='lat' dir='ltr'>Agenoris</span> <span class='ocrx_word' id='word_1_364' title='bbox 3183 949 3355 1024; x_wconf 82' lang='lat' dir='ltr'>filius,</span> <span class='ocrx_word' id='word_1_365' title='bbox 3402 956 3492 1009; x_wconf 91' lang='lat' dir='ltr'>cui</span> 
     </span>
     <span class='ocr_line' id='line_1_52' title="bbox 1937 1034 3490 1118; baseline 0.003 -26"><span class='ocrx_word' id='word_1_366' title='bbox 1937 1036 2078 1109; x_wconf 83' lang='lat' dir='ltr'>Lydi</span> <span class='ocrx_word' id='word_1_367' title='bbox 2099 1049 2156 1092; x_wconf 92' lang='lat' dir='ltr'>et</span> <span class='ocrx_word' id='word_1_368' title='bbox 2178 1039 2343 1092; x_wconf 90' lang='lat' dir='ltr'>Iones</span> <span class='ocrx_word' id='word_1_369' title='bbox 2367 1036 2678 1093; x_wconf 83' lang='lat' dir='ltr'>secundum</span> <span class='ocrx_word' id='word_1_370' title='bbox 2699 1039 3054 1112; x_wconf 82' lang='lat' dir='ltr'>Apostolium</span> <span class='ocrx_word' id='word_1_371' title='bbox 3082 1034 3259 1118; x_wconf 83' lang='lat' dir='ltr'>(XX,</span> <span class='ocrx_word' id='word_1_372' title='bbox 3289 1040 3395 1117; x_wconf 78' lang='lat'>29)</span> <span class='ocrx_word' id='word_1_373' title='bbox 3424 1043 3490 1096; x_wconf 88' lang='lat' dir='ltr'>li·</span> 
     </span>
     <span class='ocr_line' id='line_1_53' title="bbox 1940 1124 3493 1205; baseline 0.003 -26"><span class='ocrx_word' id='word_1_374' title='bbox 1940 1135 2186 1180; x_wconf 89' lang='lat' dir='ltr'>terarum</span> <span class='ocrx_word' id='word_1_375' title='bbox 2219 1126 2601 1180; x_wconf 84' lang='lat' dir='ltr'>inventionem</span> <span class='ocrx_word' id='word_1_376' title='bbox 2640 1126 2925 1196; x_wconf 90' lang='lat' dir='ltr'>tribuunt,</span> <span class='ocrx_word' id='word_1_377' title='bbox 2966 1124 3284 1191; x_wconf 82' lang='grc' dir='ltr'>Φοινικικοῖς</span> <span class='ocrx_word' id='word_1_378' title='bbox 3311 1125 3493 1205; x_wconf 85' lang='grc' dir='ltr'>γράμ-</span> 
     </span>
     <span class='ocr_line' id='line_1_54' title="bbox 1939 1206 3493 1291; baseline 0.003 -26"><span class='ocrx_word' id='word_1_379' title='bbox 1939 1231 2072 1284; x_wconf 89' lang='grc' dir='ltr'>μασι</span> <span class='ocrx_word' id='word_1_380' title='bbox 2097 1207 2192 1280; x_wconf 83' lang='grc' dir='ltr'>τὴν</span> <span class='ocrx_word' id='word_1_381' title='bbox 2234 1206 2576 1290; x_wconf 74' lang='grc' dir='ltr'>ἀριθμητικὴν</span> <span class='ocrx_word' id='word_1_382' title='bbox 2604 1208 2908 1291; x_wconf 68' lang='grc' dir='ltr'>φιλοσοφίαν</span> <span class='ocrx_word' id='word_1_383' title='bbox 2940 1208 3323 1289; x_wconf 78' lang='grc' dir='ltr'>συνεγράψατο,</span> <span class='ocrx_word' id='word_1_384' title='bbox 3357 1225 3493 1270; x_wconf 85' lang='lat' dir='ltr'>teste</span> 
     </span>
     <span class='ocr_line' id='line_1_55' title="bbox 1937 1297 3490 1374; baseline 0.003 -21"><span class='ocrx_word' id='word_1_385' title='bbox 1937 1297 2193 1354; x_wconf 88' lang='lat' dir='ltr'>Cedreno</span> <span class='ocrx_word' id='word_1_386' title='bbox 2215 1318 2275 1373; x_wconf 85' lang='lat' dir='ltr'>p.</span> <span class='ocrx_word' id='word_1_387' title='bbox 2311 1318 2401 1374; x_wconf 87' lang='lat'>19.</span> <span class='ocrx_word' id='word_1_388' title='bbox 2426 1299 2517 1355; x_wconf 87' lang='lat' dir='ltr'>Ad</span> <span class='ocrx_word' id='word_1_389' title='bbox 2552 1299 2793 1355; x_wconf 87' lang='lat' dir='ltr'>eundem</span> <span class='ocrx_word' id='word_1_390' title='bbox 2822 1299 3056 1355; x_wconf 86' lang='lat' dir='ltr'>modum</span> <span class='ocrx_word' id='word_1_391' title='bbox 3081 1302 3249 1355; x_wconf 86' lang='lat' dir='ltr'>etiam</span> <span class='ocrx_word' id='word_1_392' title='bbox 3276 1301 3490 1357; x_wconf 86' lang='lat' dir='ltr'>Cadmo</span> 
     </span>
     <span class='ocr_line' id='line_1_56' title="bbox 1937 1386 3493 1461; baseline 0.003 -22"><span class='ocrx_word' id='word_1_393' title='bbox 1937 1396 2132 1440; x_wconf 89' lang='lat' dir='ltr'>nostro</span> <span class='ocrx_word' id='word_1_394' title='bbox 2175 1387 2390 1441; x_wconf 83' lang='lat' dir='ltr'>Milesio</span> <span class='ocrx_word' id='word_1_395' title='bbox 2419 1405 2561 1460; x_wconf 84' lang='lat' dir='ltr'>opus</span> <span class='ocrx_word' id='word_1_396' title='bbox 2593 1386 2827 1459; x_wconf 88' lang='lat' dir='ltr'>aliquod</span> <span class='ocrx_word' id='word_1_397' title='bbox 2856 1387 3271 1461; x_wconf 77' lang='lat' dir='ltr'>assignaverint.</span> <span class='ocrx_word' id='word_1_398' title='bbox 3296 1389 3493 1461; x_wconf 75' lang='lat' dir='ltr'>Neque</span> 
     </span>
     <span class='ocr_line' id='line_1_57' title="bbox 1937 1469 3492 1552; baseline 0.003 -27"><span class='ocrx_word' id='word_1_399' title='bbox 1937 1470 2079 1528; x_wconf 84' lang='lat' dir='ltr'>illud</span> <span class='ocrx_word' id='word_1_400' title='bbox 2110 1471 2297 1529; x_wconf 82' lang='lat' dir='ltr'>Suidae</span> <span class='ocrx_word' id='word_1_401' title='bbox 2323 1472 2525 1551; x_wconf 79' lang='grc' dir='ltr'>πρῶτος</span> <span class='ocrx_word' id='word_1_402' title='bbox 2551 1469 2855 1552; x_wconf 80' lang='grc' dir='ltr'>συγγραφὴν</span> <span class='ocrx_word' id='word_1_403' title='bbox 2893 1469 3088 1552; x_wconf 78' lang='grc' dir='ltr'>ἔγραψε</span> <span class='ocrx_word' id='word_1_404' title='bbox 3128 1472 3492 1548; x_wconf 76' lang='grc' dir='ltr'>καταλογάδην</span> 
     </span>
     <span class='ocr_line' id='line_1_58' title="bbox 1938 1555 3493 1639; baseline 0.003 -27"><span class='ocrx_word' id='word_1_405' title='bbox 1938 1559 2145 1637; x_wconf 77' lang='grc' dir='ltr'>μικρῷ</span> <span class='ocrx_word' id='word_1_406' title='bbox 2170 1555 2356 1616; x_wconf 52' lang='lat' dir='ltr'>vcta-tt</span> <span class='ocrx_word' id='word_1_407' title='bbox 2371 1580 2476 1639; x_wconf 86' lang='grc' dir='ltr'>ρος</span> <span class='ocrx_word' id='word_1_408' title='bbox 2498 1556 2774 1639; x_wconf 69' lang='grc' dir='ltr'>Ὀρφέως</span> <span class='ocrx_word' id='word_1_409' title='bbox 2796 1559 3149 1635; x_wconf 85' lang='lat' dir='ltr'>negligentiae</span> <span class='ocrx_word' id='word_1_410' title='bbox 3169 1560 3258 1615; x_wconf 87' lang='lat' dir='ltr'>vel</span> <span class='ocrx_word' id='word_1_411' title='bbox 3288 1562 3493 1617; x_wconf 64' lang='lat' dir='ltr'>acrisiae</span> 
     </span>
     <span class='ocr_line' id='line_1_59' title="bbox 1936 1648 3495 1721; baseline 0.003 -21"><span class='ocrx_word' id='word_1_412' title='bbox 1936 1648 2283 1721; x_wconf 87' lang='lat' dir='ltr'>grammatici</span> <span class='ocrx_word' id='word_1_413' title='bbox 2336 1648 2726 1720; x_wconf 88' lang='lat' dir='ltr'>imputaverim</span> <span class='ocrx_word' id='word_1_414' title='bbox 2742 1689 2758 1717; x_wconf 91' lang='lat'>,</span> <span class='ocrx_word' id='word_1_415' title='bbox 2808 1649 2905 1721; x_wconf 87' lang='lat' dir='ltr'>qui</span> <span class='ocrx_word' id='word_1_416' title='bbox 2951 1666 3021 1703; x_wconf 93' lang='lat' dir='ltr'>eo</span> <span class='ocrx_word' id='word_1_417' title='bbox 3079 1648 3271 1721; x_wconf 88' lang='lat' dir='ltr'>potius</span> <span class='ocrx_word' id='word_1_418' title='bbox 3315 1648 3495 1705; x_wconf 86' lang='lat' dir='ltr'>aliena</span> 
     </span>
     <span class='ocr_line' id='line_1_60' title="bbox 1930 1730 3489 1808; baseline 0.004 -21"><span class='ocrx_word' id='word_1_419' title='bbox 1930 1731 2175 1803; x_wconf 81' lang='lat' dir='ltr'>junxisse</span> <span class='ocrx_word' id='word_1_420' title='bbox 2193 1735 2331 1788; x_wconf 89' lang='lat' dir='ltr'>mihi</span> <span class='ocrx_word' id='word_1_421' title='bbox 2348 1734 2593 1804; x_wconf 88' lang='lat' dir='ltr'>videtur,</span> <span class='ocrx_word' id='word_1_422' title='bbox 2622 1734 2779 1808; x_wconf 89' lang='lat' dir='ltr'>quod</span> <span class='ocrx_word' id='word_1_423' title='bbox 2807 1730 2997 1791; x_wconf 86' lang='grc' dir='ltr'>Κτίσι</span> <span class='ocrx_word' id='word_1_424' title='bbox 3012 1755 3038 1789; x_wconf 97' lang='grc' dir='ltr'>ν</span> <span class='ocrx_word' id='word_1_425' title='bbox 3057 1730 3352 1802; x_wconf 80' lang='grc' dir='ltr'>Μιλήτου</span> <span class='ocrx_word' id='word_1_426' title='bbox 3369 1735 3489 1795; x_wconf 87' lang='grc' dir='ltr'>κτλ.</span> 
     </span>
     <span class='ocr_line' id='line_1_61' title="bbox 1940 1820 3496 1895; baseline 0.001 -19"><span class='ocrx_word' id='word_1_427' title='bbox 1940 1831 2204 1894; x_wconf 86' lang='lat' dir='ltr'>tanquam</span> <span class='ocrx_word' id='word_1_428' title='bbox 2237 1839 2380 1895; x_wconf 91' lang='lat' dir='ltr'>opus</span> <span class='ocrx_word' id='word_1_429' title='bbox 2405 1840 2438 1877; x_wconf 89' lang='lat' dir='ltr'>a</span> <span class='ocrx_word' id='word_1_430' title='bbox 2473 1821 2684 1877; x_wconf 86' lang='lat' dir='ltr'>Cadmo</span> <span class='ocrx_word' id='word_1_431' title='bbox 2721 1821 2934 1894; x_wconf 89' lang='lat' dir='ltr'>Orphei</span> <span class='ocrx_word' id='word_1_432' title='bbox 2977 1820 3093 1877; x_wconf 79' lang='lat' dir='ltr'>fere</span> <span class='ocrx_word' id='word_1_433' title='bbox 3117 1823 3316 1895; x_wconf 76' lang='lat' dir='ltr'>aequali</span> <span class='ocrx_word' id='word_1_434' title='bbox 3353 1841 3496 1895; x_wconf 88' lang='lat' dir='ltr'>pro·</span> 
     </span>
     <span class='ocr_line' id='line_1_62' title="bbox 1939 1905 3497 1982; baseline 0.002 -20"><span class='ocrx_word' id='word_1_435' title='bbox 1939 1907 2147 1963; x_wconf 80' lang='lat' dir='ltr'>fectum</span> <span class='ocrx_word' id='word_1_436' title='bbox 2167 1910 2437 1982; x_wconf 86' lang='lat' dir='ltr'>posuerit.</span> <span class='ocrx_word' id='word_1_437' title='bbox 2468 1905 2535 1963; x_wconf 92' lang='lat' dir='ltr'>ld</span> <span class='ocrx_word' id='word_1_438' title='bbox 2554 1910 2703 1963; x_wconf 89' lang='lat' dir='ltr'>enim</span> <span class='ocrx_word' id='word_1_439' title='bbox 2725 1909 2796 1964; x_wconf 89' lang='lat' dir='ltr'>ab</span> <span class='ocrx_word' id='word_1_440' title='bbox 2821 1910 2887 1963; x_wconf 87' lang='lat' dir='ltr'>iis</span> <span class='ocrx_word' id='word_1_441' title='bbox 2907 1908 3134 1964; x_wconf 88' lang='lat' dir='ltr'>demum</span> <span class='ocrx_word' id='word_1_442' title='bbox 3160 1907 3372 1965; x_wconf 86' lang='lat' dir='ltr'>Cadmo</span> <span class='ocrx_word' id='word_1_443' title='bbox 3394 1910 3497 1965; x_wconf 91' lang='lat' dir='ltr'>da-</span> 
     </span>
     <span class='ocr_line' id='line_1_63' title="bbox 1941 1995 3496 2070; baseline 0.001 -19"><span class='ocrx_word' id='word_1_444' title='bbox 1941 2005 2061 2050; x_wconf 87' lang='lat' dir='ltr'>tum</span> <span class='ocrx_word' id='word_1_445' title='bbox 2078 2014 2191 2051; x_wconf 87' lang='lat' dir='ltr'>esse</span> <span class='ocrx_word' id='word_1_446' title='bbox 2203 2006 2345 2070; x_wconf 89' lang='lat' dir='ltr'>puto</span> <span class='ocrx_word' id='word_1_447' title='bbox 2359 2037 2376 2066; x_wconf 87' lang='lat'>,</span> <span class='ocrx_word' id='word_1_448' title='bbox 2394 1997 2492 2069; x_wconf 89' lang='lat' dir='ltr'>qui</span> <span class='ocrx_word' id='word_1_449' title='bbox 2512 2015 2688 2070; x_wconf 89' lang='lat' dir='ltr'>quum</span> <span class='ocrx_word' id='word_1_450' title='bbox 2707 1995 3086 2069; x_wconf 79' lang='lat' dir='ltr'>Pherecydem</span> <span class='ocrx_word' id='word_1_451' title='bbox 3104 2007 3163 2051; x_wconf 91' lang='lat' dir='ltr'>et</span> <span class='ocrx_word' id='word_1_452' title='bbox 3175 1998 3496 2053; x_wconf 75' lang='lat' dir='ltr'>Hecataeum</span> 
     </span>
     <span class='ocr_line' id='line_1_64' title="bbox 1938 2082 3497 2157; baseline 0.003 -21"><span class='ocrx_word' id='word_1_453' title='bbox 1938 2084 2155 2155; x_wconf 88' lang='lat' dir='ltr'>primos</span> <span class='ocrx_word' id='word_1_454' title='bbox 2183 2082 2452 2156; x_wconf 89' lang='lat' dir='ltr'>pedestris</span> <span class='ocrx_word' id='word_1_455' title='bbox 2479 2083 2748 2138; x_wconf 90' lang='lat' dir='ltr'>orationis</span> <span class='ocrx_word' id='word_1_456' title='bbox 2773 2083 3075 2155; x_wconf 86' lang='lat' dir='ltr'>scriptores</span> <span class='ocrx_word' id='word_1_457' title='bbox 3099 2082 3272 2157; x_wconf 88' lang='lat' dir='ltr'>vulgo</span> <span class='ocrx_word' id='word_1_458' title='bbox 3299 2083 3497 2140; x_wconf 88' lang='lat' dir='ltr'>haberi</span> 
     </span>
     <span class='ocr_line' id='line_1_65' title="bbox 1942 2168 3497 2239; baseline 0.002 -15"><span class='ocrx_word' id='word_1_459' title='bbox 1942 2168 2227 2239; x_wconf 87' lang='lat' dir='ltr'>viderent,</span> <span class='ocrx_word' id='word_1_460' title='bbox 2251 2169 2398 2225; x_wconf 90' lang='lat' dir='ltr'>istud</span> <span class='ocrx_word' id='word_1_461' title='bbox 2418 2168 2489 2225; x_wconf 91' lang='lat' dir='ltr'>de</span> <span class='ocrx_word' id='word_1_462' title='bbox 2512 2169 2723 2226; x_wconf 90' lang='lat' dir='ltr'>Cadmo</span> <span class='ocrx_word' id='word_1_463' title='bbox 2747 2181 3129 2225; x_wconf 85' lang='lat' dir='ltr'>commentum</span> <span class='ocrx_word' id='word_1_464' title='bbox 3150 2169 3223 2225; x_wconf 90' lang='lat' dir='ltr'>ad</span> <span class='ocrx_word' id='word_1_465' title='bbox 3238 2188 3384 2225; x_wconf 81' lang='lat' dir='ltr'>verae</span> <span class='ocrx_word' id='word_1_466' title='bbox 3403 2172 3497 2227; x_wconf 83' lang='lat' dir='ltr'>hi·-</span> 
     </span>
     <span class='ocr_line' id='line_1_66' title="bbox 1941 2255 3496 2332; baseline 0.002 -21"><span class='ocrx_word' id='word_1_467' title='bbox 1941 2258 2126 2312; x_wconf 81' lang='lat' dir='ltr'>storiae</span> <span class='ocrx_word' id='word_1_468' title='bbox 2149 2268 2206 2312; x_wconf 91' lang='lat' dir='ltr'>et</span> <span class='ocrx_word' id='word_1_469' title='bbox 2231 2256 2612 2332; x_wconf 68' lang='lat' dir='ltr'>chronologiae</span> <span class='ocrx_word' id='word_1_470' title='bbox 2630 2255 3053 2312; x_wconf 87' lang='lat' dir='ltr'>similitudinem</span> <span class='ocrx_word' id='word_1_471' title='bbox 3073 2274 3343 2313; x_wconf 87' lang='lat' dir='ltr'>revocare</span> <span class='ocrx_word' id='word_1_472' title='bbox 3365 2259 3496 2314; x_wconf 88' lang='lat' dir='ltr'>alla·</span> 
     </span>
     <span class='ocr_line' id='line_1_67' title="bbox 1940 2344 3499 2419; baseline 0.003 -20"><span class='ocrx_word' id='word_1_473' title='bbox 1940 2344 2315 2414; x_wconf 89' lang='lat' dir='ltr'>boraverunt,</span> <span class='ocrx_word' id='word_1_474' title='bbox 2341 2344 2586 2418; x_wconf 88' lang='lat' dir='ltr'>ideoque</span> <span class='ocrx_word' id='word_1_475' title='bbox 2610 2346 2927 2419; x_wconf 89' lang='lat' dir='ltr'>principem</span> <span class='ocrx_word' id='word_1_476' title='bbox 2950 2344 3097 2399; x_wconf 88' lang='lat' dir='ltr'>inter</span> <span class='ocrx_word' id='word_1_477' title='bbox 3119 2344 3499 2419; x_wconf 88' lang='lat' dir='ltr'>logographos</span> 
     </span>
     <span class='ocr_line' id='line_1_68' title="bbox 1943 2429 3498 2507; baseline 0.003 -22"><span class='ocrx_word' id='word_1_478' title='bbox 1943 2432 2134 2487; x_wconf 89' lang='lat' dir='ltr'>locum</span> <span class='ocrx_word' id='word_1_479' title='bbox 2147 2429 2360 2487; x_wconf 84' lang='lat' dir='ltr'>Milesio</span> <span class='ocrx_word' id='word_1_480' title='bbox 2379 2450 2481 2487; x_wconf 86' lang='lat' dir='ltr'>suo</span> <span class='ocrx_word' id='word_1_481' title='bbox 2500 2431 2768 2487; x_wconf 88' lang='lat' dir='ltr'>tribuere.</span> <span class='ocrx_word' id='word_1_482' title='bbox 2785 2434 2872 2488; x_wconf 81' lang='lat' dir='ltr'>Ex</span> <span class='ocrx_word' id='word_1_483' title='bbox 2885 2430 3087 2487; x_wconf 86' lang='lat' dir='ltr'>eodem</span> <span class='ocrx_word' id='word_1_484' title='bbox 3106 2430 3295 2487; x_wconf 84' lang='lat' dir='ltr'>studio</span> <span class='ocrx_word' id='word_1_485' title='bbox 3311 2435 3498 2507; x_wconf 81' lang='lat' dir='ltr'>expli-</span> 
     </span>
     <span class='ocr_line' id='line_1_69' title="bbox 1945 2516 3489 2594; baseline 0.002 -20"><span class='ocrx_word' id='word_1_486' title='bbox 1945 2518 2256 2593; x_wconf 77' lang='lat' dir='ltr'>candaquae</span> <span class='ocrx_word' id='word_1_487' title='bbox 2269 2519 2532 2594; x_wconf 87' lang='lat' dir='ltr'>leguntur</span> <span class='ocrx_word' id='word_1_488' title='bbox 2542 2519 2601 2573; x_wconf 87' lang='lat' dir='ltr'>in</span> <span class='ocrx_word' id='word_1_489' title='bbox 2611 2520 2902 2576; x_wconf 88' lang='lat' dir='ltr'>Villoison.</span> <span class='ocrx_word' id='word_1_490' title='bbox 2919 2521 3025 2576; x_wconf 86' lang='lat' dir='ltr'>An.</span> <span class='ocrx_word' id='word_1_491' title='bbox 3041 2520 3140 2576; x_wconf 88' lang='lat' dir='ltr'>Gr.</span> <span class='ocrx_word' id='word_1_492' title='bbox 3159 2516 3241 2589; x_wconf 91' lang='lat'>11,</span> <span class='ocrx_word' id='word_1_493' title='bbox 3257 2537 3320 2593; x_wconf 88' lang='lat' dir='ltr'>p.</span> <span class='ocrx_word' id='word_1_494' title='bbox 3344 2540 3366 2575; x_wconf 86' lang='lat'>1</span> <span class='ocrx_word' id='word_1_495' title='bbox 3378 2520 3450 2591; x_wconf 88' lang='grc'>87</span> <span class='ocrx_word' id='word_1_496' title='bbox 3475 2541 3489 2577; x_wconf 89' lang='lat'>:</span> 
     </span>
     <span class='ocr_line' id='line_1_70' title="bbox 1945 2592 3498 2683; baseline 0.001 -21"><span class='ocrx_word' id='word_1_497' title='bbox 1945 2605 2029 2662; x_wconf 77' lang='grc' dir='ltr'>Οὔ</span> <span class='ocrx_word' id='word_1_498' title='bbox 2055 2592 2346 2681; x_wconf 83' lang='grc' dir='ltr'>γράμματα</span> <span class='ocrx_word' id='word_1_499' title='bbox 2374 2592 2516 2683; x_wconf 67' lang='grc' dir='ltr'>εἶχον</span> <span class='ocrx_word' id='word_1_500' title='bbox 2538 2606 2587 2662; x_wconf 75' lang='grc' dir='ltr'>οἱ</span> <span class='ocrx_word' id='word_1_501' title='bbox 2603 2601 2890 2676; x_wconf 82' lang='grc' dir='ltr'>Ἕλληνες,</span> <span class='ocrx_word' id='word_1_502' title='bbox 2914 2602 3051 2663; x_wconf 73' lang='grc' dir='ltr'>ἀλλὰ</span> <span class='ocrx_word' id='word_1_503' title='bbox 3077 2602 3164 2662; x_wconf 75' lang='grc' dir='ltr'>διὰ</span> <span class='ocrx_word' id='word_1_504' title='bbox 3189 2604 3498 2663; x_wconf 82' lang='grc' dir='ltr'>Φοινικείων</span> 
     </span>
     <span class='ocr_line' id='line_1_71' title="bbox 1945 2688 3492 2771; baseline 0.002 -24"><span class='ocrx_word' id='word_1_505' title='bbox 1945 2688 2274 2769; x_wconf 77' lang='grc' dir='ltr'>γραμμάτων</span> <span class='ocrx_word' id='word_1_506' title='bbox 2301 2688 2523 2771; x_wconf 78' lang='grc' dir='ltr'>ἔγραφον</span> <span class='ocrx_word' id='word_1_507' title='bbox 2558 2688 2626 2748; x_wconf 71' lang='grc' dir='ltr'>τὰ</span> <span class='ocrx_word' id='word_1_508' title='bbox 2666 2694 2835 2750; x_wconf 75' lang='grc' dir='ltr'>αὑτῶν</span> <span class='ocrx_word' id='word_1_509' title='bbox 2869 2688 3160 2763; x_wconf 70' lang='grc' dir='ltr'>Ἑλληνικὰ</span> <span class='ocrx_word' id='word_1_510' title='bbox 3181 2688 3492 2771; x_wconf 86' lang='grc' dir='ltr'>γράμματα·</span> 
     </span>
     <span class='ocr_line' id='line_1_72' title="bbox 1945 2774 3499 2855; baseline 0.001 -20"><span class='ocrx_word' id='word_1_511' title='bbox 1945 2775 2037 2835; x_wconf 79' lang='grc' dir='ltr'>καὶ</span> <span class='ocrx_word' id='word_1_512' title='bbox 2062 2774 2163 2855; x_wconf 80' lang='grc' dir='ltr'>γὰρ</span> <span class='ocrx_word' id='word_1_513' title='bbox 2197 2774 2330 2834; x_wconf 79' lang='grc' dir='ltr'>αὐτὰ</span> <span class='ocrx_word' id='word_1_514' title='bbox 2358 2774 2427 2834; x_wconf 76' lang='grc' dir='ltr'>τὰ</span> <span class='ocrx_word' id='word_1_515' title='bbox 2467 2776 2742 2837; x_wconf 75' lang='grc' dir='ltr'>Φοινίκεια</span> <span class='ocrx_word' id='word_1_516' title='bbox 2772 2777 2876 2843; x_wconf 79' lang='grc' dir='ltr'>τοῖς</span> <span class='ocrx_word' id='word_1_517' title='bbox 2905 2775 3172 2854; x_wconf 83' lang='grc' dir='ltr'>ὀνόμασιν,</span> <span class='ocrx_word' id='word_1_518' title='bbox 3210 2779 3281 2844; x_wconf 80' lang='grc' dir='ltr'>ὣς</span> <span class='ocrx_word' id='word_1_519' title='bbox 3308 2777 3398 2837; x_wconf 81' lang='grc' dir='ltr'>καὶ</span> <span class='ocrx_word' id='word_1_520' title='bbox 3432 2778 3499 2836; x_wconf 81' lang='grc' dir='ltr'>τὰ</span> 
     </span>
     <span class='ocr_line' id='line_1_73' title="bbox 1947 2859 3497 2942; baseline 0 -21"><span class='ocrx_word' id='word_1_521' title='bbox 1947 2860 2246 2940; x_wconf 77' lang='grc' dir='ltr'>Ἑὸραῖκὰ,</span> <span class='ocrx_word' id='word_1_522' title='bbox 2272 2860 2409 2921; x_wconf 76' lang='grc' dir='ltr'>κατὰ</span> <span class='ocrx_word' id='word_1_523' title='bbox 2435 2861 2656 2940; x_wconf 76' lang='grc' dir='ltr'>μίμησιν</span> <span class='ocrx_word' id='word_1_524' title='bbox 2682 2866 2784 2921; x_wconf 82' lang='grc' dir='ltr'>τῶν</span> <span class='ocrx_word' id='word_1_525' title='bbox 2825 2859 3110 2942; x_wconf 79' lang='grc' dir='ltr'>Ἑὸραίων,</span> <span class='ocrx_word' id='word_1_526' title='bbox 3135 2868 3242 2932; x_wconf 82' lang='grc' dir='ltr'>τοῖς</span> <span class='ocrx_word' id='word_1_527' title='bbox 3267 2863 3497 2933; x_wconf 82' lang='grc' dir='ltr'>Φοίνιξιν</span> 
     </span>
     <span class='ocr_line' id='line_1_74' title="bbox 1948 2947 3501 3030; baseline 0.002 -23"><span class='ocrx_word' id='word_1_528' title='bbox 1948 2947 2147 3030; x_wconf 76' lang='grc' dir='ltr'>εὑρέθη.</span> <span class='ocrx_word' id='word_1_529' title='bbox 2187 2948 2517 3029; x_wconf 74' lang='grc' dir='ltr'>Παλαμήδης</span> <span class='ocrx_word' id='word_1_530' title='bbox 2544 2949 2589 3008; x_wconf 91' lang='grc' dir='ltr'>δ’</span> <span class='ocrx_word' id='word_1_531' title='bbox 2621 2948 2832 3030; x_wconf 72' lang='grc' dir='ltr'>ὕστερον</span> <span class='ocrx_word' id='word_1_532' title='bbox 2872 2948 3053 3026; x_wconf 76' lang='grc' dir='ltr'>ἐλθὼν,</span> <span class='ocrx_word' id='word_1_533' title='bbox 3086 2949 3368 3030; x_wconf 78' lang='grc' dir='ltr'>ἀρξάμενος</span> <span class='ocrx_word' id='word_1_534' title='bbox 3397 2951 3501 3010; x_wconf 77' lang='grc' dir='ltr'>ἀπὸ</span> 
     </span>
     <span class='ocr_line' id='line_1_75' title="bbox 1947 3027 3499 3116; baseline 0.005 -23"><span class='ocrx_word' id='word_1_535' title='bbox 1947 3041 2037 3094; x_wconf 77' lang='grc' dir='ltr'>τοῦ</span> <span class='ocrx_word' id='word_1_536' title='bbox 2067 3035 2235 3115; x_wconf 82' lang='grc' dir='ltr'>ἄλφα,</span> <span class='ocrx_word' id='word_1_537' title='bbox 2258 3035 2385 3094; x_wconf 80' lang='grc' dir='ltr'>δέκα</span> <span class='ocrx_word' id='word_1_538' title='bbox 2408 3035 2463 3104; x_wconf 75' lang='grc' dir='ltr'>ἓξ</span> <span class='ocrx_word' id='word_1_539' title='bbox 2487 3035 2621 3114; x_wconf 84' lang='grc' dir='ltr'>μόνα</span> <span class='ocrx_word' id='word_1_540' title='bbox 2648 3037 2753 3104; x_wconf 77' lang='grc' dir='ltr'>τοῖς</span> <span class='ocrx_word' id='word_1_541' title='bbox 2769 3034 3029 3108; x_wconf 81' lang='grc' dir='ltr'>Ἕλλησιν</span> <span class='ocrx_word' id='word_1_542' title='bbox 3056 3027 3171 3116; x_wconf 68' lang='grc' dir='ltr'>εὗρε</span> <span class='ocrx_word' id='word_1_543' title='bbox 3202 3042 3499 3116; x_wconf 80' lang='grc' dir='ltr'>στοιχεῖα...</span> 
     </span>
     <span class='ocr_line' id='line_1_76' title="bbox 1951 3121 3501 3203; baseline -0.001 -20"><span class='ocrx_word' id='word_1_544' title='bbox 1951 3121 2252 3203; x_wconf 79' lang='grc' dir='ltr'>Προσέθηκε</span> <span class='ocrx_word' id='word_1_545' title='bbox 2290 3121 2346 3181; x_wconf 74' lang='grc' dir='ltr'>δὶ</span> <span class='ocrx_word' id='word_1_546' title='bbox 2387 3125 2559 3190; x_wconf 78' lang='grc' dir='ltr'>αὐτοῖς</span> <span class='ocrx_word' id='word_1_547' title='bbox 2602 3124 2815 3201; x_wconf 84' lang='grc' dir='ltr'>Κάδμος</span> <span class='ocrx_word' id='word_1_548' title='bbox 2845 3127 2873 3182; x_wconf 84' lang='grc' dir='ltr'><strong>ὁ</strong></span> <span class='ocrx_word' id='word_1_549' title='bbox 2916 3122 3171 3194; x_wconf 82' lang='grc' dir='ltr'>Μιλήσιος</span> <span class='ocrx_word' id='word_1_550' title='bbox 3210 3124 3501 3202; x_wconf 86' lang='grc' dir='ltr'>γράμματα</span> 
     </span>
     <span class='ocr_line' id='line_1_77' title="bbox 1947 3209 3503 3291; baseline 0.001 -24"><span class='ocrx_word' id='word_1_551' title='bbox 1947 3209 2096 3288; x_wconf 87' lang='grc' dir='ltr'>τρία,</span> <span class='ocrx_word' id='word_1_552' title='bbox 2116 3215 2165 3283; x_wconf 85' lang='grc' dir='ltr'>θ,</span> <span class='ocrx_word' id='word_1_553' title='bbox 2187 3233 2255 3291; x_wconf 84' lang='grc' dir='ltr'>φ,</span> <span class='ocrx_word' id='word_1_554' title='bbox 2285 3233 2387 3289; x_wconf 81' lang='grc' dir='ltr'>χ...</span> <span class='ocrx_word' id='word_1_555' title='bbox 2412 3210 2566 3271; x_wconf 64' lang='grc' dir='ltr'>Μετὰ</span> <span class='ocrx_word' id='word_1_556' title='bbox 2592 3217 2757 3270; x_wconf 79' lang='grc' dir='ltr'>ταῦτα</span> <span class='ocrx_word' id='word_1_557' title='bbox 2784 3211 3078 3287; x_wconf 83' lang='grc' dir='ltr'>Σιμωνίδης</span> <span class='ocrx_word' id='word_1_558' title='bbox 3104 3214 3133 3269; x_wconf 76' lang='grc' dir='ltr'>ὁ</span> <span class='ocrx_word' id='word_1_559' title='bbox 3159 3214 3313 3282; x_wconf 79' lang='grc' dir='ltr'>Κεῖος</span> <span class='ocrx_word' id='word_1_560' title='bbox 3342 3211 3503 3271; x_wconf 70' lang='grc' dir='ltr'>ἐλθὼν</span> 
     </span>
     <span class='ocr_line' id='line_1_78' title="bbox 1947 3296 3505 3379; baseline 0.002 -24"><span class='ocrx_word' id='word_1_561' title='bbox 1947 3297 2239 3377; x_wconf 77' lang='grc' dir='ltr'>προσέθηκε</span> <span class='ocrx_word' id='word_1_562' title='bbox 2265 3296 2386 3372; x_wconf 77' lang='grc' dir='ltr'>δύο,</span> <span class='ocrx_word' id='word_1_563' title='bbox 2408 3322 2443 3369; x_wconf 91' lang='grc' dir='ltr'>η</span> <span class='ocrx_word' id='word_1_564' title='bbox 2470 3297 2561 3357; x_wconf 74' lang='grc' dir='ltr'>καὶ</span> <span class='ocrx_word' id='word_1_565' title='bbox 2588 3322 2662 3371; x_wconf 89' lang='grc' dir='ltr'>ω,</span> <span class='ocrx_word' id='word_1_566' title='bbox 2688 3297 3019 3378; x_wconf 78' lang='grc' dir='ltr'>Ἐπίχαρμος</span> <span class='ocrx_word' id='word_1_567' title='bbox 3033 3297 3088 3356; x_wconf 81' lang='grc' dir='ltr'>δὲ</span> <span class='ocrx_word' id='word_1_568' title='bbox 3108 3301 3136 3356; x_wconf 82' lang='grc' dir='ltr'><strong>ὁ</strong></span> <span class='ocrx_word' id='word_1_569' title='bbox 3152 3297 3505 3379; x_wconf 83' lang='grc' dir='ltr'>Συρακούσιος</span> 
     </span>
     <span class='ocr_line' id='line_1_79' title="bbox 1949 3382 3502 3465; baseline 0.002 -24"><span class='ocrx_word' id='word_1_570' title='bbox 1949 3382 2095 3465; x_wconf 85' lang='grc' dir='ltr'>τρία,</span> <span class='ocrx_word' id='word_1_571' title='bbox 2120 3387 2175 3457; x_wconf 81' lang='grc' dir='ltr'>ζ,</span> <span class='ocrx_word' id='word_1_572' title='bbox 2204 3383 2259 3457; x_wconf 84' lang='grc' dir='ltr'>ξ,</span> <span class='ocrx_word' id='word_1_573' title='bbox 2291 3388 2351 3465; x_wconf 76' lang='grc' dir='ltr'>ψ.</span> <span class='ocrx_word' id='word_1_574' title='bbox 2386 3385 2492 3445; x_wconf 76' lang='grc' dir='ltr'>Καὶ</span> <span class='ocrx_word' id='word_1_575' title='bbox 2516 3383 2678 3452; x_wconf 71' lang='grc' dir='ltr'>οὕτως</span> <span class='ocrx_word' id='word_1_576' title='bbox 2704 3384 3082 3465; x_wconf 69' lang='grc' dir='ltr'>ἐπληρώθησαν</span> <span class='ocrx_word' id='word_1_577' title='bbox 3099 3383 3166 3443; x_wconf 73' lang='grc' dir='ltr'>τὰ</span> <span class='ocrx_word' id='word_1_578' title='bbox 3193 3385 3356 3444; x_wconf 73' lang='grc' dir='ltr'>εἴκοσι</span> <span class='ocrx_word' id='word_1_579' title='bbox 3376 3383 3502 3444; x_wconf 76' lang='grc' dir='ltr'>τέσ-</span> 
     </span>
     <span class='ocr_line' id='line_1_80' title="bbox 1950 3474 3504 3556; baseline 0 -27"><span class='ocrx_word' id='word_1_580' title='bbox 1950 3493 2109 3551; x_wconf 87' lang='grc' dir='ltr'>σαρα.</span> <span class='ocrx_word' id='word_1_581' title='bbox 2137 3476 2294 3530; x_wconf 90' lang='lat' dir='ltr'>Patet</span> <span class='ocrx_word' id='word_1_582' title='bbox 2315 3475 2589 3531; x_wconf 87' lang='lat' dir='ltr'>Cadmum</span> <span class='ocrx_word' id='word_1_583' title='bbox 2607 3475 2900 3556; x_wconf 30' lang='lat' dir='ltr'>§Milesium</span> <span class='ocrx_word' id='word_1_584' title='bbox 2923 3474 2984 3529; x_wconf 88' lang='lat' dir='ltr'>h.</span> <span class='ocrx_word' id='word_1_585' title='bbox 3013 3474 3051 3529; x_wconf 89' lang='lat' dir='ltr'>l.</span> <span class='ocrx_word' id='word_1_586' title='bbox 3079 3493 3113 3530; x_wconf 89' lang='lat' dir='ltr'>a</span> <span class='ocrx_word' id='word_1_587' title='bbox 3148 3475 3504 3549; x_wconf 86' lang='lat' dir='ltr'>logographo</span> 
     </span>
     <span class='ocr_line' id='line_1_81' title="bbox 1951 3560 3505 3635; baseline 0.001 -21"><span class='ocrx_word' id='word_1_588' title='bbox 1951 3578 2070 3616; x_wconf 91' lang='lat' dir='ltr'>non</span> <span class='ocrx_word' id='word_1_589' title='bbox 2090 3560 2371 3616; x_wconf 88' lang='lat' dir='ltr'>diversum</span> <span class='ocrx_word' id='word_1_590' title='bbox 2396 3579 2508 3617; x_wconf 86' lang='lat' dir='ltr'>esse</span> <span class='ocrx_word' id='word_1_591' title='bbox 2525 3603 2543 3631; x_wconf 92' lang='lat'>‚</span> <span class='ocrx_word' id='word_1_592' title='bbox 2563 3579 2747 3635; x_wconf 90' lang='lat' dir='ltr'>neque</span> <span class='ocrx_word' id='word_1_593' title='bbox 2773 3561 3016 3616; x_wconf 90' lang='lat' dir='ltr'>alienum</span> <span class='ocrx_word' id='word_1_594' title='bbox 3029 3560 3100 3616; x_wconf 93' lang='lat' dir='ltr'>ab</span> <span class='ocrx_word' id='word_1_595' title='bbox 3120 3561 3414 3617; x_wconf 88' lang='lat' dir='ltr'>inventore</span> <span class='ocrx_word' id='word_1_596' title='bbox 3432 3563 3505 3617; x_wconf 90' lang='lat' dir='ltr'>li-</span> 
     </span>
     <span class='ocr_line' id='line_1_82' title="bbox 1952 3647 3552 3722; baseline 0.004 -20"><span class='ocrx_word' id='word_1_597' title='bbox 1952 3656 2229 3721; x_wconf 85' lang='lat' dir='ltr'>terarum,</span> <span class='ocrx_word' id='word_1_598' title='bbox 2246 3648 2352 3703; x_wconf 88' lang='lat' dir='ltr'>nisi</span> <span class='ocrx_word' id='word_1_599' title='bbox 2376 3647 2534 3721; x_wconf 93' lang='lat' dir='ltr'>quod</span> <span class='ocrx_word' id='word_1_600' title='bbox 2547 3649 2758 3703; x_wconf 88' lang='lat' dir='ltr'>inventi</span> <span class='ocrx_word' id='word_1_601' title='bbox 2781 3647 3165 3722; x_wconf 89' lang='lat' dir='ltr'>magnitudine</span> <span class='ocrx_word' id='word_1_602' title='bbox 3181 3659 3335 3704; x_wconf 85' lang='lat' dir='ltr'>tanto</span> <span class='ocrx_word' id='word_1_603' title='bbox 3359 3649 3507 3706; x_wconf 83' lang='lat' dir='ltr'>inse-</span> <span class='ocrx_word' id='word_1_604' title='bbox 3541 3698 3552 3708; x_wconf 91' lang='lat'>.</span> 
     </span>
     <span class='ocr_line' id='line_1_83' title="bbox 1950 3735 3506 3808; baseline 0.001 -18"><span class='ocrx_word' id='word_1_605' title='bbox 1950 3735 2072 3790; x_wconf 82' lang='lat' dir='ltr'>rior</span> <span class='ocrx_word' id='word_1_606' title='bbox 2100 3746 2209 3803; x_wconf 88' lang='lat' dir='ltr'>est,</span> <span class='ocrx_word' id='word_1_607' title='bbox 2241 3748 2452 3808; x_wconf 87' lang='lat' dir='ltr'>quanto</span> <span class='ocrx_word' id='word_1_608' title='bbox 2482 3746 2641 3790; x_wconf 76' lang='lat' dir='ltr'>aetate</span> <span class='ocrx_word' id='word_1_609' title='bbox 2669 3748 2751 3791; x_wconf 90' lang='lat' dir='ltr'>est</span> <span class='ocrx_word' id='word_1_610' title='bbox 2769 3735 2983 3807; x_wconf 84' lang='lat' dir='ltr'>junior.</span> <span class='ocrx_word' id='word_1_611' title='bbox 3013 3739 3097 3791; x_wconf 87' lang='lat' dir='ltr'>Ac</span> <span class='ocrx_word' id='word_1_612' title='bbox 3124 3737 3311 3792; x_wconf 89' lang='lat' dir='ltr'>nescio</span> <span class='ocrx_word' id='word_1_613' title='bbox 3335 3756 3407 3793; x_wconf 87' lang='lat' dir='ltr'>an</span> <span class='ocrx_word' id='word_1_614' title='bbox 3433 3740 3506 3792; x_wconf 89' lang='lat' dir='ltr'>si·</span> 
     </span>
     <span class='ocr_line' id='line_1_84' title="bbox 1951 3819 3507 3894; baseline 0.002 -20"><span class='ocrx_word' id='word_1_615' title='bbox 1951 3821 2069 3875; x_wconf 91' lang='lat' dir='ltr'>mili</span> <span class='ocrx_word' id='word_1_616' title='bbox 2084 3819 2258 3876; x_wconf 89' lang='lat' dir='ltr'>modo</span> <span class='ocrx_word' id='word_1_617' title='bbox 2286 3819 2647 3894; x_wconf 83' lang='lat' dir='ltr'>explicandus</span> <span class='ocrx_word' id='word_1_618' title='bbox 2659 3823 2728 3877; x_wconf 92' lang='lat' dir='ltr'>sit</span> <span class='ocrx_word' id='word_1_619' title='bbox 2746 3821 2943 3892; x_wconf 89' lang='lat' dir='ltr'>junior</span> <span class='ocrx_word' id='word_1_620' title='bbox 2968 3823 3064 3878; x_wconf 90' lang='lat' dir='ltr'>ille</span> <span class='ocrx_word' id='word_1_621' title='bbox 3079 3823 3319 3878; x_wconf 85' lang='lat' dir='ltr'>Cadmus</span> <span class='ocrx_word' id='word_1_622' title='bbox 3347 3824 3507 3878; x_wconf 83' lang='lat' dir='ltr'>Mile-</span> 
     </span>
     <span class='ocr_line' id='line_1_85' title="bbox 1950 3904 3507 3987; baseline 0.001 -25"><span class='ocrx_word' id='word_1_623' title='bbox 1950 3908 2062 3962; x_wconf 89' lang='lat' dir='ltr'>sius</span> <span class='ocrx_word' id='word_1_624' title='bbox 2097 3908 2422 3977; x_wconf 83' lang='lat' dir='ltr'>historicus,</span> <span class='ocrx_word' id='word_1_625' title='bbox 2449 3926 2618 3981; x_wconf 90' lang='lat' dir='ltr'>quem</span> <span class='ocrx_word' id='word_1_626' title='bbox 2640 3908 2837 3965; x_wconf 89' lang='lat' dir='ltr'>Suidas</span> <span class='ocrx_word' id='word_1_627' title='bbox 2862 3904 3025 3966; x_wconf 83' lang='grc' dir='ltr'>Λύσιν</span> <span class='ocrx_word' id='word_1_628' title='bbox 3049 3908 3305 3987; x_wconf 74' lang='grc' dir='ltr'>ἐρωτικῶν</span> <span class='ocrx_word' id='word_1_629' title='bbox 3328 3911 3507 3966; x_wconf 81' lang='grc' dir='ltr'>παθῶν</span> 
     </span>
     <span class='ocr_line' id='line_1_86' title="bbox 1953 3990 3510 4071; baseline -0.001 -21"><span class='ocrx_word' id='word_1_630' title='bbox 1953 3993 2005 4050; x_wconf 72' lang='grc' dir='ltr'>ἐν</span> <span class='ocrx_word' id='word_1_631' title='bbox 2028 3990 2241 4071; x_wconf 75' lang='grc' dir='ltr'>βιὸλίοις</span> <span class='ocrx_word' id='word_1_632' title='bbox 2257 3990 2300 4049; x_wconf 88' lang='grc' dir='ltr'>δ’</span> <span class='ocrx_word' id='word_1_633' title='bbox 2323 3995 2597 4067; x_wconf 83' lang='lat' dir='ltr'>scripsisse</span> <span class='ocrx_word' id='word_1_634' title='bbox 2617 3994 2773 4050; x_wconf 89' lang='lat' dir='ltr'>dicit.</span> <span class='ocrx_word' id='word_1_635' title='bbox 2796 3995 2905 4066; x_wconf 88' lang='lat' dir='ltr'>Qui</span> <span class='ocrx_word' id='word_1_636' title='bbox 2930 3995 3159 4068; x_wconf 90' lang='lat' dir='ltr'>quidem</span> <span class='ocrx_word' id='word_1_637' title='bbox 3180 3995 3371 4050; x_wconf 89' lang='lat' dir='ltr'>titulus</span> <span class='ocrx_word' id='word_1_638' title='bbox 3393 4006 3510 4050; x_wconf 89' lang='lat' dir='ltr'>tum</span> 
     </span>
     <span class='ocr_line' id='line_1_87' title="bbox 1952 4077 3512 4158; baseline 0.001 -22"><span class='ocrx_word' id='word_1_639' title='bbox 1952 4100 2058 4155; x_wconf 89' lang='lat' dir='ltr'>per</span> <span class='ocrx_word' id='word_1_640' title='bbox 2079 4100 2134 4136; x_wconf 90' lang='lat' dir='ltr'>se</span> <span class='ocrx_word' id='word_1_641' title='bbox 2156 4092 2441 4154; x_wconf 86' lang='lat' dir='ltr'>suspectus</span> <span class='ocrx_word' id='word_1_642' title='bbox 2461 4077 2798 4158; x_wconf 70' lang='lat' dir='ltr'>est(**),tum</span> <span class='ocrx_word' id='word_1_643' title='bbox 2819 4083 2962 4138; x_wconf 86' lang='lat' dir='ltr'>male</span> <span class='ocrx_word' id='word_1_644' title='bbox 2994 4081 3233 4155; x_wconf 86' lang='lat' dir='ltr'>quadrat</span> <span class='ocrx_word' id='word_1_645' title='bbox 3267 4101 3394 4137; x_wconf 90' lang='lat' dir='ltr'>cum</span> <span class='ocrx_word' id='word_1_646' title='bbox 3419 4084 3512 4137; x_wconf 82' lang='lat' dir='ltr'>ffl-</span> 
     </span>
    </p>
   </div>
   <div class='ocr_carea' id='block_1_4' title="bbox 2025 4287 3509 4352">
    <p class='ocr_par' dir='ltr' id='par_1_7' title="bbox 2025 4287 3509 4352">
     <span class='ocr_line' id='line_1_88' title="bbox 2025 4287 3509 4352; baseline -0.001 -13"><span class='ocrx_word' id='word_1_647' title='bbox 2025 4290 2086 4352; x_wconf 83' lang='lat'>(*)</span> <span class='ocrx_word' id='word_1_648' title='bbox 2120 4288 2372 4349; x_wconf 70' lang='lat' dir='ltr'>Nonnulli,</span> <span class='ocrx_word' id='word_1_649' title='bbox 2416 4287 2486 4338; x_wconf 85' lang='lat' dir='ltr'>uti</span> <span class='ocrx_word' id='word_1_650' title='bbox 2511 4291 2774 4339; x_wconf 81' lang='lat' dir='ltr'>Homerum</span> <span class='ocrx_word' id='word_1_651' title='bbox 2803 4289 3139 4338; x_wconf 74' lang='lat' dir='ltr'>Atheniensem</span> <span class='ocrx_word' id='word_1_652' title='bbox 3170 4288 3385 4338; x_wconf 80' lang='lat' dir='ltr'>fecerunt</span> <span class='ocrx_word' id='word_1_653' title='bbox 3402 4325 3415 4348; x_wconf 91' lang='lat'>‚</span> <span class='ocrx_word' id='word_1_654' title='bbox 3441 4288 3509 4337; x_wconf 86' lang='lat' dir='ltr'>sic</span> 
     </span>
    </p>
   </div>
   <div class='ocr_carea' id='block_1_5' title="bbox 294 4343 3510 4506">
    <p class='ocr_par' dir='ltr' id='par_1_8' title="bbox 294 4343 3510 4506">
     <span class='ocr_line' id='line_1_89' title="bbox 294 4343 3509 4424; baseline -0.003 -7"><span class='ocrx_word' id='word_1_655' title='bbox 294 4373 510 4410; x_wconf 48' lang='lat' dir='ltr'>forum</span> <span class='ocrx_word' id='word_1_656' title='bbox 535 4353 865 4424; x_wconf 60' lang='lat' dir='ltr'>scriptorffii</span> <span class='ocrx_word' id='word_1_657' title='bbox 885 4345 1001 4418; x_wconf 70' lang='lat' dir='ltr'>jam</span> <span class='ocrx_word' id='word_1_658' title='bbox 1027 4345 1122 4418; x_wconf 63' lang='lat'>‘1¹13</span> <span class='ocrx_word' id='word_1_659' title='bbox 1150 4345 1317 4417; x_wconf 73' lang='lat' dir='ltr'>Primi</span> <span class='ocrx_word' id='word_1_660' title='bbox 1347 4343 1671 4399; x_wconf 66' lang='lat' dir='ltr'>Gl&#39;aecorum</span> <span class='ocrx_word' id='word_1_661' title='bbox 1696 4361 1869 4397; x_wconf 66' lang='lat' dir='ltr'>exco-</span> <span class='ocrx_word' id='word_1_662' title='bbox 1958 4359 2225 4409; x_wconf 83' lang='lat' dir='ltr'>Pboenicias</span> <span class='ocrx_word' id='word_1_663' title='bbox 2247 4360 2408 4408; x_wconf 81' lang='lat' dir='ltr'>literas</span> <span class='ocrx_word' id='word_1_664' title='bbox 2428 4359 2477 4407; x_wconf 86' lang='lat' dir='ltr'>in</span> <span class='ocrx_word' id='word_1_665' title='bbox 2496 4358 2653 4408; x_wconf 76' lang='lat' dir='ltr'>Attica</span> <span class='ocrx_word' id='word_1_666' title='bbox 2665 4358 2728 4407; x_wconf 88' lang='lat' dir='ltr'>ab</span> <span class='ocrx_word' id='word_1_667' title='bbox 2743 4361 2970 4408; x_wconf 74' lang='lat' dir='ltr'>Actaeoue</span> <span class='ocrx_word' id='word_1_668' title='bbox 2987 4358 3202 4407; x_wconf 82' lang='lat' dir='ltr'>inventas</span> <span class='ocrx_word' id='word_1_669' title='bbox 3218 4360 3264 4408; x_wconf 77' lang='lat' dir='ltr'>et</span> <span class='ocrx_word' id='word_1_670' title='bbox 3284 4358 3345 4408; x_wconf 84' lang='lat' dir='ltr'>de</span> <span class='ocrx_word' id='word_1_671' title='bbox 3368 4359 3509 4408; x_wconf 75' lang='lat' dir='ltr'>th-</span> 
     </span>
     <span class='ocr_line' id='line_1_90' title="bbox 313 4426 3510 4506; baseline -0.005 -13"><span class='ocrx_word' id='word_1_672' title='bbox 313 4443 469 4496; x_wconf 86' lang='lat' dir='ltr'>luere</span> <span class='ocrx_word' id='word_1_673' title='bbox 510 4439 718 4505; x_wconf 85' lang='lat' dir='ltr'>literas,</span> <span class='ocrx_word' id='word_1_674' title='bbox 748 4434 913 4489; x_wconf 85' lang='lat' dir='ltr'>etiam</span> <span class='ocrx_word' id='word_1_675' title='bbox 956 4431 1226 4486; x_wconf 86' lang='lat' dir='ltr'>invenisse</span> <span class='ocrx_word' id='word_1_676' title='bbox 1249 4429 1475 4506; x_wconf 88' lang='lat' dir='ltr'>gloriati</span> <span class='ocrx_word' id='word_1_677' title='bbox 1512 4442 1657 4484; x_wconf 90' lang='lat' dir='ltr'>sunt.</span> <span class='ocrx_word' id='word_1_678' title='bbox 1688 4431 1873 4500; x_wconf 86' lang='lat' dir='ltr'>Quare</span> <span class='ocrx_word' id='word_1_679' title='bbox 1956 4430 2064 4480; x_wconf 83' lang='lat' dir='ltr'>nice</span> <span class='ocrx_word' id='word_1_680' title='bbox 2080 4430 2185 4491; x_wconf 77' lang='lat' dir='ltr'>eius</span> <span class='ocrx_word' id='word_1_681' title='bbox 2197 4428 2295 4478; x_wconf 75' lang='lat' dir='ltr'>iilia</span> <span class='ocrx_word' id='word_1_682' title='bbox 2322 4429 2592 4478; x_wconf 84' lang='lat' dir='ltr'>nominatas</span> <span class='ocrx_word' id='word_1_683' title='bbox 2611 4426 2854 4479; x_wconf 81' lang='lat' dir='ltr'>dixerunt.</span> <span class='ocrx_word' id='word_1_684' title='bbox 2881 4432 2945 4481; x_wconf 80' lang='lat' dir='ltr'>V.</span> <span class='ocrx_word' id='word_1_685' title='bbox 2980 4429 3280 4479; x_wconf 71' lang='lat' dir='ltr'>scamonia</span> <span class='ocrx_word' id='word_1_686' title='bbox 3302 4431 3415 4493; x_wconf 77' lang='grc' dir='ltr'>Περὶ</span> <span class='ocrx_word' id='word_1_687' title='bbox 3438 4432 3510 4479; x_wconf 71' lang='grc' dir='ltr'>εὖ·</span> 
     </span>
    </p>
   </div>
   <div class='ocr_carea' id='block_1_6' title="bbox 298 4517 1875 4684">
    <p class='ocr_par' dir='ltr' id='par_1_9' title="bbox 298 4517 1875 4684">
     <span class='ocr_line' id='line_1_91' title="bbox 312 4517 1871 4600; baseline -0.007 -18"><span class='ocrx_word' id='word_1_688' title='bbox 312 4529 546 4600; x_wconf 80' lang='lat' dir='ltr'>antiqua</span> <span class='ocrx_word' id='word_1_689' title='bbox 586 4542 735 4579; x_wconf 82' lang='lat' dir='ltr'>verae</span> <span class='ocrx_word' id='word_1_690' title='bbox 791 4520 1020 4594; x_wconf 86' lang='lat' dir='ltr'>originis</span> <span class='ocrx_word' id='word_1_691' title='bbox 1062 4519 1333 4573; x_wconf 87' lang='lat' dir='ltr'>memoria</span> <span class='ocrx_word' id='word_1_692' title='bbox 1381 4534 1509 4569; x_wconf 89' lang='lat' dir='ltr'>cum</span> <span class='ocrx_word' id='word_1_693' title='bbox 1556 4517 1871 4571; x_wconf 88' lang='lat' dir='ltr'>recentiore</span> 
     </span>
     <span class='ocr_line' id='line_1_92' title="bbox 298 4603 1875 4684; baseline -0.008 -14"><span class='ocrx_word' id='word_1_694' title='bbox 298 4623 644 4669; x_wconf 83' lang='lat' dir='ltr'>-eommento</span> <span class='ocrx_word' id='word_1_695' title='bbox 668 4607 819 4684; x_wconf 89' lang='lat' dir='ltr'>apud</span> <span class='ocrx_word' id='word_1_696' title='bbox 844 4606 1159 4680; x_wconf 86' lang='lat' dir='ltr'>complures</span> <span class='ocrx_word' id='word_1_697' title='bbox 1182 4606 1255 4659; x_wconf 89' lang='lat' dir='ltr'>ita</span> <span class='ocrx_word' id='word_1_698' title='bbox 1278 4603 1519 4671; x_wconf 87' lang='lat' dir='ltr'>coaluit,</span> <span class='ocrx_word' id='word_1_699' title='bbox 1540 4614 1604 4658; x_wconf 90' lang='lat' dir='ltr'>ut</span> <span class='ocrx_word' id='word_1_700' title='bbox 1621 4620 1689 4657; x_wconf 88' lang='lat' dir='ltr'>ex</span> <span class='ocrx_word' id='word_1_701' title='bbox 1710 4603 1875 4658; x_wconf 85' lang='lat' dir='ltr'>Phoe—</span> 
     </span>
    </p>
   </div>
   <div class='ocr_carea' id='block_1_7' title="bbox 304 4789 1879 5205">
    <p class='ocr_par' dir='ltr' id='par_1_10' title="bbox 304 4789 1879 5000">
     <span class='ocr_line' id='line_1_93' title="bbox 376 4789 1879 4862; baseline -0.007 -12"><span class='ocrx_word' id='word_1_702' title='bbox 376 4803 439 4862; x_wconf 69' lang='grc' dir='ltr'>(Ἴ</span> <span class='ocrx_word' id='word_1_703' title='bbox 476 4804 549 4850; x_wconf 85' lang='lat' dir='ltr'>De</span> <span class='ocrx_word' id='word_1_704' title='bbox 574 4796 790 4861; x_wconf 59' lang='lat' dir='ltr'>mythioo</span> <span class='ocrx_word' id='word_1_705' title='bbox 820 4794 911 4845; x_wconf 80' lang='lat' dir='ltr'>hoc</span> <span class='ocrx_word' id='word_1_706' title='bbox 931 4793 1114 4844; x_wconf 80' lang='lat' dir='ltr'>Cadmo</span> <span class='ocrx_word' id='word_1_707' title='bbox 1131 4792 1380 4842; x_wconf 78' lang='lat' dir='ltr'>literarum</span> <span class='ocrx_word' id='word_1_708' title='bbox 1396 4789 1667 4852; x_wconf 83' lang='lat' dir='ltr'>inventore,</span> <span class='ocrx_word' id='word_1_709' title='bbox 1687 4792 1743 4839; x_wconf 83' lang='lat' dir='ltr'>ut</span> <span class='ocrx_word' id='word_1_710' title='bbox 1758 4790 1879 4840; x_wconf 86' lang='lat' dir='ltr'>alios</span> 
     </span>
     <span class='ocr_line' id='line_1_94' title="bbox 304 4858 1876 4929; baseline -0.006 -10"><span class='ocrx_word' id='word_1_711' title='bbox 304 4870 541 4929; x_wconf 63' lang='lat' dir='ltr'>mittam,</span> <span class='ocrx_word' id='word_1_712' title='bbox 557 4868 666 4916; x_wconf 79' lang='lat' dir='ltr'>vide</span> <span class='ocrx_word' id='word_1_713' title='bbox 691 4868 897 4915; x_wconf 70' lang='lat' dir='ltr'>Movet-s.</span> <span class='ocrx_word' id='word_1_714' title='bbox 927 4863 975 4912; x_wconf 85' lang='lat' dir='ltr'>in</span> <span class='ocrx_word' id='word_1_715' title='bbox 1003 4862 1186 4925; x_wconf 79' lang='lat' dir='ltr'>egregio</span> <span class='ocrx_word' id='word_1_716' title='bbox 1213 4861 1367 4919; x_wconf 83' lang='lat' dir='ltr'>libro,</span> <span class='ocrx_word' id='word_1_717' title='bbox 1390 4859 1473 4919; x_wconf 85' lang='lat' dir='ltr'>qui</span> <span class='ocrx_word' id='word_1_718' title='bbox 1494 4858 1766 4908; x_wconf 80' lang='lat' dir='ltr'>inscribitur</span> <span class='ocrx_word' id='word_1_719' title='bbox 1786 4863 1876 4909; x_wconf 81' lang='lat' dir='ltr'>Re·</span> 
     </span>
     <span class='ocr_line' id='line_1_95' title="bbox 318 4933 1567 5000; baseline -0.01 -11"><span class='ocrx_word' id='word_1_720' title='bbox 318 4940 484 5000; x_wconf 62' lang='lat' dir='ltr'>lmen</span> <span class='ocrx_word' id='word_1_721' title='bbox 514 4937 568 4987; x_wconf 78' lang='lat' dir='ltr'>d.</span> <span class='ocrx_word' id='word_1_722' title='bbox 594 4937 907 4994; x_wconf 73' lang='lat' dir='ltr'>Phoentzier,</span> <span class='ocrx_word' id='word_1_723' title='bbox 926 4935 1077 4983; x_wconf 84' lang='lat' dir='ltr'>Bonn.</span> <span class='ocrx_word' id='word_1_724' title='bbox 1104 4934 1212 4981; x_wconf 76' lang='grc'>1841</span> <span class='ocrx_word' id='word_1_725' title='bbox 1234 4967 1248 4990; x_wconf 88' lang='grc'>,</span> <span class='ocrx_word' id='word_1_726' title='bbox 1268 4945 1316 4993; x_wconf 87' lang='lat' dir='ltr'>p.</span> <span class='ocrx_word' id='word_1_727' title='bbox 1351 4933 1440 4978; x_wconf 81' lang='lat'>518</span> <span class='ocrx_word' id='word_1_728' title='bbox 1462 4941 1567 4990; x_wconf 83' lang='lat' dir='ltr'>sqq.</span> 
     </span>
    </p>

    <p class='ocr_par' dir='ltr' id='par_1_11' title="bbox 314 4998 1879 5205">
     <span class='ocr_line' id='line_1_96' title="bbox 379 4998 1877 5069; baseline -0.005 -13"><span class='ocrx_word' id='word_1_729' title='bbox 379 5009 469 5069; x_wconf 58' lang='lat' dir='ltr'>(fl)</span> <span class='ocrx_word' id='word_1_730' title='bbox 506 5009 570 5055; x_wconf 80' lang='lat' dir='ltr'>V.</span> <span class='ocrx_word' id='word_1_731' title='bbox 595 5002 829 5054; x_wconf 70' lang='lat' dir='ltr'>Bermiot.</span> <span class='ocrx_word' id='word_1_732' title='bbox 854 5005 959 5062; x_wconf 79' lang='lat' dir='ltr'>vll,</span> <span class='ocrx_word' id='word_1_733' title='bbox 979 5008 1038 5050; x_wconf 78' lang='lat'>6³</span> <span class='ocrx_word' id='word_1_734' title='bbox 1056 5000 1169 5050; x_wconf 84' lang='lat' dir='ltr'>coil.</span> <span class='ocrx_word' id='word_1_735' title='bbox 1196 5002 1279 5059; x_wconf 80' lang='lat' dir='ltr'>vi,</span> <span class='ocrx_word' id='word_1_736' title='bbox 1306 5005 1366 5048; x_wconf 79' lang='lat'>23</span> <span class='ocrx_word' id='word_1_737' title='bbox 1387 5010 1480 5059; x_wconf 84' lang='lat' dir='ltr'>sq.;</span> <span class='ocrx_word' id='word_1_738' title='bbox 1500 4998 1671 5048; x_wconf 83' lang='lat' dir='ltr'>suidas</span> <span class='ocrx_word' id='word_1_739' title='bbox 1684 5012 1733 5048; x_wconf 86' lang='lat' dir='ltr'>v.</span> <span class='ocrx_word' id='word_1_740' title='bbox 1752 4999 1877 5049; x_wconf 81' lang='grc' dir='ltr'>Ἐπί·</span> 
     </span>
     <span class='ocr_line' id='line_1_97' title="bbox 314 5068 1879 5141; baseline -0.004 -15"><span class='ocrx_word' id='word_1_741' title='bbox 314 5095 505 5141; x_wconf 63' lang='grc' dir='ltr'>χαῃιος</span> <span class='ocrx_word' id='word_1_742' title='bbox 525 5092 542 5135; x_wconf 73' lang='grc' dir='ltr'>ς</span> <span class='ocrx_word' id='word_1_743' title='bbox 561 5075 837 5137; x_wconf 76' lang='lat' dir='ltr'>Hippocrat.</span> <span class='ocrx_word' id='word_1_744' title='bbox 864 5072 1009 5135; x_wconf 77' lang='lat' dir='ltr'>Epist.</span> <span class='ocrx_word' id='word_1_745' title='bbox 1036 5076 1081 5121; x_wconf 88' lang='grc'>7.</span> <span class='ocrx_word' id='word_1_746' title='bbox 1112 5074 1180 5120; x_wconf 87' lang='lat' dir='ltr'>De</span> <span class='ocrx_word' id='word_1_747' title='bbox 1199 5068 1497 5132; x_wconf 84' lang='lat' dir='ltr'>temporibus</span> <span class='ocrx_word' id='word_1_748' title='bbox 1514 5068 1616 5130; x_wconf 80' lang='lat' dir='ltr'>ejus</span> <span class='ocrx_word' id='word_1_749' title='bbox 1634 5071 1682 5118; x_wconf 81' lang='lat' dir='ltr'>et</span> <span class='ocrx_word' id='word_1_750' title='bbox 1703 5069 1879 5120; x_wconf 78' lang='lat' dir='ltr'>familia</span> 
     </span>
     <span class='ocr_line' id='line_1_98' title="bbox 318 5144 1693 5205; baseline -0.007 -9"><span class='ocrx_word' id='word_1_751' title='bbox 318 5162 378 5197; x_wconf 67' lang='grc' dir='ltr'>σ.</span> <span class='ocrx_word' id='word_1_752' title='bbox 410 5148 599 5198; x_wconf 65' lang='lat' dir='ltr'>Mulier.</span> <span class='ocrx_word' id='word_1_753' title='bbox 628 5146 937 5205; x_wconf 74' lang='lat' dir='ltr'>Dor.1‚i7o;</span> <span class='ocrx_word' id='word_1_754' title='bbox 970 5144 1595 5205; x_wconf 65' lang='lat' dir='ltr'>n,147‚¹;s.=›3,¹;509,</span> <span class='ocrx_word' id='word_1_755' title='bbox 1618 5147 1693 5190; x_wconf 77' lang='grc'>36.</span> 
     </span>
    </p>
   </div>
   <div class='ocr_carea' id='block_1_8' title="bbox 1961 4498 3523 5188">
    <p class='ocr_par' dir='ltr' id='par_1_12' title="bbox 1962 4498 3512 4619">
     <span class='ocr_line' id='line_1_99' title="bbox 1962 4498 3512 4563; baseline 0.001 -15"><span class='ocrx_word' id='word_1_756' title='bbox 1962 4500 2183 4563; x_wconf 80' lang='grc' dir='ltr'>ρημάτων</span> <span class='ocrx_word' id='word_1_757' title='bbox 2206 4499 2267 4550; x_wconf 79' lang='lat' dir='ltr'>tr,</span> <span class='ocrx_word' id='word_1_758' title='bbox 2303 4504 2347 4548; x_wconf 89' lang='lat'>2.</span> <span class='ocrx_word' id='word_1_759' title='bbox 2387 4498 2588 4562; x_wconf 79' lang='lat' dir='ltr'>Reliqua</span> <span class='ocrx_word' id='word_1_760' title='bbox 2618 4502 2892 4549; x_wconf 75' lang='lat' dir='ltr'>commenta</span> <span class='ocrx_word' id='word_1_761' title='bbox 2919 4511 3161 4550; x_wconf 83' lang='lat' dir='ltr'>recensere</span> <span class='ocrx_word' id='word_1_762' title='bbox 3192 4498 3254 4548; x_wconf 81' lang='lat' dir='ltr'>ad</span> <span class='ocrx_word' id='word_1_763' title='bbox 3286 4511 3366 4549; x_wconf 87' lang='lat' dir='ltr'>me</span> <span class='ocrx_word' id='word_1_764' title='bbox 3397 4500 3512 4550; x_wconf 81' lang='lat' dir='ltr'>nihii</span> 
     </span>
     <span class='ocr_line' id='line_1_100' title="bbox 1963 4569 2156 4619; baseline 0.005 -1"><span class='ocrx_word' id='word_1_765' title='bbox 1963 4569 2156 4619; x_wconf 78' lang='lat' dir='ltr'>attinet.</span> 
     </span>
    </p>

    <p class='ocr_par' dir='ltr' id='par_1_13' title="bbox 1961 4637 3523 5188">
     <span class='ocr_line' id='line_1_101' title="bbox 2022 4637 3513 4703; baseline 0.005 -22"><span class='ocrx_word' id='word_1_766' title='bbox 2022 4639 2110 4700; x_wconf 49' lang='grc' dir='ltr'>(ἥ)</span> <span class='ocrx_word' id='word_1_767' title='bbox 2145 4656 2170 4681; x_wconf 71' lang='grc' dir='ltr'>α</span> <span class='ocrx_word' id='word_1_768' title='bbox 2203 4638 2389 4688; x_wconf 82' lang='lat' dir='ltr'>Vellem</span> <span class='ocrx_word' id='word_1_769' title='bbox 2421 4637 2743 4700; x_wconf 75' lang='lat' dir='ltr'>Gaisiordius)</span> <span class='ocrx_word' id='word_1_770' title='bbox 2768 4642 3049 4703; x_wconf 75' lang='lat' dir='ltr'>argumenta</span> <span class='ocrx_word' id='word_1_771' title='bbox 3067 4638 3267 4688; x_wconf 82' lang='lat' dir='ltr'>istorum</span> <span class='ocrx_word' id='word_1_772' title='bbox 3284 4638 3513 4689; x_wconf 78' lang='lat' dir='ltr'>librorum</span> 
     </span>
     <span class='ocr_line' id='line_1_102' title="bbox 1961 4707 3514 4772; baseline 0 -15"><span class='ocrx_word' id='word_1_773' title='bbox 1961 4709 2109 4758; x_wconf 82' lang='lat' dir='ltr'>verbo</span> <span class='ocrx_word' id='word_1_774' title='bbox 2135 4707 2390 4770; x_wconf 52' lang='lat' dir='ltr'>tetigissem</span> <span class='ocrx_word' id='word_1_775' title='bbox 2415 4720 2528 4756; x_wconf 89' lang='lat' dir='ltr'>nam</span> <span class='ocrx_word' id='word_1_776' title='bbox 2550 4709 2682 4769; x_wconf 87' lang='lat' dir='ltr'>quod</span> <span class='ocrx_word' id='word_1_777' title='bbox 2710 4709 2759 4758; x_wconf 87' lang='lat' dir='ltr'>in</span> <span class='ocrx_word' id='word_1_778' title='bbox 2790 4710 2971 4760; x_wconf 79' lang='lat' dir='ltr'>Latinis</span> <span class='ocrx_word' id='word_1_779' title='bbox 2988 4711 3093 4760; x_wconf 81' lang='lat' dir='ltr'>erat</span> <span class='ocrx_word' id='word_1_780' title='bbox 3110 4711 3323 4772; x_wconf 74' lang='lat' dir='ltr'>scripsit</span> <span class='ocrx_word' id='word_1_781' title='bbox 3350 4721 3514 4758; x_wconf 80' lang='lat' dir='ltr'>reme·</span> 
     </span>
     <span class='ocr_line' id='line_1_103' title="bbox 1963 4776 3518 4840; baseline -0.002 -11"><span class='ocrx_word' id='word_1_782' title='bbox 1963 4778 2054 4829; x_wconf 77' lang='lat' dir='ltr'>dia</span> <span class='ocrx_word' id='word_1_783' title='bbox 2077 4779 2299 4837; x_wconf 79' lang='lat' dir='ltr'>amoris,</span> <span class='ocrx_word' id='word_1_784' title='bbox 2333 4776 2456 4825; x_wconf 80' lang='lat' dir='ltr'>auus</span> <span class='ocrx_word' id='word_1_785' title='bbox 2489 4777 2746 4828; x_wconf 79' lang='lat' dir='ltr'>crediderit</span> <span class='ocrx_word' id='word_1_786' title='bbox 2766 4779 2829 4829; x_wconf 78' lang='lat' dir='ltr'>ab</span> <span class='ocrx_word' id='word_1_787' title='bbox 2850 4778 3045 4829; x_wconf 80' lang='lat' dir='ltr'>homine</span> <span class='ocrx_word' id='word_1_788' title='bbox 3066 4781 3237 4828; x_wconf 74' lang='lat' dir='ltr'>Graeco</span> <span class='ocrx_word' id='word_1_789' title='bbox 3266 4777 3382 4827; x_wconf 76' lang='lat' dir='ltr'>talia</span> <span class='ocrx_word' id='word_1_790' title='bbox 3411 4792 3518 4840; x_wconf 77' lang='lat' dir='ltr'>pro·</span> 
     </span>
     <span class='ocr_line' id='line_1_104' title="bbox 1961 4845 3512 4911; baseline 0 -15"><span class='ocrx_word' id='word_1_791' title='bbox 1961 4847 2162 4897; x_wconf 79' lang='lat' dir='ltr'>venisse.</span> <span class='ocrx_word' id='word_1_792' title='bbox 2188 4845 2410 4908; x_wconf 85' lang='lat' dir='ltr'>Suspicor</span> <span class='ocrx_word' id='word_1_793' title='bbox 2437 4859 2538 4896; x_wconf 79' lang='lat' dir='ltr'>esse</span> <span class='ocrx_word' id='word_1_794' title='bbox 2562 4848 2886 4910; x_wconf 82' lang='lat' dir='ltr'>reponendum</span> <span class='ocrx_word' id='word_1_795' title='bbox 2907 4851 3136 4911; x_wconf 77' lang='grc' dir='ltr'>Συλλογὴν</span> <span class='ocrx_word' id='word_1_796' title='bbox 3157 4849 3387 4911; x_wconf 71' lang='grc' dir='ltr'>ἐρωτικῶν</span> <span class='ocrx_word' id='word_1_797' title='bbox 3410 4847 3466 4906; x_wconf 84' lang='grc' dir='ltr'>δ’,</span> <span class='ocrx_word' id='word_1_798' title='bbox 3491 4870 3512 4890; x_wconf 79' lang='lat'>›-</span> 
     </span>
     <span class='ocr_line' id='line_1_105' title="bbox 1964 4914 3505 4982; baseline -0.001 -15"><span class='ocrx_word' id='word_1_799' title='bbox 1964 4920 2277 4967; x_wconf 70' lang='lat' dir='ltr'>Benunmnr.</span> <span class='ocrx_word' id='word_1_800' title='bbox 2294 4914 2494 4965; x_wconf 80' lang='lat' dir='ltr'>Codices</span> <span class='ocrx_word' id='word_1_801' title='bbox 2503 4916 2620 4966; x_wconf 81' lang='lat' dir='ltr'>nihil</span> <span class='ocrx_word' id='word_1_802' title='bbox 2633 4919 2941 4981; x_wconf 76' lang='lat' dir='ltr'>suppeditant</span> <span class='ocrx_word' id='word_1_803' title='bbox 2954 4939 2965 4968; x_wconf 75' lang='grc' dir='ltr'><strong>ε</strong></span> <span class='ocrx_word' id='word_1_804' title='bbox 2977 4921 3021 4968; x_wconf 82' lang='grc' dir='ltr'>λ.</span> <span class='ocrx_word' id='word_1_805' title='bbox 3039 4920 3102 4982; x_wconf 70' lang='grc' dir='ltr'>ἐρ.</span> <span class='ocrx_word' id='word_1_806' title='bbox 3124 4918 3314 4981; x_wconf 80' lang='grc' dir='ltr'>βιὸλίων</span> <span class='ocrx_word' id='word_1_807' title='bbox 3328 4916 3364 4967; x_wconf 81' lang='grc' dir='ltr'>δ’</span> <span class='ocrx_word' id='word_1_808' title='bbox 3381 4917 3505 4966; x_wconf 79' lang='lat' dir='ltr'>codd</span> 
     </span>
     <span class='ocr_line' id='line_1_106' title="bbox 1964 4982 3520 5048; baseline -0.002 -12"><span class='ocrx_word' id='word_1_809' title='bbox 1964 4989 2000 5036; x_wconf 84' lang='grc' dir='ltr'><strong>Β</strong></span> <span class='ocrx_word' id='word_1_810' title='bbox 2020 4988 2084 5046; x_wconf 77' lang='lat'>03</span> <span class='ocrx_word' id='word_1_811' title='bbox 2104 4986 2149 5034; x_wconf 88' lang='grc' dir='ltr'>λ.</span> <span class='ocrx_word' id='word_1_812' title='bbox 2165 4985 2230 5048; x_wconf 70' lang='lat' dir='ltr'>tp.</span> <span class='ocrx_word' id='word_1_813' title='bbox 2252 4983 2441 5047; x_wconf 73' lang='grc' dir='ltr'>βιδλίων</span> <span class='ocrx_word' id='word_1_814' title='bbox 2459 4982 2517 5034; x_wconf 86' lang='grc' dir='ltr'>ιδ’</span> <span class='ocrx_word' id='word_1_815' title='bbox 2534 4985 2611 5035; x_wconf 78' lang='lat' dir='ltr'>ed.</span> <span class='ocrx_word' id='word_1_816' title='bbox 2635 4986 2840 5046; x_wconf 77' lang='lat' dir='ltr'>Medi01.;</span> <span class='ocrx_word' id='word_1_817' title='bbox 2863 4989 2907 5038; x_wconf 91' lang='grc' dir='ltr'>λ.</span> <span class='ocrx_word' id='word_1_818' title='bbox 2929 4988 2967 5037; x_wconf 77' lang='grc' dir='ltr'>ἑ.</span> <span class='ocrx_word' id='word_1_819' title='bbox 2986 4989 3146 5036; x_wconf 74' lang='grc' dir='ltr'>παθῶν</span> <span class='ocrx_word' id='word_1_820' title='bbox 3164 4986 3266 5035; x_wconf 78' lang='lat' dir='ltr'>sine</span> <span class='ocrx_word' id='word_1_821' title='bbox 3288 4986 3520 5035; x_wconf 76' lang='lat' dir='ltr'>librorum</span> 
     </span>
     <span class='ocr_line' id='line_1_107' title="bbox 1966 5054 3523 5120; baseline -0.001 -15"><span class='ocrx_word' id='word_1_822' title='bbox 1966 5059 2080 5105; x_wconf 78' lang='lat' dir='ltr'>nota</span> <span class='ocrx_word' id='word_1_823' title='bbox 2115 5055 2223 5104; x_wconf 83' lang='lat' dir='ltr'>cod.</span> <span class='ocrx_word' id='word_1_824' title='bbox 2262 5057 2305 5102; x_wconf 86' lang='lat' dir='ltr'>V</span> <span class='ocrx_word' id='word_1_825' title='bbox 2323 5070 2338 5115; x_wconf 68' lang='grc' dir='ltr'>ς</span> <span class='ocrx_word' id='word_1_826' title='bbox 2357 5055 2400 5103; x_wconf 85' lang='grc' dir='ltr'>λ.</span> <span class='ocrx_word' id='word_1_827' title='bbox 2423 5054 2463 5103; x_wconf 73' lang='grc' dir='ltr'>ἐ.</span> <span class='ocrx_word' id='word_1_828' title='bbox 2484 5055 2644 5104; x_wconf 77' lang='grc' dir='ltr'>παθῶν</span> <span class='ocrx_word' id='word_1_829' title='bbox 2667 5056 2715 5105; x_wconf 76' lang='grc' dir='ltr'>ἐν</span> <span class='ocrx_word' id='word_1_830' title='bbox 2739 5057 2862 5120; x_wconf 74' lang='grc' dir='ltr'>βιὸλ.</span> <span class='ocrx_word' id='word_1_831' title='bbox 2893 5057 3103 5120; x_wconf 80' lang='grc' dir='ltr'>τέτταρσι</span> <span class='ocrx_word' id='word_1_832' title='bbox 3131 5055 3239 5105; x_wconf 83' lang='lat' dir='ltr'>cod.</span> <span class='ocrx_word' id='word_1_833' title='bbox 3270 5059 3339 5117; x_wconf 78' lang='lat' dir='ltr'>A;</span> <span class='ocrx_word' id='word_1_834' title='bbox 3382 5055 3523 5117; x_wconf 79' lang='lat' dir='ltr'>vulgo</span> 
     </span>
     <span class='ocr_line' id='line_1_108' title="bbox 1968 5123 2626 5188; baseline 0 -12"><span class='ocrx_word' id='word_1_835' title='bbox 1968 5129 2012 5176; x_wconf 81' lang='grc' dir='ltr'>λ.</span> <span class='ocrx_word' id='word_1_836' title='bbox 2031 5128 2069 5176; x_wconf 74' lang='lat' dir='ltr'>i.</span> <span class='ocrx_word' id='word_1_837' title='bbox 2091 5127 2250 5175; x_wconf 80' lang='grc' dir='ltr'>παθῶν</span> <span class='ocrx_word' id='word_1_838' title='bbox 2272 5125 2318 5175; x_wconf 76' lang='grc' dir='ltr'>ἐν</span> <span class='ocrx_word' id='word_1_839' title='bbox 2344 5125 2534 5188; x_wconf 77' lang='grc' dir='ltr'>βιὸλίοις</span> <span class='ocrx_word' id='word_1_840' title='bbox 2557 5123 2626 5176; x_wconf 77' lang='grc' dir='ltr'>ιδ’.</span> 
     </span>
    </p>
   </div>
  </div>
 </body>
</html>
