4016 5916
471 390 580 441 14⁴

1127 509 1181 587 [1
1198 532 1220 567 1
1233 519 1263 577 4
1274 511 1314 589 .]

538 621 653 699 [ld.
678 623 800 679 Pol.
827 627 927 694 VI,
954 631 1005 695 4,
1034 624 1066 680 5
1092 643 1112 683 t
1132 625 1247 694 Τὴν
1273 622 1326 680 δὲ
1353 628 1628 699 μετάδοσιν
1649 625 1876 703 γίνεσθαι
1900 626 2010 709 (δεῖ)

456 711 529 787 τῷ
549 708 737 779 πλήθει
759 715 845 768 τοῦ
859 709 1231 787 πολιτεύματος
1248 710 1423 783 ἤτοι...
1451 714 1555 779 τοῖς
1574 714 1633 771 τὸ
1654 714 1859 791 τίμημα
1880 738 2011 772 κτω-

458 793 645 870 μένοις,
665 793 699 866 ἢ
719 795 955 876 καθάπερ
982 797 1256 871 Θηὸαίοις,
1285 799 1661 878 ἀποσχομένοις
1686 800 1871 880 χρόνον
1896 800 2011 859 τινὰ

459 885 561 938 τῶν
594 884 867 960 βαναύσων
890 882 1073 964 ἔργων.

537 973 660 1029 Pol.
693 974 779 1029 111
799 1015 814 1043 ,
857 973 914 1043 3,
950 986 979 1031 4
1018 993 1033 1032 τ
1065 972 1161 1033 Ἐν
1192 972 1401 1044 efflat:
1426 972 1480 1032 δὲ
1504 973 1656 1052 νόμος
1685 967 1746 1047 ἧν
1767 975 1853 1034 τὸν
1882 976 2008 1035 δέκα

460 1059 588 1114 ἐτῶν
617 1056 691 1134 μὴ
722 1058 1089 1138 ἀπεσχημένον
1119 1064 1212 1132 τῆς
1242 1063 1429 1141 ἀγορᾶς
1457 1060 1531 1138 μὴ
1560 1062 1799 1142 μετέχειν
1825 1067 2007 1144 ἀρχῆς.

536 1148 658 1204 Pol.
688 1151 755 1216 V,
775 1167 831 1218 2,
853 1150 887 1203 6
915 1166 929 1206 ε
951 1146 1052 1206 Διὰ
1079 1149 1463 1227 καταφρόνησιν
1490 1146 1653 1207 δὲκαὶ
1675 1150 2012 1219 στασιάζουσι

458 1230 548 1289 καὶ
577 1232 948 1294 ἐπιτίθενται...
980 1238 1032 1293 ἐν
1053 1236 1166 1301 ταῖς
1195 1235 1571 1316 δημοκρατίαις
1602 1240 1647 1294 οἱ
1679 1237 1890 1318 εὔποροι
1917 1261 2012 1296 κα·

463 1318 879 1399 ταφρονήσαντες
901 1326 991 1393 τῆς
1020 1321 1232 1390 ἀταξίας
1267 1322 1358 1380 καὶ
1400 1323 1670 1403 ἀναρχίας,
1714 1316 1823 1383 οἷον
1847 1323 1936 1383 καὶ
1960 1327 2012 1382 ἒν

459 1405 668 1476 Θήὸαις
697 1405 829 1480 μετὰ
871 1408 966 1479 τὴν
993 1410 1044 1466 ἐν
1087 1409 1390 1491 Οἰνοφύτοις
1429 1411 1607 1490 μάχην
1654 1417 1825 1480 κακῶς
1861 1416 2014 1471 πολι-

460 1493 753 1570 τευομένων
782 1498 816 1566 ἡ
841 1495 1169 1576 δημοκρατία
1204 1498 1478 1578 διεφθάρη.
1504 1500 1526 1577 ]

955 1636 1222 1696 ΟΡΧΟΜ
1236 1639 1491 1699 ΕΝΙΩΝ.

1171 1768 1299 1827 115.

537 1883 755 1936 Tzetzes
773 1881 846 1937 ad
868 1882 1100 1939 Hesiod.
1128 1885 1375 1939 Prooem.
1400 1903 1461 1958 Ρ.
1492 1903 1522 1955 7
1563 1904 1646 1958 sq.
1680 1886 1772 1944 ed.
1799 1886 1956 1944 Gssd.
1996 1906 2010 1941 ι

460 1965 816 2046 Ἀριστοτέλης
842 1966 943 2046 γὰρ
972 1972 1001 2027 ὁ
1026 1968 1299 2050 φιλόσοφος
1333 1971 1562 2046 (μᾶλλον
1595 1970 1649 2029 δὲ
1670 1962 1824 2048 οἶμαι
1845 1977 1873 2031 ὁ
1899 1972 2015 2040 τοὺς

465 2054 708 2121 Πέπλους
736 2054 1025 2134 συντάξας)
1052 2056 1104 2113 ἐν
1136 2065 1200 2137 τῇ
1225 2055 1582 2136 Ὀρχομενίων
1606 2060 1842 2140 πολιτεία
1871 2062 2021 2130 Στη-

467 2140 676 2221 σίχορον
696 2141 782 2201 τὸν
809 2141 1084 2219 μελοποιὸν
1113 2133 1245 2202 εἷναί
1265 2167 1390 2224 φησι
1408 2142 1516 2202 υἱὸν
1533 2142 1781 2204 εΗσιόδου
1798 2190 1815 2222 ,
1843 2148 1902 2205 ἐκ
1925 2151 2018 2218 τῆς

465 2229 740 2305 Κλυμένης
771 2231 913 2310 αὐτῷ
946 2229 1251 2306 γεννηθέντα
1281 2235 1371 2301 τ’ἧς
1396 2231 1743 2312 Ἄμφιφάνους
1777 2233 1866 2291 καὶ
1899 2235 2015 2292 Γα-

459 2316 701 2397 νύκτορος
743 2319 992 2399 ἀδελφῆς,
1034 2318 1283 2398 θυγατρὸς
1324 2318 1378 2378 δὲ
1407 2320 1649 2395 Φηγέως.
1688 2355 1767 2365 -
1799 2321 2014 2396 Κλυμέ-

459 2406 606 2484 νης.]
630 2410 758 2465 Mss,
787 2404 1069 2481 κτημένης.
1103 2432 1126 2458 α
1148 2408 1580 2464 Emendavimus
1606 2422 1736 2483 post
1747 2412 2016 2484 Wytten-

458 2494 620 2550 bach.
661 2493 734 2550 ad
777 2495 1058 2550 Plutarch.
1103 2500 1196 2568 p!
1222 2495 1329 2550 162
1374 2513 1444 2550 ex
1486 2496 1692 2551 Proclo
1741 2496 1813 2552 ad
1853 2494 2012 2573 Ἐργ.

470 2579 603 2637 268.
634 2605 659 2629 n
696 2572 899 2638 Giisr.

537 2668 771 2722 Procius
792 2667 862 2723 ad
885 2666 1123 2725 Hoeiod.
1161 2669 1270 2741 Op.
1296 2678 1353 2722 et
1376 2670 1446 2723 D.
1476 2666 1583 2721 631
1621 2687 1635 2725 ε
1665 2665 1928 2740 Ἀοίκητον
1958 2668 2013 2726 δὲ

463 2750 589 2807 αὐτὸ
609 2748 855 2828 (Ascram
889 2752 1259 2827 oppidulum)
1291 2754 1318 2808 ὁ
1342 2750 1685 2831 Πλούταρχος
1706 2756 1900 2834 ἱστορεῖ
1919 2755 2015 2814 καὶ

464 2835 579 2894 τότε
616 2827 769 2911 εἶναι,
801 2837 1073 2897 Θεσπιέων
1100 2837 1385 2895 ἀνελόντων
1415 2836 1531 2903 τοὺς
1553 2841 1847 2916 οἰκοῦντας,
1882 2841 2008 2920 Ὀρ·

459 2922 717 3003 χομενίων
748 2921 800 2981 δὲ
837 2922 955 2990 τοὺς
993 2922 1249 2991 σωθέντας
1294 2922 1616 3001 δεξαμένων·
1650 2925 1763 2984 ὅθεν
1802 2927 1892 2986 καὶ
1920 2928 2012 2987 τὸν

461 3011 572 3069 θεὸν
598 3010 962 3089 Ὀρχομενίοις
985 3009 1274 3090 προστάξαι
1301 3009 1367 3069 τὰ
1388 3009 1636 3070 *Ησιόδου
1659 3012 1883 3094 λείψανα
1904 3017 2007 3073 λα·

465 3098 595 3168 δεῖν,
624 3096 715 3155 καὶ
744 3096 906 3177 θάψαι
926 3097 1048 3177 παρ’
1065 3098 1265 3173 αὐτοῖς,
1290 3102 1359 3165 ὡς
1381 3096 1470 3155 καὶ
1487 3098 1839 3178 Ἀριστοτέλης
1858 3103 2007 3182 φησὶ,

462 3182 676 3263 γράφων
699 3182 793 3255 τὴν
829 3184 1183 3264 Ὀρχομενίων
1208 3185 1493 3245 πολιτείαν.

539 3273 620 3329 Cf.
650 3276 869 3328 Tzetzes
890 3275 928 3330 1.
962 3276 996 3329 l.
1025 3293 1037 3327 :
1064 3268 1398 3350 Ὀρχομένιοι
1420 3271 1473 3328 δὲ
1499 3269 1708 3352 ὕστερον
1732 3275 1869 3334 κατὰ
1886 3301 2013 3357 χρη-

459 3357 589 3432 σμὸν
607 3357 895 3436 ἐνεγκόντες
917 3356 985 3416 τὰ
1005 3357 1250 3418 Ἡσιόδου
1269 3360 1401 3416 ὀστᾶ
1412 3355 1704 3417 θάπτουσιν
1722 3363 1774 3418 ἐν
1791 3364 1926 3444 μέσῃ
1945 3370 2011 3444 τῇ

462 3450 658 3525 ἀγορᾷ,
685 3446 775 3504 καὶ
802 3446 1102 3528 ἐπέγραψαν
1130 3446 1280 3504 τάδε·

579 3564 751 3628 Ἄσκρη
773 3565 853 3628 μὲν
871 3567 1030 3628 πατρὶς
1049 3566 1321 3624 πολυλήϊος,
1345 3566 1460 3614 ἀλλὰ
1483 3567 1705 3624 θανόντος

645 3635 797 3683 ὀστέα
823 3636 1098 3693 πληξίππων
1131 3641 1191 3699 γῆ
1216 3639 1403 3685 Μινυῶν
1424 3640 1612 3700 κατέχει

517 3874 896 3939 [Communicari
915 3888 1024 3924 cum
1046 3876 1350 3926 multitudine
1369 3877 1641 3938 reipublicae
1658 3877 2004 3926 administratio

455 3954 598 4003 debet
619 3955 700 4014 ut,
725 3953 1132 4015 quemadmodum
1168 3956 1310 4002 antea
1346 3953 1532 4003 dictum
1566 3958 1635 4003 est
1652 3991 1667 4016 ,
1693 3968 1805 4003 cum
1832 3955 1890 4004 iis
1921 3956 2004 4018 qui

454 4044 650 4081 censum
668 4029 855 4092 iustum
873 4031 1001 4080 nacti
1033 4030 1237 4084 suerint.
1269 4033 1354 4079 aut
1380 4044 1514 4080 more
1530 4031 1868 4080 Thebanorum
1893 4045 2006 4081 cum

453 4109 536 4166 iis,
569 4109 648 4170 qui
674 4110 807 4157 certo
825 4109 1040 4174 tempore
1051 4108 1110 4157 ab
1122 4108 1323 4169 opificiis
1345 4107 1685 4156 abstinuerint.

515 4183 692 4234 Thebis
717 4185 797 4234 lex
818 4185 948 4245 erat,
978 4198 1065 4245 ne,
1099 4186 1182 4245 qui
1215 4191 1312 4231 non
1333 4183 1500 4232 decem
1536 4196 1686 4232 annos
1713 4186 1818 4234 [οι-ο
1841 4197 2006 4235 rerum

453 4262 704 4310 venalium·
722 4260 1054 4322 abstinuisset,
1089 4260 1422 4322 magistratum
1451 4274 1620 4322 capere
1648 4264 1823 4322 posset.

515 4340 713 4399 Propter
736 4341 1065 4399 contemptum
1080 4336 1360 4386 seditionem
1380 4337 1593 4386 excitant
1612 4340 1660 4386 et
1674 4337 1857 4399 impetu
1880 4338 2005 4388 sacto

450 4417 501 4465 in
530 4416 647 4466 alios
675 4417 972 4466 invadunt...
1014 4417 1062 4465 in
1097 4414 1403 4464 democratiis
1435 4416 1700 4479 locupletes
1725 4417 2002 4478 contempta

451 4495 730 4544 confusione
750 4498 798 4544 et
818 4494 1181 4557 perturbatione
1209 4508 1367 4542 rerum
1391 4495 1672 4556 imperiique
1694 4512 1705 4542 ε
1737 4494 2002 4554 cujusmodi

450 4569 677 4633 quiddam
696 4573 743 4620 et
767 4572 942 4620 Thebis
961 4571 1134 4620 accidit
1153 4573 1259 4633 post
1275 4585 1484 4635 pugnam
1499 4572 1548 4620 in
1566 4571 1857 4634 OEnophytis
1873 4585 2006 4621 com-

451 4648 645 4696 missam
682 4661 812 4708 :quo
830 4651 1072 4709 tempore,
1097 4647 1224 4709 quod
1260 4648 1524 4710 respublica
1554 4647 1680 4698 male
1697 4647 2001 4699 administra·

451 4720 583 4767 retur
601 4730 629 4765 a
646 4717 850 4779 popu10,
871 4717 1162 4766 democratia
1181 4717 1396 4768 funditus
1411 4732 1635 4781 oppressa
1653 4721 1744 4768 est.
1763 4716 1782 4781 ]
1871 4759 1875 4763 Α

876 4829 1570 4892 ORCHOMENIORUM.

1167 4957 1284 5008 115.

508 5062 785 5112 Aristoteles
809 5062 1120 5125 philosophus
1156 5064 1260 5125 (vel
1295 5066 1483 5128 potine,
1517 5079 1624 5115 mea
1659 5065 1854 5128 quidem
1889 5079 1993 5116 sen·

447 5141 625 5204 tentia,
652 5141 784 5204 Pepli
802 5144 1005 5206 auctor)
1025 5144 1074 5193 in
1093 5144 1520 5195 Orchomeniorum
1547 5145 1806 5208 Republica
1840 5145 1994 5197 Stesi-

1537 383 2042 448 ARISTOTELIS
2066 390 2577 452 FRAGMENTA.

2223 517 2463 579 Ἠσιόδου,
2482 524 2565 569 τοῦ
2588 521 2804 569 πλεῖστον
2826 521 2872 570 ἐν
2897 522 3152 585 ἀνθρώποις
3166 525 3300 581 κλέος
3319 526 3468 587 ἐστίν,

2286 588 2460 652 ἀνδρῶν
2490 592 2769 653 κρινομένων
2790 594 2836 640 ἐν
2854 592 3075 666 βασάνοις
3102 596 3283 657 σοφίης.

2103 701 2400 784 Ἐπέγραψε
2429 704 2482 762 δὲ
2511 704 2600 763 καὶ
2632 706 2915 786 Πίνδαρος·
2959 709 3127 788 Χαῖρε
3161 707 3236 775 δὶς
3263 711 3381 770 κτλ.
3418 713 3654 772 Pausan.

2101 794 2220 866 IX,
2254 793 2361 863 38,
2396 793 2427 848 3
2449 836 2466 868 ,
2500 795 2599 850 ubi
2637 794 2790 850 idem
2817 798 3156 872 epigramma
3199 798 3451 855 affertur.

2180 881 2485 954 Appendix
2501 882 2774 939 Proverb.
2798 884 2894 953 IV,
2914 903 3012 958 92,
3041 904 3103 959 p.
3130 883 3241 950 456
3272 885 3364 944 ed.
3388 889 3652 946 Leutsch.

2102 969 2518 1029 etSchneidew.
2544 987 2558 1026 τ
2580 965 2670 1028 Τὸ
2694 967 2758 1028 Ἥ
2778 967 3074 1029 σιόδειον
3098 974 3329 1049 γῆραςξ
3368 971 3657 1051 Ἀριστοτέ-

2101 1054 2196 1123 λης
2235 1056 2288 1112 ἐν
2337 1053 2694 1135 Ὀρχομενίων
2722 1055 2956 1137 πολιτείᾳ
3006 1058 3079 1125 δὶς
3118 1058 3367 1138 τεθάφθαι
3408 1059 3534 1139 φησὶ
3567 1060 3658 1119 τὸν

2104 1137 2363 1214 Ἡσίοδον,
2389 1144 2478 1202 καὶ
2508 1142 2899 1223 ἐπιγράμματος
2926 1145 3078 1204 τοῦδε
3103 1147 3278 1224 τυχεῖν
3300 1166 3314 1180 ·

2255 1269 2399 1330 Χαῖρε
2413 1270 2478 1325 δὶς
2492 1270 2671 1327 ἡὸήσας
2700 1272 2780 1319 καὶ
2804 1272 2872 1328 ὸὶς
2895 1273 3041 1333 τάφου
3058 1272 3382 1333 ἀντιὸολήσας,

2317 1337 2488 1387 Ἡσίοδ·
2500 1375 2515 1400 ,
2531 1339 2786 1402 ἀνθρώποις
2811 1342 2974 1405 μέτρον
2987 1342 3109 1406 ἔχων
3129 1342 3319 1405 σοφίης·
3364 1394 3373 1405 ,

2102 1458 2330 1538 παρόσον
2359 1460 2419 1521 τό
2445 1484 2500 1519 τε
2532 1465 2694 1542 γῆρας
2724 1462 2931 1536 ἀπέὸη,
2959 1463 3048 1522 καὶ
3077 1462 3149 1531 δὶς
3168 1463 3354 1542 ἐτάφη.
3422 1474 3438 1489 ’
3657 1538 3664 1553 ι

2182 1549 2429 1606 Pindaro
2469 1554 2812 1627 epigramma
2853 1554 3053 1608 tribuit
3101 1573 3230 1609 cum
3268 1557 3448 1613 schol.
3491 1560 3655 1613 etiam

2104 1637 2321 1694 SuidaS.
2344 1641 2411 1696 V.
2440 1641 2671 1696 Boeckh.
2710 1642 2930 1715 Explic.
2971 1642 3201 1697 Pindar.
3235 1661 3291 1715 p.
3327 1640 3458 1710 554.
3490 1646 3654 1701 Cete-

2106 1743 2231 1778 rum
2258 1727 2477 1781 Tzetzes
2508 1745 2685 1800 quum
2712 1731 3054 1803 epigramma
3073 1747 3143 1783 ex
3170 1731 3480 1785 Aristotelis
3502 1733 3660 1786 libris

2104 1813 2189 1866 De
2248 1812 2656 1887 rebuspublicis
2715 1817 2945 1871 allatum
2998 1818 3274 1890 reperiret
3300 1858 3316 1886 ‚
3385 1818 3655 1890 ejusmodi

2106 1900 2505 1973 epigrammata
2527 1920 2663 1957 vero
2688 1903 2898 1958 sciebat
2910 1904 3021 1979 legi
3045 1903 3105 1959 in
3125 1904 3299 1977 Peplo
3324 1907 3653 1975 AristoteliS,

2104 2003 2212 2058 pro
2256 1985 2456 2057 judicii
2501 1988 2730 2045 levitate
2775 2009 2874 2046 sua
2910 1993 3130 2064 putavit
3174 1993 3355 2064 ipsum
3393 1992 3540 2047 istud
3582 1994 3657 2048 de

2105 2073 2355 2129 Hesiodo
2378 2075 2724 2151 epigramma
2770 2097 2801 2134 e
2828 2079 3003 2152 Peplo
3028 2080 3267 2153 petitum
3296 2095 3426 2134 esse.
3454 2085 3534 2136 Ac
3557 2099 3657 2135 ne·

2106 2162 2222 2215 scio
2257 2181 2328 2215 an
2369 2181 2564 2218 revera
2597 2166 2762 2219 etiam
2796 2167 2856 2219 in
2889 2167 3066 2239 Peplo
3105 2166 3291 2241 legere
3324 2177 3461 2221 erat.
3495 2167 3659 2222 Certe

2106 2250 2265 2303 novit
2309 2251 2653 2326 epigramma
2691 2264 2947 2308 nostrum
2981 2256 3139 2328 Pepli
3173 2263 3393 2324 auctor,
3439 2256 3535 2328 qui
3582 2257 3657 2312 ita

2107 2340 2513 2395 consarcinavit
2538 2343 2885 2415 epitaphium
2924 2343 3221 2417 Ascalaphi
3250 2363 3264 2398 ι

2228 2473 2518 2537 Ἅσκαλάφου
2537 2475 2679 2539 Τροίῃ
2702 2478 2919 2539 φθιμένου
2938 2478 3016 2526 καὶ
3035 2477 3288 2541 Ἰαλέμοιο,

2288 2544 2430 2593 ὀστέα
2448 2545 2719 2602 πληξίππων
2750 2552 2810 2608 γῆ
2844 2549 3032 2596 Μινυῶν
3049 2548 3253 2610 κατέχει.

2182 2663 2437 2718 Ceterum
2476 2674 2657 2733 recte,
2705 2674 2879 2737 puto,
2919 2667 3140 2719 Tzetzoe
3180 2664 3341 2738 Pepli
3368 2673 3656 2720 auctorem

2103 2766 2134 2802 a
2160 2750 2731 2822 Rerumpublicarum
2757 2752 3029 2824 scriptore
3071 2751 3352 2806 diversum
3376 2770 3488 2807 esse
3518 2769 3657 2806 cen-

2101 2846 2201 2891 set.
2247 2837 2580 2909 Quanquam
2608 2838 2769 2892 aliter
2803 2839 2981 2893 visum
3019 2837 3447 2895 Schneidewino
3491 2838 3656 2913 (Phi-

2103 2923 2342 2998 lologm,
2369 2923 2501 2979 fasc.
2540 2943 2564 2980 1
2590 2925 2714 2983 init.
2738 2924 2756 3002 )

2816 3058 2944 3114 116.

2180 3188 2383 3243 Pollux
2408 3189 2499 3263 X,
2554 3187 2660 3244 165
2698 3206 2713 3247 :
2752 3187 2859 3247 Καὶ
2893 3186 3017 3246 ὅταν
3067 3192 3119 3248 ἐν
3165 3188 3492 3267 Ἀχαρνεῦσιν
3527 3189 3652 3273 εἴπῃ

2105 3271 2469 3352 Ἀριστοφάνης
2505 3272 2755 3352 ἀχάνας
2783 3274 3061 3354 χρυσίου
3090 3320 3107 3348 ,
3164 3276 3224 3336 τὸ
3271 3279 3473 3354 ἀγγεῖον
3528 3278 3653 3345 ἴσως

2108 3360 2381 3439 Περσικόν·
2411 3359 2531 3419 ἔνιοι
2553 3361 2607 3419 δὲ
2634 3358 2727 3432 τὴν
2741 3361 2992 3441 θεωρικὴν
3014 3362 3198 3435 κίστην
3217 3362 3351 3422 οὕτω
3374 3364 3654 3434 κεκλῆσθαι

2104 3446 2391 3522 νομίζουσιν
2409 3471 2423 3484 ·
2453 3450 2505 3505 ἐν
2533 3446 2588 3506 δὲ
2616 3448 2994 3528 Ἀριστοτέλους
3038 3450 3393 3529 Ὀρχομενίων
3421 3451 3652 3531 πολιτεία

2106 3533 2288 3614 μέτρον
2316 3534 2426 3593 ἐστὶ
2448 3536 2829 3615 τετταράκοντα
2858 3535 3011 3596 πέντε
3027 3536 3301 3614 μεδίμνους
3319 3544 3522 3618 χωροῦν
3549 3538 3655 3600 ’Ar-

2106 3646 2293 3687 τικους.

2098 3792 2298 3840 chorum
2319 3792 2520 3853 lyricum
2539 3793 2609 3842 ait
2626 3792 2779 3842 filium
2811 3805 2912 3841 esse
2942 3790 3131 3841 Hesiodi
3152 3805 3180 3840 e
3208 3791 3439 3853 Clymene
3461 3794 3652 3853 natum,

2098 3869 2439 3931 Amphipbanis
2461 3870 2510 3919 et
2537 3869 2819 3932 Ganyctoris
2848 3881 3033 3927 sorore,
3053 3867 3320 3929 Phegeique
3337 3867 3451 3916 filia.

2162 3954 2356 3997 Ascram
2374 3948 2517 3998 etiam
2554 3951 2677 3999 tune
2693 3947 2930 3998 desertam
2962 3946 3103 3996 fuisse
3128 3947 3421 3996 Plutarchus
3439 3947 3636 4007 narrat,

2099 4025 2265 4075 incolis
2286 4039 2315 4075 a
2338 4025 2704 4089 Thoepiensibus
2720 4023 2995 4086 trucidatis,
3010 4023 3166 4086 iisque
3183 4023 3267 4085 qui
3296 4027 3503 4084 stragem
3520 4024 3643 4072 estu·

2095 4105 2286 4165 gerant,
2325 4104 2388 4154 ab
2425 4103 2757 4154 Orchomeniis
2790 4103 2838 4151 in
2876 4101 3045 4152 urbem
3077 4102 3296 4165 receptis.
3327 4102 3467 4152 Unde
3496 4101 3647 4151 etiam

2093 4181 2237 4231 deum
2263 4181 2596 4233 Orchomeniis
2615 4183 2895 4245 imperasse,
2922 4183 2976 4231 ut
2994 4180 3184 4232 Hesiodi
3209 4182 3421 4245 reliquiis
3437 4181 3645 4244 potiren-

2094 4261 2175 4307 tur
2209 4273 2389 4323 easque
2427 4259 2555 4323 apud
2601 4260 2726 4322 ipsos
2765 4258 2988 4321 sepulcro
3028 4257 3303 4308 conderent.
3348 4257 3513 4309 Tradit
3551 4258 3646 4308 hoc

2092 4337 2239 4385 etiam
2304 4337 2609 4402 Aristotele«,
2668 4335 2754 4399 qui
2806 4336 3241 4385 Orchomeuiorum
3299 4336 3645 4399 rempublicam

2090 4413 2291 4475 scripsit.

2159 4490 2426 4540 Aristoteles
2455 4490 2504 4538 in
2533 4490 2963 4541 Orchomeniorum
3001 4503 3101 4553 rep.
3136 4489 3393 4539 Hesiodum
3421 4489 3535 4538 dicit
3572 4488 3650 4537 bis

2089 4567 2329 4629 sepultum
2343 4603 2357 4629 ,
2377 4569 2523 4629 atque
2536 4567 2685 4617 hocce
2702 4572 2902 4617 nactum
2916 4568 3205 4630 epigramma
3231 4580 3332 4616 esse
3352 4586 3368 4618 ε

2193 4685 2333 4739 Salve,
2355 4686 2520 4730 iterum
2534 4685 2779 4742 pubescens
2805 4696 2859 4730 ae
2882 4685 2950 4729 bis
2966 4684 3160 4738 condite,
3178 4684 3295 4728 salve
3307 4716 3319 4738 ‚

2247 4753 2461 4809 Hesiode,
2483 4753 2691 4799 humanae
2716 4754 2794 4810 qui
2811 4752 2972 4798 modus
2999 4764 3045 4798 es
3063 4752 3242 4809 sophiae.

2808 4870 2929 4921 116.

2147 4989 2338 5040 Achane
2410 4990 2462 5039 in
2532 4988 2803 5040 Aristotelis
2873 4987 3137 5051 Republica
3208 4984 3641 5036 Orcliomeniorum

2072 5079 2308 5127 ‚mensura
2344 5069 2443 5131 est,
2464 5080 2576 5130 quae
2614 5067 2827 5116 continet
2864 5063 3179 5128 quadraginta
3210 5063 3424 5125 quinque
3455 5061 3647 5110 modios

2088 5146 2285 5197 Atticos.
