4016 5916
508 451 620 503 530

507 568 639 644 μήτε
668 567 970 642 προσκυνεῖν
1000 555 1139 620 θεοὺς
1177 553 1308 626 μήτε
1336 553 1437 608 τῶν
1465 548 1695 625 μάλιστα
1724 548 1774 603 ἐν
1807 543 2059 621 Αἰγύπτῳ

507 647 946 730 θεμιστευομένων
971 646 1121 723 ἱερῶν
1146 639 1290 721 ζῴων
1316 635 1603 715 ἀπέχεσθαι
1622 632 1837 710 μηδενὸς
1852 679 1867 703 ,
1891 629 2062 688 πάντα

508 765 564 799 τε
602 739 736 797 θύειν
783 733 875 792 καὶ
921 732 1161 798 ἀναλοῦν,
1203 725 1553 785 συνάπτεσθαι
1601 722 1653 778 δὲ
1699 720 1883 796 μηδενὶ
1926 717 2064 787 πλὴν

510 823 610 879 τῶν
658 810 1095 889 συνωμοσμένων.
1178 808 1414 865 Τοιαῦτα
1471 801 1522 860 δὲ
1578 796 1923 876 νομοθετήσας
1974 795 2065 854 καὶ

510 906 732 964 πλεῖστα
759 901 923 971 ἄλλα,
947 897 1175 973 μάλιστα
1197 895 1303 958 τοῖς
1328 887 1629 965 Αἰγυπτίοις
1658 888 1882 961 ἐθισμοῖς
1911 887 2065 941 ἐναν-

512 992 779 1067 τιούμενα,
795 985 1031 1045 ἐκέλευσε
1055 979 1358 1060 πολυχειρίᾳ
1381 977 1447 1034 τὰ
1471 981 1560 1047 τῆς
1577 975 1773 1039 πόλεως
1793 970 2070 1030 ἐπισκευά-

516 1086 616 1150 ζειν
644 1077 827 1156 τείχη,
859 1071 949 1132 καὶ
989 1053 1116 1150 πρὸς
1155 1068 1386 1143 πόλεμον
1433 1063 1665 1138 ἑτοίμους
1710 1059 1940 1137 γίνεσθαι
1985 1055 2073 1114 τὸν

515 1166 641 1248 πρὸς
671 1163 954 1240 Ἀμένωιριν
985 1159 1070 1215 τὸν
1103 1154 1343 1236 βασιλέα.
1431 1149 1596 1214 Αὐτὸς
1622 1147 1673 1207 δὲ
1703 1144 2071 1226 προσλαὸόμε·

516 1277 598 1321 νος
627 1252 738 1330 μεθ’
769 1253 952 1308 ἑαυτοῦ
981 1244 1070 1304 καὶ
1100 1247 1203 1302 τῶν
1247 1241 1417 1299 ἄλλων
1454 1236 1630 1317 ἱερέων
1658 1235 1748 1293 καὶ
1776 1255 2077 1310 συμμεμια-

522 1342 721 1419 σμένων
765 1337 963 1417 ἔπεμψε
1009 1330 1254 1412 πρέσὸεις
1291 1326 1416 1408 πρὸς
1454 1324 1570 1391 τοὺς
1612 1324 1710 1381 ὑπὸ
1751 1325 1801 1382 Τ
1805 1318 2078 1397 εθμώσεως

521 1424 868 1490 ἀπελαθέντας
897 1419 1147 1496 ποιμένας
1174 1419 1241 1482 εἰς
1270 1414 1419 1472 πόλιν
1447 1411 1540 1483 τὴν
1569 1406 1895 1487 καλουμένην
1918 1406 2078 1487 Ἱερο-

522 1515 748 1591 σόλυμα.
841 1508 947 1569 Καὶ
988 1506 1056 1564 τὰ
1085 1503 1199 1563 καθ’
1245 1500 1427 1560 ἑαυτὸν
1455 1498 1548 1558 καὶ
1592 1496 1706 1564 τοὺς
1743 1496 1929 1561 ἄλλους
1964 1492 2083 1561 τοὺς

524 1597 995 1677 συνατιμασθέντας
1020 1592 1258 1666 δηλώσας
1280 1588 1424 1661 ἠξίου
1454 1581 1932 1665 συνεπιστρατεύειν
1958 1584 2083 1658 δμο-

526 1688 749 1765 θυμαδὸν
771 1685 851 1745 ἐπ’
881 1683 1164 1762 Αἴγυπτον.
1191 1675 1441 1743 Ἐπάξειν
1472 1672 1563 1751 μὲν
1595 1663 1680 1731 οὗν
1712 1669 1897 1736 αὐτοὺς
1921 1670 2084 1746 ἐπηγ-

526 1779 737 1856 γείλατο
759 1776 962 1855 πρῶτον
990 1769 1084 1848 μὲν
1114 1770 1185 1834 εἷς
1221 1763 1421 1843 Αὔαριν
1449 1761 1541 1833 τὴν
1572 1756 1882 1840 προγονικὴν
1913 1759 2083 1814 αὐτῶν

528 1863 754 1944 πατρίδα
775 1907 791 1936 ,
823 1859 889 1919 τὰ
923 1857 1194 1927 ἐπιτήδεια
1218 1857 1323 1919 τοῖς
1363 1850 1535 1930 ὄχλοις
1560 1846 1794 1927 παρέξειν
1822 1843 2082 1925 ἀφθόνως,

532 1948 996 2031 ὑπερμαχήσεσθαι
1038 1943 1124 2021 δὲ,
1154 1941 1238 2001 ὅτε
1268 1939 1403 2012 δέοι,
1437 1937 1529 1996 καὶ
1570 1935 1755 2018 ῥαδίως
1792 1933 2087 2011 ὑποχείριον

533 2039 703 2105 αὐτοῖς
730 2035 823 2107 τὴν
849 2034 1027 2114 χώραν
1056 2028 1312 2100 ποιήσειν.
1397 2027 1466 2086 Οἱ
1506 2023 1560 2091 δὲ
1597 2021 1905 2101 ὓπερχαρεῖς
1936 2018 2087 2097 γενό-

534 2148 676 2201 μενοι
706 2123 892 2188 πάντες
907 2118 1181 2201 προθύμως
1196 2117 1265 2182 εἰς
1285 2112 1446 2173 εἴκοσι
1459 2110 1713 2191 μυριάδας
1742 2110 1940 2188 ἀνδρῶν
1969 2131 2088 2165 συν-

534 2211 864 2291 εξώρμησαν,
891 2209 982 2268 καὶ
1012 2205 1124 2284 μετ’
1163 2205 1223 2263 οὗ
1251 2199 1382 2261 πολὺ
1411 2193 1537 2272 ἧκον
1569 2200 1640 2265 εἰς
1674 2194 1896 2276 Αύαριν.
1930 2192 2088 2271 Ἀμέ-

534 2324 689 2381 νωφις
724 2298 788 2372 δ’,
830 2301 858 2356 ὁ
885 2300 986 2355 τῶν
1023 2289 1327 2372 Αἰγυπτίων
1361 2284 1636 2368 βασιλεὺς,
1662 2287 1731 2351 ὡς
1769 2281 1984 2342 ἐπύθετο
2025 2280 2091 2339 τὰ

535 2386 671 2447 κατὰ
700 2385 792 2457 τὴν
828 2384 1035 2444 ἐκείνων
1078 2380 1273 2461 ἔφοδον,
1311 2378 1368 2434 οὗ
1412 2374 1629 2454 μετρίως
1670 2371 1952 2451 συνεχύθη,
1998 2373 2093 2441 τῆς

537 2474 662 2556 παρ’
687 2472 1020 2553 Ἀμενώφεως
1045 2474 1131 2528 τοῦ
1162 2463 1400 2531 Παάπιος
1427 2461 1671 2541 μνησθεὶς
1693 2458 2090 2540 προδηλώσεως.

541 2563 647 2623 Καὶ
672 2559 921 2644 πρότερον
952 2552 1256 2634 συναγαγὼν
1278 2555 1471 2624 πλῆθος
1498 2549 1827 2627 Αἰγυπτίων,
1858 2546 1948 2605 καὶ
1973 2550 2094 2627 βου-

538 2648 854 2724 λευσάμενος
880 2644 1013 2722 μετὰ
1035 2648 1137 2703 τῶν
1170 2644 1221 2700 ἐν
1248 2641 1445 2705 τούτοις
1480 2636 1767 2717 ἡγεμόνων,
1802 2634 1868 2694 τά
1895 2658 1951 2693 τε
1980 2633 2097 2714 ἱερὰ

542 2740 648 2816 ζῷα
693 2734 760 2793 τὰ
789 2737 970 2815 πρῶτα
1016 2731 1243 2809 μάλιστα
1286 2731 1339 2786 ἐν
1384 2730 1487 2793 τοῖς
1527 2729 1681 2806 ἱεροῖς
1720 2722 1988 2801 τιμώμενα
2028 2721 2099 2791 ὥς

542 2825 594 2903 γ’
627 2820 808 2880 ἑαυτὸν
841 2817 1239 2899 μετεπέμψατο,
1278 2814 1367 2873 καὶ
1397 2821 1503 2878 τοῖς
1528 2811 1663 2871 κατὰ
1693 2811 1846 2892 μέρος
1878 2814 2097 2891 ἱερεῦσιν

543 2908 890 2990 παρήγγειλεν
922 2910 990 2973 ὡς
1015 2902 1384 2985 ἀσφαλέστατα
1409 2905 1510 2960 τῶν
1556 2896 2006 2980 θεῶνσυγκρύψαι
2034 2898 2099 2958 τὰ

548 2997 724 3067 ξόανα.
806 2996 913 3055 Τὸν
944 2992 999 3051 δὲ
1038 2992 1144 3051 υἱὸν
1184 2991 1361 3052 Σέθων
1392 2990 1479 3048 τὸν
1522 2989 1611 3047 καὶ
1660 2987 1964 3065 Ῥαμέσσην
1995 2989 2100 3048 ἀπὸ

548 3168 609 3214 At
641 3164 719 3214 ille
747 3165 949 3226 primam
981 3161 1177 3225 quidem
1210 3161 1277 3209 eis
1305 3160 1457 3223 legem
1491 3160 1683 3222 posuit,
1718 3161 1771 3207 ut
1795 3173 1949 3221 neque
1986 3159 2103 3209 deos

549 3243 833 3302 adorarent,
853 3254 1009 3304 neque
1026 3240 1089 3290 ab
1115 3238 1403 3289 animalibus
1422 3238 1532 3287 ullis
1546 3275 1561 3299 ‚
1583 3251 1694 3301 quae
1712 3238 1953 3302 praecipue
1971 3252 2105 3288 sacra

548 3319 677 3383 apud
700 3318 946 3382 AEgyptios
963 3321 1100 3369 erant
1116 3354 1131 3378 ,
1156 3330 1208 3367 se
1225 3316 1551 3375 abstinerent,
1574 3314 1656 3365 sed
1678 3320 1731 3366 ut
1750 3316 1910 3365 omnia
1929 3319 2107 3366 macta·

550 3400 657 3447 rent
692 3399 839 3459 atque
874 3397 1212 3445 consumerent
1228 3410 1261 3455 3-
1286 3392 1505 3456 nullique
1543 3393 1883 3456 copularentur
1915 3394 2003 3443 nisi
2024 3393 2109 3456 qui

550 3473 765 3536 ejusdem
793 3471 1135 3535 conjurationis
1158 3472 1297 3521 esset.
1320 3473 1482 3528 Quum
1513 3473 1675 3520 autem
1697 3470 1789 3520 ista
1811 3470 2044 3520 sanxisset
2061 3475 2110 3520 et

551 3551 643 3601 alia
680 3551 1032 3615 quamplurima
1079 3550 1289 3599 maxime
1335 3548 1663 3611 AEgyptiorum
1700 3548 1911 3598 moribus
1942 3549 2109 3599 adver·

553 3630 728 3691 santia,
754 3628 1018 3679 multarum
1058 3640 1289 3678 manuum
1307 3640 1452 3689 opera
1471 3626 1615 3688 jussit
1646 3626 1881 3675 aedificare
1907 3625 2112 3676 civitatis

554 3721 744 3770 muros,
764 3710 815 3757 et
830 3706 893 3756 ad
923 3706 1105 3756 bellum
1124 3719 1225 3755 sese
1258 3718 1428 3768 parare
1452 3703 1681 3754 adversus
1712 3704 2011 3766 Amenopbin
2031 3718 2107 3753 re-

553 3798 676 3846 gem.
714 3788 819 3847 lpse
839 3797 954 3833 vero
975 3822 989 3845 ‚
1009 3782 1265 3845 assumptis
1291 3794 1455 3831 secum
1484 3780 1629 3831 etiam
1666 3780 1770 3829 aliis
1786 3780 2113 3831 sacerdotibus

555 3867 603 3913 et
623 3862 918 3924 pollutorum
942 3859 1255 3923 quibusdam,
1286 3859 1413 3908 misit
1432 3858 1611 3920 legatos
1629 3856 1690 3906 ad
1711 3860 1930 3907 Pastores
1943 3894 1957 3918 ,
1983 3860 2065 3920 qui
2084 3872 2112 3907 a

554 3938 799 3990 Tetbmosi
818 3937 1005 4001 depulsi
1022 3937 1071 4001 in
1090 3937 1260 3986 urbem
1282 3936 1609 3998 Hierosolyma
1626 3935 1803 3984 dictam
1828 3947 1880 3984 se
1897 3936 2112 3985 contule·

557 4019 680 4066 rant.
704 4018 765 4066 Et
781 4015 1030 4065 declaratis
1051 4015 1108 4065 iis
1135 4027 1247 4077 quae
1281 4014 1371 4065 sibi
1391 4014 1656 4076 ceterisque
1681 4013 1990 4075 ignominiose
2024 4014 2112 4063 ba-

557 4095 668 4145 bitis
698 4095 997 4154 acciderant,
1027 4094 1212 4156 rogavit
1243 4096 1297 4143 ut
1320 4106 1417 4143 una
1448 4092 1801 4155 expeditionem
1835 4092 2048 4142 facerent
2067 4094 2113 4142 in

558 4177 833 4237 AEgyptum.
864 4176 924 4222 Et
953 4172 1150 4236 quidem
1174 4173 1390 4236 promisit
1416 4186 1467 4222 se
1502 4172 1711 4234 primum
1745 4184 1826 4221 eos
1852 4170 2111 4221 ducturum

558 4252 607 4300 in
632 4253 810 4302 Auarin
838 4252 1019 4301 avitam
1054 4264 1189 4302 suam
1221 4252 1453 4314 patriam,
1488 4254 1536 4300 et
1567 4250 1832 4301 necessaria
1852 4263 1904 4298 se
1926 4250 2116 4312 copiose

559 4329 887 4379 exhibiturum
928 4329 1112 4389 ἴοι-δοες
1151 4331 1566 4392 propugnaturum
1612 4330 1774 4376 autem
1809 4340 1962 4389 quum
1995 4340 2117 4390 opus

563 4406 712 4467 soret,
737 4406 787 4455 et
829 4405 966 4455 facile
987 4406 1226 4467 regionem
1261 4405 1351 4453 sub
1379 4407 1662 4467 potestatem
1689 4416 1855 4453 eornm
1889 4403 2114 4454 redactu-

563 4495 690 4532 rum.
711 4482 785 4532 llli
800 4494 914 4531 vero
932 4493 1078 4545 supra
1095 4481 1294 4532 modum
1311 4482 1408 4532 laeti
1425 4518 1440 4543 ‚
1462 4494 1630 4531 omnes
1649 4481 1869 4531 alacriter
1887 4494 2042 4543 usque
2056 4483 2114 4532 ad

563 4561 773 4610 ducenta
796 4560 943 4610 miliia
964 4560 1177 4611 virorum
1204 4559 1382 4623 pariter
1403 4562 1516 4609 sunt
1537 4560 1736 4623 egressi,
1766 4564 1816 4610 et
1833 4574 1930 4611 non
1962 4562 2117 4611 multo

565 4641 673 4700 post
696 4636 757 4687 ad
782 4637 961 4687 Auarin
986 4637 1257 4687 veniebant.
1281 4636 1569 4699 Amenopbis
1591 4638 1752 4686 autem
1785 4637 2119 4702 AEgyptiorum

566 4728 680 4777 rex,
708 4728 862 4778 quum
880 4715 1091 4778 primum
1122 4716 1315 4765 illorum
1338 4715 1632 4765 invasionem
1666 4717 1877 4778 audivit,
1902 4730 1999 4768 non
2023 4731 2119 4767 me-

565 4793 791 4843 diocriter
819 4794 1034 4842 animum
1069 4793 1363 4858 despondere
1393 4793 1566 4856 coepit,
1587 4807 1737 4856 quum
1770 4794 1814 4844 ei
1840 4794 1891 4844 in
1911 4797 2120 4845 mentem

568 4871 785 4922 venirent
802 4884 914 4934 quoe
938 4872 1226 4934 praedixerat
1250 4873 1538 4936 amenophis
1557 4872 1753 4936 Paapios
1774 4872 1914 4923 tilius.
1938 4875 2002 4923 Et
2020 4873 2118 4935 pri-

568 4962 703 4998 mum
722 4950 916 5013 quidem
939 4953 1220 5013 congregata
1247 4952 1384 5014 plebe
1404 4953 1704 5015 AEgyptiaca,
1725 4951 1944 5014 initoque
1970 4952 2123 5001 consi·

1602 412 2112 477 MANETHOMS
2155 400 2631 468 SEBENNYTAE

2152 532 2431 610 ‘peip-42⁰³<
2459 532 2547 586 τοῦ
2592 523 2786 605 πατρὸς
2827 520 3220 597 ὠνομασμένον,
3255 518 3524 589 πενταέτη
3575 521 3757 594 ὄντα,

2162 627 2359 696 ἐξέθετο
2383 625 2509 705 πρὸς
2527 621 2616 680 τὸν
2640 624 2824 679 ἑαυτοῦ
2858 617 3024 699 φίλον.
3109 615 3278 682 Αὐτὸς
3319 616 3374 673 δὲ
3407 616 3611 684 διαὸὰς
3637 622 3762 686 τοῖς

2160 709 2692 791 ἄλλοιςΑἰγυπτίοις,
2730 698 2872 766 οἶσιν
2905 707 2976 773 εἰς
3029 704 3308 782 τριάκοντα
3352 706 3628 784 μυριάδας
3659 710 3758 764 ἆν-

2160 805 2292 884 δρῶν
2318 798 2729 879 μαχιμωτάτων,
2756 793 2847 852 καὶ
2874 801 2977 859 τοῖς
2990 788 3256 867 πολεμίοις
3269 791 3662 865 ἀπαντήσασιν
3692 797 3758 853 οὗ

2163 889 2469 965 συνέὸαλεν,
2495 884 2631 944 ἀλλὰ
2654 881 2862 959 μέλλειν
2887 888 3164 960 θεομαχεῖν
3185 880 3427 957 νομίσας,
3451 885 3756 963 παλινδρο·

2165 978 2338 1057 μήσας
2359 969 2485 1048 ἧκεν
2504 975 2574 1040 εἰς
2594 971 2825 1052 Μέμφιν.
2857 967 3157 1030 Ἀναλαὸών
3176 990 3232 1026 τε
3259 967 3348 1026 τόν
3369 991 3431 1028 τε
3451 961 3621 1029 1Ἆπιν
3657 973 3756 1030 καὶ

2165 1065 2230 1124 τὰ
2256 1065 2390 1123 ἄλλα
2419 1061 2484 1119 τὰ
2516 1063 2682 1119 ἐκεῖσε
2707 1054 3141 1136 μεταπεμφθέντα
3166 1054 3283 1135 ἱερὰ
3314 1059 3458 1136 ζῷα,
3487 1058 3648 1126 εὐθὺς
3675 1062 3755 1126 εἷς

2167 1152 2442 1216 Αἰθιοπίαν
2463 1149 2556 1208 σὺν
2581 1147 2773 1206 ἅπαντι
2795 1148 2870 1228 τῷ
2900 1144 3069 1224 στόλῳ
3096 1143 3186 1203 καὶ
3215 1143 3404 1216 πλήθει
3429 1149 3540 1204 τῶν
3567 1149 3758 1225 Atyn-

2170 1240 2332 1300 πτίων
2358 1237 2585 1317 ἀνήχθη.
2671 1233 2860 1314 Χάριτι
2884 1233 2984 1312 γὰρ
3003 1223 3067 1305 ἦν
3093 1233 3235 1311 αὐτῷ
3262 1234 3565 1314 ὑποχείριος
3588 1239 3617 1294 ὁ
3636 1239 3752 1295 τῶν

2171 1327 2433 1390 Αἰθιόπων
2467 1321 2707 1404 βασιλεύς
2723 1345 2737 1359 ·
2765 1320 2878 1379 ὅθεν
2897 1318 3274 1396 ὑποδεξάμενος
3299 1321 3532 1389 καὶτοὺς
3550 1327 3753 1402 ὄχλους

2171 1415 2367 1481 πάντας
2396 1409 2671 1472 ὓπολαὸὼν
2701 1400 2773 1475 οἷς
2796 1408 2948 1488 ἔσχεν
2976 1411 3010 1479 ἡ
3038 1407 3187 1486 χώρα
3230 1410 3335 1466 τῶν
3367 1410 3496 1487 πρὸς
3540 1414 3754 1491 ἁνθρω-

2172 1502 2326 1575 πίνην
2352 1500 2546 1582 τροφὴν
2577 1497 2904 1572 ἐπιτηδείων,
2938 1495 3029 1554 καὶ
3068 1496 3243 1561 πόλεις
3276 1497 3369 1555 καὶ
3396 1495 3588 1575 κώμας
3615 1499 3753 1579 πρὸς

2173 1589 2266 1662 τὴν
2294 1593 2396 1648 τῶν
2421 1586 2775 1667 πεπρωμένωγ
2803 1583 3134 1664 τρισκαίδεκα
3166 1585 3293 1642 ἐτῶν
3322 1584 3428 1643 ἀπὸ
3450 1590 3549 1657 τῆς
3576 1587 3751 1667 ἀρχῆς

2176 1679 2333 1737 αὐτοῦ
2364 1675 2622 1735 ἔκπτωσιν
2648 1671 2957 1752 αὐτάρκεις,
3011 1673 3111 1749 οὔχ
3150 1662 3307 1740 ἧττόν
3350 1694 3409 1749 γε
3449 1673 3543 1732 καὶ
3576 1697 3748 1754 στρα·

2175 1764 2390 1824 τόπεδον
2429 1760 2731 1824 Αἰθιοπικὸν
2771 1760 2898 1840 πρὸς
2941 1756 3175 1840 φυλακὴν
3205 1758 3421 1827 ἐπέταξε
3468 1769 3580 1828 τοῖς
3615 1768 3750 1843 παρ’

2178 1852 2510 1932 Ἀμενώφεως
2540 1855 2629 1909 τοῦ
2679 1847 2931 1928 βασιλέως
2951 1847 3034 1904 ἐπὶ
3072 1850 3175 1904 τῶν
3225 1846 3379 1926 ὁρίων
3427 1851 3523 1919 τῆς
3580 1851 3748 1927 Aimi-

2177 1964 2322 2000 πτου.
2411 1938 2517 1998 Καὶ
2566 1936 2632 1996 τὰ
2680 1935 2773 2013 μὲν
2823 1932 2960 1993 κατὰ
3007 1932 3100 2005 τὴν
3145 1933 3425 1994 Αἰθιοπίαν
3493 1943 3746 2000 τοιαῦτα.

2179 2033 2250 2093 Οἱ
2278 2029 2331 2087 δέ
2377 2029 2667 2102 Σολυμῖται
2697 2020 3025 2088 κατελθόντες
3066 2020 3160 2080 σὺν
3200 2023 3306 2089 τοῖς
3343 2032 3548 2103 μιαροῖς
3576 2029 3752 2104 Αἰγυ-

2182 2116 2344 2175 πτίων
2391 2112 2606 2179 ἀνοσίως
2636 2114 2739 2178 τοῖς
2778 2109 3064 2190 ἀνθρώποις
3107 2109 3566 2190 προσηνέχθησαν,
3607 2112 3752 2173 ὥστε

2181 2203 2277 2275 τὴν
2301 2206 2402 2260 τῶν
2442 2197 2833 2281 προειρημένων
2875 2197 3126 2278 κράτησιν
3171 2196 3444 2278 χειρίστην
3473 2201 3750 2279 φαίνεσθαι

2182 2299 2286 2357 τοῖς
2304 2289 2420 2349 τότε
2439 2287 2506 2347 τὰ
2528 2288 2722 2347 τούτων
2751 2285 3065 2362 ἇσεὸήματα
3096 2285 3387 2363 θεωμένοις.
3425 2287 3533 2346 Καὶ
3561 2288 3665 2369 γὰρ
3693 2293 3749 2348 οὗ

2186 2377 2338 2456 μόνον
2361 2378 2534 2444 πόλεις
2563 2375 2654 2435 καὶ
2684 2375 2864 2451 κώμας
2889 2372 3198 2454 ἐνέπρησαν,
3221 2372 3340 2432 οὐδὲ
3364 2377 3752 2456 ἱεροσυλοῦντες

2184 2465 2300 2524 οὐδὲ
2330 2464 2699 2542 λυμαινόμενοι
2723 2461 2880 2530 ξόανα
2906 2465 3033 2520 θεῶν
3056 2464 3344 2541 ἠρκοῦντο,
3370 2461 3508 2519 ἀλλὰ
3533 2464 3627 2522 καὶ
3651 2473 3753 2531 τοῖς

2187 2554 2356 2620 αὐτοῖς
2374 2550 2639 2619 ὀπτανίοις
2660 2554 2762 2608 τῶν
2783 2547 3235 2621 σε6αστευομένων
3255 2550 3409 2628 ἱερῶν
3431 2549 3581 2631 ζῴων
3603 2551 3752 2631 χρώ-

2196 2663 2337 2718 μενοι
2367 2637 2642 2711 διετέλουν,
2700 2636 2789 2696 καὶ
2843 2637 2997 2703 θύτας
3041 2634 3131 2694 καὶ
3167 2644 3379 2717 σφαγεῖς
3427 2637 3629 2696 τούτων
3675 2641 3754 2697 ἱε-

2203 2736 2300 2809 ρεῖς
2330 2725 2419 2786 καὶ
2458 2725 2726 2806 προφήτας
2773 2722 3061 2802 ἠνάγκαζον
3092 2722 3352 2801 γίνεσθαι,
3390 2725 3484 2783 καὶ
3529 2729 3757 2804 γυμνοὺς

2196 2814 2452 2884 ἐξέὸαλον.
2536 2813 2759 2891 Λέγεται
2787 2814 2832 2870 δ’
2859 2811 2940 2870 ὅτι
2965 2811 3059 2883 τὴν
3099 2811 3364 2870 πολιτείαν
3400 2813 3494 2870 καὶ
3523 2812 3638 2881 τοὺς
3667 2816 3757 2873 νό-

2199 2924 2326 2979 μους
2358 2903 2528 2969 αὖτοῖς
2572 2900 2996 2978 καταὸαλόμενος
3022 2897 3209 2980 ἱερεὺς,
3254 2899 3312 2957 τὸ
3349 2899 3496 2980 γένος
3541 2899 3753 2961 Ἡλιου-

2206 2989 2449 3064 πολίτης,
2494 2990 2657 3067 ὄνομα
2702 2988 2999 3069 Ὀσαρσὶερ,
3039 2986 3143 3046 ἀπὸ
3187 2994 3277 3046 τοῦ·
3315 2992 3368 3047 ἐν
3417 2988 3757 3049 Ἡλιουπόλει

2195 3161 2493 3212 securissime
2513 3162 2823 3211 occultarent.
2847 3159 3018 3210 Filium
3047 3172 3161 3208 vero
3183 3157 3446 3209 Setbonem
3467 3196 3482 3220 ‚
3506 3160 3595 3222 qni
3612 3160 3755 3209 etiam

2197 3242 2440 3290 Ramesses
2451 3251 2481 3289 a
2495 3241 2699 3301 Rampse
2713 3237 2860 3302 patris
2871 3235 3064 3286 nomine
3077 3235 3363 3297 vocabatur,
3378 3249 3534 3299 quum
3543 3237 3758 3300 quinque

2196 3318 2318 3366 esset
2347 3328 2614 3377 annorum,
2636 3310 3062 3378 transportandum
3092 3313 3280 3362 curavit
3308 3313 3372 3362 ad
3393 3314 3627 3362 amicum.
3655 3317 3757 3376 lpse

2196 3402 2358 3449 autem
2376 3401 2699 3461 transgressus
2721 3411 2833 3447 cum
2852 3397 3022 3447 ceteris
3039 3395 3273 3459 AEgyptiis
3285 3430 3299 3454 ,
3321 3395 3385 3444 ad
3405 3398 3625 3445 trecenta
3649 3396 3759 3446 mil-

2198 3476 2259 3525 lia
2294 3476 2508 3525 virorum
2542 3475 2996 3537 pugnacissimorum
3015 3510 3029 3535 ‚
3065 3473 3281 3523 hostibus
3316 3472 3362 3522 ei
3394 3473 3598 3523 obviam
3624 3475 3759 3524 saetis

2199 3554 2366 3616 proelio
2386 3566 2484 3603 non
2506 3566 2785 3615 congressus
2809 3555 2918 3602 est:
2943 3551 3028 3602 sed
3063 3551 3164 3601 fore
3193 3552 3327 3601 ratus
3361 3554 3417 3601 ut
3439 3554 3616 3601 eontra
3645 3552 3762 3602 deos

2200 3634 2455 3694 pugnaret,
2474 3632 2736 3681 retrorsum
2753 3642 2974 3679 reversus
2987 3628 3232 3692 Memphin
3252 3628 3446 3691 petebat
3463 3648 3478 3679 z
3498 3634 3763 3693 asumpto-

2199 3722 2294 3772 que
2319 3709 2407 3771 Api
2427 3710 2478 3757 et
2494 3707 2690 3770 reliquis
2711 3706 2993 3756 animalibus
3010 3705 3156 3756 sacris
3171 3742 3186 3767 ,
3209 3718 3322 3767 quoe
3343 3705 3407 3755 ad
3427 3720 3484 3757 se
3502 3707 3764 3757 accen-sive·

2201 3790 2300 3850 rat,
2326 3800 2440 3837 mox
2458 3787 2509 3836 in
2529 3785 2818 3849 AEtbiopiam
2836 3798 2948 3834 cum
2969 3784 3204 3834 universis
3225 3784 3431 3834 navibus
3447 3788 3501 3834 et
3520 3786 3764 3848 AEgypuo·

2202 3879 2308 3914 rum
2333 3863 2640 3914 multitudine
2669 3876 2721 3913 se
2743 3863 3001 3912 transtulit.
3035 3860 3283 3911 Beneficiis
3305 3862 3433 3911 enim
3455 3862 3548 3925 ipsi
3586 3863 3765 3913 obstri-

2202 3946 2309 3992 ctus
2337 3944 2439 3991 erat
2465 3941 2743 4003 AEthiopnm
2779 3953 2865 3990 rex
2904 3959 2919 3989 ι
2953 3938 3081 3989 unde
3113 3952 3266 4001 quum
3299 3950 3412 3988 eum
3450 3940 3763 4002 suscepisset,

2204 4019 2531 4082 populumque
2552 4017 2830 4068 universum
2852 4016 3078 4066 omnibus
3112 4016 3251 4065 istius
3278 4015 3484 4078 regionis
3517 4016 3582 4065 ad
3609 4017 3764 4065 bomi-

2204 4112 2320 4146 num
2341 4097 2522 4144 victum
2549 4090 2826 4144 necessariis
2856 4094 3145 4155 excepisset,
3183 4094 3234 4142 et
3263 4092 3410 4142 urbes
3434 4095 3485 4142 et
3503 4093 3666 4149 vicos.
3683 4094 3766 4155 qui

2206 4177 2266 4225 ad
2292 4176 2432 4225 fatale
2465 4172 2585 4224 iliud
2611 4173 2839 4223 tredecim
2865 4184 3100 4221 annorum
3133 4171 3330 4222 exilium
3357 4171 3668 4232 sufficerent,
3687 4170 3767 4221 tri·

2205 4254 2286 4302 bui
2307 4252 2468 4315 Jussit‚
2488 4253 2543 4301 ut
2564 4254 2613 4300 et
2630 4250 2896 4300 exercitum
2929 4248 3252 4312 AEthiopicum
3265 4284 3282 4311 ,
3300 4248 3388 4311 qui
3419 4247 3474 4297 in
3493 4248 3766 4298 custodiam

2207 4329 2536 4391 amenopheos
2563 4339 2861 4390 suorumque
2891 4325 3120 4376 excubias
3137 4328 3299 4388 ageret
3315 4324 3378 4375 ad
3411 4324 3536 4375 fines
3553 4328 3766 4388 AEgypti.

2208 4409 2267 4457 st
2287 4406 2333 4455 in
2354 4404 2595 4468 AEthiopia
2617 4403 2810 4467 quidem
2829 4403 2935 4452 baec
2950 4405 3079 4466 gesta
3097 4404 3225 4452 sunt.
3248 4402 3499 4464 Solymitae
3517 4415 3637 4452 vero
3650 4440 3665 4465 ,
3687 4403 3765 4452 nbi

2205 4485 2549 4537 descenderant
2565 4497 2677 4533 cum
2691 4483 2887 4546 pollutis
2899 4482 3244 4545 Quorum,
3261 4480 3384 4529 adeo
3401 4480 3530 4531 male
3548 4481 3770 4531 homines

2207 4566 2499 4626 tractarunt,
2526 4566 2580 4613 ut
2610 4576 2777 4613 eorum
2800 4562 3002 4611 victoria
3035 4562 3237 4623 pessima
3262 4558 3358 4609 illis
3385 4559 3656 4622 videretur,
3687 4561 3768 4623 qui

2204 4646 2320 4693 tunc
2341 4654 2507 4690 eorum
2526 4640 2797 4702 impietates
2815 4637 3146 4700 inspiciebant.
3177 4635 3369 4687 Etenim
3390 4648 3492 4686 non
3510 4637 3671 4687 solum
3687 4650 3772 4685 ur·

2205 4720 2289 4769 bes
2314 4721 2364 4769 et
2381 4719 2514 4768 vicos
2533 4716 2847 4767 incenderunt
2858 4751 2874 4778 ,
2895 4727 3052 4779 neque
3068 4713 3313 4775 sacrilegia
3326 4713 3638 4763 committere
3650 4750 3666 4776 ,
3685 4716 3770 4763 aut

2205 4796 2407 4846 deorum
2429 4794 2686 4845 simulacra
2703 4796 2894 4844 vastare
2909 4793 3025 4842 satis
3041 4790 3307 4840 habebant:
3329 4789 3414 4841 sed
3431 4789 3606 4841 mem
3624 4791 3768 4840 aiam

2206 4873 2433 4924 continue
2449 4871 2710 4921 utebantur
2727 4869 2787 4920 ad
2803 4869 3028 4921 amandas
3039 4880 3207 4918 carnes
3222 4866 3507 4917 animalium
3520 4880 3769 4917 auorum

2207 4965 2317 5015 quae
2334 4951 2467 5001 cultu
2477 4949 2640 5000 divino
2653 4948 2998 5009 afficiebantur,
3013 4945 3181 5010 bisque
3193 4943 3466 4994 mactandis
3471 4944 3770 5007 iugulandis·

569 5026 633 5074 lio
651 5038 763 5074 cum
782 5026 1076 5091 principibus
1091 5041 1259 5077 eorum
1274 5066 1289 5090 ,
1310 5031 1359 5078 et
1376 5028 1600 5078 animalia
1623 5041 1757 5078 sacra
1769 5063 1783 5089 ,
1803 5028 2017 5078 maxime
2044 5028 2124 5078 illa
2208 5043 2303 5092 que
2328 5027 2599 5079 sacerdotes
2614 5029 2665 5076 et
2684 5028 2816 5076 vates
2839 5023 3056 5074 adhiberi
3081 5024 3366 5085 coegerunt,
3395 5022 3652 5084 nudosque
3673 5022 3768 5083 eje·

575 5117 685 5165 quae
720 5104 960 5168 praecipue
988 5107 1035 5155 in
1070 5106 1260 5169 templis
1294 5108 1592 5169 colebantur,
1625 5106 1685 5157 ad
1704 5122 1755 5157 se
1781 5107 2055 5168 arcessivi13
2078 5110 2126 5156 et
2209 5108 2393 5155 cerunt.
2417 5105 2602 5155 Dicitur
2620 5106 2783 5152 autem
2797 5100 2928 5165 quod
2942 5100 3215 5164 reipublicae
3231 5097 3452 5147 conditor
3467 5100 3574 5148 erat
3592 5098 3770 5161 legum·

571 5180 895 5234 sacerdotibus
910 5185 1148 5248 sigillatim
1165 5187 1392 5250 proecepit
1415 5189 1468 5235 ut
1486 5186 1739 5236 simulacra
1759 5186 1958 5237 deorum
1977 5200 2121 5249 quam
2164 5214 2172 5246 ,
2211 5198 2306 5248 que
2324 5185 2466 5244 lator,
2501 5180 2746 5245 sacerdos,
2766 5193 2937 5244 genere
2961 5176 3367 5242 HeliopolitanuS,
3398 5176 3600 5227 nomine
3623 5181 3770 5227 onr-
