4016 5916
491 313 605 405 ελκίῖΟ

1652 326 2093 389 DlCAEARcffl
2137 321 2432 382 MESSEN
2441 318 2494 378 11

492 472 732 536 λοτιαίαν
768 468 933 551 [μὲν]
966 469 1142 548 ἔγουσι
1182 469 1332 542 μᾷνον
1377 463 1573 544 ἀνδρῶν
1611 460 1701 518 καὶ
1739 457 2046 537 ἀνδριάντας
2138 461 2296 510 solum
2320 457 2583 507 ambitione
2602 457 2650 504 et
2670 454 2840 504 statuis
2857 454 3037 503 affabre
3051 452 3190 501 factis
3203 452 3538 502 memorabiles
3552 454 3714 510 sunt,

496 568 553 623 οὗ
581 535 982 635 πεποιημένους,
1010 536 1139 613 ἄλλο
1167 551 1331 610 οὐδέν.
1358 550 1646 628 Ἱστοροῧσι
1676 548 1721 604 δ’
1747 549 1795 604 οἱ
1822 545 2042 605 Βοιωτοὶ
2137 558 2255 608 nihil
2280 559 2518 621 praeierea
2539 556 2809 604 memoratu
2844 554 3041 616 dignum
3073 553 3319 602 habentes.
3357 554 3566 602 Narrant
3586 566 3716 606 vero

496 648 563 705 τὰ
595 646 710 705 κατ’
746 644 928 709 αὖτοὺς
963 641 1263 722 ὗπᾶρῖρντα
1291 637 1398 696 ἴδια
1430 634 1783 714 ἂκληρῆματα
1818 632 2051 707 λέγοντες
2141 658 2294 709 Boeoti
2312 657 2607 720 singularum
2630 654 2758 717 apud
2775 654 2904 717 ipsos
2929 654 3123 703 urbium
3142 652 3402 702 infortunia
3420 652 3718 714 hujusmodi

499 731 813 803 ταῦτα’,τὴν
853 731 947 807 μὲν
976 725 1375 807 αἰσχροκερδίαν
1405 731 1666 782 κατοικεῖν
1696 724 1748 780 ἐν
1786 721 2052 800 Ὠρωπῷ,
2141 754 2301 806 voeffis
2328 774 2343 804 ἶ
2363 755 2510 816 turpe
2535 752 2727 802 lucrum
2759 747 3116 800 mm
3146 746 3277 810 apud
3302 750 3547 809 oropum,
3573 747 3717 796 invt-

500 823 587 880 τὸν
625 815 679 878 δὶ
730 819 911 901 φθόνον
955 821 1007 876 ἐν
1048 814 1333 894 Τανάγρᾳ,
1364 811 1461 882 τὴν
1501 808 1813 891 φιλονεικίαν
1854 810 1905 865 ἐν
1945 808 2053 866 Os·
2144 853 2273 901 dim
2292 854 2554 914 Taum,
2574 846 2894 899 oontenfioffig
2915 844 3126 895 studium
3146 843 3273 906 apud
3295 843 3528 906 Thespias
3543 880 3560 906 ‚
3586 853 3719 905 pro-

503 915 697 979 σπιαῖς,
723 907 820 977 τὴν
850 904 997 984 ὅὸριν
1018 907 1069 961 ἐν
1097 902 1331 972 Θήόαις,
1351 898 1444 970 τὴν
1465 896 1760 964 πλεονεξίαν
1791 896 1842 953 ἐν
1871 894 2056 964 Ἀνθη-

504 995 638 1067 δόνι,
680 994 774 1065 τὴν
810 991 1110 1072 περιεργίαν
1139 992 1192 1048 ἐν
1235 986 1538 1065 Κορωνείᾳ,
1564 987 1617 1043 ἐν
1642 985 1937 1047 Πλαταιαῖς
1962 980 2058 1051 τὴν

507 1081 830 1157 ἀλαζονείαν,
862 1081 948 1139 τὸν
978 1076 1195 1158 πυρετὸν
1231 1078 1282 1133 ἐν
1315 1073 1629 1150 Ὀγχήστῳ,
1668 1070 1764 1141 τὴν
1805 1073 2059 1138 ἀναισθη-

507 1172 625 1240 σίαν
651 1173 704 1228 ἐν
720 1166 991 1247 Ἀλιάρτῳ.
1016 1165 1230 1226 Τάδ’ἐκ
1247 1161 1418 1232 πάσης
1440 1165 1532 1230 τῆς
1555 1159 1809 1223 Ἑλλάδος
1834 1156 2062 1235 ἀκληρή-

2148 946 2353 998 terviam
2375 944 2577 1004 Thebis,
2601 943 2915 1006 rapacitatem
2955 940 3083 1003 apud
3119 938 3447 989 Anthedonem
3462 976 3476 1002 ,
3503 937 3722 988 curiosi-

2147 1045 2303 1093 tatem
2321 1039 2451 1104 apud
2475 1042 2741 1090 Coroneam
2758 1074 2773 1098 ‚
2797 1036 3080 1100 jactantiam
3113 1033 3242 1097 apud
3265 1034 3499 1096 Plataeas,
3531 1034 3722 1083 febrim

2151 1143 2280 1208 apud
2302 1141 2595 1194 Onchestum
2611 1178 2625 1204 ,
2645 1139 2974 1203 stupiditatem
2997 1136 3121 1200 apud
3147 1136 3436 1186 Haliartum.
3459 1136 3550 1185 llla
3567 1135 3724 1184 infor·

510 1281 653 1335 ματα
679 1261 746 1322 εἷς
767 1254 861 1322 τὰς
882 1259 975 1325 τῆς
1002 1254 1249 1315 Βοιωτίας
1273 1251 1448 1314 πόλεις
1475 1247 1756 1327 κατερρύη.
1788 1244 1857 1304 Ὁ
1889 1246 2063 1323 στίχος
2151 1241 2285 1291 tunia
2312 1254 2339 1291 e
2362 1242 2463 1290 tota
2490 1240 2678 1289 Groecia
2719 1239 2769 1287 in
2794 1238 2991 1288 Boeotiae
3018 1236 3164 1286 urbes
3189 1236 3545 1287 confluxerunt.
3585 1236 3722 1286 Phe-

512 1343 875 1424 Φερεκράτους
890 1364 904 1378 ·

608 1488 798 1548 “Ἄνπερ
818 1485 982 1548 φρονῇς
1001 1481 1052 1531 εὗ
1066 1518 1081 1542 ,
1110 1486 1247 1544 φεῦγε
1270 1481 1352 1537 τὴν
1376 1478 1616 1526 Βοιωτίαν.
1672 1531 1679 1541 ,

514 1627 582 1687 Ἥ
612 1625 709 1704 μὲν
735 1615 821 1683 οἶν
846 1628 948 1681 τῶν
988 1625 1228 1682 Βοιωτῶν
1258 1620 1406 1700 χώρα
1437 1617 1667 1687 τοιαύτη.

594 1733 661 1772 2⁰.
707 1709 798 1779 Ἐξ
850 1709 1142 1780 Ἀνθηδόνος
1189 1710 1258 1774 εἰς
1306 1706 1547 1768 Χαλκίδα
1584 1703 1769 1761 στάδια
1808 1700 1876 1759 ο’·
1915 1701 2071 1781 μέχρι

516 1808 604 1860 τοῦ
644 1798 957 1876 Σαλγανέυ)ς
999 1797 1111 1863 ὁδὸς
1140 1795 1286 1875 παρὰ
1313 1795 1399 1854 τὸν
1430 1791 1666 1869 αἰγιαλὸν
1696 1788 1811 1848 λεία
1839 1812 1894 1847 τε
1922 1798 2070 1847 πᾶσα

517 1889 607 1947 καὶ
649 1885 889 1963 μαλακή·
918 1890 983 1964 τῇ
1021 1882 1116 1960 μὲν
1144 1883 1449 1954 καθήκουσα
1489 1882 1559 1945 εἷς
1588 1879 1878 1949 θάλατταν,
1908 1880 1974 1956 τῇ
2019 1874 2073 1933 δὲ

494 1975 631 2054 -ὄρος
658 1976 757 2052 οὐχ
781 1970 975 2052 ὑψηλὸν
1004 1970 1097 2048 μὲν
1122 1969 1316 2049 ἔχουσα
1332 2015 1350 2045 ,
1376 1967 1559 2027 λάσιον
1589 1964 1643 2026 δὲ
1671 1964 1760 2023 καὶ
1786 1962 1940 2022 ὕδασι
1968 1987 2073 2032 πη-

518 2062 683 2140 γαίοις
731 2060 1070 2138 κατάρρυτον.
1113 2060 1201 2136 (27)
1243 2056 1311 2117 Ἦ
1341 2055 1394 2114 δὲ
1434 2058 1536 2113 τῶν
1577 2052 1884 2114 Χαλκιδέων
1929 2050 2077 2114 πόλις

522 2149 637 2206 ἐστὶ·
666 2147 760 2224 μὲν
789 2146 1012 2205 σταδίων
1044 2144 1106 2217 ο’,
1149 2144 1336 2223 μείζων
1364 2146 1455 2212 τῆς
1486 2139 1535 2208 ἐξ
1564 2136 1858 2209 Ἀνθηδόνος
1885 2141 1956 2203 εἰς
1982 2137 2078 2193 αὖ·

520 2233 613 2305 τὴν
640 2234 910 2316 κφερούσης
942 2235 1086 2291 ὁδοῦ·
1124 2230 1383 2313 γεώλοφος
1420 2228 1473 2286 δὲ
1520 2236 1668 2285 πᾶσα
1702 2225 1791 2283 καὶ
1836 2223 2074 2296 σύσκιος,

522 2323 687 2380 ὕδατα
720 2321 912 2400 ἔχουσα
942 2318 1007 2379 τὸι
1038 2317 1132 2397 μὲν
1160 2317 1331 2378 πολλὰ
1361 2318 1533 2378 ἁλυκὰ
1558 2363 1574 2392 ,
1610 2314 1661 2373 ἒν
1691 2314 1734 2372 δ’
1777 2313 1950 2392 ἡσυχῇ
1983 2310 2077 2386 μὲν

523 2409 823 2481 ὖπόπλατυ,
866 2412 931 2486 τῇ
962 2405 1016 2466 δὲ
1053 2405 1206 2486 χρεία
1236 2402 1453 2482 ὑγιεινὸν
1487 2403 1575 2461 καὶ
1603 2399 1841 2482 ψυχρὸν,
1872 2401 1931 2457 τὸ
1973 2398 2079 2455 ἀπὸ

522 2499 613 2566 τῆς
657 2496 850 2575 κρήνης
880 2497 972 2564 τῆς
1008 2490 1334 2569 καλουμένης
1377 2487 1677 2568 Ἀρεθούσης
1720 2485 1861 2566 ῥέον,
1901 2482 2077 2542 ἱκανὸν

500 2582 644 2661 ,[ὡς]
672 2581 961 2658 δυναμένης
988 2577 1235 2657 παρέχειν
1259 2576 1317 2632 τὸ
1340 2574 1443 2631 ἀπὸ
1464 2579 1557 2644 τῆς
1580 2577 1750 2650 πηγῆς
1771 2580 1913 2649 νδῖμα
1947 2579 2080 2628 πᾶσι

525 2674 630 2736 τοῖς
664 2668 759 2738 τὴν
794 2667 945 2725 πόλιν
974 2668 1323 2722 κατοικοῦσιν.
1358 2663 1447 2739 (28)
1484 2659 1594 2720 Kal
1622 2667 1726 2726 τοῖς
1757 2662 1940 2726 κοινοῖς
1963 2657 2017 2717 δὲ
2046 2662 2079 2729 ἡ

526 2755 672 2822 πόλις
718 2751 971 2834 διαφόρως
1022 2747 1438 2808 κατεσκεύασται
1484 2746 1820 2823 γυμνασίοις,
1869 2749 2074 2820 στοαῖς,

526 2845 708 2920 ἱεροῖς,
733 2841 995 2918 θεάτροις,
1020 2837 1270 2916 γραφαῖς,
1298 2833 1569 2912 ἀνδριάσι,
1605 2837 1669 2912 τῇ
1699 2833 1744 2891 τ’
1770 2835 1937 2912 ἀγορᾷ
1965 2856 2079 2890 κει-

530 2928 661 3008 μένῃ
707 2928 835 3005 πρὸς
879 2925 971 2992 τὰς
1009 2928 1110 2983 τῶν
1154 2924 1407 3003 ἐργασιῶν
1437 2920 1614 3000 χρείας
1657 2920 2077 3001 ἀνυπερὸλήτως.

533 3017 627 3093 (2⁹)
660 3014 727 3073 ‘O
752 3013 853 3092 γὰρ
881 3013 1100 3071 ἀπὸτοῦ
1140 3016 1235 3081 τῆς
1266 3010 1514 3075 Βοιωτίας
1536 3009 1847 3087 Σαλγανέως
1873 3010 1962 3067 καὶ
1990 3014 2082 3079 τῆς

532 3105 634 3158 τῶν
674 3099 917 3161 Boeotum
946 3099 1204 3167 θαλάττης
1252 3101 1366 3179 ῥοῦς
1405 3099 1476 3163 εἷς
1520 3096 1580 3153 τὸ
1609 3096 1736 3154 αὐτὸ
1765 3094 2082 3172 συμὸάλλων

533 3276 685 3330 quum
719 3266 957 3329 praecedat
991 3268 1092 3327 μέν.
1124 3265 1271 3325 Magis
1293 3265 1439 3313 etiam
1466 3266 1733 3325 suspectam
1769 3264 1923 3313 liabeo
1958 3267 2080 3326 part.

535 3339 618 3395 οὐ,
655 3350 745 3385 nec
776 3336 946 3384 dubito
971 3335 1088 3398 quin
1129 3336 1305 3384 mutari
1339 3335 1387 3383 in
1421 3334 1470 3383 εὖ
1494 3334 1683 3383 debeat.
1722 3354 1745 3376 υ
1778 3334 2085 3395 Stephanus.

538 3407 811 3456 Holstenius
826 3405 938 3468 legit
960 3424 974 3454 ι
995 3408 1050 3455 Θ.
1067 3406 1161 3467 φιλ.
1184 3406 1266 3467 μὲν
1289 3405 1467 3467 ἔχουσι,
1491 3404 1673 3466 μνήμην
1695 3404 1888 3466 ἀνδρῶν,
1910 3404 2024 3452 ἄλλο
2040 3403 2089 3452 δὲ

537 3477 686 3525 οὐδέν.
716 3478 942 3524 Ceterum
967 3478 1088 3537 part.
1116 3476 1190 3534 δὲ,
1206 3487 1354 3537 quam
1377 3473 1612 3522 editionoe
1629 3472 1884 3531 exhibent,
1904 3473 1955 3521 in
1977 3472 2088 3522 cod.

538 3546 695 3606 deest;
712 3545 844 3607 quod
867 3546 1021 3607 ipsum
1042 3544 1216 3593 indicio
1234 3547 1307 3594 est
1321 3544 1600 3606 particulam
1622 3543 1704 3605 μὲν
1726 3542 1840 3591 olim
1858 3542 2089 3602 demisse,

538 3619 693 3664 ortam
714 3628 828 3664 vero
847 3627 947 3664 oese
965 3627 1029 3662 ex
1048 3613 1367 3675 dittographia
1388 3613 1574 3661 voculae
1597 3614 1752 3676 μόνον.
1773 3616 1935 3670 Quare
1958 3612 2093 3660 uncis

540 3685 721 3733 inclusi.
740 3689 961 3733 Osannus
982 3683 1166 3733 restitui
1181 3684 1285 3732 vult
1306 3702 1319 3732 :
1341 3684 1432 3745 φιλ.
1452 3683 1614 3744 ἔχουσι
1630 3682 1771 3745 μόνον
1789 3682 2091 3746 ἀνδριάντων,

540 3754 652 3801 ἄλλο
684 3753 732 3802 δὲ
756 3754 914 3814 οὐδέν;
937 3753 1111 3814 quibus
1140 3753 1190 3801 in
1213 3756 1329 3802 nota
1352 3753 1601 3814 marginali
1629 3752 1892 3814 ascriptum
1926 3752 2094 3800 fuisset

543 3825 682 3883 ἤγουν
702 3823 966 3886 ἀνδριάντας
999 3821 1050 3870 εὖ
1070 3823 1437 3885 πεποιημένους;
1463 3820 1636 3869 deinde
1667 3834 1782 3869 vero
1814 3820 2093 3886 ἀνδριάντων

541 3896 589 3940 in
612 3892 805 3955 ἀνδρῶν,
830 3894 972 3953 Ιἤγουν
1010 3894 1171 3940 autem
1194 3891 1247 3940 in
1277 3893 1356 3939 καὶ
1390 3893 1634 3939 mutatum
1662 3903 1792 3950 esse,
1818 3892 1964 3952 atquc
1988 3893 2092 3937 tum

540 3963 745 4026 glossam
766 3961 814 4009 in
834 3965 1022 4009 textum
1042 3962 1298 4023 irrepsisse.
1324 3961 1469 4017 Quod
1486 3961 1648 4023 paullo
1667 3962 1851 4022 longius
1868 3961 2090 4022 petitum.

542 4035 847 4091 Quamquam
866 4031 1014 4079 verba
1036 4032 1297 4093 φιλοτιμίαν
1319 4031 1458 4094 μόνον
1477 4031 1652 4093 ἀνδρῶν
1672 4030 1798 4079 male
1820 4043 1871 4079 se
1895 4031 2090 4079 habent.

540 4103 707 4169 Neque
738 4100 866 4148 enim
901 4101 1131 4148 virtutem
1169 4100 1411 4162 permagni
1441 4100 1703 4149 faciendam
1729 4100 2095 4149 commemorari

541 4171 816 4232 exspectas,
840 4168 925 4217 sed
949 4181 1050 4218 rem
1078 4170 1309 4218 momenti
1330 4169 1540 4227 minimi,
1566 4170 1686 4219 adeo
1704 4171 1761 4219 ut
1786 4175 1953 4219 auctor
1975 4182 2094 4217 non·

542 4239 629 4288 nisi
655 4240 701 4288 ἐν
723 4238 915 4302 παρόδῳ
950 4240 1026 4288 vel
1046 4239 1098 4287 in
1120 4239 1379 4301 appendice
1408 4240 1699 4290 mentionem
1733 4241 2093 4302 Thespiensium

545 4309 808 4358 taciendam
829 4322 928 4357 esse
948 4308 1305 4358 existimaverit.
1325 4313 1434 4358 ‚lam
1453 4322 1606 4371 quum
1635 4311 1756 4358 infra
1783 4310 1841 4372 (§
1870 4312 1956 4371 25)
1976 4311 2094 4359 The·

544 4379 809 4440 spiensibus
835 4380 1088 4440 φιλονεικία
1110 4379 1380 4441 tribuatur,
1414 4381 1650 4443 φιλοτιμία
1688 4394 1801 4428 vero
1833 4393 1926 4428 vox
1970 4380 2097 4428 nude

546 4448 698 4509 posita
727 4448 775 4495 in
804 4448 935 4495 hunc
968 4461 1160 4497 sensum
1184 4462 1337 4503 ‚nemo
1376 4449 1606 4509 traxerit,
1645 4450 1748 4510 ipso
1789 4452 1954 4498 nostro
1990 4448 2098 4497 loco

545 4518 797 4580 φιλονεικία
818 4518 1089 4578 reponenda
1116 4517 1262 4567 videri
1288 4520 1463 4580 possit;
1484 4524 1557 4567 sin
1582 4519 1786 4581 genuina
1806 4532 1901 4567 vox
1922 4520 2095 4576 φιλοτι-

547 4588 633 4650 μία
656 4588 727 4636 est
741 4624 756 4649 ,
775 4587 949 4650 ἀνδρῶν
983 4588 1126 4637 suerit
1144 4590 1396 4651 corrupta;
1418 4590 1568 4650 possis
1588 4588 1923 4652 ἀλεκτρυόνων,
1944 4589 2020 4637 vel
2049 4593 2098 4637 αἰ

547 4658 636 4718 γὰρ
657 4660 713 4706 6.
746 4660 836 4718 φιλ.
856 4658 996 4719 μόνον
1016 4659 1176 4721 ἔχουσι
1218 4660 1411 4721 ἀγώνων
1444 4659 1773 4721 ἀλεκτρυόνων.
1794 4685 1859 4695 -
1879 4678 1903 4702 τι
1928 4657 2101 4708 Verbis

548 4725 813 4789 ἀνδριάντας
833 4728 888 4774 οὐ
904 4742 1017 4777 πεπ.
1052 4728 1364 4791 Tliespienses
1380 4729 1507 4791 ipsos
1537 4729 1789 4789 significari
1815 4726 2099 4790 coniecerim

550 4808 730 4855 eosque
755 4798 938 4845 statuas
968 4810 1065 4846 non
1099 4799 1248 4849 factas
1270 4799 1350 4847 sed
1378 4799 1560 4861 genitas
1578 4837 1591 4861 ,
1613 4803 1748 4849 natas
1766 4799 2051 4863 nuncupari.
2074 4818 2099 4845 υ

551 4864 714 4914 F'uhr.
757 4865 895 4913 Haud
937 4868 1098 4917 minus
1131 4870 1254 4918 mire
1291 4869 1536 4918 celidonio
1570 4871 1714 4919 vertit
1745 4890 1757 4919 ε
1795 4873 1966 4919 statue
1999 4882 2098 4920 non

551 4932 785 4996 perfecte.
820 4934 1082 4996 acquiesco
1112 4938 1162 4986 in
1190 4938 1415 5001 Stephani
1448 4940 1754 5001 coniectura,
1783 4952 1845 4989 ne
1876 4939 2102 4989 audacior

552 5002 733 5065 videar.
768 5005 1075 5067 Quamquam
1107 5009 1390 5056 sententiam
1425 5010 1577 5058 multo
1610 5010 1858 5058 meliorem
1892 5010 2100 5058 eruerim

548 5072 835 5147 fflfbendo:
858 5074 939 5122 καὶ
960 5075 1199 5139 ἀνδριάντα
1222 5085 1305 5126 τοῦ
1328 5080 1647 5141 Πραξιτέλους.
1672 5083 1807 5129 Hane
1824 5093 1967 5128 unam
1995 5081 2097 5129 sta-

2157 1342 2355 1391 recratis
2370 1353 2537 1390 versus
2562 1358 2576 1390 ι

2263 1470 2477 1516 noeotiam
2495 1471 2651 1514 caveto
2665 1501 2677 1524 ,
2697 1468 2730 1511 si
2753 1471 2873 1512 recte
2892 1465 3024 1523 sapis.

2156 1617 2284 1668 Talis
2309 1615 2503 1678 quidem
2533 1616 2809 1666 Boeotorum
2828 1613 2969 1674 regio.

2222 1711 2297 1754 26.
2334 1703 2408 1754 Ab
2450 1701 2734 1753 Anthedone
2772 1699 2833 1750 ad
2874 1697 3155 1749 Chalcidem
3191 1697 3344 1747 stadia
3383 1698 3723 1761 septuaginta;

2159 1809 2313 1858 usque
2339 1795 2400 1845 ad
2426 1795 2709 1856 Salganeum
2732 1792 2979 1841 tumulum
3005 1791 3084 1838 via
3105 1789 3248 1851 juxta
3271 1789 3385 1837 litus
3409 1789 3533 1838 laeva
3559 1791 3728 1839 omnis

2162 1886 2211 1933 et
2226 1884 2399 1943 molliS,
2421 1883 2483 1932 ab
2502 1883 2651 1931 altera
2671 1883 2806 1943 parte
2825 1879 2888 1928 ad
2909 1891 3041 1927 mare
3065 1889 3278 1938 vemens
3291 1913 3305 1937 ,
3331 1876 3394 1925 ab
3413 1877 3562 1926 altera
3583 1891 3723 1928 mon·

2161 1972 2261 2020 tem
2297 1970 2478 2019 habens
2504 1982 2600 2018 non
2633 1969 2785 2018 altum
2821 1967 2988 2024 illum,
3021 1964 3271 2014 arboribus
3301 1977 3417 2013 vero
3446 1966 3632 2014 tectum
3673 1969 3725 2017 et

2162 2070 2397 2121 aquarum
2439 2057 2654 2106 sontibus
2699 2054 2966 2116 irrigatum.
3017 2053 3112 2114 (27)
3162 2051 3288 2101 Urbs
3332 2051 3726 2102 Chalcidensium

2164 2145 2365 2194 circuitu
2380 2148 2450 2194 est
2469 2143 2728 2193 stadiorum
2743 2140 3038 2203 septuaginta
3051 2153 3161 2201 quae
3176 2138 3416 2188 excedunt
3436 2139 3575 2202 (quoe
3588 2153 3724 2191 πω.

2165 2235 2400 2296 quante)
2446 2229 2792 2294 longitudinem
2813 2228 2906 2276 vine
2941 2240 3052 2289 quae
3083 2226 3145 2275 ab
3166 2226 3444 2276 Anthedone
3470 2226 3532 2276 ad
3567 2228 3726 2290 ipsam

2165 2318 2315 2368 ducit.
2364 2318 2554 2369 clivosa
2593 2317 2696 2366 tota
2739 2317 2811 2364 est
2849 2315 2899 2363 et
2931 2313 3182 2362 arboribus
3217 2313 3531 2374 obumbrata;
3570 2329 3728 2378 aquas

2165 2407 2312 2457 habet
2341 2406 2569 2469 plurimas
2604 2404 2800 2467 quidem
2818 2402 2990 2465 salsaS,
3015 2414 3161 2450 unam
3184 2404 3349 2451 autem
3367 2414 3477 2463 quae
3500 2401 3589 2451 etsi
3621 2403 3727 2465 ipsa

2166 2507 2361 2557 quoque
2382 2492 2581 2543 subsalsi
2602 2491 2832 2554 quiddam
2856 2489 3027 2550 babet,
3049 2491 3212 2538 tamen
3233 2502 3325 2538 usu
3349 2488 3551 2538 salubris
3576 2493 3650 2539 est
3675 2493 3728 2539 et

2167 2581 2334 2645 frigida
2348 2619 2361 2642 ,
2377 2583 2428 2630 et
2446 2580 2633 2643 copiose
2647 2578 2766 2628 adeo
2783 2579 2947 2627 manat
2961 2590 2990 2626 a
3013 2576 3143 2626 sonte
3161 2576 3392 2626 Arethusa
3405 2613 3420 2638 ,
3441 2579 3496 2625 ut
3511 2576 3724 2628 sufficiat

2167 2669 2393 2718 omnibus
2427 2667 2563 2717 urbis
2597 2667 2783 2715 incolis.
2822 2664 2920 2728 (28)
2964 2663 3172 2714 Publicis
3208 2676 3402 2727 quoque
3431 2666 3717 2714 ornaments

2169 2754 2364 2806 abunde
2383 2754 2498 2804 urbs
2525 2753 2760 2803 instructa
2777 2752 2851 2802 est
2866 2788 2881 2815 ,
2901 2752 2956 2800 ut
2979 2750 3261 2814 gymnasiis,
3285 2750 3570 2814 porticibus,
3593 2753 3726 2802 tem—

2169 2842 2286 2904 plis,
2318 2842 2545 2903 theatris,
2573 2841 2798 2904 picturis,
2828 2842 3030 2906 statuis,
3065 2842 3168 2892 t'oro
3193 2842 3401 2905 denique
3427 2842 3565 2904 cujus
3603 2842 3730 2892 situs

2169 2931 2494 2980 mercatorum
2519 2928 2580 2980 ad
2611 2941 2726 2980 usus
2755 2929 3053 2980 commodior
3075 2942 3177 2981 esse
3211 2931 3408 2980 omnino
3425 2943 3521 2981 non
3555 2931 3725 2994 possit.

2177 3018 2276 3081 (29)
2320 3021 2441 3067 Nam
2479 3017 2562 3079 qui
2598 3030 2629 3066 a
2677 3019 2904 3080 Salganeo
2939 3019 3136 3068 Boeotiae
3176 3020 3226 3067 et
3251 3031 3281 3067 a
3314 3020 3436 3067 mari
3474 3018 3730 3068 Euboeensi

2169 3106 2371 3156 veniunt
2381 3104 2539 3154 fluxus
2549 3104 2718 3154 marini
2736 3106 2784 3154 in
2797 3118 2949 3154 unum
2966 3108 3193 3155 coeuntes
3211 3119 3296 3169 per
3313 3107 3540 3168 Euripum
3561 3105 3726 3154 remn-

2177 3267 2314 3312 tuam
2347 3262 2546 3312 indicari
2567 3264 2668 3312 veri
2691 3263 2987 3312 simillimum
3011 3268 3102 3313 est.
3132 3264 3305 3313 strabo
3333 3267 3394 3313 lx
3412 3302 3427 3320 .
3455 3278 3502 3326 p.
3529 3268 3617 3313 416
3643 3284 3655 3313 z
3677 3268 3728 3313 αι

2179 3335 2380 3385 θεσπιαὶ
2412 3333 2635 3398 πρότερον
2655 3334 2736 3396 μὲν
2761 3334 3058 3397 ἐγνωρίζοντο
3090 3336 3166 3382 διὰ
3192 3336 3272 3382 τὸν
3294 3336 3481 3397 Ἔρωτα
3498 3340 3581 3382 τοῦ
3597 3337 3724 3397 Πρασ

2178 3406 2431 3463 ξιτέλους...
2465 3398 2695 3467 Πρότερον
2724 3405 2805 3468 μὲν
2825 3403 2907 3453 οὗν
2932 3405 3174 3453 ἀνέὸαινον
3204 3405 3279 3453 ἐπὶ
3308 3406 3391 3462 τὴν
3418 3406 3543 3464 θέαν,
3577 3405 3725 3460 ἄλλως

2179 3477 2266 3525 οὐκ
2285 3475 2431 3524 οὖσαν
2454 3474 2731 3531 ἀξιοθέατον.
2762 3475 2836 3524 Cf.
2863 3473 2982 3523 plin.
3010 3476 3162 3524 xxvl
3181 3512 3195 3538 ,
3233 3483 3291 3538 ὃς
3322 3475 3563 3524 Plutarch.
3598 3478 3724 3527 Eroi-

2177 3546 2306 3606 init.;
2321 3538 2524 3593 Pausan.
2544 3547 2625 3605 ΙΧ,
2647 3551 2706 3594 26
2723 3561 2737 3605 ;
2757 3544 2897 3593 Phot.
2918 3543 3040 3594 Bibl.
3063 3558 3110 3606 p.
3138 3548 3240 3595 ¹³4.
3261 3571 3324 3582 —
3341 3544 3695 3608 αἰσχροκερδίαν
3714 3582 3728 3605 ,

2180 3613 2309 3672 cod,
2346 3616 2720 3679 αἰσχροκέρδειαν
2756 3614 2890 3664 editt.
2933 3640 2999 3651 —
3028 3613 3378 3678 Φερεκράτους]
3428 3628 3476 3663 v,
3519 3616 3724 3665 Meinelt.

2181 3686 2322 3734 Com.
2357 3688 2478 3733 tom.
2504 3688 2581 3745 11,
2607 3698 2654 3746 p.
2689 3687 2810 3745 343,
2836 3685 2894 3734 fr.
2920 3688 2970 3733 7.
2999 3708 3064 3720 --
3087 3687 3305 3733 Βοιωτῶν
3337 3684 3468 3746 χώρα
3494 3684 3724 3747 τοιαύτη]

2184 3771 2208 3794 κ
2230 3754 2397 3802 Miram
2413 3756 2574 3804 autem
2593 3767 2739 3816 quam
2760 3756 2979 3804 Osannus
2999 3754 3258 3804 rectissime
3277 3753 3392 3801 dicit
3412 3752 3556 3811 viam,
3578 3766 3736 3811 quam

2182 3824 2504 3886 topographus
2527 3825 2575 3872 in
2601 3823 2786 3872 Boeotia
2803 3822 3112 3873 describenda
3135 3822 3365 3884 sequitur,
3388 3820 3476 3868 soli
3497 3824 3732 3883 compila-

2181 3891 2274 3939 tori
2294 3892 2570 3953 gravissima
2587 3893 2688 3942 sine
2707 3895 2837 3942 certo
2856 3892 3023 3942 ordine
3041 3891 3330 3953 excerpenti,
3349 3902 3443 3937 non
3455 3893 3736 3953 geograpbo

2182 3959 2459 4010 Dicaearcho
2475 3960 2680 4010 vindico.
2709 3981 2733 4005 ν
2761 3961 2922 4012 Fultr.

2245 4035 2321 4079 26.
2342 4030 2579 4096 λάσιον]
2599 4031 2896 4091 Holstenius;
2917 4031 3081 4081 ἆλσιον
3096 4029 3241 4080 codex
3259 4046 3274 4090 ς
3293 4028 3452 4077 ἄλσεσι
3470 4028 3565 4078 oet.
3588 4029 3731 4080 editt.

2180 4126 2246 4136 —
2269 4105 2345 4151 27.
2367 4102 2566 4150 σταδίων
2592 4099 2649 4162 ο’,
2686 4101 2888 4164 μείζων]
2921 4101 3065 4151 suerit
3086 4119 3161 4151 στ.
3205 4099 3270 4149 06·
3297 4100 3369 4148 vel
3393 4098 3484 4157 οη’.
3523 4100 3735 4151 Fuhrius

2183 4169 2306 4219 inter
2328 4171 2418 4220 alia
2441 4173 2703 4234 proponite:
2728 4189 2800 4221 στ.
2822 4170 2875 4231 ο’,
2893 4173 2947 4221 οὐ
2968 4173 3163 4234 μείζωνς
3188 4170 3342 4234 aptius
3359 4172 3460 4218 tum
3476 4183 3591 4219 vero
3609 4169 3740 4221 foret

2186 4242 2344 4303 μείων.
2364 4268 2429 4279 —
2448 4241 2800 4307 ὒπόπλατυ]
2833 4244 2925 4292 ὑπὸ
2958 4243 3109 4291 πλάτυ
3136 4241 3315 4302 codex,
3338 4240 3577 4302 ὑπόγλυκυ
3603 4242 3735 4302 conj.

2187 4314 2419 4374 Gronov,
2448 4312 2681 4374 Hudson.,
2717 4314 2845 4362 Gaii.
2880 4312 3062 4376 absque
3085 4324 3246 4361 caiisa.
3274 4337 3340 4348 —-
3360 4311 3695 4374 δυναμένης
3719 4312 3738 4375 J

2185 4381 2241 4429 οὐ
2267 4380 2519 4444 δυνάμενον
2555 4382 2683 4444 conj.
2712 4380 2993 4431 Vulcanius.
3025 4383 3208 4431 Vocem
3234 4380 3515 4440 ejiciendam
3550 4378 3736 4428 censuit

2189 4451 2489 4510 liolstenius;
2509 4454 2615 4502 tum
2643 4464 2759 4501 vero
2792 4451 2935 4499 simul
2960 4450 3105 4500 etiam
3130 4450 3352 4510 eiecerim
3383 4450 3606 4499 voculam
3637 4450 3738 4510 ὡς,

2185 4533 2330 4583 quam
2362 4520 2507 4571 etiam
2532 4522 2683 4571 solam
2703 4521 2896 4582 ejecisse
2926 4520 3118 4570 sufficit.
3139 4524 3235 4583 Ego
3259 4519 3396 4568 uncis
3420 4532 3524 4569 eam
3543 4518 3733 4568 inclusi.

2187 4595 2410 4641 Celerum
2429 4591 2542 4640 olim
2557 4590 2697 4640 fuisse
2713 4594 2831 4654 puto
2848 4593 3043 4646 εἱκανῶς
3053 4591 3320 4651 δυναμένης.
3334 4595 3485 4639 -28,
3504 4588 3735 4650 κειμένῃ

2185 4661 2451 4710 Vulcanius
2465 4661 2687 4722 κειμένων
2713 4658 2891 4721 codem
2911 4661 3101 4721 κειμένη
3129 4663 3162 4708 F
3166 4660 3274 4706 uhr.
3293 4684 3358 4694 -
3375 4663 3452 4708 29.
3475 4657 3623 4705 κατὰ.
3637 4658 3737 4706 τὸν

2189 4729 2360 4795 Εὖρ.]
2385 4735 2562 4791 Marx.;
2579 4732 2658 4779 καὶ
2676 4746 2722 4779 τ.
2747 4733 2801 4778 Ε.
2823 4730 2995 4780 codex.
3018 4730 3176 4779 Verba
3198 4734 3279 4786 τῆς
3297 4732 3390 4775 τῶν
3419 4722 3632 4777 sasaim
3657 4729 3736 4783 θα-

2186 4802 2351 4859 λάττης
2383 4802 2492 4865 ῥοῦς
2520 4801 2584 4849 ita
2618 4798 2824 4862 intellige
2858 4802 2915 4850 ut
2949 4800 3215 4861 significent
3248 4797 3393 4847 maris
3425 4797 3609 4846 fluxum
3649 4797 3737 4859 qui

2183 4871 2324 4934 juxta
2361 4884 2498 4920 oram
2535 4870 2796 4921 Euboicam
2833 4870 3003 4929 fertur,
3028 4868 3145 4918 dum
3184 4870 3303 4917 alter
3338 4869 3413 4917 est
3443 4879 3592 4929 prope
3622 4866 3740 4915 litus

2189 4941 2467 4991 Bmoticum.
2501 4944 2701 4992 Sensum
2742 4939 2891 4989 totius
2933 4938 3085 4988 nostri
3129 4939 3223 4987 loci
3257 4939 3577 4987 Buttmannus
3608 4935 3740 4985 hunc

2189 5023 2290 5060 esse
2308 5011 2473 5060 statuit
2502 5029 2514 5059 :
2544 5030 2566 5052 κ
2590 5009 2771 5058 fluxum
2795 5009 2988 5057 Euboici
3015 5008 3158 5056 maris
3175 5020 3204 5056 a
3230 5005 3570 5069 septemtrione
3595 5005 3740 5054 meri·

2188 5080 2315 5130 diem
2345 5094 2507 5130 versus
2535 5079 2645 5130 ferri
2676 5078 2937 5129 secundum
2964 5079 3160 5128 Boeotiae
3193 5080 3242 5127 et
3275 5075 3472 5127 Euboeae
3505 5087 3615 5125 oras
3635 5094 3653 5139 ς
3671 5075 3738 5123 ad
