4016 5916
717 472 1695 617 [DOMENEUS
1780 467 3042 611 LAMPSACENUS.

366 1038 700 1094 Idomeneus
730 1031 792 1110 ς’)
827 1034 970 1087 inter
996 1033 1143 1090 cives
1178 1033 1584 1106 Lampsacenos
1623 1028 1839 1104 generis

283 1126 577 1180 nobilitate
627 1132 683 1177 ct
734 1120 1021 1194 opulentia
1064 1120 1431 1193 conspicuus3
1480 1117 1686 1172 clarior
1730 1133 1798 1170 eo
1818 1156 1833 1182 ,

284 1211 445 1286 quod
482 1209 709 1282 Epicuri
737 1225 855 1263 non
875 1207 1056 1261 solum
1074 1206 1413 1282 magisterio,
1441 1203 1540 1259 sed
1563 1205 1726 1259 etiam
1757 1203 1839 1256 fa-

282 1299 599 1355 miliaritate
620 1313 748 1351 usus
774 1304 872 1350 est.
896 1296 961 1348 In
989 1292 1335 1368 disciplinam
1354 1292 1695 1366 philosopho
1719 1300 1838 1345 tum

281 1406 341 1442 se
357 1384 576 1458 juvenis
603 1382 817 1438 dedisse
837 1380 1081 1450 videtur,
1105 1400 1280 1455 quum
1311 1380 1601 1453 Lampsaci
1623 1377 1716 1433 ille
1736 1377 1842 1432 do-

283 1489 413 1527 cere
437 1480 685 1543 coeperat
725 1467 867 1542 (310
896 1484 947 1522 a.
976 1465 1095 1542 C.).
1122 1465 1502 1540 Quadraginta
1533 1466 1690 1546 annis
1713 1473 1842 1538 post

291 1557 440 1634 (270
470 1575 520 1615 a.
548 1554 636 1630 C.)
675 1555 949 1628 Epicurus
985 1554 1173 1609 literas
1211 1553 1282 1608 ad
1314 1552 1682 1607 Idomeneum
1710 1551 1840 1606 scri-

284 1647 420 1719 psit,
445 1643 650 1717 quibus
675 1639 1047 1696 moribundus
1067 1658 1232 1695 senex
1275 1639 1550 1712 discipulo
1579 1649 1634 1693 et
1662 1637 1841 1693 amico

287 1729 582 1800 valedicit,
614 1745 872 1801 curaeque
899 1726 1016 1799 ejus
1030 1725 1386 1782 commendat
1410 1726 1616 1781 liberos
1642 1726 1845 1779 Metro·

289 1819 450 1886 dori,
486 1816 643 1888 cujus
674 1832 929 1871 sororem
967 1812 1220 1871 Batidem
1250 1812 1582 1869 Idomeneus
1609 1829 1845 1866 uxorem

289 1907 542 1960 duxerat.
587 1906 670 1960 Ex
707 1903 794 1957 bis
829 1901 900 1957 de
950 1912 1137 1971 aetate,
1171 1918 1282 1974 qua
1320 1899 1578 1956 floruerit
1620 1898 1846 1954 Idome-

289 2012 454 2061 neus,
497 1993 624 2047 satis
661 1991 838 2062 liquet
882 1986 1250 2062 (310—270.
1282 1991 1350 2045 V.
1388 1988 1632 2044 Clinton.
1661 1987 1726 2042 F.
1769 1987 1843 2041 11.

296 2079 367 2134 ad
383 2081 439 2134 h.
464 2097 514 2135 a.
532 2077 573 2151 ).
605 2077 759 2147 Quot
791 2091 967 2129 annos
983 2085 1112 2147 post
1125 2085 1366 2128 mortem
1383 2075 1631 2148 magistri
1654 2074 1711 2126 in
1729 2069 1844 2125 vit‘a

291 2166 568 2240 exegerit,
598 2161 895 2217 nescimus.

371 2252 567 2306 Patriae
595 2248 751 2304 urbis
770 2265 1016 2302 summus
1038 2248 1384 2322 magistratus
1409 2248 1523 2302 sive
1557 2246 1851 2320 praefectus

291 2357 355 2393 ac
386 2348 597 2393 tantum
616 2354 735 2390 non
763 2344 1027 2407 tyrannus
1051 2334 1214 2390 fuisse
1236 2334 1482 2408 videtur.
1501 2333 1717 2408 Rigidae
1744 2350 1849 2405 po·

293 2426 475 2480 tentiae
498 2424 811 2480 ministrum
843 2422 1090 2496 appellat
1109 2423 1340 2480 Seneca.
1374 2421 1514 2478 Cum
1552 2420 1853 2495 splendore

293 2513 537 2568 muneris
556 2510 776 2566 homini
795 2523 1072 2564 venerunt
1091 2527 1246 2565 vanae
1266 2508 1518 2584 gloriolae
1545 2508 1818 2583 cupiditas
1834 2548 1851 2575 ,

294 2601 489 2668 fastus,
522 2598 770 2654 luxuries
802 2607 1109 2669 ceteraeque
1133 2597 1392 2653 libidines
1418 2614 1543 2669 quae
1600 2597 1855 2651 comitari

293 2687 476 2742 solent
500 2685 827 2760 potentiam.
854 2685 1039 2739 Testes
1061 2694 1190 2739 sunt
1215 2683 1462 2758 epistolae
1479 2724 1495 2752 ,
1520 2683 1724 2757 quibus
1755 2682 1857 2737 de·-

293 2793 558 2851 generem
579 2773 917 2847 discipulum
947 2773 1220 2846 Epicurus
1247 2772 1318 2827 ad
1360 2771 1595 2827 meliora
1628 2772 1857 2826 consilia

299 2880 558 2920 revocare
583 2860 797 2918 studuit
817 2859 932 2935 (⁴²³⁶).
953 2862 1100 2916 Num
1122 2860 1261 2934 quid
1275 2860 1579 2934 profecerit
1607 2859 1852 2933 ambigo·

361 3020 427 3082 (')
460 3018 631 3069 Strabo
668 3019 844 3078 xiim).
887 3020 977 3067 589
1000 3034 1011 3064 ι
1032 3016 1175 3072 Αὐτὸς
1198 3015 1240 3065 δ’
1273 3014 1544 3080 Ἐπίκουρος
1563 3013 1731 3079 τρόπον
1756 3013 1858 3064 τινὰ

297 3088 616 3153 Λαμψακηνὸς
634 3088 830 3150 ὑπῆρξε,
855 3085 1092 3149 διατρίψας
1118 3087 1165 3134 ἐν
1184 3084 1438 3149 Λαμψάκῳ
1467 3085 1546 3133 καὶ
1580 3084 1724 3146 φίλοις
1748 3100 1855 3146 χρη-

296 3158 495 3224 σᾴμενος
519 3162 613 3214 τοῖς
641 3156 844 3220 ἀρίστοις
866 3160 958 3205 τῶν
985 3157 1031 3205 ἐν
1053 3162 1109 3219 τῇ
1131 3155 1260 3204 πόλει
1283 3154 1459 3216 ταύτῃ,
1492 3159 1585 3208 τοῖς
1617 3154 1717 3217 περὶ
1746 3153 1860 3203 Ἰδο-

298 3230 435 3293 μνία
454 3228 531 3277 καὶ
552 3226 767 3277 Δεοντὲα.

361 3297 494 3358 mog.
528 3298 582 3346 ι.
607 3298 667 3355 Χ,
696 3304 774 3356 25,
794 3295 1046 3358 discipulos
1062 3292 1250 3356 Epicuri
1271 3305 1550 3343 recensens:
1572 3294 1792 3350 Λεοντεύς
1810 3310 1861 3343 τε

304 3366 620 3431 Λαμψακηνὸς
639 3366 812 3428 ὁμοίως
834 3367 912 3415 καὶ
934 3368 966 3423 ἠ
983 3365 1149 3413 τούτου
1167 3367 1281 3425 γυνὴ
1302 3363 1513 3426 Θεμίστα
1527 3399 1540 3421 ,
1561 3364 1671 3427 πρὸς
1699 3364 1757 3422 ἣν
1775 3365 1861 3413 καὶ

303 3438 525 3498 γέγραφεν
551 3436 579 3484 ὁ
610 3433 914 3498 Ἐπίκουρος,
942 3434 1009 3482 ἔτι
1033 3434 1082 3482 δὲ
1105 3433 1325 3490 Κολώτης
1356 3433 1437 3482 καὶ
1461 3432 1712 3496 Ἰδομενεὺς
1728 3469 1743 3495 ,
1781 3438 1860 3484 καὶ

303 3507 431 3556 αὐτοὶ
454 3505 766 3568 Λαμψακηνοί
780 3517 795 3532 ·
820 3505 899 3553 καὶ
923 3503 1048 3553 οὗτοι
1070 3504 1153 3567 μὲν
1180 3504 1429 3565 ἐλλόγιμοι.

369 3575 495 3624 idem
519 3576 581 3634 Χ,
609 3581 666 3624 2³
707 3593 720 3624 z
748 3572 1111 3637 (Μητρόδωρος)
1140 3573 1222 3630 τὴν
1258 3573 1453 3637 ἀδελφὴν
1485 3572 1659 3622 Βατίδα
1686 3575 1861 3631 ἐξέδοτο

365 3714 498 3763 Idem
524 3715 585 3774 Χ,
611 3720 639 3763 3
670 3734 681 3762 :
712 3714 941 3764 Dicebant
957 3711 1172 3761 nonnulli
1188 3711 1248 3761 de
1273 3712 1480 3774 Epicuro
1498 3726 1609 3762 eum
1628 3714 1864 3778 Ἰδομενέα

305 3786 383 3833 καὶ
401 3785 648 3847 Ἡρόδοτον
667 3786 748 3834 καὶ
763 3782 1072 3847 Τιμοκράτην,
1090 3783 1196 3840 τοὺς
1219 3783 1430 3833 ἔκπυστα
1447 3785 1590 3833 αὐτοῦ
1612 3785 1670 3834 τὰ
1699 3786 1865 3849 κρύφια

303 3855 589 3912 ποιήσαντας
602 3889 616 3915 ,
638 3853 937 3918 ἐγκωμιάζειν
951 3854 1031 3902 καὶ
1051 3854 1334 3904 κολακεύειν.

367 3925 619 3975 Athenaeus
639 3926 745 3983 vll,
771 3937 817 3986 p.
835 3928 926 3974 279
950 3924 985 3972 F
1011 3938 1023 3970 :
1042 3922 1223 3981 Ταύτης
1243 3923 1350 3986 (τῆς
1369 3924 1594 3989 γαστρὸς)
1614 3924 1701 3989 γὰρ
1716 3923 1864 3974 ἕνεκεν

303 3994 328 4042 ὁ
354 3993 464 4058 ἀνὴρ
494 3995 575 4042 καὶ
597 3999 680 4052 τῆς
714 3994 853 4050 ἄλλης
870 3997 950 4051 τῆς
971 3994 1094 4041 κατὰ
1116 3993 1270 4059 σάρκα
1306 3994 1476 4053 ἡδονῆς
1512 3993 1757 4044 ἐκολάκευε
1785 3996 1866 4044 καὶ

303 4063 532 4181 mia
548 4064 629 4112 καὶ
653 4063 1015 4126 Μητρόδωρον...
1051 4062 1326 4128 Ἐπίκουρος
1355 4063 1445 4128 γὰρ
1463 4064 1520 4124 ἧν
1544 4064 1570 4111 ὁ
1594 4063 1770 4111 τούτων
1794 4064 1864 4112 δι·

486 4148 534 4189 0<

372 4200 461 4263 (¹⁶¹)
501 4200 633 4264 mog.
661 4204 704 4251 Χ
723 4238 737 4262 ,
770 4208 826 4250 22
849 4218 861 4249 :
894 4201 1015 4258 Ἤδη
1046 4201 1096 4250 δὲ
1114 4203 1337 4250 τελευτῶν
1359 4200 1685 4263 (Ἐπίκουρος)
1707 4200 1865 4265 γράφει

307 4273 418 4334 πρὸς
425 4270 657 4334 Ἰδομενέα
669 4272 793 4329 τήνδ’
803 4271 1066 4328 ἐπιστολήν·
1081 4289 1105 4313 α
1119 4272 1215 4329 Τὴν
1230 4271 1460 4334 μακαρίαν
1477 4270 1662 4331 ἄγοντες
1676 4272 1754 4319 καὶ
1767 4271 1869 4335 ἅμα

303 4341 572 4390 τελευταίαν
588 4342 761 4405 ἡμέραν
777 4346 859 4390 τοῦ
875 4340 981 4405 βίου
992 4376 1006 4400 ,
1027 4340 1282 4405 ἐγράφομεν
1303 4344 1412 4404 ὑμῖν
1431 4342 1563 4391 ταυτί
1578 4356 1591 4369 ·
1609 4358 1867 4405 στραγγου·

308 4411 386 4473 ρία
408 4426 458 4458 τε
480 4412 880 4475 παρηκολουθήκει
907 4413 988 4460 καὶ
1013 4411 1310 4475 δυσεντερικὰ
1332 4410 1457 4468 πάθη
1471 4446 1486 4470 ,
1509 4412 1764 4475 ὑπερδολὴν
1784 4411 1871 4462 οὐκ

309 4479 713 4530 ἑπολείποντατοῦ
728 4483 775 4531 ἐν
794 4484 974 4539 ἐαυτοῖς
993 4482 1232 4544 μεγέθους.
1253 4480 1737 4544 Ἀντιπαρετάττετοδὶ
1751 4486 1868 4531 πᾶσι

306 4551 487 4606 τούτοις
511 4551 566 4600 τὸ
599 4553 721 4600 κατὰ
749 4551 905 4615 ψυχὴν
942 4554 1106 4614 χαῖρον
1138 4551 1215 4600 ἐπὶ
1251 4556 1310 4613 τῇ
1331 4555 1425 4599 τῶν
1467 4551 1731 4612 γεγονότων
1756 4553 1868 4613 ἡμῖν

309 4622 617 4683 διαλογισμῶν
651 4621 829 4683 μνήμῃ.
859 4620 923 4669 Σὺ
943 4619 986 4669 δ’
1014 4620 1152 4677 ἀξίως
1171 4627 1252 4680 τῆς
1282 4621 1335 4670 ἐκ
1358 4620 1595 4684 μειρακίου
1628 4621 1867 4684 παραστά·

307 4705 430 4747 σεως
453 4692 564 4755 πρὸς
582 4691 660 4754 ἐμὲ
681 4694 760 4740 καὶ
785 4691 1052 4754 φιλοσοφίαν
1099 4691 1315 4753 ἐπιμελοῦ
1346 4695 1439 4738 τῶν
1479 4690 1658 4739 παίδων
1689 4692 1870 4755 Mna-po-

310 4760 476 4822 δώρου.
509 4780 531 4803 ιι

371 4832 545 4879 Seneca
560 4833 648 4894 Ep.
675 4832 712 4890 1,
734 4837 786 4879 αι
811 4849 823 4878 :
851 4833 1016 4888 Quum
1032 4828 1301 4881 Idomeneo
1311 4828 1555 4879 scriberet
1571 4829 1588 4890 (
1603 4827 1863 4892 Epicurus)

314 4903 366 4950 et
389 4900 541 4950 illum
562 4913 594 4949 a
614 4904 727 4951 vita
745 4904 968 4963 speciosa
983 4899 1276 4962 adfidelem
1288 4898 1626 4963 stabilemque
1642 4899 1864 4963 gloriam

314 4972 576 5019 revocaret
598 4969 783 5032 riqidae
822 4973 947 5018 tunc
965 4971 1211 5032 potentia
1233 4970 1539 5019 ministrum
1575 4971 1628 5019 et
1668 4982 1862 5031 maana

315 5040 628 5088 tractantem
651 5054 669 5087 .-
689 5057 712 5080 ιι
734 5040 788 5087 Si
811 5038 1006 5099 aleria,
1035 5041 1240 5102 inquit,
1270 5041 1523 5101 tangeris,
1548 5041 1794 5089 notiorem
1816 5043 1862 5090 te

309 5108 540 5169 epistolce
560 5106 937 5169 meoesacerent
955 5146 969 5167 ,
986 5121 1146 5171 quam
1168 5110 1347 5159 omnia
1373 5112 1475 5158 ista
1491 5143 1506 5169 ‚
1527 5121 1646 5173 quoe
1661 5110 1788 5160 colis
1810 5114 1861 5160 et

309 5179 528 5239 propter
559 5190 676 5239 quoe
699 5177 898 5226 coleris.
937 5197 960 5220 n
989 5181 1128 5229 Num
1158 5178 1290 5242 quid
1313 5190 1430 5241 erqo
1465 5181 1711 5228 mentitus
1744 5182 1861 5228 est?

1927 1029 2261 1101 Quanquam
2316 1028 2554 1083 Sintenis
2607 1025 2716 1102 (ad
2762 1029 2909 1083 Plut.
2951 1031 3149 1084 Pericl.
3226 1033 3359 1089 Exc.
3416 1037 3487 1102 V,

1926 1133 1988 1189 p.
2015 1113 2156 1190 314)
2189 1134 2259 1171 ex
2288 1115 2470 1171 verbis
2507 1112 2733 1170 Senecae
2777 1139 2803 1165 α
2829 1118 3028 1189 rigidoe
3074 1128 3206 1173 tunc
3226 1126 3494 1192 potentia·

1929 1208 2234 1259 ministrum
2287 1230 2310 1253 υ
2341 1202 2498 1259 haud
2546 1204 2998 1278 improbabiliter
3033 1208 3221 1282 colligi
3268 1222 3487 1285 censet,

1929 1289 2230 1363 postmodo
2252 1289 2619 1346 Idomeneum
2645 1309 2701 1346 se
2729 1292 3010 1349 abdicasse
3034 1295 3138 1349 isto
3155 1295 3483 1356 ministerio.

2007 1378 2236 1452 Scripsit
2261 1377 2598 1435 Idomeneus
2617 1397 2759 1453 opus
2785 1377 2916 1456 Περὶ
2937 1380 3303 1457 Σωκρατικῶν,
3331 1385 3489 1457 quod

1929 1466 2098 1520 semel
2118 1464 2380 1521 laudatur
2421 1483 2675 1540 expresse
2708 1465 2807 1541 (fr.
2846 1468 2929 1542 ι),
2964 1468 3051 1523 bis
3094 1469 3347 1525 innuitur
3377 1471 3488 1527 sra-

1931 1561 2289 1626 gmentorum
2328 1550 2416 1628 (a.
2469 1551 2535 1627 3)
2583 1541 2965 1630 argumentis.⁶
2983 1551 3098 1609 Sed
3139 1554 3319 1627 major
3364 1577 3495 1631 pars

1935 1639 2299 1711 reliquiarum
2321 1639 2393 1696 de
2402 1640 2536 1695 viris
2548 1642 2661 1716 agit
2680 1642 2882 1716 quibus
2901 1660 3029 1696 eum
3043 1643 3337 1699 Socraticis
3355 1645 3495 1701 nihil

1936 1724 2039 1778 fuit
2061 1726 2290 1800 negotii.
2312 1726 2401 1781 Ibi
2436 1745 2621 1783 sermo
2651 1739 2730 1782 est
2745 1728 2816 1784 de
2844 1729 2985 1783 luxu
3004 1729 3492 1803 Pisistratidarum,

1935 1811 2006 1866 de
2042 1812 2424 1868 Themistoclis
2459 1811 2727 1892 ἀσελγείᾳ,
2761 1814 2831 1871 de
2856 1815 3098 1884 Pericle,
3132 1817 3229 1888 qui
3262 1819 3496 1892 Ephial-

1939 1910 2049 1953 tem
2076 1899 2406 1955 sicariorum
2433 1919 2603 1956 mauu
2633 1919 2663 1956 e
2688 1900 2878 1957 medio
2922 1902 3231 1972 sustulerit,
3263 1904 3336 1960 de
3368 1907 3497 1961 Ari-

1936 1985 2080 2041 stide
2094 2026 2111 2055 ,
2138 1986 2448 2060 Hyperide,
2478 1987 2871 2059 Demosthene,
2887 1988 3173 2059 AEschine,
3189 1989 3493 2050 Phocione.

1937 2072 2139 2128 Nihilo·
2155 2074 2331 2128 secius
2362 2073 2482 2129 haec
2512 2075 2699 2130 omnia
2728 2093 2797 2130 ex
2824 2074 3025 2130 eodem
3056 2072 3190 2153 Περὶ
3224 2076 3498 2154 Σωκρατι-

1937 2160 2043 2216 κῶν
2086 2177 2259 2234 opere
2286 2157 2503 2216 fluxisse
2529 2162 2719 2216 statuit
2752 2162 3020 2232 Sintenis,
3058 2181 3278 2218 memor
3317 2165 3500 2219 Theo-

1937 2248 2135 2321 pompi
2159 2247 2512 2322 aliorumque
2537 2250 2875 2323 scriptorum
2895 2290 2911 2319 ,
2943 2250 3041 2323 qui
3070 2249 3142 2305 ad
3170 2269 3258 2306 res
3290 2269 3321 2306 a
3360 2270 3499 2325 pro-

1939 2336 2125 2408 posito
2155 2346 2485 2410 argumento
2509 2336 2713 2391 alienas
2749 2338 2968 2412 evagari
2996 2338 3190 2409 quavis
3208 2341 3498 2393 occasione

1942 2419 2222 2477 adamant.
2253 2439 2276 2472 ιι
2303 2423 2589 2495 Inprimis,
2616 2424 2720 2493 ait,
2742 2424 2833 2478 hic
2853 2423 3226 2480 nominandus
3243 2436 3322 2480 est
3351 2426 3499 2481 Pha-

1943 2580 2249 2630 incidisset?
2287 2583 2471 2631 Omnes
2497 2582 2612 2632 illos
2640 2585 2964 2645 meqistanas
2988 2585 3039 2633 et
3067 2587 3316 2646 satrapas
3346 2589 3397 2635 et
3425 2599 3503 2633 re·

1945 2662 2055 2711 aem
2080 2652 2281 2713 ipsum,
2301 2662 2368 2700 ea:
2386 2663 2486 2713 quo
2509 2650 2761 2701 Idomenei
2784 2652 2972 2701 titulus
2993 2652 3283 2716 petebatur,
3301 2655 3491 2704 oblivio

1945 2720 2059 2769 alta
2077 2723 2377 2783 suppressit.
2393 2747 2459 2764 -—
2484 2719 2615 2771 idem
2634 2721 2791 2784 paullo
2812 2726 2915 2784 post
2935 2737 2959 2770 ε.
2975 2725 3309 2788 Quoscunque
3324 2727 3379 2775 in
3402 2738 3505 2774 me·

1948 2790 2095 2839 dium
2127 2790 2357 2852 fortuna
2374 2792 2633 2854 protulit,
2660 2794 2953 2855 quicunque
2976 2793 3206 2842 meinbra
3238 2797 3288 2843 et
3319 2798 3502 2857 partes

1946 2860 2654 2923 alienaepotentiaesuerant,
2679 2861 2867 2911 horum
2898 2865 3076 2923 qratia
3104 2864 3301 2924 viyuit,
3322 2863 3503 2916 domus

1948 2929 2286 2995 frequentata
2321 2934 2429 2989 est,
2472 2931 2599 2982 dum
2631 2934 2732 2995 ipsi
2763 2933 3065 2983 steterunt:
3097 2934 3216 2996 post
3239 2936 3371 2996 ipsos
3400 2936 3501 2985 cito

1948 3004 2197 3052 memoria
2213 3002 2421 3066 defecit,
2439 3005 2767 3065 inqeniorum
2780 3005 2962 3054 crescit
2985 3003 3248 3066 diqnatio:
3270 3017 3361 3054 nec
3380 3007 3502 3067 ipsis

1949 3074 2157 3122 tantum
2184 3073 2345 3123 honor
2377 3074 2622 3132 liabetur,
2661 3072 2753 3123 sed
2779 3073 3039 3137 quidquid
3064 3073 3285 3123 illorum
3319 3086 3503 3123 memo-

1949 3146 2048 3193 rioe
2066 3142 2318 3204 adhaesit,
2352 3147 2630 3207 excipitur.
2656 3147 2728 3195 Ne
2742 3146 2911 3206 pratis
2930 3143 3225 3194 Idomeneus
3246 3147 3297 3193 in
3318 3147 3503 3207 episto·

1951 3214 2061 3264 lam
2079 3226 2245 3263 meam
2270 3217 2493 3275 venerit,
2524 3217 2633 3277 ipse
2664 3226 2779 3265 eam
2800 3215 2863 3264 de
2896 3227 2989 3265 suo
3009 3214 3243 3264 redimet.
3268 3214 3347 3265 Ad
3368 3214 3506 3266 hunc

1951 3285 2212 3346 Epicurus
2232 3283 2385 3334 illam
2405 3283 2623 3333 nobilem
2651 3286 2959 3333 sententiam
2979 3284 3216 3345 scripsit,
3250 3297 3354 3344 qua
3381 3284 3505 3334 hor»

1953 3356 2118 3408 latur,
2144 3354 2207 3402 ut
2248 3352 2518 3415 Pythoclea
2538 3352 2624 3416 (de
2647 3366 2743 3414 quo
2760 3365 2809 3400 v.
2833 3354 2966 3414 Diog.
2992 3354 3045 3401 1..
3083 3354 3150 3410 Χ,
3171 3358 3218 3412 5,
3251 3354 3339 3413 si)
3371 3353 3505 3403 locu·

1947 3423 2138 3485 pletem
2163 3434 2265 3472 non
2286 3422 2499 3485 publica
2531 3432 2622 3471 nec
2653 3424 2872 3483 ancipiti
2912 3424 2994 3471 via
3016 3422 3212 3482 saciat.
3239 3436 3263 3461 κ
3306 3424 3357 3471 si
3395 3425 3501 3482 vis,

1950 3494 2153 3556 inquit,
2183 3492 2465 3556 Pythoclea
2488 3490 2912 3551 divitemjtzcere
2930 3526 2944 3551 ,
2981 3503 3081 3539 non
3112 3494 3345 3552 pecunioe
3370 3491 3502 3553 adii·

1950 3561 2207 3624 ciendum,
2229 3561 2322 3613 sed
2337 3560 2713 3625 cupiditatibus
2730 3559 3112 3611 detrahendum
3133 3562 3222 3608 est.
3250 3578 3273 3601 υ

2016 3636 2191 3683 Seneca
2215 3636 2299 3695 Ep.
2332 3638 2389 3682 22
2406 3647 2417 3681 :
2434 3631 2579 3682 Nulli
2598 3642 2795 3680 necesse
2812 3632 2893 3679 est
2903 3628 3223 3690 felicitatem
3252 3640 3409 3676 cursu
3429 3642 3503 3679 se·

1952 3704 2042 3766 qui
2067 3715 2086 3750 .·
2104 3705 2183 3752 est
2203 3701 2439 3766 aliquid,
2463 3704 2624 3750 etiam
2645 3703 2690 3749 si
2723 3710 2827 3749 non
2866 3709 3175 3760 repuqnare,
3203 3697 3502 3760 subsistere,

1956 3785 2049 3823 nec
2090 3774 2289 3822 instare
2311 3771 2830 3833 sorlunoeferenti...
2871 3769 3089 3831 Epicuri
3124 3766 3393 3828 epistolam
3432 3770 3506 3820 ad

1883 3887 1892 3896 ,
1955 3842 2093 3892 lianc
2118 3854 2229 3891 rem
2263 3843 2605 3904 pertinentem
2639 3840 2770 3903 leqi,
2813 3837 3073 3888 Idomeneo
3100 3849 3221 3899 quoe
3241 3837 3504 3892 scribitur.

1961 3915 2118 3970 Quem
2136 3914 2283 3973 roqat
2312 3913 2373 3960 ut
2396 3913 2651 3974 quantum
2682 3912 2846 3972 potest
2863 3907 3051 3969 suqiat
3077 3908 3127 3955 et
3152 3909 3390 3969 properet
3413 3919 3504 3956 an·

1959 3987 2167 4046 tequam
2186 3981 2365 4044 aliqua
2388 3984 2463 4031 vis
2491 3980 2661 4042 maJor
2687 3979 3028 4037 interveniat,
3048 3975 3330 4037 clauserat
3356 3977 3506 4027 liber-

1960 4055 2119 4102 tatem
2146 4049 2432 4101 recedendi.
2464 4050 2607 4101 Idem
2630 4053 2803 4100 tamen
2826 4046 3068 4111 subjicit,
3109 4044 3247 4095 nihil
3270 4057 3373 4094 esse
3394 4048 3505 4094 ten-

1958 4121 2215 4184 tandum,
2244 4123 2350 4172 nisi
2390 4133 2554 4184 quum
2590 4122 2713 4183 apte
2750 4120 2945 4181 poterit
2979 4115 3368 4178 tempestiveque
3408 4117 3507 4162 ten·

1960 4195 2063 4243 tari
2094 4212 2107 4242 z
2136 4191 2231 4242 sed
2263 4204 2426 4256 quum
2449 4189 2590 4241 illud
2622 4192 2822 4252 tempus
2858 4186 2951 4236 diu
2981 4187 3250 4248 captatum
3282 4184 3504 4240 venerit,

1956 4262 2306 4314 exsiliendum
2333 4264 2429 4312 ait.
2460 4263 2753 4312 Dormitare
2774 4259 2837 4307 de
2848 4257 2987 4320 suaa
3014 4257 3325 4316 coqitantem
3344 4255 3505 4313 vetat,

1955 4337 2006 4385 et
2028 4335 2205 4396 sperat
2226 4334 2381 4382 eliam
2411 4342 2478 4380 ex
2513 4328 2840 4391 difficillimis
2876 4327 3168 4376 salutarem
3189 4324 3424 4383 exitum,
3458 4328 3503 4371 si

1957 4416 2048 4454 nec
2081 4411 2415 4466 properemus
2463 4402 2591 4449 ante
2624 4401 2848 4460 tempus,
2889 4408 2977 4445 nec
3012 4404 3262 4445 cessemus
3300 4394 3353 4441 in
3388 4393 3505 4440 tem·

1953 4484 2097 4536 pore.

2018 4541 2261 4592 Plutarch.
2287 4541 2396 4590 adv.
2413 4539 2612 4591 coloten
2653 4551 2684 4600 p
2724 4541 2859 4599 1127,
2887 4540 2923 4586 F
2947 4552 2958 4584 :
2985 4534 3131 4585 Πάλιν
3150 4534 3218 4595 δὲ,
3240 4532 3504 4595 ainau-wei·

1954 4630 2052 4676 φων
2083 4614 2194 4677 πρὸς
2216 4612 2446 4675 Ἰδομενέα
2472 4610 2810 4667 διακελεύεται,
2833 4608 2897 4670 μή
2916 4605 3073 4667 νόμοις
3106 4606 3184 4652 καὶ
3209 4603 3358 4659 δόξαις
3396 4603 3504 4651 δου·

1953 4682 2144 4733 λεύοντα
2164 4688 2263 4745 ζῆν,
2284 4680 2352 4745 ἐφ’
2364 4681 2475 4730 ὅσον
2493 4682 2550 4730 ἂν
2566 4680 2630 4742 μὴ
2649 4679 2732 4738 τήν
2751 4677 2827 4727 διὰ
2848 4680 2931 4725 τοῦ
2945 4675 3084 4730 πέλας
3103 4674 3156 4721 ἐκ
3169 4674 3345 4733 πληγῆς
3368 4671 3506 4734 όχλη·

1953 4771 2028 4804 σιν
2047 4754 2478 4818 παρασκευάζωσιν.
2618 4784 2631 4801 .

2014 4824 2213 4874 Pholius
2231 4828 2346 4875 Lex.
2367 4837 2380 4871 τ
2404 4822 2593 4872 Πύθια
2608 4819 2709 4870 καὶ
2734 4819 2943 4877 Δήλια.
2970 4815 3097 4865 Φασὶ
3120 4813 3509 4876 Πολυκράτηντὸν

1951 4893 2109 4956 Σάμου
2136 4895 2353 4957 τύραννον
2375 4892 2525 4942 Πύθια
2559 4892 2639 4940 καὶ
2678 4890 2828 4948 Δήλια
2865 4888 3127 4944 ποιήσαντα
3158 4885 3257 4948 ἅμα
3279 4885 3326 4933 ἐν
3344 4883 3503 4944 Δήλῳ,

1950 4966 2129 5028 πέμψαι
2149 4966 2213 5021 εἰς
2236 4966 2342 5014 θεοῦ
2373 4961 2685 5027 χρησόμενον,
2706 4961 2748 5010 εί
2767 4960 2827 5007 τὰ
2859 4962 2940 5016 τῆς
2963 4955 3126 5011 Θυσίας
3163 4955 3265 5016 ἄγει
3288 4953 3410 5003 κατὰ
3426 4953 3505 5002 τὸν

1949 5036 2205 5098 ὡρισμένον
2240 5034 2429 5097 χρόνον·
2457 5033 2542 5092 τήν
2573 5032 2623 5082 st
2650 5029 2828 5082 Πυθίαν
2852 5027 3046 5090 ἀνελεῖν,
3079 5028 3226 5074 ταῦτα
3248 5024 3324 5073 σοὶ
3357 5023 3508 5073 Πύθια

1946 5106 2026 5154 καὶ
2042 5105 2206 5164 Δήλια,
2232 5104 2514 5167 βουλομένην
2536 5103 2705 5160 δηλοῦν
2731 5100 2803 5149 δτι
2842 5098 3021 5161 ἔσχατα
3035 5110 3048 5122 ·
3081 5094 3181 5157 μετ’
3220 5093 3374 5157 ὀλίγον
3417 5094 3508 5155 γὰρ

1945 5176 2109 5239 χρόνον
2146 5177 2285 5224 αὐτὸν
2331 5174 2583 5223 ἀπολέσθαι
2619 5171 2805 5229 συνέδη.
2830 5168 3105 5229 Ἐπίκουρος
3124 5165 3173 5214 δὲ
3202 5166 3249 5215 ἐν
3286 5165 3375 5214 τινὶ
3412 5168 3507 5213 τῶν

319 5247 445 5305 Quis
470 5244 740 5296 Idomenea
759 5250 955 5310 nosset,
985 5250 1084 5298 nisi
1114 5251 1370 5312 Epicurus
1399 5248 1547 5298 illum
1565 5250 1672 5299 suis
1688 5248 1857 5298 literis
1943 5248 2053 5311 πρὸς
2067 5247 2296 5310 Ἰδομενέα
2314 5245 2567 5296 ἐπιστολῶν
2580 5248 2741 5294 ταῦτα.
2774 5240 2949 5291 Eadem
2968 5235 3156 5289 suidas.

1857 5342 1958 5395 489
