4016 5916
491 370 605 420 272

1754 346 1762 352 ’
1848 351 2286 414 ARISTOXEN
2292 354 2313 412 Ι

489 489 541 548 δὲ
561 485 792 547 παλαιὰν
810 483 1209 555 διαπονησαντι;
1220 484 1397 568 ’ᾼσῃ,
1422 481 1583 563 φησὶ,
1606 480 1956 562 σπανιώτερον
1983 484 2035 540 ἐν
2127 487 2209 542 uti
2227 487 2448 560 reliquo
2465 487 2618 541 omni
2637 487 3134 561 peripateticorum
3154 487 3323 561 vulgo
3340 488 3690 544 exsecrando

486 579 592 644 τοῖς
610 575 862 654 θεάτροις·
897 577 964 639 ὡς
986 597 1044 632 ου
1046 595 1086 650 χ,
1105 562 1213 630 οἶόν
1239 594 1296 629 τε
1317 569 1372 628 ὂν
1396 569 1581 641 πλήθει
1600 592 1656 627 τε
1688 567 1798 645 ἅμα
1823 569 2036 648 ἀρεστὸν
2128 574 2478 648 implacabile
2495 574 2704 646 juravit
2730 574 2947 632 odium.

490 655 620 722 εἶναι
663 665 753 720 καὶ
798 664 1018 740 ἀρχαῖον
1073 659 1169 729 τὴν
1208 656 1527 766 ἐπιστήμην.
1573 656 1915 736 Ἀριστόξενος
1944 655 2038 731 μὲν

491 742 576 809 ουν
599 749 691 809 καὶ
722 771 887 808 ταυτα
924 745 1250 817 ἐπιτήδευσιν
1274 743 1464 821 μετιὼν
1494 743 1778 821 δημοτικὴν
1803 743 1927 822 παρ’
1950 745 2038 802 οὗ·

490 837 572 897 δὲν
616 841 837 896 ἐποιεῖτο
864 833 1031 911 δήμου
1067 833 1156 892 καὶ
1184 832 1343 911 ὄχλου
1341 830 1674 939 υπεροψίαν.
1757 831 1865 890 Και
1891 833 1934 887 εἰ
1964 829 2039 908 μὴ

491 924 718 1005 ὑπάρχοι
749 923 859 998 ἅμα
887 929 992 988 τοῖς
1027 944 1081 978 τε
1110 920 1283 996 νόμοις
1308 924 1401 989 τῆς
1425 921 1610 997 τέχνης
1646 918 1917 994 ἐμμένειν,
1952 918 2043 975 καὶ

490 1014 596 1078 τοῖς
642 1013 852 1076 πολλοῖς
894 1009 1033 1090 ᾅδειν
1077 1006 1464 1086 κεχαρισμένα,
1502 1006 1596 1076 τὴν
1645 1005 1833 1083 τέχνην
1878 1002 2045 1063 εἵλετο

454 1100 608 1160 ’ἀντὶ
648 1104 741 1170 τῆς
775 1095 1175 1179 φιλανθρωπίας.
1222 1100 1271 1152 Ι.
1313 1116 1363 1152 e.
1405 1100 1766 1153 Aristoxenus
1810 1101 2046 1152 musicus

495 1191 800 1246 molliorem
841 1194 971 1260 jam
1037 1182 1304 1256 effectam
1370 1189 1637 1239 musicam
1699 1180 2047 1242 con-oboram

489 1279 776 1344 nitebatur,
817 1289 927 1331 tum
968 1279 1152 1346 magis
1187 1275 1386 1327 viriles
1429 1273 1618 1327 modos
1662 1275 1777 1345 ipse
1812 1289 2012 1325 amans
2024 1312 2039 1340 ,

492 1377 604 1420 sum
631 1365 915 1437 discipulis
938 1365 1049 1415 suis
1061 1364 1425 1434 proeetpienS,
1460 1371 1546 1427 ut,
1575 1359 1795 1429 abjecta
1815 1358 2047 1413 mollitie

498 1468 843 1506 numerorum
857 1489 874 1516 ,
925 1447 1277 1502 severioribus
1315 1446 1725 1499 delectarentur
1761 1450 1819 1498 in
1859 1456 2043 1502 cantu.

494 1541 634 1593 Eum
664 1543 830 1611 igitur·
846 1522 1011 1610 quum
1042 1539 1401 1604 interrogaret
1405 1531 1786 1604 familiarium
1808 1534 2038 1606 aliquis,

499 1627 650 1697 Quid
656 1642 835 1698 porro
861 1624 1122 1676 utilitatis
1142 1637 1453 1692 consequar,
1483 1624 1533 1672 si
1559 1620 1842 1694 negligam
1863 1636 2049 1674 recen-

496 1724 604 1767 tem
662 1714 1077 1783 suavioremque
1127 1719 1348 1762 cantum
1400 1725 1798 1785 exerceantque
1842 1725 1931 1760 me
1989 1710 2049 1760 in

493 1800 749 1854 vetusto?
770 1799 910 1866 Hoc,
946 1800 1145 1870 inquit,
1180 1806 1241 1850 ut
1262 1799 1446 1850 rarius
1484 1798 1543 1849 iu
1571 1793 1806 1849 theatris
1841 1811 2044 1861 canas5

495 1891 658 1958 quasi
664 1886 796 1957 fieri
813 1903 922 1939 non
925 1887 1120 1957 possit,
1146 1894 1208 1936 ut
1216 1889 1337 1956 quis
1350 1892 1603 1955 acceptus
1613 1872 2047 1949 sitmultitudini,

494 1984 553 2027 et
573 1973 718 2027 idem
740 1976 1050 2044 antiquiore
1068 1971 1236 2024 simul
1253 1969 1504 2025 doctrina
1536 1970 1807 2023 excultus.
1844 1971 2050 2040 Itaque

495 2063 856 2116 Aristoxenus
894 2054 1299 2132 quantumlibet
1334 2053 1665 2130 popularem
1702 2056 2054 2129 profiteretur

496 2160 695 2216 artem,
730 2165 834 2221 pro
855 2146 1041 2201 nihilo
1053 2157 1237 2201 tamen
1260 2144 1500 2199 ducebat
1511 2145 1711 2218 populi
1738 2145 2051 2198 multitudi-

495 2241 690 2311 nis-que
708 2233 1014 2306 fastidium
1045 2253 1064 2287 .·
1090 2244 1283 2308 utque,
1311 2233 1406 2287 ubi
1411 2228 1521 2303 sas
1562 2250 1671 2286 non
1708 2242 1857 2299 erat,
1886 2232 2057 2286 simul

496 2335 554 2378 et
576 2327 713 2377 artis
745 2340 962 2377 servare
986 2323 1161 2393 leges,
1195 2332 1252 2375 et
1270 2318 1535 2374 adhibere
1570 2322 1627 2373 in
1663 2319 1908 2374 canendo
1927 2337 2051 2373 mo—

496 2413 598 2466 dos
622 2415 721 2484 qui
742 2411 1035 2484 placerent
1057 2408 1395 2461 multitudini
1416 2426 1437 2459 .·
1459 2410 1663 2460 sectari
1689 2415 1864 2459 artem
1884 2405 2053 2458 male-

497 2499 616 2565 bat,
659 2515 824 2572 quam
849 2499 1097 2569 gmtIam
1126 2493 1404 2549 hominum
1428 2497 1717 2567 aucupari.

576 2586 800 2657 Optime
823 2601 952 2639 cum
971 2582 1059 2636 his
1086 2580 1334 2636 concinit
1356 2595 1580 2634 morum
1600 2577 1854 2651 quaedam
1874 2587 2054 2632 auste-

496 2672 631 2726 ritas
654 2688 727 2726 ne
769 2669 952 2726 dicam
993 2668 1310 2734 morositas,
1374 2684 1543 2738 quam
1584 2663 1829 2721 AElianus
1870 2663 2055 2719 verbis

497 2776 665 2832 supra
677 2757 795 2829 jam
818 2755 1063 2811 laudatis
1088 2754 1303 2823 innuit,
1336 2754 1737 2808 Aristoxenum
1766 2751 1958 2807 dicens
1978 2752 2054 2829 τῷ

497 2841 687 2918 γέλωτι
716 2838 814 2897 ἀνὰ
854 2835 1040 2917 κράτος
1076 2835 1326 2912 πολέμιον
1362 2835 1618 2911 γενέσθαι.
1650 2839 1907 2895 Ceterum
1938 2848 2051 2892 stu-

502 2931 729 2985 diorum
780 2928 897 2984 hoec
923 2928 1182 2984 severitas
1208 2926 1269 2980 in
1296 2925 1559 3000 gliscente
1606 2924 1708 2979 aevi
1738 2927 1822 2980 sui
1849 2943 2054 2980 corru-

499 3018 723 3089 ptione,
749 3024 917 3090 atque
941 3024 1298 3087 contemptus
1314 3014 1410 3068 ille
1424 3031 1570 3068 aurae
1590 3013 1880 3086 popularis
1901 3011 2056 3066 haud

503 3121 716 3177 paucos
764 3104 975 3158 Nostro
1022 3101 1387 3156 excitaverint
1427 3098 1807 3168 adversa1i0s;
1852 3099 2057 3172 quibus

502 3189 703 3244 deberi
743 3187 1011 3243 videntur
1037 3188 1226 3244 Procli
1264 3187 1356 3240 illa
1393 3205 1407 3241 :
1438 3182 1567 3244 Ὅτι
1591 3185 1648 3241 οὗ
1673 3182 1807 3242 πάνυ
1845 3182 1905 3242 τὸ
1938 3174 2058 3254 ηθος

502 3272 635 3354 ἀνὴρ
678 3273 866 3340 ἐκεῖνος
909 3295 1181 3350 μουσικος,
1214 3270 1326 3328 ἀλλ’
1354 3271 1494 3337 ὅπως
1530 3270 1591 3328 ἂν
1630 3268 1748 3348 δόξῃ
1790 3292 1839 3327 τι
1880 3269 2055 3328 καινὸν

504 3360 673 3440 λέγειν
728 3358 1100 3439 πεφροντικώς.
1151 3361 1299 3417 Talis
1351 3378 1526 3435 quum
1571 3359 1888 3415 Aristoxeni
1929 3376 2060 3414 mu-

501 3453 600 3506 sici
646 3449 867 3505 indoles
907 3449 1109 3517 snet-it,
1153 3448 1364 3520 optima
1397 3464 1633 3520 quaeque
1661 3463 1884 3520 sperare
1927 3447 2060 3502 licet

504 3538 576 3592 de
616 3539 955 3593 Aristoxeno
994 3536 1265 3589 historico
1284 3576 1297 3602 ,
1329 3533 1667 3589 narrationis
1709 3534 1919 3589 scilicet
1945 3535 2056 3588 sin·

504 3626 790 3679 ceritatem
815 3634 870 3679 et
887 3622 1166 3695 judicium
1204 3620 1348 3693 juste
1376 3638 1653 3676 severum.
1681 3621 1878 3693 Neque
1906 3620 2061 3675 aliud

505 3710 745 3765 suadent
788 3711 1061 3782 reliquiae.
1108 3710 1464 3781 Quamquam
1490 3719 1620 3763 sunt
1644 3707 1946 3778 nonnulla,
1990 3706 2061 3762 de

505 3816 752 3872 quorum
774 3795 889 3852 fide
914 3796 1068 3852 haud
1096 3797 1374 3850 immerito
1401 3794 1713 3850 dubitatum
1738 3795 1836 3865 sit3
1861 3796 1943 3849 uti
1968 3794 2064 3848 illa

505 3904 629 3958 quae
653 3884 725 3941 de
745 3884 892 3940 Indo
919 3902 1048 3939 cum
1076 3884 1304 3939 Socrate
1335 3883 1693 3956 colloquente
1725 3880 1830 3959 (fr.
1865 3881 1931 3936 31
1960 3879 1980 3958 )
2010 3891 2066 3936 et

505 3973 576 4028 de
635 3972 881 4028 Platonis
925 3970 1376 4045 expeditionibus
1423 3968 1526 4045 (fr.
1568 3969 1635 4025 31
1657 3966 1674 4045 )
1730 3979 2064 4038 narrantur;

504 4058 711 4115 deinde
747 4076 882 4114 vero
912 4056 1070 4131 quod
1099 4076 1227 4112 cum
1251 4058 1371 4112 aliis
1391 4057 1579 4111 multis
1607 4054 1839 4112 tradidit
1872 4053 1943 4111 de
1970 4055 2064 4110 bi-

504 4148 685 4223 gamia
708 4145 978 4219 Socratis3
1010 4163 1178 4218 quam
1199 4145 1274 4199 ob
1297 4162 1417 4200 rem
1436 4145 1705 4199 Luzacius
1730 4144 2065 4198 Aristoxeno

506 4313 695 4372 vlTA
764 4310 1262 4370 PYTHAGORAE
1308 4308 1642 4381 EJUSQUE
1702 4308 2035 4369 DlSClPU·
2100 4309 2114 4323 '

1139 4396 1429 4456 LORUM.

576 4576 894 4638 Pythagoras,
919 4572 1182 4623 Mnesarchi
1204 4572 1333 4622 filius
1350 4609 1364 4635 ,
1390 4571 1603 4633 Samius,
1629 4572 1685 4620 ut
1710 4570 1779 4620 ait
1814 4570 2060 4633 Hippobo-

507 4654 617 4714 tus3
642 4651 907 4702 secundum
935 4650 1268 4700 Aristoxenum
1293 4651 1342 4699 in
1372 4648 1497 4699 libro
1527 4647 1589 4698 de
1605 4647 2060 4712 Vita—Pythagorae,

508 4733 557 4779 et
585 4729 905 4779 Aristarchum
925 4730 974 4778 et
989 4728 1351 4791 Theopompum
1374 4728 1651 4791 Tyrrhenus
1673 4727 1781 4776 ruit.

572 4805 887 4867 Pythagoras,
909 4805 966 4853 ut
1001 4804 1316 4855 Aristoxenus
1336 4805 1431 4867 ait,
1463 4806 1741 4868 Tyrrhenus
1768 4802 1859 4852 suit
1881 4816 1944 4852 ex
1966 4815 2063 4851 una

508 4880 773 4930 institarum
789 4915 805 4940 ‚
825 4890 946 4942 quas
966 4878 1128 4941 ejectis
1149 4880 1404 4943 Tyrrhenis
1430 4881 1739 4932 Athenienses
1756 4878 1999 4929 tenebant.

576 5042 887 5091 Aristoxenus
915 5040 982 5090 ait
1006 5041 1325 5104 Pythagoram
1357 5044 1563 5104 plurima
1585 5043 1934 5106 praeceptorum
1962 5053 2060 5090 mo·

510 5119 680 5170 talium
695 5117 951 5181 sumpsisse
966 5129 996 5166 a
1014 5117 1361 5170 Themistoclea
1380 5119 1643 5170 sacerdote
1664 5118 1904 5181 Delphica.

2589 861 2774 927 ΒΙΟΙ
2830 859 3220 928 ΑΝΔΡΩΝ.

2134 1030 2310 1089 ΒῙΟΣ
2353 1030 3055 1198 ΠΥΘΑΓΟΡΟῘᾹῙςΤῙὲᾸὲ)
3090 1033 3248 1091 ΤΩΝ
3291 1034 3690 1094 ΓΝΩΡῘΜΩΝ

2890 1271 2938 1308 1.
3081 1244 3112 1284 Ἴ

2215 1384 2466 1439 Clemens
2511 1383 2671 1439 Alex.
2706 1384 2910 1438 Strom.
2951 1385 3012 1452 Ι,
3067 1401 3125 1456 p.
3167 1402 3275 1457 129
3310 1382 3399 1439 ed.
3455 1384 3615 1456 sylb.
3670 1405 3688 1441 ε

2142 1467 2448 1547 Πυθαγόρας
2490 1466 2584 1545 μὲν
2621 1458 2708 1526 ουν
2749 1467 3104 1548 Μνησάρχου,
3151 1470 3380 1546 Σάμιος,
3422 1466 3491 1533 ὥς
3531 1482 3695 1550 φησιν

2140 1553 2527 1628 ‘lnw66otoc‚‘
2497 1578 2568 1621 ως
2603 1554 2658 1612 δὲ
2682 1554 3024 1634 Ἀριστόξενος
3055 1557 3109 1612 ἐν
3143 1558 3218 1634 τῷ
3255 1554 3558 1663 Πυθαγόρου
3591 1555 3695 1636 βίῳ

2139 1643 2227 1700 καὶ
2248 1641 2580 1722 Ἀρίσταρχος
2604 1641 2694 1700 καὶ
2719 1639 3059 1719 Θεόπομπος,
3080 1613 3403 1722 Τυριτρηνὸς
3369 1666 3453 1715 ην.
3476 1645 3692 1701 Eadem

2140 1733 2480 1791 Theodoret.
2507 1733 2716 1810 Θεραπ.
2749 1734 2809 1800 1,
2839 1751 2896 1806 p.
2929 1731 3060 1797 468.
3092 1731 3199 1789 Καὶ
3224 1729 3573 1808 Ἀριστοτέλης
3599 1732 3695 1790 καὶ

2140 1817 2474 1898 Θεόφραστος
2510 1819 2664 1894 apud
2701 1820 3041 1875 Clementem
3078 1838 3186 1894 pro
3224 1818 3314 1876 καὶ
3357 1817 3698 1898 Ἀρίσταρχος

2139 1905 2229 1964 καὶ
2268 1905 2583 1982 Θεόπομπος
2620 1907 2787 1962 scribi
2813 1907 2993 1962 voluit
3018 1908 3249 1964 Preller.
3288 1907 3361 1963 ad
3389 1910 3687 1965 Polemon.

2218 2083 2460 2156 Diogen.
2487 2083 2556 2139 L.
2588 2083 2755 2152 VIII,
2793 2100 2815 2136 1
2852 2100 2866 2135 ε
2900 2077 3210 2161 Πυθαγόρας
3244 2125 3279 2141 ..
3306 2085 3374 2147 ὥς
3400 2080 3697 2159 Ἀριστόξε-

2143 2188 2223 2230 νος
2278 2164 2571 2246 Τυρρηνὸς,
2622 2165 2727 2223 ἀπὸ
2783 2174 2906 2241 μιᾶς
2954 2169 3056 2224 τῶν
3096 2166 3288 2239 νήσων,
3343 2166 3402 2234 ἃς
3437 2167 3696 2247 κατέσχον

2145 2253 2400 2324 Ἀθηναῖοι
2425 2251 2722 2331 Τυρρηνοὺς
2745 2252 3069 2319 ἐκὸαλόντες.
3092 2259 3369 2312 Lemnum
3397 2259 3501 2312 ins.
3527 2258 3695 2314 intel·

2143 2344 2253 2417 lige
2271 2386 2288 2417 ,
2319 2361 2484 2416 quam
2517 2361 2770 2417 expresse
2793 2345 3047 2398 nominat
3072 2345 3362 2401 Cleanthes
3383 2345 3694 2420 (Neanthesj

2144 2448 2235 2503 ap.
2285 2430 2567 2503 Porphyr.
2594 2431 2705 2486 vit.
2740 2428 2901 2502 Pyth.
2940 2431 3061 2487 init.
3093 2431 3174 2489 cf.
3206 2433 3490 2507 Menagius
3526 2433 3598 2487 ad
3639 2433 3699 2489 h.

2145 2519 2183 2572 1.
2217 2528 2271 2572 et
2287 2518 2509 2573 Miiller.
2538 2518 2687 2576 Min.
2710 2535 2770 2590 p.
2806 2516 2917 2581 438
2947 2537 3003 2575 n.
3038 2536 3095 2575 α.

2891 2649 2947 2685 2.

2223 2746 2460 2818 Diogen.
2491 2746 2558 2800 L.
2595 2746 2760 2818 VIII,
2792 2743 2826 2798 8
2863 2763 2877 2798 ε
2920 2741 3070 2813 Φησὶ
3093 2741 3146 2801 δὲ
3168 2743 3257 2800 καὶ
3279 2742 3608 2822 Ἀριστόξενος
3631 2743 3701 2801 τὰ

2146 2828 2369 2885 πλεῖστα
2402 2831 2506 2885 τῶν
2543 2831 2730 2898 ἠθικῶν
2765 2828 3040 2906 δογμάτων
3064 2828 3242 2887 λαὸεἶν
3265 2829 3347 2888 τὸν
3384 2829 3700 2910 Πυθαγόραν

2149 2914 2296 2995 παρὰ
2326 2918 2417 2986 τῆς
2441 2914 2853 2993 Θεμιστοκλείας
2881 2919 2973 2987 τῆς
3012 2918 3282 2998 Δελφικῆς.

2896 3025 2954 3084 3.

2226 3141 2467 3214 Diogen.
2498 3143 2563 3196 L.
2606 3143 2661 3211 1,
2710 3140 2817 3196 118
2855 3138 3236 3220 εἈριστόξενος
3263 3140 3308 3198 δ’
3355 3142 3406 3199 ἐν
3452 3142 3525 3221 τῷ
3572 3140 3702 3221 περὶ

2150 3224 2457 3303 Πυθαγόρου
2487 3223 2578 3283 καὶ
2604 3228 2706 3283 τῶν
2735 3224 3006 3306 γνωρίμων
3051 3228 3210 3285 αὐτοῦ
3251 3226 3375 3309 φησὶ
3401 3225 3702 3297 νοσήσαντα

2151 3310 2309 3458 ΞῦᾸὸοζ
2347 3310 2473 3390 (τὸν
2512 3312 2828 3392 Φερεκύδη)
2878 3312 2979 3371 ὑπὸ
3019 3312 3327 3395 Πυθαγόρου
3373 3319 3602 3397 ταφῆναι
3647 3318 3704 3374 ἐν

2221 3438 2230 3468 ,
2282 3460 2293 3477 ⁸
2317 3443 2332 3458 .

2895 3513 2950 3572 ι..

2231 3619 2507 3692 Porphyr.
2543 3619 2655 3675 vit.
2693 3619 2857 3691 Pyth.
2883 3618 2918 3693 S
2945 3637 2981 3692 9
3012 3637 3025 3673 :
3061 3615 3320 3693 Γεγονότα
3352 3619 3394 3675 δ’
3428 3619 3557 3677 ἐτῶν
3591 3642 3699 3678 τεσ-

2155 3703 2450 3782 σαράκοντα
2467 3747 2484 3776 ,
2511 3703 2666 3782 φησιν
2694 3706 2722 3759 ὁ
2745 3701 3086 3782 Ἀριστόξενος
3103 3749 3120 3777 ,
3147 3703 3239 3761 καὶ
3266 3708 3464 3785 δρῶντα
3493 3704 3588 3777 τὴν
3611 3711 3702 3765 τοῦ

2157 3788 2528 3869 Πολυκράτους
2578 3789 2856 3869 τυραννίδα
2905 3790 3287 3870 συντονωτέραν
3333 3782 3512 3869 οὖσαν,
3564 3791 3704 3851 ὥστε

2156 3878 2327 3944 καλῶς
2363 3876 2501 3957 ἔχειν
2544 3875 2793 3959 ἐλευθέρῳ
2834 3876 2983 3959 ἀνδρὶ
3000 3924 3017 3952 ,
3058 3877 3154 3950 τὴν
3183 3877 3483 3936 ἐπιστασίαν
3514 3901 3572 3936 τε
3607 3880 3705 3938 καὶ

2156 3964 2459 4024 δεσποτείαν
2500 3963 2576 4038 μὴ
2617 3964 2912 4041 ὑπομένειν,
2948 3964 3110 4032 οὕτως
3138 3965 3200 4037 δὴ
3237 3963 3327 4035 τὴν
3357 3967 3425 4032 εἰς
3461 3965 3702 4024 Ἰταλίαν

2157 4052 2383 4133 ἄπαρσιν
2413 4052 2748 4122 ποιήσασθαι.
2787 4054 2931 4139 Vide
2975 4055 3216 4111 Clinton.
3252 4056 3314 4110 F.
3348 4051 3418 4110 H.
3463 4053 3534 4109 ad
3559 4074 3698 4114 ann.

2160 4142 2294 4217 539.
2326 4141 2411 4198 cf.
2442 4142 2514 4196 fr.
2547 4140 2641 4196 23.

2906 4310 2957 4360 3.

2212 4427 2523 4477 Aristoxenus
2563 4427 2614 4477 in
2655 4428 2779 4478 libro
2820 4428 2881 4478 de
2913 4429 3178 4491 Pythagora
3222 4429 3421 4492 eiusque
3456 4428 3705 4491 discipulis

2153 4503 2487 4566 Pherecydem,
2508 4517 2659 4566 quum
2678 4516 2741 4554 ex
2758 4504 2927 4554 morbo
2947 4507 3167 4556 mortuus
3184 4509 3323 4567 esset,
3350 4506 3401 4555 in
3419 4506 3537 4555 Delo
3551 4505 3705 4556 insula

2151 4593 2182 4630 a
2208 4581 2474 4643 Pythagora
2496 4582 2566 4632 ait
2585 4594 2687 4632 esse
2706 4583 2964 4645 sepultum.

2896 4699 2950 4750 4.

2213 4809 2522 4858 Aristoxenus
2570 4809 2715 4859 refert
2762 4808 3107 4870 Pythagoram,
3157 4820 3309 4856 annos
3361 4809 3530 4857 natum
3577 4820 3704 4869 qua-

2151 4884 2369 4948 draginta
2386 4921 2401 4947 ,
2445 4897 2597 4947 quum
2644 4883 2909 4946 Polycratis
2953 4882 3257 4945 tyrannidem
3300 4883 3708 4934 vehementiorem

2152 4965 2392 5023 cerneret,
2417 4976 2564 5026 quam
2584 4964 2639 5012 ut
2661 4963 2863 5025 ingenuo
2885 4961 3065 5011 homini
3090 4960 3345 5024 imperium
3369 4961 3700 5012 dominatum·

2150 5052 2248 5102 que
2278 5039 2413 5089 istius
2437 5040 2558 5090 ferre
2588 5039 2777 5100 liceret,
2812 5039 2902 5088 hac
2941 5038 3193 5089 occasione
3224 5039 3273 5088 in
3309 5038 3494 5089 ltaliam
3524 5038 3708 5090 disces-

2156 5129 2290 5166 sisse.
