4016 5916
1381 386 1880 449 MANETHONIS
1927 385 2422 445 FRAGMENTA.

299 548 514 600 tionem
539 562 570 599 a
596 541 932 598 Manethone
973 537 1206 593 alienam
1236 552 1377 598 esse,
1430 532 1519 588 vel
1551 530 1683 586 inde
1724 547 1856 586 con·

296 632 494 687 eludas
513 630 672 704 quod
695 628 967 701 Iosephus
1004 623 1161 697 (Ant.
1191 620 1400 689 Jud.J,
1426 619 1481 687 3,
1506 617 1609 692 9),
1636 618 1734 672 ubi
1762 617 1857 672 de·

291 719 482 774 fendit
500 737 563 773 ea
581 759 597 787 ,
625 736 748 792 quae
762 716 833 771 de
857 712 1300 788 patriarcharum
1319 709 1431 763 vita
1460 707 1779 782 longissima
1803 706 1862 758 in

297 808 469 862 sacris
497 806 654 860 libris
675 803 1011 867 reseruntur,
1041 798 1115 854 ad
1139 796 1528 872 Manethonem
1555 802 1859 867 provocet,

297 897 517 967 quippe
544 892 644 964 qui
673 890 870 944 similia
899 887 970 942 de
988 884 1261 960 AEgyptiis
1286 882 1582 938 tradiderit
1609 900 1623 934 :
1654 881 1864 956 Μαρτυ·

300 986 450 1057 ροῧσι
480 976 534 1035 δέ
562 997 661 1052 μου
689 976 762 1052 τῷ
785 970 923 1051 λόγῳ
952 970 1141 1036 πάντες
1156 966 1591 1046 οῖπαρ”ἸΞλλησι
1611 964 1700 1023 καὶ
1718 963 1862 1042 παρὰ

302 1063 589 1144 βαρὸἄροις
614 1057 1036 1138 συγγραψάμενοι
1064 1053 1157 1121 τὰς
1194 1051 1587 1132 ἀρχαιολογίας.
1619 1050 1728 1110 Καὶ
1762 1049 1862 1127 γὰρ

297 1152 396 1211 καὶ
421 1155 474 1211 Μ
493 1144 729 1207 ανεθὼν
758 1149 786 1203 ὃ
806 1144 900 1215 τὴν
926 1146 1028 1201 τῶν
1049 1140 1351 1220 Αἰγυπτίων
1375 1137 1719 1215 ποιησάμενος
1748 1139 1864 1193 ἀνα·

295 1237 508 1320 γραφὴν
530 1236 620 1294 καὶ
636 1231 915 1314 Βηρωσσὸς
942 1234 1107 1292 κτλ...
1141 1233 1472 1306 συμφωνοῦσι
1498 1230 1602 1293 τοῖς
1625 1228 1710 1283 ὑπ’
1739 1226 1863 1300 ἐμοῦ

301 1325 619 1406 λεγομένοις.

385 1416 416 1490 §
439 1435 495 1470 α.
525 1415 659 1470 Post
676 1413 807 1467 cleos
841 1419 1144 1483 regnarunt
1166 1403 1388 1483 hernes]
1413 1406 1657 1463 Aucher.
1690 1421 1704 1461 ε
1740 1415 1868 1477 post

299 1505 437 1559 deos
460 1505 715 1573 regnavit
732 1516 867 1571 gens
889 1498 1276 1554 semideorum.

389 1591 421 1664 ᾖ
453 1590 508 1648 3.
537 1590 799 1643 Manium
830 1582 1202 1660 Heroumque]
1225 1583 1470 1640 Aucher.
1502 1601 1516 1637 ε
1544 1584 1791 1635 manium
1814 1590 1868 1633 ee

301 1679 685 1734 semideorum.
708 1677 920 1730 Heroes
942 1673 1028 1728 vel
1050 1671 1325 1727 semideos
1336 1670 1452 1742 jam
1474 1667 1750 1725 recensuit
1769 1685 1866 1719 au-

305 1777 447 1821 ctor.
496 1767 681 1836 Quare
732 1763 921 1817 denuo
959 1778 1056 1816 cos
1093 1759 1293 1816 afferre
1327 1775 1446 1812 non
1470 1757 1674 1831 potuit.
1709 1756 1869 1809 Men-

303 1872 397 1908 sus
415 1864 496 1909 est
530 1872 543 1907 :
571 1861 758 1905 secuta
800 1859 879 1903 est
902 1847 1212 1902 dominatio
1240 1846 1519 1913 manium,
1564 1859 1707 1915 quos
1735 1843 1866 1894 item

305 1942 593 2015 appellant
635 1935 941 2002 semideos,
997 1951 1244 2007 quorum
1271 1932 1598 1987 inferiorem
1624 1929 1866 2000 aliquem

307 2027 572 2085 ordinem
596 2025 963 2079 constituunt.
1009 2023 1153 2077 Rem
1176 2023 1252 2077 ita
1281 2038 1395 2076 esse
1419 2020 1596 2092 liquet
1616 2033 1686 2071 ex
1714 2014 1870 2071 Afri-

309 2135 455 2173 cano
487 2133 578 2188 ap.
606 2108 845 2186 Syncell.
867 2129 926 2184 p.
954 2108 1052 2182 54,
1082 2111 1158 2178 B,
1193 2110 1290 2164 ubi
1327 2128 1340 2163 :
1370 2103 1501 2181 μετὰ
1535 2099 1723 2166 νέκυας
1755 2097 1870 2165 τοὺς

308 2198 555 2277 ἡμιθέους
598 2194 781 2275 πρώτη
810 2193 1047 2274 βασιλεία
1091 2196 1506 2273 καταριθμεῖται,
1527 2191 1685 2261 κτλ.;
1719 2198 1774 2245 et
1802 2206 1869 2244 ex

311 2294 553 2364 Excerp.
570 2287 799 2343 Barbar.
825 2304 883 2358 p.
916 2290 983 2356 74
1020 2301 1034 2341 :
1065 2285 1198 2340 Post
1212 2283 1337 2338 lucc
1362 2284 1690 2356 quniorum
1712 2295 1872 2352 reges

313 2381 695 2453 interpretavit
720 2372 993 2429 Imitheos
1038 2391 1232 2427 vocans
1271 2384 1326 2426 et
1368 2377 1547 2442 imos,
1581 2370 1621 2426 i.
1649 2387 1702 2424 e.
1740 2361 1870 2439 μετὰ

316 2470 485 2523 ταῦτα
546 2460 635 2526 τὰς
679 2457 873 2517 νεκύων
917 2457 1183 2537 βασιλείας
1242 2457 1531 2535 ἐξηγήσατο
1583 2451 1873 2532 (Μανεθῶ)

319 2551 559 2628 ἡμιθέους
586 2550 759 2607 καλῶν
788 2546 877 2605 καὶ
924 2545 1124 2612 αὐτούς.
1157 2548 1223 2605 V.
1247 2547 1482 2604 Boeckh.
1507 2565 1572 2622 p.
1611 2565 1737 2606 101.
1759 2550 1870 2603 Pro

319 2640 568 2697 Africani
619 2637 803 2692 verbis
855 2636 1122 2691 Eusebius
1187 2633 1416 2706 quidem
1472 2651 1561 2707 ap.
1628 2634 1869 2708 Syncell.

319 2749 378 2802 p.
415 2726 519 2795 55,
548 2726 718 2781 habet
762 2743 776 2779 :
807 2718 940 2798 μετὰ
978 2719 1164 2787 νέκυας
1193 2719 1282 2778 καὶ
1311 2718 1426 2785 τοὺς
1451 2716 1718 2795 ἡμιθέους,
1753 2722 1867 2780 κτλ.

319 2819 526 2872 Verum
569 2814 613 2868 si
647 2813 849 2867 vocula
887 2807 978 2867 καὶ
1009 2810 1119 2865 hoc
1162 2811 1290 2865 loco
1321 2819 1474 2865 recte
1509 2825 1567 2864 se
1603 2809 1869 2880 haberet,

319 2899 624 2957 dicendum
654 2908 774 2954 erat
802 2894 935 2973 μετὰ
977 2892 1095 2961 τοὺς
1118 2893 1306 2961 νέκυας
1334 2891 1425 2952 καὶ
1461 2917 1508 2952 τ.
1545 2896 1625 2966 ἡ.;
1669 2895 1875 2953 deinde

321 2988 552 3046 semidei
575 2998 702 3043 ante
727 3004 920 3042 manes
944 2986 1084 3060 poni
1114 2984 1414 3042 debebant.
1445 2985 1742 3058 Perperam
1767 2987 1877 3060 igi-

325 3087 416 3131 tur
443 3075 772 3148 particulam
798 3069 887 3128 καὶ
913 3072 1099 3127 verbis
1127 3072 1372 3127 Africani
1399 3072 1630 3127 inseruit
1662 3074 1874 3131 Routh.

325 3164 505 3235 Reliq.
539 3164 692 3221 Sacr.
736 3172 875 3219 tom.
917 3159 1012 3227 ΙΙ,
1048 3179 1108 3233 p.
1150 3159 1253 3214 132
1275 3201 1291 3228 ,
1333 3178 1498 3231 quem
1541 3171 1760 3216 secutus
1801 3172 1873 3217 est

325 3254 557 3307 Bunsen.
596 3248 1055 3315 Urkundenbuch,
1091 3266 1148 3321 p.
1180 3248 1233 3303 8.

404 3338 436 3411 §
458 3343 509 3401 4.
527 3338 693 3391 Mille
715 3333 1021 3410 myriades]
1043 3336 1351 3390 accuratius
1372 3336 1659 3392 Aucherus
1682 3344 1886 3398 :simul

328 3440 515 3479 omnes
532 3427 671 3478 anni
696 3433 1044 3478 recensentur
1055 3426 1257 3493 nov-ias
1271 3424 1435 3491 mille,
1461 3424 1501 3477 i.
1527 3440 1576 3481 e.
1597 3427 1801 3498 myrias
1829 3434 1883 3482 et

331 3513 480 3566 mille
500 3552 519 3582 ,
551 3528 767 3580 1¹0003
798 3528 921 3581 quae
949 3527 1158 3564 summa
1191 3520 1268 3564 est
1295 3510 1593 3566 rotundius
1623 3531 1882 3588 expressa

333 3614 608 3654 annorum
626 3640 641 3667 ,
666 3596 871 3670 quibus
889 3591 1117 3652 semidei
1150 3608 1204 3652 et
1223 3616 1409 3653 manes
1428 3612 1751 3672 regnarunt.
1779 3604 1882 3657 Ex·

329 3695 599 3758 putantur
618 3685 748 3739 anni
770 3702 792 3738 1
810 3683 1063 3740 1025.—
1079 3683 1381 3761 MMCCVI]
1407 3687 1681 3743 Numerus
1696 3708 1882 3744 corru-

331 3782 461 3844 ptus
487 3783 595 3839 est,
619 3789 794 3844 quum
814 3770 969 3824 nullo
986 3782 1253 3844 computo
1272 3773 1394 3827 erui
1411 3774 1601 3846 possit.
1625 3776 1692 3831 V.
1717 3777 1881 3832 infra.

410 3858 528 3933 55.
553 3860 876 3932 Multopost
894 3856 1190 3934 diluvium]
1213 3860 1492 3915 Bunsenio
1522 3861 1886 3918 scribendum

334 3947 554 4002 videtur
582 3966 595 4001 :
619 3966 727 4001 non
748 3945 918 4002 multo
955 3965 1018 4019 p.
1047 3948 1105 4001 d.
1125 3947 1211 4002 De
1232 3949 1556 4022 corruptela
1583 3949 1884 4006 verborum

336 4034 448 4106 jam
485 4034 662 4106 Majus
689 4035 973 4109 cogitavit.

415 4122 446 4195 §
479 4121 539 4180 6.
567 4121 819 4177 Eandem
841 4122 984 4177 hanc
1011 4124 1341 4178 sententiam
1364 4140 1433 4178 ex
1453 4124 1694 4179 Eusebio
1727 4126 1889 4182 affert

338 4210 622 4283 Syncellus
645 4228 707 4282 p.
742 4216 814 4275 4ο
835 4212 906 4265 D.

416 4294 450 4369 S
496 4315 544 4365 7.
569 4296 677 4349 Hoe
712 4297 1056 4369 dynastiae...
1098 4295 1455 4372 continuisse]
1478 4297 1721 4356 Aucher.
1755 4302 1887 4373 :dy-

340 4392 531 4437 nastas
558 4400 693 4439 vero
730 4388 810 4439 ita
834 4403 896 4439 se
922 4385 1181 4441 habuisse
1208 4386 1665 4458 quemadmodum
1697 4392 1754 4441 in
1771 4392 1893 4462 ipsa

341 4470 559 4543 quidem
586 4489 770 4527 eorum
802 4474 923 4546 lege
946 4478 1204 4548 scriptum
1229 4485 1368 4530 erat.
1418 4496 1443 4521 α
1481 4474 1780 4529 Armenius
1805 4476 1893 4530 in-

346 4566 561 4629 terpres
586 4551 745 4630 νόμον
771 4560 949 4634 legem
988 4555 1183 4636 [νόμον
1222 4577 1332 4632 pro
1367 4556 1555 4634 νομόν]
1587 4571 1645 4616 et
1686 4581 1890 4639 περιγε-

341 4641 567 4720 γράφθαι
590 4648 848 4718 scriptum
870 4664 981 4700 esse
1010 4646 1301 4704 intellexit.
1338 4670 1360 4696 υ
1393 4648 1531 4704 Mat.

421 4731 600 4806 Igitur
620 4740 730 4786 tres
756 4730 909 4804 apud
945 4732 1339 4787 Manethonem
1369 4743 1729 4789 recensentur
1759 4734 1895 4789 clas·

343 4834 424 4872 ses
467 4816 846 4891 dynastiarum
874 4818 1267 4891 mythicamm.
1297 4819 1481 4875 Prima
1522 4831 1603 4875 est
1633 4820 1858 4877 deorum
1877 4864 1893 4890 ,

344 4922 596 4977 quorum
617 4903 731 4960 duo
761 4916 912 4961 certe
941 4904 1318 4979 distinguendi
1352 4906 1608 4976 ordines,
1641 4908 1780 4964 alter
1812 4926 1898 4962 se-

343 5001 498 5063 ptem
536 4990 776 5047 deorum
810 4990 1086 5063 majorum
1106 5031 1123 5061 ,
1157 4992 1435 5065 Hephaesti
1462 4990 1641 5070 (Ptalz
1661 4989 1695 5069 )‚
1753 4993 1898 5049 Helii

351 5075 528 5150 (Ra),
573 5079 1065 5152 Agathodaemonis
1118 5076 1136 5152 (
1158 5079 1323 5136 Num.
1373 5080 1612 5140 Chnum.
1660 5081 1898 5155 Cneple),

347 5164 516 5220 Croni
559 5164 754 5241 (Seb),
803 5165 1036 5222 Osiridis
1083 5166 1291 5245 (Usiri)
1309 5209 1327 5239 ,
1361 5168 1647 5243 Typhonis
1678 5168 1862 5245 (Seth)
1881 5210 1895 5237 ,

3376 395 3489 445 ⁵27

1954 522 2095 576 Hori
2119 520 2289 596 (Hor)
2326 537 2339 577 t
2374 519 2516 575 alter
2538 519 2725 572 nescio
2751 529 2894 589 quot
2921 517 3157 573 deorum
3185 519 3491 592 minorum,

1953 627 2198 680 quorum
2229 618 2545 681 postremus
2575 623 2685 659 sec.
2717 605 2917 660 Euseb.
2949 605 3055 658 fuit
3080 604 3247 678 Bydis
3271 607 3384 679 (vel
3408 608 3506 661 Bi·-

1955 691 2089 771 tys).
2132 725 2210 735 —-
2240 695 2307 748 In
2336 692 2617 749 latereulis
2645 690 3023 764 dynastiarum
3044 732 3060 760 ,
3088 710 3210 763 quae
3248 710 3316 747 ex
3344 704 3507 767 parte

1953 792 2251 853 supersunt
2273 781 2331 835 in
2351 780 2538 836 lacero
2556 796 2774 852 papyro
2796 778 3087 833 Turinensi
3112 777 3375 853 (Lepsius
3399 782 3507 837 Ur-

1955 867 2201 937 kunden,
2224 867 2338 924 tab.
2363 865 2686 941 111-V1.),
2714 865 2952 920 deorum
2978 863 3251 936 majorum
3277 871 3509 924 nomina

1956 956 2259 1010 etiamnum
2296 956 2559 1029 leguntur
2596 963 2865 1026 quattuor
2900 963 3183 1026 postrema
3221 950 3311 1028 (4.
3360 956 3506 1024 Seb3

1959 1040 2013 1099 5.
2061 1042 2274 1110 Osirim
2321 1042 2377 1096 6.
2418 1041 2586 1112 Setlz3
2627 1059 2684 1111 7.
2731 1041 2963 1113 Horas).
3001 1040 3220 1096 Deinde
3262 1059 3512 1114 sequun-

1959 1139 2081 1185 tur:
2112 1129 2168 1189 8.
2204 1129 2363 1188 Totlz.
2398 1139 2453 1186 et
2477 1149 2533 1202 9.
2560 1130 2718 1197 Ma.;
2744 1129 3029 1200 sequeutia
3050 1128 3344 1184 obliterata
3366 1143 3509 1187 sunt.

1957 1218 2152 1272 Patere
2184 1228 2386 1285 tamen,
2404 1217 2710 1271 Bunsenius
2733 1235 2791 1289 p.
2819 1223 2932 1288 429
2960 1216 3064 1282 ait,
3096 1215 3227 1270 inde
3247 1216 3317 1271 ab
3334 1236 3510 1292 regno

1958 1303 2179 1358 decimo
2232 1304 2397 1358 tertio
2453 1321 2668 1357 novum
2710 1302 2965 1357 ordinem
3014 1303 3298 1375 incepisse.
3334 1305 3511 1378 Igitur

1956 1401 2084 1462 post
2097 1400 2309 1464 septem
2330 1389 2467 1445 deos
2480 1389 2721 1462 majores
2740 1390 2833 1445 alii
2850 1389 2929 1444 dii
2950 1390 3329 1462 sequebantur
3344 1394 3510 1464 quin-

1958 1495 2088 1549 que.
2133 1477 2303 1551 Apud
2347 1477 2743 1533 Manethonem
2781 1475 3067 1534 Panodori
3111 1477 3210 1551 (fr.
3260 1477 3333 1554 α)
3386 1492 3514 1552 post

1961 1566 2177 1619 Horum
2206 1565 2377 1638 primi
2411 1573 2723 1638 sequuntur
2752 1566 2894 1619 Ares·
2924 1575 2978 1619 et
3007 1565 3220 1619 Anubis
3259 1575 3315 1620 et
3352 1566 3511 1621 dein-

1959 1671 2087 1725 ceps
2111 1653 2203 1708 alii
2230 1671 2356 1721 sex,
2386 1654 2483 1726 qui
2508 1652 2585 1707 ibi
2612 1661 2893 1724 tamquam
2933 1651 3165 1706 semidei
3212 1671 3512 1708 recensen-

1959 1749 2071 1794 tur.
2104 1740 2252 1794 Nihil
2283 1739 2414 1794 inde
2439 1741 2576 1795 lucis
2614 1757 2753 1795 vero
2783 1739 3105 1794 Manethoni
3144 1738 3358 1793 affundi
3390 1759 3515 1795 cen·

1959 1838 2048 1882 cet
2092 1829 2428 1897 Bunsenius,
2475 1829 2514 1883 l.
2567 1828 2610 1886 l.
2643 1829 2903 1885 Ceterum
2942 1826 3014 1881 de
3056 1826 3234 1882 tribus
3275 1827 3515 1884 deorum

1959 1917 2189 1990 AEgypt.
2219 1916 2530 1986 ordinibus,
2558 1935 2701 1990 quos
2730 1914 3056 1971 Herodotus
3076 1915 3311 1988 indicat,
3329 1915 3516 1989 (leque

1959 2005 2179 2059 ratione
2201 2022 2311 2077 qua
2340 2023 2408 2060 ex
2437 2004 2797 2059 monimentis
2819 2002 3195 2059 constituendi
3225 2003 3334 2057 sint
3350 2046 3365 2073 ,
3396 2004 3515 2060 fuse

1961 2090 2207 2164 disputat
2226 2090 2377 2147 idem
2403 2092 2710 2148 Bunsenius
2732 2092 2759 2145 1
2775 2132 2791 2160 ,
2823 2108 2885 2164 p.
2921 2096 3034 2165 429
3054 2107 3178 2163 sqq.

2039 2181 2189 2234 Deos
2214 2179 2501 2253 excipiunt
2522 2179 2898 2235 Seneideomm
2932 2176 3195 2251 dynastiae
3232 2189 3514 2249 quattuor.

1961 2265 2207 2323 Tertiam
2231 2285 2424 2323 earum
2452 2277 2507 2322 et
2534 2277 2787 2340 quartam
2813 2264 3124 2339 exhibuisse
3150 2263 3405 2320 videmus
3430 2284 3517 2322 se-

1961 2352 2177 2409 mideos
2200 2364 2481 2409 certarum
2503 2353 2946 2426 provinciarum.
2991 2350 3151 2410 Idem
3181 2349 3252 2405 de
3274 2351 3520 2407 secunda

1963 2442 2216 2497 valuerit.
2245 2442 2430 2497 Prima
2458 2441 2688 2496 fortasse
2716 2457 2813 2495 eos
2835 2438 3190 2511 continebat,
3213 2439 3311 2510 qui
3340 2457 3370 2493 a
3399 2457 3517 2496 ma-

1955 2529 2071 2601 jori
2116 2529 2513 2603 AEgyptiorum
2541 2539 2701 2602 parte
2728 2527 3190 2602 agnoscebantur.
3229 2527 3325 2582 Sin
3350 2527 3520 2583 hosce

1962 2615 2236 2671 semideos
2262 2616 2603 2690 appellamus
2627 2613 2840 2670 Hemks
2857 2654 2874 2680 ,
2906 2612 3215 2669 cavendum
3243 2625 3322 2668 est
3348 2631 3421 2669 ne
3448 2613 3522 2671 de

1966 2703 2205 2759 deorum
2231 2712 2286 2758 et
2309 2703 2634 2758 mortalium
2657 2700 2845 2756 liberis
2869 2700 3193 2774 cogitemus.
3278 2700 3347 2756 Id
3371 2702 3523 2756 enim

1965 2791 2036 2846 ab
2068 2789 2449 2865 AEgyptiorum
2470 2789 2815 2863 mythologia
2833 2787 3077 2842 alienum
3101 2805 3215 2843 esse
3240 2807 3310 2844 ex
3332 2790 3522 2844 Hero-

1967 2877 2105 2934 doto
2137 2888 2366 2934 constat.

2050 2967 2253 3021 Manes
2277 2958 2522 3044 (νεκύαι)
2561 2964 2751 3036 quales
2776 2962 3005 3030 fuerint,
3036 2979 3307 3034 nusquam
3345 2963 3526 3019 tradi-

1969 3065 2076 3112 tur.
2100 3054 2380 3110 Bunsenio
2406 3051 2646 3107 indicari
2668 3049 2933 3105 videntur
2951 3051 3210 3124 stirpium
3238 3061 3523 3122 auctores,

1971 3144 2069 3217 qui
2106 3144 2164 3198 in
2202 3143 2430 3217 singulis
2464 3139 2780 3196 civitatibus
2820 3139 3023 3193 eximio
3053 3156 3116 3193 ac
3154 3148 3367 3199 tantum
3408 3158 3528 3195 non

1971 3230 2166 3286 divino
2191 3230 2345 3285 cultu
2367 3227 2633 3283 honorati
2653 3225 2861 3280 suerint
2888 3222 2979 3299 (*).

2050 3316 2323 3374 Ordinem
2349 3314 2755 3389 dynastiamm,
2789 3330 2955 3385 quem
2988 3312 3257 3367 Eusebius
3281 3314 3528 3386 praebet,

1972 3406 2279 3463 Bunsenius
2304 3405 2330 3459 Ι
2348 3443 2366 3474 ,
2394 3422 2456 3477 p.
2496 3399 2601 3458 105
2632 3401 2837 3456 mutari
2865 3399 3003 3457 vult.
3036 3397 3169 3454 Post
3196 3399 3332 3456 deos
3364 3402 3531 3474 ponit

1971 3490 2349 3546 semideorum
2387 3487 2695 3562 dynastiam
2732 3503 3008 3541 annorum
3050 3483 3217 3541 1255.
3256 3486 3531 3559 Deinceps

1976 3580 2194 3635 tertiam
2228 3578 2395 3652 ponit
2424 3594 2577 3643 eam,
2609 3591 2779 3648 quam
2814 3571 3084 3629 Eusebius
3129 3573 3381 3628 omnium
3416 3591 3531 3646 po-

1973 3678 2236 3722 stremam
2280 3664 2412 3720 facit
2431 3705 2448 3736 ,
2484 3663 2745 3718 Manium
2784 3678 2857 3715 1⁶1·
2881 3660 3149 3725 Hemum3
3180 3677 3304 3732 quae
3343 3660 3532 3732 itaque

1977 3754 2135 3808 mixti
2164 3752 2385 3826 generis
2412 3750 2601 3805 suisset
2643 3748 2933 3803 transitum
2970 3744 3214 3802 efficiens
3251 3763 3284 3801 a
3320 3744 3426 3802 diis
3459 3746 3532 3802 ad

1978 3857 2135 3912 reges
2173 3837 2456 3895 mortales,
2545 3837 2642 3890 His
2680 3834 2885 3890 deinde
2929 3832 3218 3907 subjungit
3257 3834 3529 3905 reliquas,

1980 3928 2192 4000 quippe
2214 3942 2337 3997 quae
2369 3932 2693 3979 recenseant
2715 3938 2875 3995 reges
2900 3920 3164 3975 mortales
3198 3922 3426 3994 singulis
3456 3923 3534 3975 ci-

1978 4013 2241 4069 vitatibus
2262 4013 2625 4085 imperantes»,
2656 4020 2952 4086 antequam
2976 4009 3323 4081 superiorem
3372 4005 3536 4082 AEgy-

1979 4112 2141 4176 ptum
2165 4118 2293 4157 cum
2315 4098 2582 4154 inferiore
2605 4098 2794 4153 Menes
2816 4097 2875 4150 in
2899 4112 3066 4150 unam
3092 4093 3535 4149 dominationem

2045 4276 2109 4335 (¹¹)
2130 4276 2335 4325 Bunsen.
2364 4275 2401 4332 l,
2420 4286 2471 4334 p.
2502 4274 2587 4321 104
2609 4288 2623 4320 ε
2650 4288 2677 4313 οι
2706 4268 2794 4319 Die
2816 4271 2987 4318 Manen
3004 4265 3228 4316 schelnen
3244 4264 3407 4315 solche
3424 4268 3538 4314 1<oe-

1983 4346 2089 4407 nige
2121 4344 2205 4393 der
2232 4343 2389 4393 Urzeit
2411 4357 2469 4392 zu
2498 4341 2812 4402 bezeichnen,
2843 4337 2921 4389 die
2955 4351 3087 4387 zwar
3122 4337 3193 4388 als
3222 4338 3351 4387 relne
3373 4336 3541 4386 sterb-

1981 4414 2107 4464 liche
2142 4414 2326 4475 gulten,
2363 4413 2477 4463 aber
2516 4412 2640 4461 doch
2688 4411 3131 4461 als·Stammvaeter
3164 4406 3252 4457 der
3296 4406 3542 4455 einzelnen

1984 4482 2359 4543 Landschassen‚
2383 4482 2475 4532 wie
2498 4481 2576 4531 die
2600 4484 2788 4532 Prittis
2806 4478 2893 4531 der
2916 4478 3071 4537 luder,
3095 4477 3223 4527 einer
3250 4475 3543 4525 bisonderen

1983 4554 2266 4613 verehrung
2285 4565 2530 4615 genooeen.
2556 4552 2636 4601 sio
2657 4550 2850 4601 werden
2868 4550 2917 4598 in
2936 4548 3029 4598 den
3052 4548 3185 4597 alten
3208 4544 3541 4597 Veneichnis·

1983 4638 2069 4673 sen
2086 4623 2435 4685 vorzugsweise
2456 4624 2544 4671 mit
2568 4620 2679 4671 dem
2698 4619 2973 4670 ausdrucke
2999 4622 3151 4667 mam
3168 4653 3182 4677 ,
3206 4616 3284 4666 die
3308 4616 3541 4665 Get-echt-

1984 4693 2205 4756 fertigten
2222 4729 2238 4754 ,
2256 4692 2570 4743 vollendeten
2580 4728 2598 4754 ,
2616 4690 2894 4741 bezeichnet
2916 4688 3113 4738 worden
3127 4689 3247 4738 sein.
3278 4690 3341 4737 So
3360 4686 3562 4759 heissen·

1985 4762 2209 4814 noemlich
2233 4762 2328 4811 alle
2350 4760 2735 4821 vet-storbenen;
2776 4759 2892 4809 aber
2916 4758 3042 4809 auch
3068 4770 3162 4807 von
3192 4756 3285 4806 den
3315 4756 3545 4818 Koenigen

1985 4833 2072 4884 der
2096 4831 2496 4895 geschichtlichen
2521 4832 2623 4881 Zeit
2664 4830 2820 4879 haben
2858 4827 3009 4891 einige
3043 4828 3387 4890 vorzugsweise
3416 4824 3545 4873 diese

1987 4902 2336 4964 Bezeichnung.
2384 4902 2482 4951 Aut
2509 4900 2746 4950 aehnllche
2771 4898 2931 4951 Welse
2957 4912 3066 4959 mag
3093 4911 3145 4948 es
3170 4897 3272 4946 sich
3293 4897 3381 4948 mit
3402 4894 3545 4957 jenen

1989 4975 2161 5022 Manen
2188 4971 2450 5021 vei-hatten.
2488 4970 2597 5020 Wir
2622 4968 2781 5020 haben
2810 4969 2862 5018 in
2893 4968 3039 5017 ihnen
3066 4966 3317 5029 jedenmls
3332 4963 3409 5013 die
3428 4967 3544 5013 1(oe-

1988 5043 2096 5104 nige
2125 5041 2211 5091 der
2233 5042 2451 5091 aeltestcn
2468 5040 2871 5102 goechichuichen
2897 5044 3014 5101 Sage
3039 5051 3099 5088 zu
3122 5036 3388 5096 θήσουσι),
3414 5035 3546 5084 nicht

1988 5113 2126 5162 mehr
2134 5126 2221 5161 zur
2238 5111 2691 5171 cumen-geschichte
2704 5110 2906 5158 sondern
2923 5123 3008 5156 zur
3025 5105 3547 5168 Menschengescltichte

1989 5183 2197 5244 gehoerig
2220 5200 2234 5231 ε
2267 5182 2345 5231 die
2370 5183 2564 5243 Koenige
2596 5183 2679 5229 der
2707 5182 2881 5230 Urzcit.
2907 5200 2930 5221 υ
