4016 5916
500 401 612 452 238

1636 383 2082 443 DlCAEARCHI
2127 381 2469 443 MESSENH
2498 472 2504 479 .

497 539 619 596 quae
649 520 720 578 de
745 519 1013 578 Chaldaeis
1045 518 1315 573 retulerat
1350 534 1419 571 ex
1453 514 1778 572 Dicaearcho
1806 514 2045 589 repetita
2137 513 2366 569 Aristot.
2393 509 2562 567 Polit.
2584 512 2641 578 1,
2671 530 2694 564 1
2716 551 2732 579 ,
2767 516 2820 576 l..
2852 505 2948 585 6),
2975 509 3116 566 alter
3136 512 3283 566 ratio
3307 512 3453 567 inter
3481 531 3701 587 paren·

494 627 627 666 esse.
687 632 711 659 υ

1238 701 1295 756 9.

570 818 837 892 Stephan.
877 818 1012 889 Byz.
1057 833 1071 870 ε
1105 809 1328 892 Πάτρα,
1377 807 1431 867 ἓν
1458 812 1562 867 τῶν
1590 812 1745 888 τριῶν
1784 812 1886 867 τῶν
1914 808 2042 886 παρ’

491 903 722 975 Ἕλλησι
765 899 1031 967 κοινωνίας
1076 901 1258 970 εἰδῶν,
1288 901 1356 963 ὥς
1384 896 1726 974 Δικαίαρχος,
1762 896 1795 954 ἃ
1837 893 1900 967 δὴ
1946 919 2043 954 κα-

491 991 680 1066 λουμεν
709 988 941 1068 πάτραν,
969 984 1252 1067 φρατρίαν,
1283 982 1467 1064 φυλην.
1506 980 1571 1042 F
1574 983 1739 1053 κληθη
1774 982 1827 1040 δὲ
1865 981 2042 1063 πάτρα

492 1077 586 1153 μὲν
610 1079 681 1143 εἷς
708 1075 801 1147 τὴν
833 1075 1071 1185 δευτέραν
1090 1070 1386 1150 μετάὸασιν
1404 1069 1650 1131 ἐλθόντων
1676 1075 1709 1140 ἡ
1728 1069 1863 1128 κατὰ
1883 1069 2044 1146 μόνας

490 1164 697 1223 ἑκάστω
725 1162 975 1242 πρότερον
1011 1151 1141 1220 ουσα
1167 1157 1469 1238 συγγένεια,
1501 1156 1602 1215 ἀπο
1630 1180 1718 1215 του
1744 1156 2043 1236 πρεσὸυτᾶ-

488 1273 578 1308 του
616 1273 673 1308 τε
704 1249 793 1308 καὶ
837 1249 1066 1325 μάλιστα
1090 1245 1399 1325 ἶσγύσαντος
1426 1247 1478 1303 ἐν
1505 1248 1581 1302 τῶ
1608 1243 1742 1321 γένει
1769 1244 1861 1314 τὴν
1892 1245 2038 1303 ἕπω-

489 1337 676 1414 νυμίαν
701 1337 930 1416 ἔχουσα,
974 1334 1029 1394 ὃν
1062 1333 1123 1393 ἂν
1160 1333 1350 1413 τρόπον
1390 1310 1705 1397 Αιίακίδας“Ἰ
1678 1357 1711 1402 η
1744 1333 2042 1400 Πελοπίδας

489 1424 625 1485 εἴποι
656 1449 731 1492 τις
760 1423 842 1483 ἄν.
869 1421 1110 1501 Φατρίαν
1143 1421 1400 1500 (πατρίαν
1439 1422 1601 1498 libri)
1636 1419 1688 1478 δὲ
1729 1419 1917 1491 συνέὲη
1946 1419 2040 1478 λε’-

487 1519 669 1593 γεσθαι
690 1512 781 1571 καὶ
818 1510 1105 1590 φρατρίαν,
1131 1508 1311 1579 ἐπειδή
1340 1532 1471 1574 τινες
1513 1509 1585 1575 εἷς
1624 1506 1803 1587 ἑτέραν
1833 1508 2038 1588 πάτραν

487 1601 756 1683 (φράτραν
796 1595 956 1676 libr.)
987 1596 1220 1655 ἐδίδοσαν
1263 1594 1544 1698 θυγατέρας
1574 1599 1790 1656 ἑαυτῶν.
1821 1598 1900 1656 Οὐ
1938 1595 2039 1676 γὰρ

489 1688 565 1747 ἔτι
591 1692 693 1746 τῶν
723 1688 1088 1764 πατριωτικῶν
1119 1687 1267 1762 ἱερῶν
1297 1705 1406 1761 ειχε
1434 1680 1702 1741 κοινωνίαν
1727 1684 1760 1752 ἡ
1796 1683 2035 1754 δοθεῖσα,

487 1776 604 1833 ἀλλ’
649 1776 719 1840 εἷς
764 1771 855 1842 τὴν
886 1795 974 1830 του
1020 1769 1270 1837 λαὸόντος
1312 1768 1475 1840 αὐτὴν
1514 1766 1774 1827 συνετέλει
1803 1767 2036 1849 πάτραν·

486 1861 620 1921 ὥστε
646 1861 894 1941 πρότερον
922 1859 1065 1938 πόθῳ
1105 1862 1196 1928 τ’ἧς
1224 1857 1433 1916 συνόδου
1457 1855 1759 1935 γιγνομένης
1793 1856 2039 1937 ἀδελφαις

487 1946 579 2005 συν
611 1948 846 2027 ἀδελφῷ,
861 1944 1025 2025 ἑτέρα
1054 1969 1128 2011 τις
1148 1948 1300 2024 ἱερων
1320 1942 1465 2013 ἐτέθη
1495 1941 1772 2014 κοινωνικὴ
1804 1940 2035 2020 σύνοδος,

484 2034 548 2106 ἣν
576 2034 638 2105 δὴ
668 2033 918 2145 φρατρίαν
948 2032 1203 2113 (πατρίαν
1232 2031 1388 2109 libri)
1420 2028 1630 2106 ὠνόμα
1603 2033 1719 2095 ’”,ον·
1741 2027 1830 2088 καὶ
1856 2029 2033 2102 πάλιν,

485 2121 529 2183 «⁶⁸
516 2145 622 2181 στε
648 2122 863 2203 πάτρα
854 2120 946 2179 αὲν
968 2119 1124 2199 ὅνπερ
1152 2119 1363 2196 εἴπομεν
1401 2121 1460 2176 ἐκ
1488 2122 1579 2188 τῆς
1604 2115 1900 2194 συγγενείας
1926 2116 2037 2196 τρό·

484 2232 580 2270 πον
608 2208 809 2288 ἐγένετο
832 2207 1061 2284 μάλιστα
1084 2209 1176 2275 τῆς
1198 2206 1334 2283 (τοῖς
1358 2226 1451 2282 vg.
1469 2202 1516 2311 )..
1516 2202 1703 2281 γονέων
1728 2227 1820 2261 συν
1843 2201 2037 2271 τέκνοις

484 2295 572 2355 καὶ
610 2293 805 2354 τέκνων
843 2292 1033 2370 (τέκνα
1062 2292 1198 2372 vg.)
1234 2290 1329 2351 συν
1369 2295 1603 2370 γονεῦσι,
1643 2293 1864 2397 φρατρία
1894 2291 1949 2349 δὲ
1976 2292 2037 2349 ἐκ

481 2385 574 2453 τῆς
596 2386 697 2441 τῶν
714 2382 972 2458 ἀδελφῶν.
995 2379 1152 2451 ΦυλὺΙ
1175 2379 1228 2438 δὲ
1252 2380 1342 2438 καὶ
1366 2377 1584 2458 φυλέται
1603 2376 1848 2458 πρότερον
1867 2377 2031 2457 (vt-963·

481 2490 567 2527 τον
596 2470 839 2528 malebat
861 2470 1148 2525 Wachsm.
1171 2466 1188 2541 )
1216 2466 1594 2542 ὠνομάσθησαν
1625 2467 1685 2522 ἐκ
1711 2469 1801 2535 τῆς
1830 2467 1900 2530 εἰς
1940 2463 2034 2530 τὰς

478 2555 652 2623 πόλεις
700 2556 789 2613 καὶ
832 2551 900 2611 τὰ
954 2551 1254 2628 καλούμενα
1301 2550 1418 2623 ἔθνη
1464 2549 1676 2609 συνόδου
1721 2548 2031 2626 γενομένης·

479 2641 696 2701 ἕκαστον
723 2639 824 2720 γὰρ
841 2644 944 2697 τῶν
966 2636 1312 2698 συνελθόντων
1340 2639 1501 2717 φῦλον
1530 2635 1735 2714 ἐλέγετο
1763 2628 1915 2697 εἶναι.
1938 2639 2032 2715 [Οἱ

477 2728 738 2808 οἰκήτορες
758 2725 987 2806 πάτριοι.
1024 2727 1289 2801 Stephani
1320 2727 1407 2782 vel
1435 2728 1778 2799 excerptoris
1801 2725 2029 2781 addita-

477 2830 751 2873 mentum.
776 2814 797 2891 ]
826 2818 1046 2871 Locum
1071 2813 1252 2889 hunc,
1297 2814 1383 2868 uti
1412 2813 1699 2881 dedimus,
1740 2814 2032 2868 constituit

474 2904 841 2957 Buttuiannus
864 2911 1027 2975 pater
1057 2901 1115 2955 in
1142 2900 1425 2957 Ableandl.
1452 2901 1511 2956 d.
1551 2902 1806 2956 Berliner
1840 2902 2026 2958 Acad.

475 2991 533 3044 d.
566 2989 907 3047 Wimmscla.
932 2987 1066 3045 hist.
1090 2986 1241 3063 pha.
1277 2987 1363 3046 CI.
1394 2987 1676 3062 1818-19.
1712 3008 1769 3063 p.
1808 3007 1875 3044 ια
1904 3008 2024 3064 sqq.

477 3079 736 3136 Ceterum
781 3076 969 3134 malim
995 3076 1183 3150 legere
1209 3070 1345 3132 ὥστε
1374 3073 1516 3153 πόθῳ
1562 3078 1652 3145 τῆς
1693 3072 1904 3132 συνόδου
1938 3079 2029 3145 τ’ἧς

472 3161 719 3240 πρότερον
737 3159 1127 3240 nmium-ms.
1146 3163 1532 3218 VVnchsmutli.
1547 3165 1766 3221 Hellen.
1786 3164 2023 3223 Alter-th.

474 3255 533 3324 1,
574 3272 593 3310 ι
614 3294 629 3324 ,
662 3272 717 3328 p.
753 3252 861 3308 312
877 3293 894 3322 ,
917 3269 985 3307 ex
1003 3269 1120 3324 quo
1138 3252 1255 3306 haec
1279 3263 1511 3307 annotat
1528 3252 1766 3308 Fuhrius
1782 3270 1841 3324 p.
1876 3270 1898 3306 1
1915 3251 2021 3308 13·

481 3363 505 3390 α
536 3340 985 3398 Wacbsmuthius
1000 3339 1389 3394 Dicaearchum
1407 3337 1830 3410 conjunctiones
1846 3341 2030 3396 minus

475 3426 735 3484 historica
776 3428 1023 3492 ratione,
1074 3443 1415 3498 quamquam
1455 3425 1743 3480 historiam
1773 3444 1837 3481 ea
1879 3427 1937 3479 in
1966 3445 2028 3482 re

473 3513 824 3586 respexisset,
871 3529 1040 3586 quam
1089 3511 1479 3585 philosophica
1545 3510 1921 3567 considerasse
1968 3523 2027 3565 et

471 3615 714 3655 summas
739 3615 931 3656 earum
961 3615 1150 3654 causas
1172 3598 1521 3673 investigasse
1554 3608 1611 3654 et
1643 3594 1913 3661 κοινωνίας
1934 3617 2025 3655 ra-

475 3682 625 3740 dices
644 3704 673 3740 a
695 3686 901 3742 familia
928 3702 1106 3758 usque
1136 3683 1211 3740 ad
1232 3686 1513 3740 civitatem
1538 3696 1894 3759 persecutum
1912 3704 2026 3741 esse

472 3773 663 3825 statuit
704 3790 809 3845 per
854 3783 964 3828 tres
1003 3770 1244 3847 gradus,
1293 3791 1537 3846 quorum
1582 3773 1795 3846 primus
1838 3772 2027 3827 fixisset

472 3858 870 3931 simplicissima
900 3860 1043 3915 ratio
1062 3860 1095 3927 ἡ
1119 3855 1256 3914 κατὰ
1290 3856 1478 3932 μόνας,
1503 3858 1826 3933 conjugium
1862 3857 2020 3932 (coll.

536 4105 729 4166 Patra,
757 4104 1032 4154 Dicaearcho
1056 4106 1202 4166 teste,
1228 4104 1440 4167 designat
1465 4116 1617 4153 uuum
1640 4116 1701 4153 ex
1723 4103 1877 4152 tiibus
1898 4103 2025 4165 apud

471 4183 666 4231 Graecos
684 4180 923 4230 societatis
941 4181 1207 4242 generibus,
1224 4193 1335 4244 quae
1351 4181 1646 4243 appellamus
1667 4181 1871 4245 patram,
1888 4180 2025 4242 phra-

470 4257 637 4319 triam,
675 4257 867 4320 phylen.
896 4263 966 4307 Ac
991 4258 1153 4320 patra
1176 4256 1370 4319 quidem
1390 4257 1544 4306 oritur
1564 4256 1646 4306 ubi
1681 4256 2024 4325 societas,quae

470 4336 611 4384 antea
629 4334 677 4383 in
695 4334 796 4384 solo
814 4333 1037 4396 conjugio
1063 4333 1257 4394 singulis
1273 4333 1544 4396 quibusque
1571 4335 1675 4383 erat
1688 4371 1702 4396 ,
1731 4334 2025 4396 (procreatis

471 4410 659 4473 liberis)
679 4410 739 4460 ad
769 4409 1034 4460 secundum
1052 4408 1252 4471 gradum
1270 4410 1516 4472 perventu
1541 4423 1716 4459 nomen
1734 4422 1852 4460 vero
1879 4410 2023 4460 habet

471 4488 533 4537 ab
550 4501 609 4539 eo
631 4488 714 4551 qui
739 4488 789 4537 in
810 4492 952 4551 gente
982 4491 1098 4538 natu
1136 4489 1377 4539 maximus
1408 4488 1645 4552 simulque
1667 4488 2022 4551 potentissimus

470 4567 561 4625 est,
579 4564 984 4627 quenadmodum
1005 4565 1224 4616 AEacidas
1249 4567 1324 4615 vel
1358 4565 1605 4628 Pelopidas
1626 4565 1799 4628 alians
1827 4565 2019 4617 dixerit.

472 4639 699 4690 Phatria
715 4642 876 4692 autem
904 4641 1002 4692 slve
1012 4642 1263 4705 phratria
1287 4642 1359 4705 fit,
1380 4641 1463 4692 ubi
1485 4643 1592 4706 quis
1610 4643 1659 4691 in
1675 4643 1817 4692 aliam
1837 4646 2021 4706 patrem

474 4716 622 4767 filiam
651 4729 790 4767 suam
820 4718 1129 4768 matrimonio
1158 4719 1360 4770 inducit.
1395 4723 1518 4770 Tum
1542 4720 1671 4770 enim
1694 4709 1790 4771 no‘n
1817 4722 2024 4784 amplius

470 4804 571 4841 suae
585 4793 735 4853 patrm
744 4792 1085 4843 sacrificiorum
1096 4796 1440 4847 communitate
1458 4797 1617 4861 puella
1626 4798 1809 4848 elocata
1826 4798 2019 4861 fruitur,

469 4866 555 4916 sed
582 4868 732 4929 patrae
762 4871 1039 4919 accensetur
1059 4869 1189 4934 ejus,
1225 4872 1310 4934 qui
1349 4885 1552 4923 uxorem
1582 4873 1742 4925 duxit.
1763 4876 1875 4925 Jam
1904 4888 2021 4926 tero

469 4942 586 4992 olim
612 4944 803 5006 propter
822 4943 1113 4996 desiderium
1131 4951 1486 5013 conventuum,
1511 4963 1620 5014 quae
1651 4950 1876 5002 fratribus
1907 4965 2020 5003 cum

469 5017 714 5067 sororibus
732 5030 834 5068 esse
847 5019 971 5068 soliti
991 5025 1126 5071 erant
1140 5059 1155 5085 ,
1175 5024 1268 5072 alia
1286 5024 1510 5088 quaedam
1526 5039 1772 5077 sacrorum
1784 5063 1800 5091 ,
1823 5027 1885 5078 ad
1910 5040 2021 5091 quoe

468 5092 581 5145 duae
612 5096 688 5146 lue
725 5097 889 5159 gentes
925 5100 1264 5163 convenirent,
1301 5101 1638 5155 instituebatur
1673 5108 2020 5168 communitas,

2137 609 2218 656 tes
2257 610 2313 655 et
2357 599 2567 654 liberos
2606 596 2774 673 (coll.
2806 599 3064 656 Ciceron.
3090 600 3177 654 De
3206 599 3307 658 off.
3346 603 3405 671 Ι,
3453 621 3555 673 17,
3585 604 3694 659 ubi

2134 685 2222 741 his
2247 685 2502 740 inverbis
2521 684 2874 740 Dicaearchus
2897 684 3124 740 sortasse
3150 687 3473 743 obversatus
3501 702 3647 746 esset.
3667 711 3686 746 ε

2134 773 2329 831 Prima
2353 784 2536 827 autem
2556 776 2786 827 societas
2799 776 2853 825 in
2879 776 2996 846 ipso
3017 778 3274 846 conjugio
3295 788 3398 841 est,
3418 782 3697 852 proxima

2137 865 2195 914 in
2227 859 2481 937 liberis);
2512 862 2572 914 in
2601 862 2770 917 tertio
2801 860 3045 934 denique
3080 861 3263 936 gradu
3285 881 3566 920 summum
3589 885 3690 921 so-

2134 948 2345 1003 cietatis
2353 949 2695 1022 principium
2705 947 3035 1022 religionem
3046 942 3209 1003 fuisse
3225 950 3646 1008 animadvertit.
3665 978 3690 1004 ι

2134 1034 2213 1090 Cf.
2243 1035 2550 1093 Hermann.
2585 1034 3042 1092 Staats-Altertlz.
3079 1033 3241 1110 §99,
3274 1035 3309 1091 6
3340 1036 3533 1111 ibique
3561 1039 3696 1095 lau-

2133 1120 2311 1176 datos·

2861 1219 2951 1255 10.

2209 1306 2459 1361 Clemens
2481 1307 2641 1361 Alex.
2661 1307 2940 1379 Protrept.
2956 1306 3005 1374 1,
3025 1324 3075 1359 c.
3105 1324 3158 1375 2,
3177 1323 3237 1378 p.
3267 1324 3327 1379 9,
3365 1305 3454 1381 13,
3483 1308 3639 1381 sylb.
3673 1330 3690 1365 ε

2131 1387 2436 1472 Ἱερώνυμος
2466 1389 2518 1449 δὲ
2541 1394 2568 1447 ὁ
2592 1389 2862 1471 φιλόσοφος
2902 1389 2991 1447 καὶ
3025 1387 3117 1460 τὴν
3146 1386 3324 1470 σχέσιν
3362 1392 3520 1449 αὑτοῦ
3552 1394 3569 1471 (
3602 1415 3685 1453 sc.

2128 1484 2216 1535 τοῦ
2246 1475 2581 1559 Ἡρακλέους)
2612 1477 2882 1558 ὑφηγεῖται
2909 1480 2997 1535 τοῦ
3026 1476 3295 1554 σώματος,
3316 1477 3514 1559 μακρὸν
3531 1524 3547 1556 ,
3569 1503 3688 1560 φρι·

2129 1561 2374 1644 ξότριχα,
2409 1561 2678 1646 ῥωστικόν·
2707 1566 3026 1642 Δικαίαρχος
3069 1562 3122 1622 δὲ
3151 1564 3385 1644 σχιζίαν,
3422 1568 3694 1648 νευρώδη,

2130 1650 2329 1730 μέλανα
2345 1696 2363 1725 ,
2387 1651 2579 1732 γρυπὸν
2594 1696 2610 1723 ,
2635 1650 2970 1731 ὑποχᾶροπον
2990 1696 3007 1728 ,
3034 1652 3398 1732 τετανότριχα.

2183 1743 2346 1817 *Cum
2361 1742 2571 1798 Fuhrio
2587 1742 2704 1797 haec
2724 1741 2796 1795 ad
2819 1736 2940 1797 Βίον
2964 1737 3115 1798 Ἓλλ.
3131 1743 3298 1797 retuli
3309 1763 3326 1814 3
3351 1762 3490 1798 num
3504 1755 3684 1817 recte,

2129 1831 2243 1904 ipse
2272 1830 2493 1886 dubito.
2538 1833 2624 1887 De
2654 1847 2716 1885 re
2744 1847 2801 1887 v.
2831 1829 3056 1886 Miiller.
3087 1829 3443 1904 Archoeolog.
3476 1832 3506 1907 §
3539 1839 3676 1899 410.

2132 1917 2265 1977 331.

2858 2030 2879 2065 1
2898 2029 2919 2064 1
2934 2052 2946 2065 .
3266 2065 3272 2069 ,

2204 2117 2475 2173 Scholion
2492 2115 2564 2171 ad
2592 2115 2659 2173 11.
2691 2116 2739 2185 ζ,
2759 2134 2838 2170 vs,
2864 2114 2975 2189 396
3005 2134 3020 2169 ε
3049 2111 3203 2172 Ὑπὸ
3230 2113 3504 2195 Πλάκῳ]
3539 2117 3683 2196 Γρά·

2125 2225 2276 2275 νικος,
2311 2204 2358 2260 οἱ
2390 2198 2445 2259 δὲ
2473 2199 2762 2280 Ἀτρᾶμους
2795 2198 3117 2278 (Ἄτραμυς),
3141 2201 3415 2278 Πελασγὸς
3426 2202 3486 2261 τὸ
3502 2202 3647 2281 γένος
3664 2252 3686 2282 ,

2126 2286 2337 2367 ἀφίκετό
2355 2310 2482 2347 ποτε
2493 2288 2593 2346 ὑπὸ
2607 2285 2701 2358 τὴν
2714 2291 2768 2346 ἐν
2782 2291 2847 2365 τῇ
2864 2285 3037 2368 Λυκίᾳ
3052 2284 3198 2359 Ἴδην
3219 2287 3309 2347 καὶ
3329 2291 3480 2348 πόλιν
3498 2292 3688 2360 κτίσας

2126 2377 2294 2433 ἐκεῖσε
2336 2378 2425 2455 ἀφ’
2457 2378 2643 2433 ἑαυτοῦ
2670 2372 3086 2454 προσηγόρευσεν
3116 2374 3507 2453 Ἀδραμύττιον.
3542 2381 3587 2439 Γ
3589 2402 3678 2437 εν-

2123 2463 2283 2532 νήσας
2306 2461 2360 2521 δὲ
2383 2461 2640 2541 θυγατέρα
2667 2459 2859 2533 Θήὸην
2878 2463 2953 2540 τῷ
2971 2461 3187 2538 ὀνόματι
3209 2461 3355 2542 παρὰ
3374 2462 3469 2535 τὴν
3498 2465 3682 2543 ἀκμὴν

2124 2556 2211 2608 τοῦ
2236 2549 2407 2626 γάμου
2433 2549 2573 2608 ἔθετο
2593 2545 2840 2626 γυμνικὸν
2867 2550 3042 2624 ἀγῶνα
3063 2547 3153 2607 καὶ
3175 2548 3262 2607 τὸν
3284 2550 3478 2622 ταύτης
3505 2553 3682 2631 γάμον

2122 2641 2196 2716 τῷ
2220 2637 2604 2716 ἀριστεύσαντι.
2634 2635 2904 2717 Ἡρακλῆς
2920 2634 2973 2694 δὲ
2988 2637 3103 2694 κατ’
3119 2638 3285 2696 ἐκεῖνο
3302 2644 3487 2719 καιροῦ
3499 2644 3688 2721 φανεὶς

2122 2722 2280 2782 ἔλαθε
2321 2722 2416 2795 τὴν
2453 2723 2643 2794 Θήὸην
2686 2731 2909 2802 γυναῖκα
2954 2722 3045 2781 καὶ
3073 2723 3251 2791 κτίσας
3293 2726 3443 2785 πόλιν
3483 2729 3586 2787 ὑπὸ
3613 2734 3678 2790 τὸ

2124 2811 2356 2870 Πλάκιον
2384 2811 2698 2886 καλούμενον
2728 2811 2844 2890 ὄρος
2867 2814 2957 2880 τῆς
2987 2812 3231 2879 Κιλικίας
3254 2812 3363 2892 (al.
3391 2816 3522 2875 cod.
3559 2818 3674 2873 Λυ-

2124 2897 2274 2978 κίας)
2307 2896 2549 2956 Πλακίαν
2589 2896 2779 2970 Θήὸην
2821 2895 2985 2969 αὐτὴν
3013 2898 3116 2956 ἀπὸ
3151 2902 3243 2970 τῆς
3271 2900 3513 2977 γυναικὸς
3550 2901 3684 2961 ἐκεί·

2118 2987 2286 3045 λεσεν.
2316 2982 2380 3044 Ἥ
2405 2984 2610 3064 ἱστορία
2635 2985 2781 3065 παρὰ
2808 2985 3135 3067 Δικαιάρχῳ.
3153 2990 3235 3048 Cf.
3265 2990 3407 3050 ibid.
3441 3012 3456 3047 z
3483 2989 3677 3068 Ἀδρά-

2126 3094 2307 3147 μυστις
2337 3076 2365 3130 ὃ
2409 3071 2683 3150 Πελασγὸς
2727 3072 3035 3153 ἀφικόμενος
3064 3076 3135 3140 εἰς
3168 3074 3263 3145 τὴν
3299 3073 3450 3147 Ἴδην
3476 3075 3572 3148 τὴν
3618 3079 3678 3135 ἐν

2121 3158 2335 3240 Κιλικία
2369 3161 2470 3236 (al.
2497 3161 2628 3216 cod.
2659 3159 2864 3239 Λυκία)
2892 3160 3054 3230 κτίζει
3079 3160 3230 3219 πόλιν
3262 3160 3672 3240 Ἀδραμύστειαν

2117 3241 2461 3323 καλουμένην.
2487 3242 2672 3325 Ἕχων
2693 3244 2746 3305 δὲ
2768 3246 3024 3326 θυγατέρα
3038 3248 3227 3320 Θήὸην
3241 3247 3466 3309 ἔπαθλον
3477 3250 3678 3331 δρόμου

2119 3330 2338 3404 αυτὴν“
2301 3355 2458 3413 ωρισε
2482 3335 2554 3413 τῷ
2580 3333 2893 3413 βουλομένῳ.
2917 3332 3185 3415 Ἡρακλῆς
3199 3334 3251 3394 δὲ
3273 3335 3470 3409 ταύτην
3488 3337 3672 3397 λαθὼν

2121 3418 2257 3496 (υπὸ
2290 3441 2350 3477 το
2394 3395 2630 3479 Πλάκιον
2674 3442 2768 3490 της
2807 3419 3045 3486 Κιλικίας
3071 3420 3224 3479 πόλιν
3265 3421 3446 3490 κτίσας
3475 3423 3668 3497 Θήὸην

2118 3503 2277 3577 αὐτὴν
2300 3506 2597 3583 ὠνόμασεν·
2623 3507 2739 3565 ἀλλ’
2778 3505 3056 3587 Ἐριθήλας
3088 3509 3178 3566 και
3209 3509 3384 3582 Acten<
3412 3513 3461 3570 οἱ
3483 3511 3675 3571 Ἀστά-

2116 3606 2209 3651 κου
2229 3593 2472 3676 ἀπαρχὰς
2491 3597 2561 3661 εἷς
2581 3593 2837 3667 Φοινίκην
2862 3594 2967 3653 ἀπὸ
2989 3596 3179 3670 Θηὸης
3198 3597 3433 3678 φέροντες
3446 3596 3676 3674 ἑξώσθη·

2116 3703 2213 3739 σαν
2249 3681 2338 3740 καὶ
2373 3680 2676 3753 οἰκήσαντες
2711 3681 2922 3742 ἔκτισαν
2965 3683 3128 3756 αὐτὴν
3174 3690 3293 3745 καθ’
3321 3688 3662 3768 ὁμωνυμίαν)

2114 3767 2204 3826 καὶ
2223 3766 2315 3840 τὴν
2340 3768 2491 3827 πόλιν
2511 3767 2849 3828 Ὑπόπλακον
2869 3768 3061 3841 Θήὸην
3082 3773 3380 3849 ὠνόμασεν,
3403 3772 3480 3831 ὅτι
3505 3774 3670 3856 finip-

2114 3878 2283 3914 κειται
2329 3859 2487 3927 αὐτῆς
2528 3858 2802 3924 πλακῶδες
2844 3856 2987 3937 ὄρος,
3035 3869 3267 3940 συνεχεῖς
3309 3861 3426 3940 ἔχον
3467 3861 3666 3942 πέτρας

2111 4031 2261 4080 eaque
2289 4018 2502 4081 phratria
2534 4020 2877 4083 appellabatur.
2900 4021 3051 4083 lgitur
3076 4025 3244 4087 patra,
3263 4022 3399 4074 sicuti
3421 4023 3668 4091 diximus,

2112 4099 2217 4144 orta
2238 4098 2390 4146 estex
2412 4097 2822 4160 consanguinitate
2840 4111 2953 4161 quae
2974 4100 3256 4162 parentibus
3278 4114 3388 4151 cum
3421 4101 3583 4153 liberis
3601 4117 3663 4154 ac

2111 4172 2271 4222 liberis
2303 4185 2412 4222 cum
2433 4174 2712 4235 parentibus
2733 4173 3013 4237 intercedit,
3039 4177 3249 4239 phratria
3271 4180 3431 4228 autem
3463 4192 3526 4229 ex
3543 4193 3664 4230 oon·

2110 4248 2426 4311 sanguinitate
2439 4250 2643 4299 fratrum
2664 4264 3010 4316 sororumque3
3026 4253 3182 4316 phyle
3196 4261 3358 4305 autem
3372 4259 3420 4305 et
3433 4257 3668 4320 phyletoe

2113 4326 2131 4386 (
2151 4325 2317 4376 tribus
2353 4328 2402 4375 et
2423 4326 2673 4390 tribules)
2712 4327 2830 4377 olim
2868 4328 2981 4380 inde
3001 4331 3262 4393 nominati,
3304 4333 3435 4394 quod
3461 4334 3510 4383 in
3545 4335 3670 4384 civi·

2107 4403 2230 4452 tates
2250 4405 2395 4466 atque
2421 4403 2527 4463 ἔθνη
2550 4403 2654 4454 sive
2677 4404 2874 4468 classes,
2895 4417 3006 4467 quae
3028 4409 3283 4472 vocantur,
3302 4409 3538 4461 coierunt.

2172 4564 2478 4618 Dicaearchus
2505 4566 2576 4617 ait
2611 4568 2866 4618 Herculem
2893 4569 3036 4619 fuisse
3072 4569 3310 4631 quadrato
3331 4576 3382 4622 et
3413 4577 3666 4636 compacto

2108 4656 2333 4706 corpore,
2352 4658 2640 4707 nervosum,
2660 4647 2847 4710 nigrum
2860 4682 2875 4709 ,
2895 4659 3010 4697 naso
3031 4650 3272 4712 aquilino,
3292 4650 3537 4703 subcaesiis
3552 4665 3672 4704 ocn-

2108 4721 2190 4783 lis,
2206 4722 2450 4785 promissis
2472 4724 2669 4787 capillis.

2113 4877 2406 4929 'Granicus
2423 4879 2500 4929 vel
2526 4880 2789 4930 secundum
2814 4879 2931 4930 alios
2954 4882 3195 4944 Atramys‚
3224 4881 3446 4946 Pelasgus
3463 4897 3662 4948 genere,

2107 4952 2156 5002 in
2190 4955 2386 5017 Lyciam
2412 4955 2546 5008 venit
2565 4957 2629 5007 ad
2654 4957 2791 5007 Idam
2819 4961 3062 5022 montem,
3098 4958 3184 5008 ubi
3211 4959 3383 5010 urbem
3418 4959 3661 5026 condidit,

2106 5044 2253 5095 quam
2271 5030 2332 5083 de
2350 5046 2439 5083 suo
2473 5033 2668 5083 nomine
2697 5033 3047 5096 Adramyttium
3077 5035 3352 5097 appellavit.
3387 5036 3520 5088 Idem
3551 5051 3662 5090 sus-

2114 5112 2308 5171 ceperat
2344 5110 2521 5174 tiliam,
2552 5111 2748 5162 Theben
2773 5110 2984 5161 nomine.
3014 5112 3135 5170 Quae
3159 5125 3313 5175 quum
3344 5113 3669 5180 adultarum
