4016 5916
1695 403 2189 467 FRAGMENTA.

675 550 948 608 UNDECI
956 553 1059 606 MA
1089 551 1239 606 DYN
1249 552 1474 606 ASTIA.

1038 654 1068 709 3
1083 674 1101 709 1
1116 697 1129 711 .

757 760 900 817 SEC.
938 759 1391 819 AFRICANUM.

381 874 623 950 Syncell.
653 896 709 951 p.
735 876 829 950 59,
855 875 899 932 C
929 873 1249 946 εἙνδεκάτη
1268 876 1543 934 δυναστεία
1563 882 1607 937 Δ
1626 900 1853 936 ιοσπο-

298 962 537 1106 λιτῶνῦ
562 961 899 1040 βασιλέων
952 959 1080 1031 ις’,
1114 959 1165 1020 οἳ
1202 961 1547 1023 ἐδασίλευσαν
1590 963 1681 1038 ἔτη
1736 964 1847 1041 [ιγ’.

305 1049 440 1108 Μεθ’
478 1072 507 1106 ο
540 1072 563 1114 ς

380 1132 707 1211 Ἀμμενέμης
734 1134 846 1207 ἔτη,
879 1134 971 1203 ις’.

379 1221 553 1302 Μέχρι
583 1223 731 1281 τοῦδε
760 1221 847 1282 τὸν
876 1225 1079 1302 πρῶτον
1101 1223 1260 1300 τόμον
1285 1224 1581 1306 καταγήοχε
1606 1228 1846 1287 Manem.

379 1309 548 1387 Ὁμοῦ
574 1310 803 1390 βασιλεῖς
833 1308 965 1390 ρζὸ,
992 1308 1082 1384 ἔτη
1111 1310 1229 1391 ,βτ’,
1251 1310 1446 1390 ἡμέραι
1473 1308 1538 1374 o'.

1030 1425 1123 1482 32.

785 1543 930 1599 SEC.
970 1544 1364 1603 EUSEBIUM.

376 1671 663 1746 Syncellus
686 1689 746 1745 p.
780 1670 886 1741 60,
910 1673 954 1727 Β
977 1689 994 1728 =
1033 1668 1326 1742 Ἕνδεκάτη
1367 1670 1638 1730 δυναστεία
1660 1676 1847 1731 Διοσ-

297 1780 338 1814 π
352 1758 420 1815 ολ
439 1759 589 1814 ιτῶν
639 1753 894 1834 βασιλέων
954 1754 1051 1834 ις’,
1118 1754 1169 1815 οἳ
1208 1755 1553 1818 ἰόασίλευσαν
1599 1761 1686 1830 ἔτη
1732 1760 1842 1838 [ιγ’.

298 1841 433 1904 Μεθ’
454 1842 536 1908 οὓς
556 1843 625 1902 Ἀ
643 1866 773 1919 μμε
790 1841 991 1919 μένης
1013 1843 1104 1915 ἔτη
1136 1843 1222 1914 ις’.

3379 424 3490 478 5³7

2025 538 2200 619 Μέχρι
2238 541 2384 599 τοῦδε
2410 539 2497 598 τὸν
2536 545 2741 621 πρῶτον
2773 545 2931 619 τόμον
2953 543 3282 625 καταγήοχεν
3319 549 3348 605 ὁ
3371 549 3500 608 Μα-

1945 630 2096 687 nez.
2126 626 2296 703 Ὁμοῦ
2324 628 2553 707 βασιλεῖς
2594 622 2855 706 95621172
2880 630 2998 708 βτ’,
3027 629 3221 711 ἡμέραι
3255 632 3329 692 σθ’
3359 635 3495 715 (scr.

1945 714 2016 773 σε’
2031 727 2139 787 ‚ut
2161 716 2233 772 fr.
2267 724 2364 782 24.
2389 714 2407 790 )

2024 803 2295 860 Eusebius
2314 807 2470 860 Arm.
2492 822 2556 878 p.
2585 822 2699 877 97·
2685 847 2697 859 .
2731 806 3039 864 Undecima
3059 808 3324 881 dynastia
3346 813 3470 865 XV
3469 815 3501 866 1

1943 910 2164 964 regum,
2210 897 2377 946 annis
2412 892 2651 950 XLIII.
2693 895 2829 948 Post
2851 893 2953 949 hos
2979 898 3363 952 Ammemenes
3398 919 3498 951 an-

1942 983 2035 1033 nis
2057 978 2234 1037 XVI.

2023 1065 2302 1120 Hactenus
2331 1069 2585 1137 primum
2643 1066 2842 1121 librum
2903 1067 3178 1124 Manetho
3213 1072 3499 1143 pmduxie.

1941 1151 2088 1208 Sunt
2106 1163 2292 1208 autem
2313 1170 2474 1224 reges
2495 1153 2758 1226 CXCII,
2788 1160 2930 1211 amu·
2948 1156 3258 1215 MMCCC.

2021 1240 2293 1299 Samuelis
2312 1250 2618 1313 utrumque
2640 1259 2945 1298 numerum
2992 1242 3103 1319 (43
3135 1255 3192 1299 01
3227 1241 3327 1320 16)
3355 1265 3503 1301 con-

1937 1325 2182 1401 jungens
2198 1324 2461 1399 dynastiae
2492 1326 2577 1384 XI
2605 1341 2864 1385 numerat
2884 1349 3060 1386 annos
3101 1329 3197 1405 59.
3220 1333 3311 1389 Sic
3338 1335 3503 1390 etiam

1942 1413 2186 1469 fueritin
2208 1423 2434 1468 auctore
2449 1413 2712 1486 Barbari,
2729 1416 2826 1488 qui
2846 1425 3104 1472 numerat
3143 1418 3501 1492 Diospolita—

1940 1519 2068 1555 rum
2111 1517 2289 1556 annos
2315 1518 2370 1574 9.
2397 1500 2656 1557 Ceterum
2690 1504 2932 1561 Bunsen.
2983 1521 3091 1578 pro
3134 1502 3390 1582 βασιλέων
3420 1506 3492 1571 ις’

1939 1588 2110 1643 scribi
2145 1588 2267 1642 vult
2293 1605 2308 1641 2
2340 1583 2596 1663 βασιλέων
2624 1584 2688 1660 δ’,
2714 1592 2978 1664 quoniam
3005 1593 3137 1646 anni
3184 1592 3254 1658 43
3283 1594 3377 1648 vix
3407 1612 3498 1650 ca-

1941 1675 2080 1731 dant
2103 1676 2165 1730 in
2185 1692 2342 1749 reges
2367 1673 2630 1734 sedecim.

2021 1765 2169 1818 Anni
2222 1763 2603 1837 dynastiamm
2647 1766 2732 1822 xl
2776 1784 2844 1821 ex
2884 1767 3130 1823 Africani
3179 1779 3232 1823 et
3280 1770 3501 1826 Eusebii

1941 1848 2225 1922 computis
2254 1867 2270 1907 ε

316 2055 322 2150 Ι
893 2085 1243 2134 armemus.
1850 2025 1859 2210 Ι
2505 2089 2822 2138 00503105
3484 2032 3491 2331 Ι

344 2235 490 2283 DYN.

1396 2301 1435 2345 1
1734 2235 1844 2406 ,Ι
2592 2301 2631 2345 A

315 2403 321 2434 ι
437 2392 478 2438 1.
792 2393 819 2435 8
884 2385 1094 2435 Thinitae
1373 2393 1461 2436 263
1653 2388 1680 2414 *
1712 2391 1801 2438 253
1953 2392 1981 2435 8
2077 2385 2281 2436 Thinitae
2575 2394 2665 2438 258
2824 2394 2913 2438 252
3484 2312 3489 2543 Ι

418 2483 479 2530 11.
792 2485 821 2528 9
886 2477 1091 2528 Thinitoe
1376 2486 1466 2531 202
1651 2481 1678 2506 *
1712 2486 1802 2530 302
1885 2519 1895 2528 .
1950 2483 1982 2530 9
2076 2478 2281 2528 'rt-initae
2558 2477 2708 2544 [297]
2834 2485 2922 2531 297

389 2576 477 2623 111.
793 2574 825 2621 9
886 2569 1162 2634 Munphitae
1382 2576 1470 2622 214
1654 2571 1679 2598 *
1714 2574 1801 2621 214
1950 2574 1979 2620 8
2075 2571 2349 2634 Memphitoe
2555 2571 2704 2637 [197]
2835 2577 2919 2623 197
3483 2586 3487 2639 5

391 2667 477 2715 ιν.
791 2667 818 2712 a
883 2663 1157 2727 memphitae
1312 2665 1337 2690 *
1372 2668 1461 2716 284
1713 2668 1802 2715 274
1930 2666 1979 2713 17
2077 2664 2351 2726 Mempmtae
2555 2663 2704 2731 [448]
2829 2668 2919 2714 448
3484 2668 3488 2721 i

416 2761 479 2807 V.
790 2760 819 2804 9
883 2755 1182 2820 Elephantini
1371 2763 1459 2808 218
1652 2757 1679 2784 *
1712 2759 1802 2807 248
1923 2761 1976 2804 31
2081 2755 2380 2819 Elephantiui
2803 2755 2952 2822 [100]
3482 2730 3488 2845 Ι

390 2854 476 2902 VI.
792 2855 821 2898 6
886 2848 1159 2913 memphitae
1374 2855 1464 2900 203
1657 2849 1683 2875 *
1716 2856 1804 2900 203
2076 2849 2351 2911 Memphitae
2553 2848 2702 2914 [203]
2825 2854 2914 2900 203
3483 2860 3488 2960 Ι

736 2950 853 2991 4-
1876 2944 2047 2960 ...-.
2365 2941 2370 2952 .

754 3003 817 3050 49
1354 3002 1468 3049 1464
1692 3001 1804 3048 1494
1925 3003 1984 3049 73
2519 3000 2698 3065 [1397]
3485 2967 3489 3174 Ι

2615 3098 2730 3144 1397
2764 3091 2947 3155 [1497]

375 3190 482 3237 Vn.
571 3182 733 3247 [751³]
768 3189 828 3234 70
890 3184 1166 3248 memphitae
1676 3181 1805 3234 7011.
1899 3183 2024 3249 [75]
2087 3182 2364 3246 Memphitae
2849 3185 2967 3235 75d

348 3280 482 3329 ἯΙΙ.
573 3274 730 3339 [¹42]
762 3281 819 3327 27
883 3276 1157 3341 memphitae
1429 3277 1455 3303 *
1497 3280 1578 3327 142
1612 3254 1686 3324 {vel
1724 3278 1810 3327 146
1963 3282 1992 3325 5
2087 3275 2363 3338 memphitae
2832 3282 2919 3326 100
3486 3157 3490 3408 Ι

321 3366 325 3435 ξ
394 3374 476 3422 lx.
576 3406 588 3419 .
770 3373 825 3417 19
890 3369 1284 3433 Heracleopolite»,
1656 3368 1684 3393 *
1718 3371 1809 3419 409
1961 3371 1991 3417 4
2086 3366 2483 3429 Heracleopolitae
2835 3374 2921 3417 100

414 3466 479 3515 X.
770 3466 825 3511 19
892 3460 1281 3525 Heracleopolitm
1658 3460 1683 3485 *
1723 3464 1808 3510 185
1937 3466 1993 3511 19
2088 3458 2482 3522 Heracleopolitae
2835 3464 2921 3509 185
3017 3460 3124 3523 (187
3169 3457 3444 3519 Samuelis.)
3485 3415 3489 3490 Ι

323 3602 327 3627 Ι
394 3559 481 3609 Xl.
772 3559 826 3602 16
892 3552 1163 3616 Diospolitoe
1663 3550 1689 3576 *
1752 3555 1811 3601 43
1937 3560 1994 3602 16
2089 3549 2366 3613 Diospolitae
2859 3553 2919 3599 43

897 3648 1244 3697 Α111111011011105,
1664 3644 1687 3668 ⁴*
1761 3650 1813 3693 16
2094 3648 2446 3693 Amineae-mes.
2865 3647 2920 3691 16
3486 3715 3490 3742 Ι

1693 3797 1814 3843 2293
1908 3798 1994 3844 192
2806 3795 2922 3842 1842
3486 3749 3490 3796 Ι

1326 3887 1545 3936 1112289
1566 3888 1614 3934 et
1635 3884 1738 3935 dies
1757 3889 1815 3935 70
2646 3888 2695 3932 et
2727 3884 2829 3933 dies
2861 3887 2921 3933 75
3487 3799 3492 3972 Ι

3488 3977 3492 4028 Ι

396 4115 586 4170 Litera
609 4118 657 4169 Α
695 4115 1072 4188 inscripsimus
1097 4131 1364 4168 numeros
1391 4114 1488 4187 qui
1537 4131 1566 4168 e
1595 4122 1862 4188 supputa·

312 4201 379 4254 tis
406 4201 562 4254 annis
582 4202 931 4301 singulorum
953 4218 1147 4275 regum
1171 4210 1477 4274 eruuntur,
1462 4218 1474 4230 ·
1507 4201 1665 4258 litera
1690 4204 1733 4257 B
1768 4219 1865 4257 eos

311 4288 673 4360 signavimus,
706 4304 850 4359 quos
885 4288 1002 4362 ipse
1029 4287 1318 4360 Syncellus
1360 4289 1646 4363 apposuit.
1680 4292 1862 4362 Atque

309 4373 369 4428 hi
394 4372 652 4447 quidem
637 4391 695 4425 111
711 4373 1032 4429 universum
1051 4373 1278 4446 majoris
1294 4375 1533 4431 faciendi
1554 4388 1682 4432 sunt
1696 4395 1861 4478 quam

312 4462 494 4518 alteri.
534 4460 751 4532 Quibus
786 4461 1004 4516 stellula
1031 4463 1252 4535 appicta
1298 4474 1405 4535 est,
1447 4482 1543 4519 eos
1590 4466 1863 4540 genuinos

311 4548 482 4603 habet
501 4546 818 4604 Boeckhius.
845 4546 1105 4603 Ceterum
1126 4548 1279 4650 apud
1294 4550 1615 4606 Africanum
1634 4550 1865 4606 habebis

312 4652 583 4691 summam
611 4651 890 4690 annorum
918 4633 1091 4706 2300,
1126 4638 1171 4692 si
1197 4638 1325 4693 vel
1309 4656 1367 4693 m
1396 4639 1580 4712 prima
1616 4637 1865 4711 dynastia

312 4741 420 4797 pro
447 4720 559 4778 253
588 4738 765 4795 ponas
794 4712 941 4792 3263,
970 4723 1062 4779 vel
1098 4742 1227 4780 cum
1262 4726 1532 4781 Boeckhio
1570 4727 1630 4779 in
1663 4736 1861 4798 quarta

312 4827 422 4884 pro
448 4815 557 4878 274
584 4825 765 4881 ponas
790 4806 925 4880 284,
953 4809 1159 4866 deinde
1189 4829 1327 4868 vero
1366 4811 1485 4867 dies
1504 4813 1633 4867 istos
1659 4804 1731 4882 70
1756 4830 1864 4886 pro

314 4914 464 4952 anuo
509 4906 796 4970 supputes.
832 4930 903 4941 —
944 4899 1126 4974 Reges
1152 4917 1304 4955 nunc
1343 4899 1498 4974 apud
1538 4899 1865 4955 Africanum

314 4995 682 5041 numerantur
701 4982 957 5055 ducenti,
989 5002 1163 5058 quum
1193 5003 1305 5041 esse
1326 4985 1568 5042 debeant
1605 5006 1729 5061 192.
1758 4989 1866 5044 Tot

318 5089 450 5126 vero
482 5071 763 5126 obtinebis
796 5072 840 5126 si
874 5071 1137 5145 dynastiae
1170 5074 1307 5129 VIII
1339 5093 1467 5129 cum
1493 5075 1739 5131 Barbam
1765 5077 1863 5131 tri·

316 5158 454 5213 buas
492 5174 648 5232 rega
682 5164 746 5224 14
769 5176 879 5233 pro
909 5178 979 5230 27
999 5201 1015 5229 ,
1050 5158 1315 5234 dynastiae
1337 5163 1441 5217 VII
1465 5180 1593 5217 cum
1622 5162 1864 5218 Eusebio

334 5238 413 5319 (ex
449 5255 638 5301 nostra
666 5246 920 5314 emend.)
952 5264 1109 5323 reges
1133 5246 1206 5320 75
1231 5268 1339 5323 pro
1372 5267 1465 5321 70.

2029 4112 2298 4169 Eusebius
2345 4112 2479 4167 item
2524 4108 2661 4166 dicit
2705 4109 2893 4184 primo
2945 4119 3101 4163 tomo
3153 4103 3505 4162 Manethonis

1949 4204 2123 4258 inesse
2145 4217 2303 4276 reges
2333 4217 2440 4273 192
2459 4240 2475 4268 ,
2508 4216 2746 4271 eamque
2776 4215 3051 4253 summam
3077 4194 3344 4251 facillime
3372 4210 3501 4248 eru-

1950 4308 2045 4348 ere
2063 4290 2213 4363 licet,
2237 4305 2573 4362 quamquam
2601 4287 2658 4340 in
2690 4286 2921 4360 singulis
2953 4283 3221 4340 Eusebius
3246 4281 3317 4337 ab
3348 4281 3504 4336 Afri-

1949 4392 2090 4430 cano
2144 4375 2312 4449 longe
2350 4372 2611 4448 recedat,
2658 4390 2844 4446 neque
2890 4370 3145 4426 tradatur
3193 4368 3291 4441 qui
3337 4367 3505 4422 fuerit

1947 4480 2143 4537 regum
2168 4479 2435 4518 numerus
2464 4460 2724 4534 dynastiae
2751 4471 2941 4515 sextae.
2968 4457 3078 4515 Sed
3104 4457 3224 4512 baec
3253 4455 3492 4529 explica·

1951 4552 2161 4607 tionem
2199 4549 2522 4606 admittunt.
2565 4549 2843 4604 Nimirum
2878 4564 3038 4622 reges
3067 4542 3502 4619 septemdecim,

1950 4638 2048 4715 qui
2088 4637 2160 4694 ad
2188 4647 2445 4711 quartam
2486 4635 2798 4710 dynastiam
2835 4645 3125 4704 notantur,
3161 4640 3350 4707 aperte
3376 4642 3506 4687 511111

1949 4724 2196 4780 Africani
2220 4742 2379 4800 reges
2412 4741 2477 4793 17
2514 4721 2776 4796 dynastiae
2801 4733 3012 4795 quartae
3039 4732 3094 4777 et
3131 4721 3372 4793 quintae-3
3401 4719 3506 4775 hos

1948 4813 2121 4889 igitur
2143 4830 2320 4886 quum
2357 4810 2628 4867 Eusebius
2653 4811 2744 4865 vel
2772 4810 2890 4882 ejus
2915 4820 3116 4866 auctor
3150 4807 3315 4864 simul
3343 4825 3501 4862 com-

1948 4899 2363 4974 prehendisset,
2411 4899 2609 4953 omissa
2658 4896 2803 4952 forte
2850 4897 3208 4953 distinctione
3243 4893 3504 4967 dynastiae

1951 4997 2161 5060 quartae
2184 4995 2239 5042 et
2258 4987 2486 5060 quintae,
2510 4984 2717 5041 factum
2743 4984 2949 5041 deinde
2968 4996 3048 5040 est
3064 5025 3080 5053 ‚
3103 4994 3166 5039 ut
3193 5002 3256 5038 ea
3286 5000 3410 5054 quae
3430 4981 3504 5036 ad

1950 5092 2119 5129 unam
2146 5084 2352 5130 sextam
2383 5072 2692 5146 dynastiam
2718 5074 3031 5146 pertinent,
3062 5073 3124 5127 in
3159 5070 3296 5126 duas
3323 5069 3504 5142 dyna-

1950 5162 2107 5230 stias‚
2141 5163 2392 5234 quintam
2417 5169 2473 5214 et
2497 5168 2706 5216 sextam
2726 5202 2741 5228 ‚
2772 5160 2965 5233 inepte
3010 5157 3499 5223 distribuerentur,

1950 5248 2050 5305 sed
2091 5267 2287 5325 regum
2324 5266 2592 5305 numerus
2624 5249 2848 5303 nonnisi
2888 5247 3057 5304 semel
3095 5244 3503 5302 adscriberetur
