<?xml version="1.0" encoding="UTF-8"?>
<!DOCTYPE html PUBLIC "-//W3C//DTD XHTML 1.0 Transitional//EN"
    "http://www.w3.org/TR/xhtml1/DTD/xhtml1-transitional.dtd">
<html xmlns="http://www.w3.org/1999/xhtml" xml:lang="en" lang="en">
 <head>
  <title>
</title>
<meta http-equiv="Content-Type" content="text/html;charset=utf-8" />
  <meta name='ocr-system' content='tesseract 3.04.00' />
  <meta name='ocr-capabilities' content='ocr_page ocr_carea ocr_par ocr_line ocrx_word'/>
</head>
<body>
  <div class='ocr_page' id='page_1' title='image "./fragmentahistor00mgoog_0221.png"; bbox 0 0 4016 5916; ppageno 0'>
   <div class='ocr_carea' id='block_1_1' title="bbox 964 393 2916 466">
    <p class='ocr_par' dir='ltr' id='par_1_1' title="bbox 964 393 2916 466">
     <span class='ocr_line' id='line_1_1' title="bbox 964 393 2916 466; baseline -0.002 -9"><span class='ocrx_word' id='word_1_1' title='bbox 964 395 1513 457; x_wconf 71' lang='lat' dir='ltr'>CYRENAEORUM</span> <span class='ocrx_word' id='word_1_2' title='bbox 1533 440 1548 466; x_wconf 89' lang='lat'>,</span> <span class='ocrx_word' id='word_1_3' title='bbox 1592 393 2361 455; x_wconf 69' lang='lat' dir='ltr'>CARTHAfflNlENSlUM</span> <span class='ocrx_word' id='word_1_4' title='bbox 2407 393 2916 453; x_wconf 80' lang='lat' dir='ltr'>RESPUBLlCAE.</span> 
     </span>
    </p>
   </div>
   <div class='ocr_carea' id='block_1_2' title="bbox 3421 406 3526 455">
    <p class='ocr_par' dir='ltr' id='par_1_2' title="bbox 3421 406 3526 455">
     <span class='ocr_line' id='line_1_2' title="bbox 3421 406 3526 455; baseline 0.019 -2"><span class='ocrx_word' id='word_1_5' title='bbox 3421 406 3526 455; x_wconf 74' lang='lat'>16⁴1</span> 
     </span>
    </p>
   </div>
   <div class='ocr_carea' id='block_1_3' title="bbox 340 525 3527 609">
    <p class='ocr_par' dir='ltr' id='par_1_3' title="bbox 340 525 3527 609">
     <span class='ocr_line' id='line_1_3' title="bbox 340 525 3527 609; baseline -0 -19"><span class='ocrx_word' id='word_1_6' title='bbox 340 529 538 601; x_wconf 74' lang='grc' dir='ltr'>ταύτην</span> <span class='ocrx_word' id='word_1_7' title='bbox 581 531 675 599; x_wconf 79' lang='grc' dir='ltr'>τὴν</span> <span class='ocrx_word' id='word_1_8' title='bbox 718 527 1070 607; x_wconf 79' lang='grc' dir='ltr'>δημοκρατίαν</span> <span class='ocrx_word' id='word_1_9' title='bbox 1106 525 1217 607; x_wconf 81' lang='lat' dir='ltr'>(sc.</span> <span class='ocrx_word' id='word_1_10' title='bbox 1260 529 1477 601; x_wconf 62' lang='lat' dir='ltr'>inqua</span> <span class='ocrx_word' id='word_1_11' title='bbox 1518 546 1710 583; x_wconf 75' lang='lat' dir='ltr'>omnes</span> <span class='ocrx_word' id='word_1_12' title='bbox 1738 529 1885 583; x_wconf 72' lang='lat' dir='ltr'>cives</span> <span class='ocrx_word' id='word_1_13' title='bbox 1981 534 2134 609; x_wconf 84' lang='grc' dir='ltr'>λους,</span> <span class='ocrx_word' id='word_1_14' title='bbox 2179 530 2406 608; x_wconf 83' lang='grc' dir='ltr'>μάλιστα</span> <span class='ocrx_word' id='word_1_15' title='bbox 2448 533 2495 589; x_wconf 85' lang='grc' dir='ltr'>δ’</span> <span class='ocrx_word' id='word_1_16' title='bbox 2547 530 2658 590; x_wconf 79' lang='grc' dir='ltr'>ἔνια</span> <span class='ocrx_word' id='word_1_17' title='bbox 2694 528 3072 609; x_wconf 76' lang='grc' dir='ltr'>παραπλησίως</span> <span class='ocrx_word' id='word_1_18' title='bbox 3107 539 3213 597; x_wconf 80' lang='grc' dir='ltr'>τοῖς</span> <span class='ocrx_word' id='word_1_19' title='bbox 3251 530 3527 591; x_wconf 75' lang='grc' dir='ltr'>Λάκωσιν·</span> 
     </span>
    </p>
   </div>
   <div class='ocr_carea' id='block_1_4' title="bbox 344 611 1913 2524">
    <p class='ocr_par' dir='ltr' id='par_1_4' title="bbox 344 611 1913 2524">
     <span class='ocr_line' id='line_1_4' title="bbox 344 611 1895 694; baseline -0.005 -19"><span class='ocrx_word' id='word_1_20' title='bbox 344 622 483 694; x_wconf 86' lang='lat' dir='ltr'>reip.</span> <span class='ocrx_word' id='word_1_21' title='bbox 517 617 1011 673; x_wconf 76' lang='lat' dir='ltr'>administrationis</span> <span class='ocrx_word' id='word_1_22' title='bbox 1048 615 1350 689; x_wconf 77' lang='lat' dir='ltr'>participes</span> <span class='ocrx_word' id='word_1_23' title='bbox 1378 614 1542 689; x_wconf 85' lang='lat' dir='ltr'>sint),</span> <span class='ocrx_word' id='word_1_24' title='bbox 1567 612 1655 671; x_wconf 76' lang='grc' dir='ltr'>καὶ</span> <span class='ocrx_word' id='word_1_25' title='bbox 1682 611 1768 670; x_wconf 75' lang='grc' dir='ltr'>τὸν</span> <span class='ocrx_word' id='word_1_26' title='bbox 1799 613 1895 682; x_wconf 72' lang='grc' dir='ltr'>δ’ἡ-</span> 
     </span>
     <span class='ocr_line' id='line_1_5' title="bbox 346 699 1896 781; baseline -0.004 -20"><span class='ocrx_word' id='word_1_27' title='bbox 346 727 442 781; x_wconf 91' lang='grc' dir='ltr'>μον</span> <span class='ocrx_word' id='word_1_28' title='bbox 461 706 626 762; x_wconf 78' lang='grc' dir='ltr'>ποιεῖν</span> <span class='ocrx_word' id='word_1_29' title='bbox 643 699 855 780; x_wconf 78' lang='grc' dir='ltr'>ἰσχυρὸν</span> <span class='ocrx_word' id='word_1_30' title='bbox 877 699 1114 760; x_wconf 76' lang='grc' dir='ltr'>εἰώθασιν</span> <span class='ocrx_word' id='word_1_31' title='bbox 1134 702 1181 759; x_wconf 80' lang='grc' dir='ltr'>οἳ</span> <span class='ocrx_word' id='word_1_32' title='bbox 1199 703 1520 780; x_wconf 89' lang='grc' dir='ltr'>προεστῶτες</span> <span class='ocrx_word' id='word_1_33' title='bbox 1536 702 1608 780; x_wconf 78' lang='grc' dir='ltr'>τῷ</span> <span class='ocrx_word' id='word_1_34' title='bbox 1621 699 1896 779; x_wconf 84' lang='grc' dir='ltr'>προσλαμ-</span> 
     </span>
     <span class='ocr_line' id='line_1_6' title="bbox 347 784 1898 865; baseline -0.005 -17"><span class='ocrx_word' id='word_1_35' title='bbox 347 788 521 848; x_wconf 81' lang='grc' dir='ltr'>6άνειν</span> <span class='ocrx_word' id='word_1_36' title='bbox 543 792 611 856; x_wconf 76' lang='grc' dir='ltr'>ὥς</span> <span class='ocrx_word' id='word_1_37' title='bbox 637 786 932 859; x_wconf 73' lang='grc' dir='ltr'>πλείστους,</span> <span class='ocrx_word' id='word_1_38' title='bbox 957 786 1049 845; x_wconf 74' lang='grc' dir='ltr'>καὶ</span> <span class='ocrx_word' id='word_1_39' title='bbox 1068 794 1235 845; x_wconf 81' lang='grc' dir='ltr'>ποιεῖν</span> <span class='ocrx_word' id='word_1_40' title='bbox 1260 785 1477 854; x_wconf 76' lang='grc' dir='ltr'>πολίτας</span> <span class='ocrx_word' id='word_1_41' title='bbox 1500 786 1576 865; x_wconf 76' lang='grc' dir='ltr'>μὴ</span> <span class='ocrx_word' id='word_1_42' title='bbox 1601 785 1755 862; x_wconf 88' lang='grc' dir='ltr'>μόνον</span> <span class='ocrx_word' id='word_1_43' title='bbox 1781 784 1898 850; x_wconf 79' lang='grc' dir='ltr'>τοὺς</span> 
     </span>
     <span class='ocr_line' id='line_1_7' title="bbox 346 870 1901 980; baseline -0.005 -45"><span class='ocrx_word' id='word_1_44' title='bbox 346 876 621 954; x_wconf 73' lang='grc' dir='ltr'>γνησίους,</span> <span class='ocrx_word' id='word_1_45' title='bbox 647 872 784 934; x_wconf 76' lang='grc' dir='ltr'>ἀλλὰ</span> <span class='ocrx_word' id='word_1_46' title='bbox 817 873 907 933; x_wconf 74' lang='grc' dir='ltr'>καὶ</span> <span class='ocrx_word' id='word_1_47' title='bbox 925 872 1040 940; x_wconf 89' lang='grc' dir='ltr'>τους</span> <span class='ocrx_word' id='word_1_48' title='bbox 1074 872 1125 942; x_wconf 73' lang='grc' dir='ltr'>ἐξ</span> <span class='ocrx_word' id='word_1_49' title='bbox 1148 876 1481 955; x_wconf 76' lang='grc' dir='ltr'>ὁποτερουοῦν</span> <span class='ocrx_word' id='word_1_50' title='bbox 1504 873 1740 980; x_wconf 51' lang='grc' dir='ltr'>πολίτου,</span> <span class='ocrx_word' id='word_1_51' title='bbox 1764 870 1901 950; x_wconf 89' lang='grc' dir='ltr'>λέγω</span> 
     </span>
     <span class='ocr_line' id='line_1_8' title="bbox 348 956 1900 1045; baseline -0.005 -20"><span class='ocrx_word' id='word_1_52' title='bbox 348 964 404 1024; x_wconf 67' lang='grc' dir='ltr'>δὲ</span> <span class='ocrx_word' id='word_1_53' title='bbox 428 956 531 1025; x_wconf 73' lang='grc' dir='ltr'>οἶον</span> <span class='ocrx_word' id='word_1_54' title='bbox 566 962 761 1044; x_wconf 77' lang='grc' dir='ltr'>πατρὸς</span> <span class='ocrx_word' id='word_1_55' title='bbox 789 961 825 1034; x_wconf 78' lang='grc' dir='ltr'>ἢ</span> <span class='ocrx_word' id='word_1_56' title='bbox 863 961 1081 1042; x_wconf 87' lang='grc' dir='ltr'>μητρός·</span> <span class='ocrx_word' id='word_1_57' title='bbox 1111 960 1252 1020; x_wconf 81' lang='grc' dir='ltr'>ἅπαν</span> <span class='ocrx_word' id='word_1_58' title='bbox 1293 960 1394 1045; x_wconf 72' lang='grc' dir='ltr'>γὰρ</span> <span class='ocrx_word' id='word_1_59' title='bbox 1431 964 1616 1021; x_wconf 74' lang='grc' dir='ltr'>οἰκεῖον</span> <span class='ocrx_word' id='word_1_60' title='bbox 1645 966 1796 1020; x_wconf 70' lang='grc' dir='ltr'>τοῦτο</span> <span class='ocrx_word' id='word_1_61' title='bbox 1827 963 1900 1037; x_wconf 78' lang='grc' dir='ltr'>τῷ</span> 
     </span>
     <span class='ocr_line' id='line_1_9' title="bbox 348 1046 1897 1132; baseline -0.005 -20"><span class='ocrx_word' id='word_1_62' title='bbox 348 1051 564 1132; x_wconf 80' lang='grc' dir='ltr'>τοιούτῳ</span> <span class='ocrx_word' id='word_1_63' title='bbox 584 1050 737 1132; x_wconf 81' lang='grc' dir='ltr'>δήμῳ</span> <span class='ocrx_word' id='word_1_64' title='bbox 766 1051 985 1128; x_wconf 76' lang='grc' dir='ltr'>μᾶλλον.</span> <span class='ocrx_word' id='word_1_65' title='bbox 1020 1047 1252 1110; x_wconf 81' lang='grc' dir='ltr'>Εἰώθασι</span> <span class='ocrx_word' id='word_1_66' title='bbox 1284 1047 1378 1126; x_wconf 62' lang='grc' dir='ltr'>μὲν</span> <span class='ocrx_word' id='word_1_67' title='bbox 1406 1072 1492 1108; x_wconf 88' lang='grc' dir='ltr'>ουν</span> <span class='ocrx_word' id='word_1_68' title='bbox 1522 1051 1568 1108; x_wconf 79' lang='grc' dir='ltr'>οῖ</span> <span class='ocrx_word' id='word_1_69' title='bbox 1591 1046 1897 1126; x_wconf 75' lang='grc' dir='ltr'>δημαγωγοί</span> 
     </span>
     <span class='ocr_line' id='line_1_10' title="bbox 353 1133 1897 1217; baseline -0.005 -18"><span class='ocrx_word' id='word_1_70' title='bbox 353 1138 756 1208; x_wconf 76' lang='grc' dir='ltr'>κατασκευάζειν</span> <span class='ocrx_word' id='word_1_71' title='bbox 781 1135 945 1196; x_wconf 76' lang='grc' dir='ltr'>οὕτω·</span> <span class='ocrx_word' id='word_1_72' title='bbox 975 1137 1051 1195; x_wconf 91' lang='grc' dir='ltr'>δεῖ</span> <span class='ocrx_word' id='word_1_73' title='bbox 1074 1135 1247 1214; x_wconf 88' lang='grc' dir='ltr'>μέντοι</span> <span class='ocrx_word' id='word_1_74' title='bbox 1267 1134 1691 1217; x_wconf 76' lang='grc' dir='ltr'>προσλαμὸάνειν</span> <span class='ocrx_word' id='word_1_75' title='bbox 1712 1133 1897 1215; x_wconf 85' lang='grc' dir='ltr'>μέχρις</span> 
     </span>
     <span class='ocr_line' id='line_1_11' title="bbox 354 1219 1900 1308; baseline -0.005 -22"><span class='ocrx_word' id='word_1_76' title='bbox 354 1228 417 1287; x_wconf 77' lang='grc' dir='ltr'>ἃν</span> <span class='ocrx_word' id='word_1_77' title='bbox 442 1225 718 1308; x_wconf 76' lang='grc' dir='ltr'>ὑπερτείνῃ</span> <span class='ocrx_word' id='word_1_78' title='bbox 746 1224 806 1284; x_wconf 77' lang='grc' dir='ltr'>τὸ</span> <span class='ocrx_word' id='word_1_79' title='bbox 833 1227 1025 1297; x_wconf 64' lang='grc' dir='ltr'>πλῆθος</span> <span class='ocrx_word' id='word_1_80' title='bbox 1052 1228 1153 1283; x_wconf 91' lang='grc' dir='ltr'>τῶν</span> <span class='ocrx_word' id='word_1_81' title='bbox 1174 1223 1446 1304; x_wconf 77' lang='grc' dir='ltr'>γνωρίμων</span> <span class='ocrx_word' id='word_1_82' title='bbox 1465 1246 1556 1281; x_wconf 86' lang='grc' dir='ltr'>και</span> <span class='ocrx_word' id='word_1_83' title='bbox 1577 1225 1681 1281; x_wconf 89' lang='grc' dir='ltr'>τῶν</span> <span class='ocrx_word' id='word_1_84' title='bbox 1706 1219 1900 1299; x_wconf 86' lang='grc' dir='ltr'>μέσων,</span> 
     </span>
     <span class='ocr_line' id='line_1_12' title="bbox 354 1309 1900 1394; baseline -0.005 -20"><span class='ocrx_word' id='word_1_85' title='bbox 354 1314 442 1374; x_wconf 79' lang='grc' dir='ltr'>καὶ</span> <span class='ocrx_word' id='word_1_86' title='bbox 480 1313 662 1374; x_wconf 77' lang='grc' dir='ltr'>τούτου</span> <span class='ocrx_word' id='word_1_87' title='bbox 702 1310 777 1391; x_wconf 76' lang='grc' dir='ltr'>μὴ</span> <span class='ocrx_word' id='word_1_88' title='bbox 817 1309 951 1392; x_wconf 87' lang='grc' dir='ltr'>πέρα</span> <span class='ocrx_word' id='word_1_89' title='bbox 993 1309 1316 1394; x_wconf 78' lang='grc' dir='ltr'>προὸαίνειν·</span> <span class='ocrx_word' id='word_1_90' title='bbox 1353 1309 1766 1393; x_wconf 75' lang='grc' dir='ltr'>ὕπερὸάλλοντες</span> <span class='ocrx_word' id='word_1_91' title='bbox 1800 1309 1900 1386; x_wconf 71' lang='grc' dir='ltr'>γὰρ</span> 
     </span>
     <span class='ocr_line' id='line_1_13' title="bbox 354 1395 1902 1481; baseline -0.003 -21"><span class='ocrx_word' id='word_1_92' title='bbox 354 1400 703 1481; x_wconf 74' lang='grc' dir='ltr'>ἀτακτοτέραν</span> <span class='ocrx_word' id='word_1_93' title='bbox 731 1422 787 1458; x_wconf 86' lang='grc' dir='ltr'>τε</span> <span class='ocrx_word' id='word_1_94' title='bbox 814 1403 1020 1458; x_wconf 76' lang='grc' dir='ltr'>ποιοῧσι</span> <span class='ocrx_word' id='word_1_95' title='bbox 1045 1395 1137 1470; x_wconf 78' lang='grc' dir='ltr'>τὴν</span> <span class='ocrx_word' id='word_1_96' title='bbox 1166 1396 1433 1457; x_wconf 76' lang='grc' dir='ltr'>πολιτείαν</span> <span class='ocrx_word' id='word_1_97' title='bbox 1455 1443 1471 1474; x_wconf 92' lang='grc'>,</span> <span class='ocrx_word' id='word_1_98' title='bbox 1502 1420 1593 1456; x_wconf 88' lang='grc' dir='ltr'>και</span> <span class='ocrx_word' id='word_1_99' title='bbox 1624 1396 1741 1464; x_wconf 89' lang='grc' dir='ltr'>τους</span> <span class='ocrx_word' id='word_1_100' title='bbox 1770 1413 1902 1475; x_wconf 77' lang='grc' dir='ltr'>γνω-</span> 
     </span>
     <span class='ocr_line' id='line_1_14' title="bbox 356 1483 1902 1571; baseline -0.003 -25"><span class='ocrx_word' id='word_1_101' title='bbox 356 1488 536 1569; x_wconf 85' lang='grc' dir='ltr'>ρίμους</span> <span class='ocrx_word' id='word_1_102' title='bbox 568 1488 695 1571; x_wconf 85' lang='grc' dir='ltr'>πρὸς</span> <span class='ocrx_word' id='word_1_103' title='bbox 721 1485 781 1546; x_wconf 79' lang='grc' dir='ltr'>τὸ</span> <span class='ocrx_word' id='word_1_104' title='bbox 816 1488 1061 1566; x_wconf 81' lang='grc' dir='ltr'>χαλεπῶς</span> <span class='ocrx_word' id='word_1_105' title='bbox 1102 1485 1372 1563; x_wconf 87' lang='grc' dir='ltr'>υπομένειν</span> <span class='ocrx_word' id='word_1_106' title='bbox 1408 1484 1503 1557; x_wconf 78' lang='grc' dir='ltr'>τὴν</span> <span class='ocrx_word' id='word_1_107' title='bbox 1547 1483 1902 1566; x_wconf 81' lang='grc' dir='ltr'>δημοκρατίαν</span> 
     </span>
     <span class='ocr_line' id='line_1_15' title="bbox 353 1570 1904 1673; baseline -0.004 -38"><span class='ocrx_word' id='word_1_108' title='bbox 353 1575 701 1673; x_wconf 81' lang='grc' dir='ltr'>παροξυνουσι</span> <span class='ocrx_word' id='word_1_109' title='bbox 727 1575 958 1651; x_wconf 73' lang='grc' dir='ltr'>μᾶλλον·</span> <span class='ocrx_word' id='word_1_110' title='bbox 988 1571 1113 1653; x_wconf 84' lang='grc' dir='ltr'>ὅπερ</span> <span class='ocrx_word' id='word_1_111' title='bbox 1142 1572 1333 1645; x_wconf 79' lang='grc' dir='ltr'>συνέὸη</span> <span class='ocrx_word' id='word_1_112' title='bbox 1368 1597 1461 1644; x_wconf 86' lang='grc' dir='ltr'>της</span> <span class='ocrx_word' id='word_1_113' title='bbox 1492 1571 1715 1639; x_wconf 88' lang='grc' dir='ltr'>στάσεως</span> <span class='ocrx_word' id='word_1_114' title='bbox 1744 1570 1904 1631; x_wconf 83' lang='grc' dir='ltr'>αἴτιον</span> 
     </span>
     <span class='ocr_line' id='line_1_16' title="bbox 354 1658 1908 1741; baseline -0.001 -21.999"><span class='ocrx_word' id='word_1_115' title='bbox 354 1658 591 1739; x_wconf 77' lang='grc' dir='ltr'>γενέσθαι</span> <span class='ocrx_word' id='word_1_116' title='bbox 621 1683 739 1741; x_wconf 87' lang='grc' dir='ltr'>περι</span> <span class='ocrx_word' id='word_1_117' title='bbox 765 1659 1037 1741; x_wconf 77' lang='grc' dir='ltr'>Κυρήνην·</span> <span class='ocrx_word' id='word_1_118' title='bbox 1067 1658 1240 1738; x_wconf 81' lang='grc' dir='ltr'>ὀλίγον</span> <span class='ocrx_word' id='word_1_119' title='bbox 1260 1658 1354 1736; x_wconf 80' lang='grc' dir='ltr'>μὲν</span> <span class='ocrx_word' id='word_1_120' title='bbox 1377 1658 1477 1740; x_wconf 77' lang='grc' dir='ltr'>γὰρ</span> <span class='ocrx_word' id='word_1_121' title='bbox 1499 1681 1720 1737; x_wconf 86' lang='grc' dir='ltr'>πονηρον</span> <span class='ocrx_word' id='word_1_122' title='bbox 1751 1681 1908 1740; x_wconf 83' lang='grc' dir='ltr'>παρο·</span> 
     </span>
     <span class='ocr_line' id='line_1_17' title="bbox 360 1743 1903 1830; baseline -0.003 -23"><span class='ocrx_word' id='word_1_123' title='bbox 360 1758 541 1830; x_wconf 69' lang='grc' dir='ltr'>ρᾶται·</span> <span class='ocrx_word' id='word_1_124' title='bbox 575 1746 709 1807; x_wconf 86' lang='grc' dir='ltr'>πολυ</span> <span class='ocrx_word' id='word_1_125' title='bbox 737 1745 790 1806; x_wconf 71' lang='grc' dir='ltr'>δὲ</span> <span class='ocrx_word' id='word_1_126' title='bbox 820 1746 1085 1825; x_wconf 87' lang='grc' dir='ltr'>γινόμενον</span> <span class='ocrx_word' id='word_1_127' title='bbox 1111 1748 1162 1805; x_wconf 76' lang='grc' dir='ltr'>ἐν</span> <span class='ocrx_word' id='word_1_128' title='bbox 1193 1748 1520 1827; x_wconf 79' lang='grc' dir='ltr'>ὀφθαλμοῖς</span> <span class='ocrx_word' id='word_1_129' title='bbox 1509 1743 1708 1806; x_wconf 74' lang='grc' dir='ltr'>μᾶλλόν</span> <span class='ocrx_word' id='word_1_130' title='bbox 1749 1748 1903 1804; x_wconf 75' lang='grc' dir='ltr'>ἐστιν.</span> 
     </span>
     <span class='ocr_line' id='line_1_18' title="bbox 356 1830 1907 1914; baseline -0.001 -20.961"><span class='ocrx_word' id='word_1_131' title='bbox 356 1833 432 1894; x_wconf 71' lang='lat' dir='ltr'>‘&#39;l-⁸</span> <span class='ocrx_word' id='word_1_132' title='bbox 435 1858 485 1892; x_wconf 86' lang='grc' dir='ltr'>τι</span> <span class='ocrx_word' id='word_1_133' title='bbox 506 1832 561 1892; x_wconf 72' lang='grc' dir='ltr'>δὲ</span> <span class='ocrx_word' id='word_1_134' title='bbox 589 1830 753 1892; x_wconf 77' lang='grc' dir='ltr'>καὶτὰ</span> <span class='ocrx_word' id='word_1_135' title='bbox 766 1837 978 1891; x_wconf 73' lang='grc' dir='ltr'>τοιαῦτα</span> <span class='ocrx_word' id='word_1_136' title='bbox 1002 1831 1483 1909; x_wconf 77' lang='grc' dir='ltr'>κατασκευάσματα</span> <span class='ocrx_word' id='word_1_137' title='bbox 1510 1831 1751 1913; x_wconf 73' lang='grc' dir='ltr'>χρήσιμα</span> <span class='ocrx_word' id='word_1_138' title='bbox 1776 1833 1907 1914; x_wconf 80' lang='grc' dir='ltr'>πρὸς</span> 
     </span>
     <span class='ocr_line' id='line_1_19' title="bbox 357 1910 1911 2001; baseline -0.001 -22"><span class='ocrx_word' id='word_1_139' title='bbox 357 1921 451 1993; x_wconf 75' lang='grc' dir='ltr'>τὴν</span> <span class='ocrx_word' id='word_1_140' title='bbox 476 1919 833 2001; x_wconf 83' lang='grc' dir='ltr'>δημοκρατίαν</span> <span class='ocrx_word' id='word_1_141' title='bbox 853 1918 945 1992; x_wconf 78' lang='grc' dir='ltr'>τὴν</span> <span class='ocrx_word' id='word_1_142' title='bbox 965 1918 1231 1996; x_wconf 80' lang='grc' dir='ltr'>τοιαύτην,</span> <span class='ocrx_word' id='word_1_143' title='bbox 1252 1910 1325 1986; x_wconf 77' lang='grc' dir='ltr'>οἷς</span> <span class='ocrx_word' id='word_1_144' title='bbox 1352 1918 1663 1993; x_wconf 80' lang='grc' dir='ltr'>Κλεισθένης</span> <span class='ocrx_word' id='word_1_145' title='bbox 1689 1942 1745 1979; x_wconf 86' lang='grc' dir='ltr'>τε</span> <span class='ocrx_word' id='word_1_146' title='bbox 1768 1919 1911 1990; x_wconf 55' lang='lat' dir='ltr'>’Aefi-</span> 
     </span>
     <span class='ocr_line' id='line_1_20' title="bbox 358 2004 1908 2088; baseline -0.001 -24"><span class='ocrx_word' id='word_1_147' title='bbox 358 2031 508 2078; x_wconf 88' lang='grc' dir='ltr'>νησιν</span> <span class='ocrx_word' id='word_1_148' title='bbox 523 2011 812 2088; x_wconf 76' lang='grc' dir='ltr'>ἐχρήσατο,</span> <span class='ocrx_word' id='word_1_149' title='bbox 840 2007 1146 2087; x_wconf 84' lang='grc' dir='ltr'>βουλόμενος</span> <span class='ocrx_word' id='word_1_150' title='bbox 1167 2004 1389 2078; x_wconf 82' lang='grc' dir='ltr'>αὖξτσαι</span> <span class='ocrx_word' id='word_1_151' title='bbox 1415 2004 1510 2077; x_wconf 76' lang='grc' dir='ltr'>τὴν</span> <span class='ocrx_word' id='word_1_152' title='bbox 1533 2005 1908 2087; x_wconf 87' lang='grc' dir='ltr'>δημοκρατίαν,</span> 
     </span>
     <span class='ocr_line' id='line_1_21' title="bbox 367 2092 1909 2179; baseline -0.001 -25"><span class='ocrx_word' id='word_1_153' title='bbox 367 2096 458 2155; x_wconf 71' lang='grc' dir='ltr'>καὶ</span> <span class='ocrx_word' id='word_1_154' title='bbox 494 2095 613 2177; x_wconf 75' lang='grc' dir='ltr'>περὶ</span> <span class='ocrx_word' id='word_1_155' title='bbox 641 2094 885 2179; x_wconf 84' lang='grc' dir='ltr'>Κυρηνην</span> <span class='ocrx_word' id='word_1_156' title='bbox 908 2097 955 2155; x_wconf 80' lang='grc' dir='ltr'>οἱ</span> <span class='ocrx_word' id='word_1_157' title='bbox 980 2094 1069 2155; x_wconf 81' lang='grc' dir='ltr'>τὸν</span> <span class='ocrx_word' id='word_1_158' title='bbox 1094 2095 1255 2172; x_wconf 78' lang='grc' dir='ltr'>δῆμον</span> <span class='ocrx_word' id='word_1_159' title='bbox 1286 2092 1642 2161; x_wconf 86' lang='grc' dir='ltr'>καθιστάντες·</span> <span class='ocrx_word' id='word_1_160' title='bbox 1670 2093 1829 2170; x_wconf 85' lang='grc' dir='ltr'>φυλαί</span> <span class='ocrx_word' id='word_1_161' title='bbox 1854 2116 1909 2152; x_wconf 86' lang='grc' dir='ltr'>τε</span> 
     </span>
     <span class='ocr_line' id='line_1_22' title="bbox 361 2179 1910 2265; baseline -0.002 -24"><span class='ocrx_word' id='word_1_162' title='bbox 361 2184 465 2264; x_wconf 76' lang='grc' dir='ltr'>γὰρ</span> <span class='ocrx_word' id='word_1_163' title='bbox 485 2182 655 2265; x_wconf 69' lang='grc' dir='ltr'>ἕτεραι</span> <span class='ocrx_word' id='word_1_164' title='bbox 691 2180 929 2255; x_wconf 89' lang='grc' dir='ltr'>ποιητέαι</span> <span class='ocrx_word' id='word_1_165' title='bbox 955 2181 1161 2249; x_wconf 87' lang='grc' dir='ltr'>πλείους</span> <span class='ocrx_word' id='word_1_166' title='bbox 1183 2180 1272 2240; x_wconf 76' lang='grc' dir='ltr'>καὶ</span> <span class='ocrx_word' id='word_1_167' title='bbox 1306 2179 1550 2263; x_wconf 81' lang='grc' dir='ltr'>φρατρίαι</span> <span class='ocrx_word' id='word_1_168' title='bbox 1567 2225 1582 2252; x_wconf 91' lang='grc'>,</span> <span class='ocrx_word' id='word_1_169' title='bbox 1601 2179 1692 2239; x_wconf 77' lang='grc' dir='ltr'>καὶ</span> <span class='ocrx_word' id='word_1_170' title='bbox 1720 2179 1782 2238; x_wconf 76' lang='grc' dir='ltr'>τὰ</span> <span class='ocrx_word' id='word_1_171' title='bbox 1810 2183 1910 2238; x_wconf 89' lang='grc' dir='ltr'>τῶν</span> 
     </span>
     <span class='ocr_line' id='line_1_23' title="bbox 366 2265 1911 2350; baseline -0.001 -23"><span class='ocrx_word' id='word_1_172' title='bbox 366 2269 511 2327; x_wconf 79' lang='grc' dir='ltr'>ἰδίων</span> <span class='ocrx_word' id='word_1_173' title='bbox 543 2272 692 2350; x_wconf 78' lang='grc' dir='ltr'>ἱερῶν</span> <span class='ocrx_word' id='word_1_174' title='bbox 738 2269 1016 2329; x_wconf 71' lang='grc' dir='ltr'>συνακτέον</span> <span class='ocrx_word' id='word_1_175' title='bbox 1040 2270 1110 2336; x_wconf 78' lang='grc' dir='ltr'>εἰς</span> <span class='ocrx_word' id='word_1_176' title='bbox 1138 2267 1288 2346; x_wconf 85' lang='grc' dir='ltr'>ὀλίγα</span> <span class='ocrx_word' id='word_1_177' title='bbox 1313 2268 1402 2327; x_wconf 77' lang='grc' dir='ltr'>καὶ</span> <span class='ocrx_word' id='word_1_178' title='bbox 1425 2265 1598 2340; x_wconf 73' lang='grc' dir='ltr'>κοινὰ,</span> <span class='ocrx_word' id='word_1_179' title='bbox 1625 2267 1714 2326; x_wconf 72' lang='grc' dir='ltr'>καί</span> <span class='ocrx_word' id='word_1_180' title='bbox 1741 2266 1911 2326; x_wconf 87' lang='grc' dir='ltr'>πάντα</span> 
     </span>
     <span class='ocr_line' id='line_1_24' title="bbox 369 2351 1913 2436; baseline -0.002 -22"><span class='ocrx_word' id='word_1_181' title='bbox 369 2353 658 2436; x_wconf 75' lang='grc' dir='ltr'>σοφιστέον,</span> <span class='ocrx_word' id='word_1_182' title='bbox 705 2354 843 2423; x_wconf 80' lang='grc' dir='ltr'>ὅπως</span> <span class='ocrx_word' id='word_1_183' title='bbox 884 2354 946 2414; x_wconf 74' lang='grc' dir='ltr'>ἂν</span> <span class='ocrx_word' id='word_1_184' title='bbox 990 2354 1069 2415; x_wconf 79' lang='grc' dir='ltr'>ὅτι</span> <span class='ocrx_word' id='word_1_185' title='bbox 1098 2352 1325 2432; x_wconf 91' lang='grc' dir='ltr'>μάλιστα</span> <span class='ocrx_word' id='word_1_186' title='bbox 1369 2356 1693 2433; x_wconf 74' lang='grc' dir='ltr'>ἀναμιχθῶσι</span> <span class='ocrx_word' id='word_1_187' title='bbox 1730 2351 1913 2422; x_wconf 80' lang='grc' dir='ltr'>πάντες</span> 
     </span>
     <span class='ocr_line' id='line_1_25' title="bbox 371 2441 1910 2524; baseline 0.001 -23"><span class='ocrx_word' id='word_1_188' title='bbox 371 2442 617 2516; x_wconf 70' lang='grc' dir='ltr'>ἀλλήλοις</span> <span class='ocrx_word' id='word_1_189' title='bbox 634 2491 651 2516; x_wconf 88' lang='grc'>,</span> <span class='ocrx_word' id='word_1_190' title='bbox 678 2445 730 2502; x_wconf 82' lang='grc' dir='ltr'>αἱ</span> <span class='ocrx_word' id='word_1_191' title='bbox 751 2443 804 2502; x_wconf 81' lang='grc' dir='ltr'>δὲ</span> <span class='ocrx_word' id='word_1_192' title='bbox 832 2442 1095 2516; x_wconf 74' lang='grc' dir='ltr'>συνήθειαι</span> <span class='ocrx_word' id='word_1_193' title='bbox 1124 2444 1490 2523; x_wconf 79' lang='grc' dir='ltr'>διαζευχθῶσιν</span> <span class='ocrx_word' id='word_1_194' title='bbox 1520 2446 1573 2501; x_wconf 81' lang='grc' dir='ltr'>αἱ</span> <span class='ocrx_word' id='word_1_195' title='bbox 1595 2441 1865 2524; x_wconf 88' lang='grc' dir='ltr'>πρότερον.</span> <span class='ocrx_word' id='word_1_196' title='bbox 1888 2443 1910 2520; x_wconf 90' lang='grc'>]</span> 
     </span>
    </p>
   </div>
   <div class='ocr_carea' id='block_1_5' title="bbox 826 2572 1528 2763">
    <p class='ocr_par' dir='ltr' id='par_1_5' title="bbox 826 2572 1528 2763">
     <span class='ocr_line' id='line_1_26' title="bbox 826 2572 1528 2651; baseline -0.004 -19"><span class='ocrx_word' id='word_1_197' title='bbox 826 2572 1442 2651; x_wconf 72' lang='grc' dir='ltr'>[κΑΡΧΗΔοΝιΩΝ.]</span> <span class='ocrx_word' id='word_1_198' title='bbox 1522 2638 1528 2645; x_wconf 55' lang='lat'><em>‚</em></span> 
     </span>
     <span class='ocr_line' id='line_1_27' title="bbox 1071 2706 1206 2763; baseline 0.007 -21"><span class='ocrx_word' id='word_1_199' title='bbox 1071 2706 1206 2763; x_wconf 83' lang='lat'>209.</span> 
     </span>
    </p>
   </div>
   <div class='ocr_carea' id='block_1_6' title="bbox 370 2795 1918 2969">
    <p class='ocr_par' dir='ltr' id='par_1_6' title="bbox 370 2795 1917 2969">
     <span class='ocr_line' id='line_1_28' title="bbox 448 2795 1917 2878; baseline 0 -21"><span class='ocrx_word' id='word_1_200' title='bbox 448 2799 705 2878; x_wconf 78' lang='lat' dir='ltr'>[Aristot.</span> <span class='ocrx_word' id='word_1_201' title='bbox 738 2801 861 2857; x_wconf 89' lang='lat' dir='ltr'>Pol.</span> <span class='ocrx_word' id='word_1_202' title='bbox 898 2802 987 2873; x_wconf 90' lang='lat'>11,</span> <span class='ocrx_word' id='word_1_203' title='bbox 1025 2800 1059 2857; x_wconf 91' lang='grc'><strong>8</strong></span> <span class='ocrx_word' id='word_1_204' title='bbox 1082 2821 1096 2857; x_wconf 74' lang='lat' dir='ltr'>t</span> <span class='ocrx_word' id='word_1_205' title='bbox 1123 2795 1495 2858; x_wconf 80' lang='grc' dir='ltr'>Πολιτεύεσθαι</span> <span class='ocrx_word' id='word_1_206' title='bbox 1517 2795 1572 2856; x_wconf 79' lang='grc' dir='ltr'>δὲ</span> <span class='ocrx_word' id='word_1_207' title='bbox 1595 2798 1800 2857; x_wconf 73' lang='grc' dir='ltr'>δοκοῦσι</span> <span class='ocrx_word' id='word_1_208' title='bbox 1826 2798 1917 2857; x_wconf 72' lang='grc' dir='ltr'>καὶ</span> 
     </span>
     <span class='ocr_line' id='line_1_29' title="bbox 370 2883 1918 2969; baseline -0.003 -21"><span class='ocrx_word' id='word_1_209' title='bbox 370 2885 722 2969; x_wconf 79' lang='grc' dir='ltr'>Καρχηδόνιοι</span> <span class='ocrx_word' id='word_1_210' title='bbox 744 2887 934 2961; x_wconf 88' lang='grc' dir='ltr'>καλῶς,</span> <span class='ocrx_word' id='word_1_211' title='bbox 961 2886 1051 2945; x_wconf 78' lang='grc' dir='ltr'>καὶ</span> <span class='ocrx_word' id='word_1_212' title='bbox 1072 2886 1244 2945; x_wconf 77' lang='grc' dir='ltr'>πολλὰ</span> <span class='ocrx_word' id='word_1_213' title='bbox 1263 2888 1512 2967; x_wconf 78' lang='grc' dir='ltr'>περιττῶς</span> <span class='ocrx_word' id='word_1_214' title='bbox 1533 2884 1662 2967; x_wconf 83' lang='grc' dir='ltr'>πρὸς</span> <span class='ocrx_word' id='word_1_215' title='bbox 1679 2883 1794 2954; x_wconf 77' lang='grc' dir='ltr'>τοὺς</span> <span class='ocrx_word' id='word_1_216' title='bbox 1821 2884 1918 2944; x_wconf 81' lang='grc' dir='ltr'>ἄλ-</span> 
     </span>
    </p>
   </div>
   <div class='ocr_carea' id='block_1_7' title="bbox 369 3051 1936 4664">
    <p class='ocr_par' dir='ltr' id='par_1_7' title="bbox 369 3051 1922 3504">
     <span class='ocr_line' id='line_1_30' title="bbox 374 3051 1918 3117; baseline -0.002 -12"><span class='ocrx_word' id='word_1_217' title='bbox 374 3067 543 3105; x_wconf 84' lang='lat' dir='ltr'>omnes</span> <span class='ocrx_word' id='word_1_218' title='bbox 570 3053 700 3104; x_wconf 80' lang='lat' dir='ltr'>cives</span> <span class='ocrx_word' id='word_1_219' title='bbox 730 3054 1004 3117; x_wconf 61' lang='lat' dir='ltr'>reipublicae</span> <span class='ocrx_word' id='word_1_220' title='bbox 1042 3053 1467 3104; x_wconf 79' lang='lat' dir='ltr'>administrationis</span> <span class='ocrx_word' id='word_1_221' title='bbox 1505 3051 1758 3117; x_wconf 75' lang='lat' dir='ltr'>participes</span> <span class='ocrx_word' id='word_1_222' title='bbox 1791 3053 1918 3114; x_wconf 89' lang='lat' dir='ltr'>sint)</span> 
     </span>
     <span class='ocr_line' id='line_1_31' title="bbox 369 3129 1919 3195; baseline -0.002 -13"><span class='ocrx_word' id='word_1_223' title='bbox 369 3135 417 3182; x_wconf 86' lang='lat' dir='ltr'>et</span> <span class='ocrx_word' id='word_1_224' title='bbox 439 3132 671 3195; x_wconf 87' lang='lat' dir='ltr'>populum</span> <span class='ocrx_word' id='word_1_225' title='bbox 693 3130 903 3180; x_wconf 81' lang='lat' dir='ltr'>validum</span> <span class='ocrx_word' id='word_1_226' title='bbox 921 3130 1242 3192; x_wconf 82' lang='lat' dir='ltr'>efficiendum,</span> <span class='ocrx_word' id='word_1_227' title='bbox 1264 3130 1417 3180; x_wconf 90' lang='lat' dir='ltr'>solent</span> <span class='ocrx_word' id='word_1_228' title='bbox 1436 3130 1596 3193; x_wconf 87' lang='lat' dir='ltr'>populi</span> <span class='ocrx_word' id='word_1_229' title='bbox 1614 3129 1760 3180; x_wconf 70' lang='lat' dir='ltr'>ducoe</span> <span class='ocrx_word' id='word_1_230' title='bbox 1773 3142 1919 3193; x_wconf 84' lang='lat' dir='ltr'>quam</span> 
     </span>
     <span class='ocr_line' id='line_1_32' title="bbox 372 3208 1921 3275; baseline -0.002 -15"><span class='ocrx_word' id='word_1_231' title='bbox 372 3210 605 3275; x_wconf 86' lang='lat' dir='ltr'>plurimos</span> <span class='ocrx_word' id='word_1_232' title='bbox 629 3210 857 3261; x_wconf 73' lang='lat' dir='ltr'>asciscere</span> <span class='ocrx_word' id='word_1_233' title='bbox 891 3224 986 3261; x_wconf 88' lang='lat' dir='ltr'>non</span> <span class='ocrx_word' id='word_1_234' title='bbox 1023 3211 1180 3260; x_wconf 89' lang='lat' dir='ltr'>solum</span> <span class='ocrx_word' id='word_1_235' title='bbox 1209 3208 1446 3272; x_wconf 78' lang='lat' dir='ltr'>legitimos</span> <span class='ocrx_word' id='word_1_236' title='bbox 1467 3210 1600 3260; x_wconf 79' lang='lat' dir='ltr'>cives</span> <span class='ocrx_word' id='word_1_237' title='bbox 1618 3246 1632 3270; x_wconf 92' lang='lat'>‚</span> <span class='ocrx_word' id='word_1_238' title='bbox 1672 3208 1756 3259; x_wconf 88' lang='lat' dir='ltr'>sed</span> <span class='ocrx_word' id='word_1_239' title='bbox 1776 3209 1921 3259; x_wconf 83' lang='lat' dir='ltr'>etiam</span> 
     </span>
     <span class='ocr_line' id='line_1_33' title="bbox 374 3286 1922 3351; baseline -0.002 -14"><span class='ocrx_word' id='word_1_240' title='bbox 374 3287 552 3337; x_wconf 84' lang='lat' dir='ltr'>nothos</span> <span class='ocrx_word' id='word_1_241' title='bbox 571 3288 621 3337; x_wconf 86' lang='lat' dir='ltr'>et</span> <span class='ocrx_word' id='word_1_242' title='bbox 637 3299 698 3336; x_wconf 84' lang='lat' dir='ltr'>ex</span> <span class='ocrx_word' id='word_1_243' title='bbox 716 3289 948 3339; x_wconf 85' lang='lat' dir='ltr'>alterutro</span> <span class='ocrx_word' id='word_1_244' title='bbox 971 3290 1167 3351; x_wconf 84' lang='lat' dir='ltr'>parente</span> <span class='ocrx_word' id='word_1_245' title='bbox 1184 3288 1291 3338; x_wconf 81' lang='lat' dir='ltr'>cive</span> <span class='ocrx_word' id='word_1_246' title='bbox 1315 3292 1613 3351; x_wconf 83' lang='lat' dir='ltr'>procreatos,</span> <span class='ocrx_word' id='word_1_247' title='bbox 1637 3286 1729 3335; x_wconf 82' lang='lat' dir='ltr'>hoc</span> <span class='ocrx_word' id='word_1_248' title='bbox 1752 3288 1842 3347; x_wconf 83' lang='lat' dir='ltr'>est,</span> <span class='ocrx_word' id='word_1_249' title='bbox 1861 3298 1922 3335; x_wconf 81' lang='lat' dir='ltr'>ex</span> 
     </span>
     <span class='ocr_line' id='line_1_34' title="bbox 375 3361 1922 3428; baseline -0.002 -14"><span class='ocrx_word' id='word_1_250' title='bbox 375 3368 513 3428; x_wconf 81' lang='lat' dir='ltr'>patre</span> <span class='ocrx_word' id='word_1_251' title='bbox 530 3364 614 3412; x_wconf 91' lang='lat' dir='ltr'>aut</span> <span class='ocrx_word' id='word_1_252' title='bbox 637 3366 804 3415; x_wconf 85' lang='lat' dir='ltr'>matre.</span> <span class='ocrx_word' id='word_1_253' title='bbox 826 3369 982 3416; x_wconf 86' lang='lat' dir='ltr'>omne</span> <span class='ocrx_word' id='word_1_254' title='bbox 1001 3363 1126 3413; x_wconf 88' lang='lat' dir='ltr'>enim</span> <span class='ocrx_word' id='word_1_255' title='bbox 1149 3377 1298 3426; x_wconf 81' lang='lat' dir='ltr'>genus</span> <span class='ocrx_word' id='word_1_256' title='bbox 1320 3365 1411 3414; x_wconf 74' lang='lat' dir='ltr'>lioc</span> <span class='ocrx_word' id='word_1_257' title='bbox 1433 3365 1681 3415; x_wconf 85' lang='lat' dir='ltr'>hominum</span> <span class='ocrx_word' id='word_1_258' title='bbox 1694 3361 1755 3411; x_wconf 84' lang='lat' dir='ltr'>ad</span> <span class='ocrx_word' id='word_1_259' title='bbox 1778 3363 1922 3411; x_wconf 84' lang='lat' dir='ltr'>talem</span> 
     </span>
     <span class='ocr_line' id='line_1_35' title="bbox 374 3439 1903 3504; baseline -0.002 -13"><span class='ocrx_word' id='word_1_260' title='bbox 374 3440 716 3492; x_wconf 83' lang='lat' dir='ltr'>dernocratiam</span> <span class='ocrx_word' id='word_1_261' title='bbox 756 3441 904 3504; x_wconf 78' lang='lat' dir='ltr'>magis</span> <span class='ocrx_word' id='word_1_262' title='bbox 950 3440 1366 3491; x_wconf 80' lang='lat' dir='ltr'>accommodatum</span> <span class='ocrx_word' id='word_1_263' title='bbox 1416 3443 1502 3491; x_wconf 80' lang='lat' dir='ltr'>est.</span> <span class='ocrx_word' id='word_1_264' title='bbox 1555 3441 1721 3491; x_wconf 85' lang='lat' dir='ltr'>solent</span> <span class='ocrx_word' id='word_1_265' title='bbox 1759 3439 1903 3502; x_wconf 80' lang='lat' dir='ltr'>igitur</span> 
     </span>
    </p>

    <p class='ocr_par' dir='ltr' id='par_1_8' title="bbox 376 3518 1936 4664">
     <span class='ocr_line' id='line_1_36' title="bbox 376 3518 1924 3582; baseline -0.001 -14"><span class='ocrx_word' id='word_1_266' title='bbox 376 3519 622 3582; x_wconf 81' lang='lat' dir='ltr'>demagogi</span> <span class='ocrx_word' id='word_1_267' title='bbox 650 3519 756 3568; x_wconf 74' lang='lat' dir='ltr'>hoec</span> <span class='ocrx_word' id='word_1_268' title='bbox 776 3519 1046 3582; x_wconf 80' lang='lat' dir='ltr'>excogitare</span> <span class='ocrx_word' id='word_1_269' title='bbox 1061 3521 1114 3568; x_wconf 88' lang='lat' dir='ltr'>et</span> <span class='ocrx_word' id='word_1_270' title='bbox 1138 3518 1404 3569; x_wconf 85' lang='lat' dir='ltr'>machinari</span> <span class='ocrx_word' id='word_1_271' title='bbox 1436 3538 1452 3569; x_wconf 70' lang='grc' dir='ltr'>ι</span> <span class='ocrx_word' id='word_1_272' title='bbox 1482 3518 1567 3569; x_wconf 87' lang='lat' dir='ltr'>sed</span> <span class='ocrx_word' id='word_1_273' title='bbox 1583 3520 1773 3581; x_wconf 81' lang='lat' dir='ltr'>oportet</span> <span class='ocrx_word' id='word_1_274' title='bbox 1790 3531 1924 3568; x_wconf 84' lang='lat' dir='ltr'>assu·</span> 
     </span>
     <span class='ocr_line' id='line_1_37' title="bbox 379 3594 1924 3658; baseline -0.001 -13"><span class='ocrx_word' id='word_1_275' title='bbox 379 3608 510 3646; x_wconf 84' lang='lat' dir='ltr'>mere.</span> <span class='ocrx_word' id='word_1_276' title='bbox 527 3608 682 3658; x_wconf 84' lang='lat' dir='ltr'>usque</span> <span class='ocrx_word' id='word_1_277' title='bbox 708 3608 768 3645; x_wconf 89' lang='lat' dir='ltr'>eo</span> <span class='ocrx_word' id='word_1_278' title='bbox 781 3634 795 3656; x_wconf 87' lang='lat'>‚</span> <span class='ocrx_word' id='word_1_279' title='bbox 814 3595 933 3645; x_wconf 87' lang='lat' dir='ltr'>dum</span> <span class='ocrx_word' id='word_1_280' title='bbox 958 3594 1219 3645; x_wconf 86' lang='lat' dir='ltr'>multitudo</span> <span class='ocrx_word' id='word_1_281' title='bbox 1237 3595 1420 3645; x_wconf 85' lang='lat' dir='ltr'>nobiles</span> <span class='ocrx_word' id='word_1_282' title='bbox 1435 3598 1484 3646; x_wconf 92' lang='lat' dir='ltr'>et</span> <span class='ocrx_word' id='word_1_283' title='bbox 1502 3595 1684 3646; x_wconf 86' lang='lat' dir='ltr'>medios</span> <span class='ocrx_word' id='word_1_284' title='bbox 1705 3595 1897 3657; x_wconf 86' lang='lat' dir='ltr'>superet</span> <span class='ocrx_word' id='word_1_285' title='bbox 1909 3630 1924 3655; x_wconf 89' lang='lat'>,</span> 
     </span>
     <span class='ocr_line' id='line_1_38' title="bbox 380 3671 1927 3736; baseline -0.002 -13"><span class='ocrx_word' id='word_1_286' title='bbox 380 3685 469 3723; x_wconf 88' lang='lat' dir='ltr'>nec</span> <span class='ocrx_word' id='word_1_287' title='bbox 487 3674 651 3722; x_wconf 85' lang='lat' dir='ltr'>tamen</span> <span class='ocrx_word' id='word_1_288' title='bbox 670 3672 801 3722; x_wconf 88' lang='lat' dir='ltr'>ultra</span> <span class='ocrx_word' id='word_1_289' title='bbox 824 3672 1083 3736; x_wconf 76' lang='lat' dir='ltr'><strong>procedere</strong></span> <span class='ocrx_word' id='word_1_290' title='bbox 1108 3673 1347 3721; x_wconf 82' lang='lat' dir='ltr'>convenit.</span> <span class='ocrx_word' id='word_1_291' title='bbox 1369 3675 1490 3724; x_wconf 81' lang='lat' dir='ltr'>Nam</span> <span class='ocrx_word' id='word_1_292' title='bbox 1507 3671 1547 3722; x_wconf 87' lang='lat' dir='ltr'>si</span> <span class='ocrx_word' id='word_1_293' title='bbox 1570 3671 1769 3721; x_wconf 88' lang='lat' dir='ltr'>modum</span> <span class='ocrx_word' id='word_1_294' title='bbox 1791 3684 1927 3733; x_wconf 86' lang='lat' dir='ltr'>supe-</span> 
     </span>
     <span class='ocr_line' id='line_1_39' title="bbox 380 3746 1927 3812; baseline -0.002 -14"><span class='ocrx_word' id='word_1_295' title='bbox 380 3749 510 3811; x_wconf 87' lang='lat' dir='ltr'>rent,</span> <span class='ocrx_word' id='word_1_296' title='bbox 530 3750 711 3798; x_wconf 84' lang='lat' dir='ltr'>statum</span> <span class='ocrx_word' id='word_1_297' title='bbox 730 3748 1005 3812; x_wconf 62' lang='lat' dir='ltr'>reipublicae</span> <span class='ocrx_word' id='word_1_298' title='bbox 1022 3747 1171 3810; x_wconf 84' lang='lat' dir='ltr'>magis</span> <span class='ocrx_word' id='word_1_299' title='bbox 1190 3747 1498 3812; x_wconf 82' lang='lat' dir='ltr'>perturbant,</span> <span class='ocrx_word' id='word_1_300' title='bbox 1526 3748 1769 3810; x_wconf 79' lang='lat' dir='ltr'>magisque</span> <span class='ocrx_word' id='word_1_301' title='bbox 1786 3746 1927 3796; x_wconf 88' lang='lat' dir='ltr'>nobi-</span> 
     </span>
     <span class='ocr_line' id='line_1_40' title="bbox 382 3823 1927 3889; baseline -0.002 -14"><span class='ocrx_word' id='word_1_302' title='bbox 382 3825 453 3875; x_wconf 86' lang='lat' dir='ltr'>les</span> <span class='ocrx_word' id='word_1_303' title='bbox 478 3825 549 3874; x_wconf 90' lang='lat' dir='ltr'>ira</span> <span class='ocrx_word' id='word_1_304' title='bbox 579 3825 873 3888; x_wconf 87' lang='lat' dir='ltr'>incendunt,</span> <span class='ocrx_word' id='word_1_305' title='bbox 899 3838 999 3888; x_wconf 89' lang='lat' dir='ltr'>quc</span> <span class='ocrx_word' id='word_1_306' title='bbox 1031 3825 1193 3873; x_wconf 87' lang='lat' dir='ltr'>minus</span> <span class='ocrx_word' id='word_1_307' title='bbox 1221 3825 1400 3874; x_wconf 82' lang='lat' dir='ltr'>statum</span> <span class='ocrx_word' id='word_1_308' title='bbox 1427 3824 1702 3889; x_wconf 87' lang='lat' dir='ltr'>popularem</span> <span class='ocrx_word' id='word_1_309' title='bbox 1730 3823 1883 3873; x_wconf 76' lang='lat' dir='ltr'>ferant</span> <span class='ocrx_word' id='word_1_310' title='bbox 1913 3840 1927 3872; x_wconf 70' lang='grc' dir='ltr'>ι</span> 
     </span>
     <span class='ocr_line' id='line_1_41' title="bbox 381 3901 1928 3967; baseline -0.003 -13"><span class='ocrx_word' id='word_1_311' title='bbox 381 3902 511 3967; x_wconf 83' lang='lat' dir='ltr'>quod</span> <span class='ocrx_word' id='word_1_312' title='bbox 535 3902 735 3966; x_wconf 76' lang='lat' dir='ltr'>cyrenis</span> <span class='ocrx_word' id='word_1_313' title='bbox 766 3916 910 3952; x_wconf 79' lang='lat' dir='ltr'>causa</span> <span class='ocrx_word' id='word_1_314' title='bbox 928 3903 1019 3952; x_wconf 76' lang='lat' dir='ltr'>fuit</span> <span class='ocrx_word' id='word_1_315' title='bbox 1044 3902 1300 3952; x_wconf 78' lang='lat' dir='ltr'>seditionis.</span> <span class='ocrx_word' id='word_1_316' title='bbox 1336 3905 1458 3953; x_wconf 81' lang='lat' dir='ltr'>Nam</span> <span class='ocrx_word' id='word_1_317' title='bbox 1484 3901 1712 3964; x_wconf 78' lang='lat' dir='ltr'>exiguum</span> <span class='ocrx_word' id='word_1_318' title='bbox 1745 3901 1928 3950; x_wconf 87' lang='lat' dir='ltr'>malum</span> 
     </span>
     <span class='ocr_line' id='line_1_42' title="bbox 382 3977 1932 4041; baseline -0.002 -11"><span class='ocrx_word' id='word_1_319' title='bbox 382 3992 479 4030; x_wconf 85' lang='lat' dir='ltr'>non</span> <span class='ocrx_word' id='word_1_320' title='bbox 508 3979 907 4030; x_wconf 75' lang='lat' dir='ltr'>animadvertitur</span> <span class='ocrx_word' id='word_1_321' title='bbox 935 3998 949 4030; x_wconf 70' lang='grc' dir='ltr'>ι</span> <span class='ocrx_word' id='word_1_322' title='bbox 981 3978 1109 4029; x_wconf 87' lang='lat' dir='ltr'>idem</span> <span class='ocrx_word' id='word_1_323' title='bbox 1140 3979 1179 4029; x_wconf 88' lang='lat' dir='ltr'>si</span> <span class='ocrx_word' id='word_1_324' title='bbox 1207 3978 1291 4028; x_wconf 83' lang='lat' dir='ltr'>iiat</span> <span class='ocrx_word' id='word_1_325' title='bbox 1313 3977 1495 4041; x_wconf 70' lang='lat' dir='ltr'>maius,</span> <span class='ocrx_word' id='word_1_326' title='bbox 1518 3979 1667 4041; x_wconf 78' lang='lat' dir='ltr'>magis</span> <span class='ocrx_word' id='word_1_327' title='bbox 1691 3978 1740 4027; x_wconf 89' lang='lat' dir='ltr'>in</span> <span class='ocrx_word' id='word_1_328' title='bbox 1767 3978 1932 4028; x_wconf 88' lang='lat' dir='ltr'>oculos</span> 
     </span>
     <span class='ocr_line' id='line_1_43' title="bbox 383 4054 1930 4107; baseline -0.001 -2"><span class='ocrx_word' id='word_1_329' title='bbox 383 4057 600 4107; x_wconf 74' lang='lat' dir='ltr'>incurrit.</span> <span class='ocrx_word' id='word_1_330' title='bbox 635 4058 870 4106; x_wconf 78' lang='lat' dir='ltr'>Praeterea</span> <span class='ocrx_word' id='word_1_331' title='bbox 896 4055 960 4105; x_wconf 85' lang='lat' dir='ltr'>ad</span> <span class='ocrx_word' id='word_1_332' title='bbox 982 4055 1131 4106; x_wconf 85' lang='lat' dir='ltr'>talem</span> <span class='ocrx_word' id='word_1_333' title='bbox 1158 4055 1498 4106; x_wconf 77' lang='lat' dir='ltr'>democratiam</span> <span class='ocrx_word' id='word_1_334' title='bbox 1516 4054 1652 4105; x_wconf 83' lang='lat' dir='ltr'>utilia</span> <span class='ocrx_word' id='word_1_335' title='bbox 1682 4057 1795 4105; x_wconf 87' lang='lat' dir='ltr'>sunt</span> <span class='ocrx_word' id='word_1_336' title='bbox 1819 4054 1930 4105; x_wconf 86' lang='lat' dir='ltr'>talia</span> 
     </span>
     <span class='ocr_line' id='line_1_44' title="bbox 385 4131 1933 4198; baseline -0.001 -14"><span class='ocrx_word' id='word_1_337' title='bbox 385 4137 656 4186; x_wconf 78' lang='lat' dir='ltr'>commenta</span> <span class='ocrx_word' id='word_1_338' title='bbox 677 4137 825 4198; x_wconf 81' lang='lat' dir='ltr'>atque</span> <span class='ocrx_word' id='word_1_339' title='bbox 853 4133 1048 4184; x_wconf 78' lang='lat' dir='ltr'>inventa</span> <span class='ocrx_word' id='word_1_340' title='bbox 1064 4169 1080 4195; x_wconf 86' lang='lat'><strong>,</strong></span> <span class='ocrx_word' id='word_1_341' title='bbox 1106 4133 1283 4196; x_wconf 84' lang='lat' dir='ltr'>quibus</span> <span class='ocrx_word' id='word_1_342' title='bbox 1313 4133 1580 4184; x_wconf 75' lang='lat' dir='ltr'>Clisthenes</span> <span class='ocrx_word' id='word_1_343' title='bbox 1607 4131 1803 4183; x_wconf 79' lang='lat' dir='ltr'>Athenis</span> <span class='ocrx_word' id='word_1_344' title='bbox 1818 4146 1933 4182; x_wconf 87' lang='lat' dir='ltr'>usus</span> 
     </span>
     <span class='ocr_line' id='line_1_45' title="bbox 384 4209 1933 4275; baseline -0.003 -13"><span class='ocrx_word' id='word_1_345' title='bbox 384 4214 455 4262; x_wconf 80' lang='lat' dir='ltr'>est</span> <span class='ocrx_word' id='word_1_346' title='bbox 468 4249 483 4274; x_wconf 90' lang='lat'>,</span> <span class='ocrx_word' id='word_1_347' title='bbox 503 4225 655 4275; x_wconf 83' lang='lat' dir='ltr'>quum</span> <span class='ocrx_word' id='word_1_348' title='bbox 669 4210 1013 4261; x_wconf 74' lang='lat' dir='ltr'>democratiam</span> <span class='ocrx_word' id='word_1_349' title='bbox 1031 4209 1325 4272; x_wconf 80' lang='lat' dir='ltr'>amplificare</span> <span class='ocrx_word' id='word_1_350' title='bbox 1340 4212 1486 4273; x_wconf 81' lang='lat' dir='ltr'>atque</span> <span class='ocrx_word' id='word_1_351' title='bbox 1505 4222 1678 4272; x_wconf 79' lang='lat' dir='ltr'>augere</span> <span class='ocrx_word' id='word_1_352' title='bbox 1694 4209 1837 4259; x_wconf 82' lang='lat' dir='ltr'>vellet</span> <span class='ocrx_word' id='word_1_353' title='bbox 1850 4246 1865 4271; x_wconf 87' lang='lat'><strong>,</strong></span> <span class='ocrx_word' id='word_1_354' title='bbox 1884 4212 1933 4259; x_wconf 86' lang='lat' dir='ltr'>et</span> 
     </span>
     <span class='ocr_line' id='line_1_46' title="bbox 385 4286 1933 4352; baseline 0 -15"><span class='ocrx_word' id='word_1_355' title='bbox 385 4289 417 4337; x_wconf 89' lang='lat' dir='ltr'>il</span> <span class='ocrx_word' id='word_1_356' title='bbox 451 4289 532 4352; x_wconf 83' lang='lat' dir='ltr'>qui</span> <span class='ocrx_word' id='word_1_357' title='bbox 569 4289 768 4352; x_wconf 70' lang='lat' dir='ltr'>cyrenis</span> <span class='ocrx_word' id='word_1_358' title='bbox 796 4287 1137 4337; x_wconf 82' lang='lat' dir='ltr'>democratiam</span> <span class='ocrx_word' id='word_1_359' title='bbox 1173 4287 1538 4337; x_wconf 84' lang='lat' dir='ltr'>constituerunt.</span> <span class='ocrx_word' id='word_1_360' title='bbox 1590 4289 1710 4337; x_wconf 78' lang='lat' dir='ltr'>Nam</span> <span class='ocrx_word' id='word_1_361' title='bbox 1746 4288 1797 4335; x_wconf 91' lang='lat' dir='ltr'>et</span> <span class='ocrx_word' id='word_1_362' title='bbox 1827 4286 1933 4338; x_wconf 78' lang='lat' dir='ltr'>alioe</span> 
     </span>
     <span class='ocr_line' id='line_1_47' title="bbox 388 4365 1935 4432; baseline 0 -15"><span class='ocrx_word' id='word_1_363' title='bbox 388 4370 640 4432; x_wconf 82' lang='lat' dir='ltr'>pluresque</span> <span class='ocrx_word' id='word_1_364' title='bbox 668 4368 826 4418; x_wconf 83' lang='lat' dir='ltr'>tribus</span> <span class='ocrx_word' id='word_1_365' title='bbox 846 4369 897 4418; x_wconf 86' lang='lat' dir='ltr'>et</span> <span class='ocrx_word' id='word_1_366' title='bbox 922 4367 1071 4418; x_wconf 75' lang='lat' dir='ltr'>euriae</span> <span class='ocrx_word' id='word_1_367' title='bbox 1098 4365 1329 4418; x_wconf 60' lang='lat' dir='ltr'>canendas</span> <span class='ocrx_word' id='word_1_368' title='bbox 1358 4369 1502 4428; x_wconf 86' lang='lat' dir='ltr'>sunt;</span> <span class='ocrx_word' id='word_1_369' title='bbox 1536 4367 1697 4417; x_wconf 86' lang='lat' dir='ltr'>omnia</span> <span class='ocrx_word' id='word_1_370' title='bbox 1731 4365 1935 4430; x_wconf 84' lang='lat' dir='ltr'>denique</span> 
     </span>
     <span class='ocr_line' id='line_1_48' title="bbox 386 4444 1935 4507; baseline -0.001 -12"><span class='ocrx_word' id='word_1_371' title='bbox 386 4446 584 4495; x_wconf 70' lang='lat' dir='ltr'>antaeia</span> <span class='ocrx_word' id='word_1_372' title='bbox 605 4444 875 4495; x_wconf 84' lang='lat' dir='ltr'>adhibenda</span> <span class='ocrx_word' id='word_1_373' title='bbox 895 4445 1011 4495; x_wconf 86' lang='lat' dir='ltr'>sunt</span> <span class='ocrx_word' id='word_1_374' title='bbox 1025 4481 1041 4507; x_wconf 90' lang='lat'>,</span> <span class='ocrx_word' id='word_1_375' title='bbox 1061 4447 1118 4494; x_wconf 90' lang='lat' dir='ltr'>ut</span> <span class='ocrx_word' id='word_1_376' title='bbox 1138 4445 1497 4507; x_wconf 74' lang='lat' dir='ltr'>quammaxime</span> <span class='ocrx_word' id='word_1_377' title='bbox 1536 4457 1704 4496; x_wconf 86' lang='lat' dir='ltr'>omnes</span> <span class='ocrx_word' id='word_1_378' title='bbox 1739 4444 1863 4494; x_wconf 80' lang='lat' dir='ltr'>inter</span> <span class='ocrx_word' id='word_1_379' title='bbox 1883 4457 1935 4494; x_wconf 85' lang='lat' dir='ltr'>se</span> 
     </span>
     <span class='ocr_line' id='line_1_49' title="bbox 388 4520 1936 4584; baseline 0 -13"><span class='ocrx_word' id='word_1_380' title='bbox 388 4522 775 4584; x_wconf 70' lang='lat' dir='ltr'>permisceantur,</span> <span class='ocrx_word' id='word_1_381' title='bbox 798 4521 1011 4584; x_wconf 60' lang='lat' dir='ltr'>pristinae</span> <span class='ocrx_word' id='word_1_382' title='bbox 1029 4525 1192 4571; x_wconf 85' lang='lat' dir='ltr'>autem</span> <span class='ocrx_word' id='word_1_383' title='bbox 1228 4520 1595 4573; x_wconf 83' lang='lat' dir='ltr'>consuetudines</span> <span class='ocrx_word' id='word_1_384' title='bbox 1615 4523 1665 4573; x_wconf 86' lang='lat' dir='ltr'>et</span> <span class='ocrx_word' id='word_1_385' title='bbox 1690 4520 1936 4573; x_wconf 79' lang='lat' dir='ltr'>societates</span> 
     </span>
     <span class='ocr_line' id='line_1_50' title="bbox 387 4598 1219 4664; baseline 0 -16"><span class='ocrx_word' id='word_1_386' title='bbox 387 4601 714 4663; x_wconf 80' lang='lat' dir='ltr'>disjungantur</span> <span class='ocrx_word' id='word_1_387' title='bbox 731 4601 879 4662; x_wconf 80' lang='lat' dir='ltr'>atque</span> <span class='ocrx_word' id='word_1_388' title='bbox 889 4598 1219 4664; x_wconf 60' lang='lat' dir='ltr'>:bolesmi-‚J</span> 
     </span>
    </p>
   </div>
   <div class='ocr_carea' id='block_1_8' title="bbox 748 4729 1578 4927">
    <p class='ocr_par' dir='ltr' id='par_1_9' title="bbox 748 4729 1578 4927">
     <span class='ocr_line' id='line_1_51' title="bbox 748 4729 1578 4808; baseline -0.002 -18"><span class='ocrx_word' id='word_1_389' title='bbox 748 4729 1578 4808; x_wconf 70' lang='lat' dir='ltr'>[CARTflAfflNlENslUM.]</span> 
     </span>
     <span class='ocr_line' id='line_1_52' title="bbox 1081 4860 1251 4927; baseline -0.006 0"><span class='ocrx_word' id='word_1_390' title='bbox 1081 4861 1227 4927; x_wconf 76' lang='lat'>[²0⁹</span> <span class='ocrx_word' id='word_1_391' title='bbox 1232 4860 1251 4926; x_wconf 82' lang='lat'>1</span> 
     </span>
    </p>
   </div>
   <div class='ocr_carea' id='block_1_9' title="bbox 398 4983 1941 5125">
    <p class='ocr_par' dir='ltr' id='par_1_10' title="bbox 398 4983 1941 5118">
     <span class='ocr_line' id='line_1_53' title="bbox 453 4983 1941 5051; baseline -0.002 -13"><span class='ocrx_word' id='word_1_392' title='bbox 453 4986 829 5051; x_wconf 69' lang='lat' dir='ltr'>[existimantur</span> <span class='ocrx_word' id='word_1_393' title='bbox 858 4989 1022 5038; x_wconf 85' lang='lat' dir='ltr'>antem</span> <span class='ocrx_word' id='word_1_394' title='bbox 1052 4985 1196 5037; x_wconf 85' lang='lat' dir='ltr'>etiam</span> <span class='ocrx_word' id='word_1_395' title='bbox 1220 4983 1628 5048; x_wconf 74' lang='lat' dir='ltr'>Carthaginienses</span> <span class='ocrx_word' id='word_1_396' title='bbox 1668 4983 1941 5048; x_wconf 74' lang='lat' dir='ltr'>reipublicae</span> 
     </span>
     <span class='ocr_line' id='line_1_54' title="bbox 398 5064 1939 5125; baseline -0.003 -7"><span class='ocrx_word' id='word_1_397' title='bbox 398 5066 789 5118; x_wconf 60' lang='lat' dir='ltr'>mmmm-amne</span> <span class='ocrx_word' id='word_1_398' title='bbox 807 5067 990 5116; x_wconf 87' lang='lat' dir='ltr'>ratione</span> <span class='ocrx_word' id='word_1_399' title='bbox 1015 5065 1083 5116; x_wconf 86' lang='lat' dir='ltr'>uti</span> <span class='ocrx_word' id='word_1_400' title='bbox 1104 5067 1260 5125; x_wconf 73' lang='lat' dir='ltr'>ret-ta,</span> <span class='ocrx_word' id='word_1_401' title='bbox 1281 5066 1329 5113; x_wconf 90' lang='lat' dir='ltr'>et</span> <span class='ocrx_word' id='word_1_402' title='bbox 1348 5065 1547 5114; x_wconf 78' lang='lat' dir='ltr'>multis&#39;</span> <span class='ocrx_word' id='word_1_403' title='bbox 1534 5078 1583 5114; x_wconf 76' lang='lat' dir='ltr'>in</span> <span class='ocrx_word' id='word_1_404' title='bbox 1602 5064 1747 5114; x_wconf 87' lang='lat' dir='ltr'>rebus</span> <span class='ocrx_word' id='word_1_405' title='bbox 1762 5064 1939 5114; x_wconf 74' lang='lat' dir='ltr'>eximia</span> 
     </span>
    </p>
   </div>
   <div class='ocr_carea' id='block_1_10' title="bbox 393 5141 1941 5209">
    <p class='ocr_par' dir='ltr' id='par_1_11' title="bbox 393 5141 1941 5209">
     <span class='ocr_line' id='line_1_55' title="bbox 393 5141 1941 5209; baseline -0.003 -13"><span class='ocrx_word' id='word_1_406' title='bbox 393 5147 539 5208; x_wconf 75' lang='lat' dir='ltr'>atque</span> <span class='ocrx_word' id='word_1_407' title='bbox 554 5144 768 5209; x_wconf 67' lang='lat' dir='ltr'>egregia,</span> <span class='ocrx_word' id='word_1_408' title='bbox 787 5143 827 5193; x_wconf 88' lang='lat' dir='ltr'>si</span> <span class='ocrx_word' id='word_1_409' title='bbox 845 5156 956 5194; x_wconf 88' lang='lat' dir='ltr'>cum</span> <span class='ocrx_word' id='word_1_410' title='bbox 973 5142 1078 5192; x_wconf 83' lang='lat' dir='ltr'>aliis</span> <span class='ocrx_word' id='word_1_411' title='bbox 1095 5142 1429 5204; x_wconf 60' lang='lat' dir='ltr'>compare-tun</span> <span class='ocrx_word' id='word_1_412' title='bbox 1450 5141 1498 5191; x_wconf 89' lang='lat' dir='ltr'>in</span> <span class='ocrx_word' id='word_1_413' title='bbox 1516 5141 1757 5192; x_wconf 84' lang='lat' dir='ltr'>nonnullis</span> <span class='ocrx_word' id='word_1_414' title='bbox 1777 5144 1941 5193; x_wconf 86' lang='lat' dir='ltr'>autem</span> 
     </span>
    </p>
   </div>
   <div class='ocr_carea' id='block_1_11' title="bbox 1985 611 3546 2010">
    <p class='ocr_par' dir='ltr' id='par_1_12' title="bbox 1985 611 3542 1660">
     <span class='ocr_line' id='line_1_56' title="bbox 1985 611 3536 699; baseline -0.001 -21"><span class='ocrx_word' id='word_1_415' title='bbox 1985 611 2138 680; x_wconf 62' lang='grc' dir='ltr'>αὗται</span> <span class='ocrx_word' id='word_1_416' title='bbox 2167 619 2266 699; x_wconf 77' lang='grc' dir='ltr'>γὰρ</span> <span class='ocrx_word' id='word_1_417' title='bbox 2292 621 2344 676; x_wconf 79' lang='grc' dir='ltr'>αἱ</span> <span class='ocrx_word' id='word_1_418' title='bbox 2375 620 2632 677; x_wconf 81' lang='grc' dir='ltr'>πολιτεῖαι</span> <span class='ocrx_word' id='word_1_419' title='bbox 2655 626 2789 695; x_wconf 83' lang='grc' dir='ltr'>τρεῖς</span> <span class='ocrx_word' id='word_1_420' title='bbox 2809 615 3059 686; x_wconf 78' lang='grc' dir='ltr'>ἀλλήλαις</span> <span class='ocrx_word' id='word_1_421' title='bbox 3078 640 3129 675; x_wconf 92' lang='grc' dir='ltr'>τε</span> <span class='ocrx_word' id='word_1_422' title='bbox 3160 617 3404 694; x_wconf 73' lang='grc' dir='ltr'>σύνεγγύς</span> <span class='ocrx_word' id='word_1_423' title='bbox 3426 643 3536 686; x_wconf 87' lang='grc' dir='ltr'>πως</span> 
     </span>
     <span class='ocr_line' id='line_1_57' title="bbox 1987 703 3531 784; baseline 0 -19"><span class='ocrx_word' id='word_1_424' title='bbox 1987 707 2119 779; x_wconf 75' lang='grc' dir='ltr'>εἰσὶ,</span> <span class='ocrx_word' id='word_1_425' title='bbox 2154 706 2244 766; x_wconf 77' lang='grc' dir='ltr'>καὶ</span> <span class='ocrx_word' id='word_1_426' title='bbox 2268 708 2370 763; x_wconf 89' lang='grc' dir='ltr'>τῶν</span> <span class='ocrx_word' id='word_1_427' title='bbox 2408 706 2579 763; x_wconf 81' lang='grc' dir='ltr'>ἄλλων</span> <span class='ocrx_word' id='word_1_428' title='bbox 2608 705 2740 762; x_wconf 72' lang='grc' dir='ltr'>πολὺ</span> <span class='ocrx_word' id='word_1_429' title='bbox 2767 703 3113 784; x_wconf 83' lang='grc' dir='ltr'>διαφέρουσιν,</span> <span class='ocrx_word' id='word_1_430' title='bbox 3140 705 3174 776; x_wconf 78' lang='grc' dir='ltr'>ἥ</span> <span class='ocrx_word' id='word_1_431' title='bbox 3199 727 3253 763; x_wconf 89' lang='grc' dir='ltr'>τε</span> <span class='ocrx_word' id='word_1_432' title='bbox 3293 708 3531 783; x_wconf 81' lang='grc' dir='ltr'>Κρητικὴ</span> 
     </span>
     <span class='ocr_line' id='line_1_58' title="bbox 1986 791 3534 873; baseline 0.001 -21"><span class='ocrx_word' id='word_1_433' title='bbox 1986 794 2076 853; x_wconf 68' lang='grc' dir='ltr'>καί</span> <span class='ocrx_word' id='word_1_434' title='bbox 2096 799 2130 865; x_wconf 80' lang='grc' dir='ltr'>ἡ</span> <span class='ocrx_word' id='word_1_435' title='bbox 2150 792 2432 863; x_wconf 79' lang='grc' dir='ltr'>Λακωνικὴ</span> <span class='ocrx_word' id='word_1_436' title='bbox 2457 792 2545 851; x_wconf 74' lang='grc' dir='ltr'>καὶ</span> <span class='ocrx_word' id='word_1_437' title='bbox 2567 791 2712 873; x_wconf 86' lang='grc' dir='ltr'>τρίτη</span> <span class='ocrx_word' id='word_1_438' title='bbox 2736 792 2932 851; x_wconf 79' lang='grc' dir='ltr'>τούτων</span> <span class='ocrx_word' id='word_1_439' title='bbox 2960 795 2994 862; x_wconf 81' lang='grc' dir='ltr'>ἡ</span> <span class='ocrx_word' id='word_1_440' title='bbox 3017 795 3120 850; x_wconf 88' lang='grc' dir='ltr'>τῶν</span> <span class='ocrx_word' id='word_1_441' title='bbox 3143 794 3534 872; x_wconf 76' lang='grc' dir='ltr'>Καρχηδονίων.</span> 
     </span>
     <span class='ocr_line' id='line_1_59' title="bbox 1989 876 3536 959; baseline -0.003 -18"><span class='ocrx_word' id='word_1_442' title='bbox 1989 879 2098 941; x_wconf 61' lang='grc' dir='ltr'>Καὶ</span> <span class='ocrx_word' id='word_1_443' title='bbox 2126 880 2299 940; x_wconf 76' lang='grc' dir='ltr'>πολλὰ</span> <span class='ocrx_word' id='word_1_444' title='bbox 2329 884 2430 938; x_wconf 86' lang='grc' dir='ltr'>τῶν</span> <span class='ocrx_word' id='word_1_445' title='bbox 2462 877 2791 957; x_wconf 78' lang='grc' dir='ltr'>τεταγμένων</span> <span class='ocrx_word' id='word_1_446' title='bbox 2833 876 2942 959; x_wconf 77' lang='grc' dir='ltr'>έχετ</span> <span class='ocrx_word' id='word_1_447' title='bbox 2970 880 3096 958; x_wconf 85' lang='grc' dir='ltr'>παρ’</span> <span class='ocrx_word' id='word_1_448' title='bbox 3129 880 3302 945; x_wconf 76' lang='grc' dir='ltr'>αὐτοῖς</span> <span class='ocrx_word' id='word_1_449' title='bbox 3336 881 3536 946; x_wconf 85' lang='grc' dir='ltr'>καλῶς·</span> 
     </span>
     <span class='ocr_line' id='line_1_60' title="bbox 1987 966 3542 1047; baseline 0 -21"><span class='ocrx_word' id='word_1_450' title='bbox 1987 976 2204 1043; x_wconf 86' lang='grc' dir='ltr'>σημεῖον</span> <span class='ocrx_word' id='word_1_451' title='bbox 2222 966 2275 1026; x_wconf 68' lang='grc' dir='ltr'>δὲ</span> <span class='ocrx_word' id='word_1_452' title='bbox 2302 969 2563 1033; x_wconf 84' lang='grc' dir='ltr'>πολιτείας</span> <span class='ocrx_word' id='word_1_453' title='bbox 2593 966 3003 1044; x_wconf 76' lang='grc' dir='ltr'>συντεταγμένης</span> <span class='ocrx_word' id='word_1_454' title='bbox 3022 966 3081 1025; x_wconf 81' lang='grc' dir='ltr'>τὸ</span> <span class='ocrx_word' id='word_1_455' title='bbox 3098 966 3187 1026; x_wconf 82' lang='grc' dir='ltr'>τὸν</span> <span class='ocrx_word' id='word_1_456' title='bbox 3208 968 3377 1044; x_wconf 74' lang='grc' dir='ltr'>δῆμον</span> <span class='ocrx_word' id='word_1_457' title='bbox 3397 966 3542 1047; x_wconf 77' lang='grc' dir='ltr'>ἔχου-</span> 
     </span>
     <span class='ocr_line' id='line_1_61' title="bbox 1988 1052 3538 1135; baseline 0.001 -23"><span class='ocrx_word' id='word_1_458' title='bbox 1988 1078 2086 1114; x_wconf 90' lang='grc' dir='ltr'>σαν</span> <span class='ocrx_word' id='word_1_459' title='bbox 2112 1056 2372 1133; x_wconf 80' lang='grc' dir='ltr'>διαμένειν</span> <span class='ocrx_word' id='word_1_460' title='bbox 2401 1057 2452 1114; x_wconf 67' lang='grc' dir='ltr'>ἐν</span> <span class='ocrx_word' id='word_1_461' title='bbox 2476 1059 2540 1135; x_wconf 78' lang='grc' dir='ltr'>τῇ</span> <span class='ocrx_word' id='word_1_462' title='bbox 2561 1052 2698 1122; x_wconf 79' lang='grc' dir='ltr'>τάξει</span> <span class='ocrx_word' id='word_1_463' title='bbox 2722 1058 2813 1126; x_wconf 82' lang='grc' dir='ltr'>τ’ἧς</span> <span class='ocrx_word' id='word_1_464' title='bbox 2834 1053 3117 1127; x_wconf 86' lang='grc' dir='ltr'>πολιτείας,</span> <span class='ocrx_word' id='word_1_465' title='bbox 3147 1054 3236 1113; x_wconf 83' lang='grc' dir='ltr'>καὶ</span> <span class='ocrx_word' id='word_1_466' title='bbox 3261 1053 3392 1131; x_wconf 79' lang='grc' dir='ltr'>μήτε</span> <span class='ocrx_word' id='word_1_467' title='bbox 3411 1054 3538 1114; x_wconf 83' lang='grc' dir='ltr'>στά-</span> 
     </span>
     <span class='ocr_line' id='line_1_62' title="bbox 1988 1141 3533 1224; baseline 0.001 -21"><span class='ocrx_word' id='word_1_468' title='bbox 1988 1167 2099 1216; x_wconf 85' lang='grc' dir='ltr'>σιν,</span> <span class='ocrx_word' id='word_1_469' title='bbox 2120 1143 2153 1203; x_wconf 87' lang='grc' dir='ltr'>ὅ</span> <span class='ocrx_word' id='word_1_470' title='bbox 2172 1168 2224 1202; x_wconf 91' lang='grc' dir='ltr'>τι</span> <span class='ocrx_word' id='word_1_471' title='bbox 2253 1144 2342 1202; x_wconf 78' lang='grc' dir='ltr'>καὶ</span> <span class='ocrx_word' id='word_1_472' title='bbox 2375 1143 2513 1212; x_wconf 80' lang='grc' dir='ltr'>ἄξιον</span> <span class='ocrx_word' id='word_1_473' title='bbox 2552 1146 2736 1216; x_wconf 80' lang='grc' dir='ltr'>εἰπεῖν,</span> <span class='ocrx_word' id='word_1_474' title='bbox 2764 1148 3073 1221; x_wconf 71' lang='grc' dir='ltr'>γεγενῆσθαι</span> <span class='ocrx_word' id='word_1_475' title='bbox 3101 1143 3236 1221; x_wconf 83' lang='grc' dir='ltr'>μήτε</span> <span class='ocrx_word' id='word_1_476' title='bbox 3264 1141 3533 1224; x_wconf 77' lang='grc' dir='ltr'>τύραννον.</span> 
     </span>
     <span class='ocr_line' id='line_1_63' title="bbox 1990 1229 3537 1313; baseline -0.002 -22"><span class='ocrx_word' id='word_1_477' title='bbox 1990 1233 2052 1313; x_wconf 76' lang='lat'>(2)</span> <span class='ocrx_word' id='word_1_478' title='bbox 2076 1230 2232 1311; x_wconf 79' lang='grc' dir='ltr'>Ἔχει</span> <span class='ocrx_word' id='word_1_479' title='bbox 2261 1231 2315 1290; x_wconf 73' lang='grc' dir='ltr'>δὲ</span> <span class='ocrx_word' id='word_1_480' title='bbox 2335 1231 2684 1313; x_wconf 75' lang='grc' dir='ltr'>παραπλήσια</span> <span class='ocrx_word' id='word_1_481' title='bbox 2712 1235 2778 1310; x_wconf 81' lang='grc' dir='ltr'>τῇ</span> <span class='ocrx_word' id='word_1_482' title='bbox 2797 1235 3079 1310; x_wconf 78' lang='grc' dir='ltr'>Λακωνικῇ</span> <span class='ocrx_word' id='word_1_483' title='bbox 3096 1230 3331 1311; x_wconf 70' lang='grc' dir='ltr'>πολιτείᾳ</span> <span class='ocrx_word' id='word_1_484' title='bbox 3349 1229 3414 1288; x_wconf 77' lang='grc' dir='ltr'>τὰ</span> <span class='ocrx_word' id='word_1_485' title='bbox 3445 1230 3537 1306; x_wconf 82' lang='grc' dir='ltr'>μὲν</span> 
     </span>
     <span class='ocr_line' id='line_1_64' title="bbox 1991 1316 3542 1397; baseline -0.003 -18"><span class='ocrx_word' id='word_1_486' title='bbox 1991 1319 2230 1379; x_wconf 86' lang='grc' dir='ltr'>συσσίτια</span> <span class='ocrx_word' id='word_1_487' title='bbox 2272 1322 2376 1377; x_wconf 90' lang='grc' dir='ltr'>τῶν</span> <span class='ocrx_word' id='word_1_488' title='bbox 2407 1321 2645 1394; x_wconf 67' lang='grc' dir='ltr'>ἕταιριῶν</span> <span class='ocrx_word' id='word_1_489' title='bbox 2668 1326 2771 1385; x_wconf 86' lang='grc' dir='ltr'>τοῖς</span> <span class='ocrx_word' id='word_1_490' title='bbox 2799 1316 3061 1397; x_wconf 72' lang='grc' dir='ltr'>φιδιτίοις,</span> <span class='ocrx_word' id='word_1_491' title='bbox 3089 1317 3182 1390; x_wconf 76' lang='grc' dir='ltr'>τὴν</span> <span class='ocrx_word' id='word_1_492' title='bbox 3209 1317 3264 1377; x_wconf 73' lang='grc' dir='ltr'>δὲ</span> <span class='ocrx_word' id='word_1_493' title='bbox 3285 1321 3385 1376; x_wconf 87' lang='grc' dir='ltr'>τῶν</span> <span class='ocrx_word' id='word_1_494' title='bbox 3419 1321 3542 1376; x_wconf 74' lang='grc' dir='ltr'>ἐκα-</span> 
     </span>
     <span class='ocr_line' id='line_1_65' title="bbox 1989 1403 3539 1486; baseline -0.001 -21"><span class='ocrx_word' id='word_1_495' title='bbox 1989 1405 2077 1465; x_wconf 76' lang='grc' dir='ltr'>τὸν</span> <span class='ocrx_word' id='word_1_496' title='bbox 2106 1404 2195 1465; x_wconf 76' lang='grc' dir='ltr'>καὶ</span> <span class='ocrx_word' id='word_1_497' title='bbox 2218 1403 2473 1484; x_wconf 75' lang='grc' dir='ltr'>τεττάρων</span> <span class='ocrx_word' id='word_1_498' title='bbox 2512 1404 2683 1484; x_wconf 68' lang='grc' dir='ltr'>ἀρχὴν</span> <span class='ocrx_word' id='word_1_499' title='bbox 2710 1413 2817 1473; x_wconf 89' lang='grc' dir='ltr'>τοῖς</span> <span class='ocrx_word' id='word_1_500' title='bbox 2847 1405 3045 1486; x_wconf 80' lang='grc' dir='ltr'>ἐφόροις</span> <span class='ocrx_word' id='word_1_501' title='bbox 3083 1404 3252 1481; x_wconf 75' lang='grc' dir='ltr'>(πλὴν</span> <span class='ocrx_word' id='word_1_502' title='bbox 3283 1408 3340 1465; x_wconf 81' lang='grc' dir='ltr'>οὔ</span> <span class='ocrx_word' id='word_1_503' title='bbox 3363 1407 3539 1486; x_wconf 77' lang='grc' dir='ltr'>χεῖρον</span> 
     </span>
     <span class='ocr_line' id='line_1_66' title="bbox 1991 1490 3531 1574; baseline -0.001 -24"><span class='ocrx_word' id='word_1_504' title='bbox 1991 1495 2040 1550; x_wconf 82' lang='grc' dir='ltr'>οῖ</span> <span class='ocrx_word' id='word_1_505' title='bbox 2063 1490 2156 1568; x_wconf 73' lang='grc' dir='ltr'>μὲν</span> <span class='ocrx_word' id='word_1_506' title='bbox 2180 1493 2238 1550; x_wconf 73' lang='grc' dir='ltr'>ἐκ</span> <span class='ocrx_word' id='word_1_507' title='bbox 2267 1495 2368 1550; x_wconf 88' lang='grc' dir='ltr'>τῶν</span> <span class='ocrx_word' id='word_1_508' title='bbox 2395 1490 2656 1570; x_wconf 82' lang='grc' dir='ltr'>τυχόντων</span> <span class='ocrx_word' id='word_1_509' title='bbox 2689 1491 2821 1563; x_wconf 76' lang='grc' dir='ltr'>εἰσὶ,</span> <span class='ocrx_word' id='word_1_510' title='bbox 2857 1493 3051 1564; x_wconf 80' lang='grc' dir='ltr'>ταύτην</span> <span class='ocrx_word' id='word_1_511' title='bbox 3077 1495 3121 1551; x_wconf 82' lang='grc' dir='ltr'>δ’</span> <span class='ocrx_word' id='word_1_512' title='bbox 3147 1497 3413 1574; x_wconf 69' lang='grc' dir='ltr'>αἱροῦνται</span> <span class='ocrx_word' id='word_1_513' title='bbox 3439 1493 3531 1563; x_wconf 68' lang='grc' dir='ltr'>τὴν</span> 
     </span>
     <span class='ocr_line' id='line_1_67' title="bbox 1993 1576 3532 1686; baseline 0.001 -50"><span class='ocrx_word' id='word_1_514' title='bbox 1993 1581 2164 1686; x_wconf 75' lang='grc' dir='ltr'>ἀρχὴν</span> <span class='ocrx_word' id='word_1_515' title='bbox 2197 1576 2567 1658; x_wconf 80' lang='grc' dir='ltr'>ἀριστίνδην),</span> <span class='ocrx_word' id='word_1_516' title='bbox 2610 1578 2725 1645; x_wconf 88' lang='grc' dir='ltr'>τους</span> <span class='ocrx_word' id='word_1_517' title='bbox 2752 1578 2806 1637; x_wconf 78' lang='grc' dir='ltr'>δὲ</span> <span class='ocrx_word' id='word_1_518' title='bbox 2840 1584 3073 1657; x_wconf 83' lang='grc' dir='ltr'>βασιλεῖς</span> <span class='ocrx_word' id='word_1_519' title='bbox 3100 1580 3190 1639; x_wconf 81' lang='grc' dir='ltr'>καὶ</span> <span class='ocrx_word' id='word_1_520' title='bbox 3232 1579 3327 1650; x_wconf 74' lang='grc' dir='ltr'>τὴν</span> <span class='ocrx_word' id='word_1_521' title='bbox 3350 1603 3532 1660; x_wconf 87' lang='grc' dir='ltr'>γερου-</span> 
     </span>
    </p>

    <p class='ocr_par' dir='ltr' id='par_1_13' title="bbox 1993 1664 3546 2010">
     <span class='ocr_line' id='line_1_68' title="bbox 1993 1664 3541 1749; baseline 0.001 -24"><span class='ocrx_word' id='word_1_522' title='bbox 1993 1669 2110 1725; x_wconf 91' lang='grc' dir='ltr'>σίαν</span> <span class='ocrx_word' id='word_1_523' title='bbox 2157 1664 2402 1744; x_wconf 76' lang='grc' dir='ltr'>ἀνάλογον</span> <span class='ocrx_word' id='word_1_524' title='bbox 2437 1674 2542 1734; x_wconf 88' lang='grc' dir='ltr'>τοῖς</span> <span class='ocrx_word' id='word_1_525' title='bbox 2570 1668 2677 1724; x_wconf 75' lang='grc' dir='ltr'>ἐκεῖ</span> <span class='ocrx_word' id='word_1_526' title='bbox 2720 1670 2993 1745; x_wconf 83' lang='grc' dir='ltr'>βασιλευσι</span> <span class='ocrx_word' id='word_1_527' title='bbox 3020 1692 3108 1727; x_wconf 90' lang='grc' dir='ltr'>και</span> <span class='ocrx_word' id='word_1_528' title='bbox 3150 1667 3403 1749; x_wconf 83' lang='grc' dir='ltr'>γέρουσιν.</span> <span class='ocrx_word' id='word_1_529' title='bbox 3435 1669 3541 1728; x_wconf 84' lang='grc' dir='ltr'>Και</span> 
     </span>
     <span class='ocr_line' id='line_1_69' title="bbox 1996 1746 3542 1861; baseline 0.001 -50"><span class='ocrx_word' id='word_1_530' title='bbox 1996 1752 2231 1861; x_wconf 45' lang='lat' dir='ltr'>pil-mciim</span> <span class='ocrx_word' id='word_1_531' title='bbox 2214 1751 2267 1810; x_wconf 75' lang='grc' dir='ltr'>δὲ</span> <span class='ocrx_word' id='word_1_532' title='bbox 2291 1750 2408 1817; x_wconf 91' lang='grc' dir='ltr'>τους</span> <span class='ocrx_word' id='word_1_533' title='bbox 2430 1754 2660 1830; x_wconf 83' lang='grc' dir='ltr'>βασιλεῖς</span> <span class='ocrx_word' id='word_1_534' title='bbox 2685 1776 2817 1829; x_wconf 89' lang='grc' dir='ltr'>μητε</span> <span class='ocrx_word' id='word_1_535' title='bbox 2847 1753 2983 1814; x_wconf 77' lang='grc' dir='ltr'>κατὰ</span> <span class='ocrx_word' id='word_1_536' title='bbox 3007 1755 3067 1814; x_wconf 77' lang='grc' dir='ltr'>τὸ</span> <span class='ocrx_word' id='word_1_537' title='bbox 3089 1755 3211 1813; x_wconf 79' lang='grc' dir='ltr'>αὐτὸ</span> <span class='ocrx_word' id='word_1_538' title='bbox 3231 1746 3361 1813; x_wconf 73' lang='grc' dir='ltr'>εἶναι</span> <span class='ocrx_word' id='word_1_539' title='bbox 3384 1755 3542 1831; x_wconf 84' lang='grc' dir='ltr'>γένος,</span> 
     </span>
     <span class='ocr_line' id='line_1_70' title="bbox 1996 1839 3546 1923; baseline 0.002 -25.002"><span class='ocrx_word' id='word_1_540' title='bbox 1996 1839 2126 1917; x_wconf 73' lang='grc' dir='ltr'>μήτε</span> <span class='ocrx_word' id='word_1_541' title='bbox 2143 1845 2292 1899; x_wconf 75' lang='grc' dir='ltr'>τοῦτο</span> <span class='ocrx_word' id='word_1_542' title='bbox 2315 1862 2376 1898; x_wconf 93' lang='grc' dir='ltr'>το</span> <span class='ocrx_word' id='word_1_543' title='bbox 2395 1840 2579 1918; x_wconf 86' lang='grc' dir='ltr'>τυχὸν,</span> <span class='ocrx_word' id='word_1_544' title='bbox 2603 1839 2718 1898; x_wconf 78' lang='grc' dir='ltr'>εἰδὲ</span> <span class='ocrx_word' id='word_1_545' title='bbox 2734 1841 2992 1922; x_wconf 83' lang='grc' dir='ltr'>διαφέρον,</span> <span class='ocrx_word' id='word_1_546' title='bbox 3011 1844 3068 1902; x_wconf 76' lang='grc' dir='ltr'>ἐκ</span> <span class='ocrx_word' id='word_1_547' title='bbox 3090 1841 3284 1901; x_wconf 83' lang='grc' dir='ltr'>τούτων</span> <span class='ocrx_word' id='word_1_548' title='bbox 3315 1842 3517 1923; x_wconf 58' lang='grc' dir='ltr'>αἱρετοὶ</span> <span class='ocrx_word' id='word_1_549' title='bbox 3497 1868 3546 1911; x_wconf 87' lang='grc' dir='ltr'>ς</span> 
     </span>
     <span class='ocr_line' id='line_1_71' title="bbox 1995 1926 3542 2010; baseline 0.001 -25.003"><span class='ocrx_word' id='word_1_550' title='bbox 1995 1930 2194 2004; x_wconf 79' lang='grc' dir='ltr'>μᾶλλον</span> <span class='ocrx_word' id='word_1_551' title='bbox 2216 1927 2251 1999; x_wconf 77' lang='grc' dir='ltr'>ἢ</span> <span class='ocrx_word' id='word_1_552' title='bbox 2276 1930 2393 1986; x_wconf 84' lang='grc' dir='ltr'>κατ’</span> <span class='ocrx_word' id='word_1_553' title='bbox 2420 1926 2648 1998; x_wconf 81' lang='grc' dir='ltr'>ἡλικίαν·</span> <span class='ocrx_word' id='word_1_554' title='bbox 2676 1929 2915 2006; x_wconf 85' lang='grc' dir='ltr'>μεγάλων</span> <span class='ocrx_word' id='word_1_555' title='bbox 2945 1928 3046 2010; x_wconf 74' lang='grc' dir='ltr'>γὰρ</span> <span class='ocrx_word' id='word_1_556' title='bbox 3076 1927 3243 2010; x_wconf 77' lang='grc' dir='ltr'>κύριοι</span> <span class='ocrx_word' id='word_1_557' title='bbox 3272 1934 3542 1990; x_wconf 80' lang='grc' dir='ltr'>καθεστῶ-</span> 
     </span>
    </p>
   </div>
   <div class='ocr_carea' id='block_1_12' title="bbox 1994 2003 3545 2181">
    <p class='ocr_par' dir='ltr' id='par_1_14' title="bbox 1994 2003 3545 2181">
     <span class='ocr_line' id='line_1_72' title="bbox 1994 2003 3545 2125; baseline -0.005 -44"><span class='ocrx_word' id='word_1_558' title='bbox 1994 2038 2048 2059; x_wconf 75' lang='lat'>’³</span> <span class='ocrx_word' id='word_1_559' title='bbox 2033 2038 2109 2091; x_wconf 64' lang='grc' dir='ltr'>ἐς,</span> <span class='ocrx_word' id='word_1_560' title='bbox 2136 2013 2197 2073; x_wconf 73' lang='grc' dir='ltr'>ἂν</span> <span class='ocrx_word' id='word_1_561' title='bbox 2226 2015 2446 2081; x_wconf 57' lang='lat' dir='ltr'>eni-cem&lt;</span> <span class='ocrx_word' id='word_1_562' title='bbox 2484 2003 2611 2085; x_wconf 67' lang='grc' dir='ltr'>ὦσι,</span> <span class='ocrx_word' id='word_1_563' title='bbox 2643 2013 2844 2093; x_wconf 84' lang='grc' dir='ltr'>μεγάλα</span> <span class='ocrx_word' id='word_1_564' title='bbox 2878 2014 3163 2094; x_wconf 85' lang='grc' dir='ltr'>βλάπτουσι</span> <span class='ocrx_word' id='word_1_565' title='bbox 3192 2017 3280 2076; x_wconf 86' lang='grc' dir='ltr'>καὶ</span> <span class='ocrx_word' id='word_1_566' title='bbox 3310 2015 3545 2125; x_wconf 70' lang='grc' dir='ltr'>ἔὸλαψαν</span> 
     </span>
     <span class='ocr_line' id='line_1_73' title="bbox 1997 2096 3543 2181; baseline 0.002 -21"><span class='ocrx_word' id='word_1_567' title='bbox 1997 2103 2098 2173; x_wconf 83' lang='grc' dir='ltr'>ηδη</span> <span class='ocrx_word' id='word_1_568' title='bbox 2114 2102 2210 2172; x_wconf 72' lang='grc' dir='ltr'>τὴν</span> <span class='ocrx_word' id='word_1_569' title='bbox 2241 2102 2393 2161; x_wconf 89' lang='grc' dir='ltr'>πόλιν</span> <span class='ocrx_word' id='word_1_570' title='bbox 2428 2101 2522 2175; x_wconf 73' lang='grc' dir='ltr'>τὴν</span> <span class='ocrx_word' id='word_1_571' title='bbox 2542 2107 2646 2162; x_wconf 88' lang='grc' dir='ltr'>τῶν</span> <span class='ocrx_word' id='word_1_572' title='bbox 2676 2101 3120 2179; x_wconf 84' lang='grc' dir='ltr'>Λακεδαιμονίων.</span> <span class='ocrx_word' id='word_1_573' title='bbox 3150 2104 3210 2181; x_wconf 76' lang='lat' dir='ltr'>(a)</span> <span class='ocrx_word' id='word_1_574' title='bbox 3232 2102 3318 2164; x_wconf 74' lang='grc' dir='ltr'>Τὰ</span> <span class='ocrx_word' id='word_1_575' title='bbox 3339 2096 3516 2180; x_wconf 73' lang='grc' dir='ltr'>μὲν</span> <span class='ocrx_word' id='word_1_576' title='bbox 3456 2128 3543 2163; x_wconf 83' lang='grc' dir='ltr'>ουν</span> 
     </span>
    </p>
   </div>
   <div class='ocr_carea' id='block_1_13' title="bbox 1996 2189 3549 2708">
    <p class='ocr_par' dir='ltr' id='par_1_15' title="bbox 1996 2189 3549 2708">
     <span class='ocr_line' id='line_1_74' title="bbox 1996 2189 3547 2273; baseline 0.003 -25"><span class='ocrx_word' id='word_1_577' title='bbox 1996 2192 2220 2250; x_wconf 84' lang='grc' dir='ltr'>πλεῖστα</span> <span class='ocrx_word' id='word_1_578' title='bbox 2262 2195 2366 2250; x_wconf 86' lang='grc' dir='ltr'>τῶν</span> <span class='ocrx_word' id='word_1_579' title='bbox 2400 2189 2860 2268; x_wconf 69' lang='grc' dir='ltr'>ἐπιτιμηθέντων</span> <span class='ocrx_word' id='word_1_580' title='bbox 2836 2214 2896 2248; x_wconf 92' lang='grc' dir='ltr'>αν</span> <span class='ocrx_word' id='word_1_581' title='bbox 2938 2190 3023 2249; x_wconf 78' lang='grc' dir='ltr'>διὰ</span> <span class='ocrx_word' id='word_1_582' title='bbox 3067 2189 3163 2257; x_wconf 76' lang='grc' dir='ltr'>τὰς</span> <span class='ocrx_word' id='word_1_583' title='bbox 3198 2190 3547 2273; x_wconf 74' lang='grc' dir='ltr'>παρεκόάσεις</span> 
     </span>
     <span class='ocr_line' id='line_1_75' title="bbox 1998 2275 3543 2358; baseline 0.001 -22"><span class='ocrx_word' id='word_1_584' title='bbox 1998 2276 2147 2337; x_wconf 77' lang='grc' dir='ltr'>κοινὰ</span> <span class='ocrx_word' id='word_1_585' title='bbox 2169 2275 2411 2357; x_wconf 75' lang='grc' dir='ltr'>τυγχάνει</span> <span class='ocrx_word' id='word_1_586' title='bbox 2424 2276 2616 2347; x_wconf 88' lang='grc' dir='ltr'>πάσαις</span> <span class='ocrx_word' id='word_1_587' title='bbox 2637 2278 2760 2337; x_wconf 79' lang='grc' dir='ltr'>ὄντα</span> <span class='ocrx_word' id='word_1_588' title='bbox 2783 2286 2897 2346; x_wconf 90' lang='grc' dir='ltr'>ταῖς</span> <span class='ocrx_word' id='word_1_589' title='bbox 2925 2276 3217 2358; x_wconf 78' lang='grc' dir='ltr'>εἰρημέναις</span> <span class='ocrx_word' id='word_1_590' title='bbox 3239 2278 3543 2346; x_wconf 81' lang='grc' dir='ltr'>πολιτείαις·</span> 
     </span>
     <span class='ocr_line' id='line_1_76' title="bbox 2000 2363 3546 2446; baseline 0 -21"><span class='ocrx_word' id='word_1_591' title='bbox 2000 2369 2102 2425; x_wconf 85' lang='grc' dir='ltr'>τῶν</span> <span class='ocrx_word' id='word_1_592' title='bbox 2132 2364 2184 2424; x_wconf 71' lang='grc' dir='ltr'>δὲ</span> <span class='ocrx_word' id='word_1_593' title='bbox 2202 2366 2327 2446; x_wconf 79' lang='grc' dir='ltr'>πρὸς</span> <span class='ocrx_word' id='word_1_594' title='bbox 2350 2363 2445 2436; x_wconf 79' lang='grc' dir='ltr'>τὴν</span> <span class='ocrx_word' id='word_1_595' title='bbox 2467 2365 2705 2425; x_wconf 77' lang='grc' dir='ltr'>ὑπόθεσιν</span> <span class='ocrx_word' id='word_1_596' title='bbox 2723 2370 2817 2437; x_wconf 60' lang='grc' dir='ltr'>τῆς</span> <span class='ocrx_word' id='word_1_597' title='bbox 2832 2365 3229 2446; x_wconf 64' lang='grc' dir='ltr'>ἀριστοκρατίας</span> <span class='ocrx_word' id='word_1_598' title='bbox 3245 2365 3335 2426; x_wconf 73' lang='grc' dir='ltr'>καὶ</span> <span class='ocrx_word' id='word_1_599' title='bbox 3349 2372 3441 2439; x_wconf 71' lang='grc' dir='ltr'>τῆς</span> <span class='ocrx_word' id='word_1_600' title='bbox 3455 2389 3546 2425; x_wconf 77' lang='grc' dir='ltr'>πο·</span> 
     </span>
     <span class='ocr_line' id='line_1_77' title="bbox 1999 2450 3547 2530; baseline 0.004 -23"><span class='ocrx_word' id='word_1_601' title='bbox 1999 2450 2191 2518; x_wconf 90' lang='grc' dir='ltr'>λιτείας</span> <span class='ocrx_word' id='word_1_602' title='bbox 2212 2452 2276 2511; x_wconf 73' lang='grc' dir='ltr'>τὰ</span> <span class='ocrx_word' id='word_1_603' title='bbox 2296 2452 2389 2528; x_wconf 73' lang='grc' dir='ltr'>μὲν</span> <span class='ocrx_word' id='word_1_604' title='bbox 2405 2454 2475 2519; x_wconf 88' lang='grc' dir='ltr'>εἷς</span> <span class='ocrx_word' id='word_1_605' title='bbox 2500 2455 2664 2530; x_wconf 68' lang='grc' dir='ltr'>δῆμον</span> <span class='ocrx_word' id='word_1_606' title='bbox 2681 2453 2900 2512; x_wconf 69' lang='grc' dir='ltr'>ἐκκλίνει</span> <span class='ocrx_word' id='word_1_607' title='bbox 2917 2455 3134 2530; x_wconf 71' lang='grc' dir='ltr'>μᾶλλον,</span> <span class='ocrx_word' id='word_1_608' title='bbox 3161 2451 3231 2514; x_wconf 73' lang='grc' dir='ltr'>τὰ</span> <span class='ocrx_word' id='word_1_609' title='bbox 3258 2455 3303 2513; x_wconf 87' lang='grc' dir='ltr'>δ’</span> <span class='ocrx_word' id='word_1_610' title='bbox 3335 2457 3407 2521; x_wconf 81' lang='grc' dir='ltr'>εἷς</span> <span class='ocrx_word' id='word_1_611' title='bbox 3430 2456 3547 2513; x_wconf 85' lang='grc' dir='ltr'>ὀλι-</span> 
     </span>
     <span class='ocr_line' id='line_1_78' title="bbox 2001 2535 3542 2619; baseline 0.003 -25"><span class='ocrx_word' id='word_1_612' title='bbox 2001 2535 2244 2618; x_wconf 81' lang='grc' dir='ltr'>γαρχίαν.</span> <span class='ocrx_word' id='word_1_613' title='bbox 2313 2540 2421 2598; x_wconf 72' lang='grc' dir='ltr'>Τοῦ</span> <span class='ocrx_word' id='word_1_614' title='bbox 2451 2537 2545 2615; x_wconf 60' lang='grc' dir='ltr'>μὲν</span> <span class='ocrx_word' id='word_1_615' title='bbox 2579 2538 2679 2617; x_wconf 77' lang='grc' dir='ltr'>γὰρ</span> <span class='ocrx_word' id='word_1_616' title='bbox 2713 2538 2779 2598; x_wconf 70' lang='grc' dir='ltr'>τὰ</span> <span class='ocrx_word' id='word_1_617' title='bbox 2814 2537 2907 2614; x_wconf 74' lang='grc' dir='ltr'>μὲν</span> <span class='ocrx_word' id='word_1_618' title='bbox 2940 2538 3245 2618; x_wconf 88' lang='grc' dir='ltr'>προσάγειν,</span> <span class='ocrx_word' id='word_1_619' title='bbox 3274 2538 3340 2599; x_wconf 73' lang='grc' dir='ltr'>τὰ</span> <span class='ocrx_word' id='word_1_620' title='bbox 3380 2541 3434 2599; x_wconf 74' lang='grc' dir='ltr'>δὲ</span> <span class='ocrx_word' id='word_1_621' title='bbox 3468 2540 3542 2619; x_wconf 79' lang='grc' dir='ltr'>μὴ</span> 
     </span>
     <span class='ocr_line' id='line_1_79' title="bbox 2003 2625 3549 2708; baseline 0.001 -24"><span class='ocrx_word' id='word_1_622' title='bbox 2003 2625 2279 2707; x_wconf 84' lang='grc' dir='ltr'>προσάγειν</span> <span class='ocrx_word' id='word_1_623' title='bbox 2297 2626 2425 2706; x_wconf 76' lang='grc' dir='ltr'>πρὸς</span> <span class='ocrx_word' id='word_1_624' title='bbox 2446 2650 2531 2687; x_wconf 89' lang='grc' dir='ltr'>τον</span> <span class='ocrx_word' id='word_1_625' title='bbox 2555 2629 2719 2703; x_wconf 74' lang='grc' dir='ltr'>δῆμον</span> <span class='ocrx_word' id='word_1_626' title='bbox 2746 2630 2792 2686; x_wconf 78' lang='grc' dir='ltr'>οἱ</span> <span class='ocrx_word' id='word_1_627' title='bbox 2825 2628 3053 2707; x_wconf 85' lang='grc' dir='ltr'>βασιλεῖς</span> <span class='ocrx_word' id='word_1_628' title='bbox 3092 2651 3297 2708; x_wconf 88' lang='grc' dir='ltr'>κυριοι</span> <span class='ocrx_word' id='word_1_629' title='bbox 3286 2628 3418 2688; x_wconf 71' lang='grc' dir='ltr'>μετὰ</span> <span class='ocrx_word' id='word_1_630' title='bbox 3445 2635 3549 2689; x_wconf 80' lang='grc' dir='ltr'>τῶν</span> 
     </span>
    </p>
   </div>
   <div class='ocr_carea' id='block_1_14' title="bbox 2002 2712 3552 2968">
    <p class='ocr_par' dir='ltr' id='par_1_16' title="bbox 2002 2712 3552 2968">
     <span class='ocr_line' id='line_1_80' title="bbox 2002 2712 3549 2793; baseline 0.001 -21"><span class='ocrx_word' id='word_1_631' title='bbox 2002 2712 2281 2793; x_wconf 82' lang='grc' dir='ltr'>γερόντων,</span> <span class='ocrx_word' id='word_1_632' title='bbox 2319 2712 2384 2772; x_wconf 72' lang='grc' dir='ltr'>ἂν</span> <span class='ocrx_word' id='word_1_633' title='bbox 2421 2716 2823 2790; x_wconf 84' lang='grc' dir='ltr'>ὁμογνωμονῶσι</span> <span class='ocrx_word' id='word_1_634' title='bbox 2864 2712 3086 2779; x_wconf 88' lang='grc' dir='ltr'>πάντες·</span> <span class='ocrx_word' id='word_1_635' title='bbox 3131 2719 3177 2773; x_wconf 83' lang='grc' dir='ltr'>εἰ</span> <span class='ocrx_word' id='word_1_636' title='bbox 3210 2715 3263 2774; x_wconf 74' lang='grc' dir='ltr'>δὲ</span> <span class='ocrx_word' id='word_1_637' title='bbox 3310 2716 3416 2791; x_wconf 72' lang='grc' dir='ltr'>μὴ,</span> <span class='ocrx_word' id='word_1_638' title='bbox 3460 2740 3549 2774; x_wconf 87' lang='grc' dir='ltr'>και</span> 
     </span>
     <span class='ocr_line' id='line_1_81' title="bbox 2003 2792 3552 2879; baseline 0.001 -21"><span class='ocrx_word' id='word_1_639' title='bbox 2003 2797 2198 2858; x_wconf 82' lang='grc' dir='ltr'>τούτων</span> <span class='ocrx_word' id='word_1_640' title='bbox 2217 2801 2245 2856; x_wconf 78' lang='grc' dir='ltr'>ὅ</span> <span class='ocrx_word' id='word_1_641' title='bbox 2271 2800 2453 2874; x_wconf 88' lang='grc' dir='ltr'>δημος.</span> <span class='ocrx_word' id='word_1_642' title='bbox 2471 2797 2533 2857; x_wconf 78' lang='grc' dir='ltr'><strong>Ἃ</strong></span> <span class='ocrx_word' id='word_1_643' title='bbox 2552 2801 2597 2858; x_wconf 91' lang='grc' dir='ltr'>δ’</span> <span class='ocrx_word' id='word_1_644' title='bbox 2621 2798 2684 2857; x_wconf 79' lang='grc' dir='ltr'>ἂν</span> <span class='ocrx_word' id='word_1_645' title='bbox 2703 2798 3003 2879; x_wconf 71' lang='grc' dir='ltr'>εἰσφέρωσιν</span> <span class='ocrx_word' id='word_1_646' title='bbox 3019 2792 3184 2874; x_wconf 72' lang='grc' dir='ltr'>οὗτοι,</span> <span class='ocrx_word' id='word_1_647' title='bbox 3208 2825 3265 2859; x_wconf 94' lang='grc' dir='ltr'>ου</span> <span class='ocrx_word' id='word_1_648' title='bbox 3281 2803 3552 2861; x_wconf 83' lang='grc' dir='ltr'>διακουσαι</span> 
     </span>
     <span class='ocr_line' id='line_1_82' title="bbox 2007 2883 3544 2968; baseline -0.001 -23"><span class='ocrx_word' id='word_1_649' title='bbox 2007 2885 2160 2965; x_wconf 87' lang='grc' dir='ltr'>μόνον</span> <span class='ocrx_word' id='word_1_650' title='bbox 2199 2884 2501 2945; x_wconf 79' lang='grc' dir='ltr'>ἀποδιδόασι</span> <span class='ocrx_word' id='word_1_651' title='bbox 2526 2889 2601 2967; x_wconf 79' lang='grc' dir='ltr'>τῷ</span> <span class='ocrx_word' id='word_1_652' title='bbox 2629 2883 2783 2967; x_wconf 88' lang='grc' dir='ltr'>δημω</span> <span class='ocrx_word' id='word_1_653' title='bbox 2809 2885 2874 2944; x_wconf 72' lang='grc' dir='ltr'>τὰ</span> <span class='ocrx_word' id='word_1_654' title='bbox 2909 2884 3122 2954; x_wconf 81' lang='grc' dir='ltr'>δόξαντα</span> <span class='ocrx_word' id='word_1_655' title='bbox 3146 2892 3250 2953; x_wconf 86' lang='grc' dir='ltr'>τοῖς</span> <span class='ocrx_word' id='word_1_656' title='bbox 3280 2887 3544 2968; x_wconf 70' lang='grc' dir='ltr'>ἄρχουσιν</span> 
     </span>
    </p>
   </div>
   <div class='ocr_carea' id='block_1_15' title="bbox 2007 3052 3572 5207">
    <p class='ocr_par' dir='ltr' id='par_1_17' title="bbox 2007 3052 3572 5207">
     <span class='ocr_line' id='line_1_83' title="bbox 2007 3052 3555 3118; baseline 0.001 -15"><span class='ocrx_word' id='word_1_657' title='bbox 2007 3052 2478 3103; x_wconf 69' lang='lat' dir='ltr'>Lacedaemoniorum</span> <span class='ocrx_word' id='word_1_658' title='bbox 2493 3052 2767 3115; x_wconf 66' lang='lat' dir='ltr'>reipublicae</span> <span class='ocrx_word' id='word_1_659' title='bbox 2780 3053 3027 3102; x_wconf 84' lang='lat' dir='ltr'>consimili.</span> <span class='ocrx_word' id='word_1_660' title='bbox 3043 3054 3130 3103; x_wconf 81' lang='lat' dir='ltr'>Hae</span> <span class='ocrx_word' id='word_1_661' title='bbox 3142 3054 3270 3103; x_wconf 91' lang='lat' dir='ltr'>enim</span> <span class='ocrx_word' id='word_1_662' title='bbox 3283 3056 3381 3105; x_wconf 85' lang='lat' dir='ltr'>tres</span> <span class='ocrx_word' id='word_1_663' title='bbox 3396 3069 3555 3118; x_wconf 77' lang='lat' dir='ltr'>respu-</span> 
     </span>
     <span class='ocr_line' id='line_1_84' title="bbox 2007 3131 3556 3195; baseline 0.003 -15"><span class='ocrx_word' id='word_1_664' title='bbox 2007 3131 2146 3180; x_wconf 72' lang='lat' dir='ltr'>blicae</span> <span class='ocrx_word' id='word_1_665' title='bbox 2162 3144 2313 3195; x_wconf 89' lang='lat' dir='ltr'>quum</span> <span class='ocrx_word' id='word_1_666' title='bbox 2334 3131 2459 3182; x_wconf 86' lang='lat' dir='ltr'>inter</span> <span class='ocrx_word' id='word_1_667' title='bbox 2473 3144 2524 3181; x_wconf 85' lang='lat' dir='ltr'>sc</span> <span class='ocrx_word' id='word_1_668' title='bbox 2541 3131 2897 3194; x_wconf 83' lang='lat' dir='ltr'>quodammodo</span> <span class='ocrx_word' id='word_1_669' title='bbox 2909 3132 3002 3182; x_wconf 88' lang='lat' dir='ltr'>sint</span> <span class='ocrx_word' id='word_1_670' title='bbox 3024 3131 3201 3181; x_wconf 80' lang='lat' dir='ltr'>similes</span> <span class='ocrx_word' id='word_1_671' title='bbox 3214 3169 3230 3194; x_wconf 87' lang='lat'><em>,</em></span> <span class='ocrx_word' id='word_1_672' title='bbox 3249 3134 3355 3182; x_wconf 86' lang='lat' dir='ltr'>tum</span> <span class='ocrx_word' id='word_1_673' title='bbox 3368 3132 3430 3182; x_wconf 87' lang='lat' dir='ltr'>ab</span> <span class='ocrx_word' id='word_1_674' title='bbox 3450 3135 3556 3184; x_wconf 83' lang='lat' dir='ltr'>aliis</span> 
     </span>
     <span class='ocr_line' id='line_1_85' title="bbox 2008 3209 3556 3274; baseline 0.002 -15"><span class='ocrx_word' id='word_1_675' title='bbox 2008 3210 2149 3272; x_wconf 64' lang='lat' dir='ltr'>longe</span> <span class='ocrx_word' id='word_1_676' title='bbox 2165 3209 2394 3260; x_wconf 77' lang='lat' dir='ltr'>differunt</span> <span class='ocrx_word' id='word_1_677' title='bbox 2422 3211 2723 3272; x_wconf 83' lang='lat' dir='ltr'>:Cretensis,</span> <span class='ocrx_word' id='word_1_678' title='bbox 2755 3211 2981 3274; x_wconf 83' lang='lat' dir='ltr'>inquam,</span> <span class='ocrx_word' id='word_1_679' title='bbox 3013 3213 3062 3261; x_wconf 85' lang='lat' dir='ltr'>et</span> <span class='ocrx_word' id='word_1_680' title='bbox 3095 3212 3329 3261; x_wconf 79' lang='lat' dir='ltr'>Laconica</span> <span class='ocrx_word' id='word_1_681' title='bbox 3349 3215 3396 3262; x_wconf 91' lang='lat' dir='ltr'>et</span> <span class='ocrx_word' id='word_1_682' title='bbox 3415 3212 3556 3263; x_wconf 81' lang='lat' dir='ltr'>tertia</span> 
     </span>
     <span class='ocr_line' id='line_1_86' title="bbox 2012 3287 3557 3351; baseline 0.001 -13"><span class='ocrx_word' id='word_1_683' title='bbox 2012 3287 2429 3351; x_wconf 77' lang='lat' dir='ltr'>Carthaginiensis.</span> <span class='ocrx_word' id='word_1_684' title='bbox 2451 3288 2702 3350; x_wconf 80' lang='lat' dir='ltr'>Multaque</span> <span class='ocrx_word' id='word_1_685' title='bbox 2718 3301 2884 3337; x_wconf 86' lang='lat' dir='ltr'>eorum</span> <span class='ocrx_word' id='word_1_686' title='bbox 2902 3324 2916 3347; x_wconf 90' lang='lat'>,</span> <span class='ocrx_word' id='word_1_687' title='bbox 2932 3301 3043 3351; x_wconf 83' lang='lat' dir='ltr'>quoe</span> <span class='ocrx_word' id='word_1_688' title='bbox 3056 3287 3181 3350; x_wconf 88' lang='lat' dir='ltr'>apud</span> <span class='ocrx_word' id='word_1_689' title='bbox 3202 3288 3557 3350; x_wconf 84' lang='lat' dir='ltr'>Carthaginien-</span> 
     </span>
     <span class='ocr_line' id='line_1_87' title="bbox 2011 3365 3553 3428; baseline 0.001 -13"><span class='ocrx_word' id='word_1_690' title='bbox 2011 3377 2086 3415; x_wconf 59' lang='lat' dir='ltr'>ses</span> <span class='ocrx_word' id='word_1_691' title='bbox 2104 3366 2363 3416; x_wconf 84' lang='lat' dir='ltr'>constituta</span> <span class='ocrx_word' id='word_1_692' title='bbox 2380 3368 2519 3424; x_wconf 76' lang='lat' dir='ltr'>sunt,</span> <span class='ocrx_word' id='word_1_693' title='bbox 2543 3365 2769 3428; x_wconf 61' lang='lat' dir='ltr'>praeclare</span> <span class='ocrx_word' id='word_1_694' title='bbox 2788 3379 2838 3414; x_wconf 88' lang='lat' dir='ltr'>se</span> <span class='ocrx_word' id='word_1_695' title='bbox 2855 3366 3050 3414; x_wconf 75' lang='lat' dir='ltr'>liabent.</span> <span class='ocrx_word' id='word_1_696' title='bbox 3083 3368 3373 3427; x_wconf 73' lang='lat' dir='ltr'>Argumento</span> <span class='ocrx_word' id='word_1_697' title='bbox 3391 3369 3553 3416; x_wconf 83' lang='lat' dir='ltr'>autem</span> 
     </span>
     <span class='ocr_line' id='line_1_88' title="bbox 2010 3441 3556 3504; baseline 0.001 -13"><span class='ocrx_word' id='word_1_698' title='bbox 2010 3445 2109 3503; x_wconf 65' lang='lat' dir='ltr'>est,</span> <span class='ocrx_word' id='word_1_699' title='bbox 2130 3442 2254 3491; x_wconf 82' lang='lat' dir='ltr'>hanc</span> <span class='ocrx_word' id='word_1_700' title='bbox 2279 3442 2618 3504; x_wconf 81' lang='lat' dir='ltr'>rempublicam</span> <span class='ocrx_word' id='word_1_701' title='bbox 2641 3442 2762 3492; x_wconf 89' lang='lat' dir='ltr'>bene</span> <span class='ocrx_word' id='word_1_702' title='bbox 2790 3454 2891 3491; x_wconf 84' lang='lat' dir='ltr'>esse</span> <span class='ocrx_word' id='word_1_703' title='bbox 2913 3441 3196 3503; x_wconf 84' lang='lat' dir='ltr'>descriptam</span> <span class='ocrx_word' id='word_1_704' title='bbox 3214 3476 3229 3502; x_wconf 88' lang='lat'><em>,</em></span> <span class='ocrx_word' id='word_1_705' title='bbox 3250 3441 3380 3503; x_wconf 88' lang='lat' dir='ltr'>quod</span> <span class='ocrx_word' id='word_1_706' title='bbox 3402 3456 3556 3504; x_wconf 86' lang='lat' dir='ltr'>quum</span> 
     </span>
     <span class='ocr_line' id='line_1_89' title="bbox 2011 3516 3561 3582; baseline 0.001 -16"><span class='ocrx_word' id='word_1_707' title='bbox 2011 3519 2243 3582; x_wconf 85' lang='lat' dir='ltr'>populum</span> <span class='ocrx_word' id='word_1_708' title='bbox 2263 3519 2436 3567; x_wconf 81' lang='lat' dir='ltr'>habeat</span> <span class='ocrx_word' id='word_1_709' title='bbox 2454 3531 2616 3567; x_wconf 86' lang='lat' dir='ltr'>rerum</span> <span class='ocrx_word' id='word_1_710' title='bbox 2638 3519 2909 3579; x_wconf 87' lang='lat' dir='ltr'>compotem</span> <span class='ocrx_word' id='word_1_711' title='bbox 2923 3554 2937 3578; x_wconf 88' lang='lat'>,</span> <span class='ocrx_word' id='word_1_712' title='bbox 2963 3519 3152 3566; x_wconf 78' lang='lat' dir='ltr'>maneat</span> <span class='ocrx_word' id='word_1_713' title='bbox 3176 3517 3226 3565; x_wconf 89' lang='lat' dir='ltr'>in</span> <span class='ocrx_word' id='word_1_714' title='bbox 3245 3516 3561 3581; x_wconf 83' lang='lat' dir='ltr'>descriptione</span> 
     </span>
     <span class='ocr_line' id='line_1_90' title="bbox 2012 3593 3560 3656; baseline 0.001 -12"><span class='ocrx_word' id='word_1_715' title='bbox 2012 3597 2060 3644; x_wconf 91' lang='lat' dir='ltr'>et</span> <span class='ocrx_word' id='word_1_716' title='bbox 2073 3594 2371 3645; x_wconf 85' lang='lat' dir='ltr'>ordinatione</span> <span class='ocrx_word' id='word_1_717' title='bbox 2399 3594 2672 3656; x_wconf 75' lang='lat' dir='ltr'>reipublicoe</span> <span class='ocrx_word' id='word_1_718' title='bbox 2687 3632 2702 3655; x_wconf 92' lang='lat'>,</span> <span class='ocrx_word' id='word_1_719' title='bbox 2721 3606 2878 3656; x_wconf 85' lang='lat' dir='ltr'>neque</span> <span class='ocrx_word' id='word_1_720' title='bbox 2900 3597 2985 3643; x_wconf 88' lang='lat' dir='ltr'>aut</span> <span class='ocrx_word' id='word_1_721' title='bbox 3008 3593 3177 3643; x_wconf 83' lang='lat' dir='ltr'>seditio</span> <span class='ocrx_word' id='word_1_722' title='bbox 3201 3602 3413 3656; x_wconf 87' lang='lat' dir='ltr'>unquam</span> <span class='ocrx_word' id='word_1_723' title='bbox 3429 3595 3477 3644; x_wconf 91' lang='lat' dir='ltr'>in</span> <span class='ocrx_word' id='word_1_724' title='bbox 3501 3609 3560 3645; x_wconf 90' lang='lat' dir='ltr'>eo</span> 
     </span>
     <span class='ocr_line' id='line_1_91' title="bbox 2014 3669 3562 3734; baseline 0.001 -13"><span class='ocrx_word' id='word_1_725' title='bbox 2014 3674 2178 3721; x_wconf 86' lang='lat' dir='ltr'>coorta</span> <span class='ocrx_word' id='word_1_726' title='bbox 2215 3671 2309 3734; x_wconf 86' lang='lat' dir='ltr'>sit,</span> <span class='ocrx_word' id='word_1_727' title='bbox 2346 3673 2615 3721; x_wconf 86' lang='lat' dir='ltr'>memoratu</span> <span class='ocrx_word' id='word_1_728' title='bbox 2647 3669 2842 3733; x_wconf 88' lang='lat' dir='ltr'>quidem</span> <span class='ocrx_word' id='word_1_729' title='bbox 2874 3670 2956 3719; x_wconf 86' lang='lat' dir='ltr'>illa</span> <span class='ocrx_word' id='word_1_730' title='bbox 2983 3669 3124 3732; x_wconf 79' lang='lat' dir='ltr'>digna</span> <span class='ocrx_word' id='word_1_731' title='bbox 3144 3706 3159 3731; x_wconf 88' lang='lat'>‚</span> <span class='ocrx_word' id='word_1_732' title='bbox 3200 3673 3285 3719; x_wconf 89' lang='lat' dir='ltr'>aut</span> <span class='ocrx_word' id='word_1_733' title='bbox 3324 3671 3562 3734; x_wconf 81' lang='lat' dir='ltr'>tyrannus</span> 
     </span>
     <span class='ocr_line' id='line_1_92' title="bbox 2013 3746 3562 3810; baseline 0.001 -13"><span class='ocrx_word' id='word_1_734' title='bbox 2013 3748 2268 3799; x_wconf 77' lang='lat' dir='ltr'>exstiterit.</span> <span class='ocrx_word' id='word_1_735' title='bbox 2335 3747 2400 3808; x_wconf 83' lang='lat'>(2)</span> <span class='ocrx_word' id='word_1_736' title='bbox 2436 3747 2589 3797; x_wconf 82' lang='lat' dir='ltr'>Habet</span> <span class='ocrx_word' id='word_1_737' title='bbox 2606 3750 2769 3796; x_wconf 85' lang='lat' dir='ltr'>autem</span> <span class='ocrx_word' id='word_1_738' title='bbox 2795 3746 2902 3796; x_wconf 82' lang='lat' dir='ltr'>baec</span> <span class='ocrx_word' id='word_1_739' title='bbox 2931 3746 3180 3796; x_wconf 73' lang='lat' dir='ltr'>Laconicae</span> <span class='ocrx_word' id='word_1_740' title='bbox 3200 3746 3473 3810; x_wconf 83' lang='lat' dir='ltr'>reipublicoe</span> <span class='ocrx_word' id='word_1_741' title='bbox 3495 3752 3562 3801; x_wconf 81' lang='lat' dir='ltr'>si·</span> 
     </span>
     <span class='ocr_line' id='line_1_93' title="bbox 2017 3822 3564 3887; baseline 0.001 -13"><span class='ocrx_word' id='word_1_742' title='bbox 2017 3825 2179 3874; x_wconf 87' lang='lat' dir='ltr'>milia:</span> <span class='ocrx_word' id='word_1_743' title='bbox 2212 3824 2419 3887; x_wconf 84' lang='lat' dir='ltr'>primum</span> <span class='ocrx_word' id='word_1_744' title='bbox 2453 3822 2782 3873; x_wconf 89' lang='lat' dir='ltr'>sodalitiorum</span> <span class='ocrx_word' id='word_1_745' title='bbox 2824 3822 3045 3873; x_wconf 74' lang='lat' dir='ltr'>convivia</span> <span class='ocrx_word' id='word_1_746' title='bbox 3060 3859 3075 3883; x_wconf 86' lang='lat'><strong>,</strong></span> <span class='ocrx_word' id='word_1_747' title='bbox 3111 3822 3348 3885; x_wconf 74' lang='lat' dir='ltr'>phiditiis3</span> <span class='ocrx_word' id='word_1_748' title='bbox 3391 3824 3564 3876; x_wconf 84' lang='lat' dir='ltr'>deinde</span> 
     </span>
     <span class='ocr_line' id='line_1_94' title="bbox 2020 3899 3562 3965; baseline 0.001 -14"><span class='ocrx_word' id='word_1_749' title='bbox 2020 3904 2213 3952; x_wconf 83' lang='lat' dir='ltr'>centum</span> <span class='ocrx_word' id='word_1_750' title='bbox 2227 3904 2275 3951; x_wconf 79' lang='lat' dir='ltr'>et</span> <span class='ocrx_word' id='word_1_751' title='bbox 2292 3903 2520 3964; x_wconf 85' lang='lat' dir='ltr'>quattuor</span> <span class='ocrx_word' id='word_1_752' title='bbox 2537 3899 2695 3949; x_wconf 70' lang='lat' dir='ltr'>virum</span> <span class='ocrx_word' id='word_1_753' title='bbox 2711 3899 2982 3963; x_wconf 87' lang='lat' dir='ltr'>imperium,</span> <span class='ocrx_word' id='word_1_754' title='bbox 3003 3899 3290 3962; x_wconf 77' lang='lat' dir='ltr'>ephororum</span> <span class='ocrx_word' id='word_1_755' title='bbox 3311 3905 3562 3965; x_wconf 83' lang='lat' dir='ltr'>potestati,</span> 
     </span>
     <span class='ocr_line' id='line_1_95' title="bbox 2019 3976 3562 4042; baseline 0.001 -14"><span class='ocrx_word' id='word_1_756' title='bbox 2019 3980 2068 4028; x_wconf 90' lang='lat' dir='ltr'>et</span> <span class='ocrx_word' id='word_1_757' title='bbox 2090 3978 2261 4028; x_wconf 86' lang='lat' dir='ltr'>melius</span> <span class='ocrx_word' id='word_1_758' title='bbox 2287 3976 2482 4040; x_wconf 88' lang='lat' dir='ltr'>quidem</span> <span class='ocrx_word' id='word_1_759' title='bbox 2512 3977 2803 4027; x_wconf 84' lang='lat' dir='ltr'>institutum.</span> <span class='ocrx_word' id='word_1_760' title='bbox 2869 3977 2944 4026; x_wconf 84' lang='lat' dir='ltr'>llli</span> <span class='ocrx_word' id='word_1_761' title='bbox 2973 3976 3100 4025; x_wconf 88' lang='lat' dir='ltr'>enim</span> <span class='ocrx_word' id='word_1_762' title='bbox 3128 3989 3155 4024; x_wconf 90' lang='lat' dir='ltr'>e</span> <span class='ocrx_word' id='word_1_763' title='bbox 3177 3977 3321 4038; x_wconf 69' lang='lat' dir='ltr'>vulgo</span> <span class='ocrx_word' id='word_1_764' title='bbox 3343 3982 3483 4042; x_wconf 71' lang='lat' dir='ltr'>sunt,</span> <span class='ocrx_word' id='word_1_765' title='bbox 3515 3981 3562 4030; x_wconf 82' lang='lat' dir='ltr'>hi</span> 
     </span>
     <span class='ocr_line' id='line_1_96' title="bbox 2020 4053 3564 4118; baseline 0.001 -12"><span class='ocrx_word' id='word_1_766' title='bbox 2020 4058 2181 4106; x_wconf 87' lang='lat' dir='ltr'>autem</span> <span class='ocrx_word' id='word_1_767' title='bbox 2204 4055 2265 4105; x_wconf 88' lang='lat' dir='ltr'>ad</span> <span class='ocrx_word' id='word_1_768' title='bbox 2289 4056 2381 4105; x_wconf 84' lang='lat' dir='ltr'>hoc</span> <span class='ocrx_word' id='word_1_769' title='bbox 2409 4055 2662 4118; x_wconf 84' lang='lat' dir='ltr'>imperium</span> <span class='ocrx_word' id='word_1_770' title='bbox 2700 4053 2958 4117; x_wconf 85' lang='lat' dir='ltr'>eliguntur,</span> <span class='ocrx_word' id='word_1_771' title='bbox 2999 4057 3053 4104; x_wconf 87' lang='lat' dir='ltr'>ut</span> <span class='ocrx_word' id='word_1_772' title='bbox 3082 4054 3287 4117; x_wconf 85' lang='lat' dir='ltr'>quisque</span> <span class='ocrx_word' id='word_1_773' title='bbox 3308 4056 3486 4106; x_wconf 84' lang='lat' dir='ltr'>virtute</span> <span class='ocrx_word' id='word_1_774' title='bbox 3514 4061 3564 4107; x_wconf 92' lang='lat' dir='ltr'>et</span> 
     </span>
     <span class='ocr_line' id='line_1_97' title="bbox 2018 4131 3566 4196; baseline 0 -13"><span class='ocrx_word' id='word_1_775' title='bbox 2018 4133 2245 4196; x_wconf 78' lang='lat' dir='ltr'>dignitate</span> <span class='ocrx_word' id='word_1_776' title='bbox 2262 4135 2474 4195; x_wconf 79' lang='lat' dir='ltr'>praestat.</span> <span class='ocrx_word' id='word_1_777' title='bbox 2497 4134 2742 4181; x_wconf 86' lang='lat' dir='ltr'>Postremo</span> <span class='ocrx_word' id='word_1_778' title='bbox 2769 4144 2900 4193; x_wconf 81' lang='lat' dir='ltr'>reges</span> <span class='ocrx_word' id='word_1_779' title='bbox 2930 4133 2980 4181; x_wconf 85' lang='lat' dir='ltr'>et</span> <span class='ocrx_word' id='word_1_780' title='bbox 3004 4134 3221 4180; x_wconf 85' lang='lat' dir='ltr'>senalum</span> <span class='ocrx_word' id='word_1_781' title='bbox 3242 4131 3383 4181; x_wconf 88' lang='lat' dir='ltr'>babet</span> <span class='ocrx_word' id='word_1_782' title='bbox 3415 4136 3566 4184; x_wconf 84' lang='lat' dir='ltr'>Lace-</span> 
     </span>
     <span class='ocr_line' id='line_1_98' title="bbox 2018 4208 3569 4274; baseline -0.001 -13"><span class='ocrx_word' id='word_1_783' title='bbox 2018 4211 2366 4261; x_wconf 77' lang='lat' dir='ltr'>dmmoniorum</span> <span class='ocrx_word' id='word_1_784' title='bbox 2385 4209 2573 4273; x_wconf 85' lang='lat' dir='ltr'>regibus</span> <span class='ocrx_word' id='word_1_785' title='bbox 2585 4212 2631 4259; x_wconf 86' lang='lat' dir='ltr'>et</span> <span class='ocrx_word' id='word_1_786' title='bbox 2650 4210 2834 4258; x_wconf 87' lang='lat' dir='ltr'>senatui</span> <span class='ocrx_word' id='word_1_787' title='bbox 2856 4208 3207 4272; x_wconf 84' lang='lat' dir='ltr'>respondentes.</span> <span class='ocrx_word' id='word_1_788' title='bbox 3232 4211 3288 4258; x_wconf 69' lang='lat' dir='ltr'>Et</span> <span class='ocrx_word' id='word_1_789' title='bbox 3305 4223 3419 4259; x_wconf 75' lang='lat' dir='ltr'>vero</span> <span class='ocrx_word' id='word_1_790' title='bbox 3435 4225 3569 4274; x_wconf 79' lang='lat' dir='ltr'>reges</span> 
     </span>
     <span class='ocr_line' id='line_1_99' title="bbox 2019 4284 3568 4352; baseline 0.001 -14"><span class='ocrx_word' id='word_1_791' title='bbox 2019 4287 2212 4352; x_wconf 84' lang='lat' dir='ltr'>quidem</span> <span class='ocrx_word' id='word_1_792' title='bbox 2244 4287 2421 4337; x_wconf 87' lang='lat' dir='ltr'>rectius</span> <span class='ocrx_word' id='word_1_793' title='bbox 2450 4288 2641 4345; x_wconf 88' lang='lat' dir='ltr'>creant,</span> <span class='ocrx_word' id='word_1_794' title='bbox 2663 4291 2820 4348; x_wconf 76' lang='lat' dir='ltr'>neque</span> <span class='ocrx_word' id='word_1_795' title='bbox 2849 4298 2912 4334; x_wconf 80' lang='lat' dir='ltr'>ex</span> <span class='ocrx_word' id='word_1_796' title='bbox 2943 4284 3110 4335; x_wconf 81' lang='lat' dir='ltr'>eodem</span> <span class='ocrx_word' id='word_1_797' title='bbox 3135 4288 3365 4347; x_wconf 80' lang='lat' dir='ltr'>perpetuo</span> <span class='ocrx_word' id='word_1_798' title='bbox 3395 4300 3568 4349; x_wconf 85' lang='lat' dir='ltr'>genere</span> 
     </span>
     <span class='ocr_line' id='line_1_100' title="bbox 2020 4361 3568 4429; baseline 0 -13"><span class='ocrx_word' id='word_1_799' title='bbox 2020 4379 2177 4429; x_wconf 86' lang='lat' dir='ltr'>neque</span> <span class='ocrx_word' id='word_1_800' title='bbox 2197 4379 2260 4415; x_wconf 81' lang='lat' dir='ltr'>ex</span> <span class='ocrx_word' id='word_1_801' title='bbox 2284 4363 2455 4428; x_wconf 76' lang='lat' dir='ltr'>quovis</span> <span class='ocrx_word' id='word_1_802' title='bbox 2472 4364 2661 4412; x_wconf 76' lang='lat' dir='ltr'>fortuna</span> <span class='ocrx_word' id='word_1_803' title='bbox 2686 4362 2879 4423; x_wconf 78' lang='lat' dir='ltr'>oblat03</span> <span class='ocrx_word' id='word_1_804' title='bbox 2903 4361 2974 4411; x_wconf 83' lang='lat' dir='ltr'>sin</span> <span class='ocrx_word' id='word_1_805' title='bbox 2991 4363 3223 4424; x_wconf 68' lang='lat' dir='ltr'>pru-stans</span> <span class='ocrx_word' id='word_1_806' title='bbox 3248 4363 3441 4426; x_wconf 86' lang='lat' dir='ltr'>aliquod</span> <span class='ocrx_word' id='word_1_807' title='bbox 3468 4371 3568 4428; x_wconf 86' lang='lat' dir='ltr'>est,</span> 
     </span>
     <span class='ocr_line' id='line_1_101' title="bbox 2022 4439 3568 4504; baseline -0.002 -10"><span class='ocrx_word' id='word_1_808' title='bbox 2022 4457 2081 4494; x_wconf 79' lang='lat' dir='ltr'>ex</span> <span class='ocrx_word' id='word_1_809' title='bbox 2129 4457 2189 4494; x_wconf 88' lang='lat' dir='ltr'>eo</span> <span class='ocrx_word' id='word_1_810' title='bbox 2233 4456 2364 4504; x_wconf 78' lang='lat' dir='ltr'>reges</span> <span class='ocrx_word' id='word_1_811' title='bbox 2392 4441 2561 4492; x_wconf 84' lang='lat' dir='ltr'>electio</span> <span class='ocrx_word' id='word_1_812' title='bbox 2577 4478 2592 4503; x_wconf 89' lang='lat'>‚</span> <span class='ocrx_word' id='word_1_813' title='bbox 2633 4453 2730 4489; x_wconf 89' lang='lat' dir='ltr'>non</span> <span class='ocrx_word' id='word_1_814' title='bbox 2777 4443 2895 4490; x_wconf 76' lang='lat' dir='ltr'>aetas</span> <span class='ocrx_word' id='word_1_815' title='bbox 2941 4439 3069 4492; x_wconf 78' lang='lat' dir='ltr'>facit.</span> <span class='ocrx_word' id='word_1_816' title='bbox 3119 4443 3240 4491; x_wconf 79' lang='lat' dir='ltr'>Nam</span> <span class='ocrx_word' id='word_1_817' title='bbox 3284 4455 3568 4504; x_wconf 76' lang='lat' dir='ltr'>magnarum</span> 
     </span>
     <span class='ocr_line' id='line_1_102' title="bbox 2023 4516 3569 4581; baseline -0.001 -10"><span class='ocrx_word' id='word_1_818' title='bbox 2023 4533 2183 4571; x_wconf 86' lang='lat' dir='ltr'>rerum</span> <span class='ocrx_word' id='word_1_819' title='bbox 2204 4518 2384 4569; x_wconf 88' lang='lat' dir='ltr'>domini</span> <span class='ocrx_word' id='word_1_820' title='bbox 2405 4520 2455 4568; x_wconf 90' lang='lat' dir='ltr'>et</span> <span class='ocrx_word' id='word_1_821' title='bbox 2477 4521 2720 4581; x_wconf 86' lang='lat' dir='ltr'>compotes</span> <span class='ocrx_word' id='word_1_822' title='bbox 2736 4516 2892 4566; x_wconf 75' lang='lat' dir='ltr'>effecti</span> <span class='ocrx_word' id='word_1_823' title='bbox 2905 4552 2920 4577; x_wconf 87' lang='lat'>,</span> <span class='ocrx_word' id='word_1_824' title='bbox 2943 4517 2981 4566; x_wconf 87' lang='lat' dir='ltr'>si</span> <span class='ocrx_word' id='word_1_825' title='bbox 3005 4516 3099 4566; x_wconf 82' lang='lat' dir='ltr'>sint</span> <span class='ocrx_word' id='word_1_826' title='bbox 3119 4518 3335 4580; x_wconf 74' lang='lat' dir='ltr'>vulgares</span> <span class='ocrx_word' id='word_1_827' title='bbox 3353 4519 3569 4573; x_wconf 85' lang='lat' dir='ltr'>homines</span> 
     </span>
     <span class='ocr_line' id='line_1_103' title="bbox 2023 4594 3566 4662; baseline 0 -13"><span class='ocrx_word' id='word_1_828' title='bbox 2023 4601 2170 4662; x_wconf 83' lang='lat' dir='ltr'>atque</span> <span class='ocrx_word' id='word_1_829' title='bbox 2209 4597 2409 4660; x_wconf 81' lang='lat' dir='ltr'>abjecti,</span> <span class='ocrx_word' id='word_1_830' title='bbox 2444 4609 2613 4658; x_wconf 78' lang='lat' dir='ltr'>magna</span> <span class='ocrx_word' id='word_1_831' title='bbox 2644 4594 2820 4645; x_wconf 81' lang='lat' dir='ltr'>damna</span> <span class='ocrx_word' id='word_1_832' title='bbox 2846 4594 3087 4656; x_wconf 79' lang='lat' dir='ltr'>inserunt,</span> <span class='ocrx_word' id='word_1_833' title='bbox 3118 4598 3166 4645; x_wconf 85' lang='lat' dir='ltr'>et</span> <span class='ocrx_word' id='word_1_834' title='bbox 3193 4598 3479 4660; x_wconf 79' lang='lat' dir='ltr'>magnajam</span> <span class='ocrx_word' id='word_1_835' title='bbox 3500 4601 3566 4649; x_wconf 86' lang='lat' dir='ltr'>in·</span> 
     </span>
     <span class='ocr_line' id='line_1_104' title="bbox 2024 4671 3568 4739; baseline 0.001 -14"><span class='ocrx_word' id='word_1_836' title='bbox 2024 4676 2239 4726; x_wconf 81' lang='lat' dir='ltr'>tulerunt</span> <span class='ocrx_word' id='word_1_837' title='bbox 2285 4672 2753 4724; x_wconf 75' lang='lat' dir='ltr'>Lacedaemoniorum</span> <span class='ocrx_word' id='word_1_838' title='bbox 2797 4671 2995 4721; x_wconf 79' lang='lat' dir='ltr'>civitati.</span> <span class='ocrx_word' id='word_1_839' title='bbox 3049 4672 3117 4733; x_wconf 75' lang='lat'>(3)</span> <span class='ocrx_word' id='word_1_840' title='bbox 3169 4673 3380 4724; x_wconf 79' lang='lat' dir='ltr'>Plurima</span> <span class='ocrx_word' id='word_1_841' title='bbox 3423 4674 3568 4739; x_wconf 82' lang='lat' dir='ltr'>igitur</span> 
     </span>
     <span class='ocr_line' id='line_1_105' title="bbox 2024 4749 3565 4816; baseline 0.001 -13"><span class='ocrx_word' id='word_1_842' title='bbox 2024 4763 2211 4814; x_wconf 84' lang='lat' dir='ltr'>eorum,</span> <span class='ocrx_word' id='word_1_843' title='bbox 2239 4766 2351 4816; x_wconf 80' lang='lat' dir='ltr'>quoe</span> <span class='ocrx_word' id='word_1_844' title='bbox 2377 4749 2657 4815; x_wconf 81' lang='lat' dir='ltr'>reprebendi</span> <span class='ocrx_word' id='word_1_845' title='bbox 2688 4752 2886 4814; x_wconf 78' lang='lat' dir='ltr'>possunt</span> <span class='ocrx_word' id='word_1_846' title='bbox 2918 4754 3113 4814; x_wconf 84' lang='lat' dir='ltr'>propter</span> <span class='ocrx_word' id='word_1_847' title='bbox 3141 4751 3504 4805; x_wconf 84' lang='lat' dir='ltr'>declinationem</span> <span class='ocrx_word' id='word_1_848' title='bbox 3539 4771 3565 4804; x_wconf 84' lang='lat' dir='ltr'>a</span> 
     </span>
     <span class='ocr_line' id='line_1_106' title="bbox 2025 4829 3568 4893; baseline 0 -11"><span class='ocrx_word' id='word_1_849' title='bbox 2025 4835 2156 4882; x_wconf 85' lang='lat' dir='ltr'>recta</span> <span class='ocrx_word' id='word_1_850' title='bbox 2201 4831 2384 4881; x_wconf 85' lang='lat' dir='ltr'>ratione</span> <span class='ocrx_word' id='word_1_851' title='bbox 2416 4829 2715 4893; x_wconf 79' lang='lat' dir='ltr'>reipublicae,</span> <span class='ocrx_word' id='word_1_852' title='bbox 2757 4829 3030 4879; x_wconf 83' lang='lat' dir='ltr'>communia</span> <span class='ocrx_word' id='word_1_853' title='bbox 3066 4829 3179 4879; x_wconf 88' lang='lat' dir='ltr'>huic</span> <span class='ocrx_word' id='word_1_854' title='bbox 3216 4833 3410 4882; x_wconf 79' lang='lat' dir='ltr'>fuemnt</span> <span class='ocrx_word' id='word_1_855' title='bbox 3454 4846 3568 4882; x_wconf 75' lang='lat' dir='ltr'>cuni</span> 
     </span>
     <span class='ocr_line' id='line_1_107' title="bbox 2026 4906 3569 4971; baseline 0 -13"><span class='ocrx_word' id='word_1_856' title='bbox 2026 4909 2132 4958; x_wconf 82' lang='lat' dir='ltr'>aliis</span> <span class='ocrx_word' id='word_1_857' title='bbox 2149 4906 2493 4970; x_wconf 81' lang='lat' dir='ltr'>rebuspubllcis</span> <span class='ocrx_word' id='word_1_858' title='bbox 2504 4944 2518 4970; x_wconf 87' lang='lat'><strong>,</strong></span> <span class='ocrx_word' id='word_1_859' title='bbox 2535 4918 2655 4970; x_wconf 85' lang='lat' dir='ltr'>quas</span> <span class='ocrx_word' id='word_1_860' title='bbox 2672 4906 3167 4956; x_wconf 79' lang='lat' dir='ltr'>commemoravimus.</span> <span class='ocrx_word' id='word_1_861' title='bbox 3188 4910 3369 4957; x_wconf 78' lang='lat' dir='ltr'>Eorum</span> <span class='ocrx_word' id='word_1_862' title='bbox 3388 4911 3569 4971; x_wconf 85' lang='lat' dir='ltr'>autem,</span> 
     </span>
     <span class='ocr_line' id='line_1_108' title="bbox 2026 4977 3572 5052; baseline 0.002 -19"><span class='ocrx_word' id='word_1_863' title='bbox 2026 4999 2136 5050; x_wconf 80' lang='lat' dir='ltr'>quoe</span> <span class='ocrx_word' id='word_1_864' title='bbox 2159 4985 2460 5049; x_wconf 85' lang='lat' dir='ltr'>optimatium</span> <span class='ocrx_word' id='word_1_865' title='bbox 2477 4977 2792 5048; x_wconf 73' lang='lat' dir='ltr'>principatum</span> <span class='ocrx_word' id='word_1_866' title='bbox 2815 4987 2864 5034; x_wconf 89' lang='lat' dir='ltr'>et</span> <span class='ocrx_word' id='word_1_867' title='bbox 2883 4985 3097 5049; x_wconf 86' lang='lat' dir='ltr'>politiam</span> <span class='ocrx_word' id='word_1_868' title='bbox 3121 4985 3263 5035; x_wconf 83' lang='lat' dir='ltr'>tinem</span> <span class='ocrx_word' id='word_1_869' title='bbox 3282 4987 3370 5036; x_wconf 83' lang='lat' dir='ltr'>sibi</span> <span class='ocrx_word' id='word_1_870' title='bbox 3393 5001 3572 5052; x_wconf 85' lang='lat' dir='ltr'>propo·</span> 
     </span>
     <span class='ocr_line' id='line_1_109' title="bbox 2026 5061 3571 5126; baseline 0.001 -13"><span class='ocrx_word' id='word_1_871' title='bbox 2026 5064 2171 5113; x_wconf 84' lang='lat' dir='ltr'>situm</span> <span class='ocrx_word' id='word_1_872' title='bbox 2207 5062 2411 5124; x_wconf 79' lang='lat' dir='ltr'>babent,</span> <span class='ocrx_word' id='word_1_873' title='bbox 2441 5063 2613 5125; x_wconf 87' lang='lat' dir='ltr'>partim</span> <span class='ocrx_word' id='word_1_874' title='bbox 2649 5061 2842 5125; x_wconf 85' lang='lat' dir='ltr'>quidem</span> <span class='ocrx_word' id='word_1_875' title='bbox 2870 5062 2930 5111; x_wconf 88' lang='lat' dir='ltr'>ad</span> <span class='ocrx_word' id='word_1_876' title='bbox 2961 5063 3125 5125; x_wconf 88' lang='lat' dir='ltr'>populi</span> <span class='ocrx_word' id='word_1_877' title='bbox 3153 5065 3443 5126; x_wconf 80' lang='lat' dir='ltr'>potentiam,</span> <span class='ocrx_word' id='word_1_878' title='bbox 3476 5065 3571 5115; x_wconf 84' lang='lat' dir='ltr'>alia</span> 
     </span>
     <span class='ocr_line' id='line_1_110' title="bbox 2028 5140 3572 5207; baseline 0 -15"><span class='ocrx_word' id='word_1_879' title='bbox 2028 5155 2143 5192; x_wconf 83' lang='lat' dir='ltr'>vero</span> <span class='ocrx_word' id='word_1_880' title='bbox 2159 5140 2220 5191; x_wconf 84' lang='lat' dir='ltr'>ad</span> <span class='ocrx_word' id='word_1_881' title='bbox 2237 5153 2500 5204; x_wconf 81' lang='lat' dir='ltr'>paucorum</span> <span class='ocrx_word' id='word_1_882' title='bbox 2518 5140 2813 5191; x_wconf 78' lang='lat' dir='ltr'>dominatum</span> <span class='ocrx_word' id='word_1_883' title='bbox 2834 5141 2982 5204; x_wconf 77' lang='lat' dir='ltr'>magis</span> <span class='ocrx_word' id='word_1_884' title='bbox 2998 5141 3254 5192; x_wconf 83' lang='lat' dir='ltr'>declinant.</span> <span class='ocrx_word' id='word_1_885' title='bbox 3284 5144 3431 5207; x_wconf 77' lang='lat' dir='ltr'>Reges</span> <span class='ocrx_word' id='word_1_886' title='bbox 3443 5143 3572 5193; x_wconf 86' lang='lat' dir='ltr'>enim</span> 
     </span>
    </p>
   </div>
  </div>
 </body>
</html>
