4016 5916
1625 401 2122 465 FRAGMENTA.

280 545 745 630 περιὸεόλημίνος·
774 543 885 604 inti
910 539 1045 602 κατά
1065 563 1124 620 γε
1144 537 1235 610 τὴν
1260 535 1437 617 χώραν
1466 534 1554 594 καὶ
1581 533 1671 600 τὰς
1685 556 1834 615 στρα·

279 637 420 704 τείας
444 635 761 705 ἀνυπόδητος
783 631 864 691 ἀεὶ
889 631 983 706 ψκαὶ
1010 625 1197 706 γυμνὸς
1221 624 1469 696 ἐόάδιζεν,
1492 624 1537 681 εἷ
1559 620 1633 699 μὴ
1672 623 1837 702 ψῦχος

279 724 614 807 ὓπερὸάλλον
637 721 716 795 εἴη
741 719 830 779 καὶ
851 713 1278 796 δυσκαρτέρητον,
1296 710 1429 770 ὥστε
1451 708 1539 770 καὶ
1566 708 1837 777 παίζοντας

281 812 387 884 ἤδη
412 810 528 878 τοὺς
552 804 983 890 στρατευομένους
1013 803 1220 881 (συστρ.
1249 800 1397 875 conj.
1423 800 1587 858 Gent.
1608 800 1624 871 )
1648 793 1837 872 σύμὸο-

283 900 377 956 λον
408 897 640 975 μεγάλου
661 897 916 953 ποιεῖσθαι
933 891 1187 969 χειμῶνος
1201 882 1525 963 ἰνδεδυμίνον
1554 881 1836 944 Φωκίωνα.

282 989 373 1048 Cf.
407 985 686 1044 Plutarch.
711 981 1127 1065 Apopbthegm.
1158 1009 1219 1068 p.
1253 988 1383 1062 ¹87,
1404 989 1464 1054 F·

622 1121 716 1180 23.
751 1121 869 1195 (01.
910 1116 1205 1188 115,3;0.
1237 1117 1298 1172 C.
1328 1110 1498 1188 3182)

371 1256 461 1313 Id.
500 1254 643 1311 ibid.
685 1272 736 1310 c.
782 1272 847 1323 17
884 1270 898 1310 τ
941 1247 1008 1309 Ὁ
1030 1252 1151 1328 γοῦν
1181 1251 1362 1325 Δοῦρις
1402 1243 1626 1323 εἴρηκεν,
1651 1246 1719 1309 ὡς
1748 1241 1837 1318 μί.

290 1365 386 1420 γας
438 1338 707 1420 γενόμενος
749 1332 1125 1417 (Ἀλέξανδρος)
1175 1333 1265 1392 καὶ
1314 1332 1534 1413 Δαρείου
1579 1330 1843 1412 κρατήσας

294 1426 470 1510 δι’φεὶλε
507 1430 606 1485 τῶν
651 1426 936 1484 ἐπιστολῶν
979 1423 1039 1481 τὸ
1080 1422 1395 1502 Χαίρειν,
1436 1418 1571 1490 πλὴν
1600 1422 1652 1478 ἐν
1699 1415 1844 1483 ὅσαις

292 1515 484 1597 ἔγραφε
503 1512 972 1585 Φωκίωνι,τοῧτον
998 1508 1051 1569 δὲ
1076 1507 1256 1585 μόνον,
1286 1504 1464 1585 ὥσπερ
1493 1504 1843 1587 Ἀντίπατρον,

295 1601 428 1681 μετὰ
449 1608 540 1663 τοῦ
566 1599 836 1681 Χαίρειν
858 1595 1227 1678 προσηγόρευε.
1267 1595 1437 1656 Τοῦτο
1461 1589 1515 1652 δὲ
1546 1591 1634 1652 καὶ
1661 1592 1846 1674 Χάρης

292 1690 536 1770 ἱστόρηκε
571 1690 678 1766 (fr.
718 1689 790 1755 46
822 1684 857 1762 ).

372 1779 459 1837 Cf.
489 1779 693 1835 AElian.
724 1781 792 1834 V.
825 1777 896 1831 Η.
922 1777 983 1843 1,
1011 1772 1105 1829 25.
1138 1775 1442 1829 Damnatus
1469 1771 1721 1827 Phocion
1753 1771 1842 1828 01.

303 1866 433 1938 115,
462 1867 517 1926 3.
547 1865 791 1922 Diodor.
825 1864 1032 1932 XVIII,
1065 1862 1161 1931 67.

627 2000 720 2059 24.
756 1991 879 2068 (01.
913 1989 1042 2059 115,
1072 1996 1138 2066 4ς
1166 2007 1217 2047 0.
1256 1988 1318 2045 C.
1353 1985 1516 2062 317.)

378 2128 673 2184 Athenaeus
689 2125 851 2194 XIII,
871 2142 933 2198 p.
966 2122 1101 2191 560,
1117 2122 1162 2178 F
1183 2138 1198 2175 τ
1222 2122 1404 2195 Δοῦρις
1424 2116 1466 2174 δ’
1490 2119 1518 2174 ὁ
1543 2115 1740 2191 Σάμιος
1758 2113 1846 2173 καὶ

261 2265 268 2274 .
300 2215 504 2294 πρῶτον
538 2208 772 2288 γενέσθαι
797 2206 1022 2284 πόλεμόν
1053 2228 1178 2286 φησι
1206 2202 1296 2262 δύο
1327 2206 1603 2282 γυναικῶν,
1646 2201 1850 2279 Ὀλυμ-

301 2299 479 2366 πιάδος
510 2297 599 2357 καὶ
635 2295 950 2376 Εὖρύδίκης·
1000 2297 1052 2352 ἐν
1098 2284 1142 2375 ᾧ
1187 2292 1280 2365 τὴν
1324 2290 1420 2368 μὲν
1464 2288 1847 2372 βακχικώτερον

299 2385 434 2465 μετὰ
477 2383 762 2463 τυμπάνων
804 2383 1086 2463 προελθεῖν,
1117 2379 1212 2451 τὴν
1247 2379 1293 2438 δ’
1341 2377 1625 2458 Εὐρυδίκην
1668 2380 1848 2440 Μακε·

303 2468 510 2532 δονικῶς
530 2462 984 2540 καθωπλισμένην,
1002 2460 1313 2536 ἀσκηθεῖσαν
1341 2458 1407 2515 τὰ
1425 2453 1684 2534 πολεμικὰ
1707 2454 1851 2535 παρὰ

307 2552 543 2631 Κυννάνῃ
567 2554 632 2631 τῇ
659 2549 919 2629 Ἰλλυρίδι.
947 2550 1032 2609 Cf.
1062 2552 1336 2624 Droysen.
1367 2548 1408 2606 l.
1428 2548 1467 2605 l.
1487 2565 1548 2621 p.
1584 2551 1689 2613 ²44
1723 2563 1847 2619 sqq.

646 2672 741 2730 25.
790 2674 904 2750 (01.
937 2672 1074 2742 116,
1113 2691 1162 2728 1.
1197 2689 1250 2727 a.
1284 2671 1343 2727 C.
1369 2667 1536 2744 316.)

386 2806 584 2864 Strabo
613 2808 673 2876 1,
709 2823 770 2879 p.
810 2803 885 2859 60
920 2819 936 2861 t
967 2803 1150 2880 Δοῦρις
1185 2795 1240 2856 δὲ
1269 2796 1361 2863 τὰς
1396 2794 1595 2876 Ῥάγας
1625 2795 1852 2876 (Ῥαγάο

310 2894 401 2960 δας
421 2891 562 2972 vgo)
585 2890 677 2957 τὰς
705 2887 840 2948 κατὰ
869 2886 1081 2961 Μηδίαν
1110 2884 1410 2963 ὠνομάσθαι
1438 2884 1592 2967 φησὶν
1616 2883 1718 2943 ὑπὸ
1750 2908 1854 2944 σει·

310 2984 456 3059 σμῶν
481 2978 721 3062 ῥαγείσης
746 2982 839 3049 τῆς
855 2976 975 3057 περὶ
995 2975 1084 3042 τὰς
1116 2973 1356 3041 Κασπίας
1377 2973 1541 3039 πύλας
1569 2978 1663 3052 γῆς
1678 3020 1694 3046 ,
1723 2972 1858 3033 ὥστε

312 3069 673 3147 ἀνατραπῆναι
707 3065 883 3132 πόλεις
909 3061 1101 3143 συχνὰς
1135 3060 1225 3121 καὶ
1253 3060 1433 3138 κώμας
1461 3060 1551 3118 καὶ
1593 3060 1861 3139 ποταμοὺς

311 3156 547 3221 ποικίλας
576 3150 868 3230 μεταὸολὰς
895 3150 1156 3219 δέξασθαι.
1180 3151 1263 3209 Cf.
1287 3153 1489 3207 Strabo
1513 3153 1617 3220 xl,
1638 3170 1698 3226 p.
1721 3151 1856 3225 539.

3353 401 3465 453 ⁴73

2264 548 2359 605 26.
2410 544 2524 620 (01.
2562 545 2691 617 116,
2722 564 2784 616 23
2813 562 2864 603 a.
2897 544 2958 600 C.
2984 544 3150 618 315.)

2224 709 2267 763 E
2307 705 2530 764 110110
2568 704 2849 761 Decimo
2890 703 3190 775 omme.

2004 865 2195 923 Schol.
2226 864 2414 938 Apoll.
2440 863 2552 918 Rh.
2584 862 2686 936 IV,
2715 860 2825 926 264
2861 880 2874 915 ε
2898 861 3081 935 Δοῦρις
3109 853 3163 913 δὲ
3193 855 3244 914 ἐν
3264 854 3491 931 πέμπτω

1928 950 2017 1009 καὶ
2046 949 2248 1030 δεκάτῳ
2275 951 2377 1006 τῶν
2399 947 2792 1017 Μακεδονικῶν,
2833 943 3059 1024 Ἀρκάδα
3107 943 3280 1022 φησὶν,
3320 942 3404 1024 ἄρ’

1926 1043 1960 1111 ἡ
1988 1035 2233 1117 Ἀρκαδία
2262 1035 2532 1106 καλεῖται,
2564 1032 2887 1113 Ὀρχομενοῦ
2926 1030 3062 1090 υίόν·
3100 1032 3179 1089 διὸ
3215 1030 3303 1089 καὶ
3344 1031 3490 1089 πόλιν

1927 1129 2021 1197 τῆς
2047 1122 2317 1205 Ἀρκαδίας
2333 1120 2679 1201 Ὀρχομενόν.

2010 1216 2077 1270 111
2096 1214 2272 1270 schol.
2296 1212 2486 1269 Aldin.
2505 1213 2563 1266 in
2579 1210 2865 1284 Aristoph.
2885 1210 3036 1267 Nub.
3058 1208 3165 1283 397
3188 1209 3305 1264 haec
3317 1218 3492 1264 trans·

1932 1302 2059 1357 tulit
2086 1302 2345 1357 Musurns
2361 1341 2377 1369 ,
2403 1300 2502 1354 nbi
2529 1317 2637 1372 pro
2677 1295 2828 1353 πόλιν
2866 1315 3163 1371 perperam
3188 1295 3359 1352 habes
3391 1315 3494 1351 πο·

1931 1384 2121 1464 ταμόν.
2148 1386 2405 1443 Ceterum
2433 1383 2507 1440 cf.
2535 1384 2842 1440 Aristotelis
2871 1383 2938 1440 fr.
2965 1382 3060 1456 89.
3083 1413 3161 1424 —
3182 1383 3495 1458 Fragmen-

1934 1485 2051 1530 tum
2070 1473 2143 1531 ad
2163 1483 2381 1548 captam
2405 1491 2436 1529 a
2456 1471 2765 1529 Cassandro
2794 1471 3217 1528 Orchomenum
3236 1469 3382 1526 bene
3403 1487 3495 1528 re-

1934 1563 2059 1618 tulit
2083 1563 2461 1618 nunt-manus.

2666 1719 2761 1770 27.

2254 1858 2295 1912 E
2334 1858 2560 1914 LIBRO
2600 1857 2880 1913 DECIMO
2922 1857 3182 1917 SEXTO.

2016 2018 2312 2073 Athenaeus
2329 2018 2467 2085 xli,
2501 2035 2562 2091 p.
2593 2016 2728 2086 542,
2746 2017 2789 2073 C
2815 2035 2828 2071 τ
2859 2014 3156 2094 Δημήτριος
3178 2014 3231 2074 δὲ
3255 2019 3283 2075 ὁ
3311 2018 3504 2088 Φαλη·

1939 2100 2080 2183 ρεὶις,
2099 2099 2167 2169 ὥς
2191 2125 2317 2182 φησι
2338 2107 2522 2179 Δοῦρις
2556 2104 2607 2161 ἐν
2635 2107 2699 2182 τῇ
2723 2103 3066 2182 ἑκκαιδεκάτῃ
3086 2107 3189 2162 τῶν
3217 2101 3261 2163 ‘1
3267 2108 3501 2184 στοριῶν,

1935 2189 2119 2269 χιλίων
2142 2188 2230 2247 καὶ
2257 2189 2529 2249 διακοσίων
2548 2190 2814 2247 ταλάντων
2834 2194 2950 2248 κατ’
2976 2190 3203 2248 ἐνιαυτὸν
3225 2190 3395 2269 κύριος
3416 2213 3503 2269 γε·

1938 2275 2178 2352 νόμενρς,
2210 2276 2300 2335 καὶ
2345 2277 2450 2335 ἀπὸ
2485 2275 2679 2335 τούτων
2725 2277 2925 2356 βραχέα
2979 2280 3223 2335 δαπανῶν
3261 2279 3331 2344 εἰς
3383 2276 3503 2344 τοὺς

1941 2360 2262 2442 στρατιώτας
2309 2361 2397 2421 καὶ
2423 2361 2516 2433 τὴν
2563 2368 2655 2433 τῆς
2685 2363 2884 2430 πόλεως
2928 2364 3197 2436 διοίκησιν,
3234 2362 3301 2422 τὰ
3343 2362 3504 2421 λοιπὰ

1946 2452 2120 2509 πάντα
2150 2449 2235 2509 διὰ
2273 2449 2367 2520 τὴν
2408 2450 2632 2528 ἔμφυτον
2661 2450 2917 2529 ἀκρασίαν
2948 2450 3162 2531 ἠφάνιζε
3181 2497 3198 2526 ,
3243 2450 3412 2516 θοίνας
3446 2474 3503 2509 τε

1941 2542 2057 2598 καθ’
2076 2537 2302 2611 ἱκάστην
2325 2537 2524 2617 ἡμέραν
2549 2538 2795 2619 λαμπρὰς
2818 2540 3087 2613 ἐπιτελῶν,
3121 2538 3212 2597 καὶ
3237 2537 3431 2609 πλῆθός
3456 2562 3506 2595 τι

1944 2625 2258 2685 συνδείπνων
2306 2625 2469 2705 ἔχων·
2513 2625 2603 2684 καὶ
2632 2630 2745 2693 ταῖς
2780 2624 2873 2702 μὲν
2904 2624 3160 2694 δαπάναις
3201 2625 3314 2692 ταῖς
3342 2627 3414 2693 εἷς
3440 2625 3507 2683 τὰ

1944 2714 2126 2772 δεῖπνα
2155 2711 2273 2781 τοὺς
2297 2712 2605 2780 Μακεδόνας
2630 2712 2951 2793 ὓπερέὸαλε,
2980 2718 3045 2793 τῇ
3076 2712 3128 2772 δὲ
3170 2713 3507 2793 καθαριότητι

1949 2799 2211 2882 Κυπρίους
2251 2801 2341 2860 καὶ
2392 2801 2676 2868 Φοίνικας·
2716 2800 2959 2882 ῥάσματά
2990 2824 3045 2860 τε
3073 2800 3250 2883 μύρων
3293 2800 3506 2859 ἔπιπτεν

1947 2887 2035 2947 ini
2062 2887 2155 2962 τὴν
2186 2893 2305 2969 γῆν,
2339 2887 2517 2949 ἀνθινά
2552 2912 2606 2947 τε
2646 2889 2709 2947 τὰ
2739 2887 2909 2948 πολλὰ
2946 2893 3049 2948 τῶν
3104 2890 3303 2971 ἐδαφῶν
3332 2890 3385 2946 ἰν
3408 2889 3511 2954 τοῖς

1951 2978 2176 3060 ἀνδρῶσι
2202 2979 2628 3051 κατεσκευάζετο,
2659 2977 3123 3053 διαπεποικιλμένα
3145 2976 3246 3036 ὑπὸ
3266 2978 3511 3056 δημιουρ·

1947 3070 2073 3145 γῶν.
2099 3057 2278 3127 Ἦσαν
2294 3066 2348 3126 δὲ
2382 3066 2472 3125 καὶ
2496 3066 2620 3148 πρὸς
2646 3074 2894 3144 γυναῖκας
2916 3063 3115 3143 ὁμιλίαι
3144 3062 3514 3143 σιωπώμεναι,

1950 3152 2043 3212 καὶ
2060 3154 2342 3213 νεανίσκων
2371 3152 2553 3235 ἔρωτες
2580 3153 2895 3233 νυκτερινοὶ,
2928 3152 3016 3211 καὶ
3043 3156 3072 3211 ὁ
3099 3155 3202 3220 τοῖς
3226 3150 3401 3217 ἄλλοις
3435 3173 3513 3207 τι·

311 3245 513 3301 Sedem
539 3243 833 3319 fragmenti
877 3240 1085 3297 indicat
1109 3238 1351 3296 Diodor.
1393 3240 1563 3308 xlx,
1590 3245 1697 3313 44,
1759 3241 1857 3296 11111
1952 3240 2159 3318 θέμενος
2208 3240 2439 3318 θεσμοὺς·
2467 3240 2794 3320 Δημήτριος,
2831 3239 2923 3298 καὶ
2957 3237 3073 3306 τοὺς
3115 3238 3254 3318 βίους
3295 3238 3514 3310 τάττων,

314 3351 367 3389 v.
388 3333 709 3405 wesseling.

1953 3328 2330 3402 ἀνομοθέτητον
2361 3330 2532 3407 ἐαυτῷ
2561 3328 2649 3385 τὸν
2692 3328 2801 3406 βίον
2848 3325 3243 3395 κατεσκεύαζεν.
3286 3324 3517 3401 Ἐπεμε-

1902 3381 1912 3460 Ι
1953 3415 2094 3473 λεῖτο
2122 3415 2175 3472 δὲ
2207 3414 2296 3472 καὶ
2319 3420 2410 3485 τῆς
2446 3416 2638 3496 ὅψεως,
2667 3414 2760 3485 τήν
2804 3437 2857 3472 τε
2886 3413 3042 3495 τρίχα
3071 3414 3166 3484 τὴν
3209 3412 3295 3471 ἐπὶ
3319 3416 3410 3481 τῆς
3437 3433 3516 3469 κε·

315 3577 445 3627 blico
472 3575 742 3637 lavantem,
775 3587 864 3624 nec
893 3588 1087 3623 manum
1119 3578 1255 3624 extra
1287 3578 1512 3640 pallium,
1545 3578 1584 3628 si
1611 3593 1668 3628 eo
1702 3580 1869 3629 amici·
1957 3581 2150 3643 Caspias
2179 3584 2367 3642 portas,
2388 3581 2752 3644 compluresque
2771 3593 2947 3630 eversae
2971 3579 3112 3628 urbes
3130 3579 3177 3628 et
3197 3578 3328 3641 pagi,
3352 3589 3408 3625 ac
3423 3575 3516 3623 tlu-

319 3654 468 3715 retur,
492 3652 815 3715 exserentem3
839 3651 1014 3701 etenim
1045 3651 1144 3701 ruri
1163 3654 1249 3703 aut
1280 3654 1467 3707 militiae
1499 3656 1656 3705 nudus
1684 3669 1871 3719 semper

320 3731 368 3780 et
385 3730 567 3793 absque
597 3730 768 3780 calceis
793 3728 1073 3791 incedebat,
1109 3730 1199 3781 nisi
1218 3731 1364 3794 frigus
1394 3733 1867 3783 vehementissimum

320 3812 370 3859 et
402 3808 697 3859 intolerabile
726 3807 997 3871 incidisset,
1031 3807 1098 3857 ita
1127 3809 1182 3858 ut
1214 3822 1298 3871 per
1320 3810 1483 3872 jocum
1515 3812 1659 3861 etiam
1697 3812 1871 3861 milites

319 3885 562 3937 intensum
584 3886 693 3948 gelu
713 3883 966 3948 significari
982 3885 1158 3935 amicto
1182 3887 1417 3937 Phocione
1444 3888 1672 3937 dicerent.

1052 3984 1138 4033 23.

387 4068 528 4118 Duris
548 4070 717 4119 auctor
731 4072 802 4120 eet
821 4070 1164 4133 Alexandrum,
1183 4085 1335 4135 quum
1344 4071 1445 4135 jam
1464 4071 1591 4121 victo
1611 4072 1754 4122 Dario
1768 4085 1873 4121 ma-

323 4159 445 4208 gnus
461 4149 584 4197 esset
599 4182 617 4209 ,
633 4150 682 4197 111
700 4149 908 4212 epistolis
924 4150 1023 4201 suis
1040 4152 1217 4201 nemini
1230 4152 1445 4201 salutem
1470 4152 1739 4213 ascripsisse
1751 4188 1765 4212 ,
1787 4151 1875 4200 nisi

327 4223 365 4271 si
386 4235 506 4284 quas
517 4224 757 4287 scripoerit
787 4226 1009 4277 Phocioni
1027 4248 1042 4278 ι
1065 4229 1193 4278 110110
1208 4242 1358 4277 unum
1381 4229 1555 4291 pariter
1572 4230 1718 4291 atque
1737 4228 1873 4277 Anti-

328 4302 522 4361 patrum
547 4300 689 4352 t'uiese
711 4317 832 4367 quos
859 4306 1104 4368 praemissa
1134 4307 1287 4356 salute
1316 4306 1593 4369 appellaret.
1662 4305 1791 4356 idem
1827 4308 1878 4354 ct

327 4376 507 4426 cliares
523 4380 765 4429 1001001110
782 4381 1007 4444 prodidit.

397 4577 534 4626 Duris
547 4578 737 4627 Samius
776 4581 844 4630 ait
882 4580 1090 4643 primum
1123 4594 1154 4629 a
1176 4579 1452 4631 mulieribus
1478 4584 1661 4645 gestum
1698 4581 1878 4632 bellum

332 4651 476 4703 ruisse
498 4653 793 4719 Olympiadis
818 4658 867 4707 et
898 4657 1187 4719 Eurydicen
1225 4658 1275 4707 in
1310 4671 1410 4721 quo
1441 4657 1777 4721 Olympiadem
1815 4661 1882 4709 ait

334 4731 618 4784 Baoehantis
652 4736 801 4798 magis
840 4735 888 4784 in
920 4749 1104 4785 morem
1141 4750 1251 4786 cum
1283 4737 1520 4801 tympania
1541 4750 1643 4788 eece
1665 4752 1880 4801 progres-

333 4821 462 4870 sam,
491 4809 756 4873 Eurydicen
778 4825 894 4862 vero
924 4813 1232 4863 Macedonico
1255 4826 1390 4864 more
1412 4817 1646 4866 armatam
1662 4852 1678 4877 ,
1698 4817 1754 4866 nt
1772 4830 1883 4878 qum

334 4883 382 4932 in
401 4898 501 4934 rem
519 4886 740 4936 bellicam
753 4886 898 4937 etiam
909 4890 1168 4939 exercitata
1181 4890 1342 4940 suisset
1351 4890 1481 4953 apud
1496 4895 1753 4954 Cynnanen
1773 4891 1887 4954 llly-

336 4959 498 5010 ricem.

1066 5032 1155 5082 25.

400 5125 542 5176 Duris
572 5128 754 5189 Bliagas
770 5166 785 5190 ,
809 5141 918 5191 qum
949 5128 999 5178 in
1031 5129 1186 5180 Media
1209 5132 1348 5194 sunt,
1369 5144 1544 5181 nomen
1579 5132 1690 5183 inde
1711 5133 1887 5184 habere

335 5201 436 5264 ait,
456 5202 588 5267 quod
619 5206 760 5254 terrae
794 5206 1005 5256 motibus
1037 5210 1177 5270 rupta
1206 5209 1345 5259 suerit
1362 5209 1585 5275 (ἐρράγη)
1609 5212 1735 5262 terra
1757 5212 1884 5275 apud

1954 3658 2154 3708 viorum
2173 3659 2319 3708 variae
2335 3658 2583 3708 inciderint
2604 3658 2908 3708 mutatIones.

2690 3781 2779 3832 26.

2023 3889 2162 3937 Duris
2178 3888 2300 3938 libro
2319 3887 2505 3938 decimo
2523 3887 2692 3951 quinto
2713 3890 2779 3937 De
2799 3886 2940 3936 rebus
2956 3883 3268 3935 Macedonum
3287 3886 3353 3935 ait
3372 3889 3518 3935 Arca-

1960 3965 2096 4026 dem,
2113 3979 2140 4014 a
2164 3978 2260 4029 quo
2281 3966 2481 4016 Arcadia
2504 3978 2678 4014 nomen
2697 3965 2844 4014 habet
2860 4001 2875 4026 ,
2900 3963 3191 4015 orchomeni
3209 3964 3361 4013 filium
3388 3975 3516 4022 esse3

1962 4041 2071 4092 inde
2092 4042 2237 4092 etiam
2258 4043 2426 4092 urbem
2444 4042 2656 4093 Arcadiae
2675 4042 3057 4092 Orchomenum.

2695 4170 2784 4220 27.

2028 4277 2298 4328 Demetrius
2322 4276 2605 4338 Phalereus,
2624 4280 2679 4326 ut
2707 4276 2848 4327 Duris
2874 4278 3034 4324 narrat
3054 4274 3369 4323 Historiarum
3396 4274 3517 4323 libro

1964 4353 2156 4404 decimo
2178 4355 2344 4416 sexto,
2368 4367 2519 4416 quum
2547 4353 2677 4403 mille
2697 4357 2746 4404 et
2776 4353 2984 4403 ducenta
2996 4351 3176 4401 talenta
3194 4351 3452 4413 quotannis
3476 4351 3522 4400 ei

1965 4430 2202 4493 redirent,
2218 4431 2439 4493 exiguam
2456 4429 2602 4492 liuius
2619 4443 2820 4478 summm
2841 4430 3025 4491 partem
3050 4426 3100 4477 ln
3115 4427 3321 4476 militum
3339 4428 3520 4490 stipen-

1964 4507 2047 4557 dia
2059 4511 2108 4558 et
2126 4507 2173 4556 in
2195 4507 2401 4557 civitatis
2419 4506 2649 4569 impendit
2666 4505 3143 4564 administrationem
3164 4503 3348 4567 reliqua
3361 4505 3521 4554 omnia

1966 4600 2054 4649 pro
2076 4585 2218 4636 insita
2239 4585 2328 4635 sibi
2352 4586 2714 4647 intemperantia
2730 4585 2956 4647 profudit,
2978 4584 3120 4646 epula
3134 4582 3347 4645 quotidie
3365 4584 3521 4647 splen-

1966 4665 2080 4715 dida
2098 4678 2270 4727 magno
2293 4666 2605 4714 convivarum
2626 4676 2824 4713 numero
2851 4663 3109 4725 exhibeam
3128 4666 3177 4712 et
3198 4664 3394 4725 sumptu
3414 4662 3522 4724 qui-

1968 4741 2080 4791 dem
2112 4741 2159 4791 in
2178 4755 2339 4791 coenas
2368 4743 2493 4791 l'acto
2531 4740 2813 4791 Macedonas
2844 4741 3113 4805 superavit,
3146 4739 3378 4801 elegantia
3409 4752 3523 4787 vero

1971 4821 2172 4883 Cyprios
2194 4824 2241 4870 et
2273 4820 2519 4870 Phoenices
2536 4838 2550 4882 3
2570 4822 2617 4870 et
2647 4822 2892 4882 unguenta
2921 4819 3114 4882 largiter
3132 4820 3180 4868 in
3207 4821 3384 4869 terram
3408 4830 3522 4881 pro·

1977 4897 2315 4961 tundebantur,
2352 4902 2401 4948 et
2436 4900 2587 4947 multa
2620 4898 2668 4947 in
2708 4897 2966 4947 coenaculie
2999 4898 3272 4961 pavimenta
3307 4898 3527 4947 iesse-laio

1970 4988 2114 5038 opere
2131 4974 2297 5025 florida
2321 4982 2369 5025 et
2385 4976 2634 5025 artificiose
2651 4976 2884 5038 variegata
2912 4979 3065 5027 erant.
3084 4978 3234 5026 Erant
3254 4988 3367 5025 vero
3380 4976 3524 5057 etiajp

1971 5052 2105 5102 taciti
2128 5066 2239 5102 011111
2264 5053 2541 5103 mulieribus
2562 5066 2867 5115 congressus,
2900 5056 2949 5102 01
2982 5053 3216 5114 juvenum
3240 5065 3426 5102 amores
3443 5066 3526 5101 no·

1972 5133 2158 5195 cturnl;
2182 5136 2230 5183 et
2252 5132 2335 5196 qui
2353 5133 2457 5183 aliis
2481 5134 2604 5196 leges
2628 5132 2948 5196 sumptuarias
2982 5132 3219 5181 scribebat
3262 5132 3529 5181 Demetrius

1974 5211 2217 5276 vitamque
2238 5225 2405 5263 eorum
2425 5212 2780 5276 moderabatur,
2803 5211 2926 5261 idem
2946 5203 3033 5261 sibi
3048 5212 3145 5274 ipse
3158 5227 3175 5260 1
3189 5213 3301 5262 110111
3325 5212 3528 5275 elegerat
