4016 5916
1483 430 1986 566 DURIS
2091 426 2748 566 SAMIUS.

595 905 764 960 Duris
786 901 998 958 Samius
1016 943 1032 970 ,
1050 901 1220 956 frater
1250 902 1458 972 Lyncei
1478 898 1571 976 (ι),
1605 919 1674 956 eo
1699 902 2073 957 Historiarum

516 992 645 1047 loco
662 1033 678 1060 ,
708 1009 822 1064 quo
853 988 924 1044 de
951 989 1168 1045 solenni
1192 989 1297 1042 isto
1313 986 1622 1043 Alcibiadis
1643 990 1697 1042 in
1723 990 1962 1062 patriam
1984 1007 2075 1044 re·

581 1161 649 1220 (ί)
664 1160 918 1210 Athenaeus
928 1161 1011 1220 lv,
1029 1172 1075 1222 p.
1103 1165 1208 1222 128,
1230 1162 1582 1224 ΑεἸππόλοχος
1599 1162 1626 1208 ό
1650 1161 1957 1211 Μακεδὼν....
1982 1165 2078 1216 τοῖς

518 1231 699 1295 χρόνοις
734 1231 816 1292 μἐν
839 1231 997 1291 γέγονε
1030 1231 1152 1279 κατὰ
1188 1232 1379 1292 Λυγκέα
1404 1233 1484 1280 καί
1519 1234 1683 1293 Δοῦριν
1716 1230 1822 1286 τοὺς
1854 1230 2076 1293 Σαμίους,

519 1300 813 1363 Θεοφράστου
836 1300 884 1348 δὲ
902 1304 985 1348 τοῦ
1003 1299 1210 1363 Ἐρεσίου
1230 1301 1449 1364 μαθητάς.

581 1371 713 1421 Idem
731 1371 865 1429 vm,
888 1382 936 1431 p.
954 1373 1041 1419 337
1058 1406 1071 1428 ,
1097 1373 1137 1419 D
1159 1390 1172 1420 ι
1193 1372 1402 1432 Λυγκεὺς
1437 1370 1477 1419 δ’
1498 1370 1525 1418 ό
1561 1369 1857 1432 Θεοφράστου
1889 1368 1972 1432 μὲν
1992 1386 2079 1432 μα·

520 1443 657 1500 θητής
670 1478 685 1502 ,
707 1440 920 1502 Δούριδος
939 1440 986 1489 δὲ
1008 1440 1194 1502 ἀδελφὸς
1212 1447 1293 1491 τοῦ
1312 1442 1393 1498 τὰς
1413 1438 1616 1503 ἱστορίας
1633 1440 1888 1503 γράψαντος
1908 1441 1986 1488 καὶ
2004 1456 2078 1487 τυ·

519 1513 825 1576 ραννὴσαντος
841 1515 920 1570 τῆς
943 1510 1175 1572 πατρίδος.

581 1580 751 1632 Suidas
777 1580 1010 1642 ιΛυγκεὺς
1023 1616 1038 1640 ,
1059 1579 1230 1644 Σάμιος
1244 1615 1258 1641 ,
1277 1578 1621 1642 γραμματικός,
1647 1580 1943 1644 θεοφρσὶστου
1960 1578 2081 1640 γνώ-

521 1667 652 1714 ριμος
666 1687 681 1713 ,
705 1650 897 1713 ἀδελφὸς
917 1650 1133 1712 Δούριδος
1152 1654 1235 1698 τοῦ
1258 1648 1607 1712 ἱστοριογράφου
1634 1653 1716 1699 τοῦ
1753 1651 1831 1699 καὶ
1859 1649 2079 1713 τυραννή-

520 1736 686 1776 σαντος
705 1720 880 1782 Σάμου.
900 1722 1154 1782 Σύγχρονος
1177 1720 1226 1768 δὲ
1246 1720 1431 1781 γέγονεν
1449 1718 1693 1780 όΛυγκεὺς
1717 1718 1977 1780 Μενάνδρου
1997 1722 2081 1767 τοῦ

430 1829 434 1833 »
521 1793 734 1852 κωμικοῦ
751 1789 850 1851 (qni
865 1788 984 1838 obiit
996 1789 1072 1838 Ol.
1094 1795 1198 1849 122,
1211 1794 1260 1849 2,
1274 1801 1315 1837 a.
1332 1791 1386 1838 C.
1401 1788 1622 1850 291),καὶ
1636 1788 1976 1845 ἀντεπεδείξατο
1990 1804 2078 1837 κω*

524 1859 700 1924 μῳδίας
719 1859 799 1907 καὶ
822 1859 1024 1917 ἐνίκησε.

583 1928 956 1991 Distinguendus
972 1942 1001 1977 a
1027 1928 1187 1978 Samio
1206 1929 1277 1978 est
1295 1927 1439 1978 Duris
1458 1929 1610 1979 Elaita
1622 1966 1637 1989 ,
1657 1928 1816 1979 Nostri
1831 1928 1906 1978 vel
1920 1939 2081 1989 aequa·

521 2001 582 2050 lis
597 2001 674 2049 vel
689 2010 867 2061 suppar
882 2000 1025 2048 aetate
1044 2017 1057 2047 ι

583 2069 810 2132 Stephan-
845 2069 942 2129 Byz
967 2086 981 2116 ε
1004 2066 1261 2130 Ἔφεσος...
1299 2066 1359 2116 Ἡ
1389 2067 1439 2116 δὲ
1460 2066 1591 2124 πόλις
1610 2067 1657 2116 ἐν
1675 2067 1820 2130 κοίλῳ
1839 2065 1970 2128 τόπῳ
1992 2080 2080 2113 κα·

523 2142 811 2191 τοικισθεϊσα
849 2142 1078 2201 χειμῶνος
1114 2137 1420 2198 κατεκλύσθη,
1440 2139 1520 2186 καὶ
1563 2137 1736 2202 μυρίων
1758 2136 2081 2186 ἀποθανόντων

525 2211 800 2275 Λυσίμαχος
814 2210 895 2267 τὴν
909 2209 1040 2257 πόλιν
1057 2208 1299 2271 μετέθηκεν
1318 2208 1424 2256 ἔνθα
1440 2213 1536 2274 νῦν.
1557 2207 1779 2256 Ἐκάλεσε
1792 2209 1831 2256 δ’
1851 2204 2083 2272 Ἀρσινόην

526 2282 668 2340 αὗτήν
691 2280 785 2330 ἀπὸ
805 2284 885 2337 τῆς
907 2278 1123 2339 γυναικὸς
1156 2276 1408 2340 Ἀρσινόης·
1443 2276 1500 2326 οὗ
1523 2278 1875 2339 τελευτήσαντος
1901 2279 1932 2335 ἡ
1969 2291 2082 2339 προ-

524 2354 635 2417 τέρα
656 2353 816 2410 κλῆσις
839 2349 1082 2411 ἀνελήφθη.
1122 2348 1317 2410 Φέρεται
1357 2348 1406 2395 δὲ
1449 2347 1665 2410 Δούριδος
1706 2347 1976 2410 ἐπίγραμμα
1997 2349 2082 2394 τοῦ

525 2422 738 2473 Ἕλαΐτου
759 2422 823 2477 εἰς
841 2421 918 2469 τὸν
944 2418 1271 2482 κατακλυσμὸν
1296 2417 1459 2474 οὕτως·

633 2537 809 2598 Ἦέριαι
831 2534 1037 2597 νεφέλαι,
1064 2532 1203 2582 πόθεν
1216 2534 1362 2581 ὕδατα
1383 2532 1527 2596 πικρὰ
1549 2537 1739 2582 πιοῦσαι

709 2604 839 2652 νυκτὶ
863 2604 948 2652 σὺν
975 2602 1197 2665 ἀστεμφεῖ
1218 2602 1368 2651 πάντα
1382 2602 1723 2662 κατεκλύσατε;

648 2678 720 2725 Οὐ
737 2673 910 2729 Ans-51⁷2:
924 2706 939 2732 ,
963 2671 1158 2733 Ἐφέσου
1182 2671 1229 2719 δὲ
1252 2671 1311 2720 τὰ
1337 2672 1476 2736 μυρία
1493 2675 1624 2720 κεῖνα
1648 2670 1861 2728 ταλαίνης

711 2745 850 2794 αὔλια
871 2741 950 2790 καὶ
972 2740 1192 2804 μακάρων
1209 2742 1252 2796 ἐξ
1271 2743 1408 2790 ἐτέων
1430 2743 1617 2791 aream·

648 2821 742 2865 ποῦ
763 2815 811 2863 δὲ
831 2817 1065 2874 σαωτῆρες
1086 2811 1191 2860 τότε
1205 2811 1415 2874 δαίμονες
1434 2814 1630 2875 ἔτραπον
1649 2812 1805 2876 όμμα;

709 2884 778 2945 αἰ,
802 2882 853 2930 αἰ
863 2918 879 2943 ,
891 2881 976 2940 τήν
992 2881 1153 2930 Ἰάδων
1168 2883 1335 2931 πολλὸν
1353 2881 1638 2940 ἀοιδοτάτην.

650 2957 783 3004 κεῖνα
801 2952 847 3002 δὲ
867 2951 1044 3013 κύμασι
1062 2949 1216 3001 πάντα
1228 2952 1617 3015 κυλινδομένοισιν
1637 2954 1777 3017 ὁμοῖα

714 3022 806 3087 [εἰς
822 3022 911 3071 ἅλα
929 3022 1014 3070 σὺν
1031 3029 1257 3083 ποταμοῖς
1288 3023 1452 3086 ἔδραμε
1471 3024 1789 3088 πεπταμένοις.

589 3165 668 3215 Cf.
697 3161 951 3223 Antholog.
992 3163 1083 3221 lx,
1130 3164 1239 3223 424,
1271 3162 1434 3225 ibique
1460 3162 1648 3213 Jacobs.
1679 3163 1729 3212 in
1764 3164 1978 3213 annotat.
2015 3167 2085 3213 Ex

527 3239 664 3302 parte
681 3235 847 3287 eadem
860 3234 1006 3282 habes
1018 3247 1095 3295 ap.
1113 3233 1330 3282 Eustath.
1350 3232 1412 3282 ad
1423 3234 1617 3296 Dionys.
1628 3245 1676 3280 v.
1699 3238 1810 3296 823,
1831 3246 1878 3296 p.
1897 3239 1979 3284 261
2005 3234 2082 3283 ed.

529 3305 823 3368 Bernhardy.
843 3303 924 3355 Cf.
965 3302 1134 3352 suidas
1170 3307 1365 3367 ιΔοῦρις
1383 3315 1394 3328 ·
1422 3303 1569 3367 ὄνομα
1597 3308 1811 3360 ποιητοῦ.
1851 3302 2087 3352 Diodorus

528 3377 725 3440 quidam
751 3375 903 3425 Elaita
933 3373 981 3422 ἐν
1014 3372 1232 3436 ἐλεγείαις
1260 3386 1355 3422 nna
1377 3386 1487 3422 cum
1519 3372 1784 3434 Phylarcho
1804 3372 1892 3433 (tr.
1914 3372 1999 3433 34)
2025 3375 2087 3421 ci·

527 3450 661 3497 tatur
679 3442 934 3495 Parthenio
957 3453 998 3491 c.
1022 3448 1094 3492 15.
1113 3441 1329 3492 Eundem
1352 3454 1463 3490 cnm
1481 3441 1659 3490 Duride
1676 3454 1775 3491 esse
1793 3441 2022 3504 suspicor.

591 3518 946 3580 Lyncetopera
969 3514 1006 3561 l.
1029 3514 1308 3561 comnenus
1345 3524 1549 3574 quarum
1584 3524 1680 3561 una
1714 3513 1970 3575 Κένταυρος
2005 3523 2082 3574 ap.

529 3588 703 3639 Athen.
736 3588 886 3647 ΝΛ).
921 3589 1027 3645 131,
1051 3586 1105 3632 F.

592 3661 653 3709 n.
702 3657 849 3720 Περὶ
877 3654 1209 3716 Μενάνδρου
1235 3653 1359 3703 ibid.
1386 3656 1477 3713 vl,
1514 3665 1561 3715 p.
1585 3657 1674 3702 242
1712 3655 1749 3703 Β
1776 3667 1790 3701 ε
1815 3652 2024 3714 Λυγκεὺς
2047 3653 2085 3701 δ’

532 3730 580 3778 ἐν
598 3727 794 3789 δευτέρῳ
817 3727 928 3788 Περὶ
953 3723 1236 3786 Μενάνδρου·
1284 3742 1307 3766 «
1334 3723 1440 3773 Ἐπὶ
1466 3722 1658 3784 γελοίοις
1693 3724 1839 3786 (φησί)
1861 3722 1994 3779 δόξαν
2020 3725 2083 3772 εἰ·

531 3796 721 3856 ληφότες
748 3795 992 3852 Εὐκλείδης
1012 3795 1039 3843 ό
1061 3793 1305 3856 Σμικρίνου
1328 3794 1408 3842 καὶ
1431 3791 1671 3849 Φιλόξενος
1695 3795 1726 3850 ἠ
1748 3792 2054 3856 Πτερνοκοπίς
2072 3806 2085 3818 ·

533 3869 603 3917 ὧν
638 3867 665 3915 ό
701 3865 783 3927 μὲν
820 3864 1098 3923 Εὐκλείδης,
1132 3863 1527 3925 ἀποφθεγγόμενος
1576 3863 1662 3911 οὐκ
1707 3862 1867 3918 ἀνάξια
1908 3861 2086 3924 βιὸλίου

531 3937 613 3987 καὶ
638 3936 837 3998 μνήμης,
862 3934 909 3982 ἐν
933 3937 1027 3990 τοῖς
1050 3934 1203 3989 ἀλλοις
1214 3931 1273 3993 ἦν
1291 3933 1433 3991 ἀηδὴς
1448 3934 1528 3981 καὶ
1547 3932 1739 3995 ψυχρὸς,
1760 3934 1786 3979 ὁ
1813 3932 1862 3980 δὲ
1892 3932 2085 3988 Φιλόξε·

530 4022 636 4068 νος,
652 4004 783 4054 οὐδὲν
803 4004 877 4052 ἐπὶ
904 4003 1154 4067 κεφαλαίου
1173 4002 1381 4063 περιττὸν
1399 4003 1567 4062 λέγων,
1590 4001 1616 4049 ὅ
1634 4018 1677 4050 τι
1695 4002 1934 4060 λαλήσειεν
1956 4002 1986 4059 ἢ
2002 4018 2083 4049 πι-

530 4071 746 4141 κρανθείη
770 4072 881 4136 πρός
898 4088 1001 4121 τινα
1037 4077 1130 4121 τῶν
1155 4071 1398 4128 συζώντων
1417 4072 1495 4119 καὶ
1531 4071 1804 4131 διηγήσαιτο
1821 4108 1836 4129 ,
1857 4075 1948 4120 πᾶν
1973 4071 2087 4119 ἐπα·

2168 900 2291 956 ditu
2318 901 2593 973 loquitur,
2615 918 2671 955 se
2695 900 2811 973 ipse
2834 898 2972 954 dicit
2999 899 3303 957 Alcibiadis
3330 920 3449 958 esse
3480 900 3773 980 απόγονσν

2169 986 2270 1061 (fr.
2297 986 2426 1062 64).
2464 986 2633 1059 Cujus
2676 988 3024 1061 cognationis
3049 1006 3169 1060 quae
3215 990 3360 1044 ratio
3407 990 3595 1046 fuerit
3638 992 3775 1048 dici

2166 1076 2379 1148 nequit.
2425 1076 2680 1132 Fortasse
2709 1076 2798 1129 vel
2828 1092 2993 1129 avum
3032 1075 3260 1130 Duridis
3300 1077 3391 1131 vel
3445 1080 3643 1134 aviam
3692 1099 3767 1135 ex

2167 1163 2349 1218 Samia
2375 1162 2563 1236 puella
2589 1161 2905 1217 Alcibiades
2953 1164 3145 1236 genuit
3186 1181 3253 1217 eo
3305 1165 3433 1236 ipso
3472 1176 3771 1240 ternpore

2169 1267 2284 1321 quo
2306 1250 2436 1304 exul
2464 1251 2523 1302 in
2564 1249 2729 1304 Samo
2770 1249 2943 1303 insula
2970 1250 3294 1305 versabatur
3334 1249 3612 1326 (Olymp.
3650 1275 3764 1329 92·

2172 1342 2201 1402 l.
2218 1335 2532 1411 12-409).
2553 1338 2700 1391 Hinc
2720 1336 2818 1390 ubi
2844 1335 2980 1391 duas
3001 1338 3391 1411 generationes
3418 1340 3543 1395 sive
3569 1359 3771 1399 annos

2171 1424 2394 1479 circiter
2422 1421 2772 1498 septuaginta
2819 1425 3226 1494 numeraveriS,
3266 1426 3482 1482 natales
3508 1429 3771 1485 Duridis

2168 1509 2425 1565 incidunt
2444 1510 2501 1563 in
2521 1509 2742 1582 Olymp.
2776 1510 2989 1583 109vel
3017 1530 3034 1564 1
3055 1530 3123 1565 10
3150 1511 3555 1588 (342—339).
3577 1517 3769 1586 Quod

2173 1615 2511 1671 quamquam
2566 1598 2789 1652 incertis
2831 1615 2961 1652 sane
3010 1598 3234 1654 calculis
3281 1603 3769 1673 supputavimuS‚

2168 1683 2320 1740 haud
2348 1685 2515 1759 longe
2540 1695 2725 1740 tamen
2752 1704 2783 1739 a
2811 1703 2948 1739 vero
2971 1685 3158 1740 abesse
3182 1695 3388 1759 potest.
3415 1688 3573 1742 Nam
3608 1708 3773 1762 puer

2172 1770 2355 1826 adhuc
2373 1772 2540 1828 Duris
2559 1771 2663 1827 fuit
2689 1773 2779 1830 Ol.
2814 1791 2837 1827 1
2855 1778 2945 1840 14,
2984 1791 3035 1827 1.
3070 1771 3178 1838 324
3199 1815 3216 1846 ,
3256 1775 3340 1827 uti
3364 1793 3507 1829 mox
3531 1777 3775 1832 videbi-

2170 1877 2311 1914 mus.
2366 1860 2546 1933 Igitur
2583 1868 2774 1914 natum
2820 1877 3093 1932 ponamus
3123 1876 3174 1913 a.
3210 1857 3340 1923 340.
3383 1861 3514 1915 Jam
3569 1880 3767 1935 quum

2171 1945 2386 2002 Graecas
2413 1947 2526 2002 sive
2564 1946 2955 2002 Macedonicas
3000 1946 3260 2001 historias
3302 1965 3489 2021 usque
3528 1949 3613 2004 ad
3658 1951 3763 2007 01.

2179 2038 2308 2100 124,
2332 2039 2386 2098 l..
2413 2031 2520 2087 281
2556 2032 2637 2105 (v.
2670 2033 2741 2087 fr.
2779 2031 2910 2108 33),
2955 2032 3114 2106 quod
3149 2035 3447 2089 minimum
3479 2047 3599 2106 est,
3637 2039 3767 2094 de-

2173 2119 2425 2188 duxerit,
2458 2130 2625 2193 atquc
2656 2120 2743 2174 his
2770 2119 2999 2174 demum
3023 2121 3322 2194 absolutis,
3364 2124 3454 2178 uti
3486 2142 3765 2180 consen-

2172 2215 2399 2264 taneum
2429 2216 2508 2261 est
2524 2246 2540 2275 ,
2563 2205 2635 2261 ad
2664 2224 2753 2261 res
2778 2207 3099 2281 Agathoclis
3124 2208 3300 2263 literis
3325 2211 3769 2285 consignandas

2169 2312 2226 2348 se
2254 2293 2753 2362 accinxerit,haud
2780 2292 2949 2349 dubie
2972 2313 3146 2369 usque
3167 2294 3241 2351 ad
3259 2296 3350 2352 01.
3380 2297 3496 2353 126
3524 2295 3767 2376 (276—

2174 2381 2284 2451 275
2304 2378 2344 2457 ),
2389 2382 2535 2437 inter
2582 2381 2981 2455 sexagesimum
3045 2393 3213 2456 atque
3265 2386 3761 2468 septuagesimum

2172 2469 2343 2523 aetatis
2372 2486 2581 2526 annum
2606 2469 2666 2523 in
2685 2468 3105 2525 conscribendis
3126 2470 3371 2524 historiis
3399 2470 3601 2529 adhuc
3625 2492 3765 2531 ver-

2171 2555 2414 2612 sabatur.
2444 2556 2748 2630 Quousque
2759 2556 2911 2614 hunc
2945 2558 3243 2613 terminum
3272 2559 3525 2615 vivendo
3560 2578 3761 2638 egres-

2172 2661 2261 2698 sus
2277 2645 2373 2713 sit,
2402 2662 2475 2699 ne
2497 2642 2819 2717 conjectura
2845 2643 3073 2717 quidem
3099 2647 3312 2718 assequi
3345 2645 3500 2702 licet.

2253 2731 2511 2787 Ceterum
2538 2731 2807 2805 quoniam
2840 2732 3011 2787 Duris
3038 2750 3107 2787 eo
3135 2743 3298 2787 natus
3324 2743 3409 2788 est
3443 2743 3717 2809 tempore
3736 2779 3765 2807 ,

2175 2835 2290 2889 quo
2305 2818 2530 2874 Samum
2549 2817 2783 2873 insulam
2814 2816 3091 2895 κληροῦχοι
3131 2819 3563 2877 Atheniensium
3588 2834 3756 2880 tene-

2173 2901 2430 2983 bant(Ol.
2453 2924 2584 2977 107,
2606 2924 2745 2961 1-1
2763 2912 2851 2977 14,
2882 2925 2932 2965 1.
2952 2902 3285 2973 352—324.
3308 2909 3375 2965 V.
3394 2908 3654 2969 Clinton.
3678 2913 3748 2969 F.

2175 2994 2247 3049 H.
2264 2991 2337 3048 ad
2361 3011 2450 3051 an.
2472 2987 2837 3069 352),1ucem
2866 2992 3118 3069 adspexit
3144 2995 3205 3049 in
3218 2995 3413 3067 exilio,
3443 3000 3759 3074 patriaque

2176 3096 2300 3134 cum
2331 3081 2657 3153 parentibus
2687 3081 2867 3136 caruit
2891 3100 3066 3155 usque
3098 3080 3172 3136 ad
3208 3101 3419 3139 annum
3450 3084 3569 3153 324
3588 3126 3611 3157 ‚
3640 3088 3753 3144 ubi

2174 3167 2492 3223 Alexander
2510 3187 2685 3241 quum
2698 3186 2890 3224 omnes
2902 3169 3217 3225 Graecarum
3238 3171 3532 3228 civitatum
3552 3175 3755 3230 exules

2110 3298 2115 3303 .
2174 3253 2445 3310 reducere
2483 3256 2857 3311 constituisset
2878 3297 2893 3325 ,
2932 3257 3269 3312 Nicanorem
3316 3259 3639 3336 Stagiritam
3682 3262 3743 3315 in

2174 3341 2442 3395 Graeciam
2485 3343 2660 3413 misit,
2704 3344 2800 3415 qui
2843 3345 2903 3397 in
2950 3343 3346 3452 Olympiorum
3397 3346 3745 3405 solennitate

2177 3426 2463 3483 decretum
2506 3431 2653 3504 regis
2673 3431 3076 3506 promulgaret.
3138 3432 3289 3489 Ησαν
3317 3428 3371 3487 δὲ
3400 3433 3448 3488 οἱ
3488 3430 3737 3511 φυγάδες,

2235 3572 2320 3620 vl.
2354 3573 2545 3635 Τέχνη
2582 3572 2954 3637 ὀψωνητικὴ,
2994 3578 3083 3623 228
3118 3577 3155 3625 C
3174 3611 3189 3635 ,
3211 3581 3300 3624 313
3330 3578 3384 3624 F.
3406 3602 3470 3613 —
3488 3577 3737 3628 Laudatur

2175 3644 2395 3704 Lynceus
2415 3644 2557 3691 etiam
2592 3643 2642 3692 in
2676 3642 2825 3692 schol.
2873 3644 3115 3693 Theocrit.
3144 3646 3236 3701 lv,
3255 3652 3313 3695 2ο
3335 3645 3425 3705 (ad
3462 3650 3556 3707 lv,
3590 3652 3647 3697 ³1
3686 3649 3737 3696 in

2178 3710 2358 3762 melior.
2376 3711 2528 3761 codd.
2550 3713 2568 3775 )
2595 3712 2722 3763 z'Hv
2750 3713 2797 3762 δὲ
2825 3714 2905 3763 καὶ
2928 3714 3102 3779 Πύρρος
3122 3716 3324 3774 ποιητὴς
3351 3717 3646 3781 Ἐρυθραῖος,
3670 3720 3737 3775 ὡς

2175 3798 2285 3845 φησι
2307 3782 2510 3845 Λυγγεύς
2527 3782 2664 3845 (sic).

2236 3854 2564 3902 memorantur
2581 3852 2787 3916 denique
2808 3856 3146 3916 AEqypeiaca,
3169 3867 3320 3916 quare
3334 3855 3462 3906 inter
3480 3857 3735 3908 historicos

2127 3892 2134 3961 l
2174 3923 2363 3983 Lynceo
2379 3920 2539 3971 locum
2559 3921 2813 3983 assignant.
2836 3920 3092 3970 Athenaeus
3109 3923 3196 3983 lv,
3214 3934 3262 3983 p.
3288 3928 3395 3985 150,
3419 3924 3492 3973 B:
3524 3927 3735 3987 Λυγκεὺς

2127 3964 2134 4029 l
2172 3991 2214 4040 δ’
2240 3991 2288 4041 ἐν
2305 3995 2402 4048 τοῖς
2429 3993 2757 4054 Αἰγυπτιακοῖς
2784 3990 3036 4055 προκρίνων
3053 3990 3113 4040 τὰ
3137 3992 3433 4054 Αἰγυπτιακὰ
3452 3994 3614 4043 δεῖπνα
3632 4000 3729 4045 τῶν

2171 4064 2416 4126 Περσικῶν
2442 4080 2465 4104 α
2493 4061 2759 4125 Αἰγυπτίων
2780 4060 3234 4123 ἐπιστρατευσάντων
3260 4062 3456 4127 (φησὶν)
3485 4066 3561 4113 ἐπὶ
3584 4063 3733 4129 Ὦχον

532 4143 770 4209 mota<
790 4144 870 4190 καὶ
906 4141 1095 4206 χάριτος
1117 4140 1174 4200 ἦν
1207 4140 1393 4203 μεστόν.
1429 4140 1593 4189 Καίτοι
1617 4157 1672 4200 γε
1697 4141 1893 4200 συνὲὃη,
1909 4148 1987 4194 τὸν
2005 4140 2086 4202 μὲν
2169 4132 2250 4181 τὸν
2272 4134 2466 4196 Περσῶν
2487 4135 2683 4196 βασιλέα
2700 4133 2779 4181 καὶ
2803 4133 3094 4191 νικηθέντων,
3110 4132 3208 4181 ἐπεὶ
3227 4132 3407 4194 ἐγένετο
3432 4135 3733 4198 αἰχμάλωτος

531 4213 786 4270 Εὐκλείδην
801 4211 922 4259 κατὰ
943 4211 1021 4259 τὸν
1046 4210 1146 4273 βίον
1165 4212 1188 4233 ⁶
1213 4211 1240 4235 *
1261 4211 1307 4267 *,
1328 4210 1409 4257 τὸν
1430 4210 1477 4257 δὲ
1496 4209 1738 4266 Φιλόξενον
1761 4210 1853 4259 ὑπὸ
1898 4212 2087 4259 πάντων

530 4284 757 4346 φιλεῖσθαι
773 4281 854 4330 καὶ
877 4280 1114 4344 τιμᾶσθαι.
1136 4298 1158 4321 υ
1182 4278 1261 4329 cs.
1284 4278 1483 4327 Meinek.
1513 4278 1682 4340 fragm.
1708 4281 1843 4327 Com·
1870 4281 1918 4337 1,
1943 4293 1989 4341 p.
2026 4283 2079 4329 7.

593 4350 1048 4403 ΙΙΙ.Ἐπιστολαὶ
1068 4348 1389 4411 (δειπνητικαί.
1406 4347 1473 4396 ld.
1491 4361 1538 4410 p.
1557 4356 1642 4398 128
1660 4347 1737 4411 A.)
1760 4351 1821 4398 75
1840 4348 1894 4406 B,
1918 4355 2006 4398 330
2027 4354 2084 4411 Α,

533 4426 628 4473 469
645 4423 703 4483 Β,
724 4424 817 4471 496
836 4422 893 4481 Β,
917 4420 1196 4480 Harpocrat.
1223 4431 1273 4466 ν.
1304 4416 1560 4482 Ἰθῦφαλλος
1607 4416 1849 4466 Plutarch.
1873 4419 2086 4468 Demetr.

532 4506 572 4542 c.
594 4496 682 4554 273
706 4491 819 4555 πρὸς
840 4489 1204 4551 Ἀπολλόδωρον,
1241 4487 1411 4538 Athen.
1449 4491 1532 4538 401
1584 4490 1649 4549 F,
1677 4487 1788 4550 πρὸς
1827 4488 2085 4551 Διαγόραν,

535 4566 714 4625 1091),
734 4568 827 4612 285
854 4565 921 4621 Ε,
958 4566 1050 4610 295
1076 4562 1129 4620 F,
1152 4562 1243 4609 4⁶9
1263 4560 1327 4621 Β,
1355 4563 1448 4609 499
1473 4560 1531 4620 C,
1554 4565 1643 4608 052
1678 4561 1746 4619 D,
1766 4560 1852 4606 654
1881 4564 1946 4618 A;
1973 4558 2085 4622 πρὸς

530 4632 826 4698 Ἱππόλοχον,
855 4637 944 4682 100
963 4634 1000 4680 E
1016 4667 1031 4693 ,
1057 4634 1143 4679 128
1181 4637 1244 4690 Α;
1265 4630 1376 4693 πρὸς
1398 4630 1477 4678 τὸν
1499 4629 1706 4691 κωμικὸν
1749 4628 2083 4693 Ποσείδιππον,

533 4711 625 4755 652
645 4704 701 4754 c.
725 4700 882 4752 Posidi
949 4715 1006 4750 us
1027 4713 1178 4761 quum
1207 4712 1332 4749 anno
1357 4699 1498 4748 tertio

532 4764 608 4814 dri
637 4762 843 4827 primam
875 4715 1084 4811 fabulam
1102 4761 1320 4809 docuisse
1361 4774 1389 4809 a
1427 4760 1510 4810 Sui
1545 4774 1574 4809 a
1600 4761 1806 4822 dicatur,
1842 4763 2085 4809 consenta-

531 4845 680 4883 neum
701 4839 773 4882 est
795 4835 1069 4893 Lynceum,
1107 4831 1191 4892 qui
1224 4828 1284 4878 ad
1315 4828 1618 4891 Posidippum
1643 4829 1882 4880 comIcum
1916 4828 2084 4891 episto·

2172 4204 2199 4251 ό
2221 4208 2313 4251 τῶν
2334 4202 2597 4264 Αἰγυπτίων
2623 4201 2835 4265 βασιλεὺς
2854 4237 2867 4259 ,
2884 4202 2909 4248 ὁ
2927 4201 3078 4267 Ὦχος
3094 4201 3233 4250 αὑτὸν
3251 4200 3584 4266 φιλανθρώπως
3602 4205 3735 4266 ἄγων

2172 4274 2365 4321 ἐκάλεσε
2388 4273 2467 4320 καὶ
2501 4272 2576 4320 ἐπὶ
2597 4273 2792 4320 δεῖπνον.
2812 4273 2906 4331 Τῆς
2931 4269 3009 4319 οὖν
3029 4277 3328 4334 παρασκευῆς
3347 4274 3595 4335 γενομένης
3616 4276 3737 4337 λαμ·

2171 4346 2305 4404 πρᾶς,
2329 4342 2356 4390 ὁ
2383 4341 2627 4403 Αἰγύπτιος
2646 4341 2870 4402 κατεγέλα
2890 4342 2953 4391 ὡς
2969 4339 3158 4396 εὐτελῶς
3175 4345 3264 4391 τοῦ
3282 4342 3464 4405 Πέρσου
3483 4343 3735 4406 διαιτωμέ-

2170 4428 2269 4461 νου.
2291 4412 2349 4462 Εἰ
2373 4412 2421 4461 δὲ
2440 4412 2605 4473 θέλεις,
2636 4411 2718 4474 ἔφη
2733 4446 2746 4469 ,
2762 4396 2929 4459 εἰδέναι
2943 4444 2957 4469 ,
2991 4410 3032 4459 ὦ
3056 4410 3277 4471 βασιλεῦ,
3295 4416 3396 4467 πῶς
3416 4412 3489 4459 δεῖ
3505 4414 3739 4462 σιτεῖσθαι

2170 4481 2278 4537 τοὺς
2300 4480 2571 4545 εὐδαίμονας
2596 4481 2815 4543 βασιλέας
2830 4516 2843 4538 ,
2870 4480 3111 4542 ἐπίτρεψον
3130 4485 3224 4551 ταῖς
3243 4479 3373 4542 ἐμοῖς
3403 4496 3520 4528 ποτε
3539 4483 3737 4543 γενομέ-

2169 4567 2263 4636 νοις
2288 4548 2901 4668 μαγείροιςὶπαρασκευάέἓιὲ
2933 4550 3506 4679 σοὶσΑθίἔιύπῖιοιὸδῗῖι-ντρν.
3528 4554 3637 4670 δΙείίαὶ
3657 4569 3739 4601 κε-

1588 4702 1631 4748 st
1658 4702 1862 4748 mortem
1889 4701 2083 4747 Menan·
2126 4684 2132 4717 ⁸
2171 4621 2811 4753 itexgsffxzebgoegffg
2833 4636 3076 4751 Αἰγγίῖπτιε,
3112 4637 3390 4739 {anxietati
3405 4640 3580 4740 οῑῳθεοὶ
3600 4638 3747 4748 m

2170 4760 2332 4810 δεῖπνα
2360 4765 2553 4809 τοιαῦτα
2578 4761 2848 4809 καταλιπὼν
2879 4758 3170 4820 ἐπεθύμησας
3205 4759 3355 4818 θοίνης
3393 4761 3742 4825 εὐτελεστέρας.

2234 4828 2324 4879 Sed
2344 4831 2494 4892 palei,
2513 4828 2699 4891 opinor,
2721 4829 2825 4879 haec
2848 4830 3141 4888 Αἰγυπτιακὰ
3159 4842 3259 4878 esse
3272 4830 3434 4879 δεῖπνα
3446 4832 3747 4892 Αἰγυπιακὰ,

533 4903 630 4952 lam
648 4902 853 4964 scripsit,
877 4898 1195 4951 Menandrum
1215 4902 1356 4949 aetate
1385 4911 1655 4962 superasse,
1693 4900 1765 4949 uti
1795 4901 1958 4948 monet
1980 4897 2089 4948 Mei·
2171 4898 2233 4949 de
2255 4899 2429 4961 quibus
2452 4899 2526 4949 vel
2562 4899 2609 4947 in
2636 4898 3095 4962 Ἀπομνημονεύμασι
3122 4898 3196 4947 vei
3230 4898 3277 4947 in
3298 4898 3602 4957 Ἐπιστολαῖς
3622 4902 3745 4964 egit.

531 4970 732 5020 neckius
752 4972 889 5019 com.
915 4974 963 5030 Ι,
987 4983 1036 5031 p.
1057 4973 1167 5019 458.

595 5043 680 5090 lv.
715 5041 1194 5103 Ἀποφθέγματα,
1243 5041 1414 5088 Allien.
1449 5052 1494 5101 p.
1529 5042 1624 5100 vt,
1650 5042 1740 5088 245
1783 5043 1850 5098 A,
1885 5041 1974 5087 248
2014 5040 2086 5099 D,

2127 4938 2134 5049 1
2174 4969 2402 5019 Simmter
2422 4969 2468 5018 in
2486 4968 2703 5032 epistolis
2726 4970 2787 5019 ad
2810 4970 3053 5031 Diagoram
3084 4968 3386 5018 ,immensa
3418 4972 3469 5019 et
3495 4970 3751 5021 Rhodiam

2174 5038 2378 5102 ἐδώδιμα
2400 5038 2648 5103 συγκρίνει.
2674 5042 2748 5089 Ex
2768 5038 2842 5089 his
2872 5039 3012 5101 igitur
3031 5039 3315 5102 AEgyptiacis
3331 5039 3530 5091 fluxerit
3555 5039 3751 5091 descri-

537 5113 627 5160 337
657 5111 726 5171 D,
760 5122 873 5171 quae
895 5110 1008 5157 item
1037 5108 1097 5157 ad
1111 5108 1375 5157 convivalia
1393 5109 1590 5170 eiusque
1607 5107 1790 5170 generis
1807 5118 1882 5155 ree
1908 5107 2088 5168 spectu·
2129 5106 2135 5123 '
2176 5106 2274 5168 ptio
2296 5113 2378 5156 τοῦ
2400 5109 2694 5171 Πτολεμαίου
2718 5107 3009 5171 συμποσίου,
3030 5107 3183 5169 cujus·
3196 5109 3417 5157 meminit
3437 5109 3619 5160 Athen.
3642 5113 3711 5160 ΙΙΙ
3736 5122 3771 5173 ,·

537 5178 652 5229 bant
671 5179 930 5228 maximam
949 5180 1148 5240 partem.

542 5298 569 5312 δ
606 5250 670 5299 V.
704 5248 803 5301 Ἀπ
821 5265 966 5313 ομνη
982 5264 1084 5311 μον
1101 5246 1500 5311 εύματα,1(ἰεω
1518 5259 1565 5311 p.
1589 5249 1676 5296 434
1700 5249 1757 5297 D.
1779 5250 1866 5297 583
1893 5248 1946 5295 F.

2178 5190 2222 5237 ῃ.
2253 5181 2430 5238 moni.
2458 5177 2563 5227 Alio
2587 5178 2695 5227 ioco
2714 5178 2788 5239 (v.
2812 5178 2980 5227 Athen.
3000 5189 3048 5241 p.
3076 5184 3184 5240 101,
3213 5179 3279 5238 D)
3299 5177 3555 5241 descripsit
3570 5183 3755 5231 eonvi-

2175 5245 2309 5296 vium
2330 5248 2547 5311 Antigoni
2575 5232 2695 5311 reg'is
2717 5247 2905 5312 ctquod
2930 5246 3092 5300 Lamia
3116 5247 3339 5300 instruxit
3366 5250 3621 5301 Demetrio
3650 5255 3755 5303 Po-

2070 5332 2171 5387 40⁸3
