<?xml version="1.0" encoding="UTF-8"?>
<!DOCTYPE html PUBLIC "-//W3C//DTD XHTML 1.0 Transitional//EN"
    "http://www.w3.org/TR/xhtml1/DTD/xhtml1-transitional.dtd">
<html xmlns="http://www.w3.org/1999/xhtml" xml:lang="en" lang="en">
 <head>
  <title>
</title>
<meta http-equiv="Content-Type" content="text/html;charset=utf-8" />
  <meta name='ocr-system' content='tesseract 3.04.00' />
  <meta name='ocr-capabilities' content='ocr_page ocr_carea ocr_par ocr_line ocrx_word'/>
</head>
<body>
  <div class='ocr_page' id='page_1' title='image "./fragmentahistor00mgoog_0049.png"; bbox 0 0 4016 5916; ppageno 0'>
   <div class='ocr_carea' id='block_1_1' title="bbox 990 424 2698 492">
    <p class='ocr_par' dir='ltr' id='par_1_1' title="bbox 990 424 2698 492">
     <span class='ocr_line' id='line_1_1' title="bbox 990 424 2698 492; baseline 0.001 -2"><span class='ocrx_word' id='word_1_1' title='bbox 990 429 1086 491; x_wconf 78' lang='lat' dir='ltr'><strong>Ex</strong></span> <span class='ocrx_word' id='word_1_2' title='bbox 1134 424 1501 489; x_wconf 79' lang='lat' dir='ltr'><strong>HISTORIA</strong></span> <span class='ocrx_word' id='word_1_3' title='bbox 1543 427 1885 489; x_wconf 74' lang='lat' dir='ltr'><strong>DloNYstl</strong></span> <span class='ocrx_word' id='word_1_4' title='bbox 1932 430 2698 492; x_wconf 72' lang='lat' dir='ltr'><strong>HALICARNASSENSIS.</strong></span> 
     </span>
    </p>
   </div>
   <div class='ocr_carea' id='block_1_2' title="bbox 202 561 1787 2934">
    <p class='ocr_par' dir='ltr' id='par_1_2' title="bbox 206 561 1785 821">
     <span class='ocr_line' id='line_1_2' title="bbox 206 561 1785 645; baseline -0.004 -18"><span class='ocrx_word' id='word_1_5' title='bbox 206 570 305 645; x_wconf 70' lang='lat' dir='ltr'><strong>(ta)</strong></span> <span class='ocrx_word' id='word_1_6' title='bbox 337 565 545 643; x_wconf 77' lang='grc' dir='ltr'>ἐγένετο</span> <span class='ocrx_word' id='word_1_7' title='bbox 567 563 691 641; x_wconf 74' lang='grc' dir='ltr'>περὶ</span> <span class='ocrx_word' id='word_1_8' title='bbox 720 562 907 631; x_wconf 71' lang='grc' dir='ltr'>αὐτοὺς</span> <span class='ocrx_word' id='word_1_9' title='bbox 920 561 1165 643; x_wconf 82' lang='grc' dir='ltr'>καρτερά.</span> <span class='ocrx_word' id='word_1_10' title='bbox 1179 561 1407 622; x_wconf 81' lang='grc' dir='ltr'>Ἔπειτα</span> <span class='ocrx_word' id='word_1_11' title='bbox 1424 561 1493 620; x_wconf 81' lang='grc' dir='ltr'><strong>τὰ</strong></span> <span class='ocrx_word' id='word_1_12' title='bbox 1513 561 1785 640; x_wconf 75' lang='grc' dir='ltr'>δεσμωτή-</span> 
     </span>
     <span class='ocr_line' id='line_1_3' title="bbox 208 640 1785 732; baseline -0.004 -18"><span class='ocrx_word' id='word_1_13' title='bbox 208 678 301 732; x_wconf 74' lang='grc' dir='ltr'><strong>ρια</strong></span> <span class='ocrx_word' id='word_1_14' title='bbox 322 652 573 711; x_wconf 74' lang='grc' dir='ltr'>ἁπάντων</span> <span class='ocrx_word' id='word_1_15' title='bbox 608 652 725 730; x_wconf 78' lang='grc' dir='ltr'>(ιε),</span> <span class='ocrx_word' id='word_1_16' title='bbox 745 649 845 710; x_wconf 77' lang='grc' dir='ltr'><strong>ὅσα</strong></span> <span class='ocrx_word' id='word_1_17' title='bbox 864 648 1002 710; x_wconf 80' lang='grc' dir='ltr'>κατὰ</span> <span class='ocrx_word' id='word_1_18' title='bbox 1028 647 1143 717; x_wconf 80' lang='grc' dir='ltr'>τοὺς</span> <span class='ocrx_word' id='word_1_19' title='bbox 1173 647 1361 728; x_wconf 72' lang='grc' dir='ltr'>ἀγροὺς</span> <span class='ocrx_word' id='word_1_20' title='bbox 1379 640 1441 721; x_wconf 74' lang='grc' dir='ltr'><strong>ἦν</strong></span> <span class='ocrx_word' id='word_1_21' title='bbox 1456 694 1472 721; x_wconf 92' lang='grc'>,</span> <span class='ocrx_word' id='word_1_22' title='bbox 1495 649 1669 709; x_wconf 83' lang='grc' dir='ltr'>ἐλύετο</span> <span class='ocrx_word' id='word_1_23' title='bbox 1693 649 1785 709; x_wconf 83' lang='grc' dir='ltr'><strong>καὶ</strong></span> 
     </span>
     <span class='ocr_line' id='line_1_4' title="bbox 206 740 473 821; baseline 0 -22"><span class='ocrx_word' id='word_1_24' title='bbox 206 740 473 821; x_wconf 65' lang='grc' dir='ltr'>συνέρρει.</span> 
     </span>
    </p>

    <p class='ocr_par' dir='ltr' id='par_1_3' title="bbox 202 825 1787 2934">
     <span class='ocr_line' id='line_1_5' title="bbox 294 825 1783 903; baseline -0.003 -13"><span class='ocrx_word' id='word_1_25' title='bbox 294 832 399 890; x_wconf 88' lang='grc' dir='ltr'><strong>ΙΙΙ.</strong></span> <span class='ocrx_word' id='word_1_26' title='bbox 447 831 515 889; x_wconf 76' lang='lat' dir='ltr'><strong>Oi</strong></span> <span class='ocrx_word' id='word_1_27' title='bbox 539 826 591 886; x_wconf 79' lang='grc' dir='ltr'><strong>δὲ</strong></span> <span class='ocrx_word' id='word_1_28' title='bbox 614 830 718 885; x_wconf 81' lang='grc' dir='ltr'><strong>τῶν</strong></span> <span class='ocrx_word' id='word_1_29' title='bbox 739 825 1024 903; x_wconf 86' lang='grc' dir='ltr'>Ῥωμαίων</span> <span class='ocrx_word' id='word_1_30' title='bbox 1053 826 1241 885; x_wconf 73' lang='grc' dir='ltr'>ὕπατοι</span> <span class='ocrx_word' id='word_1_31' title='bbox 1269 835 1446 885; x_wconf 80' lang='grc' dir='ltr'>πᾶσαν</span> <span class='ocrx_word' id='word_1_32' title='bbox 1471 825 1568 897; x_wconf 71' lang='grc' dir='ltr'><strong>τὴν</strong></span> <span class='ocrx_word' id='word_1_33' title='bbox 1589 825 1783 903; x_wconf 71' lang='grc' dir='ltr'>μεταξὺ</span> 
     </span>
     <span class='ocr_line' id='line_1_6' title="bbox 202 913 1786 994; baseline 0 -21"><span class='ocrx_word' id='word_1_34' title='bbox 202 922 307 993; x_wconf 78' lang='grc' dir='ltr'><strong>γῆν</strong></span> <span class='ocrx_word' id='word_1_35' title='bbox 342 918 505 983; x_wconf 69' lang='grc' dir='ltr'>ἀδεῶς</span> <span class='ocrx_word' id='word_1_36' title='bbox 530 913 846 993; x_wconf 77' lang='grc' dir='ltr'>διελθόντες,</span> <span class='ocrx_word' id='word_1_37' title='bbox 869 918 971 974; x_wconf 82' lang='grc' dir='ltr'><strong>τῶν</strong></span> <span class='ocrx_word' id='word_1_38' title='bbox 996 914 1090 992; x_wconf 74' lang='grc' dir='ltr'><strong>μὲν</strong></span> <span class='ocrx_word' id='word_1_39' title='bbox 1111 916 1204 974; x_wconf 76' lang='grc' dir='ltr'><strong>οὔκ</strong></span> <span class='ocrx_word' id='word_1_40' title='bbox 1229 914 1630 994; x_wconf 75' lang='grc' dir='ltr'>ἐναντιουμένων</span> <span class='ocrx_word' id='word_1_41' title='bbox 1645 961 1662 993; x_wconf 88' lang='grc'>,</span> <span class='ocrx_word' id='word_1_42' title='bbox 1683 917 1786 973; x_wconf 82' lang='grc' dir='ltr'><strong>τῶν</strong></span> 
     </span>
     <span class='ocr_line' id='line_1_7' title="bbox 208 1002 1784 1084; baseline -0.003 -19"><span class='ocrx_word' id='word_1_43' title='bbox 208 1006 267 1065; x_wconf 79' lang='grc' dir='ltr'><strong>δὲ</strong></span> <span class='ocrx_word' id='word_1_44' title='bbox 315 1003 742 1082; x_wconf 79' lang='grc' dir='ltr'>συμπεμπόντων</span> <span class='ocrx_word' id='word_1_45' title='bbox 797 1003 1023 1079; x_wconf 75' lang='grc' dir='ltr'>(πολλαὶ</span> <span class='ocrx_word' id='word_1_46' title='bbox 1068 1004 1115 1062; x_wconf 86' lang='grc' dir='ltr'><strong>δ’</strong></span> <span class='ocrx_word' id='word_1_47' title='bbox 1159 1002 1260 1062; x_wconf 70' lang='grc' dir='ltr'>εἶσὶ</span> <span class='ocrx_word' id='word_1_48' title='bbox 1305 1002 1594 1084; x_wconf 79' lang='grc' dir='ltr'>δυσχωρίαι</span> <span class='ocrx_word' id='word_1_49' title='bbox 1646 1002 1784 1062; x_wconf 75' lang='grc' dir='ltr'>κατὰ</span> 
     </span>
     <span class='ocr_line' id='line_1_8' title="bbox 208 1090 1786 1172; baseline 0 -21"><span class='ocrx_word' id='word_1_50' title='bbox 208 1092 307 1163; x_wconf 78' lang='grc' dir='ltr'><strong>τὴν</strong></span> <span class='ocrx_word' id='word_1_51' title='bbox 346 1098 407 1153; x_wconf 78' lang='grc' dir='ltr'>ἐκ</span> <span class='ocrx_word' id='word_1_52' title='bbox 449 1092 672 1169; x_wconf 76' lang='grc' dir='ltr'>Ῥωμης</span> <span class='ocrx_word' id='word_1_53' title='bbox 720 1093 794 1158; x_wconf 78' lang='grc' dir='ltr'><strong>εἷς</strong></span> <span class='ocrx_word' id='word_1_54' title='bbox 844 1090 1164 1164; x_wconf 75' lang='grc' dir='ltr'>Καμπανίαν</span> <span class='ocrx_word' id='word_1_55' title='bbox 1208 1091 1437 1170; x_wconf 82' lang='grc' dir='ltr'>ἄγουσαν</span> <span class='ocrx_word' id='word_1_56' title='bbox 1478 1090 1592 1150; x_wconf 81' lang='grc' dir='ltr'>ὁδὸν</span> <span class='ocrx_word' id='word_1_57' title='bbox 1644 1090 1786 1172; x_wconf 80' lang='grc' dir='ltr'>ὄρεσι</span> 
     </span>
     <span class='ocr_line' id='line_1_9' title="bbox 206 1179 1785 1260; baseline -0.001 -20"><span class='ocrx_word' id='word_1_58' title='bbox 206 1181 301 1240; x_wconf 69' lang='grc' dir='ltr'>οιαὶ</span> <span class='ocrx_word' id='word_1_59' title='bbox 340 1181 569 1257; x_wconf 72' lang='grc' dir='ltr'>τέλμασι</span> <span class='ocrx_word' id='word_1_60' title='bbox 595 1179 689 1240; x_wconf 79' lang='grc' dir='ltr'><strong>καὶ</strong></span> <span class='ocrx_word' id='word_1_61' title='bbox 732 1180 1016 1249; x_wconf 74' lang='grc' dir='ltr'>θαλάτταις</span> <span class='ocrx_word' id='word_1_62' title='bbox 1040 1183 1134 1239; x_wconf 82' lang='grc' dir='ltr'><strong>καὶ</strong></span> <span class='ocrx_word' id='word_1_63' title='bbox 1155 1188 1414 1257; x_wconf 78' lang='grc' dir='ltr'>ποταμοῖς</span> <span class='ocrx_word' id='word_1_64' title='bbox 1455 1180 1785 1260; x_wconf 82' lang='grc' dir='ltr'>ναυσιπόροις</span> 
     </span>
     <span class='ocr_line' id='line_1_10' title="bbox 210 1257 1784 1350; baseline 0.001 -24"><span class='ocrx_word' id='word_1_65' title='bbox 210 1267 626 1345; x_wconf 81' lang='grc' dir='ltr'>διικλειόμεναι,</span> <span class='ocrx_word' id='word_1_66' title='bbox 664 1265 725 1336; x_wconf 73' lang='grc' dir='ltr'><strong>ἃς</strong></span> <span class='ocrx_word' id='word_1_67' title='bbox 752 1269 811 1327; x_wconf 80' lang='grc' dir='ltr'><strong>οὗ</strong></span> <span class='ocrx_word' id='word_1_68' title='bbox 849 1265 1019 1350; x_wconf 69' lang='grc' dir='ltr'>ῥᾴδιον</span> <span class='ocrx_word' id='word_1_69' title='bbox 1048 1257 1110 1340; x_wconf 72' lang='grc' dir='ltr'><strong>ἦν</strong></span> <span class='ocrx_word' id='word_1_70' title='bbox 1137 1268 1350 1327; x_wconf 79' lang='grc' dir='ltr'>διελθεῖν</span> <span class='ocrx_word' id='word_1_71' title='bbox 1390 1266 1491 1327; x_wconf 76' lang='grc' dir='ltr'><strong>ὑπὸ</strong></span> <span class='ocrx_word' id='word_1_72' title='bbox 1531 1270 1635 1327; x_wconf 84' lang='grc' dir='ltr'><strong>τῶν</strong></span> <span class='ocrx_word' id='word_1_73' title='bbox 1681 1291 1784 1327; x_wconf 91' lang='grc' dir='ltr'><strong>πο-</strong></span> 
     </span>
     <span class='ocr_line' id='line_1_11' title="bbox 209 1353 1782 1437; baseline -0.001 -23"><span class='ocrx_word' id='word_1_74' title='bbox 209 1357 402 1432; x_wconf 81' lang='grc' dir='ltr'>λεμίων</span> <span class='ocrx_word' id='word_1_75' title='bbox 444 1356 1039 1437; x_wconf 63' lang='grc' dir='ltr'>προκαταληφθείσας),</span> <span class='ocrx_word' id='word_1_76' title='bbox 1079 1355 1172 1416; x_wconf 83' lang='grc' dir='ltr'><strong>καί</strong></span> <span class='ocrx_word' id='word_1_77' title='bbox 1216 1380 1332 1414; x_wconf 88' lang='grc' dir='ltr'>τινα</span> <span class='ocrx_word' id='word_1_78' title='bbox 1375 1355 1464 1414; x_wconf 76' lang='grc' dir='ltr'><strong>καὶ</strong></span> <span class='ocrx_word' id='word_1_79' title='bbox 1514 1353 1782 1433; x_wconf 80' lang='grc' dir='ltr'>ποταμὸν,</span> 
     </span>
     <span class='ocr_line' id='line_1_12' title="bbox 210 1442 1780 1525; baseline -0.001 -22"><span class='ocrx_word' id='word_1_80' title='bbox 210 1444 264 1511; x_wconf 76' lang='grc' dir='ltr'><strong>ὃς</strong></span> <span class='ocrx_word' id='word_1_81' title='bbox 303 1443 389 1503; x_wconf 67' lang='grc' dir='ltr'>διὰ</span> <span class='ocrx_word' id='word_1_82' title='bbox 439 1449 533 1517; x_wconf 78' lang='grc' dir='ltr'><strong>τῆς</strong></span> <span class='ocrx_word' id='word_1_83' title='bbox 584 1447 901 1516; x_wconf 83' lang='grc' dir='ltr'>Κασιληνῶν</span> <span class='ocrx_word' id='word_1_84' title='bbox 937 1442 1115 1524; x_wconf 86' lang='grc' dir='ltr'>χώρας</span> <span class='ocrx_word' id='word_1_85' title='bbox 1160 1443 1250 1503; x_wconf 74' lang='grc' dir='ltr'><strong>καὶ</strong></span> <span class='ocrx_word' id='word_1_86' title='bbox 1291 1444 1490 1512; x_wconf 88' lang='grc' dir='ltr'>πόλεως</span> <span class='ocrx_word' id='word_1_87' title='bbox 1530 1443 1780 1525; x_wconf 76' lang='grc' dir='ltr'>φέρεται,</span> 
     </span>
     <span class='ocr_line' id='line_1_13' title="bbox 207 1530 1782 1612; baseline 0.001 -23"><span class='ocrx_word' id='word_1_88' title='bbox 207 1532 256 1589; x_wconf 88' lang='grc' dir='ltr'>λ’</span> <span class='ocrx_word' id='word_1_89' title='bbox 280 1535 373 1603; x_wconf 78' lang='grc' dir='ltr'><strong>τῆς</strong></span> <span class='ocrx_word' id='word_1_90' title='bbox 394 1530 622 1604; x_wconf 81' lang='grc' dir='ltr'>Καπύης</span> <span class='ocrx_word' id='word_1_91' title='bbox 639 1530 905 1612; x_wconf 73' lang='grc' dir='ltr'>ἀπέχοντα</span> <span class='ocrx_word' id='word_1_92' title='bbox 927 1532 1143 1605; x_wconf 85' lang='grc' dir='ltr'>στάδια,</span> <span class='ocrx_word' id='word_1_93' title='bbox 1162 1530 1489 1611; x_wconf 81' lang='grc' dir='ltr'>Οὗλτουρνὸν</span> <span class='ocrx_word' id='word_1_94' title='bbox 1511 1530 1574 1611; x_wconf 79' lang='grc' dir='ltr'>(ι)</span> <span class='ocrx_word' id='word_1_95' title='bbox 1597 1531 1782 1610; x_wconf 81' lang='grc' dir='ltr'>ὄνομα,</span> 
     </span>
     <span class='ocr_line' id='line_1_14' title="bbox 206 1618 1780 1699; baseline 0 -22"><span class='ocrx_word' id='word_1_96' title='bbox 206 1620 470 1697; x_wconf 72' lang='grc' dir='ltr'>τεττάρων</span> <span class='ocrx_word' id='word_1_97' title='bbox 497 1622 593 1678; x_wconf 76' lang='grc' dir='ltr'><strong>οὔκ</strong></span> <span class='ocrx_word' id='word_1_98' title='bbox 633 1620 840 1678; x_wconf 89' lang='grc' dir='ltr'>ἐλάττω</span> <span class='ocrx_word' id='word_1_99' title='bbox 866 1618 1102 1699; x_wconf 70' lang='grc' dir='ltr'>πλέθρων</span> <span class='ocrx_word' id='word_1_100' title='bbox 1146 1618 1271 1679; x_wconf 75' lang='grc' dir='ltr'>ὄντα</span> <span class='ocrx_word' id='word_1_101' title='bbox 1311 1618 1371 1678; x_wconf 80' lang='grc' dir='ltr'><strong>τὸ</strong></span> <span class='ocrx_word' id='word_1_102' title='bbox 1412 1618 1606 1686; x_wconf 86' lang='grc' dir='ltr'>πλάτος</span> <span class='ocrx_word' id='word_1_103' title='bbox 1626 1665 1644 1696; x_wconf 87' lang='grc'>,</span> <span class='ocrx_word' id='word_1_104' title='bbox 1689 1619 1780 1688; x_wconf 86' lang='grc' dir='ltr'>ξυ-</span> 
     </span>
     <span class='ocr_line' id='line_1_15' title="bbox 206 1706 1782 1788; baseline 0.001 -23"><span class='ocrx_word' id='word_1_105' title='bbox 206 1706 325 1786; x_wconf 59' lang='grc' dir='ltr'><strong>λίντ]ι</strong></span> <span class='ocrx_word' id='word_1_106' title='bbox 369 1706 573 1788; x_wconf 69' lang='grc' dir='ltr'>γεφύρᾳ</span> <span class='ocrx_word' id='word_1_107' title='bbox 623 1706 930 1785; x_wconf 77' lang='grc' dir='ltr'>διαὸάντες,</span> <span class='ocrx_word' id='word_1_108' title='bbox 982 1707 1048 1781; x_wconf 75' lang='grc' dir='ltr'><strong>ἣν</strong></span> <span class='ocrx_word' id='word_1_109' title='bbox 1090 1709 1142 1765; x_wconf 88' lang='grc' dir='ltr'><strong>ἐν</strong></span> <span class='ocrx_word' id='word_1_110' title='bbox 1197 1708 1336 1787; x_wconf 74' lang='grc' dir='ltr'>τρισὶ</span> <span class='ocrx_word' id='word_1_111' title='bbox 1391 1708 1782 1767; x_wconf 84' lang='grc' dir='ltr'>κατεσκεύασαν</span> 
     </span>
     <span class='ocr_line' id='line_1_16' title="bbox 208 1793 1784 1877; baseline 0 -23"><span class='ocrx_word' id='word_1_112' title='bbox 208 1795 428 1876; x_wconf 61' lang='grc' dir='ltr'>ἡμέραις</span> <span class='ocrx_word' id='word_1_113' title='bbox 446 1841 464 1870; x_wconf 86' lang='grc'><strong>.,</strong></span> <span class='ocrx_word' id='word_1_114' title='bbox 497 1795 770 1873; x_wconf 67' lang='grc' dir='ltr'>διεξῄεσαν</span> <span class='ocrx_word' id='word_1_115' title='bbox 808 1796 910 1874; x_wconf 75' lang='lat'><strong>(2),</strong></span> <span class='ocrx_word' id='word_1_116' title='bbox 941 1793 1027 1854; x_wconf 70' lang='grc' dir='ltr'><strong>ἵνα</strong></span> <span class='ocrx_word' id='word_1_117' title='bbox 1055 1802 1162 1863; x_wconf 89' lang='grc' dir='ltr'>τοῖς</span> <span class='ocrx_word' id='word_1_118' title='bbox 1185 1796 1281 1873; x_wconf 71' lang='grc' dir='ltr'><strong>μὶν</strong></span> <span class='ocrx_word' id='word_1_119' title='bbox 1317 1794 1384 1854; x_wconf 78' lang='grc' dir='ltr'><strong>τὰ</strong></span> <span class='ocrx_word' id='word_1_120' title='bbox 1409 1794 1633 1876; x_wconf 76' lang='grc' dir='ltr'>σφέτερα</span> <span class='ocrx_word' id='word_1_121' title='bbox 1658 1819 1784 1877; x_wconf 79' lang='grc' dir='ltr'>φρο-</span> 
     </span>
     <span class='ocr_line' id='line_1_17' title="bbox 202 1882 1782 1965; baseline 0.001 -22"><span class='ocrx_word' id='word_1_122' title='bbox 202 1889 351 1943; x_wconf 78' lang='grc' dir='ltr'>νοῦσι</span> <span class='ocrx_word' id='word_1_123' title='bbox 384 1887 697 1961; x_wconf 80' lang='grc' dir='ltr'>Καμπανῶν</span> <span class='ocrx_word' id='word_1_124' title='bbox 741 1882 962 1965; x_wconf 77' lang='grc' dir='ltr'>θάρσος,</span> <span class='ocrx_word' id='word_1_125' title='bbox 991 1887 1060 1952; x_wconf 81' lang='grc' dir='ltr'><strong>ὡς</strong></span> <span class='ocrx_word' id='word_1_126' title='bbox 1092 1883 1160 1943; x_wconf 78' lang='grc' dir='ltr'><strong>τὰ</strong></span> <span class='ocrx_word' id='word_1_127' title='bbox 1192 1884 1449 1965; x_wconf 87' lang='grc' dir='ltr'>κράτιστα</span> <span class='ocrx_word' id='word_1_128' title='bbox 1478 1883 1782 1965; x_wconf 78' lang='grc' dir='ltr'>προῃρημέ-</span> 
     </span>
     <span class='ocr_line' id='line_1_18' title="bbox 207 1970 1783 2052; baseline 0 -21"><span class='ocrx_word' id='word_1_129' title='bbox 207 1993 342 2049; x_wconf 73' lang='grc' dir='ltr'>νοις,</span> <span class='ocrx_word' id='word_1_130' title='bbox 376 1971 653 2050; x_wconf 71' lang='grc' dir='ltr'>ἐνγένητα.</span> <span class='ocrx_word' id='word_1_131' title='bbox 673 2015 693 2048; x_wconf 86' lang='grc'>,</span> <span class='ocrx_word' id='word_1_132' title='bbox 714 1973 820 2039; x_wconf 85' lang='grc' dir='ltr'>τοῖς</span> <span class='ocrx_word' id='word_1_133' title='bbox 862 1970 917 2031; x_wconf 72' lang='grc' dir='ltr'><strong>δὲ</strong></span> <span class='ocrx_word' id='word_1_134' title='bbox 958 1972 1241 2049; x_wconf 75' lang='grc' dir='ltr'>τάναντία,</span> <span class='ocrx_word' id='word_1_135' title='bbox 1275 1971 1408 2040; x_wconf 84' lang='grc' dir='ltr'>δέος.</span> <span class='ocrx_word' id='word_1_136' title='bbox 1457 1973 1565 2033; x_wconf 82' lang='grc' dir='ltr'><strong>Καὶ</strong></span> <span class='ocrx_word' id='word_1_137' title='bbox 1592 1975 1783 2052; x_wconf 81' lang='grc' dir='ltr'>προελ·</span> 
     </span>
     <span class='ocr_line' id='line_1_19' title="bbox 207 2057 1778 2137; baseline 0 -20"><span class='ocrx_word' id='word_1_138' title='bbox 207 2058 380 2127; x_wconf 71' lang='grc' dir='ltr'>θόντες</span> <span class='ocrx_word' id='word_1_139' title='bbox 407 2058 646 2118; x_wconf 75' lang='grc' dir='ltr'>ἐπέκεινα</span> <span class='ocrx_word' id='word_1_140' title='bbox 676 2062 772 2130; x_wconf 65' lang='grc' dir='ltr'><strong>τῆς</strong></span> <span class='ocrx_word' id='word_1_141' title='bbox 794 2059 1024 2133; x_wconf 84' lang='grc' dir='ltr'>πόλεως,</span> <span class='ocrx_word' id='word_1_142' title='bbox 1052 2059 1156 2118; x_wconf 78' lang='grc' dir='ltr'><strong>άπὸ</strong></span> <span class='ocrx_word' id='word_1_143' title='bbox 1183 2057 1240 2137; x_wconf 83' lang='grc' dir='ltr'>μ’</span> <span class='ocrx_word' id='word_1_144' title='bbox 1264 2058 1488 2119; x_wconf 78' lang='grc' dir='ltr'>σταδίων</span> <span class='ocrx_word' id='word_1_145' title='bbox 1522 2058 1745 2131; x_wconf 82' lang='grc' dir='ltr'>Καπύης</span> <span class='ocrx_word' id='word_1_146' title='bbox 1762 2103 1778 2132; x_wconf 90' lang='grc'>,</span> 
     </span>
     <span class='ocr_line' id='line_1_20' title="bbox 210 2146 1781 2229; baseline 0 -24"><span class='ocrx_word' id='word_1_147' title='bbox 210 2148 710 2229; x_wconf 76' lang='grc' dir='ltr'>στρατοπεδεύονται</span> <span class='ocrx_word' id='word_1_148' title='bbox 773 2150 827 2204; x_wconf 87' lang='grc' dir='ltr'><strong>ἐν</strong></span> <span class='ocrx_word' id='word_1_149' title='bbox 885 2150 1071 2229; x_wconf 73' lang='grc' dir='ltr'>ὑψηλῷ</span> <span class='ocrx_word' id='word_1_150' title='bbox 1119 2149 1266 2226; x_wconf 84' lang='grc' dir='ltr'>τόπῳ</span> <span class='ocrx_word' id='word_1_151' title='bbox 1321 2147 1491 2214; x_wconf 80' lang='grc' dir='ltr'>θέντες</span> <span class='ocrx_word' id='word_1_152' title='bbox 1538 2146 1624 2205; x_wconf 78' lang='grc' dir='ltr'><strong>τὸν</strong></span> <span class='ocrx_word' id='word_1_153' title='bbox 1676 2147 1781 2227; x_wconf 84' lang='grc' dir='ltr'><strong>χά-</strong></span> 
     </span>
     <span class='ocr_line' id='line_1_21' title="bbox 211 2233 1781 2318; baseline 0.001 -23"><span class='ocrx_word' id='word_1_154' title='bbox 211 2258 363 2315; x_wconf 77' lang='grc' dir='ltr'>ρακα.</span> <span class='ocrx_word' id='word_1_155' title='bbox 400 2234 575 2296; x_wconf 78' lang='grc' dir='ltr'>Ἔνθα</span> <span class='ocrx_word' id='word_1_156' title='bbox 600 2233 942 2312; x_wconf 71' lang='grc' dir='ltr'>ὑπομένοντες</span> <span class='ocrx_word' id='word_1_157' title='bbox 978 2235 1071 2301; x_wconf 76' lang='grc' dir='ltr'><strong>τὰς</strong></span> <span class='ocrx_word' id='word_1_158' title='bbox 1106 2236 1252 2317; x_wconf 72' lang='grc' dir='ltr'>παρὰ</span> <span class='ocrx_word' id='word_1_159' title='bbox 1287 2238 1558 2297; x_wconf 84' lang='grc' dir='ltr'>Σαυνιτῶν</span> <span class='ocrx_word' id='word_1_160' title='bbox 1592 2236 1781 2318; x_wconf 80' lang='grc' dir='ltr'>ἀγοράς</span> 
     </span>
     <span class='ocr_line' id='line_1_22' title="bbox 209 2322 1784 2406; baseline 0.001 -24"><span class='ocrx_word' id='word_1_161' title='bbox 209 2346 267 2382; x_wconf 84' lang='grc' dir='ltr'><strong>τε</strong></span> <span class='ocrx_word' id='word_1_162' title='bbox 293 2324 389 2384; x_wconf 70' lang='grc' dir='ltr'><strong>καὶ</strong></span> <span class='ocrx_word' id='word_1_163' title='bbox 407 2324 715 2403; x_wconf 78' lang='grc' dir='ltr'>συμμαχίας</span> <span class='ocrx_word' id='word_1_164' title='bbox 734 2322 1106 2405; x_wconf 81' lang='grc' dir='ltr'>ἐκαραδόκουν.</span> <span class='ocrx_word' id='word_1_165' title='bbox 1131 2326 1202 2385; x_wconf 76' lang='grc' dir='ltr'><strong>Οἱ</strong></span> <span class='ocrx_word' id='word_1_166' title='bbox 1226 2322 1281 2383; x_wconf 82' lang='grc' dir='ltr'><strong>δὲ</strong></span> <span class='ocrx_word' id='word_1_167' title='bbox 1308 2323 1411 2406; x_wconf 77' lang='grc' dir='ltr'><strong>ἄρα</strong></span> <span class='ocrx_word' id='word_1_168' title='bbox 1436 2327 1784 2404; x_wconf 69' lang='grc' dir='ltr'>ὑπισχνοῦντο</span> 
     </span>
     <span class='ocr_line' id='line_1_23' title="bbox 210 2410 1784 2493; baseline 0.001 -22"><span class='ocrx_word' id='word_1_169' title='bbox 210 2411 311 2488; x_wconf 66' lang='grc' dir='ltr'><strong>μὲν</strong></span> <span class='ocrx_word' id='word_1_170' title='bbox 340 2415 517 2480; x_wconf 69' lang='grc' dir='ltr'>αὐτοῖς</span> <span class='ocrx_word' id='word_1_171' title='bbox 542 2412 708 2472; x_wconf 75' lang='grc' dir='ltr'>πλείω</span> <span class='ocrx_word' id='word_1_172' title='bbox 744 2416 848 2472; x_wconf 81' lang='grc' dir='ltr'><strong>τῶν</strong></span> <span class='ocrx_word' id='word_1_173' title='bbox 877 2414 1096 2486; x_wconf 74' lang='grc' dir='ltr'>ἱκανῶν,</span> <span class='ocrx_word' id='word_1_174' title='bbox 1128 2412 1384 2493; x_wconf 79' lang='grc' dir='ltr'>ἐπήρκουν</span> <span class='ocrx_word' id='word_1_175' title='bbox 1413 2411 1458 2471; x_wconf 88' lang='grc' dir='ltr'><strong>δ’</strong></span> <span class='ocrx_word' id='word_1_176' title='bbox 1496 2413 1641 2473; x_wconf 69' lang='grc' dir='ltr'>οὐδὲν</span> <span class='ocrx_word' id='word_1_177' title='bbox 1673 2410 1707 2471; x_wconf 73' lang='grc' dir='ltr'>ὅ</span> <span class='ocrx_word' id='word_1_178' title='bbox 1732 2436 1784 2472; x_wconf 88' lang='grc' dir='ltr'><strong>τι</strong></span> 
     </span>
     <span class='ocr_line' id='line_1_24' title="bbox 206 2500 1783 2582; baseline 0.001 -23"><span class='ocrx_word' id='word_1_179' title='bbox 206 2501 302 2561; x_wconf 82' lang='grc' dir='ltr'><strong>καὶ</strong></span> <span class='ocrx_word' id='word_1_180' title='bbox 342 2501 496 2579; x_wconf 82' lang='grc' dir='ltr'>λόγου</span> <span class='ocrx_word' id='word_1_181' title='bbox 533 2500 704 2571; x_wconf 75' lang='grc' dir='ltr'>ἄξιον·</span> <span class='ocrx_word' id='word_1_182' title='bbox 731 2501 982 2581; x_wconf 88' lang='grc' dir='ltr'>στρατιάν</span> <span class='ocrx_word' id='word_1_183' title='bbox 1007 2524 1063 2561; x_wconf 89' lang='grc' dir='ltr'><strong>τε</strong></span> <span class='ocrx_word' id='word_1_184' title='bbox 1093 2500 1195 2582; x_wconf 79' lang='grc' dir='ltr'>γὰρ</span> <span class='ocrx_word' id='word_1_185' title='bbox 1224 2504 1284 2561; x_wconf 86' lang='grc' dir='ltr'>ἐκ</span> <span class='ocrx_word' id='word_1_186' title='bbox 1317 2500 1492 2576; x_wconf 81' lang='grc' dir='ltr'>πάσης</span> <span class='ocrx_word' id='word_1_187' title='bbox 1518 2503 1715 2568; x_wconf 87' lang='grc' dir='ltr'>πόλεως</span> <span class='ocrx_word' id='word_1_188' title='bbox 1753 2503 1783 2533; x_wconf 69' lang='lat'><strong>¹*</strong></span> 
     </span>
     <span class='ocr_line' id='line_1_25' title="bbox 204 2587 1784 2671; baseline -0.001 -21"><span class='ocrx_word' id='word_1_189' title='bbox 204 2591 561 2667; x_wconf 69' lang='grc' dir='ltr'>σκηπτόμενοι</span> <span class='ocrx_word' id='word_1_190' title='bbox 587 2587 899 2671; x_wconf 75' lang='grc' dir='ltr'>κατέτριὸον</span> <span class='ocrx_word' id='word_1_191' title='bbox 938 2589 1057 2657; x_wconf 81' lang='grc' dir='ltr'>τοὺς</span> <span class='ocrx_word' id='word_1_192' title='bbox 1086 2589 1316 2670; x_wconf 73' lang='grc' dir='ltr'>χρόνους.</span> <span class='ocrx_word' id='word_1_193' title='bbox 1357 2588 1686 2666; x_wconf 77' lang='grc' dir='ltr'>Ἇπογνόντες</span> <span class='ocrx_word' id='word_1_194' title='bbox 1722 2588 1784 2662; x_wconf 77' lang='grc' dir='ltr'><strong>δὴ</strong></span> 
     </span>
     <span class='ocr_line' id='line_1_26' title="bbox 206 2677 1787 2756; baseline 0.001 -21"><span class='ocrx_word' id='word_1_195' title='bbox 206 2680 297 2749; x_wconf 63' lang='grc' dir='ltr'><strong>τῆς</strong></span> <span class='ocrx_word' id='word_1_196' title='bbox 323 2680 517 2736; x_wconf 80' lang='grc' dir='ltr'>ἐκεῖθεν</span> <span class='ocrx_word' id='word_1_197' title='bbox 546 2678 883 2756; x_wconf 71' lang='grc' dir='ltr'>ἐπικουρίας,</span> <span class='ocrx_word' id='word_1_198' title='bbox 913 2677 1003 2737; x_wconf 72' lang='grc' dir='ltr'><strong>καὶ</strong></span> <span class='ocrx_word' id='word_1_199' title='bbox 1039 2677 1132 2746; x_wconf 75' lang='grc' dir='ltr'><strong>τὰς</strong></span> <span class='ocrx_word' id='word_1_200' title='bbox 1173 2677 1268 2755; x_wconf 77' lang='grc' dir='ltr'><strong>μὲν</strong></span> <span class='ocrx_word' id='word_1_201' title='bbox 1312 2680 1510 2737; x_wconf 69' lang='grc' dir='ltr'>ἑαυτῶν</span> <span class='ocrx_word' id='word_1_202' title='bbox 1544 2677 1787 2756; x_wconf 88' lang='grc' dir='ltr'>δυνάμεις</span> 
     </span>
     <span class='ocr_line' id='line_1_27' title="bbox 206 2764 1785 2846; baseline 0.001 -23"><span class='ocrx_word' id='word_1_203' title='bbox 206 2768 421 2844; x_wconf 70' lang='grc' dir='ltr'>ὁρῶντες</span> <span class='ocrx_word' id='word_1_204' title='bbox 461 2766 613 2825; x_wconf 71' lang='grc' dir='ltr'>οὐδὲν</span> <span class='ocrx_word' id='word_1_205' title='bbox 640 2764 820 2844; x_wconf 74' lang='grc' dir='ltr'>ἰσχύος</span> <span class='ocrx_word' id='word_1_206' title='bbox 842 2767 898 2823; x_wconf 86' lang='grc' dir='ltr'>ἐκ</span> <span class='ocrx_word' id='word_1_207' title='bbox 927 2771 1014 2824; x_wconf 80' lang='grc' dir='ltr'><strong>τοῦ</strong></span> <span class='ocrx_word' id='word_1_208' title='bbox 1036 2768 1320 2846; x_wconf 59' lang='grc' dir='ltr'>χρονισμοῦ·</span> <span class='ocrx_word' id='word_1_209' title='bbox 1346 2764 1785 2846; x_wconf 70' lang='grc' dir='ltr'>προσλαμὸάνού·</span> 
     </span>
     <span class='ocr_line' id='line_1_28' title="bbox 208 2851 1784 2934; baseline 0 -24"><span class='ocrx_word' id='word_1_210' title='bbox 208 2874 303 2919; x_wconf 87' lang='grc' dir='ltr'><strong>σας</strong></span> <span class='ocrx_word' id='word_1_211' title='bbox 323 2897 339 2923; x_wconf 85' lang='grc'>,</span> <span class='ocrx_word' id='word_1_212' title='bbox 364 2852 458 2919; x_wconf 62' lang='grc' dir='ltr'><strong>τὰς</strong></span> <span class='ocrx_word' id='word_1_213' title='bbox 502 2851 559 2911; x_wconf 76' lang='grc' dir='ltr'><strong>δὲ</strong></span> <span class='ocrx_word' id='word_1_214' title='bbox 603 2855 711 2911; x_wconf 83' lang='grc' dir='ltr'><strong>τῶν</strong></span> <span class='ocrx_word' id='word_1_215' title='bbox 740 2852 1004 2928; x_wconf 87' lang='grc' dir='ltr'>πολεμίων</span> <span class='ocrx_word' id='word_1_216' title='bbox 1035 2856 1224 2934; x_wconf 79' lang='grc' dir='ltr'>μακρῷ</span> <span class='ocrx_word' id='word_1_217' title='bbox 1248 2852 1455 2919; x_wconf 84' lang='grc' dir='ltr'>πλείους</span> <span class='ocrx_word' id='word_1_218' title='bbox 1480 2852 1784 2931; x_wconf 80' lang='grc' dir='ltr'>γινομένας,</span> 
     </span>
    </p>
   </div>
   <div class='ocr_carea' id='block_1_3' title="bbox 203 2938 1823 3022">
    <p class='ocr_par' dir='ltr' id='par_1_4' title="bbox 203 2938 1823 3022">
     <span class='ocr_line' id='line_1_29' title="bbox 203 2938 1823 3022; baseline 0.001 -21"><span class='ocrx_word' id='word_1_219' title='bbox 203 2942 283 3001; x_wconf 80' lang='grc' dir='ltr'><strong>ἐπὶ</strong></span> <span class='ocrx_word' id='word_1_220' title='bbox 306 2940 374 3001; x_wconf 70' lang='grc' dir='ltr'><strong>τὰ</strong></span> <span class='ocrx_word' id='word_1_221' title='bbox 394 2940 523 3022; x_wconf 71' lang='grc' dir='ltr'>ἔργα</span> <span class='ocrx_word' id='word_1_222' title='bbox 546 2948 744 3022; x_wconf 79' lang='grc' dir='ltr'>χωρεῖν</span> <span class='ocrx_word' id='word_1_223' title='bbox 769 2940 1021 3019; x_wconf 78' lang='grc' dir='ltr'>ἔγνωσαν.</span> <span class='ocrx_word' id='word_1_224' title='bbox 1054 2939 1465 3020; x_wconf 82' lang='grc' dir='ltr'>Ἐνθυμούμενοι</span> <span class='ocrx_word' id='word_1_225' title='bbox 1486 2941 1530 3001; x_wconf 85' lang='grc' dir='ltr'><strong>δ’</strong></span> <span class='ocrx_word' id='word_1_226' title='bbox 1549 2940 1629 3000; x_wconf 82' lang='grc' dir='ltr'><strong>ὅτι</strong></span> <span class='ocrx_word' id='word_1_227' title='bbox 1652 2938 1785 3002; x_wconf 78' lang='grc' dir='ltr'>πολὺ</span> <span class='ocrx_word' id='word_1_228' title='bbox 1814 2985 1823 2990; x_wconf 89' lang='grc'>-</span> 
     </span>
    </p>
   </div>
   <div class='ocr_carea' id='block_1_4' title="bbox 198 3029 1786 4169">
    <p class='ocr_par' dir='ltr' id='par_1_5' title="bbox 198 3029 1786 4169">
     <span class='ocr_line' id='line_1_30' title="bbox 205 3029 1786 3112; baseline -0.001 -23"><span class='ocrx_word' id='word_1_229' title='bbox 205 3033 295 3100; x_wconf 72' lang='grc' dir='ltr'><strong>τῆς</strong></span> <span class='ocrx_word' id='word_1_230' title='bbox 336 3039 588 3112; x_wconf 78' lang='grc' dir='ltr'>στρατιᾶς</span> <span class='ocrx_word' id='word_1_231' title='bbox 618 3030 762 3088; x_wconf 75' lang='grc' dir='ltr'>ἐστὶν</span> <span class='ocrx_word' id='word_1_232' title='bbox 804 3029 863 3088; x_wconf 83' lang='grc' dir='ltr'><strong>τὸ</strong></span> <span class='ocrx_word' id='word_1_233' title='bbox 903 3029 1206 3109; x_wconf 79' lang='grc' dir='ltr'>δυσάγωγον</span> <span class='ocrx_word' id='word_1_234' title='bbox 1236 3030 1327 3088; x_wconf 77' lang='grc' dir='ltr'><strong>καὶ</strong></span> <span class='ocrx_word' id='word_1_235' title='bbox 1356 3038 1470 3099; x_wconf 90' lang='grc' dir='ltr'>ταῖς</span> <span class='ocrx_word' id='word_1_236' title='bbox 1515 3033 1786 3107; x_wconf 74' lang='grc' dir='ltr'>ἐπιταγαῖς</span> 
     </span>
     <span class='ocr_line' id='line_1_31' title="bbox 208 3117 1786 3197; baseline 0 -20"><span class='ocrx_word' id='word_1_237' title='bbox 208 3123 314 3177; x_wconf 75' lang='grc' dir='ltr'><strong>τῦν</strong></span> <span class='ocrx_word' id='word_1_238' title='bbox 358 3118 638 3197; x_wconf 70' lang='grc' dir='ltr'>ἡγεμόνων</span> <span class='ocrx_word' id='word_1_239' title='bbox 667 3117 876 3184; x_wconf 76' lang='grc' dir='ltr'>ἀπειθὲς</span> <span class='ocrx_word' id='word_1_240' title='bbox 921 3120 985 3196; x_wconf 74' lang='lat' dir='ltr'><strong>(a)</strong></span> <span class='ocrx_word' id='word_1_241' title='bbox 1000 3163 1016 3190; x_wconf 94' lang='lat'>‚</span> <span class='ocrx_word' id='word_1_242' title='bbox 1054 3122 1125 3184; x_wconf 83' lang='grc' dir='ltr'><strong>ὡς</strong></span> <span class='ocrx_word' id='word_1_243' title='bbox 1161 3120 1214 3177; x_wconf 88' lang='grc' dir='ltr'><strong>ἐν</strong></span> <span class='ocrx_word' id='word_1_244' title='bbox 1253 3119 1437 3186; x_wconf 79' lang='grc' dir='ltr'>ἄλλαις</span> <span class='ocrx_word' id='word_1_245' title='bbox 1470 3140 1527 3177; x_wconf 88' lang='grc' dir='ltr'><strong>τε</strong></span> <span class='ocrx_word' id='word_1_246' title='bbox 1567 3120 1786 3185; x_wconf 88' lang='grc' dir='ltr'>πολλαῖς</span> 
     </span>
     <span class='ocr_line' id='line_1_32' title="bbox 202 3204 1785 3289; baseline -0.002 -22"><span class='ocrx_word' id='word_1_247' title='bbox 202 3209 407 3289; x_wconf 77' lang='grc' dir='ltr'>πείραις</span> <span class='ocrx_word' id='word_1_248' title='bbox 448 3207 686 3278; x_wconf 76' lang='grc' dir='ltr'>ἐδήλωσε</span> <span class='ocrx_word' id='word_1_249' title='bbox 722 3205 813 3265; x_wconf 78' lang='grc' dir='ltr'><strong>καὶ</strong></span> <span class='ocrx_word' id='word_1_250' title='bbox 855 3204 922 3266; x_wconf 78' lang='grc' dir='ltr'><strong>τὰ</strong></span> <span class='ocrx_word' id='word_1_251' title='bbox 951 3208 1222 3266; x_wconf 86' lang='grc' dir='ltr'>τελευταῖα</span> <span class='ocrx_word' id='word_1_252' title='bbox 1252 3210 1304 3267; x_wconf 86' lang='grc' dir='ltr'><strong>ἐν</strong></span> <span class='ocrx_word' id='word_1_253' title='bbox 1347 3211 1412 3285; x_wconf 77' lang='grc' dir='ltr'><strong>τῇ</strong></span> <span class='ocrx_word' id='word_1_254' title='bbox 1461 3210 1785 3287; x_wconf 79' lang='grc' dir='ltr'>Καμπανικῇ</span> 
     </span>
     <span class='ocr_line' id='line_1_33' title="bbox 200 3285 1783 3377; baseline 0.001 -24"><span class='ocrx_word' id='word_1_255' title='bbox 200 3295 613 3377; x_wconf 58' lang='grc' dir='ltr'>παραχειμασίᾳ</span> <span class='ocrx_word' id='word_1_256' title='bbox 664 3298 754 3376; x_wconf 72' lang='grc' dir='ltr'><strong>ἀφ’</strong></span> <span class='ocrx_word' id='word_1_257' title='bbox 801 3285 861 3366; x_wconf 72' lang='grc' dir='ltr'><strong>ἧς</strong></span> <span class='ocrx_word' id='word_1_258' title='bbox 912 3297 983 3363; x_wconf 85' lang='grc' dir='ltr'><strong>εἷς</strong></span> <span class='ocrx_word' id='word_1_259' title='bbox 1027 3296 1284 3368; x_wconf 86' lang='grc' dir='ltr'>τοσαύτην</span> <span class='ocrx_word' id='word_1_260' title='bbox 1336 3295 1586 3355; x_wconf 79' lang='grc' dir='ltr'>ἀπόνοιαν</span> <span class='ocrx_word' id='word_1_261' title='bbox 1629 3286 1783 3366; x_wconf 80' lang='grc' dir='ltr'>ἦλθον</span> 
     </span>
     <span class='ocr_line' id='line_1_34' title="bbox 202 3381 1781 3462; baseline -0.001 -19"><span class='ocrx_word' id='word_1_262' title='bbox 202 3386 383 3446; x_wconf 73' lang='grc' dir='ltr'>αὐτῶν</span> <span class='ocrx_word' id='word_1_263' title='bbox 401 3384 560 3457; x_wconf 75' lang='grc' dir='ltr'>τινὲς,</span> <span class='ocrx_word' id='word_1_264' title='bbox 585 3382 721 3443; x_wconf 75' lang='grc' dir='ltr'>ὥστε</span> <span class='ocrx_word' id='word_1_265' title='bbox 750 3383 842 3443; x_wconf 79' lang='grc' dir='ltr'><strong>καὶ</strong></span> <span class='ocrx_word' id='word_1_266' title='bbox 866 3385 1076 3443; x_wconf 88' lang='grc' dir='ltr'>πόλεσιν</span> <span class='ocrx_word' id='word_1_267' title='bbox 1101 3384 1401 3462; x_wconf 80' lang='grc' dir='ltr'>ἐπιθέσθαι,</span> <span class='ocrx_word' id='word_1_268' title='bbox 1421 3383 1513 3443; x_wconf 83' lang='grc' dir='ltr'><strong>καὶ</strong></span> <span class='ocrx_word' id='word_1_269' title='bbox 1532 3382 1620 3442; x_wconf 81' lang='grc' dir='ltr'><strong>τὸν</strong></span> <span class='ocrx_word' id='word_1_270' title='bbox 1645 3381 1781 3441; x_wconf 73' lang='grc' dir='ltr'>ὅπα-</span> 
     </span>
     <span class='ocr_line' id='line_1_35' title="bbox 200 3469 1782 3552; baseline -0.001 -21"><span class='ocrx_word' id='word_1_271' title='bbox 200 3495 293 3532; x_wconf 88' lang='grc' dir='ltr'><strong>τον</strong></span> <span class='ocrx_word' id='word_1_272' title='bbox 316 3473 631 3531; x_wconf 80' lang='grc' dir='ltr'>καταλιπεῖν</span> <span class='ocrx_word' id='word_1_273' title='bbox 655 3471 748 3531; x_wconf 82' lang='grc' dir='ltr'><strong>καὶ</strong></span> <span class='ocrx_word' id='word_1_274' title='bbox 772 3470 909 3531; x_wconf 76' lang='grc' dir='ltr'>κατὰ</span> <span class='ocrx_word' id='word_1_275' title='bbox 933 3476 1022 3544; x_wconf 68' lang='grc' dir='ltr'><strong>τῆς</strong></span> <span class='ocrx_word' id='word_1_276' title='bbox 1044 3472 1289 3552; x_wconf 85' lang='grc' dir='ltr'>πατρίδος</span> <span class='ocrx_word' id='word_1_277' title='bbox 1313 3469 1451 3531; x_wconf 79' lang='grc' dir='ltr'>ὅπλα</span> <span class='ocrx_word' id='word_1_278' title='bbox 1480 3471 1782 3545; x_wconf 77' lang='grc' dir='ltr'>ἀναλαὸεῖν,</span> 
     </span>
     <span class='ocr_line' id='line_1_36' title="bbox 198 3556 1780 3643; baseline -0.004 -22"><span class='ocrx_word' id='word_1_279' title='bbox 198 3560 417 3629; x_wconf 82' lang='grc' dir='ltr'>τούτους</span> <span class='ocrx_word' id='word_1_280' title='bbox 440 3559 605 3640; x_wconf 81' lang='grc' dir='ltr'>ᾤοντο</span> <span class='ocrx_word' id='word_1_281' title='bbox 628 3561 738 3620; x_wconf 81' lang='grc' dir='ltr'>δεῖν</span> <span class='ocrx_word' id='word_1_282' title='bbox 763 3563 969 3643; x_wconf 80' lang='grc' dir='ltr'>πρῶτον</span> <span class='ocrx_word' id='word_1_283' title='bbox 1001 3561 1265 3629; x_wconf 79' lang='grc' dir='ltr'>ἀποδεῖξαι</span> <span class='ocrx_word' id='word_1_284' title='bbox 1310 3556 1780 3641; x_wconf 70' lang='grc' dir='ltr'>σωφρονεστέρους,</span> 
     </span>
     <span class='ocr_line' id='line_1_37' title="bbox 198 3645 1781 3728; baseline -0.003 -19"><span class='ocrx_word' id='word_1_285' title='bbox 198 3650 489 3728; x_wconf 75' lang='grc' dir='ltr'>δεινότερον</span> <span class='ocrx_word' id='word_1_286' title='bbox 536 3647 852 3719; x_wconf 77' lang='grc' dir='ltr'>ποιήσαντες</span> <span class='ocrx_word' id='word_1_287' title='bbox 886 3649 1057 3715; x_wconf 79' lang='grc' dir='ltr'>αὖτοῖς</span> <span class='ocrx_word' id='word_1_288' title='bbox 1104 3648 1191 3708; x_wconf 75' lang='grc' dir='ltr'><strong>τὸν</strong></span> <span class='ocrx_word' id='word_1_289' title='bbox 1219 3647 1321 3707; x_wconf 79' lang='grc' dir='ltr'><strong>ἀπὸ</strong></span> <span class='ocrx_word' id='word_1_290' title='bbox 1371 3651 1473 3706; x_wconf 82' lang='grc' dir='ltr'><strong>τῶν</strong></span> <span class='ocrx_word' id='word_1_291' title='bbox 1510 3645 1781 3725; x_wconf 76' lang='grc' dir='ltr'>ἡγεμόνων</span> 
     </span>
     <span class='ocr_line' id='line_1_38' title="bbox 204 3734 1778 3818; baseline -0.003 -22"><span class='ocrx_word' id='word_1_292' title='bbox 204 3737 364 3818; x_wconf 66' lang='lat' dir='ltr'><strong>Ldvfov</strong></span> <span class='ocrx_word' id='word_1_293' title='bbox 390 3737 433 3809; x_wconf 70' lang='grc' dir='ltr'>ἢ</span> <span class='ocrx_word' id='word_1_294' title='bbox 456 3736 545 3796; x_wconf 65' lang='grc' dir='ltr'><strong>τὸν</strong></span> <span class='ocrx_word' id='word_1_295' title='bbox 570 3737 678 3795; x_wconf 73' lang='grc' dir='ltr'><strong>ἀπὸ</strong></span> <span class='ocrx_word' id='word_1_296' title='bbox 695 3739 799 3795; x_wconf 73' lang='grc' dir='ltr'><strong>τῶν</strong></span> <span class='ocrx_word' id='word_1_297' title='bbox 826 3734 1073 3812; x_wconf 76' lang='grc' dir='ltr'>πολέμων</span> <span class='ocrx_word' id='word_1_298' title='bbox 1098 3735 1160 3814; x_wconf 76' lang='grc'><strong>(4)</strong></span> <span class='ocrx_word' id='word_1_299' title='bbox 1180 3735 1436 3796; x_wconf 78' lang='grc' dir='ltr'>κίνδυνον.</span> <span class='ocrx_word' id='word_1_300' title='bbox 1460 3737 1645 3794; x_wconf 73' lang='grc' dir='ltr'>Ταῦτα</span> <span class='ocrx_word' id='word_1_301' title='bbox 1665 3737 1778 3793; x_wconf 86' lang='grc' dir='ltr'>δια-</span> 
     </span>
     <span class='ocr_line' id='line_1_39' title="bbox 202 3822 1770 3902; baseline -0.004 -16"><span class='ocrx_word' id='word_1_302' title='bbox 202 3826 473 3898; x_wconf 62' lang='grc' dir='ltr'>νοηθέντες</span> <span class='ocrx_word' id='word_1_303' title='bbox 524 3823 813 3896; x_wconf 70' lang='grc' dir='ltr'>ἐκκλησίαν</span> <span class='ocrx_word' id='word_1_304' title='bbox 864 3827 1083 3902; x_wconf 75' lang='grc' dir='ltr'>συνῆγον</span> <span class='ocrx_word' id='word_1_305' title='bbox 1099 3847 1112 3860; x_wconf 89' lang='grc'><em>·</em></span> <span class='ocrx_word' id='word_1_306' title='bbox 1181 3822 1271 3882; x_wconf 83' lang='grc' dir='ltr'><strong>καὶ</strong></span> <span class='ocrx_word' id='word_1_307' title='bbox 1319 3822 1461 3901; x_wconf 78' lang='grc' dir='ltr'>λέγει</span> <span class='ocrx_word' id='word_1_308' title='bbox 1514 3822 1770 3892; x_wconf 82' lang='grc' dir='ltr'>Μάλλιος.</span> 
     </span>
     <span class='ocr_line' id='line_1_40' title="bbox 210 3911 1776 3995; baseline -0.003 -19"><span class='ocrx_word' id='word_1_309' title='bbox 210 3915 413 3987; x_wconf 73' lang='grc' dir='ltr'>Ζήτει</span> <span class='ocrx_word' id='word_1_310' title='bbox 473 3915 539 3972; x_wconf 80' lang='grc' dir='ltr'><strong>ἐν</strong></span> <span class='ocrx_word' id='word_1_311' title='bbox 603 3917 688 3995; x_wconf 75' lang='grc' dir='ltr'><strong>τῷ</strong></span> <span class='ocrx_word' id='word_1_312' title='bbox 768 3912 939 3992; x_wconf 84' lang='grc' dir='ltr'>Περὶ</span> <span class='ocrx_word' id='word_1_313' title='bbox 1004 3911 1597 3994; x_wconf 82' lang='grc' dir='ltr'>στρατηγημάτων</span> <span class='ocrx_word' id='word_1_314' title='bbox 1668 3911 1776 3971; x_wconf 76' lang='grc' dir='ltr'><strong>καὶ</strong></span> 
     </span>
     <span class='ocr_line' id='line_1_41' title="bbox 198 3999 1773 4083; baseline -0.002 -21"><span class='ocrx_word' id='word_1_315' title='bbox 198 4005 672 4083; x_wconf 74' lang='grc' dir='ltr'>δημηγοριῶν,</span> <span class='ocrx_word' id='word_1_316' title='bbox 732 4002 890 4082; x_wconf 77' lang='grc' dir='ltr'>ὑπὲρ</span> <span class='ocrx_word' id='word_1_317' title='bbox 944 4006 1053 4060; x_wconf 74' lang='grc' dir='ltr'><strong>τοῦ</strong></span> <span class='ocrx_word' id='word_1_318' title='bbox 1128 4001 1293 4081; x_wconf 76' lang='grc' dir='ltr'>[υἱοῦ</span> <span class='ocrx_word' id='word_1_319' title='bbox 1360 4005 1493 4073; x_wconf 74' lang='grc' dir='ltr'>τοῦ]</span> <span class='ocrx_word' id='word_1_320' title='bbox 1520 3999 1773 4059; x_wconf 78' lang='grc' dir='ltr'>ὑπάτου</span> 
     </span>
     <span class='ocr_line' id='line_1_42' title="bbox 206 4087 1444 4169; baseline -0.002 -17"><span class='ocrx_word' id='word_1_321' title='bbox 206 4089 517 4152; x_wconf 68' lang='grc' dir='ltr'>Μαλλίου</span> <span class='ocrx_word' id='word_1_322' title='bbox 542 4095 659 4150; x_wconf 75' lang='grc' dir='ltr'><strong>τοῦ</strong></span> <span class='ocrx_word' id='word_1_323' title='bbox 692 4089 1197 4169; x_wconf 71' lang='grc' dir='ltr'>μονομαχήσαν</span> <span class='ocrx_word' id='word_1_324' title='bbox 1218 4113 1328 4156; x_wconf 89' lang='grc' dir='ltr'><strong>τος</strong></span> <span class='ocrx_word' id='word_1_325' title='bbox 1359 4087 1444 4168; x_wconf 74' lang='lat'><strong>(5).</strong></span> 
     </span>
    </p>
   </div>
   <div class='ocr_carea' id='block_1_5' title="bbox 3239 452 3443 499">
    <p class='ocr_par' dir='ltr' id='par_1_6' title="bbox 3239 452 3443 499">
     <span class='ocr_line' id='line_1_43' title="bbox 3239 452 3443 499; baseline 0.015 -3"><span class='ocrx_word' id='word_1_326' title='bbox 3239 452 3443 499; x_wconf 71' lang='grc' dir='ltr'><strong>ΧΧΧΙΧ</strong></span> 
     </span>
    </p>
   </div>
   <div class='ocr_carea' id='block_1_6' title="bbox 1872 562 3442 631">
    <p class='ocr_par' dir='ltr' id='par_1_7' title="bbox 1872 562 3442 631">
     <span class='ocr_line' id='line_1_44' title="bbox 1872 562 3442 631; baseline 0.005 -19"><span class='ocrx_word' id='word_1_327' title='bbox 1872 562 1953 619; x_wconf 86' lang='lat' dir='ltr'><strong>alii</strong></span> <span class='ocrx_word' id='word_1_328' title='bbox 1973 562 2113 612; x_wconf 89' lang='lat' dir='ltr'><strong>multi</strong></span> <span class='ocrx_word' id='word_1_329' title='bbox 2128 563 2342 625; x_wconf 86' lang='lat' dir='ltr'><strong>quotidie</strong></span> <span class='ocrx_word' id='word_1_330' title='bbox 2364 578 2415 614; x_wconf 73' lang='lat' dir='ltr'><strong>se</strong></span> <span class='ocrx_word' id='word_1_331' title='bbox 2428 564 2768 629; x_wconf 71' lang='lat' dir='ltr'><strong>adjungebant,</strong></span> <span class='ocrx_word' id='word_1_332' title='bbox 2787 571 2992 631; x_wconf 80' lang='lat' dir='ltr'><strong>Jamque</strong></span> <span class='ocrx_word' id='word_1_333' title='bbox 3008 569 3160 618; x_wconf 79' lang='lat' dir='ltr'><strong>valida</strong></span> <span class='ocrx_word' id='word_1_334' title='bbox 3178 569 3442 621; x_wconf 79' lang='lat' dir='ltr'><strong>admodum</strong></span> 
     </span>
    </p>
   </div>
   <div class='ocr_carea' id='block_1_7' title="bbox 1872 662 3442 807">
    <p class='ocr_par' dir='ltr' id='par_1_8' title="bbox 1872 662 3442 807">
     <span class='ocr_line' id='line_1_45' title="bbox 1872 662 3442 727; baseline 0.006 -22"><span class='ocrx_word' id='word_1_335' title='bbox 1872 669 2076 707; x_wconf 87' lang='lat' dir='ltr'><strong>numero</strong></span> <span class='ocrx_word' id='word_1_336' title='bbox 2099 671 2270 708; x_wconf 86' lang='lat' dir='ltr'><strong>manus</strong></span> <span class='ocrx_word' id='word_1_337' title='bbox 2292 662 2412 709; x_wconf 85' lang='lat' dir='ltr'><strong>erat.</strong></span> <span class='ocrx_word' id='word_1_338' title='bbox 2441 663 2554 709; x_wconf 83' lang='lat' dir='ltr'><strong>Mox</strong></span> <span class='ocrx_word' id='word_1_339' title='bbox 2572 662 2718 710; x_wconf 82' lang='lat' dir='ltr'><strong>etiam</strong></span> <span class='ocrx_word' id='word_1_340' title='bbox 2742 663 2976 724; x_wconf 76' lang='lat' dir='ltr'><strong>ergastula</strong></span> <span class='ocrx_word' id='word_1_341' title='bbox 3002 666 3240 727; x_wconf 84' lang='lat' dir='ltr'><strong>quotquot</strong></span> <span class='ocrx_word' id='word_1_342' title='bbox 3272 679 3442 715; x_wconf 79' lang='lat' dir='ltr'><strong>eorum</strong></span> 
     </span>
     <span class='ocr_line' id='line_1_46' title="bbox 1873 742 2945 807; baseline 0.007 -16"><span class='ocrx_word' id='word_1_343' title='bbox 1873 742 1921 791; x_wconf 89' lang='lat' dir='ltr'><strong>in</strong></span> <span class='ocrx_word' id='word_1_344' title='bbox 1942 743 2068 807; x_wconf 80' lang='lat' dir='ltr'><strong>agris</strong></span> <span class='ocrx_word' id='word_1_345' title='bbox 2089 749 2224 796; x_wconf 88' lang='lat' dir='ltr'><strong>erant</strong></span> <span class='ocrx_word' id='word_1_346' title='bbox 2246 746 2402 796; x_wconf 88' lang='lat' dir='ltr'><strong>soluta</strong></span> <span class='ocrx_word' id='word_1_347' title='bbox 2432 746 2493 796; x_wconf 88' lang='lat' dir='ltr'><strong>ad</strong></span> <span class='ocrx_word' id='word_1_348' title='bbox 2521 760 2604 798; x_wconf 89' lang='lat' dir='ltr'><strong>eos</strong></span> <span class='ocrx_word' id='word_1_349' title='bbox 2625 748 2945 799; x_wconf 82' lang='lat' dir='ltr'><strong>confluebant.</strong></span> 
     </span>
    </p>
   </div>
   <div class='ocr_carea' id='block_1_8' title="bbox 1869 840 3448 3934">
    <p class='ocr_par' dir='ltr' id='par_1_9' title="bbox 1869 840 3448 3836">
     <span class='ocr_line' id='line_1_47' title="bbox 1936 840 3440 905; baseline 0.005 -16"><span class='ocrx_word' id='word_1_350' title='bbox 1936 841 2022 890; x_wconf 83' lang='grc' dir='ltr'><strong>ΙΙΙ.</strong></span> <span class='ocrx_word' id='word_1_351' title='bbox 2060 840 2292 890; x_wconf 79' lang='lat' dir='ltr'><strong>consules</strong></span> <span class='ocrx_word' id='word_1_352' title='bbox 2326 841 2657 891; x_wconf 89' lang='lat' dir='ltr'><strong>intermediam</strong></span> <span class='ocrx_word' id='word_1_353' title='bbox 2701 843 2940 905; x_wconf 73' lang='lat' dir='ltr'><strong>regionem</strong></span> <span class='ocrx_word' id='word_1_354' title='bbox 2976 844 3249 896; x_wconf 76' lang='lat' dir='ltr'><strong>universam</strong></span> <span class='ocrx_word' id='word_1_355' title='bbox 3286 848 3440 896; x_wconf 87' lang='lat' dir='ltr'><strong>securi</strong></span> 
     </span>
     <span class='ocr_line' id='line_1_48' title="bbox 1874 944 3441 1011; baseline 0.005 -19"><span class='ocrx_word' id='word_1_356' title='bbox 1874 946 2209 1006; x_wconf 84' lang='lat' dir='ltr'><strong>permearunt,</strong></span> <span class='ocrx_word' id='word_1_357' title='bbox 2233 944 2339 995; x_wconf 88' lang='lat' dir='ltr'><strong>aliis</strong></span> <span class='ocrx_word' id='word_1_358' title='bbox 2369 944 2487 995; x_wconf 82' lang='lat' dir='ltr'><strong>nibil</strong></span> <span class='ocrx_word' id='word_1_359' title='bbox 2518 946 2688 995; x_wconf 83' lang='lat' dir='ltr'><strong>hostile</strong></span> <span class='ocrx_word' id='word_1_360' title='bbox 2720 947 3120 1011; x_wconf 71' lang='lat' dir='ltr'><strong>suscipientibus,</strong></span> <span class='ocrx_word' id='word_1_361' title='bbox 3156 950 3259 999; x_wconf 83' lang='lat' dir='ltr'><strong>aliis</strong></span> <span class='ocrx_word' id='word_1_362' title='bbox 3295 950 3441 1000; x_wconf 88' lang='lat' dir='ltr'><strong>etiam</strong></span> 
     </span>
     <span class='ocr_line' id='line_1_49' title="bbox 1873 1034 3444 1113; baseline 0.008 -21"><span class='ocrx_word' id='word_1_363' title='bbox 1873 1044 2273 1107; x_wconf 74' lang='lat' dir='ltr'><strong>prosequentibus</strong></span> <span class='ocrx_word' id='word_1_364' title='bbox 2299 1047 2580 1097; x_wconf 82' lang='lat' dir='ltr'><strong>exercitum.</strong></span> <span class='ocrx_word' id='word_1_365' title='bbox 2649 1051 2937 1112; x_wconf 78' lang='lat' dir='ltr'><strong>Quanquam</strong></span> <span class='ocrx_word' id='word_1_366' title='bbox 2958 1034 3249 1113; x_wconf 68' lang='lat' dir='ltr'><strong>perdifficilis</strong></span> <span class='ocrx_word' id='word_1_367' title='bbox 3267 1052 3347 1102; x_wconf 76' lang='lat' dir='ltr'><strong>via</strong></span> <span class='ocrx_word' id='word_1_368' title='bbox 3370 1055 3444 1104; x_wconf 83' lang='lat' dir='ltr'><strong>est</strong></span> 
     </span>
     <span class='ocr_line' id='line_1_50' title="bbox 1872 1146 3443 1216; baseline 0.008 -21"><span class='ocrx_word' id='word_1_369' title='bbox 1872 1160 1984 1209; x_wconf 77' lang='lat' dir='ltr'><strong>quae</strong></span> <span class='ocrx_word' id='word_1_370' title='bbox 2000 1149 2156 1198; x_wconf 85' lang='lat' dir='ltr'><strong>Roma</strong></span> <span class='ocrx_word' id='word_1_371' title='bbox 2174 1146 2224 1197; x_wconf 87' lang='lat' dir='ltr'><strong>in</strong></span> <span class='ocrx_word' id='word_1_372' title='bbox 2240 1149 2552 1214; x_wconf 76' lang='lat' dir='ltr'><strong>Campaniam</strong></span> <span class='ocrx_word' id='word_1_373' title='bbox 2572 1150 2735 1214; x_wconf 87' lang='lat' dir='ltr'><strong>ducit,</strong></span> <span class='ocrx_word' id='word_1_374' title='bbox 2756 1151 3019 1216; x_wconf 87' lang='lat' dir='ltr'><strong>intercepta</strong></span> <span class='ocrx_word' id='word_1_375' title='bbox 3040 1154 3303 1216; x_wconf 75' lang='lat' dir='ltr'><strong>montibus,</strong></span> <span class='ocrx_word' id='word_1_376' title='bbox 3329 1156 3443 1207; x_wconf 88' lang='lat' dir='ltr'><strong>locis</strong></span> 
     </span>
     <span class='ocr_line' id='line_1_51' title="bbox 1874 1250 3442 1319; baseline 0.006 -20"><span class='ocrx_word' id='word_1_377' title='bbox 1874 1250 2167 1312; x_wconf 74' lang='lat' dir='ltr'><strong>palustribus</strong></span> <span class='ocrx_word' id='word_1_378' title='bbox 2197 1252 2248 1302; x_wconf 88' lang='lat' dir='ltr'><strong>et</strong></span> <span class='ocrx_word' id='word_1_379' title='bbox 2279 1251 2507 1314; x_wconf 88' lang='lat' dir='ltr'><strong>marinis,</strong></span> <span class='ocrx_word' id='word_1_380' title='bbox 2537 1252 2790 1317; x_wconf 75' lang='lat' dir='ltr'><strong>fluviisque</strong></span> <span class='ocrx_word' id='word_1_381' title='bbox 2831 1255 3180 1318; x_wconf 75' lang='lat' dir='ltr'><strong>navigabilibus</strong></span> <span class='ocrx_word' id='word_1_382' title='bbox 3217 1277 3230 1307; x_wconf 72' lang='grc' dir='ltr'><strong>ε</strong></span> <span class='ocrx_word' id='word_1_383' title='bbox 3258 1271 3379 1319; x_wconf 75' lang='lat' dir='ltr'><strong>quos</strong></span> <span class='ocrx_word' id='word_1_384' title='bbox 3404 1258 3442 1308; x_wconf 88' lang='lat' dir='ltr'><strong>sl</strong></span> 
     </span>
     <span class='ocr_line' id='line_1_52' title="bbox 1875 1347 3441 1416; baseline 0.003 -20"><span class='ocrx_word' id='word_1_385' title='bbox 1875 1347 2025 1397; x_wconf 82' lang='lat' dir='ltr'><strong>bostis</strong></span> <span class='ocrx_word' id='word_1_386' title='bbox 2044 1352 2446 1412; x_wconf 67' lang='lat' dir='ltr'><strong>praeoccupasset,</strong></span> <span class='ocrx_word' id='word_1_387' title='bbox 2470 1349 2672 1399; x_wconf 83' lang='lat' dir='ltr'><strong>transitu</strong></span> <span class='ocrx_word' id='word_1_388' title='bbox 2699 1351 2919 1401; x_wconf 84' lang='lat' dir='ltr'><strong>consules</strong></span> <span class='ocrx_word' id='word_1_389' title='bbox 2943 1351 3081 1403; x_wconf 85' lang='lat' dir='ltr'><strong>t&#39;acile</strong></span> <span class='ocrx_word' id='word_1_390' title='bbox 3105 1354 3441 1416; x_wconf 73' lang='lat' dir='ltr'><strong>prohibuisset.</strong></span> 
     </span>
     <span class='ocr_line' id='line_1_53' title="bbox 1876 1444 3448 1515; baseline 0.004 -21"><span class='ocrx_word' id='word_1_391' title='bbox 1876 1444 2057 1494; x_wconf 80' lang='lat' dir='ltr'><strong>Deinde</strong></span> <span class='ocrx_word' id='word_1_392' title='bbox 2079 1446 2373 1496; x_wconf 75' lang='lat' dir='ltr'><strong>Volturnum</strong></span> <span class='ocrx_word' id='word_1_393' title='bbox 2396 1446 2618 1510; x_wconf 84' lang='lat' dir='ltr'><strong>fluvium,</strong></span> <span class='ocrx_word' id='word_1_394' title='bbox 2642 1449 2725 1511; x_wconf 88' lang='lat' dir='ltr'><strong>qui</strong></span> <span class='ocrx_word' id='word_1_395' title='bbox 2745 1448 3065 1499; x_wconf 84' lang='lat' dir='ltr'><strong>Casilinorum</strong></span> <span class='ocrx_word' id='word_1_396' title='bbox 3086 1463 3224 1515; x_wconf 80' lang='lat' dir='ltr'><strong>agros</strong></span> <span class='ocrx_word' id='word_1_397' title='bbox 3240 1452 3291 1501; x_wconf 91' lang='lat' dir='ltr'><strong>et</strong></span> <span class='ocrx_word' id='word_1_398' title='bbox 3314 1451 3448 1515; x_wconf 88' lang='lat' dir='ltr'><strong>oppl-</strong></span> 
     </span>
     <span class='ocr_line' id='line_1_54' title="bbox 1872 1540 3445 1612; baseline 0.007 -23"><span class='ocrx_word' id='word_1_399' title='bbox 1872 1540 1990 1590; x_wconf 81' lang='lat' dir='ltr'><strong>‹lum</strong></span> <span class='ocrx_word' id='word_1_400' title='bbox 2011 1541 2230 1603; x_wconf 84' lang='lat' dir='ltr'><strong>pertluit,</strong></span> <span class='ocrx_word' id='word_1_401' title='bbox 2255 1543 2448 1606; x_wconf 83' lang='lat' dir='ltr'><strong>triginta</strong></span> <span class='ocrx_word' id='word_1_402' title='bbox 2478 1548 2643 1607; x_wconf 87' lang='lat' dir='ltr'><strong>Capua</strong></span> <span class='ocrx_word' id='word_1_403' title='bbox 2665 1545 2832 1596; x_wconf 84' lang='lat' dir='ltr'><strong>stadiis</strong></span> <span class='ocrx_word' id='word_1_404' title='bbox 2852 1545 3135 1607; x_wconf 87' lang='lat' dir='ltr'><strong>distantem,</strong></span> <span class='ocrx_word' id='word_1_405' title='bbox 3162 1548 3312 1598; x_wconf 90' lang='lat' dir='ltr'><strong>trium</strong></span> <span class='ocrx_word' id='word_1_406' title='bbox 3339 1549 3445 1612; x_wconf 87' lang='lat' dir='ltr'><strong>ple·</strong></span> 
     </span>
     <span class='ocr_line' id='line_1_55' title="bbox 1872 1638 3443 1707; baseline 0.006 -21"><span class='ocrx_word' id='word_1_407' title='bbox 1872 1638 2096 1687; x_wconf 69' lang='lat' dir='ltr'><strong>iturorum</strong></span> <span class='ocrx_word' id='word_1_408' title='bbox 2132 1638 2388 1691; x_wconf 89' lang='lat' dir='ltr'><strong>latitudine</strong></span> <span class='ocrx_word' id='word_1_409' title='bbox 2418 1640 2548 1690; x_wconf 80' lang='lat' dir='ltr'><strong>haud</strong></span> <span class='ocrx_word' id='word_1_410' title='bbox 2588 1640 2848 1703; x_wconf 86' lang='lat' dir='ltr'><strong>minorem,</strong></span> <span class='ocrx_word' id='word_1_411' title='bbox 2882 1645 3028 1705; x_wconf 88' lang='lat' dir='ltr'><strong>ponte</strong></span> <span class='ocrx_word' id='word_1_412' title='bbox 3067 1644 3253 1707; x_wconf 82' lang='lat' dir='ltr'><strong>ligneo,</strong></span> <span class='ocrx_word' id='word_1_413' title='bbox 3300 1645 3443 1695; x_wconf 91' lang='lat' dir='ltr'><strong>trium</strong></span> 
     </span>
     <span class='ocr_line' id='line_1_56' title="bbox 1872 1734 3444 1802; baseline 0.004 -18"><span class='ocrx_word' id='word_1_414' title='bbox 1872 1749 2017 1798; x_wconf 85' lang='lat' dir='ltr'><strong>opere</strong></span> <span class='ocrx_word' id='word_1_415' title='bbox 2040 1734 2245 1799; x_wconf 88' lang='lat' dir='ltr'><strong>dierum,</strong></span> <span class='ocrx_word' id='word_1_416' title='bbox 2266 1735 2578 1799; x_wconf 85' lang='lat' dir='ltr'><strong>transierunt,</strong></span> <span class='ocrx_word' id='word_1_417' title='bbox 2599 1738 2756 1800; x_wconf 90' lang='lat' dir='ltr'><strong>utqui</strong></span> <span class='ocrx_word' id='word_1_418' title='bbox 2777 1751 2889 1787; x_wconf 90' lang='lat' dir='ltr'><strong>cum</strong></span> <span class='ocrx_word' id='word_1_419' title='bbox 2913 1738 3025 1802; x_wconf 85' lang='lat' dir='ltr'><strong>ipsis</strong></span> <span class='ocrx_word' id='word_1_420' title='bbox 3044 1738 3282 1789; x_wconf 74' lang='lat' dir='ltr'><strong>faciebant</strong></span> <span class='ocrx_word' id='word_1_421' title='bbox 3301 1741 3444 1789; x_wconf 87' lang='lat' dir='ltr'><strong>Cam-</strong></span> 
     </span>
     <span class='ocr_line' id='line_1_57' title="bbox 1875 1833 3442 1899; baseline 0.004 -21"><span class='ocrx_word' id='word_1_422' title='bbox 1875 1833 2012 1896; x_wconf 81' lang='lat' dir='ltr'><strong>panis</strong></span> <span class='ocrx_word' id='word_1_423' title='bbox 2030 1833 2275 1895; x_wconf 86' lang='lat' dir='ltr'><strong>tiduciam,</strong></span> <span class='ocrx_word' id='word_1_424' title='bbox 2297 1836 2464 1896; x_wconf 90' lang='lat' dir='ltr'><strong>utpote</strong></span> <span class='ocrx_word' id='word_1_425' title='bbox 2485 1836 2669 1898; x_wconf 85' lang='lat' dir='ltr'><strong>potiora</strong></span> <span class='ocrx_word' id='word_1_426' title='bbox 2692 1836 2944 1899; x_wconf 77' lang='lat' dir='ltr'><strong>amplexiS‚</strong></span> <span class='ocrx_word' id='word_1_427' title='bbox 2963 1835 3212 1899; x_wconf 80' lang='lat' dir='ltr'><strong>adderent,</strong></span> <span class='ocrx_word' id='word_1_428' title='bbox 3232 1837 3289 1886; x_wconf 87' lang='lat' dir='ltr'><strong>iis</strong></span> <span class='ocrx_word' id='word_1_429' title='bbox 3309 1851 3442 1897; x_wconf 78' lang='lat' dir='ltr'><strong>vero,</strong></span> 
     </span>
     <span class='ocr_line' id='line_1_58' title="bbox 1876 1929 3442 1995; baseline 0.003 -17"><span class='ocrx_word' id='word_1_430' title='bbox 1876 1929 1962 1994; x_wconf 87' lang='lat' dir='ltr'><strong>qui</strong></span> <span class='ocrx_word' id='word_1_431' title='bbox 1997 1930 2211 1981; x_wconf 85' lang='lat' dir='ltr'><strong>bostium</strong></span> <span class='ocrx_word' id='word_1_432' title='bbox 2247 1944 2298 1981; x_wconf 88' lang='lat' dir='ltr'><strong>se</strong></span> <span class='ocrx_word' id='word_1_433' title='bbox 2325 1932 2542 1994; x_wconf 88' lang='lat' dir='ltr'><strong>partibus</strong></span> <span class='ocrx_word' id='word_1_434' title='bbox 2576 1932 2889 1995; x_wconf 79' lang='lat' dir='ltr'><strong>addixerant,</strong></span> <span class='ocrx_word' id='word_1_435' title='bbox 2926 1932 3197 1983; x_wconf 86' lang='lat' dir='ltr'><strong>incuterent</strong></span> <span class='ocrx_word' id='word_1_436' title='bbox 3236 1936 3442 1983; x_wconf 87' lang='lat' dir='ltr'><strong>metum.</strong></span> 
     </span>
     <span class='ocr_line' id='line_1_59' title="bbox 1874 2026 3443 2092; baseline 0 -14"><span class='ocrx_word' id='word_1_437' title='bbox 1874 2028 1937 2078; x_wconf 82' lang='lat' dir='ltr'><strong>Et</strong></span> <span class='ocrx_word' id='word_1_438' title='bbox 1970 2026 2100 2077; x_wconf 86' lang='lat' dir='ltr'><strong>ultra</strong></span> <span class='ocrx_word' id='word_1_439' title='bbox 2137 2027 2310 2076; x_wconf 88' lang='lat' dir='ltr'><strong>urbem</strong></span> <span class='ocrx_word' id='word_1_440' title='bbox 2336 2027 2569 2090; x_wconf 79' lang='lat' dir='ltr'><strong>progressi</strong></span> <span class='ocrx_word' id='word_1_441' title='bbox 2601 2040 2753 2091; x_wconf 86' lang='lat' dir='ltr'><strong>usque</strong></span> <span class='ocrx_word' id='word_1_442' title='bbox 2788 2026 2849 2076; x_wconf 94' lang='lat' dir='ltr'><strong>ad</strong></span> <span class='ocrx_word' id='word_1_443' title='bbox 2879 2026 3195 2091; x_wconf 83' lang='lat' dir='ltr'><strong>quadraginta</strong></span> <span class='ocrx_word' id='word_1_444' title='bbox 3218 2041 3248 2077; x_wconf 90' lang='lat' dir='ltr'><strong>a</strong></span> <span class='ocrx_word' id='word_1_445' title='bbox 3279 2030 3443 2092; x_wconf 83' lang='lat' dir='ltr'><strong>Capua</strong></span> 
     </span>
     <span class='ocr_line' id='line_1_60' title="bbox 1872 2121 3441 2184; baseline 0.001 -12"><span class='ocrx_word' id='word_1_446' title='bbox 1872 2121 2058 2184; x_wconf 87' lang='lat' dir='ltr'><strong>stadia,</strong></span> <span class='ocrx_word' id='word_1_447' title='bbox 2093 2122 2141 2172; x_wconf 90' lang='lat' dir='ltr'><strong>in</strong></span> <span class='ocrx_word' id='word_1_448' title='bbox 2178 2123 2286 2172; x_wconf 90' lang='lat' dir='ltr'><strong>loco</strong></span> <span class='ocrx_word' id='word_1_449' title='bbox 2312 2121 2442 2172; x_wconf 87' lang='lat' dir='ltr'><strong>edito</strong></span> <span class='ocrx_word' id='word_1_450' title='bbox 2474 2124 2632 2172; x_wconf 86' lang='lat' dir='ltr'><strong>castra</strong></span> <span class='ocrx_word' id='word_1_451' title='bbox 2667 2124 2928 2184; x_wconf 86' lang='lat' dir='ltr'><strong>metantur,</strong></span> <span class='ocrx_word' id='word_1_452' title='bbox 2962 2124 3012 2173; x_wconf 89' lang='lat' dir='ltr'><strong>et</strong></span> <span class='ocrx_word' id='word_1_453' title='bbox 3044 2123 3348 2175; x_wconf 74' lang='lat' dir='ltr'><strong>considentes</strong></span> <span class='ocrx_word' id='word_1_454' title='bbox 3375 2124 3441 2174; x_wconf 91' lang='lat' dir='ltr'><strong>ibi</strong></span> 
     </span>
     <span class='ocr_line' id='line_1_61' title="bbox 1871 2219 3445 2283; baseline 0.001 -12"><span class='ocrx_word' id='word_1_455' title='bbox 1871 2223 2200 2271; x_wconf 75' lang='lat' dir='ltr'><strong>commeatum</strong></span> <span class='ocrx_word' id='word_1_456' title='bbox 2241 2233 2536 2283; x_wconf 85' lang='lat' dir='ltr'><strong>manumque</strong></span> <span class='ocrx_word' id='word_1_457' title='bbox 2575 2219 2860 2270; x_wconf 78' lang='lat' dir='ltr'><strong>auxiliarem</strong></span> <span class='ocrx_word' id='word_1_458' title='bbox 2894 2234 2923 2270; x_wconf 88' lang='lat' dir='ltr'><strong>a</strong></span> <span class='ocrx_word' id='word_1_459' title='bbox 2960 2221 3260 2272; x_wconf 84' lang='lat' dir='ltr'><strong>Samnitibus</strong></span> <span class='ocrx_word' id='word_1_460' title='bbox 3302 2222 3445 2272; x_wconf 79' lang='lat' dir='ltr'><strong>sociis</strong></span> 
     </span>
     <span class='ocr_line' id='line_1_62' title="bbox 1879 2316 3443 2382; baseline -0.001 -15"><span class='ocrx_word' id='word_1_461' title='bbox 1879 2317 2245 2381; x_wconf 74' lang='lat' dir='ltr'><strong>exspectabant.</strong></span> <span class='ocrx_word' id='word_1_462' title='bbox 2268 2317 2342 2366; x_wconf 89' lang='lat' dir='ltr'><strong>llti</strong></span> <span class='ocrx_word' id='word_1_463' title='bbox 2377 2329 2494 2366; x_wconf 78' lang='lat' dir='ltr'><strong>vero</strong></span> <span class='ocrx_word' id='word_1_464' title='bbox 2512 2329 2664 2380; x_wconf 90' lang='lat' dir='ltr'><strong>quum</strong></span> <span class='ocrx_word' id='word_1_465' title='bbox 2693 2316 2802 2379; x_wconf 87' lang='lat' dir='ltr'><strong>plus</strong></span> <span class='ocrx_word' id='word_1_466' title='bbox 2829 2330 2975 2381; x_wconf 88' lang='lat' dir='ltr'><strong>quam</strong></span> <span class='ocrx_word' id='word_1_467' title='bbox 2994 2331 3118 2381; x_wconf 88' lang='lat' dir='ltr'><strong>opus</strong></span> <span class='ocrx_word' id='word_1_468' title='bbox 3138 2320 3242 2369; x_wconf 86' lang='lat' dir='ltr'><strong>erat</strong></span> <span class='ocrx_word' id='word_1_469' title='bbox 3261 2318 3443 2382; x_wconf 86' lang='lat' dir='ltr'><strong>promi-</strong></span> 
     </span>
     <span class='ocr_line' id='line_1_63' title="bbox 1873 2409 3443 2476; baseline 0 -15"><span class='ocrx_word' id='word_1_470' title='bbox 1873 2411 2070 2473; x_wconf 75' lang='lat' dir='ltr'><strong>sissent,</strong></span> <span class='ocrx_word' id='word_1_471' title='bbox 2089 2410 2208 2461; x_wconf 75' lang='lat' dir='ltr'><strong>nitnit</strong></span> <span class='ocrx_word' id='word_1_472' title='bbox 2228 2413 2389 2462; x_wconf 86' lang='lat' dir='ltr'><strong>tamen</strong></span> <span class='ocrx_word' id='word_1_473' title='bbox 2417 2409 2546 2473; x_wconf 82' lang='lat' dir='ltr'><strong>quod</strong></span> <span class='ocrx_word' id='word_1_474' title='bbox 2565 2411 2688 2461; x_wconf 75' lang='lat' dir='ltr'><strong>esset</strong></span> <span class='ocrx_word' id='word_1_475' title='bbox 2705 2423 2865 2473; x_wconf 81' lang='lat' dir='ltr'><strong>operoe</strong></span> <span class='ocrx_word' id='word_1_476' title='bbox 2888 2412 3096 2474; x_wconf 87' lang='lat' dir='ltr'><strong>pretium</strong></span> <span class='ocrx_word' id='word_1_477' title='bbox 3120 2411 3443 2476; x_wconf 67' lang='lat' dir='ltr'><strong>praestabant,</strong></span> 
     </span>
     <span class='ocr_line' id='line_1_64' title="bbox 1874 2505 3446 2570; baseline -0.001 -12"><span class='ocrx_word' id='word_1_478' title='bbox 1874 2510 1923 2558; x_wconf 91' lang='lat' dir='ltr'><strong>et</strong></span> <span class='ocrx_word' id='word_1_479' title='bbox 1945 2507 2109 2570; x_wconf 85' lang='lat' dir='ltr'><strong>copias</strong></span> <span class='ocrx_word' id='word_1_480' title='bbox 2130 2520 2158 2557; x_wconf 91' lang='lat' dir='ltr'><strong>e</strong></span> <span class='ocrx_word' id='word_1_481' title='bbox 2180 2507 2377 2570; x_wconf 82' lang='lat' dir='ltr'><strong>singulis</strong></span> <span class='ocrx_word' id='word_1_482' title='bbox 2407 2505 2596 2569; x_wconf 84' lang='lat' dir='ltr'><strong>oppidis</strong></span> <span class='ocrx_word' id='word_1_483' title='bbox 2618 2505 2905 2569; x_wconf 80' lang='lat' dir='ltr'><strong>colligendas</strong></span> <span class='ocrx_word' id='word_1_484' title='bbox 2932 2508 3180 2559; x_wconf 80' lang='lat' dir='ltr'><strong>causantes</strong></span> <span class='ocrx_word' id='word_1_485' title='bbox 3201 2506 3446 2558; x_wconf 87' lang='lat' dir='ltr'><strong>ducebant</strong></span> 
     </span>
     <span class='ocr_line' id='line_1_65' title="bbox 1873 2603 3445 2669; baseline -0.002 -13"><span class='ocrx_word' id='word_1_486' title='bbox 1873 2606 2082 2669; x_wconf 86' lang='lat' dir='ltr'><strong>tempus.</strong></span> <span class='ocrx_word' id='word_1_487' title='bbox 2109 2608 2428 2668; x_wconf 83' lang='lat' dir='ltr'><strong>Desperantes</strong></span> <span class='ocrx_word' id='word_1_488' title='bbox 2449 2603 2644 2655; x_wconf 79' lang='lat' dir='ltr'><strong>demum</strong></span> <span class='ocrx_word' id='word_1_489' title='bbox 2669 2603 2730 2654; x_wconf 89' lang='lat' dir='ltr'><strong>de</strong></span> <span class='ocrx_word' id='word_1_490' title='bbox 2747 2603 3018 2654; x_wconf 87' lang='lat' dir='ltr'><strong>Samnitum</strong></span> <span class='ocrx_word' id='word_1_491' title='bbox 3042 2605 3253 2669; x_wconf 88' lang='lat' dir='ltr'><strong>auxilio,</strong></span> <span class='ocrx_word' id='word_1_492' title='bbox 3280 2605 3445 2653; x_wconf 78' lang='lat' dir='ltr'><strong>viden-</strong></span> 
     </span>
     <span class='ocr_line' id='line_1_66' title="bbox 1873 2700 3443 2766; baseline 0.001 -15"><span class='ocrx_word' id='word_1_493' title='bbox 1873 2705 2044 2766; x_wconf 84' lang='lat' dir='ltr'><strong>tesque</strong></span> <span class='ocrx_word' id='word_1_494' title='bbox 2061 2703 2274 2765; x_wconf 85' lang='lat' dir='ltr'><strong>ipsorum</strong></span> <span class='ocrx_word' id='word_1_495' title='bbox 2294 2700 2527 2752; x_wconf 69' lang='lat' dir='ltr'><strong>exercitui</strong></span> <span class='ocrx_word' id='word_1_496' title='bbox 2553 2700 2669 2750; x_wconf 85' lang='lat' dir='ltr'><strong>nihil</strong></span> <span class='ocrx_word' id='word_1_497' title='bbox 2691 2700 2864 2750; x_wconf 80' lang='lat' dir='ltr'><strong>virium</strong></span> <span class='ocrx_word' id='word_1_498' title='bbox 2895 2701 3168 2751; x_wconf 88' lang='lat' dir='ltr'><strong>cunctando</strong></span> <span class='ocrx_word' id='word_1_499' title='bbox 3186 2701 3443 2763; x_wconf 79' lang='lat' dir='ltr'><strong>accedere,</strong></span> 
     </span>
     <span class='ocr_line' id='line_1_67' title="bbox 1874 2800 3444 2863; baseline -0.001 -13"><span class='ocrx_word' id='word_1_500' title='bbox 1874 2801 1990 2850; x_wconf 90' lang='lat' dir='ltr'><strong>dum</strong></span> <span class='ocrx_word' id='word_1_501' title='bbox 2024 2800 2235 2850; x_wconf 83' lang='lat' dir='ltr'><strong>bostium</strong></span> <span class='ocrx_word' id='word_1_502' title='bbox 2273 2812 2504 2849; x_wconf 72' lang='lat' dir='ltr'><strong>uumerus</strong></span> <span class='ocrx_word' id='word_1_503' title='bbox 2543 2811 2831 2862; x_wconf 76' lang='lat' dir='ltr'><strong>magnopere</strong></span> <span class='ocrx_word' id='word_1_504' title='bbox 2867 2802 3138 2861; x_wconf 78' lang='lat' dir='ltr'><strong>augeretur,</strong></span> <span class='ocrx_word' id='word_1_505' title='bbox 3178 2800 3310 2863; x_wconf 87' lang='lat' dir='ltr'><strong>operi</strong></span> <span class='ocrx_word' id='word_1_506' title='bbox 3343 2800 3444 2863; x_wconf 77' lang='lat' dir='ltr'><strong>J&#39;am</strong></span> 
     </span>
     <span class='ocr_line' id='line_1_68' title="bbox 1877 2895 3444 2962; baseline 0 -17"><span class='ocrx_word' id='word_1_507' title='bbox 1877 2910 2073 2947; x_wconf 87' lang='lat' dir='ltr'><strong>manum</strong></span> <span class='ocrx_word' id='word_1_508' title='bbox 2097 2896 2355 2946; x_wconf 87' lang='lat' dir='ltr'><strong>admovere</strong></span> <span class='ocrx_word' id='word_1_509' title='bbox 2385 2895 2717 2945; x_wconf 79' lang='lat' dir='ltr'><strong>decreverunt.</strong></span> <span class='ocrx_word' id='word_1_510' title='bbox 2744 2896 2971 2945; x_wconf 87' lang='lat' dir='ltr'><strong>Ceterum</strong></span> <span class='ocrx_word' id='word_1_511' title='bbox 3005 2897 3282 2962; x_wconf 81' lang='lat' dir='ltr'><strong>reputantes</strong></span> <span class='ocrx_word' id='word_1_512' title='bbox 3298 2895 3444 2946; x_wconf 88' lang='lat' dir='ltr'><strong>disci·</strong></span> 
     </span>
     <span class='ocr_line' id='line_1_69' title="bbox 1876 2993 3445 3059; baseline 0 -15"><span class='ocrx_word' id='word_1_513' title='bbox 1876 2995 2059 3059; x_wconf 89' lang='lat' dir='ltr'><strong>plinam</strong></span> <span class='ocrx_word' id='word_1_514' title='bbox 2081 2994 2338 3045; x_wconf 60' lang='lat' dir='ltr'><strong>militarem</strong></span> <span class='ocrx_word' id='word_1_515' title='bbox 2374 2994 2514 3043; x_wconf 81' lang='lat' dir='ltr'><strong>valde</strong></span> <span class='ocrx_word' id='word_1_516' title='bbox 2529 2994 2792 3043; x_wconf 75' lang='lat' dir='ltr'><strong>relaxatam</strong></span> <span class='ocrx_word' id='word_1_517' title='bbox 2806 3007 2925 3054; x_wconf 74' lang='lat' dir='ltr'><strong>esse,</strong></span> <span class='ocrx_word' id='word_1_518' title='bbox 2945 2993 3065 3044; x_wconf 89' lang='lat' dir='ltr'><strong>adeo</strong></span> <span class='ocrx_word' id='word_1_519' title='bbox 3085 2997 3140 3043; x_wconf 93' lang='lat' dir='ltr'><strong>ut</strong></span> <span class='ocrx_word' id='word_1_520' title='bbox 3157 3008 3285 3057; x_wconf 60' lang='lat' dir='ltr'><strong>aegre</strong></span> <span class='ocrx_word' id='word_1_521' title='bbox 3305 2993 3445 3045; x_wconf 88' lang='lat' dir='ltr'><strong>multi</strong></span> 
     </span>
     <span class='ocr_line' id='line_1_70' title="bbox 1869 3070 3445 3157; baseline 0.001 -13"><span class='ocrx_word' id='word_1_522' title='bbox 1869 3070 2079 3157; x_wconf 69' lang='lat' dir='ltr'><strong>jussibus</strong></span> <span class='ocrx_word' id='word_1_523' title='bbox 2115 3092 2296 3143; x_wconf 90' lang='lat' dir='ltr'><strong>ducum</strong></span> <span class='ocrx_word' id='word_1_524' title='bbox 2326 3094 2713 3155; x_wconf 80' lang='lat' dir='ltr'><strong>obtemperarent</strong></span> <span class='ocrx_word' id='word_1_525' title='bbox 2746 3092 2820 3154; x_wconf 82' lang='lat' dir='ltr'><strong>(id</strong></span> <span class='ocrx_word' id='word_1_526' title='bbox 2858 3093 2989 3156; x_wconf 88' lang='lat' dir='ltr'><strong>quod</strong></span> <span class='ocrx_word' id='word_1_527' title='bbox 3017 3095 3122 3144; x_wconf 90' lang='lat' dir='ltr'><strong>tum</strong></span> <span class='ocrx_word' id='word_1_528' title='bbox 3160 3094 3266 3144; x_wconf 87' lang='lat' dir='ltr'><strong>aliis</strong></span> <span class='ocrx_word' id='word_1_529' title='bbox 3300 3107 3445 3145; x_wconf 80' lang='lat' dir='ltr'><strong>occa·</strong></span> 
     </span>
     <span class='ocr_line' id='line_1_71' title="bbox 1873 3188 3446 3254; baseline 0.001 -14"><span class='ocrx_word' id='word_1_530' title='bbox 1873 3190 2115 3252; x_wconf 83' lang='lat' dir='ltr'><strong>sionibus,</strong></span> <span class='ocrx_word' id='word_1_531' title='bbox 2134 3191 2244 3239; x_wconf 89' lang='lat' dir='ltr'><strong>tum</strong></span> <span class='ocrx_word' id='word_1_532' title='bbox 2263 3203 2417 3252; x_wconf 89' lang='lat' dir='ltr'><strong>nuper</strong></span> <span class='ocrx_word' id='word_1_533' title='bbox 2439 3193 2730 3253; x_wconf 85' lang='lat' dir='ltr'><strong>apparuerat</strong></span> <span class='ocrx_word' id='word_1_534' title='bbox 2751 3190 2801 3238; x_wconf 92' lang='lat' dir='ltr'><strong>in</strong></span> <span class='ocrx_word' id='word_1_535' title='bbox 2823 3188 3038 3240; x_wconf 82' lang='lat' dir='ltr'><strong>bibernis</strong></span> <span class='ocrx_word' id='word_1_536' title='bbox 3059 3191 3343 3254; x_wconf 86' lang='lat' dir='ltr'><strong>Campanis,</strong></span> <span class='ocrx_word' id='word_1_537' title='bbox 3362 3189 3446 3241; x_wconf 87' lang='lat' dir='ltr'><strong>ubi</strong></span> 
     </span>
     <span class='ocr_line' id='line_1_72' title="bbox 1872 3286 3446 3351; baseline 0.001 -13"><span class='ocrx_word' id='word_1_538' title='bbox 1872 3301 1931 3338; x_wconf 86' lang='lat' dir='ltr'><strong>eo</strong></span> <span class='ocrx_word' id='word_1_539' title='bbox 1954 3286 2210 3338; x_wconf 81' lang='lat' dir='ltr'><strong>dementioe</strong></span> <span class='ocrx_word' id='word_1_540' title='bbox 2235 3287 2453 3337; x_wconf 88' lang='lat' dir='ltr'><strong>nonnulli</strong></span> <span class='ocrx_word' id='word_1_541' title='bbox 2488 3290 2843 3351; x_wconf 79' lang='lat' dir='ltr'><strong>processerant,</strong></span> <span class='ocrx_word' id='word_1_542' title='bbox 2877 3290 2933 3338; x_wconf 91' lang='lat' dir='ltr'><strong>ut</strong></span> <span class='ocrx_word' id='word_1_543' title='bbox 2969 3287 3112 3338; x_wconf 87' lang='lat' dir='ltr'><strong>urbes</strong></span> <span class='ocrx_word' id='word_1_544' title='bbox 3139 3287 3370 3340; x_wconf 83' lang='lat' dir='ltr'><strong>invadere</strong></span> <span class='ocrx_word' id='word_1_545' title='bbox 3394 3290 3446 3340; x_wconf 84' lang='lat' dir='ltr'><strong>et</strong></span> 
     </span>
     <span class='ocr_line' id='line_1_73' title="bbox 1871 3382 3445 3448; baseline 0.001 -14"><span class='ocrx_word' id='word_1_546' title='bbox 1871 3383 2062 3435; x_wconf 83' lang='lat' dir='ltr'><strong>deserto</strong></span> <span class='ocrx_word' id='word_1_547' title='bbox 2088 3384 2284 3435; x_wconf 85' lang='lat' dir='ltr'><strong>consule</strong></span> <span class='ocrx_word' id='word_1_548' title='bbox 2307 3383 2356 3433; x_wconf 88' lang='lat' dir='ltr'><strong>in</strong></span> <span class='ocrx_word' id='word_1_549' title='bbox 2384 3382 2588 3448; x_wconf 89' lang='lat' dir='ltr'><strong>patriam</strong></span> <span class='ocrx_word' id='word_1_550' title='bbox 2614 3397 2750 3435; x_wconf 85' lang='lat' dir='ltr'><strong>arma</strong></span> <span class='ocrx_word' id='word_1_551' title='bbox 2779 3387 2969 3436; x_wconf 76' lang='lat' dir='ltr'><strong>vertere</strong></span> <span class='ocrx_word' id='word_1_552' title='bbox 2988 3387 3258 3448; x_wconf 86' lang='lat' dir='ltr'><strong>tentarent)</strong></span> <span class='ocrx_word' id='word_1_553' title='bbox 3294 3403 3306 3434; x_wconf 72' lang='grc' dir='ltr'><em>ε</em></span> <span class='ocrx_word' id='word_1_554' title='bbox 3331 3387 3445 3436; x_wconf 88' lang='lat' dir='ltr'><strong>ante</strong></span> 
     </span>
     <span class='ocr_line' id='line_1_74' title="bbox 1871 3480 3445 3544; baseline -0.001 -12"><span class='ocrx_word' id='word_1_555' title='bbox 1871 3481 2036 3532; x_wconf 86' lang='lat' dir='ltr'><strong>omnia</strong></span> <span class='ocrx_word' id='word_1_556' title='bbox 2055 3481 2233 3531; x_wconf 87' lang='lat' dir='ltr'><strong>milites</strong></span> <span class='ocrx_word' id='word_1_557' title='bbox 2253 3480 2315 3530; x_wconf 87' lang='lat' dir='ltr'><strong>ad</strong></span> <span class='ocrx_word' id='word_1_558' title='bbox 2335 3480 2626 3532; x_wconf 82' lang='lat' dir='ltr'><strong>severiorem</strong></span> <span class='ocrx_word' id='word_1_559' title='bbox 2641 3481 2903 3544; x_wconf 68' lang='lat' dir='ltr'><strong>disciptinae</strong></span> <span class='ocrx_word' id='word_1_560' title='bbox 2921 3481 3275 3531; x_wconf 80' lang='lat' dir='ltr'><strong>observantiam</strong></span> <span class='ocrx_word' id='word_1_561' title='bbox 3297 3480 3445 3533; x_wconf 84' lang='lat' dir='ltr'><strong>redu·</strong></span> 
     </span>
     <span class='ocr_line' id='line_1_75' title="bbox 1873 3576 3443 3641; baseline -0.001 -13"><span class='ocrx_word' id='word_1_562' title='bbox 1873 3579 2052 3629; x_wconf 90' lang='lat' dir='ltr'><strong>cendos</strong></span> <span class='ocrx_word' id='word_1_563' title='bbox 2068 3577 2473 3641; x_wconf 83' lang='lat' dir='ltr'><strong>efficiendumque</strong></span> <span class='ocrx_word' id='word_1_564' title='bbox 2503 3577 2787 3639; x_wconf 80' lang='lat' dir='ltr'><strong>censebant,</strong></span> <span class='ocrx_word' id='word_1_565' title='bbox 2813 3580 2868 3627; x_wconf 91' lang='lat' dir='ltr'><strong>ut</strong></span> <span class='ocrx_word' id='word_1_566' title='bbox 2895 3576 3076 3626; x_wconf 89' lang='lat' dir='ltr'><strong>ducum</strong></span> <span class='ocrx_word' id='word_1_567' title='bbox 3110 3577 3443 3641; x_wconf 82' lang='lat' dir='ltr'><strong>reprehensio·</strong></span> 
     </span>
     <span class='ocr_line' id='line_1_76' title="bbox 1873 3673 3446 3739; baseline 0.001 -14"><span class='ocrx_word' id='word_1_568' title='bbox 1873 3688 1984 3726; x_wconf 90' lang='lat' dir='ltr'><strong>nem</strong></span> <span class='ocrx_word' id='word_1_569' title='bbox 1999 3688 2147 3739; x_wconf 90' lang='lat' dir='ltr'><strong>quam</strong></span> <span class='ocrx_word' id='word_1_570' title='bbox 2165 3674 2403 3725; x_wconf 87' lang='lat' dir='ltr'><strong>bellorum</strong></span> <span class='ocrx_word' id='word_1_571' title='bbox 2417 3674 2578 3724; x_wconf 89' lang='lat' dir='ltr'><strong>subire</strong></span> <span class='ocrx_word' id='word_1_572' title='bbox 2595 3674 2807 3737; x_wconf 87' lang='lat' dir='ltr'><strong>pericula</strong></span> <span class='ocrx_word' id='word_1_573' title='bbox 2824 3673 3016 3737; x_wconf 76' lang='lat' dir='ltr'><strong>gravius</strong></span> <span class='ocrx_word' id='word_1_574' title='bbox 3029 3673 3277 3725; x_wconf 87' lang='lat' dir='ltr'><strong>baberent.</strong></span> <span class='ocrx_word' id='word_1_575' title='bbox 3301 3676 3446 3727; x_wconf 77' lang='lat' dir='ltr'><strong>Hunc</strong></span> 
     </span>
     <span class='ocr_line' id='line_1_77' title="bbox 1876 3770 3130 3836; baseline 0.001 -14"><span class='ocrx_word' id='word_1_576' title='bbox 1876 3772 1924 3822; x_wconf 88' lang='lat' dir='ltr'><strong>in</strong></span> <span class='ocrx_word' id='word_1_577' title='bbox 1949 3772 2093 3822; x_wconf 83' lang='lat' dir='ltr'><strong>tinem</strong></span> <span class='ocrx_word' id='word_1_578' title='bbox 2112 3771 2342 3822; x_wconf 88' lang='lat' dir='ltr'><strong>concione</strong></span> <span class='ocrx_word' id='word_1_579' title='bbox 2364 3774 2655 3836; x_wconf 81' lang='lat' dir='ltr'><strong>convocata,</strong></span> <span class='ocrx_word' id='word_1_580' title='bbox 2678 3770 2884 3823; x_wconf 76' lang='lat' dir='ltr'><strong>Manlius</strong></span> <span class='ocrx_word' id='word_1_581' title='bbox 2900 3770 3023 3821; x_wconf 78' lang='lat' dir='ltr'><strong>dixit</strong></span> <span class='ocrx_word' id='word_1_582' title='bbox 3056 3771 3130 3823; x_wconf 83' lang='lat'><strong>**.</strong></span> 
     </span>
    </p>

    <p class='ocr_par' dir='ltr' id='par_1_10' title="bbox 1941 3871 3443 3934">
     <span class='ocr_line' id='line_1_78' title="bbox 1941 3871 3443 3934; baseline -0.001 -14"><span class='ocrx_word' id='word_1_583' title='bbox 1941 3873 2125 3928; x_wconf 79' lang='lat' dir='ltr'><strong>Quoere</strong></span> <span class='ocrx_word' id='word_1_584' title='bbox 2145 3873 2198 3918; x_wconf 77' lang='lat' dir='ltr'><strong>tn</strong></span> <span class='ocrx_word' id='word_1_585' title='bbox 2221 3872 2499 3934; x_wconf 74' lang='lat' dir='ltr'><strong>Excerpeis</strong></span> <span class='ocrx_word' id='word_1_586' title='bbox 2524 3873 2597 3920; x_wconf 84' lang='lat' dir='ltr'><strong>De</strong></span> <span class='ocrx_word' id='word_1_587' title='bbox 2617 3871 3002 3931; x_wconf 73' lang='lat' dir='ltr'><strong>strateqematis</strong></span> <span class='ocrx_word' id='word_1_588' title='bbox 3020 3871 3074 3920; x_wconf 82' lang='lat' dir='ltr'><strong>et</strong></span> <span class='ocrx_word' id='word_1_589' title='bbox 3098 3873 3168 3921; x_wconf 80' lang='lat' dir='ltr'><strong>De</strong></span> <span class='ocrx_word' id='word_1_590' title='bbox 3187 3871 3443 3919; x_wconf 73' lang='lat' dir='ltr'><strong>concioni·</strong></span> 
     </span>
    </p>
   </div>
   <div class='ocr_carea' id='block_1_9' title="bbox 1863 3972 3438 4142">
    <p class='ocr_par' dir='ltr' id='par_1_11' title="bbox 1863 3972 3438 4142">
     <span class='ocr_line' id='line_1_79' title="bbox 1869 3972 3438 4050; baseline -0.002 -26"><span class='ocrx_word' id='word_1_591' title='bbox 1869 3974 1988 4029; x_wconf 68' lang='lat' dir='ltr'><strong>bus,</strong></span> <span class='ocrx_word' id='word_1_592' title='bbox 2014 3973 2077 4022; x_wconf 82' lang='lat' dir='ltr'><strong>de</strong></span> <span class='ocrx_word' id='word_1_593' title='bbox 2101 3975 2288 4024; x_wconf 75' lang='lat' dir='ltr'><strong>Manlii</strong></span> <span class='ocrx_word' id='word_1_594' title='bbox 2318 3975 2545 4025; x_wconf 75' lang='lat' dir='ltr'><strong>consutis</strong></span> <span class='ocrx_word' id='word_1_595' title='bbox 2557 3973 2678 4050; x_wconf 64' lang='lat' dir='ltr'><strong>filio</strong></span> <span class='ocrx_word' id='word_1_596' title='bbox 2696 4011 2710 4035; x_wconf 89' lang='lat'>‚</span> <span class='ocrx_word' id='word_1_597' title='bbox 2747 3977 2834 4036; x_wconf 83' lang='lat' dir='ltr'><strong>qui</strong></span> <span class='ocrx_word' id='word_1_598' title='bbox 2855 3975 3139 4023; x_wconf 77' lang='lat' dir='ltr'><strong>certamine</strong></span> <span class='ocrx_word' id='word_1_599' title='bbox 3171 3972 3438 4034; x_wconf 70' lang='lat' dir='ltr'><strong>sinqulari</strong></span> 
     </span>
     <span class='ocr_line' id='line_1_80' title="bbox 1863 4082 2142 4142; baseline -0.004 -13"><span class='ocrx_word' id='word_1_600' title='bbox 1863 4082 2142 4142; x_wconf 72' lang='lat' dir='ltr'><strong>puynavic.</strong></span> 
     </span>
    </p>
   </div>
   <div class='ocr_carea' id='block_1_10' title="bbox 290 4175 3438 4258">
    <p class='ocr_par' dir='ltr' id='par_1_12' title="bbox 290 4175 3438 4258">
     <span class='ocr_line' id='line_1_81' title="bbox 290 4175 3438 4258; baseline -0.002 -18"><span class='ocrx_word' id='word_1_601' title='bbox 290 4181 388 4240; x_wconf 75' lang='lat' dir='ltr'><strong>lv.</strong></span> <span class='ocrx_word' id='word_1_602' title='bbox 436 4179 563 4239; x_wconf 83' lang='grc' dir='ltr'><strong>Ὅτι</strong></span> <span class='ocrx_word' id='word_1_603' title='bbox 605 4179 728 4258; x_wconf 81' lang='grc' dir='ltr'>περὶ</span> <span class='ocrx_word' id='word_1_604' title='bbox 764 4175 858 4249; x_wconf 79' lang='grc' dir='ltr'><strong>τὴν</strong></span> <span class='ocrx_word' id='word_1_605' title='bbox 899 4176 1155 4257; x_wconf 65' lang='grc' dir='ltr'><strong>εΡηγίνων</strong></span> <span class='ocrx_word' id='word_1_606' title='bbox 1180 4177 1331 4237; x_wconf 85' lang='grc' dir='ltr'>πόλιν</span> <span class='ocrx_word' id='word_1_607' title='bbox 1380 4177 1539 4244; x_wconf 85' lang='grc' dir='ltr'>πάθος</span> <span class='ocrx_word' id='word_1_608' title='bbox 1566 4177 1765 4254; x_wconf 88' lang='grc' dir='ltr'>γίνεται</span> <span class='ocrx_word' id='word_1_609' title='bbox 1813 4205 1822 4234; x_wconf 77' lang='grc' dir='ltr'>ι</span> <span class='ocrx_word' id='word_1_610' title='bbox 1926 4187 2005 4234; x_wconf 80' lang='lat' dir='ltr'><strong>lv.</strong></span> <span class='ocrx_word' id='word_1_611' title='bbox 2041 4184 2364 4246; x_wconf 77' lang='lat' dir='ltr'><strong>Rliegtnorum</strong></span> <span class='ocrx_word' id='word_1_612' title='bbox 2393 4185 2509 4233; x_wconf 85' lang='lat' dir='ltr'><strong>urbs</strong></span> <span class='ocrx_word' id='word_1_613' title='bbox 2537 4185 2584 4233; x_wconf 92' lang='lat' dir='ltr'><strong>in</strong></span> <span class='ocrx_word' id='word_1_614' title='bbox 2608 4197 2804 4244; x_wconf 76' lang='lat' dir='ltr'><strong>gravem</strong></span> <span class='ocrx_word' id='word_1_615' title='bbox 2832 4182 2998 4232; x_wconf 85' lang='lat' dir='ltr'><strong>incidit</strong></span> <span class='ocrx_word' id='word_1_616' title='bbox 3019 4182 3372 4237; x_wconf 84' lang='lat' dir='ltr'><strong>calamitatem.</strong></span> <span class='ocrx_word' id='word_1_617' title='bbox 3392 4183 3438 4233; x_wconf 86' lang='lat' dir='ltr'><strong>ei</strong></span> 
     </span>
    </p>
   </div>
   <div class='ocr_carea' id='block_1_11' title="bbox 210 4347 3438 4419">
    <p class='ocr_par' dir='ltr' id='par_1_13' title="bbox 210 4347 3438 4419">
     <span class='ocr_line' id='line_1_82' title="bbox 210 4347 3438 4419; baseline -0.002 -15"><span class='ocrx_word' id='word_1_618' title='bbox 210 4356 554 4419; x_wconf 62' lang='grc' dir='ltr'>ἀρχαιολογίας.</span> <span class='ocrx_word' id='word_1_619' title='bbox 576 4379 641 4390; x_wconf 89' lang='grc'>-</span> <span class='ocrx_word' id='word_1_620' title='bbox 668 4357 744 4403; x_wconf 64' lang='lat'><strong>06.</strong></span> <span class='ocrx_word' id='word_1_621' title='bbox 771 4356 1015 4402; x_wconf 80' lang='lat' dir='ltr'><strong>Lacunam</strong></span> <span class='ocrx_word' id='word_1_622' title='bbox 1056 4352 1235 4402; x_wconf 82' lang='lat' dir='ltr'><strong>notavi.</strong></span> <span class='ocrx_word' id='word_1_623' title='bbox 1274 4356 1476 4402; x_wconf 87' lang='lat' dir='ltr'><strong>Sensum</strong></span> <span class='ocrx_word' id='word_1_624' title='bbox 1493 4350 1703 4414; x_wconf 80' lang='lat' dir='ltr'><strong>expressi</strong></span> <span class='ocrx_word' id='word_1_625' title='bbox 1728 4349 1886 4400; x_wconf 79' lang='lat' dir='ltr'><strong>verbis</strong></span> <span class='ocrx_word' id='word_1_626' title='bbox 1906 4350 2042 4400; x_wconf 77' lang='lat' dir='ltr'><strong>Livii.</strong></span> <span class='ocrx_word' id='word_1_627' title='bbox 2057 4375 2122 4386; x_wconf 91' lang='lat'>—</span> <span class='ocrx_word' id='word_1_628' title='bbox 2147 4354 2214 4399; x_wconf 74' lang='lat'><strong>¹4.</strong></span> <span class='ocrx_word' id='word_1_629' title='bbox 2234 4351 2452 4399; x_wconf 74' lang='grc' dir='ltr'>ὑπαντῶν</span> <span class='ocrx_word' id='word_1_630' title='bbox 2472 4349 2642 4398; x_wconf 87' lang='lat' dir='ltr'><strong>codex.</strong></span> <span class='ocrx_word' id='word_1_631' title='bbox 2673 4348 2802 4398; x_wconf 80' lang='lat' dir='ltr'><strong>Finis</strong></span> <span class='ocrx_word' id='word_1_632' title='bbox 2819 4348 3106 4398; x_wconf 84' lang='lat' dir='ltr'><strong>narrationis</strong></span> <span class='ocrx_word' id='word_1_633' title='bbox 3124 4347 3438 4409; x_wconf 79' lang='lat' dir='ltr'><strong>desideratur,</strong></span> 
     </span>
    </p>
   </div>
   <div class='ocr_carea' id='block_1_12' title="bbox 208 4423 1278 4487">
    <p class='ocr_par' dir='ltr' id='par_1_14' title="bbox 208 4423 1278 4487">
     <span class='ocr_line' id='line_1_83' title="bbox 208 4423 1278 4487; baseline -0.003 -12"><span class='ocrx_word' id='word_1_634' title='bbox 208 4426 345 4476; x_wconf 71' lang='lat' dir='ltr'><strong>sicuti</strong></span> <span class='ocrx_word' id='word_1_635' title='bbox 364 4427 516 4476; x_wconf 83' lang='lat' dir='ltr'><strong>etiam</strong></span> <span class='ocrx_word' id='word_1_636' title='bbox 534 4424 785 4487; x_wconf 69' lang='lat' dir='ltr'><strong>sequent‘u</strong></span> <span class='ocrx_word' id='word_1_637' title='bbox 799 4423 1047 4486; x_wconf 71' lang='lat' dir='ltr'><strong>fragmenti</strong></span> <span class='ocrx_word' id='word_1_638' title='bbox 1069 4423 1278 4473; x_wconf 88' lang='lat' dir='ltr'><strong>initium.</strong></span> 
     </span>
    </p>
   </div>
   <div class='ocr_carea' id='block_1_13' title="bbox 268 4498 3442 4566">
    <p class='ocr_par' dir='ltr' id='par_1_15' title="bbox 268 4498 3442 4566">
     <span class='ocr_line' id='line_1_84' title="bbox 268 4498 3442 4566; baseline -0.002 -11"><span class='ocrx_word' id='word_1_639' title='bbox 268 4507 355 4555; x_wconf 83' lang='lat' dir='ltr'><strong>m.</strong></span> <span class='ocrx_word' id='word_1_640' title='bbox 392 4503 503 4555; x_wconf 76' lang='lat' dir='ltr'><strong>Ful.</strong></span> <span class='ocrx_word' id='word_1_641' title='bbox 531 4509 652 4565; x_wconf 73' lang='lat'><strong>1⁹8,</strong></span> <span class='ocrx_word' id='word_1_642' title='bbox 682 4509 740 4553; x_wconf 76' lang='lat'><strong>13</strong></span> <span class='ocrx_word' id='word_1_643' title='bbox 766 4516 895 4553; x_wconf 81' lang='grc' dir='ltr'>ο.-</span> <span class='ocrx_word' id='word_1_644' title='bbox 922 4507 1006 4553; x_wconf 79' lang='grc'><strong>195</strong></span> <span class='ocrx_word' id='word_1_645' title='bbox 1025 4541 1039 4564; x_wconf 85' lang='grc'>,</span> <span class='ocrx_word' id='word_1_646' title='bbox 1064 4509 1117 4553; x_wconf 79' lang='lat' dir='ltr'><strong>tl</strong></span> <span class='ocrx_word' id='word_1_647' title='bbox 1146 4517 1192 4552; x_wconf 84' lang='lat' dir='ltr'><strong>r.</strong></span> <span class='ocrx_word' id='word_1_648' title='bbox 1222 4505 1561 4566; x_wconf 79' lang='lat' dir='ltr'><strong>Fragmentum</strong></span> <span class='ocrx_word' id='word_1_649' title='bbox 1592 4498 1873 4562; x_wconf 82' lang='lat' dir='ltr'><strong>acephalum</strong></span> <span class='ocrx_word' id='word_1_650' title='bbox 1892 4538 1906 4563; x_wconf 92' lang='lat'><strong>,</strong></span> <span class='ocrx_word' id='word_1_651' title='bbox 1941 4512 2100 4563; x_wconf 87' lang='lat' dir='ltr'><strong>neque</strong></span> <span class='ocrx_word' id='word_1_652' title='bbox 2139 4502 2294 4564; x_wconf 84' lang='lat' dir='ltr'><strong>spatio</strong></span> <span class='ocrx_word' id='word_1_653' title='bbox 2321 4514 2476 4551; x_wconf 79' lang='lat' dir='ltr'><strong>vacuo</strong></span> <span class='ocrx_word' id='word_1_654' title='bbox 2499 4513 2655 4564; x_wconf 89' lang='lat' dir='ltr'><strong>neque</strong></span> <span class='ocrx_word' id='word_1_655' title='bbox 2676 4498 2772 4548; x_wconf 89' lang='lat' dir='ltr'><strong>alio</strong></span> <span class='ocrx_word' id='word_1_656' title='bbox 2799 4499 2931 4562; x_wconf 78' lang='lat' dir='ltr'><strong>signo</strong></span> <span class='ocrx_word' id='word_1_657' title='bbox 2960 4498 3022 4548; x_wconf 89' lang='lat' dir='ltr'><strong>ab</strong></span> <span class='ocrx_word' id='word_1_658' title='bbox 3048 4499 3442 4549; x_wconf 79' lang='lat' dir='ltr'><strong>antecedentibus</strong></span> 
     </span>
    </p>
   </div>
   <div class='ocr_carea' id='block_1_14' title="bbox 200 4570 3442 5063">
    <p class='ocr_par' dir='ltr' id='par_1_16' title="bbox 200 4570 3442 5063">
     <span class='ocr_line' id='line_1_85' title="bbox 208 4570 3435 4638; baseline -0.002 -12"><span class='ocrx_word' id='word_1_659' title='bbox 208 4577 255 4626; x_wconf 80' lang='lat' dir='ltr'><strong>ia</strong></span> <span class='ocrx_word' id='word_1_660' title='bbox 278 4575 446 4626; x_wconf 78' lang='lat' dir='ltr'><strong>codice</strong></span> <span class='ocrx_word' id='word_1_661' title='bbox 468 4578 765 4638; x_wconf 78' lang='lat' dir='ltr'><strong>separatum.</strong></span> <span class='ocrx_word' id='word_1_662' title='bbox 793 4573 959 4625; x_wconf 83' lang='lat' dir='ltr'><strong>scriba</strong></span> <span class='ocrx_word' id='word_1_663' title='bbox 977 4574 1152 4625; x_wconf 85' lang='lat' dir='ltr'><strong>librum</strong></span> <span class='ocrx_word' id='word_1_664' title='bbox 1172 4576 1236 4625; x_wconf 92' lang='lat' dir='ltr'><strong>ob</strong></span> <span class='ocrx_word' id='word_1_665' title='bbox 1262 4574 1430 4625; x_wconf 88' lang='lat' dir='ltr'><strong>oculos</strong></span> <span class='ocrx_word' id='word_1_666' title='bbox 1456 4572 1651 4633; x_wconf 87' lang='lat' dir='ltr'><strong>babuit,</strong></span> <span class='ocrx_word' id='word_1_667' title='bbox 1676 4572 1725 4622; x_wconf 92' lang='lat' dir='ltr'><strong>in</strong></span> <span class='ocrx_word' id='word_1_668' title='bbox 1748 4585 1845 4634; x_wconf 88' lang='lat' dir='ltr'><strong>quo</strong></span> <span class='ocrx_word' id='word_1_669' title='bbox 1876 4585 2029 4622; x_wconf 89' lang='lat' dir='ltr'><strong>unum</strong></span> <span class='ocrx_word' id='word_1_670' title='bbox 2064 4572 2236 4622; x_wconf 86' lang='lat' dir='ltr'><strong>saltem</strong></span> <span class='ocrx_word' id='word_1_671' title='bbox 2268 4572 2437 4622; x_wconf 83' lang='lat' dir='ltr'><strong>solium</strong></span> <span class='ocrx_word' id='word_1_672' title='bbox 2466 4572 2542 4622; x_wconf 79' lang='lat' dir='ltr'><strong>vel</strong></span> <span class='ocrx_word' id='word_1_673' title='bbox 2575 4570 2820 4620; x_wconf 84' lang='lat' dir='ltr'><strong>exciderat</strong></span> <span class='ocrx_word' id='word_1_674' title='bbox 2845 4570 2918 4619; x_wconf 82' lang='lat' dir='ltr'><strong>vel</strong></span> <span class='ocrx_word' id='word_1_675' title='bbox 2945 4571 3287 4633; x_wconf 83' lang='lat' dir='ltr'><strong>transpositum</strong></span> <span class='ocrx_word' id='word_1_676' title='bbox 3316 4574 3435 4620; x_wconf 78' lang='lat' dir='ltr'><strong>erat.</strong></span> 
     </span>
     <span class='ocr_line' id='line_1_86' title="bbox 206 4641 3438 4710; baseline -0.002 -14"><span class='ocrx_word' id='word_1_677' title='bbox 206 4648 297 4696; x_wconf 75' lang='lat' dir='ltr'><strong>{les</strong></span> <span class='ocrx_word' id='word_1_678' title='bbox 324 4646 536 4710; x_wconf 80' lang='lat' dir='ltr'><strong>pertinet</strong></span> <span class='ocrx_word' id='word_1_679' title='bbox 562 4642 624 4692; x_wconf 80' lang='lat' dir='ltr'><strong>ad</strong></span> <span class='ocrx_word' id='word_1_680' title='bbox 649 4643 897 4693; x_wconf 80' lang='lat' dir='ltr'><strong>historiam</strong></span> <span class='ocrx_word' id='word_1_681' title='bbox 924 4643 1035 4694; x_wconf 87' lang='lat' dir='ltr'><strong>belii</strong></span> <span class='ocrx_word' id='word_1_682' title='bbox 1060 4644 1244 4706; x_wconf 86' lang='lat' dir='ltr'><strong>Latini,</strong></span> <span class='ocrx_word' id='word_1_683' title='bbox 1268 4641 1397 4707; x_wconf 87' lang='lat' dir='ltr'><strong>quod</strong></span> <span class='ocrx_word' id='word_1_684' title='bbox 1425 4644 1481 4692; x_wconf 83' lang='grc' dir='ltr'><strong>Τ.</strong></span> <span class='ocrx_word' id='word_1_685' title='bbox 1509 4642 1685 4693; x_wconf 80' lang='lat' dir='ltr'><strong>Manlio</strong></span> <span class='ocrx_word' id='word_1_686' title='bbox 1707 4644 1952 4705; x_wconf 86' lang='lat' dir='ltr'><strong>Torquato</strong></span> <span class='ocrx_word' id='word_1_687' title='bbox 1972 4644 2039 4692; x_wconf 91' lang='lat' dir='ltr'><strong>lll</strong></span> <span class='ocrx_word' id='word_1_688' title='bbox 2059 4645 2109 4692; x_wconf 86' lang='lat' dir='ltr'><strong>et</strong></span> <span class='ocrx_word' id='word_1_689' title='bbox 2138 4645 2188 4692; x_wconf 81' lang='lat' dir='ltr'><strong>P.</strong></span> <span class='ocrx_word' id='word_1_690' title='bbox 2215 4642 2363 4692; x_wconf 88' lang='lat' dir='ltr'><strong>Decio</strong></span> <span class='ocrx_word' id='word_1_691' title='bbox 2389 4655 2513 4692; x_wconf 84' lang='lat' dir='ltr'><strong>coss.</strong></span> <span class='ocrx_word' id='word_1_692' title='bbox 2540 4642 2660 4704; x_wconf 66' lang='lat'><strong>(4¹4</strong></span> <span class='ocrx_word' id='word_1_693' title='bbox 2686 4653 2730 4691; x_wconf 88' lang='lat' dir='ltr'><strong>a.</strong></span> <span class='ocrx_word' id='word_1_694' title='bbox 2761 4644 2821 4692; x_wconf 88' lang='lat' dir='ltr'><strong>U.</strong></span> <span class='ocrx_word' id='word_1_695' title='bbox 2848 4644 2941 4691; x_wconf 70' lang='lat'><strong>340</strong></span> <span class='ocrx_word' id='word_1_696' title='bbox 2958 4653 3004 4690; x_wconf 87' lang='lat' dir='ltr'><strong>a.</strong></span> <span class='ocrx_word' id='word_1_697' title='bbox 3031 4643 3087 4691; x_wconf 87' lang='lat' dir='ltr'><strong>C.</strong></span> <span class='ocrx_word' id='word_1_698' title='bbox 3104 4643 3123 4704; x_wconf 94' lang='lat'>)</span> <span class='ocrx_word' id='word_1_699' title='bbox 3143 4643 3328 4704; x_wconf 76' lang='lat' dir='ltr'><strong>gestum</strong></span> <span class='ocrx_word' id='word_1_700' title='bbox 3347 4644 3438 4692; x_wconf 81' lang='lat' dir='ltr'><strong>est.</strong></span> 
     </span>
     <span class='ocr_line' id='line_1_87' title="bbox 211 4712 3436 4778; baseline -0.002 -11"><span class='ocrx_word' id='word_1_701' title='bbox 211 4719 329 4774; x_wconf 74' lang='lat' dir='ltr'><strong>Quae</strong></span> <span class='ocrx_word' id='word_1_702' title='bbox 347 4731 409 4766; x_wconf 82' lang='lat' dir='ltr'><strong>ex</strong></span> <span class='ocrx_word' id='word_1_703' title='bbox 428 4717 572 4767; x_wconf 80' lang='lat' dir='ltr'><strong>Livio</strong></span> <span class='ocrx_word' id='word_1_704' title='bbox 592 4715 609 4776; x_wconf 92' lang='grc'>(</span> <span class='ocrx_word' id='word_1_705' title='bbox 627 4717 741 4765; x_wconf 77' lang='lat' dir='ltr'><strong>vlu</strong></span> <span class='ocrx_word' id='word_1_706' title='bbox 760 4753 776 4778; x_wconf 94' lang='lat'><strong>,</strong></span> <span class='ocrx_word' id='word_1_707' title='bbox 798 4716 847 4776; x_wconf 77' lang='grc' dir='ltr'><strong>ο)</strong></span> <span class='ocrx_word' id='word_1_708' title='bbox 863 4752 876 4776; x_wconf 85' lang='grc'>,</span> <span class='ocrx_word' id='word_1_709' title='bbox 897 4715 1054 4765; x_wconf 88' lang='lat' dir='ltr'><strong>multo</strong></span> <span class='ocrx_word' id='word_1_710' title='bbox 1070 4716 1267 4766; x_wconf 71' lang='lat' dir='ltr'><strong>brevius</strong></span> <span class='ocrx_word' id='word_1_711' title='bbox 1282 4727 1432 4777; x_wconf 91' lang='lat' dir='ltr'><strong>quam</strong></span> <span class='ocrx_word' id='word_1_712' title='bbox 1450 4716 1618 4764; x_wconf 77' lang='lat' dir='ltr'><strong>Noster</strong></span> <span class='ocrx_word' id='word_1_713' title='bbox 1638 4726 1741 4764; x_wconf 90' lang='lat' dir='ltr'><strong>rem</strong></span> <span class='ocrx_word' id='word_1_714' title='bbox 1764 4714 2063 4776; x_wconf 82' lang='lat' dir='ltr'><strong>exponente,</strong></span> <span class='ocrx_word' id='word_1_715' title='bbox 2100 4713 2305 4762; x_wconf 80' lang='lat' dir='ltr'><strong>conferri</strong></span> <span class='ocrx_word' id='word_1_716' title='bbox 2334 4715 2562 4775; x_wconf 77' lang='lat' dir='ltr'><strong>possunt,</strong></span> <span class='ocrx_word' id='word_1_717' title='bbox 2581 4725 2735 4776; x_wconf 89' lang='lat' dir='ltr'><strong>quum</strong></span> <span class='ocrx_word' id='word_1_718' title='bbox 2769 4712 2934 4776; x_wconf 86' lang='lat' dir='ltr'><strong>paucis</strong></span> <span class='ocrx_word' id='word_1_719' title='bbox 2960 4712 3317 4771; x_wconf 88' lang='lat' dir='ltr'><strong>contineantur,</strong></span> <span class='ocrx_word' id='word_1_720' title='bbox 3348 4725 3436 4775; x_wconf 84' lang='lat' dir='ltr'><strong>ap-</strong></span> 
     </span>
     <span class='ocr_line' id='line_1_88' title="bbox 206 4782 3432 4851; baseline -0.003 -11"><span class='ocrx_word' id='word_1_721' title='bbox 206 4801 380 4851; x_wconf 69' lang='lat' dir='ltr'><strong>ponam</strong></span> <span class='ocrx_word' id='word_1_722' title='bbox 408 4809 423 4840; x_wconf 71' lang='grc' dir='ltr'><strong><em>ε</em></strong></span> <span class='ocrx_word' id='word_1_723' title='bbox 465 4791 740 4844; x_wconf 74' lang='lat' dir='ltr'><strong>Consenti!</strong></span> <span class='ocrx_word' id='word_1_724' title='bbox 761 4791 811 4839; x_wconf 78' lang='lat' dir='ltr'><strong>et</strong></span> <span class='ocrx_word' id='word_1_725' title='bbox 830 4791 1043 4839; x_wconf 74' lang='lat' dir='ltr'><strong>senatus</strong></span> <span class='ocrx_word' id='word_1_726' title='bbox 1069 4787 1296 4844; x_wconf 55' lang='lat' dir='ltr'><strong>bellunm·</strong></span> <span class='ocrx_word' id='word_1_727' title='bbox 1316 4786 1671 4851; x_wconf 71' lang='lat' dir='ltr'><strong>consulesque,</strong></span> <span class='ocrx_word' id='word_1_728' title='bbox 1702 4783 1899 4835; x_wconf 75' lang='lat' dir='ltr'><strong>duobus</strong></span> <span class='ocrx_word' id='word_1_729' title='bbox 1930 4786 2144 4846; x_wconf 75' lang='lat' dir='ltr'><strong>scriptis</strong></span> <span class='ocrx_word' id='word_1_730' title='bbox 2162 4783 2473 4834; x_wconf 76' lang='lat' dir='ltr'><strong>exercitibus</strong></span> <span class='ocrx_word' id='word_1_731' title='bbox 2488 4796 2581 4846; x_wconf 85' lang='lat' dir='ltr'><strong>per</strong></span> <span class='ocrx_word' id='word_1_732' title='bbox 2602 4786 2801 4834; x_wconf 77' lang='lat' dir='ltr'><strong>Marsos</strong></span> <span class='ocrx_word' id='word_1_733' title='bbox 2827 4784 3167 4847; x_wconf 76' lang='lat' dir='ltr'><strong>Petiqnosque</strong></span> <span class='ocrx_word' id='word_1_734' title='bbox 3184 4782 3402 4846; x_wconf 77' lang='lat' dir='ltr'><strong>profecti</strong></span> <span class='ocrx_word' id='word_1_735' title='bbox 3415 4816 3432 4839; x_wconf 89' lang='lat'><strong>,</strong></span> 
     </span>
     <span class='ocr_line' id='line_1_89' title="bbox 200 4855 3439 4921; baseline -0.002 -11"><span class='ocrx_word' id='word_1_736' title='bbox 200 4858 454 4921; x_wconf 73' lang='lat' dir='ltr'><strong>adjuncto</strong></span> <span class='ocrx_word' id='word_1_737' title='bbox 475 4859 800 4909; x_wconf 72' lang='lat' dir='ltr'><strong>Samnitium</strong></span> <span class='ocrx_word' id='word_1_738' title='bbox 818 4859 1080 4913; x_wconf 74' lang='lat' dir='ltr'><strong>exercitu,</strong></span> <span class='ocrx_word' id='word_1_739' title='bbox 1103 4855 1175 4907; x_wconf 81' lang='lat' dir='ltr'><strong>ad</strong></span> <span class='ocrx_word' id='word_1_740' title='bbox 1200 4859 1429 4920; x_wconf 81' lang='lat' dir='ltr'><strong>capuam</strong></span> <span class='ocrx_word' id='word_1_741' title='bbox 1443 4892 1458 4917; x_wconf 93' lang='lat'><strong>,</strong></span> <span class='ocrx_word' id='word_1_742' title='bbox 1479 4856 1706 4920; x_wconf 76' lang='lat' dir='ltr'><strong>quojam</strong></span> <span class='ocrx_word' id='word_1_743' title='bbox 1729 4857 1899 4904; x_wconf 71' lang='lat' dir='ltr'><strong>Latini</strong></span> <span class='ocrx_word' id='word_1_744' title='bbox 1916 4858 2145 4917; x_wconf 73' lang='lat' dir='ltr'><strong>sociique</strong></span> <span class='ocrx_word' id='word_1_745' title='bbox 2157 4860 2500 4905; x_wconf 79' lang='lat' dir='ltr'><strong>convenerant</strong></span> <span class='ocrx_word' id='word_1_746' title='bbox 2516 4892 2530 4915; x_wconf 90' lang='lat'><strong>,</strong></span> <span class='ocrx_word' id='word_1_747' title='bbox 2552 4859 2728 4905; x_wconf 74' lang='lat' dir='ltr'><strong>castra</strong></span> <span class='ocrx_word' id='word_1_748' title='bbox 2746 4858 2967 4919; x_wconf 79' lang='lat' dir='ltr'><strong>ponunt.</strong></span> <span class='ocrx_word' id='word_1_749' title='bbox 2992 4857 3256 4918; x_wconf 65' lang='lat' dir='ltr'><strong>aquatum</strong></span> <span class='ocrx_word' id='word_1_750' title='bbox 3276 4856 3439 4903; x_wconf 69' lang='lat' dir='ltr'><strong>etiam</strong></span> 
     </span>
     <span class='ocr_line' id='line_1_90' title="bbox 208 4924 3438 4992; baseline -0.002 -12"><span class='ocrx_word' id='word_1_751' title='bbox 208 4932 261 4980; x_wconf 74' lang='lat' dir='ltr'><strong>in</strong></span> <span class='ocrx_word' id='word_1_752' title='bbox 280 4930 504 4980; x_wconf 74' lang='lat' dir='ltr'><strong>coneilio</strong></span> <span class='ocrx_word' id='word_1_753' title='bbox 526 4930 641 4990; x_wconf 80' lang='lat' dir='ltr'><strong>est,</strong></span> <span class='ocrx_word' id='word_1_754' title='bbox 660 4931 756 4989; x_wconf 76' lang='lat' dir='ltr'><strong>nt,</strong></span> <span class='ocrx_word' id='word_1_755' title='bbox 790 4932 835 4978; x_wconf 76' lang='lat' dir='ltr'><strong>si</strong></span> <span class='ocrx_word' id='word_1_756' title='bbox 874 4927 1085 4992; x_wconf 82' lang='lat' dir='ltr'><strong>quando</strong></span> <span class='ocrx_word' id='word_1_757' title='bbox 1114 4939 1356 4992; x_wconf 80' lang='lat' dir='ltr'><strong>unquam</strong></span> <span class='ocrx_word' id='word_1_758' title='bbox 1380 4939 1553 4978; x_wconf 79' lang='lat' dir='ltr'><strong>severo</strong></span> <span class='ocrx_word' id='word_1_759' title='bbox 1570 4927 1739 4977; x_wconf 78' lang='lat' dir='ltr'><strong>ullum</strong></span> <span class='ocrx_word' id='word_1_760' title='bbox 1768 4928 1981 4989; x_wconf 72' lang='lat' dir='ltr'><strong>imperio</strong></span> <span class='ocrx_word' id='word_1_761' title='bbox 2008 4925 2201 4976; x_wconf 77' lang='lat' dir='ltr'><strong>bellum</strong></span> <span class='ocrx_word' id='word_1_762' title='bbox 2232 4925 2665 4976; x_wconf 76' lang='lat' dir='ltr'><strong>adminislratum</strong></span> <span class='ocrx_word' id='word_1_763' title='bbox 2697 4930 2858 4983; x_wconf 77' lang='lat' dir='ltr'><strong>essee,</strong></span> <span class='ocrx_word' id='word_1_764' title='bbox 2893 4929 3017 4976; x_wconf 78' lang='lat' dir='ltr'><strong>lunc</strong></span> <span class='ocrx_word' id='word_1_765' title='bbox 3043 4928 3122 4975; x_wconf 81' lang='lat' dir='ltr'><strong>uli</strong></span> <span class='ocrx_word' id='word_1_766' title='bbox 3156 4924 3438 4987; x_wconf 74' lang='lat' dir='ltr'><strong>disciplina</strong></span> 
     </span>
     <span class='ocr_line' id='line_1_91' title="bbox 208 4992 3442 5063; baseline -0.002 -13"><span class='ocrx_word' id='word_1_767' title='bbox 208 5000 753 5063; x_wconf 63' lang='lat' dir='ltr'><strong>mumadpruoes</strong></span> <span class='ocrx_word' id='word_1_768' title='bbox 772 4998 1095 5062; x_wconf 69' lang='lat' dir='ltr'><strong>rediyeretnr</strong></span> <span class='ocrx_word' id='word_1_769' title='bbox 1112 5011 1293 5053; x_wconf 68' lang='lat' dir='ltr'><strong>mortes.</strong></span> <span class='ocrx_word' id='word_1_770' title='bbox 1308 5024 1367 5033; x_wconf 91' lang='lat'>—</span> <span class='ocrx_word' id='word_1_771' title='bbox 1390 5005 1432 5047; x_wconf 85' lang='lat'><strong>1.</strong></span> <span class='ocrx_word' id='word_1_772' title='bbox 1453 4999 1740 5062; x_wconf 66' lang='grc' dir='ltr'>αόατουρνὼν</span> <span class='ocrx_word' id='word_1_773' title='bbox 1750 4997 1921 5049; x_wconf 81' lang='lat' dir='ltr'><strong>codex.</strong></span> <span class='ocrx_word' id='word_1_774' title='bbox 1934 5023 1991 5033; x_wconf 92' lang='lat'><strong>-—</strong></span> <span class='ocrx_word' id='word_1_775' title='bbox 2005 5003 2049 5048; x_wconf 87' lang='lat'><strong>2.</strong></span> <span class='ocrx_word' id='word_1_776' title='bbox 2067 4996 2289 5054; x_wconf 73' lang='grc' dir='ltr'>διεξίεσαν</span> <span class='ocrx_word' id='word_1_777' title='bbox 2299 4996 2471 5047; x_wconf 82' lang='lat' dir='ltr'><strong>codex.</strong></span> <span class='ocrx_word' id='word_1_778' title='bbox 2489 5023 2544 5033; x_wconf 90' lang='lat'><strong>—</strong></span> <span class='ocrx_word' id='word_1_779' title='bbox 2563 5002 2610 5048; x_wconf 77' lang='lat'><strong>3.</strong></span> <span class='ocrx_word' id='word_1_780' title='bbox 2633 4998 2788 5054; x_wconf 74' lang='grc' dir='ltr'>ἀπιθὶς</span> <span class='ocrx_word' id='word_1_781' title='bbox 2809 4997 2960 5047; x_wconf 85' lang='lat' dir='ltr'><strong>codex</strong></span> <span class='ocrx_word' id='word_1_782' title='bbox 2991 4999 3108 5047; x_wconf 76' lang='lat'><strong>-4.</strong></span> <span class='ocrx_word' id='word_1_783' title='bbox 3125 5014 3162 5047; x_wconf 85' lang='grc' dir='ltr'><strong>π</strong></span> <span class='ocrx_word' id='word_1_784' title='bbox 3176 4992 3442 5060; x_wconf 79' lang='grc' dir='ltr'>ολέμων]</span> 
     </span>
    </p>
   </div>
   <div class='ocr_carea' id='block_1_15' title="bbox 202 5069 1705 5133">
    <p class='ocr_par' dir='ltr' id='par_1_17' title="bbox 202 5069 1705 5133">
     <span class='ocr_line' id='line_1_92' title="bbox 202 5069 1705 5133; baseline -0.003 -10"><span class='ocrx_word' id='word_1_785' title='bbox 202 5071 385 5123; x_wconf 65' lang='grc' dir='ltr'>πίλων</span> <span class='ocrx_word' id='word_1_786' title='bbox 403 5071 585 5123; x_wconf 70' lang='lat' dir='ltr'><strong>codex.</strong></span> <span class='ocrx_word' id='word_1_787' title='bbox 606 5096 673 5107; x_wconf 93' lang='lat'>-</span> <span class='ocrx_word' id='word_1_788' title='bbox 690 5077 733 5121; x_wconf 82' lang='lat'><strong>5.</strong></span> <span class='ocrx_word' id='word_1_789' title='bbox 756 5072 943 5120; x_wconf 83' lang='lat' dir='ltr'><strong>inclusa</strong></span> <span class='ocrx_word' id='word_1_790' title='bbox 962 5071 1197 5133; x_wconf 82' lang='lat' dir='ltr'><strong>supplevi.</strong></span> <span class='ocrx_word' id='word_1_791' title='bbox 1222 5074 1286 5120; x_wconf 81' lang='lat' dir='ltr'><strong>V.</strong></span> <span class='ocrx_word' id='word_1_792' title='bbox 1317 5069 1479 5119; x_wconf 79' lang='lat' dir='ltr'><strong>Livius</strong></span> <span class='ocrx_word' id='word_1_793' title='bbox 1496 5071 1605 5118; x_wconf 80' lang='lat' dir='ltr'><strong>vni</strong></span> <span class='ocrx_word' id='word_1_794' title='bbox 1621 5105 1635 5132; x_wconf 92' lang='lat'><strong>,</strong></span> <span class='ocrx_word' id='word_1_795' title='bbox 1657 5073 1705 5119; x_wconf 83' lang='grc'><strong>8.</strong></span> 
     </span>
    </p>
   </div>
  </div>
 </body>
</html>
