4016 5916
543 397 657 448 470
1837 376 2150 437 DURIDIS
2190 373 2402 436 sAMn

543 515 704 594 πέρας
728 513 877 593 ἔσχε·
910 512 1023 571 τότε
1047 511 1148 590 γὰρ
1181 501 1314 568 εἶλον
1345 512 1392 567 οἱ
1419 507 1650 580 enemim
1685 506 1778 579 τὴν
1806 505 2052 568 Φωκίδα.

622 607 707 664 Cf.
740 606 966 660 Aristot.
1005 602 1169 659 Polit.
1200 603 1269 669 V,
1305 599 1361 669 3,
1396 605 1478 663 4.
1510 598 1618 656 Καὶ
1652 599 1705 655 ἐν
1748 598 2039 655 Φωκεῦσιν

439 741 448 748 .
544 688 827 769 ἐπικλήρου
858 687 1089 752 στάσεως
1116 683 1388 793 γενομένης
1413 706 1532 761 περι
1561 683 1808 742 Μνασέαν
1834 703 1920 738 τον
1947 676 2109 750 Μνή-

546 799 704 841 σωνος
764 773 993 853 πατέρα,
1051 772 1141 830 καὶ
1203 771 1510 849 Εὐθυκράτη
1582 768 1668 827 τὸν
1725 766 2062 847 Ὀνομάρχου
2080 808 2094 836 ,

544 868 578 935 ἡ
628 863 807 929 στάσις
850 861 979 933 αὕτη
1011 859 1148 940 ἀργὴ
1191 883 1281 918 του
1309 860 1445 939 ἱεροῦ
1474 857 1701 932 πολέμου
1739 853 1965 927 κατέστη
1995 860 2098 918 τοῖς

545 954 818 1013 Φωκεῦσι.
843 954 1024 1008 Etiam
1052 952 1295 1024 primurn
1317 948 1530 1004 bellum
1555 965 1774 1003 sacrum
1799 946 1875 1000 ob
1898 944 2098 999 mulie·

545 1059 667 1097 rem
709 1052 896 1096 ortum
934 1050 989 1095 et
1022 1057 1127 1112 per
1154 1037 1348 1093 decem
1382 1037 1514 1090 item
1543 1054 1719 1091 annos
1745 1044 1960 1109 gestum
1986 1050 2099 1086 esse

546 1140 845 1185 narrarunt
870 1127 1247 1202 (Callisthenes
1266 1144 1356 1199 ap.
1382 1124 1584 1180 Athen.
1614 1124 1654 1180 l.
1681 1123 1773 1193 l.);
1797 1120 2100 1191 utrumque

546 1216 740 1274 {ictum
769 1236 882 1273 esse
905 1215 1147 1283 videtur,
1172 1233 1236 1268 ac
1262 1214 1494 1267 omnino
1515 1212 1720 1265 mirum
1746 1219 2017 1283 quantum
2044 1209 2102 1262 in

549 1305 824 1379 ejusmodi
872 1302 1299 1361 narratiunculis
1347 1300 1526 1357 Graeci
1578 1299 1683 1353 sibi
1727 1296 2097 1353 indulserunt.

546 1395 808 1450 Ceterum
833 1393 986 1447 hoc
973 1410 1092 1465 ipso
1121 1390 1248 1445 loco
1278 1387 1410 1462 (nisi
1436 1388 1528 1442 sor
1532 1398 1583 1441 te
1612 1387 1671 1440 in
1697 1385 1844 1439 libro
1871 1386 1958 1440 De
1981 1394 2099 1439 tra·

549 1477 764 1557 goedia)
816 1480 987 1535 fusius
1030 1479 1199 1552 egisse
1245 1477 1417 1534 Duris
1462 1474 1689 1529 videtur
1734 1472 1805 1528 de
1855 1471 2098 1539 Helena,

550 1587 710 1624 causa
735 1569 871 1624 belli
898 1566 1146 1639 Trojani.
1173 1567 1357 1637 Quare
1380 1564 1490 1617 huc
1518 1561 1702 1617 resero
1725 1561 2012 1634 sequentia
2044 1577 2059 1613 ι

1309 1686 1363 1743 3.

630 1821 846 1874 Tzetzes
865 1817 934 1873 ad
958 1817 1089 1890 Lyc.
1127 1815 1231 1871 103
1256 1818 1439 1873 ῖΔυοῖν
1461 1814 1689 1870 πελειαῖν
1709 1809 2101 1891 ὠρφανισμένην

550 1905 723 1982 γονῆς]
749 1901 1015 1984 Ορφανὴν
1040 1901 1180 1960 καὶε
1160 1900 1350 1980 ἔρημον
1380 1923 1537 1958 ουσαν
1560 1896 1816 1978 (Ἑλένην)
1842 1901 1931 1967 τῆς
1953 1902 2103 1976 γον-’ῆς

552 1993 654 2049 τῶν
678 1989 766 2049 δύο
793 1992 1130 2071 περιστερῶν,
1154 1988 1267 2061 ἤτοι
1287 1986 1610 2067 Ἰφιγενείας,
1632 1985 1752 2056 ἦν’
1726 2007 1848 2064 εσχε
1827 2008 1876 2042 ,ν
1907 1986 1966 2043 ἐκ
1988 1988 2103 2055 Θη-

552 2101 608 2136 σε
597 2078 707 2149 ’ως,
740 2077 808 2145 ὥς
850 2100 977 2158 φησι
1022 2080 1205 2154 Δοῦρις
1246 2079 1273 2134 6
1310 2074 1539 2152 Σάμιος,
1568 2072 1658 2131 καὶ
1694 2070 2001 2152 Ἑρμιόνης,
2039 2072 2103 2143 ἣν

552 2168 610 2224 ἐκ
657 2163 928 2225 Μενελάου
973 2187 1029 2242 γε
1034 2173 1147 2221 ινᾶ
1195 2161 1262 2222 F
1266 2185 1464 2232 πταετη
1513 2158 1614 2238 γόιρ
1658 2159 1854 2230 ταύτην
1898 2157 2106 2229 Θησευς

548 2256 752 2332 πρῶτον
778 2250 1052 2332 ἁρπάσας
1043 2249 1172 2310 μετὰ
1209 2272 1269 2307 το
1303 2256 1467 2307 τεκεῖν
1511 2247 1563 2315 ἐξ
1597 2248 1757 2318 αὗτης
1798 2244 2104 2327 Ἰφιγένειαν

552 2339 783 2450 ἀφῃρέθη
805 2339 982 2411 αὐτήν·
1007 2335 1240 2418 δεύτερον
1268 2336 1320 2395 δὲ
1341 2341 1367 2396 6
1383 2334 1523 2395 Ἀ)ε”·’
1500 2336 1708 2414 ,ανδρος
1725 2330 1949 2413 ἐντυχὼν
1974 2335 2104 2411 αὐτῇ

550 2428 695 2509 παρὰ
722 2428 808 2487 τὸν
837 2426 1072 2508 αἰγιαλὸν
1102 2425 1289 2504 θυούση
1312 2423 1498 2485 νεωστὶ
1528 2431 1638 2489 ταῖς
1669 2421 1901 2501 Βάκχαις
1928 2421 2017 2480 καὶ
2042 2425 2105 2498 τῇ

548 2514 675 2575 Ἰνοῖ
687 2515 977 2599 ,ἁρπάσας
1014 2514 1177 2586 αὐτὴν
1214 2514 1286 2579 εἷς
1330 2512 1592 2588 Αἴγυπτον
1637 2508 1806 2592 ᾤχετο
1839 2509 1930 2570 καὶ
1974 2510 2105 2589 αὐτῇ

552 2602 864 2682 συνεγένετο.

628 2694 717 2751 Id.
766 2692 905 2749 ibid.
947 2690 1069 2756 ·ι43
1121 2709 1135 2746 z
1191 2686 1360 2748 Πέντε
1406 2685 1599 2758 ταύτην
1658 2684 1858 2764 ἔγημαν
1904 2683 2106 2763 ἄνδρες·

551 2781 756 2856 πρῶτος
793 2774 1001 2846 Θησεὺς
1029 2779 1252 2845 ἑπταετῆ
1283 2771 1473 2845 ταύτην
1505 2772 1771 2854 ἁρπάσας,
1806 2771 1941 2831 καθά
1983 2795 2109 2851 φησι

551 2869 737 2944 Δοίρις
785 2868 812 2921 6
861 2861 1089 2936 Σάμιος,
1134 2863 1423 2942 ἀφαιρεθεὶς
1452 2858 1505 2918 δὲ
1543 2858 1703 2931 αὐτὴν
1746 2861 1796 2917 ἐν
1837 2861 1911 2939 τῷ
1947 2864 2107 2931 ἡττη·

555 2955 702 3022 θηναι
733 2950 833 3009 υπὸ
863 2947 1220 3013 Πολυδεύκους
1247 2947 1335 3007 καὶ
1368 2945 1630 3026 Κάστορος
1653 2950 1754 3004 τῶν
1781 2946 1941 3018 αυτῆς
1966 2947 2112 3006 ἀδελ-

554 3042 662 3120 φῶν
707 3040 759 3095 ἓν
789 3037 1045 3118 Ἀφίδναις
1084 3034 1338 3117 πολιχνίῳ
1377 3037 1479 3093 τῶν
1526 3034 1747 3106 Ἀθηνῶν
1787 3057 2108 3113 γεννησασαν

555 3122 876 3206 Ἰφιγένειαν,
904 3124 969 3195 ἢν
996 3122 1301 3205 Ἰφιγένειαν
1327 3146 1417 3181 και
1442 3119 1592 3193 θετὴν
1621 3123 1784 3180 παῖδα
1808 3125 1842 3193 ἡ
1881 3124 2106 3183 Κλυται-

557 3236 792 3293 μνηστρα
823 3213 1065 3274 ποιεῖται.

633 3302 714 3361 Cf.
746 3302 894 3371 idem
918 3302 992 3359 ib.
1024 3301 1129 3357 183
1161 3321 1175 3356 ι
1203 3296 1354 3365 Τινὲς
1377 3296 1429 3355 δὲ
1454 3322 1546 3369 την
1570 3297 1869 3378 Ἰφιγένειαν
1897 3297 2111 3370 ταύτην,

554 3390 623 3454 ὡς
651 3386 742 3446 καὶ
765 3390 792 3445 6
816 3391 998 3466 Δοῦρις
1015 3432 1032 3460 ,
1057 3389 1150 3444 οὐκ
1179 3386 1553 3465 Ἀγαμέμνονος
1579 3383 1833 3465 θυγατέρα
1856 3386 2110 3462 λέγουσιν,

557 3473 693 3534 ἀλλὰ
716 3474 938 3547 Θησέως
967 3473 1018 3542 ἐξ
1046 3473 1265 3546 Ἑλένης
1291 3475 1641 3551 γεννηθεῖσαν,
1665 3473 1766 3531 ὑπὸ
1795 3474 1847 3531 δὲ
1877 3476 2109 3534 Κλυται·

558 3563 823 3642 μνήστρας
854 3568 1328 3643 θυγατροτεθεῖσαν.
1353 3564 1562 3620 Eadem
1594 3563 1847 3620 Eudocia
1882 3582 1941 3638 p.
1973 3570 2109 3628 241.

557 3656 777 3710 Tzetzes
809 3654 996 3709 denuo
1021 3672 1141 3708 rem
1169 3652 1332 3708 affert
1356 3672 1412 3706 v.
1457 3651 1563 3707 531
1596 3664 1651 3707 et
1679 3651 1815 3708 851.
1846 3655 1931 3708 De
1956 3652 2113 3725 Iphi-

554 3742 716 3816 genia
755 3742 982 3796 Helenae
1007 3740 1046 3795 s.
1075 3760 1128 3798 v,
1160 3740 1537 3809 StesichoruS,
1583 3740 1876 3812 Euphorio
1909 3738 2003 3810 (fr.
2038 3739 2105 3794 61

557 3825 646 3884 ed.
671 3827 947 3902 Meinek.)
976 3837 1030 3882 et
1054 3826 1371 3882 Alexander
1395 3828 1726 3882 Pleuronius
1757 3846 1846 3900 ap.
1881 3828 2111 3883 Pausan.

522 4055 526 4059 .
555 3990 736 4040 bellum
762 3990 825 4041 oh
855 3991 995 4039 aliam
1020 3992 1268 4040 mulierem
1295 3992 1399 4040 viro
1430 3990 1676 4051 junctam,
1700 3993 1756 4039 ut
1786 3991 1854 4038 ait
1879 3991 2021 4039 Duris
2037 4004 2109 4040 se·

556 4070 715 4120 cundo
753 4070 1066 4119 ilistoriarum
1103 4069 1257 4131 libro,
1286 4069 1559 4118 Thebanam
1581 4081 1784 4131 genere,
1817 4067 1896 4116 cui
1932 4082 2108 4118 nomen

558 4147 750 4197 Theano
770 4147 889 4208 fuit,
912 4149 1094 4208 raptam
1114 4158 1142 4195 a
1163 4145 1390 4195 Phocensi
1412 4143 1638 4207 quodam.
1662 4145 1926 4194 Decennale
1946 4149 2109 4195 autem

556 4239 706 4289 quum
724 4226 817 4275 hoc
838 4238 1031 4288 quoque
1050 4225 1212 4275 suisset
1225 4223 1433 4285 bellum,
1453 4222 1640 4273 decimo
1663 4221 1853 4273 tandem
1872 4236 1998 4273 auno
2029 4224 2108 4273 ad·

553 4305 715 4366 jutore
745 4303 959 4366 Philippo
985 4302 1253 4352 confectum
1278 4303 1384 4351 est.
1401 4288 1527 4350 tunc
1550 4299 1678 4350 enim
1702 4299 1956 4350 Phocidem
1981 4301 2108 4351 The-

557 4382 669 4433 bani
694 4384 937 4444 ceperunt.
1309 4447 1340 4495 3

624 4540 862 4587 Duarum
878 4535 1235 4586 columbarum
1258 4535 1438 4586 orbam
1467 4535 1658 4598 sobole]
1683 4536 1912 4586 Helenam
1943 4537 2108 4585 orbam

557 4615 605 4661 et
628 4611 862 4674 privatam
880 4611 1046 4661 sobole
1065 4610 1272 4661 duarum
1302 4610 1637 4660 columbarum
1668 4611 1762 4672 ait,
1791 4611 1840 4661 id
1860 4613 1960 4672 est,
1983 4612 2107 4674 lphi-

556 4688 692 4750 genia
705 4725 720 4751 ,
744 4700 893 4751 quam
911 4687 1093 4737 Theseo
1116 4689 1421 4750 pepererant,
1447 4689 1502 4736 ut
1522 4687 1663 4737 Duris
1683 4687 1870 4738 Samius
1885 4690 2107 4749 testatur,

556 4766 606 4813 et
632 4764 915 4825 Hermione,
939 4776 1082 4825 quam
1101 4776 1129 4813 e
1166 4764 1381 4813 Menelao
1399 4766 1695 4825 conceperat.
1735 4763 1948 4814 Primum
1979 4765 2106 4814 enim

559 4844 691 4903 rapta
712 4840 891 4890 Helena
905 4843 976 4890 est
1005 4842 1185 4902 septem
1206 4852 1358 4889 annos
1375 4844 1486 4889 nata
1509 4854 1539 4887 a
1556 4840 1738 4891 Theseo
1755 4879 1770 4903 ,
1794 4842 1871 4891 cul
1889 4841 2111 4904 adempta

555 4920 630 4967 est
651 4920 905 4979 postquam
937 4917 1227 4979 Iphigeniam
1264 4917 1307 4967 ei
1331 4919 1591 4979 pepererat.
1630 4918 1812 4968 Deinde
1847 4919 2112 4968 Alexander

559 4994 916 5057 deprehendens
939 5009 1048 5046 eam
1069 4997 1119 5045 in
1141 4997 1280 5046 litore
1300 4997 1574 5046 Bacchabus
1595 5000 1644 5047 et
1673 4999 1807 5047 lnoni
1827 4998 2101 5048 sacrifican-

559 5075 656 5122 tem
671 5107 686 5133 ,
705 5074 863 5134 rapuit
896 5076 945 5123 et
967 5074 1015 5123 ln
1045 5077 1302 5138 AEgyptum
1324 5075 1526 5124 abduxit
1548 5088 1657 5124 cum
1679 5089 1829 5139 eaque
1846 5077 2109 5126 consuevit.

623 5150 844 5212 Quinque
879 5151 1105 5201 Helenam
1137 5165 1335 5202 uxorem
1359 5153 1630 5203 habuerunt
1650 5156 1756 5203 viri.
1783 5155 1967 5204 Primus
1992 5154 2111 5204 The·

563 5238 674 5276 seus
688 5230 963 5290 septennem
1003 5230 1185 5291 rapuit,
1224 5232 1277 5279 ut
1311 5226 1455 5280 Duris
1495 5232 1683 5282 Samius
1719 5232 1812 5293 ait;
1851 5230 1962 5281 huic
2000 5245 2113 5281 vero

2186 509 2265 579 11,
2288 525 2383 576 22,
2410 525 2439 575 7
2462 523 2480 578 3
2505 506 2689 577 Etym.
2710 505 2787 560 M.
2812 522 2863 558 v,
2884 497 3051 578 Ἶφις,
3070 502 3341 558 Antonin.
3360 500 3641 561 Libet-al.
3684 519 3791 576 27,

2191 595 2384 667 ibique
2431 594 2698 664 interprr.
2735 590 3094 648 01.Munker.
3143 589 3215 645 ad
3266 589 3476 664 Hygin.
3503 609 3581 663 p.
3640 590 3789 663 ¹3¹3

2186 681 2487 755 Spanhem.
2516 678 2799 734 inCallim.
2817 677 3097 735 H.inDel.
3128 694 3265 750 292.
3288 679 3373 732 De
3404 677 3653 732 Helena
3674 674 3791 750 (σεο

2184 764 2353 845 λήνῃ)
2375 776 2586 839 septem
2614 782 2789 821 annos
2815 774 2945 820 nata
2973 763 3045 819 cf.
3070 764 3285 820 Helian.
3316 764 3387 818 fr.
3426 769 3523 833 74.
3554 766 3689 820 Res
3718 782 3792 819 ex

2186 853 2587 928 significatione
2609 851 2915 925 symbolica
2930 892 2947 920 ‚
2978 869 3103 925 quae
3125 850 3312 906 subest
3333 850 3573 922 fabulae,
3596 852 3791 926 expli·

2188 941 2386 997 canda.

2267 1029 2452 1085 Schol.
2486 1029 2654 1084 Hom.
2684 1026 2753 1082 11.
2781 1026 2850 1095 T,
2879 1024 2988 1096 327
3017 1045 3031 1081 :
3055 1019 3216 1084 Ἐστι
3231 1021 3286 1080 δὲ
3307 1022 3789 1104 (Νεοπτόλεμος),

2189 1110 2258 1179 ὥς
2281 1134 2443 1184 τινες,
2459 1108 2511 1178 ἐξ
2529 1108 2835 1187 Ἰφιγενείας
2852 1132 2863 1145 ·
2889 1108 3017 1190 φησὶ
3037 1107 3136 1189 γὰρ
3160 1114 3366 1188 Δοῦρις,
3390 1109 3473 1169 ὅτι
3492 1111 3790 1170 κλαπεῖσα

2190 1203 2262 1268 εἷς
2305 1202 2508 1278 Σκῦρον
2554 1196 2755 1269 ἐξετέθη
2784 1196 2870 1255 ὑπ’
2918 1198 3073 1255 αὐτοῦ
3117 1196 3492 1277 (Ἀχιλλέως).
3552 1200 3791 1256 Eadem

2194 1289 2443 1345 Eustath.
2477 1289 2517 1346 l.
2543 1288 2581 1344 1.

2269 1472 2566 1528 Athenaeus
2593 1472 2687 1539 IV,
2714 1489 2772 1543 p.
2813 1467 2941 1538 155,
2971 1469 3014 1525 C
3042 1486 3057 1526 t
3090 1470 3273 1546 Δοῦρις
3311 1467 3542 1546 ἱστορεῖ,
3572 1464 3661 1525 ὅτι
3691 1466 3785 1526 καὶ

2192 1555 2488 1629 Φίλιππος,
2507 1559 2534 1613 6
2553 1559 2642 1614 τοῦ
2663 1551 2994 1631 Ἀλεξάνδρου
3017 1552 3220 1633 πατὴρ,
3242 1552 3495 1633 ποτήριον
3516 1560 3785 1634 χρυσοῦν,

2191 1643 2349 1715 ὁλκῂν
2389 1642 2512 1722 ἄγον
2557 1640 2878 1712 πεντήκοντα
2922 1637 3598 1722 δραχμὰςλκεκτημένος,
3629 1647 3784 1701 τοῦτο

2193 1730 2457 1806 ἐλάμὸανε
2482 1728 2801 1807 κοιμώμενος
2827 1727 2909 1786 ἀεὶ
2931 1726 3022 1787 καὶ
3048 1725 3175 1807 πρὸς
3202 1726 3436 1808 κεφαλὴν
3472 1732 3651 1788 αὑτοῦ
3683 1753 3783 1788 κα-

2192 1818 2437 1879 τετίθετο.

2272 1907 2436 1965 Idem
2479 1908 2590 1979 vl,
2631 1925 2694 1980 p.
2729 1905 2866 1975 231,
2899 1907 2944 1960 B
2984 1924 3000 1961 ε
3041 1900 3268 1969 Σπάνιος
3294 1900 3397 1980 γὰρ
3426 1902 3601 1970 ὅντως
3630 1897 3697 1976 ἦν
3724 1903 3782 1964 τὸ

2194 1990 2417 2053 παλαιὸν
2445 1992 2591 2070 παρὰ
2613 1993 2719 2058 τοῖς
2743 1986 3005 2061 Ἕλλησιν
3035 1993 3062 2047 6
3089 1988 3186 2064 μὲν
3230 1989 3422 2069 χρυσὸς
3464 1991 3561 2049 καὶ
3609 1991 3781 2065 πάνυ,

2194 2088 2222 2143 6
2253 2084 2297 2142 δ’
2326 2082 2543 2164 ἄργυρος
2579 2081 2748 2158 ὀλίγος
2775 2073 2838 2152 ἦν
2876 2083 2904 2138 ὁ
2948 2082 3002 2137 ἐν
3045 2080 3150 2145 τοῖς
3196 2080 3497 2155 μετάλλοις.
3542 2081 3652 2140 Διὸ
3688 2080 3779 2139 καὶ

2197 2171 2470 2231 Φίλιππον
2496 2168 2583 2227 τὸν
2619 2173 2711 2226 τοῦ
2743 2166 2973 2245 μεγάλου
3006 2164 3261 2245 βασιλέως
3291 2166 3640 2246 Ἀλεξάνδρου
3666 2191 3781 2225 πει6

2194 2257 2317 2337 τέρα
2346 2257 2474 2337 φησὶ
2497 2261 2680 2336 Δοῦρις
2699 2259 2726 2313 ὁ
2747 2255 2947 2331 Σάμιος
2968 2253 3172 2334 φιάλιον
3194 2259 3421 2333 χρυσοῦν
3443 2253 3777 2332 κεκτημένον

2197 2344 2280 2402 αεὶ
2304 2342 2441 2401 τοῦτ’
2466 2341 2604 2420 ἔχειν
2633 2340 2865 2418 κείμενον
2901 2338 3002 2399 ὑπὸ
3025 2344 3115 2399 τοῦ
3139 2341 3591 2422 προσκεφαλαίου.
3632 2347 3779 2402 Hine

2194 2451 2292 2491 sua
2313 2432 2562 2491 Eustath.
2593 2434 2760 2491 Hom.
2791 2432 2861 2490 ΙΙ.
2894 2449 2952 2505 p.
2991 2430 3136 2500 868,
3171 2448 3238 2501 17
3270 2430 3362 2486 ed.
3398 2433 3473 2488 R.
3511 2433 3663 2504 Quae
3692 2451 3773 2489 se·

2198 2532 2450 2596 quuntur
2498 2539 2591 2593 ap.
2640 2511 2848 2576 Athen.
2902 2537 2960 2575 v,
3002 2520 3063 2573 in
3106 2517 3396 2574 Herodoti
3429 2517 3502 2576 fr.
3554 2518 3663 2578 53.
3691 2518 3771 2575 Cf.

2197 2609 2410 2664 Plinius
2436 2609 2509 2663 Η.
2533 2609 2603 2664 N.
2630 2607 2921 2674 XXXIII,
2954 2611 3019 2670 xl.
3054 2624 3069 2660 2
3098 2605 3351 2661 Summoe
3373 2606 3536 2679 apud
3556 2619 3774 2661 exoerm

2201 2691 2677 2767 licentioesuerat,
2710 2696 2912 2769 poculo
2938 2712 3107 2750 aw'eo
3124 2695 3371 2767 pulve‘nis
3386 2695 3619 2752 subdito
3639 2694 3769 2751 Plu·-

2201 2788 2413 2861 IIppum
2453 2802 2640 2857 regem
2680 2784 2924 2839 dormire
2965 2784 3209 2837 solitum.
3241 2811 3321 2826 —
3349 2783 3567 2838 Petims
3618 2783 3774 2839 locus

2200 2891 2270 2930 ex
2297 2872 2619 2929 narratione
2647 2870 2719 2927 de
2749 2870 2981 2944 direptis
3014 2870 3283 2924 thesauris
3317 2867 3433 2924 sani
3476 2871 3767 2945 Delphici.

2202 2955 2355 3020 Μετὰ
2384 2955 2438 3017 δὲ
2468 2954 2563 3030 τὴν
2604 2960 2818 3037 Δελφῶν
2859 2954 2959 3014 ὑπὸ
2988 2952 3223 3016 Φωκέων
3254 2954 3558 3035 κατάληψιν
3598 2957 3768 3016 πάντα

2199 3045 2266 3105 τὰ
2292 3051 2505 3106 τοιαῦτα
2535 3044 2804 3126 δαψίλειαν
2832 3043 3060 3124 εἴληφεν,
3093 3045 3296 3102 Athen.
3327 3046 3368 3101 l.
3400 3045 3442 3102 l.

2567 3177 2619 3236 5.
2653 3177 2759 3254 (01.
2801 3198 2938 3250 107,
2975 3183 3027 3243 4.
3055 3196 3104 3236 a.
3135 3178 3197 3234 C.
3234 3176 3390 3252 349.)

2279 3304 2578 3359 Athenaeus
2620 3303 2734 3358 XII
2750 3344 2769 3375 ,
2800 3320 2862 3376 p.
2907 3300 3051 3373 532,
3094 3304 3147 3359 D
3177 3321 3191 3357 z
3220 3297 3318 3358 Ἔν
3348 3297 3404 3357 δὲ
3444 3304 3519 3377 τῷ
3546 3302 3765 3380 ἐπιγρα·

2202 3386 2411 3470 φομένῳ
2456 3391 2546 3446 τοῦ
2590 3386 2912 3463 Θεοπόμπου
2960 3385 3333 3467 συγγράμματι
3379 3387 3517 3466 Περι
3562 3391 3672 3446 τῶν
3714 3391 3769 3446 ἐκ

2201 3477 2415 3555 Δελφῶν
2460 3473 2780 3547 συληθέντων
2823 3473 3110 3555 χρημάτων
3154 3502 3177 3527 ι
3225 3474 3438 3552 Χάρητι
3488 3475 3659 3555 (φησὶ)
3698 3477 3766 3589 τῷ

2202 3562 2454 3644 Ἀθηναίῳ
2499 3560 2584 3621 διὰ
2630 3561 2934 3641 Λυσάνδρου
2976 3564 3210 3621 τάλαντα
3256 3561 3540 3635 ἑξήκοντα·
3574 3565 3671 3638 ἀφ’
3699 3554 3765 3621 ων

2201 3649 2479 3709 ἐδείπνισεν
2503 3648 2795 3721 Ἀθηναίους
2829 3652 2881 3707 ἐν
2926 3653 2991 3728 τῇ
3028 3650 3192 3759 ἀγορᾷ
3235 3648 3398 3716 θύσας
3425 3649 3491 3706 τὰ
3537 3651 3765 3707 ἐπινίκια

2201 3741 2291 3806 τῆς
2337 3735 2616 3814 γενομένης
2643 3735 2820 3815 μάχης
2867 3760 2993 3815 προς
3020 3760 3134 3801 τους
3181 3736 3462 3796 Φιλίππου
3508 3736 3678 3804 ξένους
3700 3757 3713 3771 ·
3742 3762 3764 3787 ο

2202 3813 2275 3881 ὧν
2293 3827 2468 3900 ἠγεῖτο
2488 3821 2583 3899 μὲν
2600 3822 2828 3896 Ἀδαῖος,
2850 3820 3165 3902 Ἀλεκτρυὼν
3184 3823 3594 3900 ἐπικαλούμενος
3607 3869 3625 3894 ,
3648 3821 3766 3903 περὶ

2196 3989 2420 4052 adempta
2440 3993 2509 4040 est
2527 3989 2717 4039 devicto
2735 4004 2763 4037 a
2786 3986 3013 4039 fratribus
3032 3989 3242 4050 llelenae,
3270 3991 3463 4040 Polluce
3473 3992 3523 4041 et
3535 3994 3756 4049 castore,

2196 4067 2244 4116 in
2260 4066 2488 4128 Aphidnis
2508 4066 2861 4117 Atheniensium
2879 4066 3054 4129 oppido
3069 4103 3082 4126 ,
3103 4070 3361 4128 postquam
3402 4068 3587 4117 Theseo
3619 4081 3765 4131 pepe·

2197 4148 2325 4195 rerat
2349 4145 2663 4208 Iphigeniam,
2682 4158 2829 4209 quam
2848 4146 3209 4208 Clytaemnestra
3238 4159 3324 4208 pro
3348 4147 3445 4196 lilia
3473 4146 3742 4209 adoptavit.

2259 4224 2597 4284 Neoptolemus
2620 4223 2883 4272 secundum
2912 4222 3167 4272 nonnullos
3190 4223 3315 4273 filius
3341 4228 3447 4274 erat
3472 4224 3761 4288 iphigeniae,
3788 4254 3799 4265 ·

2197 4313 2344 4363 quam
2367 4300 2606 4350 Achilleus
2627 4300 2750 4365 clam
2774 4302 2823 4348 in
2842 4304 3042 4362 Scyrum
3066 4299 3269 4350 insulam
3296 4300 3585 4351 abduxerat.

2949 4400 3005 4449 4.

2261 4506 2402 4556 Duris
2418 4505 2565 4555 tradit
2586 4506 2851 4569 Philippum
2868 4504 3119 4555 Alexandri
3137 4508 3342 4568 patrem,
3359 4520 3512 4570 quum
3533 4506 3767 4570 poculum

2198 4585 2397 4635 haberet
2428 4586 2772 4647 quinquaginta
2795 4585 3134 4635 drachmarum
3169 4584 3415 4648 pondere,
3450 4586 3683 4648 poculum
3709 4588 3767 4636 il-

2198 4661 2299 4724 lud,
2314 4663 2501 4725 quoties
2519 4662 2854 4725 cubitumiret,
2874 4675 3037 4712 secum
3055 4664 3303 4725 sumptum
3322 4663 3416 4712 sub
3434 4662 3659 4713 cervicali
3680 4677 3767 4713 suo

2199 4740 2487 4802 deposuisse.

2946 4824 2997 4873 5.

2259 4923 2596 4986 Theopompus
2607 4959 2623 4984 ,
2662 4922 2711 4971 in
2742 4920 3059 4972 Historiarum
3094 4919 3218 4969 libro
3255 4919 3339 4982 qui
3381 4919 3665 4970 inscribitur
3700 4924 3769 4970 De

2200 4999 2449 5062 compilata
2473 5012 2533 5048 ex
2560 4998 2785 5062 Delphico
2818 4998 2998 5060 templo
3031 4997 3235 5060 pecunia
3272 5015 3286 5046 ι
3333 5013 3358 5039 α
3408 4996 3634 5058 Chareti,
3670 4999 3768 5059 ait,

2202 5077 2471 5127 Atheniensi
2490 5076 2604 5141 [per
2616 5076 2929 5141 Lysandrum]
2950 5076 3125 5125 talenta
3136 5075 3382 5137 sexaginta
3398 5090 3411 5123 ε
3431 5090 3527 5140 qua
3542 5090 3602 5126 ex
3624 5091 3771 5139 pecu·

2200 5154 2278 5203 nia
2295 5155 2488 5217 epulum
2505 5155 2709 5218 praebuit
2732 5152 3093 5205 Atheniensibus
3114 5151 3164 5201 in
3180 5158 3301 5213 loro,
3321 5152 3604 5204 solennibus
3618 5156 3770 5203 sacris

2200 5232 2336 5282 tactis
2356 5244 2443 5294 pro
2462 5231 2660 5282 victoria
2678 5234 2813 5295 parta
2836 5232 2883 5281 in
2910 5241 3065 5294 pugna
3084 5228 3314 5280 adversus
3342 5228 3551 5292 Philippi
3577 5242 3770 5283 meree·
