4016 5916
400 390 510 444 204

1550 362 2020 428 HERACLlDES
2060 367 2453 428 PONTICUS.

399 508 671 568 nonnulla
696 525 895 564 eorum
923 524 1047 578 quae
1087 503 1159 559 de
1189 501 1499 558 Periandro
1527 510 1828 556 narrantur
1858 499 1954 553 iis-
2042 499 2141 554 has
2163 500 2306 553 ratio
2334 496 2522 553 deficit
2544 509 2735 570 estque
2765 515 2832 552 eo
2878 494 3160 551 difficilius
3177 497 3489 569 procedere
3513 499 3608 553 ul·

405 600 536 653 dem
576 597 693 651 sere
714 593 902 648 verbis
936 593 1215 665 Diogenes
1246 589 1495 645 Laertius
1536 586 1708 642 refert
1743 584 1956 641 addens
2045 587 2247 655 teriuS,
2275 587 2407 658 quia
2424 585 2611 638 multae
2638 583 2900 657 dynastia:
2925 594 3289 641 evanuerunt.
3318 584 3455 641 Mihi
3478 605 3604 659 quae

403 679 538 739 καθά
574 701 727 758 φησιν
764 673 993 779 Ἔφορος
1033 674 1123 733 καὶ
1165 670 1542 752 Ἀριστοτέλης.
1587 705 1666 714 —
1707 674 1797 729 Fr.
1828 691 1884 743 7,
1919 671 1952 726 3
2044 674 2174 729 sciri
2208 682 2524 746 nequeunt,
2568 690 2640 727 ne
2681 672 2945 726 sciscitari
2981 670 3213 743 quidem
3241 673 3452 745 volupe
3488 686 3602 749 est3

402 772 664 836 historia,
693 785 805 840 qua
834 767 996 841 origo
1027 763 1329 819 locutionis
1362 760 1738 835 proverbialis
1768 762 1956 815 ἀποκε-

408 853 594 941 κόφθαι
642 850 872 928 Τενεδίῳ
915 847 1121 906 πελέκει
1163 850 1492 915 illustratur,
1545 846 1748 902 eodem
1789 847 1957 919 plane

406 932 583 997 modo
614 959 685 997 ex
717 939 1014 995 Aristotele
1051 932 1335 1010 (fr-170)
1363 935 1615 991 affertur.
1640 965 1722 978 —
1746 935 1843 993 Fr.
1891 951 1960 988 10

406 1049 532 1103 quae
557 1030 819 1103 leguntur
832 1026 904 1082 de
919 1026 1065 1081 Sami
1082 1022 1403 1079 nominibus
1422 1022 1643 1122 priscis,
1668 1020 1740 1076 de
1757 1022 1961 1075 Ancaeo

411 1128 467 1171 et
491 1116 561 1171 de
585 1115 708 1169 alba
725 1112 1059 1180 hirundine,
1084 1110 1281 1166 eadem
1305 1110 1563 1164 novimus
1581 1126 1651 1164 ex
1667 1109 1965 1164 Aristotele

412 1205 482 1258 sr.
518 1200 623 1271 175
654 1211 709 1256 et
739 1200 868 1271 176.
893 1231 971 1241 -
995 1201 1092 1255 Fr.
1129 1203 1196 1269 4,
1230 1216 1278 1255 ι.
1307 1199 1394 1252 De
1423 1198 1587 1251 Batto
1624 1196 1965 1269 Cyrenarum

412 1289 711 1345 conditore
740 1286 1065 1343 Aristoteles
1085 1301 1317 1357 quoque
1344 1281 1488 1337 dixit
1513 1281 1586 1337 fr.
1615 1281 1752 1340 206.
1774 1311 1850 1324 —·
1868 1282 1946 1337 Fr

420 1376 489 1432 16
536 1394 660 1447 quae
702 1373 773 1428 de
811 1371 1236 1445 Tyrrhenorum
1273 1369 1497 1424 luxuria
1532 1378 1692 1438 sunt,
1721 1374 1970 1423 narravit

413 1462 738 1519 Aristoteles
782 1460 849 1515 fr.
889 1458 1002 1523 246
1044 1458 1105 1511 in
1142 1456 1428 1534 Τυρρηνῶν
1466 1452 1727 1528 νομίμοις.
1761 1486 1838 1497 -
1870 1456 1948 1510 Fr

415 1550 491 1605 38
507 1591 524 1619 ‚
553 1568 576 1603 1
599 1548 671 1603 de
693 1547 940 1619 Cephalo
961 1544 1367 1599 historiuncula
1379 1540 1541 1598 fluxit
1563 1560 1633 1597 ex
1650 1541 1949 1597 Aristotele

416 1669 494 1678 —
532 1637 626 1692 Fr.
660 1652 731 1688 αα
780 1634 880 1706 qui
917 1631 1151 1687 affertur
1190 1648 1378 1685 versus
1407 1630 1765 1684 Simonideus
1797 1639 1970 1683 exstat

416 1726 586 1779 etiam
617 1720 769 1796 apud
792 1719 1148 1776 Aristotelem
1171 1718 1231 1772 in
1258 1718 1495 1773 Rhetor.
1526 1718 1646 1785 111,
1681 1735 1736 1771 α.
1767 1747 1845 1759 -
1868 1718 1945 1772 Fr

419 1829 493 1865 aa
516 1810 833 1865 inscribitur
857 1809 916 1861 in
939 1804 1111 1861 codd.
1140 1800 1462 1883 Σαμοθρᾴκη
1483 1846 1501 1876 ,
1531 1822 1650 1859 non
1685 1804 1970 1879 Σαμοθρα-

420 1900 547 1955 κῶν.
574 1895 1030 1953 Schneidewinus
1053 1893 1304 1965 reposuit
1320 1886 1686 1969 Σαμοθρᾴκης,
1702 1891 1972 1963 quoniam

418 1983 744 2040 Aristoteles
784 1981 897 2056 (fr.
934 2000 1034 2051 171
1069 1978 1088 2055 )
1118 1980 1169 2035 ἐν
1207 1974 1554 2057 Σαμοθρᾴκης
1587 1974 1823 2053 πολιτείᾳ
1851 1977 1974 2032 lau-

430 2073 604 2127 datur
631 2069 784 2145 apud
808 2069 984 2124 schol.
1016 2068 1206 2141 Apoll.
1235 2067 1346 2122 Rh.
1374 2067 1431 2135 1,
1455 2082 1588 2140 917.
1613 2096 1690 2107 —
1717 2066 1974 2137 Denique

426 2160 827 2233 Aphytaeorum
875 2156 986 2234 (sr.
1027 2154 1141 2230 39)
1195 2164 1252 2211 et
1288 2154 1637 2228 Argiliorum
1695 2152 1809 2226 (fr.
1854 2152 1966 2228 42)

424 2248 672 2301 civitates
701 2246 949 2300 Thraciae
991 2244 1120 2298 satis
1165 2242 1421 2297 obscurae
1452 2259 1553 2295 cur
1590 2248 1977 2297 memorentur

421 2337 481 2387 in
511 2343 701 2389 nostro
729 2332 923 2386 libello
944 2330 1105 2385 facile
1133 2327 1367 2401 intelligi
1384 2337 1596 2395 monet,
1626 2327 1672 2381 si
1696 2336 1977 2380 teneamus

422 2440 536 2476 esse
558 2420 866 2495 fragmenta
890 2417 1232 2486 Aristotelis,
1253 2415 1496 2470 hominis
1513 2416 1800 2488 Stagiritae.

506 2510 604 2563 His
642 2508 812 2581 igitur
856 2504 1193 2560 enumeratis
1231 2502 1419 2576 pergit
1463 2501 1924 2557 Schneidewinus

434 2622 454 2642 u
487 2596 640 2667 Ergo
683 2610 793 2665 pro
832 2590 1127 2663 explorato
1154 2588 1431 2643 habeatur
1457 2588 1758 2642 Aristotelii
1793 2588 1980 2659 operis

423 2683 523 2735 has
545 2697 658 2735 esse
681 2678 945 2749 reliquias
961 2718 976 2744 ,
1005 2692 1227 2729 mancas
1254 2674 1376 2729 illas
1398 2674 1632 2746 quidem
1664 2675 1853 2729 multis
1880 2692 1981 2727 no·

428 2766 671 2820 minibus
692 2805 707 2832 ,
733 2773 789 2818 et
830 2764 875 2817 si
898 2761 971 2817 ad
993 2777 1320 2834 generosam
1354 2760 1675 2833 prosapiam
1714 2778 1977 2833 respexe-

428 2854 531 2918 ris,
549 2850 795 2918 frivolas,
815 2847 914 2904 sed
940 2858 1003 2902 ut
1024 2846 1094 2901 de
1117 2847 1354 2920 pristino
1372 2844 1578 2902 decore
1601 2865 1718 2901 non
1742 2845 1981 2901 absurda

427 2938 603 3010 possit
637 2935 762 3008 capi
791 2933 1140 3006 conjectura,
1166 2943 1222 2988 et
1243 2932 1406 2988 nobis
1432 2950 1557 2989 sero
1577 2934 1716 2989 natis
1734 2933 1794 2988 in
1819 2933 1980 2988 lucro

430 3021 816 3096 deputandum
837 3022 935 3088 sit,
965 3020 1063 3074 has
1090 3030 1276 3075 tamen
1292 3021 1536 3094 guttulas
1564 3038 1634 3075 ex
1658 3020 1980 3076 Aristotelio

430 3127 644 3165 oceano
668 3124 967 3181 superesse.
995 3107 1294 3162 Pristinum
1312 3105 1483 3162 decus
1501 3124 1677 3180 quum
1696 3106 1829 3161 dico
1847 3147 1863 3175 ,
1884 3109 1981 3180 qui

433 3194 817 3250 Aristotelium
844 3192 1162 3266 exemplum
1191 3193 1516 3266 expressisse
1564 3202 1820 3265 repertus
1867 3204 1946 3247 est
1963 3234 1980 3262 ,

434 3300 590 3350 eum,
616 3281 721 3335 nisi
757 3278 896 3352 quid
932 3289 1125 3334 contra
1164 3278 1343 3348 dicat,
1381 3298 1488 3351 par
1528 3289 1609 3334 oet
1639 3277 1870 3333 credere
1912 3278 1983 3333 ad

436 3378 723 3422 auctorem
766 3384 929 3424 suum
966 3367 1043 3421 ita
1091 3382 1206 3420 sese
1246 3364 1725 3433 accommodasse,
1765 3375 1829 3419 ut
1868 3384 1984 3419 non

437 3467 644 3510 temere
664 3454 906 3508 nativam
927 3454 1111 3526 operis
1129 3471 1459 3526 compagem
1480 3452 1780 3523 disjiceret.
1805 3453 1986 3526 Igitur

439 3543 538 3616 qui
567 3540 826 3595 ordinem
857 3541 1145 3595 civitatum
1166 3538 1316 3612 apud
1344 3537 1697 3594 Heraclidem
1722 3538 1985 3593 mirabili·

434 3641 521 3685 ter
544 3628 841 3685 confusum
865 3626 1149 3697 dictitant,
1183 3628 1224 3682 ii
1249 3627 1592 3700 reputabunt
1609 3666 1625 3694 ,
1658 3625 1798 3699 quid
1823 3643 1983 3680 secu-

441 3730 524 3772 tus
551 3718 622 3771 sit
664 3715 987 3771 Aristoteles
1011 3715 1157 3787 ipse,
1187 3715 1444 3768 universe
1468 3712 1700 3785 quidem
1733 3723 1987 3769 constare

439 3817 454 3875 (
476 3804 791 3876 accepimus
813 3803 961 3857 enim
986 3802 1341 3857 Aristotelem
1361 3818 1610 3856 seorsum
1633 3800 1987 3856 collocavisse

433 3892 683 3946 civitates
704 3884 1116 3965 δημοκρατικάς,
1134 3884 1471 3963 ὀλιγαρχικοῖς
1486 3930 1501 3957 ,
1529 3884 1982 3964 ἅριστοκρατικάς,

436 3973 758 4055 τυραννικοίς.
790 3972 859 4030 V.
886 3975 1055 4048 Diog.
1094 3977 1162 4030 L.
1192 3976 1261 4044 V,
1302 3993 1399 4044 27,
1435 3976 1566 4030 coll.
1609 3976 1717 4030 vit.
1760 3976 1982 4050 Menag.

438 4081 495 4136 p.
523 4068 633 4129 404
655 4102 674 4134 ,
696 4061 773 4119 68
795 4063 1095 4118 Westerm.
1117 4061 1165 4133 );
1199 4059 1298 4115 sed
1325 4060 1469 4115 illud
1490 4078 1610 4115 non
1644 4079 1801 4133 aeque
1833 4079 1988 4116 com-

440 4160 663 4223 pertum
699 4160 781 4205 est
820 4147 894 4204 ad
930 4147 1215 4219 cujusnam
1255 4148 1429 4202 aetatis
1468 4158 1671 4203 statum
1706 4149 1989 4203 civitatum

443 4238 710 4293 direxerit
720 4237 1016 4308 judicium,
1036 4253 1219 4290 suaene
1242 4255 1315 4290 an
1332 4236 1664 4308 superioris,
1685 4247 1740 4290 et
1756 4277 1771 4305 ‚
1794 4238 1838 4290 si
1856 4236 1988 4302 hoc,

442 4326 514 4380 ad
547 4325 722 4398 cujus.
760 4326 854 4379 Est
892 4323 1005 4379 hoc
1047 4334 1227 4377 totum
1267 4322 1569 4379 obscurum
1604 4324 1903 4396 multisque
1939 4335 1995 4378 et

442 4413 687 4487 magnis,
716 4412 760 4465 si
800 4429 922 4466 rem
954 4421 1203 4465 scrutere
1243 4408 1526 4479 subtilius,
1575 4410 1817 4464 obsitum
1853 4407 1995 4463 diffi-

444 4499 773 4566 cultatibus,
812 4498 918 4552 nisi
952 4497 1098 4552 sorte
1128 4496 1283 4552 vanis
1324 4496 1660 4567 conjecturis
1701 4495 1995 4570 indulgere

447 4587 599 4641 melli
625 4596 722 4641 est.
753 4585 842 4640 Ab
870 4584 1292 4640 Atheniensium
1319 4583 1555 4657 quidem
1582 4586 1803 4639 civitate
1831 4602 1995 4639 exor-

445 4693 568 4728 sum
592 4673 941 4729 Aristotelem
967 4673 1309 4728 crediderim
1333 4685 1389 4727 et
1412 4674 1621 4746 ipsum;
1650 4675 1861 4747 pariter
1877 4691 1996 4728 non

448 4760 719 4814 absonum
772 4757 940 4813 suerit
984 4767 1225 4816 statuere
1240 4801 1257 4830 ‚
1315 4759 1389 4816 ad
1445 4760 1995 4816 Lacedaemoniorum

448 4846 759 4918 perrexisse
777 4883 792 4911 ‚
823 4845 1327 4902 aristocraticarum
1363 4847 1768 4903 nobilissimam
1798 4849 1996 4904 urbem

453 4952 581 4988 cum
622 4931 1124 4987 democraticarum
1165 4933 1506 4990 nobilissima
1539 4936 1993 4991 contendentem.

454 5021 557 5076 Cui
604 5036 878 5075 annexam
922 5017 1239 5074 Cretensem
1280 5039 1392 5077 esse
1440 5023 1564 5094 quis
1604 5023 1902 5078 mirabitur
1940 5025 1999 5077 in

454 5116 605 5163 tanta
664 5107 951 5178 utriusque
999 5107 1379 5164 institutorum
1425 5110 1828 5165 similitudine?
1870 5113 1999 5166 Post

2048 772 2264 816 tantum
2318 759 2541 829 dicam,
2600 760 2705 814 nisi
2764 761 2888 832 quis
2946 760 3156 814 eruerit
3219 760 3606 816 Aristotelium

2050 847 2339 917 ordinem,
2367 845 2678 903 cavendum
2707 863 2848 914 esse,
2885 863 2957 899 ne
2992 844 3384 901 Heraclideam
3405 849 3606 904 seriem

2046 953 2152 1009 per
2169 935 2532 989 temeritatem
2550 943 2945 1006 excerptorum
2956 933 3206 987 vitiatam
3221 935 3598 1007 opinemur.»

2129 1021 2295 1078 Vides
2322 1030 2672 1094 quantopere
2696 1020 2767 1074 de
2789 1020 2984 1075 libello
3005 1030 3198 1075 nostro
3213 1020 3427 1091 judicia
3449 1023 3608 1078 viro*

2051 1127 2178 1163 rum
2207 1107 2507 1162 doctorum
2536 1107 2871 1179 discrepent.
2918 1108 3130 1161 Eorum
3173 1108 3463 1179 opinioni,
3503 1112 3604 1182 qui

2053 1197 2361 1270 fragmenta
2400 1213 2468 1250 ex
2497 1194 2883 1269 geographicis
2909 1194 3068 1248 libris
3108 1195 3342 1249 collecta
3368 1206 3570 1267 putant
3587 1237 3604 1265 ,

2055 1301 2173 1336 non
2221 1291 2302 1335 est
2355 1299 2457 1335 cur
2494 1282 2880 1335 immoremur.
2932 1282 3139 1336 Utrum
3183 1299 3320 1336 vero
3376 1300 3447 1336 ex
3487 1301 3604 1339 uno

2055 1367 2367 1440 eodemque
2405 1367 2736 1421 Politiarum
2774 1368 3050 1440 scriptore
3088 1367 3277 1421 omnia
3304 1364 3601 1439 fluxerint,

2057 1475 2128 1510 an
2154 1473 2223 1511 ex
2269 1453 2519 1521 duobus,
2567 1454 2863 1509 Aristotele
2892 1463 2946 1509 et
2994 1453 3292 1508 Heraclide
3334 1456 3604 1525 Pontion,

2056 1544 2144 1597 vel
2170 1543 2336 1597 etiam
2365 1559 2434 1596 ex
2466 1539 2883 1614 compluribus,
2925 1540 3129 1613 eclogae
3170 1552 3442 1614 congestae
3465 1542 3604 1611 sint,

2058 1631 2116 1685 nd
2139 1646 2268 1685 sane
2287 1630 2347 1682 in
2363 1626 2823 1701 disceptationem
2850 1628 3042 1681 venire
3060 1635 3264 1699 potest.
3288 1628 3432 1682 Nam
3451 1629 3611 1701 quod

2058 1715 2517 1772 Schneidewinus
2554 1733 2663 1787 pro
2688 1715 2983 1787 explorato
3013 1715 3178 1787 ponit
3204 1712 3605 1785 confidentius,

2058 1803 2122 1859 ιὰ
2150 1804 2610 1876 circumspectior
2636 1802 2836 1874 aliquis
2856 1802 3078 1855 nonnisi
3099 1802 3216 1855 veri
3234 1801 3610 1858 similitudinis

2060 1891 2300 1964 speciem
2336 1908 2452 1963 prae
2491 1908 2549 1945 se
2588 1889 2737 1944 ferre
2780 1888 3006 1943 dixerit.
3053 1888 3351 1961 Complura
3403 1891 3610 1945 nostris

2060 1996 2234 2033 inesse
2265 1996 2388 2051 quae
2416 1977 2700 2032 Aristoteli
2729 1975 3059 2044 debeantur,
3091 1975 3151 2030 in
3170 1976 3468 2049 propatulo
3492 1988 3603 2047 est,

2061 2084 2246 2138 neque
2274 2067 2567 2138 quisquam
2589 2064 2832 2137 negavit.
2859 2063 2948 2117 Sic
2965 2062 3221 2116 historias
3239 2061 3308 2116 de
3327 2061 3608 2118 Tenedio-

2061 2171 2189 2208 rum
2228 2171 2360 2226 rege
2393 2150 2493 2226 (fr.
2543 2153 2613 2225 9)
2647 2160 2702 2205 et
2746 2149 2817 2204 de
2855 2150 3069 2205 Arcisio
3121 2148 3225 2223 (fr.
3257 2147 3358 2221 38)
3393 2159 3609 2204 tantum

2062 2258 2181 2293 non
2221 2238 2420 2293 iisdem
2447 2237 2631 2292 verbis
2672 2255 2740 2291 ex
2772 2236 3068 2291 Aristotele
3109 2235 3280 2291 refert
3305 2236 3614 2309 Stephanus

2062 2326 2373 2398 Byzantius.
2408 2326 2681 2380 Praeterea
2715 2342 2838 2396 quae
2862 2324 2922 2377 in
2962 2323 3277 2377 Samiorum
3302 2324 3501 2396 politia
3527 2326 3617 2379 le-

2064 2423 2294 2488 guntur,
2329 2414 2463 2467 item
2504 2430 2575 2467 ex
2620 2411 2919 2467 Aristotele
2950 2412 3227 2483 exscripta
3260 2428 3372 2465 esse
3399 2411 3616 2483 proba-

2065 2501 2178 2555 bile
2219 2511 2335 2575 est3
2379 2517 2717 2573 quamquam
2756 2499 2847 2552 vel
2887 2497 2999 2553 hoc
3044 2499 3226 2552 minus
3267 2496 3619 2554 confidenter

2068 2587 2306 2643 dixerim
2323 2628 2339 2656 ,
2370 2587 2640 2659 quoniam
2667 2587 2794 2641 satis
2822 2586 3004 2658 liquet⁴
3037 2584 3252 2640 fontem
3279 2603 3476 2640 eorum
3503 2604 3617 2642 esse

2067 2676 2307 2730 Annales
2332 2675 2612 2749 Eugeonis
2638 2673 2844 2740 Samii,
2877 2673 2974 2744 qui
3016 2673 3327 2728 communis
3355 2673 3616 2746 complu-

2066 2764 2215 2816 rium
2233 2761 2359 2817 fons
2377 2780 2489 2817 esse
2511 2771 2754 2834 poterat.
2777 2758 2946 2814 Haud
2964 2759 3189 2830 majoris
3206 2762 3476 2815 momenti
3490 2770 3618 2814 sunt

2069 2867 2192 2921 quae
2221 2848 2293 2904 de
2333 2848 2644 2905 Periandro
2672 2846 2824 2921 apud
2860 2848 3128 2901 Nostrum
3168 2858 3225 2902 et
3263 2848 3620 2903 Aristotelem

2069 2937 2350 3011 leguntur.
2400 2936 2543 2992 Nam
2588 2934 2782 2991 eadem
2823 2935 3070 2990 narravit
3113 2935 3404 3008 Ephorus,
3448 2954 3616 3009 quent

2069 3042 2181 3077 una
2234 3042 2364 3079 cum
2412 3022 2709 3079 Aristotele
2760 3020 2952 3075 laudat
3001 3022 3283 3095 Diogenes
3341 3023 3615 3077 Laertius.

2072 3110 2288 3183 Ephori
2316 3120 2500 3165 autem
2530 3111 2912 3165 narrationem
2936 3109 3103 3162 etiam
3129 3110 3186 3161 in
3209 3109 3329 3162 aliis
3364 3108 3619 3164 Heracli-

2072 3196 2189 3251 deis
2215 3197 2581 3270 agnoscimus.
2611 3196 2702 3251 Sic
2728 3213 2850 3267 quae
2875 3195 2933 3248 in
2954 3195 3299 3250 Cretensium
3335 3195 3622 3268 republica

2071 3283 2333 3357 leguntur
2360 3302 2490 3338 cum
2518 3283 2584 3337 iis
2617 3300 2740 3355 quae
2769 3299 2839 3336 ex
2860 3280 3093 3353 Ephoro
3137 3279 3253 3356 (fr.
3274 3281 3346 3345 65.
3370 3281 3385 3356 )
3418 3281 3620 3337 Strabo

2071 3369 2271 3438 refert,
2319 3359 2524 3423 mirum
2556 3369 2617 3423 in
2644 3367 2879 3423 modum
2922 3369 3248 3425 concinunt.
3297 3370 3383 3424 Ex
3420 3368 3622 3424 eodem

2072 3456 2227 3510 sonte
2253 3474 2316 3511 ea
2337 3453 2602 3511 fluxerint
2614 3473 2738 3529 quae
2756 3453 2828 3510 de
2849 3456 3109 3529 Lycurgo
3126 3453 3376 3532 κρυπτίας
3394 3468 3626 3513 auctore

2072 3543 2224 3616 apud
2251 3544 2515 3599 Nostrum
2529 3552 2824 3611 notantur,
2844 3543 3152 3616 praesertim
3168 3560 3342 3615 quum
3362 3542 3628 3598 Lacedae-

2073 3625 2396 3685 moniorum
2419 3631 2667 3685 instituta
2686 3631 2874 3684 omnia
2894 3630 2984 3683 vel
3005 3640 3154 3685 certe
3184 3631 3350 3704 longe
3379 3630 3627 3702 plurima

2074 3718 2146 3773 ad
2178 3720 2502 3792 Lycurgum
2533 3718 2706 3772 relata
2749 3715 2818 3770 ab
2857 3716 3089 3789 Ephoro
3119 3733 3230 3770 esse
3259 3716 3389 3771 inde
3435 3727 3623 3793 patet,

2075 3804 2235 3877 quod
2269 3805 2531 3878 Ephorus
2580 3802 2683 3876 (fr.
2709 3802 2817 3877 30)
2864 3803 3241 3871 Hellanicum,
3286 3813 3348 3858 ut
3392 3804 3490 3875 qui
3528 3822 3624 3859 se-

2077 3910 2172 3947 cus
2189 3891 2413 3960 fecerit,
2429 3890 2814 3964 reprehendit.
2833 3891 3093 3964 Denique
3113 3890 3364 3963 Ephorus
3381 3892 3625 3946 maxime

2075 3980 2264 4033 notari
2289 3977 2515 4033 videtur
2544 3977 2615 4032 fr.
2647 3995 2680 4031 2
2718 3977 2840 4030 init.
2871 3977 3062 4032 verbis
3090 3997 3105 4032 t
3136 3973 3247 4044 Τὴν
3287 3974 3625 4051 Λακεδαιμο-

2075 4062 2196 4119 νίων
2236 4061 2504 4121 πολιτείαν
2534 4061 2665 4126 τινὲς
2695 4060 2980 4140 Λυκούργῳ
3007 4061 3390 4141 προσάπτουσιν
3419 4071 3623 4121 πᾶσαν.

2077 4152 2288 4223 Quidni
2313 4152 2482 4226 igitur
2510 4151 2830 4208 Heraclides
2865 4152 2980 4206 haec
3010 4170 3079 4208 ex
3107 4153 3227 4226 ipso
3265 4152 3524 4226 Ephoro,
3555 4155 3631 4208 si-

2078 4239 2193 4293 cuti
2210 4238 2559 4308 Aristoteles,
2572 4238 2797 4293 haurire
2814 4225 3037 4311 potuit?
3059 4240 3184 4295 Alia
3204 4239 3447 4312 denique
3471 4258 3636 4294 com-

2077 4325 2243 4398 plura
2268 4324 2542 4397 ejusmodi
2568 4334 2725 4395 sunt,
2765 4337 2828 4380 ut
2853 4344 3020 4381 nemo
3045 4327 3192 4381 ullus
3209 4368 3225 4396 ,
3266 4327 3368 4400 qui
3405 4327 3634 4382 Politias

2080 4413 2432 4469 conscribere
2453 4412 2882 4488 aggrederetur,
2906 4414 3164 4468 omittere
3190 4432 3253 4469 ea
3273 4424 3478 4486 posset.
3506 4414 3633 4483 Quo

2081 4501 2363 4573 pertinent
2391 4500 2549 4574 quod
2589 4502 2651 4555 in
2685 4501 3107 4556 Atheniensium
3142 4502 3343 4574 politia
3383 4501 3536 4555 Ionis
3562 4500 3634 4553 ab

2083 4590 2222 4642 Ione
2261 4605 2470 4642 nomen
2508 4588 2717 4643 habere
2746 4587 3033 4656 dicuntur,
3067 4587 3225 4660 quod
3269 4587 3329 4641 in
3366 4586 3635 4642 Lacedae-

2081 4675 2435 4743 moniorum,
2483 4676 2832 4731 Cretensium
2884 4686 2940 4730 et
2986 4676 3382 4747 Cyrenaeorum
3426 4674 3638 4728 Politiis

2083 4762 2424 4834 'serpandri,
2463 4762 2669 4817 Minois
2709 4774 2765 4817 et
2807 4763 2952 4817 Batti
2997 4764 3207 4817 mentio
3246 4759 3330 4815 fit.
3365 4762 3638 4815 Praeterea

2084 4867 2201 4903 non
2235 4848 2388 4904 deest
2410 4849 2600 4918 locus,
2627 4848 2725 4904 ubi
2751 4848 3075 4904 Heraclides
3103 4848 3174 4903 ab
3204 4848 3502 4904 Aristotele
3526 4846 3638 4901 dis·

2082 4937 2267 4990 sentit.
2285 4937 2428 4992 Nam
2451 4935 2776 4992 Heraclides
2803 4934 2900 5009 (fr.
2931 4953 2953 4989 1
2979 4976 2994 5004 ‚
3020 4932 3116 5009 8),
3143 4934 3302 4989 sicuti
3322 4934 3641 5006 Theopom-

2085 5041 2221 5096 pus,
2265 5025 2341 5078 ait
2381 5020 2716 5099 Cimonem(
2736 5025 2828 5078 cui
2873 5022 3087 5076 librarii
3134 5040 3296 5077 error
3341 5020 3640 5094 Ephialten

2088 5109 2400 5186 substituit)
2431 5111 2728 5165 hortorum
2763 5127 2993 5165 suorum
3034 5110 3256 5182 copiam
3285 5107 3502 5164 dedisse
3533 5105 3642 5171 τοῖς
