4016 5916
181 1692 283 1783 M>

468 352 580 405 ²32
1577 348 2012 408 chAEAucffl
2057 348 2547 410 FRAGMENTA.

461 481 735 533 Praeterea
786 495 922 533 vero
967 478 1107 532 nihil
1166 479 1351 535 habeo
1395 479 1555 552 quod
1596 475 1847 536 Phileam
1902 498 2010 535 no-

460 578 705 620 strorum
734 563 1180 638 fragmentorum
1217 566 1446 621 sortasse
1474 577 1758 622 auctorem
1781 584 1894 623 esse
1919 569 2006 622 in·

462 652 632 707 dicet.
673 648 893 706 Scimus
922 652 1337 708 Atheniensium
1380 654 1533 709 hunc
1559 655 1945 729 geographum
1981 673 2014 711 a

458 738 754 794 Macrobio
787 735 933 812 (Sat.
970 740 1038 808 V,
1074 759 1146 795 20
1171 741 1190 816 )
1215 746 1530 815 scriptorem
1555 754 1796 797 veterem
1825 741 1937 798 dici
1958 752 2014 797 et

460 843 591 879 cum
636 825 865 899 Ephoro
903 829 1200 900 componi;
1248 839 1648 901 auctoremque
1693 846 1806 884 esse
1853 827 1965 905 Περ
1975 828 2020 887 ί-

456 911 624 979 πλων,
654 912 753 984 qui
786 913 988 985 passim
1015 930 1048 968 a
1074 914 1355 986 Stephano
1383 915 1612 987 aliisque
1642 916 2014 989 grammaticis

458 1008 515 1053 et
532 998 864 1072 geographis
882 997 1202 1056 laudantur.
1223 1000 1451 1057 Indoles
1468 1019 1605 1058 vero
1624 1002 2010 1075 reliquiarum,

456 1095 522 1139 ut
549 1084 622 1141 ad
648 1085 1063 1158 simplicitatem
1091 1098 1148 1142 et
1168 1088 1473 1144 exilitatem
1500 1090 2010 1162 antiquissimorum

457 1171 914 1247 geographorum
934 1174 1195 1247 proxime
1222 1176 1460 1250 accedit,
1483 1177 1561 1231 sic
1580 1193 1812 1250 prorsus
1834 1177 2012 1233 aliena

459 1277 571 1315 esse
598 1258 824 1315 videtur
856 1261 926 1315 ab
958 1261 1214 1317 ubertate
1248 1271 1302 1317 et
1329 1265 1555 1338 ingenio
1581 1264 2008 1337 philosophico,

459 1363 583 1418 quae
606 1356 797 1403 nostra
822 1347 1133 1423 fragmenta
1150 1368 1268 1424 prae
1286 1368 1343 1405 se
1372 1350 1577 1409 ferunt.

538 1433 697 1489 Alter
721 1436 983 1508 scriptor,
1006 1437 1098 1490 cui
1111 1436 1423 1511 fragmenta
1444 1437 1721 1495 vindicari
1740 1449 1794 1494 et
1811 1436 2014 1510 majori

459 1521 693 1593 quidem
729 1540 857 1577 cum
896 1525 1017 1578 veri
1042 1526 1227 1597 specie
1263 1536 1515 1601 possent,
1549 1528 1874 1583 Heraclides
1909 1538 2007 1583 est.

456 1608 683 1666 Etenim
698 1629 820 1683 quae
840 1610 912 1665 de
927 1611 1117 1684 planta
1128 1613 1369 1685 quadam
1380 1615 1518 1669 Pelii
1533 1616 1738 1671 montis
1750 1617 2014 1690 leguntur

456 1697 516 1748 in
553 1694 907 1770 (τερα-59,
954 1698 986 1771 §
1031 1696 1062 1752 5
1114 1700 1250 1774 (ubi
1285 1720 1341 1758 v.
1379 1696 1568 1776 not),
1608 1702 1809 1757 eodem
1847 1704 2013 1777 plane

456 1782 633 1837 inodo
662 1782 975 1857 iisdemque
999 1804 1158 1858 paene
1191 1788 1381 1865 verbis
1411 1790 1745 1862 Apollonius
1787 1792 1872 1846 De
1910 1791 2016 1844 mi-

457 1868 580 1922 rab.
610 1887 659 1925 c.
688 1880 963 1944 19narrat
983 1889 1053 1926 ex
1069 1873 1369 1929 Heraclide
1394 1874 1467 1951 τῷ
1490 1873 1738 1952 Κρητικῷ
1765 1874 2013 1954 (κριτικῷ

402 2000 409 2008 .
456 1972 678 2012 correx.
708 1957 816 2011 viri
844 1955 1035 2034 docti)
1064 1958 1114 2013 ἐν
1135 1951 1208 2038 τῷ
1238 1955 1399 2037 Περὶ
1420 1962 1541 2017 τῶν
1570 1958 2014 2041 ἐντῇἝλλᾶδι

454 2036 721 2099 πόλεων.
753 2044 864 2115 Qui
891 2045 1122 2117 quidem
1146 2047 1336 2103 titulus
1358 2065 1472 2122 quo
1492 2050 1730 2105 alienior
1751 2067 1783 2105 a
1800 2068 1863 2105 re
1891 2069 2013 2105 nar·

453 2139 573 2185 rata
599 2148 713 2185 esse
740 2129 984 2202 videtur,
1009 2151 1077 2187 eo
1094 2135 1293 2189 melius
1318 2137 1379 2188 in
1402 2135 1545 2191 illud
1573 2136 1812 2211 quadrat
1841 2156 2007 2211 opuS,

455 2235 525 2271 ex
544 2234 658 2290 quo
688 2228 942 2273 nostrum
964 2217 1036 2279 de
1063 2221 1218 2276 Pelio
1247 2221 1621 2296 fragmentum
1652 2222 2012 2297 desumptum

454 2313 551 2361 est.
582 2303 694 2359 Sed
719 2305 973 2377 quisnam
996 2315 1076 2362 est
1094 2307 1187 2362 ille
1207 2307 1478 2364 Criticus?
1496 2310 1551 2365 Si
1572 2310 2013 2385 fragmentorum

452 2399 781 2445 nostrorum
807 2403 1008 2447 auctor
1045 2392 1151 2448 fuit
1172 2435 1187 2462 ,
1210 2412 1329 2449 non
1350 2407 1537 2468 potest
1555 2415 1668 2453 esse
1687 2398 2012 2454 Heraclides

450 2476 745 2547 PonticuS,
790 2496 960 2552 quem
1008 2480 1337 2536 Welckerus
1379 2481 1618 2557 intelligi
1656 2485 1853 2540 voluit.
1893 2486 2013 2541 Re-

451 2562 805 2638 {vagarentur
845 2567 995 2621 enim
1037 2575 1315 2640 tempora,
1346 2588 1521 2641 quum
1556 2572 1764 2627 natales
1790 2573 2010 2627 Pontici

454 2650 752 2706 minimum
780 2651 854 2708 ad
878 2654 967 2708 01.
994 2672 1123 2708 1oo.
1152 2654 1263 2724 378
1283 2655 1589 2711 referendae
1602 2658 1728 2717 sint.
1751 2660 2008 2716 Aliorum

453 2738 747 2810 opiniones
771 2757 940 2813 supra
966 2741 1027 2794 in
1051 2741 1378 2814 praesatione
1403 2742 1474 2797 ad
1501 2744 1728 2800 Politias
1752 2748 2006 2802 Heracli·

451 2823 538 2878 dis
566 2826 840 2880 recensui.
866 2826 1146 2898 Equidem
1173 2827 1355 2883 fateor
1382 2846 1474 2883 me
1503 2849 1619 2885 non
1644 2849 1804 2888 nosse
1830 2830 2008 2890 Hera-

450 2907 653 2963 clidem
673 2951 687 2978 ,
715 2911 806 2965 cui
846 2914 1080 2989 κριτικοῦ
1109 2913 1301 2968 titulus
1327 2917 1648 2986 conveniat3
1680 2919 1742 2974 in
1762 2932 2008 2978 mentem

450 3003 635 3048 autem
695 2997 850 3050 venit
892 2998 1230 3073 Megaclides
1275 3002 1704 3078 peripateticus,
1765 3009 1865 3080 qui
1919 3011 2006 3066 De

452 3077 703 3135 Homero
754 3081 985 3156 ejusque
1049 3087 1388 3142 carminibus
1425 3090 1671 3162 scripsit,
1722 3093 1782 3147 in
1822 3113 2005 3169 eoque

451 3183 626 3239 opere
651 3176 706 3221 et
726 3166 797 3222 de
821 3168 1077 3226 moribus
1097 3182 1152 3226 et
1171 3172 1364 3229 indole
1390 3193 1758 3249 personarum
1782 3182 2003 3238 Home-

448 3254 693 3308 ricarum
736 3255 913 3311 multa
959 3255 1274 3314 disseruisse
1317 3259 1547 3317 videtur
1595 3262 1684 3338 (⁶).
1737 3267 2002 3324 Confusio

447 3357 585 3394 vero
622 3341 916 3396 nominum
954 3344 1277 3419 Megaclidis
1314 3359 1371 3402 et
1402 3349 1714 3408 Heraclidis
1746 3353 2002 3412 facillima

449 3436 588 3484 erat.
632 3428 892 3484 Ceterum
941 3432 1233 3507 Megacles
1265 3452 1476 3491 nomen
1503 3431 1750 3494 Atticum
1787 3453 1893 3511 est,
1919 3446 2001 3498 uti

448 3525 694 3585 constat3
726 3514 926 3571 eodem
951 3519 1099 3574 redit
1123 3518 1301 3576 forma
1319 3528 1705 3600 patronymica
1722 3530 2001 3601 Megacli-

515 3717 581 3778 (*)
600 3716 846 3767 Laudatur
877 3722 1192 3781 Μεγακλείδης
1212 3725 1258 3773 ἐν
1276 3733 1371 3784 τοῖς
1392 3729 1494 3792 περὶ
1515 3728 1724 3794 Ὀμήρου
1746 3745 1823 3795 ap.
1852 3733 2001 3785 schol.

446 3784 589 3830 Hom.
615 3784 673 3832 ll.
693 3802 757 3847 π,
793 3791 905 3850 140;
931 3792 1147 3841 Eustath.
1177 3794 1226 3842 in
1252 3797 1307 3844 11.
1334 3813 1393 3856 α,
1418 3811 1465 3860 p.
1494 3802 1581 3860 84;
1610 3800 1779 3851 Suidas
1796 3804 1998 3864 miton-

445 3851 604 3912 ναίαςς
628 3855 832 3916 Hesych.
871 3871 920 3907 v.
953 3861 1135 3919 Ἀθηνᾶ.
1172 3866 1354 3928 Saepius
1384 3868 1434 3916 in
1471 3869 1620 3919 schol.
1654 3873 1797 3921 Hom.
1825 3874 2001 3925 citatur

444 3920 626 3984 absque
670 3928 916 3978 mentione
965 3932 1138 3992 operis.
1198 3935 1384 3999 Insigne
1428 3939 1746 4002 fragmentum
1793 3948 1999 3996 servavit

441 3990 702 4043 Athenaeus
716 3998 803 4045 xli
817 4033 833 4059 ,
851 4009 902 4060 p.
932 4004 1039 4061 512,
1064 4004 1119 4062 E,
1135 4002 1195 4052 de
1212 4006 1399 4056 ratione
1414 4021 1509 4070 qua
1532 4012 1749 4062 Herculis
1765 4016 1813 4063 et
1832 4016 2000 4079 Ulyxis

441 4071 602 4111 moros
619 4066 669 4112 et
686 4064 897 4115 indolem
928 4072 1086 4130 poetae
1105 4072 1480 4127 efformaveriut.
1508 4080 1722 4142 Denique
1743 4086 1869 4146 apud
1902 4090 1996 4136 Ta-

441 4130 628 4181 uanum
652 4133 702 4183 in
724 4137 809 4184 or.
826 4148 871 4186 c.
895 4142 1026 4199 gent.
1045 4152 1087 4188 c.
1105 4143 1165 4191 48
1184 4155 1279 4193 una
1297 4157 1409 4194 cum
1428 4146 1784 4202 chamaeleonte
1800 4154 1998 4217 aliisque

442 4200 733 4261 Megaclidoe
755 4204 882 4254 inter
905 4219 988 4257 eos
1008 4215 1303 4276 recensetur,
1328 4215 1413 4276 qui
1437 4215 1499 4266 de
1531 4221 1725 4271 Homeri
1750 4237 1925 4284 genere
1948 4229 1997 4275 et

441 4272 587 4319 aetate
605 4270 985 4339 disputaret-inu
1012 4292 1110 4340 quo
1136 4279 1245 4331 loco
1268 4284 1370 4334 sine
1389 4298 1534 4336 causa
1559 4288 1730 4341 idonea
1754 4295 1997 4347 Reinesius

439 4352 526 4402 pro
550 4343 868 4403 Μεγακλείδης
888 4349 1052 4409 reponi
1071 4350 1371 4413 Ἡρακλείδης
1393 4356 1567 4407 voluit.
1586 4360 1663 4410 Cf.
1681 4363 1783 4411 not.
1799 4364 1859 4413 ad
1879 4364 1996 4429 frag.

435 4411 598 4459 menta
632 4413 872 4475 Megaclis.
924 4419 1152 4470 Ceterum
1190 4436 1339 4484 quum
1379 4427 1681 4490 Eustathiu8‚
1723 4432 1892 4484 suidas
1927 4440 1976 4488 et

436 4481 704 4541 Hesychius
726 4482 760 4531 1.
783 4483 818 4533 l.
851 4497 880 4533 e
899 4487 1157 4549 Megaclide
1178 4497 1374 4543 narrent
1395 4496 1524 4546 viros
1543 4498 1736 4550 Athenis
1766 4505 1994 4558 oriundos

435 4548 728 4613 Ἇθηναίους,
753 4552 955 4605 feminas
982 4561 1147 4609 autem
1173 4574 1272 4611 non
1303 4561 1542 4624 Ἀθηναίας
1567 4567 1651 4618 sed
1680 4570 1883 4632 Ἀττικὰς
1903 4588 1992 4626 no·

435 4618 610 4667 minari
624 4655 640 4678 ‚
661 4622 822 4670 nescio
844 4635 907 4672 an
943 4637 1057 4676 cum
1085 4629 1160 4678 his
1182 4634 1449 4694 comparari
1471 4637 1621 4698 possit
1642 4638 1808 4690 similis
1832 4647 1992 4694 nomi-

434 4699 555 4735 num
587 4686 863 4755 distinctio,
887 4706 999 4755 quae
1026 4697 1138 4747 alibi
1159 4699 1243 4749 vix
1260 4701 1402 4751 obvia
1428 4704 1476 4753 in
1495 4710 1804 4771 geographico
1828 4719 1992 4765 nostro

436 4755 702 4816 fragmento
720 4757 739 4820 (
751 4759 842 4823 59)
862 4766 1089 4816 occurrit.
1117 4770 1308 4821 Etenim
1328 4771 1445 4823 dicit
1459 4780 1630 4827 auctor
1657 4797 1670 4827 ε
1693 4782 1799 4830 Τῶν
1819 4784 1859 4832 δ’
1878 4784 1987 4834 &voi-

435 4822 640 4872 κούντων
659 4824 678 4886 (
698 4838 765 4876 sc.
785 4826 970 4888 Ἀθήνας
994 4833 1010 4892 )
1031 4839 1075 4885 οἱ
1096 4836 1178 4899 μὲν
1202 4839 1414 4900 Ἀττικοί,
1434 4847 1477 4892 οἶ
1497 4846 1546 4893 δὲ
1565 4846 1805 4906 Ἀθηναῖοι.

497 4893 593 4953 (**)
640 4896 703 4943 V.
748 4907 793 4945 c.
841 4901 1156 4963 Megaclidem
1195 4909 1437 4971 quendam
1480 4915 1778 4967 Eleusiniam
1815 4921 1834 4982 (
1846 4920 1986 4973 sicuti

434 4961 578 5010 etiam
637 4963 849 5016 phileam
918 4973 1273 5042 Eleusiniam)
1339 4988 1578 5035 memorat
1647 4991 1988 5044 Demosthenes

433 5043 481 5092 p.
516 5035 736 5095 1241,st
765 5041 960 5099 semi.

2102 481 2199 536 des
2256 478 2374 556 (¹⁰⁵).
2421 481 2670 537 Atticum
2717 502 2851 538 vero
2891 484 3177 541 hominem
3230 488 3286 542 in
3337 489 3664 565 fragmentis

2101 570 2302 623 nostris
2319 570 2506 624 nescio
2527 589 2595 625 an
2621 581 2768 626 recte
2788 589 3088 646 agnoscere
3107 573 3245 629 mihi
3267 575 3485 633 videor.
3513 581 3657 635 Nam

2101 663 2165 708 ut
2189 656 2403 710 mittam
2432 656 2624 713 laudes
2645 658 2992 714 Athenarum
3021 660 3370 735 magnificaS,
3397 667 3656 723 attendas

2102 759 2289 814 quaeso
2337 761 2447 814 qua
2480 743 2781 800 acerbitate
2820 747 3048 802 Boeotos
3087 748 3389 823 plerosque
3431 767 3656 828 carpat,

2101 840 2370 902 notetque
2410 848 2506 885 eos
2543 832 2643 903 qui
2685 832 2744 886 in
2776 833 2990 889 Boeotia
3020 837 3177 907 quasi
3207 838 3571 896 Athenienses
3600 862 3660 898 se

2100 926 2315 988 gerant.
2343 917 2592 973 Ulterius
2635 916 2785 974 hisce
2831 919 3167 992 conjecturis
3197 925 3488 981 immorari
3534 948 3659 984 non

2101 1013 2180 1056 est
2208 1004 2403 1058 otium.
2435 1003 2627 1063 Unum
2663 1015 2849 1061 tamen
2880 1006 3089 1083 addere
3132 1010 3270 1065 mihi
3299 1012 3476 1070 liceat.

2178 1092 2248 1144 In
2263 1090 2458 1147 codice
2468 1092 2761 1148 Pithoeano
2775 1094 3124 1168 longioribus
3140 1100 3358 1171 scriptis
3373 1103 3663 1176 Marciani,

2100 1178 2442 1233 Artemidori
2463 1189 2517 1234 et
2539 1177 2800 1252 Scylacis,
2825 1199 2946 1254 quae
2965 1184 3202 1256 primam
3219 1186 3426 1244 codicis
3438 1201 3658 1261 partem

2101 1264 2473 1336 constituunt,
2493 1267 2869 1341 praefiguntur
2903 1270 3081 1340 tituli,
3125 1282 3180 1326 et
3217 1273 3453 1347 Scylacis
3494 1283 3659 1351 operi

2098 1362 2370 1422 praeterea
2388 1353 2593 1408 iterum
2613 1354 2804 1410 titulus
2817 1354 2890 1410 ad
2910 1357 3115 1412 calcem
3137 1360 3480 1435 appingitur.
3504 1365 3661 1420 Con-

2102 1446 2188 1490 tra
2205 1455 2328 1510 quae
2352 1437 2617 1513 deinceps
2641 1453 2952 1514 sequuntur
2979 1445 3198 1501 minora
3239 1446 3512 1522 fragmina
3545 1451 3657 1508 Isi-

2102 1521 2231 1577 dori
2258 1524 2590 1593 Characeni‚
2622 1527 3187 1586 Pseudo-Dicaearchi
3223 1535 3335 1589 sive
3364 1537 3654 1610 Dionysii,

2100 1612 2286 1666 Nostri
2312 1616 2594 1686 Anonymi
2618 1626 2672 1670 et
2693 1616 2915 1689 Scymni
2949 1618 3089 1688 Chii,
3119 1621 3309 1676 titulos
3326 1626 3546 1679 nonnisi
3581 1628 3656 1683 ad

2100 1694 2269 1753 finem
2301 1701 2571 1773 ascriptos
2612 1702 2853 1773 habent,
2899 1717 3105 1777 praeter
3136 1709 3494 1781 Anonymum
3540 1731 3655 1768 no—

2100 1795 2298 1853 strum,
2321 1787 2417 1858 qui
2440 1788 2591 1841 omni
2609 1787 2970 1862 inscriptione
2992 1803 3162 1847 caret.
3187 1793 3447 1850 Attamen
3464 1801 3652 1870 primo

2101 1873 2306 1927 horum
2335 1892 2602 1946 operum,
2634 1876 2836 1933 Isidori
2859 1878 3088 1950 scilicet,
3117 1884 3532 1955 praemitumtur
3549 1890 3654 1944 suh

2104 1959 2250 2014 tituli
2269 1959 2451 2015 forma
2472 1963 2613 2017 mira
2631 1963 2814 2020 haecce
2842 1984 2855 2018 :

2222 2060 2458 2121 Ἀθηναίου
2480 2063 2662 2114 πόλεων
2687 2065 2954 2130 σκώμματα
2972 2069 3051 2116 καὶ
3071 2070 3163 2121 ὀδοέ
3183 2073 3261 2119 καὶ
3285 2072 3544 2137 περίπλους.

2101 2159 2442 2217 Clarissimus
2463 2163 2802 2220 Letronnius
2835 2164 2920 2239 (in
2945 2168 3136 2222 Ροέιη.
3170 2173 3360 2243 geogr.
3389 2193 3448 2247 p.
3492 2176 3653 2254 265),

2099 2257 2162 2301 ut
2179 2264 2397 2302 sensum
2420 2250 2607 2305 verbis
2633 2251 2883 2322 inferret,
2909 2271 3017 2326 pro
3040 2251 3337 2330 σκώμματα
3351 2262 3652 2335 legendum

2101 2336 2314 2389 censuit
2334 2332 2597 2410 ὀνόματα;
2616 2334 2882 2407 Ἀθηναίου
2901 2359 3037 2396 vero
3050 2361 3260 2399 nomen
3280 2364 3394 2403 esse
3416 2368 3646 2425 geogra·

2098 2420 2197 2492 phi
2225 2422 2425 2496 ignoti,
2457 2424 2615 2496 quod
2635 2444 2745 2479 una
2767 2445 2893 2481 cum
2911 2430 3097 2501 operis
3115 2432 3277 2486 titulo
3296 2436 3478 2491 scriba
3493 2439 3650 2494 exhi·

2098 2507 2302 2563 buisset
2332 2509 2562 2582 quidem
2578 2551 2595 2579 ‚
2612 2511 2795 2584 ipsum
2809 2531 2946 2568 vero
2975 2532 3115 2589 opus
3142 2518 3303 2573 titulo
3323 2540 3440 2575 non
3462 2523 3648 2596 subje-

2100 2595 2257 2649 cisset
2278 2593 2366 2671 (⁴²).
2410 2598 2619 2652 Verum
2658 2599 2871 2655 etiamsi
2895 2620 3094 2658 vocem
3134 2603 3362 2679 ὀνόματα
3394 2609 3638 2667 admitti·

2097 2698 2239 2750 mus,
2276 2684 2421 2737 tituli
2457 2686 2599 2739 ratio
2627 2687 2766 2742 mira
2792 2705 3012 2761 semper
3053 2703 3149 2748 est.
3177 2694 3316 2749 Mihi
3355 2716 3554 2754 manca
3591 2713 3647 2757 et

2096 2768 2456 2825 vehementer
2484 2783 2747 2846 corrupta
2767 2773 2886 2829 haec
2915 2794 3027 2831 esse
3058 2779 3343 2841 videntur.
3376 2785 3642 2861 Suspicor

2099 2863 2286 2909 autem
2315 2857 2631 2914 minoribus
2655 2859 2765 2914 illis
2788 2864 3051 2935 operibus
3079 2866 3304 2923 titulum
3331 2875 3645 2946 generalem

2095 2944 2438 3015 praemissum
2457 2944 2646 3017 fuisse,
2671 2967 2786 3021 quo
2810 2951 3040 3007 nomina
3060 2966 3377 3027 auctorum,
3402 2979 3647 3035 quorum

2098 3028 2329 3086 frustula
2349 3032 2408 3087 in
2429 3043 2714 3105 postrema
2734 3036 2840 3092 hac
2868 3038 3078 3095 codicis
3097 3054 3258 3114 parte
3287 3046 3644 3121 exhibentur,

2095 3117 2538 3174 continerentur.
2582 3121 2833 3176 Primum
2859 3142 3067 3180 nomen
3099 3128 3302 3184 Isidori
3342 3132 3644 3192 Characeni

2094 3202 2332 3272 excidit,
2375 3205 2612 3260 alterum
2644 3226 2884 3279 nomen,
2920 3212 3076 3284 quod
3117 3227 3237 3271 erat
3274 3219 3460 3276 Nostri
3501 3242 3644 3279 ano-

2093 3289 2265 3360 nymi,
2281 3291 2413 3345 item
2428 3292 2656 3362 excidit,
2673 3307 2884 3351 servata
2904 3308 3088 3354 tamen
3103 3313 3183 3356 est
3195 3308 3407 3362 mentio
3423 3312 3637 3382 patriae.

2093 3374 2392 3448 Sequentia
2417 3380 2645 3435 nomina
2673 3384 2905 3456 propria
2925 3381 3152 3459 Scymni
3181 3389 3302 3445 Chii
3328 3402 3382 3448 et
3398 3396 3644 3453 Dicaear-

2094 3461 2181 3516 chi
2197 3503 2213 3531 ,
2242 3482 2418 3537 quum
2456 3467 2690 3539 pessime
2729 3482 2953 3526 exarata
2996 3476 3273 3547 reperiret
3315 3481 3522 3551 scriba,
3567 3487 3646 3542 ita

2093 3551 2348 3624 corrupit
2363 3563 2426 3607 ut
2455 3566 2676 3609 erueret
2694 3573 2858 3612 voces
2888 3560 3151 3631 quasdam
3173 3563 3231 3618 in
3257 3571 3646 3642 geographicis

2091 3635 2248 3692 libris
2267 3638 2753 3713 frequentissimas.
2772 3646 2945 3701 Ulcus
2966 3647 3075 3703 hoc
3091 3650 3166 3703 ita
3191 3670 3425 3709 exurere
3452 3668 3605 3715 tento
3621 3703 3640 3730 ‚

2089 3734 2152 3777 ut
2178 3723 2449 3802 refingam
2473 3747 2485 3781 ε

2148 3833 2385 3892 Ἀθηναίου
2403 3836 2646 3886 πόλεωντ.
2656 3841 2994 3902 (Μεγακλείδου
3007 3845 3049 3906 Ρ)
3071 3845 3309 3906 Ἀθηναίου
3317 3850 3416 3910 περὶ
3434 3851 3636 3915 πόλεων,

2149 3904 2418 3968 σκώμματα
2436 3907 2515 3955 καὶ
2543 3908 2569 3956 ὃ
2587 3930 2651 3951 =
2677 3911 2887 3973 Σκύμνου
2910 3918 2994 3961 τοῦ
3022 3915 3141 3965 Κίου
3164 3917 3226 3980 (1.
3243 3930 3286 3966 e.
3318 3918 3469 3978 Χίου),

2149 3971 2220 4022 δοί
2242 3975 2322 4023 καὶ
2347 3975 2593 4038 περίπλους
2612 3994 2676 4017 =
2690 3983 2846 4029 Δικαι.
2870 3981 2919 4043 (ἰ.
2940 3996 2986 4033 e.
3006 3986 3323 4051 Δικαιάρχου)
3350 3988 3624 4052 Περίπλους.
3703 3995 3708 3998 “

2149 4101 2209 4160 (*)
2245 4103 2530 4154 Letronnius
2548 4106 2580 4155 l.
2603 4108 2637 4156 1.
2672 4126 2685 4156 :
2720 4126 2744 4150 κ
2767 4110 2884 4158 Mais
2907 4118 3149 4163 comment
3169 4116 3214 4164 le
3233 4115 3339 4166 titre
3355 4116 3415 4166 de
3437 4132 3493 4169 ce
3510 4120 3634 4173 livre

2084 4170 2233 4230 perdu
2256 4183 2307 4220 se
2341 4175 2627 4226 trouve-t-il
2652 4178 2772 4226 ainsi
2795 4178 2930 4240 place
2965 4187 3113 4233 avant
3140 4185 3208 4234 les
3243 4187 3481 4239 Stathmes
3515 4195 3632 4242 Par·

2084 4239 2306 4302 tliiquoe?
2336 4246 2392 4293 Je
2418 4257 2561 4306 pense
2589 4260 2710 4310 que,
2736 4246 2856 4298 dans
2878 4249 2923 4299 le
2954 4256 3219 4304 manuscrit
3246 4256 3472 4319 original,
3498 4261 3640 4322 apres

2082 4303 2130 4353 le
2165 4307 2343 4370 periple
2377 4311 2438 4361 de
2468 4315 2669 4376 Scylax,
2707 4317 2872 4367 venait
2905 4322 2985 4368 cet
3021 4333 3233 4387 ouvrage
3267 4326 3479 4376 inconnu
3517 4329 3632 4380 d'un

2082 4377 2295 4428 Athenee
2315 4382 2400 4443 qui
2428 4395 2490 4432 ne
2513 4383 2620 4434 l’est
2643 4398 2728 4447 pas
2745 4389 2918 4441 moins.
2952 4385 3020 4441 Ce
3052 4393 3193 4456 titre,
3218 4396 3352 4458 place
3370 4411 3432 4447 au
3460 4398 3544 4448 bas
3568 4400 3633 4450 du

2083 4457 2219 4496 verso
2235 4446 2296 4498 de
2312 4449 2359 4500 la
2377 4464 2519 4514 page,
2540 4454 2658 4504 etait
2677 4456 3040 4518 probablement
3059 4462 3181 4512 snivi
3194 4500 3209 4524 ‚
3229 4479 3313 4514 sur
3330 4466 3378 4515 la
3397 4480 3515 4531 page
3531 4471 3631 4519 sui—

2083 4519 2252 4579 vante,
2271 4517 2333 4568 de
2355 4520 2597 4587 l'ouvr'age
2623 4527 2780 4576 meme
2791 4542 2807 4589 3
2830 4528 2950 4580 mais
2970 4532 3096 4581 cette
3119 4534 3270 4595 partie
3288 4535 3353 4584 du
3373 4541 3635 4590 manuscrit

2078 4589 2226 4646 ayant
2254 4587 2332 4638 ete
2355 4591 2549 4643 enlevee
2575 4608 2637 4644 ou
2669 4597 2849 4659 pet-due
2862 4636 2876 4661 ‚
2904 4599 2938 4648 il
2964 4611 3025 4650 ne
3045 4613 3151 4651 sera
3186 4606 3311 4654 reste
3341 4619 3436 4669 que
3457 4607 3502 4657 le
3524 4609 3633 4660 titre

2078 4653 2143 4703 du
2172 4654 2310 4706 livre.
2336 4660 2474 4710 Alors
2497 4675 2562 4712 un
2585 4669 2725 4715 autre
2749 4667 2930 4729 copiste
2946 4706 2959 4729 ,
2992 4671 3237 4732 peut-etre
3260 4675 3382 4723 celui
3411 4675 3471 4726 de
3494 4681 3631 4729 notre

2078 4726 2342 4776 manuscrit
2374 4729 2435 4781 de
2471 4732 2669 4797 Pithon,
2701 4736 2840 4799 copia
2867 4731 3142 4790 fidelement
3175 4742 3221 4791 la
3255 4757 3374 4806 page
3406 4747 3634 4798 terminee

2078 4804 2164 4853 par
2189 4793 2237 4843 le
2269 4795 2384 4845 titre
2420 4797 2487 4847 du
2510 4800 2633 4852 livre
2659 4803 2952 4868 &Anienem
2977 4808 3084 4869 puis
3112 4809 3144 4859 il
3176 4824 3209 4872 y
3238 4812 3399 4873 ajouta
3435 4815 3503 4866 los
3532 4820 3630 4866 sta·

2076 4863 2235 4913 thmes
2257 4866 2541 4932 parthiques
2565 4870 2796 4924 d'lsidore
2813 4874 2873 4926 de
2898 4878 3088 4927 Charax
3102 4915 3116 4940 ,
3141 4880 3260 4942 qu’il
3282 4885 3495 4934 trouvait
3514 4885 3633 4937 dans

2078 4945 2142 4980 un
2170 4936 2308 4984 autre
2334 4942 2626 5001 manuscrit,
2647 4955 2755 4993 sans
2774 4945 3050 5009 s'inquieter
3073 4946 3112 4997 si
3136 4963 3192 4999 ce
3217 4954 3393 5003 nouvel
3424 4969 3632 5019 ouvrage·

2075 5002 2205 5120 gatit
2224 5015 2287 5051 ou
2312 5017 2407 5054 non
2433 5009 2644 5073 quelque
2675 5016 2870 5075 rapport
2905 5029 3021 5066 avec
3047 5016 3093 5067 le
3128 5019 3242 5070 titre
3268 5023 3354 5085 qui
3385 5023 3430 5073 le
3458 5025 3621 5088 prece.-

2139 5087 2150 5118 l
2176 5110 2188 5123 .
2216 5092 2239 5114 ⁸²
