4016 5916
471 439 580 489 3¹6

459 559 680 640 ὡραίους
715 560 1027 635 ἄνθολογεῖν.
1060 558 1216 616 ’Ὀθεν
1246 554 1383 614 αἵτε
1408 555 1525 634 περὶ
1556 555 1650 626 τὴν
1681 556 2015 637 Περσεφόνην

460 649 751 722 ἀνθολογεῖν
794 644 1060 722 λέγονται,
1092 644 1179 702 καὶ
1220 642 1425 723 Σαπφώ
1463 666 1635 723 φησιν·
1666 670 1689 697 «
1720 645 1842 701 ἰδεῖν
1880 643 2015 701 ἄνθε’

460 734 790 815 ἀμέργουσαν
818 734 963 791 παῖδ’
989 733 1120 810 ἄγαν
1146 732 1376 791 ἇπαλάν.
1399 760 1422 782 ¹2

537 829 671 896 Quae
700 821 905 878 deinde
944 831 1246 877 narrantur
1274 821 1346 876 de
1385 821 1508 898 ἱερῷ
1548 817 1844 899 Ἀφροδίτης
1880 821 2015 876 καλ-

457 909 676 987 λιπύγου
705 910 951 982 ejusdem
980 909 1189 964 fuerint
1220 909 1491 964 Clearchi.

874 1025 920 1080 Ε
960 1022 1178 1079 LIBRO
1221 1023 1578 1078 SECUNDO.

1190 1148 1284 1207 4ο.

534 1276 1001 1342 AthenaeusXIV,
1022 1292 1080 1347 p.
1104 1273 1245 1347 639,
1265 1276 1345 1330 A:
1378 1265 1646 1348 Κλέαρχος
1662 1270 1705 1326 δ’
1721 1272 1847 1327 ἐνδε
1850 1293 1937 1326 υτε
1916 1271 2016 1350 ’ρῳ

456 1359 758 1438 Ἐρωτικῶν
782 1356 849 1415 τὰ
880 1357 1101 1437 ἐρωτικά
1125 1379 1279 1436 φησιν
1309 1356 1522 1437 ᾄσματα
1548 1356 1636 1414 καὶ
1670 1354 1736 1413 τὰ
1780 1355 2016 1435 Λοκρικὰ

455 1445 750 1521 καλούμενα
775 1443 919 1504 οὐδὲν
939 1448 1043 1502 τῶν
1070 1446 1316 1523 Σαπφοῦς
1341 1442 1431 1499 καὶ
1457 1440 1814 1521 Ἀνακρέοντος
1841 1442 2011 1523 διαφέ-

458 1554 582 1613 pm'
873 1614 919 1670 Ε
959 1613 1203 1668 Llssms
1243 1611 1595 1667 memus.

1188 1749 1283 1810 [ιι.

534 1879 692 1934 Idem
726 1881 811 1949 11,
852 1898 915 1952 p.
951 1874 1047 1947 57,
1080 1878 1172 1933 Ε.
1199 1867 1453 1940 Minicia<
1425 1869 1479 1931 οὲ
1507 1869 1745 1949 ἡμίτομά
1774 1895 1873 1930 που
1899 1872 2015 1954 ᾠων

453 1963 614 2041 λέγει.
660 1963 762 2049 ’ῼὰ
807 1963 860 2021 δὲ
902 1966 960 2022 οὗ
999 1960 1154 2040 μόνον
1194 1963 1439 2036 ἀνεμιαῖα
1481 1958 1716 2036 ἐκάλουν,
1758 1959 1895 2018 ἀλλὰ
1925 1958 2016 2018 καὶ

456 2050 792 2127 ὕπηνέμια.«
822 2052 1081 2111 Ἐκάλουν
1108 2049 1163 2106 δὲ
1192 2047 1282 2106 καὶ
1311 2045 1378 2104 τὰ
1412 2071 1499 2105 νυν
1533 2071 1635 2105 των
1679 2050 1851 2106 οἰκιῶν
1886 2050 2011 2124 παρ’

453 2142 583 2214 ἡμῖν
603 2136 947 2214 καλούμενα“
928 2140 1138 2217 υπερῶα
1168 2135 1293 2194 ὠά·
1323 2133 1450 2216 φησὶ
1482 2132 1754 2215 Κλέαρχος
1778 2138 1829 2193 ἐν
1853 2134 2019 2215 Ἐρω-

452 2233 649 2302 τικοῖς,
688 2225 785 2297 τὴν
833 2223 1051 2295 Ἑλένην
1099 2223 1333 2304 φάσκων,
1381 2223 1433 2278 ἐν
1476 2220 1721 2288 τοιούτοις
1763 2221 2017 2296 οἰκήμασι

452 2311 790 2394 τρεφομένην,
819 2311 967 2380 δόξαν
994 2311 1376 2390 ἀπενέγκασθαι
1406 2308 1551 2387 παρὰ
1580 2310 1789 2374 πολλοῖς
1809 2354 1824 2379 ,
1858 2312 1925 2375 ὡς
1962 2308 2014 2376 ἐξ

453 2400 559 2479 ᾠοῦ
588 2399 669 2472 εἴη
691 2399 1063 2479 γεγεννημένη.

1187 2493 1281 2552 42.

532 2593 692 2650 Idem
718 2595 895 2662 XIII,
925 2612 982 2666 p.
1017 2591 1154 2666 597,
1187 2594 1279 2648 A:
1310 2589 1434 2648 Ἐπι
1471 2586 1671 2653 τούτοις
1707 2592 1734 2646 6
1760 2587 2017 2666 Μυρτίλος

457 2679 662 2756 μέλλων
707 2687 933 2749 σιωπᾶν,
976 2677 1134 2735 Ἀλλὰ
1185 2680 1404 2756 μικροῦ,
1459 2674 1587 2755 ἔφη,
1632 2674 1809 2755 ἄνδρες
1839 2673 2012 2753 φίλοι,

454 2764 772 2843 ἕξελαθόμην
793 2764 913 2840 ὑμῖν
934 2764 1094 2820 εἰπεῖν
1119 2762 1213 2832 τήν
1236 2785 1291 2820 τε
1313 2761 1625 2840 Ἀντιμάχου
1643 2758 1834 2832 Λυδὴν,
1855 2783 2016 2842 προσ-

454 2851 529 2909 έτι
568 2851 620 2908 δὲ
657 2849 747 2908 καὶ
786 2848 880 2918 τὴν
920 2846 1195 2924 ὁμώνυμον
1229 2847 1422 2917 ταύτης
1465 2848 1674 2926 ἑταίραν
1715 2846 1904 2917 Λυδὴν,
1949 2848 2014 2917 ἣν

453 2937 634 3017 ἠγάπα
672 2934 965 3014 Λαμύνθιος
992 2939 1020 2994 ὃ
1050 2933 1326 3006 Μιλήσιος.
1367 2933 1651 3015 Ἑκάτερος
1685 2932 1784 3013 γὰρ
1820 2934 2014 2993 τούτων

441 3028 556 3082 ’τῶν
581 3028 826 3094 ποιητῶν,
847 3022 917 3089 ὥς
935 3046 1062 3102 φησι
1084 3021 1356 3100 Κλέαρχος
1376 3024 1426 3079 ἐν
1452 3029 1558 3089 τοῖς
1582 3022 1912 3101 Ἐρωτικοῖς,
1926 3026 2017 3092 τῆς

458 3110 723 3190 βαρὸάρου
781 3110 954 3179 Λυδῆς
1005 3110 1075 3175 εἷς
1128 3108 1405 3185 ἐπιθυμίαν
1462 3107 1723 3173 καταστὰς
1774 3106 2014 3179 ἐποίησεν

454 3203 482 3255 6
509 3197 602 3274 μὲν
632 3199 685 3253 ἐν
708 3195 977 3273 ἐλεγείοις,
1007 3200 1035 3253 6
1063 3196 1109 3253 δ’
1137 3197 1188 3253 ἐν
1212 3194 1359 3273 μέλει
1382 3192 1441 3253 τὸ
1464 3193 1782 3271 καλούμενον
1812 3192 2015 3271 ποίημα

454 3284 655 3353 Λυδήν.

452 3454 528 3515 leg
532 3454 619 3503 isse
639 3453 806 3513 tei-tur,
829 3454 875 3501 et
898 3452 1088 3514 Sappho
1112 3450 1206 3511 ait,
1230 3450 1438 3539 puellam
1458 3464 1509 3499 se
1526 3450 1701 3500 vidisse
1719 3451 2010 3499 teneriuscu·

453 3532 548 3581 lam
570 3531 709 3580 tiores
726 3530 1125 3593 decen-pentem.»

835 3629 936 3687 Ex
980 3627 1207 3686 LIBRO
1249 3626 1621 3687 SECUNDO.

1179 3753 1268 3801 40.

514 3862 773 3912 Clearchus
794 3861 1004 3911 secundo
1026 3860 1153 3910 libro
1172 3860 1470 3909 Eroticorum
1508 3857 1860 3919 ait‚,amatoria
1888 3872 2005 3907 can·

452 3941 549 3991 tica
568 3941 617 3990 et
635 3940 831 3990 Loci-ica
850 3952 963 4001 quoe
982 3941 1233 3998 vocantur,
1248 3936 1366 3987 nibil
1393 3951 1422 3986 a
1446 3937 1668 3999 Sapphus
1680 3939 1727 3986 et
1746 3940 2012 3985 Anacreon-

452 4021 515 4071 tis
531 4018 823 4069 carminibus
844 4017 1049 4087 ditiori-e.

850 4129 897 4186 E
940 4126 1185 4186 LtBRIS
1228 4125 1605 4185 INCERTIS.

1184 4248 1274 4299 41.

515 4357 675 4407 Alexis
704 4356 878 4405 alicubi
905 4354 1177 4405 dimidiatas
1207 4356 1330 4405 dixit
1361 4370 1564 4406 ovorum
1594 4360 1770 4419 partes.
1799 4357 2013 4407 Subven-

451 4435 594 4484 tanea
610 4447 726 4484 vero
744 4447 835 4482 ova
858 4437 905 4482 et
937 4433 1154 4495 ἀνεμιαῖα
1177 4432 1400 4483 dicebant
1423 4438 1472 4484 et
1492 4436 1739 4498 ὑπηνέμια.
1767 4437 1871 4483 Ova
1898 4447 2012 4483 vero

451 4510 691 4560 vocabant
713 4509 854 4571 olim,
891 4522 1002 4571 quae
1034 4522 1165 4559 nunc
1198 4512 1389 4574 ὑπερῷα
1412 4510 1692 4573 (superiora
1726 4510 1903 4559 oedium
1935 4512 2007 4559 ta-

451 4588 649 4650 bulata)
674 4588 908 4649 dicimus,
937 4589 992 4637 ut
1016 4588 1276 4638 Clearchus
1311 4589 1452 4639 docet
1485 4589 1534 4638 in
1562 4589 1787 4647 Eroticis,
1822 4588 1904 4638 ubi
1945 4589 2012 4638 ait

452 4666 682 4716 Helenam
699 4701 713 4726 ,
738 4664 965 4728 quoniam
989 4664 1037 4713 in
1060 4665 1294 4727 ejusmodi
1309 4665 1525 4715 conclavi
1547 4664 1750 4716 educata
1764 4667 1854 4726 est,
1868 4666 2011 4728 vulgo

453 4742 683 4792 creditam
706 4755 807 4791 esse
829 4754 892 4791 ex
909 4753 1002 4790 ovo
1021 4741 1165 4791 fuisse
1183 4744 1361 4791 natam.

1200 4831 1292 4881 ⁴2.

517 4917 602 4968 His
619 4917 755 4968 dictis
783 4918 999 4980 Myrtilus
1019 4932 1172 4982 quum
1196 4919 1434 4969 taciturus
1456 4918 1732 4969 videretur:
1760 4921 1819 4970 At
1839 4933 2011 4983 prope·

454 4995 680 5054 modum,
701 4994 858 5056 inquit
874 5032 888 5057 ,
910 4994 1000 5044 viri
1027 4995 1199 5059 amici,
1228 4997 1408 5047 obiitus
1424 5009 1556 5046 eram
1581 4996 1851 5045 Antimachi
1871 4998 2012 5046 vobis

453 5072 635 5135 Lydum
653 5071 916 5135 nominare,
926 5070 1140 5134 itemque
1150 5072 1477 5136 cognominem
1489 5072 1634 5133 buius
1646 5072 1786 5121 aliam
1807 5073 2006 5135 Lyciam,

454 5162 600 5215 quam
631 5151 811 5199 amavit
842 5150 1157 5212 Lamynthius
1189 5150 1414 5200 Miloeius.
1437 5154 1653 5213 Uterque
1681 5151 1808 5200 enim
1837 5150 2008 5201 horum

453 5236 730 5296 poetarum,
758 5233 813 5280 ut
835 5230 901 5280 ait
932 5229 1189 5281 Clearchus
1215 5229 1265 5278 in
1298 5230 1577 5292 Ammoi-iis,
1610 5228 1826 5279 barbarae
1863 5229 2008 5292 Lydae

1669 424 2045 485 CLEARCHI
2087 427 2443 489 SOLENSlS

2457 588 2868 650 ΠΛΑΤΩΝΟΣ
2912 592 3328 656 ΕΓΚΩΜΙΟΝ.

2840 723 2937 790 43.

2184 819 2467 928 Diogenes
2492 855 2558 912 L.
2588 857 2710 925 ΠΙ,
2743 873 2826 913 2:
2859 852 3197 922 Σπεύσιππος
3216 858 3262 915 δ’
3281 859 3333 915 ἐν
3352 864 3427 937 τῷ
3454 861 3682 968 ἐπιγραῑ,

2108 935 2315 1017 φομένῳ
2365 937 2644 1005 Πλάτωνος
2698 941 3012 1022 περιδείπνω
3067 942 3158 1000 και
3203 945 3477 1024 Κλέαρχος
3504 951 3558 1006 ἐν
3601 953 3683 1030 τῷ

2109 1023 2388 1091 Πλάτωνος
2428 1025 2671 1107 ἔγκωμίω
2710 1050 2800 1086 και
2842 1026 3195 1101 Ἀναξιλαιδης
3236 1033 3287 1090 ἐν
3328 1037 3403 1091 τῶ
3444 1036 3685 1117 δευτέρῳ

2112 1112 2242 1223 Περι
2264 1113 2559 1194 φιλοσόφων
2589 1114 2745 1195 φασιν
2772 1119 2842 1182 ὡς
2865 1115 3135 1188 Ἀθήνησιν
3158 1111 3220 1190 ἦν
3256 1118 3435 1199 λόγος,
3469 1125 3683 1201 ωραίαν

2107 1224 2265 1258 ουσαν
2293 1198 2389 1273 τὴν
2438 1201 2780 1282 Περικτιόνην
2827 1203 3091 1282 βιάζεσθαι
3131 1205 3219 1265 τὸν
3250 1206 3533 1287 Ἀρίστωνα
3581 1212 3677 1270 και

2108 1284 2181 1360 μὴ
2214 1287 2591 1366 ἐπιτυγχάνειν·
2617 1289 2909 1366 παυόμενόν
2933 1315 2990 1350 τε
3012 1296 3106 1363 τῆς
3137 1294 3253 1372 βίας
3288 1296 3414 1354 ἰδεῖν
3454 1297 3550 1368 τὴν
3581 1306 3678 1357 τοῦ

2110 1370 2426 1441 Ἀπόλλωνος
2447 1375 2581 1456 ὄψιν,
2605 1375 2717 1433 ὅθεν
2738 1376 2970 1457 καθαρὰν
3001 1380 3174 1457 γάμου
3207 1381 3431 1462 φυλάξαι
3451 1382 3549 1452 ἕως
3578 1410 3678 1457 της

2109 1460 2462 1533 ἀποκυήσεως.

2185 1553 2564 1627 Hieronymus
2603 1553 2751 1612 Adv.
2797 1556 3016 1612 Jovian.
3063 1558 3092 1612 1
3136 1556 3332 1633 (opp.
3387 1570 3531 1618 tom.
3579 1565 3676 1634 11,

2105 1656 2165 1711 p.
2190 1637 2260 1692 35
2288 1639 2304 1714 )
2332 1659 2346 1698 ε
2371 1642 2710 1717 Speuszppus
2724 1661 2962 1717 quoque,
2991 1651 3193 1700 sororis
3214 1649 3661 1722 Platonisfilim‚

2106 1738 2165 1781 et
2196 1726 2497 1783 Clearchus
2536 1736 2595 1784 in
2636 1731 2828 1786 Laude
2865 1733 3118 1787 Platonis
3152 1745 3208 1788 et
3243 1736 3590 1793 Anaxilides
3613 1746 3675 1793 in

2103 1818 2342 1871 secundo
2386 1814 2525 1871 libro
2567 1817 2965 1892 philosophice,
3011 1821 3356 1877 Pen'ctIonen
3367 1864 3385 1890 ,
3432 1839 3673 1884 matrem

2105 1903 2377 1970 Platones,
2396 1903 2801 1978 phantasmate
2814 1909 3096 1980 Apollinis
3117 1928 3432 1982 oppressam
3437 1910 3660 1982 fierunt,

2106 2002 2163 2044 et
2181 1995 2472 2065 sapientiae
2501 1997 2811 2066 priuce’pem
2838 2012 2948 2049 non
2972 1995 3140 2050 aliter
3163 1998 3522 2068 arbitrantur,
3557 2008 3674 2056 nisi

2106 2079 2178 2131 de
2187 2090 2366 2151 partu
2384 2085 2648 2151 virg-inis,
2678 2083 2904 2137 editum.

2111 2217 2289 2276 ΠΕΡΙ
2336 2218 2496 2277 ΤΩΝ
2541 2219 2781 2303 ΕΝΤῌ
2836 2222 3253 2281 ΠΛΑΤΩΝΟΣ
3295 2226 3671 2312 ΠΟΛΙΤΕΙᾼ

2333 2321 2909 2383 ΜΑΘΗΜΑΤΙΚΩΣ
2957 2322 3424 2384 ΕΙΡΗΜΕΝΩΝ.

2836 2460 2930 2518 lili-

2185 2586 2482 2641 Athenaeus
2502 2571 2606 2655 IX,
2626 2603 2684 2658 p.
2710 2583 2820 2657 393
2835 2626 2850 2652 ,
2868 2590 2916 2639 A
2945 2602 2959 2642 :
2987 2581 3121 2660 Περὶ
3135 2581 3187 2640 δὲ
3204 2587 3296 2655 τῆς
3317 2587 3418 2642 τῶν
3435 2584 3674 2664 ὀρτύγων

2107 2669 2266 2749 θήρας
2294 2669 2433 2737 ἰδίως
2459 2671 2655 2747 ἱστορεῖ
2680 2669 2952 2748 Κλέαρχος
2978 2673 3006 2728 6
3029 2667 3251 2746 Σολεὺς,
3276 2672 3328 2730 ἐν
3353 2675 3428 2752 τῷ
3447 2675 3674 2753 ἐπιγρα-

2107 2757 2380 2838 φομένῳΠ
2399 2757 2489 2836 ερὶ
2512 2760 2633 2814 τῶν
2655 2759 2718 2814 ἐν
2740 2759 2819 2832 τῇ
2846 2755 3191 2824 Πλάτωνος
3212 2758 3532 2838 Πολιτείᾳ
3553 2783 3674 2835 μα-

2107 2848 2485 2922 θηματικῶς
2514 2842 2905 2924 εἰρημένων,
2936 2843 3147 2926 γράφων
3180 2845 3372 2912 οὕτως·
3408 2872 3436 2898 ι
3474 2847 3676 2926 0169-

2107 2956 2255 3011 τυγες
2299 2933 2418 3013 περὶ
2459 2932 2544 2991 τὸν
2576 2936 2669 3004 τῆς
2703 2931 2878 3013 ὀχείας
2924 2931 3121 3012 καιρὸν,
3159 2932 3250 2993 ἐὰν
3279 2933 3571 3015 κάτοπτρον
3614 2935 3676 3004 ἐξ

2109 3021 2340 3087 ἐναντίας
2369 3044 2442 3087 τις
2471 3022 2661 3094 αὐτῶν,
2694 3021 2782 3078 καὶ
2821 3017 2921 3099 πρὸ
2960 3018 3144 3079 τούτου
3184 3019 3369 3101 βρόχον
3410 3026 3503 3102 θῇ,
3545 3022 3674 3101 τρέ-

2106 3129 2283 3186 χοντες
2311 3106 2438 3186 πρὸς
2461 3104 2548 3165 τὸν
2577 3106 2955 3187 ἐμφαινόμενον
2978 3109 3029 3166 ἐν
3061 3110 3134 3187 τῷ
3165 3109 3469 3189 κατόπτρῳ,
3508 3109 3671 3184 ἐμπί-

2106 3218 2318 3253 πτουσιν
2351 3197 2421 3260 εἷς
2441 3193 2528 3253 τὸν
2555 3194 2763 3274 βρόχον.
2788 3220 2814 3247 ιο
2840 3195 2947 3255 Καὶ
2980 3196 3098 3274 περὶ
3117 3200 3219 3254 τῶν
3240 3198 3456 3255 κολοιῶν
3489 3196 3544 3254 δὲ
3567 3220 3672 3254 κα-

2109 3280 2370 3356 λουμένων
2417 3284 2484 3340 τὰ
2529 3281 2683 3359 ὅμοια
2731 3284 2955 3363 ἱστορεῖ,
2998 3286 3048 3342 ἐν
3095 3283 3316 3351 τούτοις·
3350 3311 3374 3336 α
3411 3284 3518 3344 Καὶ
3560 3293 3673 3351 τοῖς

2100 3449 2334 3498 desiderio
2355 3449 2570 3510 flagrem,
2592 3463 2784 3498 carmen
2807 3450 2982 3511 hydam
3004 3451 3281 3514 inscriptum
3296 3487 3310 3509 ,
3337 3450 3460 3499 alter
3485 3450 3669 3513 elegia·

2102 3540 2212 3574 cum
2227 3563 2241 3587 ,
2266 3526 2471 3588 lyricum
2491 3526 2633 3587 alter,
2654 3528 2942 3589 composuit.

2464 3639 2837 3699 PLATONlS
2877 3640 3089 3700 LAUD
3100 3640 3294 3698 ATIO.

2836 3747 2924 3798 43.

2163 3837 2420 3885 Enimvero
2436 3839 2734 3901 Speusippus
2749 3837 2800 3886 in
2819 3838 2941 3887 libro
2961 3838 3041 3900 qui
3058 3841 3130 3887 De
3143 3850 3279 3887 coena
3299 3837 3510 3887 Platonis
3528 3837 3666 3889 sune·

2102 3912 2174 3962 bri
2210 3914 2504 3975 inscribitur,
2546 3917 2596 3963 et
2626 3914 2888 3964 Clearchus
2927 3915 2976 3964 in
3019 3914 3309 3964 Laudatione
3355 3916 3567 3967 Platonis
3610 3921 3670 3967 et.

2103 3991 2408 4041 Anaxilaidoe
2435 3993 2647 4042 secundo
2675 3997 2743 4042 De
2761 3992 3053 4056 philosophis
3077 3994 3202 4043 libro
3223 3996 3443 4043 asserunt
3461 3995 3667 4045 Athenis

2103 4071 2278 4120 samam
2310 4084 2411 4121 oese
2439 4073 2702 4123 Aristonem
2747 4072 3050 4133 Perictionae,
3078 4085 3231 4135 quum
3262 4075 3385 4122 esset
3410 4073 3663 4135 speciosis-

2101 4150 2246 4208 sima,
2266 4148 2365 4197 vim
2397 4149 2572 4199 inferro
2593 4152 2817 4199 conatum
2842 4162 2943 4199 esse
2968 4168 2981 4199 z
3006 4162 3175 4199 verum
3200 4148 3340 4199 fuisse
3361 4149 3491 4199 illius
3509 4163 3666 4200 cona·

2099 4228 2180 4275 tus
2217 4224 2408 4287 iri-itm,
2451 4225 2720 4287 vidisseque
2761 4227 2810 4274 in
2851 4226 3032 4275 somnis
3077 4224 3374 4289 Apollinem,
3415 4220 3565 4289 atque
3603 4242 3665 4278 eo

2100 4305 2297 4354 auctore
2342 4304 2573 4353 mundam
2623 4318 2652 4354 a
2693 4305 2930 4367 conjugali
2979 4306 3184 4370 copula,
3231 4305 3390 4368 quoad
3437 4312 3665 4371 pareret,

2100 4396 2301 4432 uxorem
2324 4396 2551 4433 servasse.

2257 4474 2360 4533 DE
2403 4474 2500 4533 ns
2553 4475 2735 4546 QUAE
2784 4474 2862 4533 IN
2907 4473 3279 4534 PLATONIS
3321 4475 3490 4533 REP.

2104 4576 2198 4635 EX
2230 4576 2565 4637 RATIONE
2593 4578 3156 4637 MATHEMATICA
3177 4578 3410 4637 DICTA
3431 4577 3662 4639 SUNT.

2160 4769 2233 4816 De
2254 4768 2507 4817 venatione
2527 4765 2830 4816 coturnicum
2853 4766 3091 4829 singulare
3112 4766 3343 4830 quiddam
3375 4765 3523 4816 tradit
3552 4768 3661 4817 Cle·

2100 4843 2273 4892 archus
2295 4844 2502 4894 Solensis
2525 4842 2576 4891 in
2602 4843 2727 4892 libro
2744 4843 2829 4905 qui
2862 4843 3136 4893 inscribitur
3158 4848 3230 4894 De
3252 4843 3326 4893 bis
3345 4857 3457 4905 qum
3481 4844 3532 4893 in
3558 4844 3667 4893 Pla·

2099 4920 2227 4969 tonis
2252 4919 2456 4982 Republ.
2488 4933 2551 4969 ex
2582 4920 2767 4969 ratione
2796 4920 3134 4969 mathematica
3152 4920 3282 4970 dicta
3304 4921 3449 4981 sunt,
3475 4920 3560 4970 ubi
3594 4922 3666 4970 ita

2098 4996 2264 5046 scribit
2284 5015 2298 5046 ι
2318 5015 2340 5038 α
2359 4994 2641 5046 coturnica
2658 5008 2757 5058 quo
2769 4997 2982 5052 tempore
2993 4997 3183 5047 veneris
3199 4996 3388 5060 pruritu
3408 4996 3666 5047 concitan-

2098 5074 2198 5134 tur,
2219 5073 2256 5122 si
2280 5073 2391 5135 quis
2417 5086 2478 5122 ex
2504 5071 2709 5122 adverso
2737 5084 2904 5121 earum
2931 5073 3182 5135 speculum
3206 5074 3448 5136 posuerit,
3472 5076 3522 5123 et
3547 5078 3664 5124 ten-

2098 5148 2307 5199 diculam
2326 5153 2439 5198 ante
2463 5151 2713 5212 speculum
2728 5185 2741 5207 ‚
2758 5151 3005 5199 currentes
3024 5149 3086 5199 ad
3107 5149 3362 5213 imaginem
3387 5151 3435 5199 in
3456 5154 3670 5212 speculo

2099 5228 2430 5289 conspectam,
2457 5226 2673 5277 incidunt
2701 5227 2749 5276 in
2771 5224 3077 5277 tendiculam.
3101 5246 3126 5269 ι»
3163 5226 3293 5276 idem
3325 5227 3386 5277 de
3414 5228 3629 5290 graculis
3647 5267 3666 5293 ,
