4016 5916
1703 411 2193 474 FRAGMENTA.

345 540 656 616 Αἰγύπτιοι,
682 536 817 595 ἀλλὰ
840 542 943 617 πῦρ
967 560 1020 595 τε
1049 538 1137 595 καὶ
1161 537 1295 618 ὕδωρ
1314 582 1332 615 ,
1355 541 1423 603 ὡς
1448 537 1728 619 φιλόσοφοι.
1755 540 1904 599 Μετὰ

345 623 543 690 πολλὰς
588 625 762 702 μέντοι
817 623 1026 704 ὕστερον
1073 624 1339 701 περιόδους
1381 626 1511 683 ἐτῶν
1553 628 1901 706 ἀνθρωποειδῆ

345 711 630 789 ἀγάλματα
669 711 838 770 σέὸειν
869 711 1054 776 αὐτοὺς
1087 710 1369 790 Βήρωσσος
1395 714 1450 769 ἰν
1482 712 1630 794 τρίτῃ
1668 716 1901 775 Χαλδαϊ·

347 803 452 858 κῶν
487 799 798 878 παρίστησι,
843 804 994 858 τοῦτο
1039 797 1373 879 Ἀρταξέρξου
1416 804 1505 858 τοῦ
1557 801 1776 882 Δαρείου
1812 807 1902 860 τοῦ

347 886 525 965 Ὤχου
546 883 959 963 εἰσηγησαμένου
975 931 993 958 ,
1015 881 1068 951 ὃς
1091 888 1291 963 πρῶτος
1315 890 1404 953 τῆς
1423 886 1722 966 Ἀφροδίτης
1742 884 1903 947 Ἀναῗ-

350 974 481 1039 τιδος
509 972 566 1030 τὸ
593 973 805 1050 ἄγαλμα
852 969 1147 1043 ἀναστήσας
1168 974 1219 1030 ἐν
1248 971 1528 1031 Βαὸυλῶνι
1564 973 1654 1032 καὶ
1684 974 1900 1041 Σούσοις

347 1061 436 1117 καὶ
465 1058 830 1131 Ἐκὸατάνοις,
866 1057 1096 1138 Πέρσαις
1119 1058 1208 1117 καὶ
1236 1059 1488 1140 Βάκτροις
1517 1060 1606 1120 καὶ
1629 1064 1899 1142 Δαμασκῷ

348 1147 435 1204 καὶ
463 1145 715 1225 Σάρδεσιν
744 1144 974 1213 ὑπέδειξε
1000 1144 1190 1207 σέὸειν.

1041 1253 1108 1309 16
1152 1272 1203 1310 a.

426 1358 660 1430 Hesych.
697 1354 1073 1434 εΣαραχήρω,
1117 1353 1261 1435 παρὰ
1303 1358 1575 1436 Βηρωσσῷ
1625 1363 1658 1428 ἡ
1707 1359 1899 1435 κοσμή·

343 1464 461 1521 τρια
489 1446 578 1508 τῆς
605 1441 796 1522 ἽΙρας.

404 1681 649 1731 TABULA
683 1681 904 1731 REGUM
937 1682 1048 1738 QUI
1081 1682 1144 1729 IN
1177 1683 1569 1735 FRAGMENTIS
1608 1686 1832 1736 BEROSI

882 1756 1352 1805 MEMORANTUR.
1677 1763 1686 1784 “

349 1864 418 1902 10
461 1863 615 1919 reges
638 1856 765 1899 ante
784 1842 1085 1914 diluvium,
1109 1844 1179 1900 ab
1200 1845 1375 1902 Aloro
1395 1847 1469 1902 ad
1489 1849 1586 1904 Xi-

546 1932 798 1987 suthrum
805 1970 1450 1994 ...........
1547 1955 1635 1991 an.
1673 1937 1900 2002 432000

347 2023 670 2077 Eumenem.
723 2061 739 2075 .
788 2060 805 2079 .
847 2061 865 2080 .
913 2038 1004 2078 an.
1047 2024 1222 2084 2400.

344 2105 771 2164 CuoxAsnnmxs,
803 2147 815 2162 .
854 2147 868 2162 .
912 2124 1004 2166 au.
1052 2123 1225 2175 2700.

347 2193 416 2258 84
465 2196 750 2269 aliireges.
787 2234 800 2248 .
848 2234 861 2248 .
905 2211 996 2250 an.
1045 2191 1263 2266 28980.

345 2290 381 2345 8
426 2290 644 2363 tyranni
673 2288 823 2344 Medi
831 2327 1352 2348 .........
1383 2292 1494 2353 224
1535 2287 1640 2342 vel.

346 2377 510 2455 (Sec.
548 2377 789 2446 Syncell.
846 2377 1138 2431 Zoroaster
1185 2389 1244 2431 et
1285 2389 1492 2452 septem
1538 2380 1655 2445 ejus

560 2483 908 2522 successores.
954 2484 1042 2522 an.
1100 2462 1246 2538 190)

1279 2135 1304 2278 5
1325 2119 1398 2174 86
1462 2137 1644 2195 reges.
1711 2118 1900 2185 34080

1790 2285 1898 2354 234

347 2567 371 2603 1
390 2568 410 2603 1
459 2568 616 2624 reges
622 2590 1011 2608 .......
1050 2548 1178 2626 (sec,
1202 2570 1381 2626 marg.
1407 2557 1503 2606 dn.
1535 2548 1635 2626 48)
1879 2575 1902 2598 n

349 2645 422 2711 49
463 2656 620 2713 reges
642 2637 880 2694 chaldaei
891 2681 1566 2698 ...........
1631 2680 1644 2694 .
1793 2635 1903 2702 458

388 2745 424 2799 9
467 2743 622 2800 reges
645 2727 875 2783 Arabes,
912 2770 926 2784 .
978 2769 992 2784 .
1047 2729 1068 2783 .’
1112 2768 1638 2785 .........
1790 2725 1902 2790 245

350 2813 420 2877 45
465 2832 621 2887 reges
648 2812 912 2890 (Assyrii)
919 2854 1640 2873 ............
1792 2810 1903 2867 526

346 2901 593 2956 Pnumzs.

339 2988 780 3046 Smncmmnus.
842 3029 1637 3048 .............
1829 2986 1896 3043 81

407 3099 551 3148 frater
575 3096 878 3150 Se'necharibi

409 3169 602 3230 angisus
618 3181 704 3230 per
724 3168 918 3231 triginta
942 3168 1128 3219 circtter
1153 3168 1254 3219 dies

407 3238 662 3288 marodach
698 3237 985 3301 Baladanus,
1010 3245 1040 3288 6
1068 3250 1256 3290 menses

403 3306 565 3356 Elibas
595 3305 693 3359 272
718 3320 797 3355 au.

408 3376 681 3426 Asordanus
697 3412 709 3436 ,
741 3374 1051 3431 Senecharibi
1072 3377 1197 3427 filius

346 3489 723 3549 Asonmm·s;
745 3482 977 3553 Senech.
999 3481 1079 3537 fil.
1106 3484 1172 3559 (ἰ.
1195 3502 1254 3556 q.
1272 3477 1682 3555 Asarhaddon.)
1861 3468 1902 3531 B

351 3574 705 3627 5111110οα113
709 3608 1681 3628 ...............
1829 3582 1897 3621 21

1308 3190 1564 3253 Babylonis

1337 3253 1566 3323 praefecti·

1310 3319 1360 3365 et
1377 3318 1583 3376 tyranm.

346 3661 815 3716 Smssxntuus
854 3675 897 3712 s·
942 3657 1198 3728 SarasuS,
1238 3657 1588 3733 Sammughis

545 3744 719 3799 frater
751 3743 961 3818 (ultim.
994 3762 1093 3798 rex
1117 3742 1342 3817 Assyr.)
1349 3782 1682 3802 ......
1831 3758 1897 3793 21

344 3836 846 3891 NAootuAsmos
851 3870 1681 3890 ..............
1830 3844 1904 3881 20

343 3924 848 3989 Nnvconnosson,
876 3920 1297 3994 Nabopalassari
1320 3917 1398 3976 fil.
1426 3961 1440 3976 .
1479 3960 1492 3976 .
1542 3960 1556 3975 .
1605 3961 1618 3975 .
1671 3958 1686 3974 .
1831 3914 1903 3981 [13

343 4015 887 4067 Ammumnoenos
896 4044 1683 4066 .............
1871 4021 1903 4056 2

343 4101 759 4155 Nnnzomsnus
766 4134 1682 4153 ...............
1872 4096 1905 4155 [1

345 4190 941 4243 ιηοιοεοηοεουυε
943 4226 1286 4241 ......
1348 4226 1360 4239 .
1409 4180 1690 4237 mensibus
1870 4196 1907 4251 9

344 4277 684 4330 Nsnoxnnus
688 4311 1488 4330 .............
1536 4268 1694 4322 annis
1838 4285 1861 4320 1
1874 4285 1903 4335 7

344 4362 532 4416 Cunus
536 4398 1600 4418 .................
1661 4398 1678 4412 .

345 4441 632 4495 (1111315115
640 4473 1688 4497 .................

355 4526 574 4580 Damus
584 4559 1694 4585 ..................
1837 4517 1868 4573 3

1871 4373 1908 4574 020020

3421 439 3534 490 509

1990 581 2436 637 FRAGMENTA
2505 583 2680 655 QL‘AE
2721 589 2822 641 AD
2888 590 3414 652 ASTRONOMIAM
3456 600 3546 655 ET

2266 684 2790 744 ASTROLOGIAM
2850 692 3232 753 SPECTANT.

2726 810 2749 846 1
2765 813 2794 863 7
2807 835 2818 847 .

2070 895 2352 950 Vitruvius
2376 897 2489 964 IX,
2530 915 2553 950 1
2584 897 2659 973 (ί.)
2694 916 2708 952 :
2742 900 3000 968 Berosus,
3031 908 3143 975 qui,
3182 923 3220 956 a
3242 905 3545 964 Chaldaeo-

1992 999 2111 1035 rum
2150 987 2365 1036 civitate
2391 988 2500 1038 sive
2521 990 2745 1040 natione
2755 1006 3095 1061 progressas,
3133 995 3187 1043 in
3216 996 3354 1047 Asia
3382 1001 3546 1051 etiam

1987 1069 2336 1142 disciplinam
2351 1069 2634 1144 patefecit,
2669 1079 2748 1128 ita
2764 1074 3148 1149 estprofessns‚
3180 1078 3434 1156 (lunam)
3457 1089 3550 1157 pi-

1991 1159 2104 1211 lam
2141 1176 2257 1212 esse
2278 1178 2352 1213 ex
2372 1161 2608 1215 dimidia
2625 1174 2792 1235 parte
2811 1166 3163 1233 candentem,
3198 1169 3416 1242 reliqua
3442 1171 3548 1226 ha-

1988 1245 2114 1298 bere
2143 1248 2382 1301 coeruleo
2404 1249 2599 1303 colore.
2688 1251 2867 1320 Quum
2887 1264 3069 1306 antem
3097 1272 3310 1308 cursum
3341 1261 3551 1314 itineris

1985 1336 2073 1385 sui
2082 1351 2367 1406 peragens
2391 1335 2594 1390 subiret
2623 1334 2808 1393 orbem
2852 1342 3010 1409 solis,
3060 1353 3184 1394 tunc
3211 1360 3336 1397 eam
3379 1347 3551 1402 radiis

1989 1431 2045 1471 et
2085 1425 2289 1492 impetn
2324 1423 2526 1476 caloris
2565 1430 2792 1497 corripi,
2844 1431 3185 1499 convertique
3222 1431 3547 1488 candentem

1983 1518 2211 1579 propter
2234 1513 2352 1577 ejus
2366 1514 2741 1582 propietatem
2772 1514 2993 1566 laminis
3019 1515 3101 1567 acl
3125 1517 3329 1577 lumen.
3369 1520 3547 1591 Quum

1986 1605 2170 1648 autem
2199 1612 2269 1647 ea
2303 1608 2523 1650 evocata
2551 1601 2633 1653 ad
2654 1602 2785 1655 solis
2809 1601 2966 1656 orbes
2989 1609 3274 1677 superiora
3309 1621 3543 1679 spectet,

1989 1692 2117 1735 tunc
2153 1678 2468 1750 inferiorem
2495 1697 2724 1757 partem
2762 1692 2906 1758 ejus,
2957 1691 3107 1762 quod
3147 1693 3391 1746 candens
3434 1713 3544 1749 non

1986 1777 2082 1839 sit,
2124 1786 2359 1848 propter
2383 1780 2527 1829 aeris
2569 1777 2975 1830 similitudinem
3020 1778 3303 1832 obscuram
3348 1783 3546 1839 videri.

1992 1859 2170 1929 Quum
2200 1862 2282 1918 ad
2292 1864 2749 1935 perpendiculum
2775 1873 2973 1930 exstet,
3013 1865 3095 1916 ad
3116 1871 3234 1934 ejus
3258 1867 3442 1922 radios
3468 1882 3550 1924 to-

1991 1958 2103 2000 tum
2135 1949 2319 2002 lumen
2357 1951 2439 2003 ad
2458 1955 2788 2024 superiorem
2821 1954 3058 2023 speciem
3086 1957 3316 2006 retineri
3340 1967 3396 2009 et
3423 1967 3549 2010 tunc

1989 2052 2115 2088 eam
2139 2040 2330 2091 vocari
2351 2042 2618 2109 primam.
2709 2037 2887 2106 Quum
2922 2043 3246 2109 praeteriens
3278 2041 3445 2095 vadit
3472 2045 3555 2096 ad

1990 2127 2214 2176 orientis
2238 2125 2371 2177 coeli
2382 2136 2603 2196 partes,
2640 2125 2894 2177 relaxari
2920 2125 2995 2178 ab
3024 2129 3228 2197 impetu
3249 2129 3379 2180 solis
3393 2169 3408 2195 ,
3440 2148 3548 2183 ex-

1993 2216 2335 2282 tremamque
2375 2216 2496 2279 ejus
2517 2221 2743 2283 partem
2774 2211 3095 2264 candentia*
3133 2213 3338 2283 oppido
3382 2234 3549 2287 qnam

1992 2302 2145 2349 tenni
2193 2298 2344 2352 linea
2377 2298 2460 2351 ad
2497 2310 2697 2352 terram
2740 2301 2950 2351 mittere
2981 2299 3353 2370 splendorem,
3390 2307 3551 2357 etita

1991 2402 2065 2438 ex
2100 2402 2164 2438 eo
2208 2403 2332 2439 eam
2363 2387 2661 2439 secundam
2695 2391 2911 2443 vocari.
3000 2385 3338 2455 Quotidiano
3366 2401 3549 2445 autem

1991 2476 2317 2527 versationis
2338 2477 2653 2528 remissione
2681 2477 2916 2540 tertiam,
2955 2484 3210 2545 quw-tam
3238 2479 3295 2528 in
3319 2476 3439 2530 dies
3455 2497 3552 2532 nu·

1993 2563 2211 2616 merari.
2292 2560 2537 2634 Septimo
2558 2561 2651 2615 die
2675 2561 2765 2614 sol
2789 2579 2953 2633 quum
2979 2565 3055 2613 sit
3074 2561 3157 2613 ad
3181 2562 3510 2620 occidentem
3524 2605 3543 2633 ,

1994 2647 2127 2700 luna
2155 2658 2338 2702 autem
2377 2653 2523 2702 inter
2561 2652 2826 2701 orientem
2874 2660 2929 2701 et
2958 2648 3292 2702 occidentem
3336 2651 3553 2706 medias

1994 2734 2121 2785 coeli
2143 2745 2331 2788 teneat
2345 2740 2621 2806 regiones,
2658 2735 2806 2806 quod
2827 2734 3071 2788 dimidia
3094 2746 3259 2806 parte
3280 2738 3409 2790 coeli
3425 2756 3552 2811 spa-

1996 2825 2071 2873 tio
2097 2820 2261 2875 distet
2286 2840 2323 2876 a
2345 2823 2461 2876 sole
2472 2861 2491 2888 ‚
2523 2827 2650 2875 item
2676 2821 2968 2874 dimidiam
2995 2821 3310 2875 candentia:
3336 2841 3553 2877 conver-

1993 2925 2114 2961 sam
2133 2906 2339 2964 habere
2357 2909 2438 2963 ad
2459 2919 2678 2965 terram.
2753 2911 2923 2963 ,Inter
2939 2908 3108 2962 solem
3136 2926 3267 2962 vero
3290 2920 3350 2963 et
3364 2911 3552 2966 lanam

1996 3014 2158 3068 quum
2187 2998 2356 3050 distet
2379 3009 2545 3051 totum
2575 2996 2766 3050 nitendi
2784 3001 3026 3069 spatium
3043 3036 3057 3062 ‚
3089 3007 3145 3048 et
3172 2997 3305 3049 luna
3331 3002 3555 3053 orientis

1995 3084 2179 3137 orbem
2217 3085 2349 3139 solis
2372 3087 2747 3156 retrospiciens
2773 3101 2936 3156 quam
2968 3087 3171 3136 transit
3201 3083 3285 3136 ad
3306 3085 3552 3139 occiden-

1998 3182 2104 3224 tem
2122 3213 2137 3238 ‚
2166 3189 2292 3225 eam
2329 3174 2477 3244 quod
2505 3173 2724 3244 longius
2772 3170 2923 3225 absit
2954 3188 2992 3223 a
3022 3171 3195 3224 radiis
3232 3177 3516 3227 remissam
3532 3214 3550 3244 ,

1995 3268 2197 3330 quarta
2220 3259 2436 3312 decima
2476 3260 2567 3312 die
2599 3260 2777 3331 plena
2808 3269 2930 3313 rota
2967 3263 3130 3311 totius
3156 3259 3302 3312 orbis
3340 3266 3556 3315 mittere

1995 3345 2335 3416 splendorem
2355 3387 2372 3415 ,
2421 3346 2757 3418 reliquosque
2802 3345 2921 3399 dies
2962 3344 3334 3399 decrescentia
3383 3353 3555 3420 quoti·

1995 3432 2171 3486 diana
2201 3434 2283 3485 ad
2298 3429 2695 3507 perfectionem
2728 3433 2935 3485 lunaris
2965 3436 3191 3497 mensis,
3224 3439 3554 3488 versationi-

1997 3519 2094 3573 bus
2123 3532 2180 3574 et
2203 3538 2391 3589 cursu,
2439 3538 2476 3573 a
2508 3521 2624 3574 sole
2653 3518 3081 3573 revocationibus
3118 3519 3300 3572 subire
3344 3530 3542 3587 totam,

1994 3606 2289 3679 radiosque
2314 3611 2434 3676 eJus
2451 3611 2622 3661 etiam
2644 3616 2951 3660 menstruas
2967 3605 3178 3659 dierum
3206 3602 3431 3676 efficere
3457 3624 3552 3660 ra·

1995 3696 2186 3749 tiones.

2753 3770 2840 3828 18.

2079 3879 2327 3933 Stobaeus
2348 3878 2543 3953 Eclog.
2570 3878 2729 3952 phys.
2752 3895 2810 3951 p.
2844 3876 2953 3932 552
2980 3878 3073 3936 ed.
3088 3880 3258 3936 Heer.
3288 3895 3302 3934 :
3331 3879 3559 3956 Βηρωσ-

1948 3976 1954 3991 “
1995 3962 2084 4029 σὸς
2111 3959 2442 4043 ἡμιπύρωτον
2467 3966 2689 4042 σφαῖραν
2718 3958 2810 4032 τὴν
2836 3960 3057 4033 σελήνην
3087 3953 3249 4042 (εἷναί
3275 3964 3472 4042 φησιν).

2077 4052 2162 4108 Id.
2198 4053 2336 4111 ibid.
2364 4072 2421 4127 p.
2449 4050 2561 4108 556
2596 4072 2608 4106 ε
2640 4048 2922 4129 Βηρωσσὸς
2957 4048 3084 4108 ἴδιον
3117 4048 3276 4121 αὐτὴν
3307 4046 3430 4127 (τὴν
3470 4071 3558 4107 σε-

1998 4138 2192 4215 λήνην)
2220 4137 2356 4216 ἔχειν
2384 4140 2509 4218 φῶς.

2732 4246 2819 4300 19.

2077 4341 2357 4396 Plutarch.
2390 4342 2474 4396 De
2508 4339 2699 4413 placit.
2746 4339 2890 4412 phil.
2940 4339 3029 4407 11,
3075 4356 3149 4411 29
3186 4356 3245 4411 p.
3293 4336 3429 4412 891,
3460 4340 3553 4394 E:

1999 4425 2282 4506 Βηρωσσὸς
2312 4424 2457 4482 κατὰ
2483 4422 2577 4495 τὴν
2614 4421 2743 4502 πρὸς
2770 4427 2911 4500 ἡμᾶς
2944 4421 3258 4503 ἐπιστροφὴν
3292 4428 3380 4481 τοῦ
3423 4428 3559 4481 ἀπυ-

2002 4513 2165 4596 ρώτου
2217 4510 2403 4592 μέρους
2458 4512 2562 4588 (sc.
2612 4514 2803 4568 lunam
2845 4510 3085 4569 deficere
3130 4514 3264 4586 ait).
3348 4512 3559 4569 Eadem

347 4690 502 4751 ignem
531 4693 580 4739 et
609 4703 785 4753 aquam
814 4704 919 4740 esse
944 4691 1142 4741 deorum
1178 4690 1436 4740 simulacra
1464 4688 1710 4751 putarunt.
1779 4687 1907 4744 Quin

345 4768 393 4814 et
425 4767 534 4828 post
563 4767 750 4830 aliquot
776 4768 954 4837 saecula
983 4767 1156 4818 deinde
1185 4780 1269 4818 eos
1299 4766 1501 4817 coluisse
1527 4764 1784 4814 simulacra
1817 4763 1906 4811 hu·

345 4858 485 4894 mana
502 4847 660 4909 specie
690 4846 890 4909 praedita
909 4882 925 4908 ,
943 4846 1219 4897 ostenditin
1245 4844 1387 4896 tertio
1413 4843 1778 4894 Chaldaeorum
1812 4845 1904 4893 Be·

2732 4707 2818 4757 18.

2060 4828 2263 4877 Berosus
2280 4824 2445 4873 lunam
2459 4835 2559 4873 oese
2573 4822 2844 4885 aitglobum
2865 4821 3059 4870 dimidia
3081 4834 3165 4870 sua
3185 4821 3321 4883 parte
3335 4819 3555 4882 ignitum.

343 4938 481 4975 rosus
495 4963 511 4987 ,
530 4939 742 4989 eumque
767 4939 952 4975 morem
970 4925 1033 4975 ab
1052 4928 1318 4976 Artaxerxe
1338 4923 1466 4974 Darii
1486 4923 1585 4973 snio
1599 4961 1615 4986 ,
1640 4923 1760 4973 Ochi
1790 4936 1904 4973 vero
1998 4940 2057 4950 -
2076 4915 2280 4964 Berosus
2299 4912 2466 4962 lunam
2486 4910 2727 4975 propriflm
2746 4909 2838 4959 Sibi
2855 4910 3017 4959 lucem
3039 4908 3214 4959 habere
3234 4909 3365 4960 dicit·
3414 4955 3430 4967 .

343 5004 505 5064 patre,
526 5002 854 5053 introductum
875 5001 1051 5052 fuisse:
1082 5004 1256 5053 etenim
1284 5002 1467 5065 primus
1484 5002 1694 5051 statuam
1710 5000 1910 5051 Veneris

345 5080 606 5143 AnaitidiS,
640 5095 789 5144 quam
824 5080 1091 5143 Babylone,
1125 5080 1258 5132 Susis
1288 5084 1338 5130 et
1366 5080 1620 5131 Ecbatanis
1651 5080 1901 5143 posuisset,

347 5158 502 5207 Persis
520 5161 566 5206 et
597 5157 780 5208 Bactris
798 5160 844 5206 et
879 5159 1113 5207 Damasco
1140 5160 1191 5208 et
1221 5156 1382 5209 Sardis
1413 5156 1639 5220 exemplo
1658 5170 1745 5208 suo
1779 5169 1904 5219 prae·

360 5235 643 5284 monstravit
662 5247 764 5286 esee
783 5232 1048 5285 colendam.

2720 5046 2805 5097 19.

2031 5155 2265 5286 ‚gemam
2285 5153 2486 5205 obverso
2506 5151 2643 5204 nohis
2660 5154 2796 5216 parte
2828 5151 2948 5215 ignis
2964 5152 3160 5214 experte
3176 5150 3304 5200 lunae
3327 5148 3430 5201 fieri
3449 5144 3561 5198 ecli-

1998 5250 2029 5300 p
2121 5232 2204 5285 ait.
