4016 5916
1294 431 1874 496 ATHENlENSlUM
1918 436 2404 498 RESPUBLICA.

263 606 268 613 .
294 559 354 619 τὸ
381 563 471 632 ζῆν
513 558 660 640 παρὰ
686 562 775 631 τῆς
802 559 1027 631 πόλεως,
1065 558 1508 640 μισθοφορούντων
1543 563 1714 621 αὐτῶν
1741 566 1843 622 τῶν

295 647 433 715 ἐντὸς
477 650 633 728 τριῶν
662 649 803 723 μνῶν
850 646 1156 726 περιουσίαν
1194 648 1553 725 κεκτημένων·
1599 648 1845 726 ἐδοκιμά-

294 738 436 803 ζοντο
449 735 510 813 δὲ
533 736 580 793 οἱ
616 731 857 792 ἀδύνατοι
885 734 983 792 ὑπὸ
1001 739 1093 806 τῆς
1114 736 1216 792 τῶν
1241 732 1291 814 φ’
1311 737 1498 814 βουλῆς
1512 780 1530 808 ,
1556 734 1645 794 καὶ
1666 734 1842 814 έλάμ-

295 820 448 880 6ανον
477 825 569 893 τῆς
591 819 815 900 ἡμέρας,
846 823 917 887 ὡς
941 819 1035 896 μὲν
1070 820 1299 899 Λυσίας,
1326 820 1508 880 ὀὸολὸν
1537 818 1659 896 ἕνα,
1690 825 1761 890 ὥς
1788 823 1843 882 δὲ

290 908 585 989 Φιλόχορος
609 907 648 966 ε’
671 953 687 979 ,
708 908 1061 988 Ἀριστοτέλης
1088 905 1144 967 δὲ
1177 906 1223 987 β’
1261 907 1378 989 ἔφη.
1411 910 1497 968 cf.
1526 914 1572 967 Τ
1574 912 1750 986 aylor.
1770 913 1843 968 ad

292 999 465 1073 Lysiae
500 1008 646 1054 orat.
677 999 763 1054 De
793 995 1042 1052 invalido
1074 998 1227 1068 init.;
1251 998 1481 1054 Boeckh.
1512 998 1760 1057 Staatsh.
1785 1002 1841 1071 1,

291 1104 348 1159 p.
386 1085 498 1141 260
530 1103 657 1161 sqq.
689 1087 999 1142 Hermann.
1032 1085 1065 1160 S
1103 1084 1237 1156 152,
1273 1091 1363 1152 14.

1020 1221 1114 1279 61.

367 1358 650 1416 Plutarch.
671 1360 938 1415 Themist.
965 1377 1012 1414 c.
1047 1377 1115 1414 10
1141 1378 1155 1413 z
1185 1353 1466 1435 Κρατήσας
1493 1353 1548 1413 δὲ
1568 1358 1631 1436 τῇ
1655 1356 1838 1439 γνώμῃ

291 1446 351 1522 (6
376 1442 767 1524 Θεμιστοκλῆς)
791 1443 1036 1527 ψήφισμα
1069 1444 1281 1523 γράφει,
1311 1441 1406 1514 τὴν
1435 1443 1530 1520 μὲν
1557 1443 1707 1503 πόλιν
1736 1468 1834 1504 πα·

289 1531 669 1610 ρακαταθὲσθαι
690 1536 753 1611 τῇ
775 1532 961 1611 Ἀθηνᾷ
978 1535 1042 1611 τῇ
1067 1559 1088 1583 «ι
1108 1528 1365 1604 Ἀθηνάων
1380 1529 1635 1612 μεδεούσῃ
1655 1560 1704 1606 ι,
1724 1533 1839 1601 τοὺς

289 1620 334 1675 δ’
362 1619 414 1675 ἐν
443 1616 622 1699 ἡλικία
651 1617 849 1685 πάντας
875 1617 1138 1695 ἐμὸαίνειν
1168 1619 1239 1680 εἷς
1264 1615 1357 1685 τὰς
1383 1617 1697 1699 τριήρεις..,.
1722 1622 1838 1679 Οὐκ

289 1704 448 1763 ὄντων
475 1704 530 1764 δὲ
554 1705 818 1779 δημοσίων
830 1704 1119 1787 χρημάτων
1147 1713 1250 1771 τοῖς
1274 1704 1583 1779 Ἀθηναίοις,
1608 1704 1833 1788 Ἀριστο·

288 1792 436 1864 τίλης
464 1792 560 1870 μέν
602 1815 727 1874 φησι
767 1793 861 1865 τὴν
889 1792 941 1861 ἒξ
971 1792 1165 1873 Ἀρείου
1195 1792 1363 1870 πάγου
1394 1792 1583 1873 βουλὴν
1621 1795 1836 1874 πορίσα-

288 1903 384 1938 σαν
411 1882 619 1961 ἑκάστῳ
645 1884 750 1939 τῶν
787 1878 1204 1962 στρατευομένων
1227 1879 1367 1939 ὀκτὼ
1391 1880 1629 1960 δραχμὰς
1656 1883 1834 1939 αἰτιω·

290 1971 352 2024 τά
359 1991 448 2040 την
459 1967 696 2048 γενέσθαι
710 1971 800 2026 τοῦ
811 1969 1150 2050 πληρωθῆναι
1164 1967 1253 2034 τὰς
1267 1966 1488 2050 τριήρεις
1498 1990 1513 2004 ·
1538 1967 1833 2046 Κλείδημος

288 2054 340 2113 δὲ
365 2078 417 2113 κ.
452 2079 501 2117 τ.
532 2057 583 2115 λ.
616 2060 711 2131 (V.
743 2056 981 2115 elidem.
1004 2057 1074 2117 fr.
1108 2055 1237 2135 13).

363 2144 566 2220 [Arist.
610 2145 733 2204 Pol.
764 2147 845 2216 V,
879 2144 942 2216 3,
971 2141 1005 2202 5
1034 2164 1049 2202 ε
1081 2141 1149 2204 Ἥ
1181 2145 1232 2201 ἐν
1266 2140 1444 2224 Ἀρείῳ
1488 2141 1641 2223 πάγῳ
1671 2142 1831 2221 βουλὴ

289 2229 675 2306 εὐδοκιμήσασα
716 2233 768 2289 ἐν
808 2238 914 2298 τοῖς
963 2230 1217 2303 Μηδικοῖς
1264 2228 1401 2299 ἔδοξε
1452 2229 1834 2309 συντονωτέραν

288 2321 498 2389 ποιῆσαι
530 2315 627 2390 τὴν
649 2317 943 2391 πολιτείαν,
968 2318 1058 2378 καὶ
1081 2318 1241 2376 πάλιν
1260 2321 1287 2376 6
1309 2316 1545 2384 ναυτικὸς
1571 2316 1723 2398 ὄχλος
1747 2341 1833 2395 γε-

286 2403 493 2480 νόμενος
516 2403 678 2473 αἴτιος
702 2407 794 2477 τῆς
819 2403 940 2486 περὶ
971 2406 1252 2482 Σαλαμῖνα
1266 2404 1408 2476 νίκης
1431 2404 1520 2463 καὶ
1545 2398 1834 2478 διὰταύτης

285 2496 376 2563 τῆς
397 2491 674 2572 ἡγεμονίας
697 2492 782 2551 διὰ
807 2492 901 2564 τὴν
923 2492 1057 2551 κατὰ
1081 2494 1348 2552 θάλασσαν
1378 2491 1592 2570 δύναμιν
1619 2491 1712 2565 τὴν
1745 2493 1833 2564 δη·

292 2580 581 2660 μοκρατίαν
612 2579 946 2664 ἰσχυροτέραν
966 2578 1220 2654 ἐποίησεν.

369 2670 459 2728 Id.
502 2672 608 2742 lv,
640 2677 707 2742 4,
739 2689 762 2726 1
807 2689 823 2727 z
853 2668 933 2728 Τὸ
956 2667 1215 2750 τριηρικὸν
1246 2666 1489 2747 Ἀθήνησι
1513 2666 1832 2749 (πολύοχλόν

289 2756 483 2832 ἐστιν).

364 2845 453 2902 ld.
478 2846 555 2916 V,
585 2865 649 2918 a,
681 2865 748 2902 ια
779 2866 793 2902 2
816 2843 1127 2917 Ἀθήνησιν..
1159 2848 1355 2922 μᾶλλον
1377 2843 1646 2923 δημοτικοὶ
1670 2847 1717 2904 οἱ
1743 2842 1831 2903 τὸν

283 2932 514 3011 Πειραιᾶ
532 2932 784 3000 οἰκοῦντες
811 2935 911 2992 τῶν
934 2932 994 2993 τὸ
1018 2932 1203 3014 ἄστυ.]

1011 3066 1106 3126 62.

363 3198 816 3270 Harpocration:
844 3195 1414 3275 Ἑλληνοταμίαι...
1435 3194 1563 3258 Ὀτι
1581 3191 1732 3278 ἆρχή
1758 3221 1834 3265 τις

282 3272 351 3353 ἦν
380 3284 427 3340 οἱ
466 3281 877 3361 Ἑλληνοταμίαι
894 3329 910 3358 ,
943 3283 993 3343 οἳ
1017 3284 1311 3367 διεχείριζον
1341 3284 1404 3343 τὰ
1433 3283 1715 3366 χρήματα,
1744 3284 1833 3343 καὶ

281 3369 643 3449 Ἀριστοτέλης
664 3372 809 3443 δηλοῖ
829 3372 921 3432 Ἐν
935 3377 1000 3454 τῇ·
1020 3373 1299 3446 Ἀθηναίων
1319 3373 1571 3454 πολιτεία.
1583 3376 1669 3433 Cf.
1687 3375 1830 3431 Bek-

281 3460 410 3517 ker.
438 3461 653 3519 Anecd.
683 3464 740 3532 Ι,
765 3481 825 3537 p.
847 3461 992 3533 248,
1025 3481 1129 3537 293
1155 3462 1284 3532 188,
1309 3462 1794 3534 163P011uxv111
1812 3504 1827 3532 ‚

293 3555 434 3618 1143
459 3549 716 3623 Thucyd.
749 3552 809 3619 Ι,
842 3550 1209 3621 86313oeckh.
1239 3550 1487 3607 Staatsh.
1519 3552 1578 3620 Ι,
1604 3569 1666 3625 p.
1722 3567 1826 3622 191

283 3653 412 3708 sqq.
435 3637 503 3692 L.
525 3636 794 3695 Dindorf.
826 3639 886 3693 in
924 3639 1115 3712 Steph.
1156 3638 1318 3696 Thes.
1351 3656 1397 3694 s.
1442 3657 1499 3695 v.
1527 3639 1831 3693 Hermann.

281 3721 578 3780 Staatsalt.
609 3722 643 3799 S
672 3722 892 3799 156,6;
920 3725 1274 3781 Schoemann.
1303 3725 1512 3778 Histor.
1530 3723 1644 3796 jur.
1668 3722 1829 3798 publ.

281 3827 342 3882 p.
367 3808 502 3882 320,
526 3812 658 3883 430,
678 3811 812 3878 432.

349 4105 516 4160 Quum
529 4101 763 4152 sententia
776 4102 1106 4153 Themistoclis
1121 4103 1138 4164 (
1148 4115 1213 4152 sc.
1232 4100 1414 4151 oraculi
1427 4111 1621 4148 murum
1630 4097 1839 4162 ligneum

283 4177 348 4229 de
361 4179 570 4230 navibus
586 4180 946 4243 intelligendum
968 4181 1088 4243 esse)
1105 4179 1415 4242 comprobata
1432 4178 1574 4239 easet,
1591 4176 1838 4226 decretum

287 4256 429 4320 tecit,
456 4269 555 4319 qno
577 4257 746 4308 urbem
770 4259 1000 4308 Minervae
1031 4256 1224 4308 tutelari
1254 4256 1550 4307 Athenarum
1577 4254 1680 4305 deoe
1701 4266 1837 4303 com·

288 4333 612 4385 memiandam
626 4337 676 4385 et
688 4347 855 4386 omnes
867 4334 953 4400 qui
965 4337 1123 4386 essent
1136 4334 1294 4384 valida
1307 4336 1469 4395 oetate,
1483 4332 1706 4382 triremes
1718 4345 1837 4381 con·

286 4410 517 4462 accudere
530 4410 752 4475 jubebat,
767 4415 921 4463 etc....
942 4415 1104 4470 Quum
1129 4414 1291 4462 autem
1305 4410 1506 4475 pecunia
1527 4409 1722 4473 publiea
1741 4422 1840 4458 non

285 4495 411 4539 esset
431 4488 796 4540 Atheniensibus
805 4529 821 4551 ,
837 4490 1117 4541 Aristoteles
1132 4489 1201 4540 ait
1213 4502 1297 4553 per
1312 4489 1618 4552 Areopagitas
1629 4486 1839 4538 maxime

283 4568 516 4616 effectum
531 4602 547 4627 ,
577 4567 634 4616 nt
655 4567 876 4618 triremes
899 4567 1233 4632 implerentur,
1259 4565 1344 4630 qui
1374 4565 1572 4630 singulis
1607 4564 1838 4616 militibus

286 4646 401 4695 octo
420 4643 678 4696 drachmas
707 4643 947 4696 dederint.

349 4807 742 4872 Hellenotamioe‚
770 4810 926 4862 cerarii
960 4807 1224 4862 GraecanIcl
1260 4806 1472 4871 praerecti
1487 4843 1503 4870 ‚
1533 4807 1841 4871 magistratus

288 4889 402 4949 fnit,
412 4887 733 4952 qnipecunias
751 4887 1171 4950 administrabant,
1190 4888 1247 4937 nt
1267 4886 1545 4938 Aristoteles
1560 4887 1630 4937 ait
1650 4887 1700 4936 in
1719 4889 1838 4951 Rep.

287 4965 465 5016 Athen.

1007 5049 1097 5101 63.

350 5129 662 5182 Athenienses
679 5144 738 5182 ex
769 5132 918 5196 pactis
949 5130 1200 5183 conventis
1214 5131 1294 5194 jus
1317 5130 1547 5181 dixerunt
1571 5131 1713 5182 sociis
1731 5131 1837 5182 sub-

289 5207 433 5273 ditis,
455 5209 511 5259 at
530 5208 803 5261 Aristoteles
824 5208 1037 5273 exponit.

3375 451 3483 503 125

2657 568 2752 627 63.

2008 705 2251 760 Bekker.
2277 705 2492 763 Anecd.
2517 724 2578 779 p.
2611 705 2757 777 436,
2812 726 2833 762 1
2874 725 2889 765 ε
2919 704 3179 779 Ἀθηναῖοι
3205 709 3307 768 ἀπὸ
3349 734 3485 787 συμ·

1929 788 2097 848 δόλων
2130 788 2359 859 ἐδίκαζον
2378 798 2482 857 τοῖς
2509 790 2771 863 ὑπηκόοις.
2807 791 2991 860 Οὕτως
3004 793 3377 872 Ἀριστοτέλης.
3400 802 3479 857 Cr.

1930 883 2270 955 Harpocrat.
2310 899 2325 936 ε
2362 877 2616 955 Σύμὸολα
2644 876 2735 947 τὰς
2758 880 3040 954 συνθήκας,
3070 881 3130 948 ἃς
3151 880 3214 941 ἂν
3243 887 3297 942 αἱ
3315 885 3486 953 πόλεις

1929 967 2181 1037 ἀλλήλαις
2220 965 2431 1043 θέμεναι
2459 965 2685 1026 τάττωσι
2712 967 2815 1034 τοῖς
2843 968 3078 1037 πολίταις
3115 969 3252 1030 ὥστε
3289 972 3481 1032 διδόναι

1927 1053 2017 1111 καὶ
2048 1053 2336 1131 λαμὸάνειν
2364 1055 2431 1112 τὰ
2471 1054 2668 1116 δίκαια.
2695 1059 2928 1114 Aristot.
2973 1057 3142 1117 Polit.
3165 1062 3286 1131 111,
3324 1081 3346 1118 1
3370 1103 3386 1132 ,
3420 1063 3482 1132 3;

1925 1142 2212 1199 Andocid.
2232 1145 2296 1202 C.
2323 1144 2507 1203 Alcih.
2537 1164 2586 1202 c.
2622 1142 2711 1215 183
2742 1147 3051 1206 Hermann.
3089 1147 3230 1217 116,
3259 1146 3314 1207 5.
3352 1148 3482 1220 157,

1928 1230 1993 1300 63
2026 1231 2378 1290 Schoemann.
2407 1250 2466 1305 p.
2491 1231 2625 1302 376.
3127 1230 3140 1241 ⁶

2005 1314 2204 1392 [Arist.
2226 1317 2347 1372 Pol.
2370 1319 2455 1373 111
2470 1358 2487 1388 ,
2511 1318 2545 1374 8
2561 1359 2577 1387 ,
2611 1325 2641 1385 Ι.
2666 1336 2683 1377 2
2713 1316 2871 1378 Ἐπεὶ
2890 1317 2991 1400 γὰρ
3010 1324 3193 1378 θᾶττον
3224 1321 3486 1400 έγκρατῶς

1925 1399 2078 1481 ἴσχον
2106 1399 2200 1474 τὴν
2229 1401 2397 1483 ἀρχὴν
2430 1404 2514 1481 (οἱ
2539 1402 2869 1482 Ἀθηναῖοι),
2909 1405 3266 1466 ἐταπείνωσαν
3299 1407 3482 1475 αὐτοὺς

1928 1487 2181 1566 (Σαμίους
2203 1490 2293 1548 καὶ
2314 1490 2476 1556 Χίους
2500 1491 2590 1550 καὶ
2611 1490 2882 1570 Λεσὸίους)
2902 1492 3049 1575 παρὰ
3068 1493 3485 1584 τὰς.συνθήκας.]

2649 1624 2746 1690 64.

2000 1754 2286 1811 Plutarch.
2309 1755 2510 1811 Cimon
2529 1775 2581 1813 c.
2612 1775 2680 1811 10
2705 1774 2719 1814 ε
2741 1752 2838 1821 Ὡς
2858 1756 2904 1812 δ’
2923 1754 3278 1835 Ἀριστοτέλης
3300 1755 3476 1836 φησὶν,

1920 1839 2020 1918 οὔχ
2063 1837 2307 1898 ἁπάντων
2349 1837 2658 1913 Ἀθηναίων,
2706 1841 2842 1900 ἀλλὰ
2880 1845 2981 1902 τῶν
3027 1843 3271 1919 δημοτῶν
3320 1843 3478 1903 αὐτοῦ

1921 1928 2202 1986 Λακιαδῶν
2227 1928 2643 2008 παρεσκευάζετο
2674 1928 2773 2007 (sc.
2798 1934 2827 1988 6
2859 1928 3044 2008 Κίμων
3071 1933 3146 2010 τῷ
3181 1929 3482 2012 βουλομένῳ

1919 2012 1979 2072 τὸ
2003 2017 2271 2094 δεῖπνον).
2299 2019 2478 2074 Aliter
2499 2019 2723 2077 Cornel.
2752 2021 2896 2094 Nep.
2920 2021 2980 2075 in
2998 2021 3246 2077 Cimone.
3508 2026 3513 2031 “

2649 2149 2747 2208 65.

2000 2285 2284 2343 Plutarch.
2313 2285 2511 2340 Pericl.
2548 2302 2600 2339 c.
2630 2289 2660 2350 4
2691 2301 2706 2342 2
2744 2281 3073 2342 Διδάσκαλον
3103 2284 3147 2343 δ’
3181 2285 3340 2345 αὐτοῦ
3374 2287 3477 2343 τῶν

1923 2370 2186 2445 μουσικῶν
2234 2371 2280 2428 οἱ
2325 2371 2560 2428 πλεῖστοι
2602 2369 2836 2446 Δάμωνα
2883 2369 3124 2447 γενέσθαι
3168 2371 3476 2450 λέγουσιν...

1921 2454 2275 2533 Ἀριστοτέλης
2307 2455 2361 2514 δὲ
2391 2458 2538 2536 παρὰ
2575 2457 2898 2537 Πυθοκλείδῃ
2929 2457 3183 2534 μουσικὴν
3223 2461 3479 2531 διαπονη-

1920 2547 2073 2613 θῆναι
2119 2542 2208 2601 τὸν
2253 2542 2416 2625 ἄνδρα
2462 2541 2791 2624 (Periclem)
2821 2545 3001 2626 φησίν.
3043 2550 3304 2622 Utroque
3349 2568 3480 2605 nsua

1919 2643 2000 2687 est
2019 2633 2284 2702 Periclea,
2309 2635 2394 2688 uti
2424 2643 2583 2707 patet
2602 2652 2670 2690 ex
2694 2636 2939 2691 Platonis
2962 2636 3149 2695 Alcib.
3173 2638 3230 2705 Ι,
3250 2655 3308 2710 p.
3343 2655 3369 2693 1
3384 2637 3478 2713 18,

1919 2720 2017 2774 ubi
2036 2722 2204 2795 plura
2231 2720 2303 2776 de
2334 2720 2665 2795 Pythoclide
2688 2724 2880 2797 σεμνῆς
2906 2726 3157 2798 μουσικῆς
3182 2721 3481 2804 διδασκάλῳ

1918 2805 2011 2863 καὶ
2037 2804 2394 2888 Πυθαγορείῳ.

2652 2924 2748 2981 66.

2001 3062 2184 3121 Idem.
2214 3062 2358 3121 ibid.
2381 3081 2429 3119 c.
2513 3079 2528 3121 ε
2552 3060 2770 3129 Τούτοις
2796 3061 2904 3140 (sc.
2925 3064 3002 3141 τῷ
3021 3060 3260 3140 Κίμωνος
3274 3061 3482 3123 πλούτω

1922 3147 2014 3207 καὶ
2032 3144 2321 3227 χρήμασιν,
2342 3148 2428 3227 ἀφ’
2446 3082 2518 3206 ἓν
2535 3147 2724 3215 ἐκεῖνος
2744 3146 3073 3226 ἀνελάμὸανε
3090 3147 3210 3217 τοὺς
3229 3130 3473 3227 πένητας)

1920 3239 1949 3293 6
1989 3236 2252 3316 Περικλῆς
2279 3232 2890 3313 καταδημαγωγούμενος
2930 3234 3174 3317 τρέπεται
3213 3235 3342 3316 πρὸς
3380 3234 3478 3307 τὴν

1921 3325 2025 3381 τῶν
2053 3320 2316 3400 δημοσίων
2356 3319 2638 3401 διανομὴν,
2681 3322 3165 3398 συμὸουλεύσαντος
3195 3325 3336 3405 αύτῷ
3363 3328 3481 3396 Δη-

1922 3407 2146 3486 μωνίδου
2175 3413 2263 3468 τοῦ
2296 3408 2519 3486 Οἴηθεν,
2547 3411 2616 3476 ὥς
2657 3408 3013 3492 Ἀριστοτέλης
3053 3409 3319 3491 ἱστόρηκε.
3367 3409 3477 3471 Καὶ

1921 3494 2058 3576 ταχὺ
2102 3498 2364 3576 θεωρικοῖς
2390 3495 2481 3554 καὶ
2526 3493 2840 3564 δικαστικοῖς
2878 3497 3154 3574 λήμμασιν
3196 3495 3379 3565 ἄλλαις
3421 3519 3478 3556 τε

1924 3583 2259 3665 μισθοφοραῖς
2317 3581 2408 3642 καὶ
2460 3581 2733 3661 χορηγίαις
2789 3583 3108 3651 συνδεκάσας
3171 3582 3231 3642 τὸ
3284 3586 3480 3655 πλῆθος

1925 3673 2118 3750 ἐχρῆτο
2144 3666 2281 3727 κατὰ
2319 3672 2411 3741 τῆς
2448 3667 2501 3736 ἐξ
2530 3667 2723 3747 Ἀρείου
2769 3668 2941 3747 πάγου
2972 3670 3193 3749 βουλῆς,
3222 3660 3283 3740 ἧς
3325 3667 3477 3735 αὐτὸς

1928 3759 1985 3816 οὗ
2027 3756 2236 3836 μετεῖχε
2276 3754 2361 3813 διὰ
2389 3753 2447 3814 τὸ
2481 3752 2606 3831 μήτ’
2633 3754 2810 3836 ἅρχων
2839 3754 2971 3832 μήτε
2996 3755 3307 3832 θεσμοθέτης
3346 3755 3478 3831 μήτε

1926 3841 2170 3925 βασιλεὺς
2191 3839 2325 3921 μήτε
2352 3840 2685 3923 πολέμαρχος
2710 3845 2913 3924 λαχεῖν.
2933 3832 3104 3902 Aitna
3123 3840 3223 3922 γὸιρ
3247 3845 3300 3900 αἱ
3317 3840 3479 3920 ἀρχαὶ

1990 4092 2267 4143 Aristoteles
2302 4091 2553 4141 Cimonem
2586 4104 2685 4140 non
2716 4090 2941 4141 omnihus
2971 4088 3368 4152 Atheniensibus,
3396 4089 3480 4140 sed

1925 4171 2186 4221 curialibus
2202 4171 2303 4220 suis
2319 4169 2558 4231 Laciadis,
2573 4168 2849 4233 quicunqne
2870 4182 2933 4219 ex
2966 4168 3024 4219 iis
3049 4167 3230 4217 vellent
3244 4203 3261 4228 ,
3292 4180 3479 4216 coenam

1933 4261 2127 4312 parasse
2145 4247 2330 4298 scribit.

1988 4415 2045 4463 ln
2072 4410 2269 4463 musicis
2277 4410 2494 4474 plerique
2514 4413 2860 4475 praeceptorem
2873 4409 3016 4460 ruisse
3034 4408 3204 4460 Pericli
3216 4411 3479 4458 Damonem

1924 4491 2125 4542 tradunt
2133 4507 2150 4553 3
2180 4489 2457 4540 Aristoteles
2484 4491 2648 4540 autem
2669 4489 2827 4540 virum
2849 4490 2980 4539 hunc
2997 4487 3129 4552 apud
3153 4484 3481 4551 Pythoclidem

1925 4567 2159 4618 musicam
2178 4567 2409 4617 tractasse
2426 4566 2682 4616 memorat.

1987 4732 2073 4783 liis
2094 4732 2143 4781 in
2165 4732 2397 4795 populum
2422 4731 2570 4795 gratis
2590 4730 2806 4781 Cimonis
2834 4729 3067 4781 institutis
3081 4728 3335 4793 superatum
3356 4725 3481 4778 Peri-

1926 4811 2023 4861 cles
2041 4810 2103 4860 ad
2128 4810 2426 4873 publicorum
2447 4810 2687 4859 honorum
2725 4807 3009 4860 divisionem
3038 4807 3260 4858 animum
3279 4807 3473 4873 adiecit,

1927 4900 2059 4949 usus,
2079 4889 2133 4937 ut
2157 4887 2431 4939 Aristotelea
2447 4890 2614 4937 auctor
2638 4890 2730 4951 est,
2743 4889 2940 4940 consilio
2962 4888 3243 4940 Damonidis
3261 4890 3479 4942 OEensis.

1929 4969 2099 5029 ltaque
2109 4965 2325 5015 celeriter
2346 4965 2661 5016 theatralibus
2674 4980 2733 5016 ac
2755 4967 2965 5030 praemiis
2978 4965 3269 5029 judiciorum
3279 4967 3482 5030 aliisque

1929 5043 2230 5094 mercedibus
2247 5046 2298 5095 et
2316 5041 2652 5096 emolumentis
2670 5045 2980 5097 multitudine
2996 5046 3252 5108 corrupta,
3272 5059 3388 5095 usus
3410 5048 3484 5095 est

1930 5124 2035 5185 eius
2053 5135 2202 5187 opera
2223 5126 2392 5175 contra
2410 5126 2631 5176 senatum
2650 5125 3033 5189 Areopagiticum
3051 5162 3067 5187 ,
3084 5124 3137 5174 in
3149 5137 3248 5188 quo
3270 5124 3368 5187 ipae
3386 5138 3481 5174 non

1932 5203 2037 5251 erat
2052 5236 2067 5260 ,
2090 5199 2220 5263 quod
2242 5211 2402 5264 neque
2432 5201 2612 5251 archon
2627 5236 2644 5265 ,
2667 5214 2826 5265 neque
2848 5202 3198 5264 thesmotheta,
3216 5212 3373 5263 neque
3399 5212 3483 5248 rex
