4016 5916
1732 365 2231 468 FRaGMENTA.

388 507 677 577 novimus,
724 525 892 562 nemo
922 523 1043 560 non
1085 501 1361 576 intelligit.
1406 501 1665 556 Attamen
1707 499 1937 554 maximi

387 595 657 651 momenti
699 611 812 649 esse
848 595 1038 648 locum
1065 590 1305 663 Syncelli
1342 588 1449 642 sibi
1486 587 1756 660 persuasit
1784 587 1940 641 Bun·

385 682 568 737 senius
607 681 641 735 1.
674 681 711 738 l.
745 691 885 739 tom.
924 681 984 748 Ι,
1014 696 1078 751 p.
1125 674 1268 746 123;
1299 691 1483 747 neque
1513 673 1662 727 enim
1703 672 1938 727 dubium

386 786 500 824 esse
536 769 674 843 quin
715 767 845 822 anni
887 767 971 822 isti
1016 761 1166 820 3555
1197 780 1265 818 ex
1293 763 1416 835 ipso
1444 758 1708 816 fluxerint
1738 762 1939 817 Mane·-

387 855 592 929 thone,
625 853 780 927 cujus
808 871 949 927 opus
970 850 1229 925 Syncello
1263 848 1447 904 adhuc
1470 847 1743 921 inspicere
1769 848 1937 903 licue-

386 942 461 997 rit
494 937 585 1017 (Ρ),
627 942 771 998 adeo
807 951 871 995 ut
914 956 1078 995 veros
1108 936 1458 993 Manethonis
1494 951 1760 991 numeros
1785 933 1939 990 baud

385 1029 569 1084 minus
601 1036 856 1083 accurate
885 1024 1120 1081 traditos
1138 1023 1255 1096 jam
1280 1023 1584 1078 habeamus
1613 1039 1783 1095 quam
1811 1021 1940 1076 illos

386 1117 624 1172 Canonis
658 1113 955 1170 Ptolemaei.
987 1113 1185 1168 Censet
1210 1111 1382 1186 igitur
1425 1109 1512 1164 vir
1547 1108 1940 1165 celeberrimus

386 1202 704 1276 syncellum
727 1219 797 1257 ex
820 1199 1160 1257 Manethone
1180 1196 1440 1255 didicisse
1462 1195 1737 1270 dynastias
1751 1237 1769 1267 ‚
1800 1214 1911 1270 qua

390 1289 467 1344 les
502 1289 618 1362 ipse
651 1306 721 1344 ex
760 1287 1028 1345 Africano
1058 1297 1114 1343 et
1141 1285 1381 1343 Eusebio
1423 1284 1590 1339 nobis
1629 1285 1936 1358 excerpsit,

382 1375 821 1447 synchronistice
842 1374 919 1430 ita
939 1370 1358 1447 componendas
1375 1380 1432 1426 et
1450 1368 1783 1444 digerendas
1799 1387 1938 1439 esse,

381 1471 447 1516 ut
477 1462 743 1518 continua
769 1479 967 1536 regum
1006 1479 1029 1515 1
1046 1459 1112 1516 13
1149 1477 1254 1535 per
1280 1475 1455 1514 annos
1482 1454 1633 1513 3555
1668 1458 1938 1512 successio

383 1560 629 1604 eruatur.
712 1550 845 1604 Haec
866 1547 1163 1622 peritiores
1183 1544 1515 1619 dijudicent.
1537 1543 1677 1600 Mihi
1696 1543 1766 1599 ab
1787 1545 1938 1599 omni

385 1634 878 1692 verisimilitudinis
900 1635 1086 1708 specie
1113 1633 1375 1690 destituta
1413 1649 1525 1688 esse
1547 1629 1833 1689 videntur.
1859 1662 1941 1673 -—

384 1721 683 1777 Boeckhius
707 1722 879 1795 ipsius
909 1721 1150 1795 Syncelli
1183 1737 1434 1774 errorem
1465 1717 1682 1773 subesse
1704 1718 1938 1790 suspica·

385 1819 498 1868 tur.
522 1810 784 1866 Enotasse
801 1811 1005 1864 eumin
1027 1809 1316 1882 Excerptis
1332 1808 1443 1863 suis
1463 1823 1733 1862 summam
1757 1823 1937 1861 anno·

384 1915 513 1952 rum
542 1894 694 1954 3555
722 1914 831 1971 pro
862 1893 1046 1966 53553
1078 1905 1162 1950 tot
1182 1896 1331 1952 enim
1355 1913 1425 1949 ex
1451 1890 1724 1965 Ast-teano
1750 1909 1933 1967 expu-

386 1995 504 2040 tare
534 1984 679 2039 licet.
701 1983 1099 2042 Generationes
1117 2000 1252 2038 vero
1282 1982 1408 2037 istas
1434 1990 1657 2037 centum
1682 1989 1736 2034 et
1764 1979 1939 2035 trede-

384 2071 496 2125 cim
508 2088 626 2125 non
638 2077 887 2144 spectare
901 2068 972 2125 ad
986 2069 1401 2138 Manethonem,
1418 2066 1516 2123 sed
1531 2067 1604 2123 ad
1617 2066 1940 2122 Chronicon

385 2165 657 2213 nostrum.
688 2153 963 2229 Equidem
985 2163 1126 2229 puto
1145 2171 1441 2210 numerum
1464 2171 1741 2209 annorum
1764 2151 1937 2222 3555,

387 2243 549 2297 sicuti
577 2241 964 2297 antecedentia
983 2282 1000 2310 ‚
1031 2237 1251 2296 fluxisse
1278 2258 1346 2297 ex
1374 2240 1683 2297 Panodom.
1714 2240 1769 2295 Is
1802 2257 1939 2295 vero

394 2326 466 2383 de
508 2328 848 2384 Manethone
897 2328 1162 2402 loquens,
1199 2327 1401 2401 procul
1453 2326 1627 2381 dubio
1671 2325 1944 2382 intellexit

384 2433 513 2471 eum
534 2456 551 2485 ,
608 2433 678 2471 ex
740 2434 858 2490 quo
912 2417 1030 2492 ipse
1090 2415 1367 2489 dynastias
1414 2414 1686 2488 mythicas
1734 2413 1936 2473 attulit.

386 2505 549 2560 Hunc
576 2513 760 2560 autem
801 2523 921 2560 non
947 2504 1191 2560 eundem
1230 2521 1345 2559 esse
1381 2521 1511 2559 cum
1550 2502 1851 2558 Africaneo
1886 2513 1943 2557 et

386 2590 698 2648 Eusebiano
743 2592 939 2656 omnia
969 2590 1224 2649 suadent.
1271 2589 1481 2663 Quidni
1528 2590 1699 2664 igitur
1728 2590 1789 2644 in
1824 2597 1934 2646 tam

385 2677 685 2735 multifaria
712 2676 1252 2754 chronologiarum,
1292 2697 1416 2751 quae
1450 2676 1551 2731 sub
1592 2675 1945 2732 Manethonis

384 2765 613 2821 nomine
637 2764 1195 2837 circumferebantur,
1223 2763 1417 2820 indole
1443 2781 1616 2818 unam
1637 2761 1801 2817 fuisse
1829 2781 1937 2836 pu·

386 2862 563 2907 temus
600 2853 1013 2923 recensionem,
1053 2870 1176 2925 quae
1194 2852 1418 2926 regibus
1461 2849 1793 2905 mortalibus
1833 2849 1937 2906 de-

388 2937 535 2995 derit
560 2956 738 2997 annos
777 2940 1001 2997 circiter
1042 2936 1234 2996 3555?
1264 2936 1333 3015 (*)
1370 2940 1497 2995 Huc
1543 2935 1761 2994 accedit
1782 2937 1939 3013 quod

392 3027 492 3082 iste
515 3026 799 3083 Panodori
824 3028 1108 3099 Manetho,
1129 3045 1244 3082 non
1263 3044 1400 3082 vero
1419 3024 1668 3082 Africani
1693 3035 1749 3080 et
1771 3026 1940 3082 Euse-

384 3113 463 3167 bii
480 3154 498 3185 ,
528 3114 603 3168 ita
627 3124 709 3169 est
734 3124 1105 3189 comparatus,
1133 3125 1198 3170 ut
1219 3132 1288 3169 ex
1330 3113 1533 3169 veteris
1553 3112 1814 3169 Chronici
1844 3132 1939 3169 au·

386 3209 540 3255 ctore
557 3200 853 3274 profecisse
869 3202 1054 3274 putari
1076 3202 1268 3275 possit.
1292 3200 1433 3258 Nam
1456 3201 1642 3276 regnis
1668 3200 1940 3255 semideo-

386 3304 513 3340 rum
534 3286 685 3360 apud
703 3297 1005 3360 utrumque
1023 3286 1175 3343 idem
1190 3306 1468 3344 annornm
1484 3304 1775 3357 numerus,
1795 3287 1940 3344 salva

387 3373 557 3427 trium
580 3389 858 3430 annorum
902 3374 1248 3446 differentia,
1284 3376 1627 3431 attribuitur.
1656 3383 1737 3435 Ac
1767 3395 1940 3450 quum

386 3454 495 3513 dii's
512 3471 714 3532 praeter
731 3462 1089 3535 Hephaestum
1105 3463 1448 3538 assignentur
1469 3463 1621 3538 apud
1639 3465 1791 3521 hunc
1809 3467 1939 3520 anni

392 3543 564 3619 2984,
589 3546 742 3620 apud
764 3548 922 3602 illum
945 3547 1121 3622 3985,
1144 3551 1291 3604 inter
1306 3549 1410 3606 hos
1431 3568 1661 3625 quoque
1680 3571 1943 3608 numeros

390 3633 649 3705 cognatio
668 3638 917 3705 quaedam
929 3632 1276 3691 intercedere
1294 3635 1472 3692 videri
1488 3628 1732 3712 poterat.
1758 3640 1937 3695 Porro

385 3720 528 3775 sicut
577 3719 841 3776 Chronici
908 3731 1105 3778 auctor
1165 3723 1518 3780 Manethonis
1574 3727 1659 3780 sui
1716 3727 1938 3801 triginta

387 3805 662 3879 dynastias
686 3809 1008 3864 mortalium
1043 3811 1276 3869 mutavit
1314 3811 1375 3865 in
1403 3812 1628 3886 triginta
1657 3811 1933 3887 dynastias

386 3893 705 3949 mortalium
727 3905 784 3950 et
809 3896 1208 3952 immortalium
1225 3938 1241 3968 ,
1271 3898 1350 3954 sic
1392 3899 1560 3954 etiam
1584 3900 1939 3955 Manethonis

389 3999 583 4057 regum
633 3984 956 4039 mortalium
995 3986 1379 4060 generationes
1429 3985 1534 4041 113
1575 3986 1648 4042 ad
1687 3985 1825 4042 deos
1878 3998 1938 4041 et

385 4067 640 4123 homines
673 4070 1031 4127 transtulerit.
1077 4070 1336 4127 Ceterum
1375 4073 1437 4126 in
1473 4073 1810 4128 Manethone
1836 4075 1930 4128 Pa·

392 4153 601 4210 nodori
655 4156 815 4210 sicuti
868 4158 929 4211 in
982 4157 1265 4215 Chronico
1325 4177 1493 4215 omne
1547 4160 1938 4234 AEgyptiorum

392 4252 606 4317 tempus
637 4253 793 4299 certo
815 4246 1190 4319 periodorum
1217 4238 1457 4302 numero
1482 4246 1799 4302 absolutum
1825 4266 1938 4303 esse

386 4331 687 4405 putaveris.
725 4331 894 4405 Quod
926 4333 1155 4408 quidem
1190 4353 1262 4390 eo
1310 4334 1609 4408 probabile
1649 4333 1744 4406 fit,
1775 4335 1937 4409 quod

398 4420 683 4493 syncellus
728 4420 961 4475 tradidit
1004 4422 1061 4474 in
1109 4420 1356 4476 Sothidis
1395 4421 1541 4476 libro
1587 4419 1659 4476 de
1699 4421 1784 4476 his
1818 4424 1939 4478 Ma-

391 4505 649 4561 nethonis
700 4504 964 4581 dynastiis
1024 4524 1339 4562 sermonem
1391 4507 1571 4566 fuisse.
1656 4505 1941 4578 Ejusmodi

390 4772 397 4779 ¹
451 4708 513 4773 (⁹)
549 4713 601 4760 tn
635 4710 989 4760 introductione
1010 4722 1058 4772 p.
1082 4716 1171 4759 516
1202 4710 1470 4772 suspicatus
1496 4722 1604 4759 sum
1632 4723 1782 4760 annos
1822 4717 1944 4761 ³555

392 4780 587 4830 fortune
616 4780 683 4829 ita
716 4779 1023 4843 explicandos
1064 4790 1192 4839 esse,
1230 4781 1287 4828 ut
1320 4778 1458 4837 anni.
1496 4791 1620 4841 quos
1664 4779 1943 4830 Panodorus

390 4864 418 4900 e
437 4863 526 4901 suo
542 4852 771 4912 computo
782 4848 963 4912 iunctis
979 4847 1181 4899 deorum
1207 4849 1257 4898 et
1275 4848 1549 4898 mortalium
1567 4850 1721 4913 regnis
1737 4850 1945 4901 tribuere

392 4921 580 4981 poterat
600 4920 743 4981 (1183
764 4918 829 4981 -ξ-
848 4918 1021 4981 2³72),
1039 4929 1070 4967 a
1086 4917 1305 4980 syncello
1323 4919 1502 4969 confini
1526 4920 1621 4970 sint
1647 4934 1756 4970 cum
1778 4922 1914 4971 annis
1929 4959 1944 4983 ,

392 5001 514 5050 quos
539 4986 761 5038 manetho
785 4986 1089 5038 Panodoreus
1117 4986 1231 5037 solis
1256 4988 1542 5039 mortalibus
1567 4990 1714 5040 dedit.
1742 4991 1834 5043 sed
1857 4992 1943 5041 ite·

394 5070 504 5107 rum
541 5070 594 5107 re
624 5069 880 5120 perpensa,
920 5069 978 5108 ea
1010 5068 1124 5121 qua
1150 5069 1279 5109 nunc
1301 5069 1456 5122 pono,
1487 5059 1815 5111 verisimiliora
1846 5074 1946 5112 esse

396 5127 513 5176 mihi
539 5127 775 5176 videntur.

3464 388 3573 441 58⁷

2025 509 2211 555 tamen
2240 502 2455 575 aliquid
2483 521 2553 558 ex
2580 505 2737 559 annis
2765 505 2877 560 istis
2907 503 3055 562 3555
3082 510 3200 562 erui
3230 510 3387 565 nullo
3409 524 3578 585 pacto

2029 597 2228 661 potest.
2312 591 2498 661 Quare
2524 591 2567 644 si
2594 590 2734 663 quid
2758 593 3048 664 Syncellus
3071 598 3304 666 erravit,
3329 602 3583 673 suspicor

2026 692 2134 748 pro
2175 673 2326 731 3555
2375 676 2772 732 Manethonem
2814 679 2979 734 istum
3023 692 3366 755 computasse
3405 704 3583 742 annos

2032 758 2183 830 3755
2212 756 2311 837 (Ἴ,
2348 762 2445 835 qui
2469 763 2816 836 pertinerent
2842 764 2913 819 ab
2938 783 3027 822 an.
3055 768 3206 832 4106
3234 787 3285 825 a.
3317 772 3377 827 C.
3404 791 3581 847 usque

2028 845 2101 903 ad
2127 846 2198 904 35
2211 867 2234 903 1
2255 891 2271 919 ,
2291 850 2389 922 qui
2426 858 2507 905 est
2534 850 3011 924 quintusdecimus
3027 864 3156 911 ante
3182 856 3402 913 initium
3421 864 3578 934 regni

2028 935 2351 995 Alexandri.
2444 936 2534 993 Ab
2573 954 2722 992 anno
2766 936 2918 1001 4106
2963 957 3139 1013 usque
3180 940 3253 996 ad
3299 944 3582 1001 excidium

2028 1021 2209 1095 Trojae
2251 1021 2465 1100 (1184)
2488 1023 2678 1080 forent
2711 1041 2804 1080 an.
2847 1041 2998 1100 2922
3038 1028 3152 1083 sive
3188 1027 3312 1085 duae
3332 1030 3578 1104 periodi.

2031 1111 2176 1166 Hinc
2201 1129 2379 1185 usque
2406 1111 2478 1168 ad
2506 1110 2676 1167 finem
2703 1111 2971 1169 labuntur
2998 1131 3091 1173 an.
3126 1114 3262 1174 833.
3294 1116 3511 1189 Quibus
3538 1122 3581 1175 si

2029 1197 2314 1255 addideris
2336 1210 2467 1255 octo
2494 1199 2872 1256 semideorum
2910 1219 3087 1259 annos
3116 1203 3230 1274 758
3261 1215 3318 1260 et
3344 1205 3582 1262 deorum

2029 1302 2204 1342 annos
2238 1284 2424 1361 13019
2459 1284 2479 1363 (
2507 1307 2529 1342 1
2547 1285 2928 1362 1985-1034
2947 1289 2997 1364 ),
3024 1301 3166 1364 quot
3189 1292 3585 1349 Manethonem

2032 1371 2313 1429 Panodori
2337 1385 2659 1448 supputasse
2681 1393 2850 1450 supra
2867 1378 3187 1451 posuimus,
3213 1397 3426 1435 summa
3452 1399 3584 1436 con·

2028 1455 2197 1515 flatur
2219 1477 2499 1516 annorum
2543 1461 2728 1528 14610
2753 1463 2868 1519 sive
2908 1481 2975 1520 10
2998 1463 3368 1538 periodorum
3396 1485 3412 1522 ε
3438 1467 3583 1523 adeo

2028 1556 2092 1601 ut
2116 1564 2286 1602 omne
2309 1549 2630 1604 mortalium
2655 1551 3171 1627 immortaliumque
3202 1564 3421 1629 tempus
3445 1556 3586 1612 duo-

2028 1635 2209 1690 decim
2235 1639 2403 1709 cyclis
2423 1638 2696 1694 Sothiacis
2719 1639 2791 1694 sit
2817 1640 3303 1714 comprehensum.

2031 1941 2624 2010 MANETHONIS
2653 1942 3126 2011 DYNASTIAE
3155 1945 3585 2015 AEGYPTIAE

2288 2107 2442 2168 SEC.
2493 2106 2891 2166 EXCERPTA
2938 2106 3321 2169 BARBARA.

2111 2258 2159 2313 1.
2205 2257 2430 2311 Mineus
2443 2268 2512 2311 -et
2519 2267 2844 2331 pronepotes
2869 2260 3042 2331 Ipsius
3064 2269 3271 2332 septem
3285 2274 3589 2335 regnarunt

2031 2363 2209 2400 annos
2235 2345 2505 2402 CCLIII.

2111 2434 2186 2492 II.
2223 2434 2610 2506 Regnaverant
2645 2441 2704 2488 et
2725 2432 2966 2489 aliorum
3009 2443 3130 2489 octo
3167 2451 3302 2489 ann.
3347 2433 3581 2492 CCCII.

2109 2520 2213 2577 III.
2240 2517 2665 2576 Nechemcheus
2680 2530 2739 2574 et
2753 2521 2987 2575 aliorum
3007 2532 3128 2577 octo
3144 2539 3279 2577 ann.
3313 2520 3504 2579 CCXI
3514 2525 3581 2578 V.

2111 2608 2209 2666 IV.
2226 2607 2734 2665 Se’mtIe'teraIe‘orum
2743 2608 3128 2680 septemdecim
3139 2626 3314 2663 annos
3327 2608 3588 2665 CCXIV.

2110 2696 2177 2749 V.
2199 2695 2709 2751 Similiteratiorum
2721 2698 2929 2770 vt'gt’nti
2937 2713 3074 2749 unus
3082 2714 3258 2750 annos
3268 2695 3587 2753 CCLVIII.

2109 2781 2202 2837 VI.
2233 2780 2403 2837 Othot‘
2430 2778 2682 2856 (Ὀθόης)
2714 2792 2770 2835 et
2789 2781 3021 2836 altorum
3058 2799 3235 2837 annos
3261 2782 3482 2838 CCIII.

2109 2869 2265 2928 vm.
2292 2868 2565 2924 SimiIt’ter
2596 2880 2655 2924 et
2687 2869 2924 2925 aliorum
2967 2871 3378 2943 quatuordece'm
3416 2889 3591 2926 annos

2111 3047 2220 3105 IX.
2267 3045 2541 3103 Similiter
2590 3055 2648 3101 et
2692 3046 2931 3102 altorum
2973 3049 3180 3117 viginti
3222 3044 3591 3123 (undeviginti

2032 3132 2186 3201 Afr.)
2216 3151 2394 3191 annos
2426 3128 2736 3190 CCCCIX.

2112 3222 2187 3281 X.
2232 3222 2509 3279 St'mt‘liter
2525 3232 2583 3276 et
2606 3221 2843 3278 aliorum
2868 3230 3078 3302 septem
3104 3238 3284 3278 annos
3311 3220 3517 3277 CCIV.

2108 3312 2212 3366 XI.
2246 3311 2497 3366 Potestas
2525 3309 3034 3382 Diospolitanorum
3077 3326 3255 3365 annos
3285 3310 3399 3367 IX.

2114 3395 2198 3474 [E
2217 3397 2365 3452 libro
2384 3394 2632 3451 secundo
2651 3413 2665 3449 ε
2687 3391 2714 3472 ]
2739 3393 2924 3469 (XIII)
2960 3394 3096 3450 XII.
3127 3394 3383 3451 Potestas
3406 3393 3594 3451 Buba·
3680 3444 3697 3462 ,

2028 3495 2309 3539 stanorum
2345 3500 2522 3538 annos
2557 3481 2777 3538 CLIII.

2118 3568 2138 3644 (
2171 3570 2326 3627 XIV.
2374 3569 2393 3644 )
2449 3570 2618 3626 XIII.
2693 3568 2947 3624 Potestas
3019 3566 3331 3622 Tanitonem
3419 3586 3595 3625 annos

2034 3657 2418 3716 CLXXXIV.

2116 3742 2279 3818 (XV.
2311 3738 2329 3821 )
2384 3744 2544 3802 XIV.
2616 3743 2868 3799 Potestas
2931 3740 3349 3798 Sebennt'torum
3419 3761 3595 3798 annos

2033 3830 2289 3888 CCXXI
2290 3832 2357 3888 V.

2114 3916 2132 3993 (
2156 3919 2310 3975 XVI.
2347 3914 2368 3994 )
2437 3918 2559 3974 XV.
2627 3917 2879 3973 Potestas
2924 3915 3359 3991 Mentpht’tomm
3420 3934 3595 3971 annos

2034 4005 2415 4064 CCCXVIII.

2110 4090 2337 4169 (XVII.)
2366 4093 2520 4149 XVI.
2552 4094 2805 4148 Potestas
2845 4093 3243 4167 Iliopole‘torum
3288 4090 3364 4165 (i.
3396 4108 3448 4146 e.
3481 4092 3594 4145 He·

2032 4178 2203 4257 liop.)
2245 4198 2421 4237 annos
2459 4180 2724 4239 CCXXI.
3647 4200 3654 4207 ·

2111 4266 2379 4346 (XVIII.)
2429 4268 2608 4324 XVII.
2652 4268 2904 4323 Potestas
2945 4267 3399 4341 Ermupolitorum
3428 4284 3598 4320 annos

2033 4354 2259 4413 CCLX-

2117 4444 2301 4517 Usque
2328 4442 2411 4497 ad
2425 4447 2723 4517 septimam
2750 4441 3024 4498 decimam
3045 4452 3376 4516 potestatem
3396 4458 3594 4495 secun-

2032 4532 2163 4587 dum
2189 4530 2444 4586 scribitur
2476 4541 2645 4586 totum
2689 4525 2903 4609 (γράφει
2929 4526 3159 4605 τόμον),
3195 4541 3256 4583 ut
3274 4530 3456 4597 docet,
3493 4545 3592 4582 nu-

2033 4636 2240 4674 merum
2267 4615 2557 4674 habentem
2578 4634 2751 4673 annos
2768 4618 2925 4674 mille
2950 4622 3273 4694 qm‘ngentos
3293 4617 3362 4673 X
3354 4617 3421 4672 X
3416 4660 3429 4672 .
3453 4618 3596 4671 Haec

2033 4718 2162 4762 sunt
2176 4717 2476 4781 potestates
2499 4708 2903 4780 EgyptIor-um.

2111 4797 2261 4867 Dyn.
2285 4795 2650 4851 XIII-XVIII
2665 4810 2841 4849 annos
2853 4793 3141 4849 continent
3165 4790 3231 4849 13
3245 4810 3335 4851 xo.
3357 4788 3414 4851 Si
3437 4790 3597 4848 addis

2036 4882 2172 4956 dyn.
2202 4883 2349 4939 XIX
2376 4900 2553 4939 annos
2580 4900 2724 4956 209,
2750 4899 2965 4939 summa
2988 4892 3069 4938 est
3092 4897 3372 4938 annornm
3415 4878 3589 4957 1519.

2036 4969 2246 5029 Omissa
2275 4981 2461 5027 tamen
2487 4971 2655 5027 etiam
2696 4968 2833 5046 dyn.
2863 4970 3000 5033 xn.

2098 5130 2161 5194 (Ἴ
2195 5129 2354 5182 Facile
2379 5128 2607 5181 confundi
2626 5130 2846 5195 poteram
2869 5129 3023 5181 literoe
3040 5131 3089 5181 «t»
3112 5129 3254 5193 (500)
3283 5130 3331 5180 ei
3357 5129 3414 5180 Ψ
3438 5126 3572 5193 (700)
