4016 5916
1559 331 1656 390 DE
1698 331 1935 392 REBUS
1976 332 2340 393 PUBLIClS.

350 458 424 516 ad
444 460 711 516 Nostrum
729 469 1021 533 provocat.
1052 460 1184 532 Quae
1210 478 1298 516 res
1320 463 1669 516 Deswertum
1691 463 1902 535 movit,

346 557 412 602 ut
442 543 798 601 Heraclidem
820 556 1025 619 praeter
1045 564 1188 619 opus
1209 545 1340 623 Περὶ
1367 544 1492 622 βίων
1523 549 1635 603 sive
1669 550 1748 603 Dc
1770 554 1902 603 vita·

347 652 467 688 rum
486 633 810 705 genet-Ibus,
830 632 987 705 quod
1004 634 1149 688 inter
1160 634 1388 707 physica
1406 637 1610 709 scripta
1628 638 1906 711 Diogenes

347 729 632 789 recenset,
665 721 831 774 etiam
865 720 1025 773 Vitas
1052 721 1324 776 clarorum
1367 727 1601 777 virorum
1629 724 1906 796 scripsisse

349 817 573 863 statuat.
601 806 770 879 Quod
791 818 855 861 ut
872 808 1070 880 nequit
1094 811 1419 882 pernegari,
1450 812 1527 866 sic
1549 811 1687 865 nihil
1707 823 1786 867 est
1805 829 1907 866 cur

349 892 495 949 hanc
534 896 865 949 sententiam
908 895 1333 968 amplectamur.
1373 896 1517 951 Nam
1558 908 1906 971 quantopere

350 983 553 1054 scripta
569 981 880 1037 Heraclidae
893 1023 910 1052 ,
933 1001 997 1037 ea
1011 984 1249 1038 maxime
1265 1001 1389 1056 quae
1407 984 1480 1039 ad
1502 987 1772 1040 moralem
1787 986 1909 1059 phi·

351 1069 665 1143 losophiam
679 1079 945 1144 spectant,
968 1070 1136 1125 rebus
1155 1070 1432 1126 historicis
1458 1072 1663 1128 referta
1680 1073 1906 1143 fuerint,

352 1150 783 1213 luculentissima
804 1157 1013 1213 docent
1032 1159 1304 1231 exempla.
1334 1160 1459 1233 Ipse
1487 1161 1817 1215 Plutarchus
1848 1162 1907 1215 in

351 1245 479 1301 Vita
504 1244 719 1301 Camilli
745 1244 816 1300 de
842 1247 1023 1301 Roma
1053 1265 1085 1302 a
1102 1247 1274 1303 Gallis
1298 1257 1458 1320 capta
1476 1248 1831 1304 Heraclidem
1853 1249 1905 1305 ἐν

351 1331 426 1409 τῷ
454 1328 585 1409 Περὶ
617 1332 786 1409 ψυχῆς
813 1334 1016 1388 excitat
1043 1332 1143 1409 (1).
1172 1334 1297 1390 Alia
1319 1333 1389 1390 de
1416 1335 1539 1391 fatis
1559 1337 1905 1410 populorum

353 1417 538 1493 deque
564 1421 677 1473 vita
700 1422 956 1475 virorum
980 1422 1277 1476 illustrium
1301 1418 1485 1495 (inter
1512 1442 1720 1496 eosque
1739 1426 1907 1479 etiam

352 1502 612 1583 Periclis)
643 1519 942 1563 narrantur
983 1526 1051 1563 ex
1077 1509 1233 1564 libris
1265 1506 1395 1584 Περὶ
1433 1508 1754 1580 δικαιοσύνης
1796 1508 1869 1589 (2)
1888 1553 1904 1580 ,

353 1632 573 1696 πείγοντα
595 1640 688 1684 τῶν
707 1635 854 1699 ἔργων
881 1637 1299 1699 προσκομιζόμενον
1319 1637 1630 1701 ὀνομασθῆναι
1652 1639 1904 1703 Περιφόρη·

352 1718 448 1752 τον.
489 1707 641 1754 Τοῦτο
681 1705 763 1767 μὲν
800 1705 881 1756 οὖν
921 1707 1227 1770 Ἡρακλείδης
1263 1710 1291 1758 6
1331 1710 1556 1765 Ποντικὸς
1595 1710 1773 1774 ἐλέγχει
1809 1718 1905 1768 τοῖς

351 1772 661 1838 Ἀνακρέοντος
681 1775 966 1838 ποιήμασιν,
995 1775 1041 1823 ἐν
1068 1775 1137 1832 οῐς
1161 1778 1187 1826 6
1222 1778 1528 1843 Περιφόρητος
1549 1778 1774 1843 Ἀρτέμων
1797 1779 1903 1829 ὀνο·

355 1842 547 1905 μάζεται
570 1845 761 1901 πολλαῖς
779 1845 1032 1909 ἔμπροσθεν
1053 1846 1252 1905 ἡλικίαις
1281 1852 1365 1896 τοῦ
1385 1849 1487 1909 περὶ
1519 1848 1677 1912 Σάμον
1698 1850 1904 1911 πολέμου

353 1913 433 1961 καὶ
456 1918 549 1963 τῶν
568 1914 852 1977 πραγμάτων
872 1916 1077 1965 ἐκείνων.
1102 1919 1195 1967 Τὸν
1213 1918 1254 1966 δ’
1283 1917 1541 1981 Ἀρτέμωνά
1562 1935 1669 1982 φησι
1690 1920 1904 1983 τρυφερόν

352 1990 455 2022 τινα
478 1981 542 2039 τῷ
571 1977 660 2038 βίῳ
694 1978 774 2025 καὶ
797 1978 909 2040 πρὸς
930 1978 1036 2034 τοὺς
1059 1978 1224 2042 φόδους
1253 1980 1461 2041 μαλακὸν
1497 1980 1610 2029 ὄντα
1649 1984 1728 2031 καὶ
1757 1998 1903 2030 κατα-

354 2044 512 2108 πλῆγα
536 2046 596 2094 τὰ
618 2046 770 2095 πολλὰ
794 2046 875 2111 μὲν
901 2047 1019 2096 οἶκοι
1040 2049 1309 2105 καθέζεσθαι
1328 2050 1504 2114 χαλκῆν
1527 2049 1703 2099 ἀσπίδα
1730 2056 1808 2110 τῆς
1826 2068 1904 2101 κε-

355 2115 497 2174 φαλῆς
515 2115 656 2164 αὐτοῦ
673 2116 793 2165 δυεῖν
812 2117 1004 2167 οἰκετῶν
1026 2119 1342 2182 ὑπερεχόντων
1354 2156 1368 2178 ,
1390 2122 1512 2170 ὥστε
1531 2121 1670 2184 μηδὲν
1689 2121 1903 2184 ἐμπεσεῖν

355 2188 448 2233 τῶν
471 2186 670 2235 ἀνωθεν·
692 2186 733 2235 εί
756 2186 806 2235 δὲ
837 2187 1047 2251 βιασθείη
1071 2192 1304 2252 προελθεῖν
1320 2227 1334 2251 ,
1356 2191 1403 2239 ἐν
1427 2192 1629 2254 κλινιδίῳ
1657 2197 1905 2255 κρεμαστῷ

354 2256 484 2319 παρὰ
513 2258 596 2314 τήν
625 2262 711 2318 γῆν
746 2257 884 2316 αὐτὴν
906 2260 1254 2323 περιφερόμενον
1275 2262 1541 2323 κομίζεσθαι
1560 2263 1640 2309 καὶ
1664 2262 1739 2311 διὰ
1769 2267 1904 2311 τοῦτο

357 2326 578 2383 κληθῆναι
612 2326 933 2390 Περιφόρητον.

419 2393 553 2445 idem
570 2393 637 2444 ib.
658 2406 703 2445 σ.
726 2401 811 2458 35,
831 2402 859 2445 ο
888 2415 901 2447 :
930 2396 1131 2447 Pericles
1152 2410 1266 2447 curn
1289 2398 1438 2449 classe
1457 2399 1503 2449 ln
1527 2400 1905 2461 Peloponnesum

357 2463 533 2515 missus
562 2477 712 2527 quum
743 2465 869 2514 male
886 2478 960 2515 res
981 2468 1224 2529 gessisset,
1266 2472 1518 2519 accusatus
1540 2472 1611 2519 est
1630 2473 1678 2518 et
1704 2470 1906 2532 pecunia

355 2534 616 2585 mulctatus
636 2554 648 2583 ι
668 2534 895 2597 ἐπεγράφη
910 2537 958 2584 δὲ
974 2542 1031 2599 τῇ
1050 2537 1155 2599 δίκη
1174 2539 1454 2602 κατήγορος,
1474 2543 1536 2597 ὡς
1556 2542 1635 2601 μὲν
1660 2540 1905 2603 Ἰδομενεὺς

356 2603 511 2666 λέγει,
544 2606 731 2653 Κλέων·
757 2608 818 2661 ὡς
853 2606 902 2653 δὲ
939 2607 1256 2669 Θεόφραστος,
1294 2610 1515 2671 Σιμμίας·
1551 2611 1577 2656 ό
1608 2611 1655 2658 δὲ
1686 2611 1905 2666 Ποντικὸς

356 2672 655 2738 Ἡρακλείδης
674 2676 967 2738 Λακρατίδαν
986 2678 1154 2738 είρηκε.

419 2744 486 2808 (t)
522 2744 764 2794 Plutarch.
805 2745 995 2795 Camill.
1036 2752 1121 2809 22,
1161 2752 1188 2795 2
1224 2745 1285 2796 de
1318 2751 1468 2797 Roma
1519 2749 1651 2798 urbe·
1685 2763 1714 2798 a
1759 2749 1907 2799 Gallis

358 2815 497 2877 mpla
537 2833 550 2863 ι
584 2816 681 2863 Τοῦ
705 2814 858 2872 μέντοι
889 2816 1061 2872 πάθους
1098 2818 1240 2866 αὐτοῦ
1275 2820 1355 2866 καὶ
1385 2824 1465 2876 τῆς
1502 2821 1721 2876 ἁλώσεως
1758 2821 1905 2868 ἔοικεν

358 2882 535 2947 ἀμυδρά
556 2901 623 2940 τις
637 2885 772 2940 εὐθὺς
792 2886 856 2941 εἰς
879 2886 962 2943 τήν
989 2887 1189 2935 Ἑλλάδα
1220 2888 1349 2950 φήμη
1372 2888 1575 2937 διελθεῖν.
1610 2889 1907 2952 Ἡρακλείδης

354 2954 446 3019 γὰρ
480 2956 508 3003 6
539 2954 763 3012 Ποντικὸς
791 2955 846 3005 οὗ
868 2957 985 3005 πολὺ
1003 2963 1095 3006 τῶν
1127 2958 1304 3021 χρόνων
1327 2958 1515 3008 ἐκείνων
1546 2960 1906 3023 ἀπολειπόμενος

357 3025 406 3074 ἐν
423 3030 489 3090 τῷ
512 3026 648 3089 Περὶ
672 3027 857 3089 ψυχῆς
880 3027 1204 3090 συγγράμματί
1239 3045 1375 3092 φησιν
1397 3029 1491 3078 ἀπὸ
1511 3035 1592 3089 τῆς
1619 3032 1813 3094 ἑσπέρας
1836 3031 1907 3078 λό·

356 3111 438 3154 γον
460 3100 739 3158 κατασχεῖν,
763 3099 826 3152 ὡς
846 3100 1038 3158 στρατὸς
1061 3098 1108 3154 ἐξ
1125 3099 1437 3162 ’,Υπερῧορέων
1459 3101 1604 3149 ἐλθὼν
1625 3101 1785 3158 ἔξωθεν
1803 3102 1908 3164 ᾑρή-

356 3181 434 3215 κοι
464 3165 596 3215 πόλιν
622 3165 864 3224 Ἑλληνίδα
886 3167 1070 3229 Ῥώμην
1102 3167 1199 3216 ἐκεῖ
1222 3185 1315 3217 που
1337 3171 1674 3233 κατῳκημένην
1697 3172 1800 3233 περὶ
1822 3172 1904 3228 τήν

359 3235 561 3298 μεγάλην
585 3234 835 3284 θάλασσαν.
862 3236 963 3284 Οὐκ
985 3238 1041 3285 άν
1062 3235 1143 3285 οὗν
1178 3238 1468 3300 θαυμάσαιμι
1488 3241 1677 3299 μυθώδη
1696 3242 1774 3288 καί
1794 3241 1908 3289 πλα-

358 3306 563 3368 σματίαν
594 3305 705 3354 ὄντα
720 3306 798 3354 τὸν
815 3306 1116 3369 Ἡρακλείδην
1135 3307 1294 3365 ἀληθεῖ
1321 3309 1446 3372 λόγῳ
1467 3315 1535 3373 τῷ
1557 3313 1659 3373 περὶ
1681 3316 1760 3368 τῆς
1784 3311 1908 3358 ἁλώ-

357 3391 477 3431 σεως
497 3375 815 3428 ἐπικομπάσαι
832 3376 941 3430 τοὺς
971 3377 1294 3442 Ὑπερὸορέους
1312 3380 1393 3427 καὶ
1423 3381 1506 3438 τήν
1530 3380 1730 3442 μεγάλην
1749 3381 1907 3429 θάλατ·

356 3459 459 3493 ταν.
484 3443 558 3493 cs.
586 3445 686 3494 Cic.
719 3447 788 3493 De
813 3446 911 3493 nat.
944 3444 1080 3495 deor.
1117 3448 1169 3508 1,
1211 3452 1266 3495 13
1295 3459 1307 3494 :
1346 3451 1431 3497 Ex
1468 3448 1647 3498 eadem
1677 3450 1909 3498 Platonis

357 3514 535 3564 schola
562 3516 803 3564 Ponticus
828 3514 1131 3565 Heraclides
1148 3516 1435 3578 puerilibus
1452 3518 1664 3579 sabulis
1698 3518 1909 3582 refersit

362 3583 541 3632 libros.
652 3617 663 3630 .

420 3656 497 3702 Ex
512 3651 637 3702 libro
655 3652 716 3703 de
736 3656 945 3704 Homero
965 3654 1252 3705 Plutarchus
1274 3657 1463 3718 petiisse
1493 3657 1685 3707 videtur
1704 3673 1817 3721 qnae
1847 3660 1910 3708 le·

357 3723 537 3784 guntur
558 3722 607 3771 in
628 3724 729 3773 Vit.
757 3723 1013 3773 Alexandri
1036 3736 1079 3773 c.
1104 3730 1162 3775 26
1191 3745 1203 3773 ι
1229 3728 1282 3775 El
1301 3726 1366 3785 δ’,
1390 3727 1502 3790 ὅπερ
1523 3726 1817 3791 Ἀλεξανδρεῖς
1835 3729 1909 3776 λε’-

357 3807 543 3855 γουσιν,
564 3793 841 3856 Ἡρακλείδῃ
876 3794 1167 3850 πιστεύοντες
1181 3831 1197 3855 ,
1226 3795 1388 3854 ἀληθές
1430 3797 1582 3858 ἐστιν,
1618 3798 1786 3846 οὔκουν
1821 3799 1910 3847 οὐκ

357 3863 520 3927 ἀργός,
558 3864 654 3914 οὐδ’
679 3863 944 3927 ἀσύμδολος
983 3867 1111 3928 αὐτῷ
1152 3866 1474 3929 συστρατεύειν
1511 3868 1657 3916 ἔοικεν
1682 3869 1906 3931 Ὄμηρος.

357 3935 560 3995 Λέγουσι
586 3935 696 3997 γὰρ,
729 3934 800 3982 ότι
814 3969 831 3995 ,
853 3940 936 3993 τῆς
971 3934 1207 3997 Αἰγύπτου
1242 3936 1502 3999 κρατήσας,
1534 3937 1745 3986 ἑδούλετο
1780 3937 1909 3986 πόλιν

358 4003 558 4066 μεγάλην
579 4005 659 4053 καί
690 4003 1047 4068 πολυάνθρωπον
1065 4006 1309 4064 Ἑλληνίδα
1341 4007 1637 4066 συνοικίσας,
1669 4007 1910 4070 ἐπώνυμον

358 4075 525 4123 ἑαυτοῦ
543 4075 815 4123 καταλιπεῖν
828 4091 840 4103 ·
870 4074 953 4124 καί
969 4091 1073 4124 τινα
1093 4076 1236 4126 τόπον
1265 4078 1429 4140 γνώμῃ
1447 4082 1543 4126 τῶν
1578 4077 1911 4139 ἀρχιτεκτόνων

355 4143 470 4192 ὅσον
488 4145 671 4194 οὐδέπω
690 4145 965 4209 διεμετρεῖτο
982 4146 1062 4194 καὶ
1080 4147 1383 4208 περιέὸαλλεν.
1404 4148 1522 4197 Εἶτα
1542 4147 1720 4212 νύκτωρ
1737 4149 1912 4212 κοιμώ-

358 4227 517 4276 μενος,
541 4213 651 4277 ὄψιν
673 4215 765 4264 εἶδε
785 4216 1055 4278 θαυμαστήν
1068 4228 1082 4242 ·
1103 4217 1217 4281 ἀνὴρ
1233 4218 1392 4273 πολιὸς
1410 4216 1460 4266 εὖ
1489 4217 1612 4281 μάλα
1632 4219 1715 4276 τήν
1730 4218 1879 4282 κόμην
1896 4254 1911 4279 ,

356 4283 438 4332 καὶ
449 4285 636 4348 γεραρὸς
652 4285 708 4334 τὸ
721 4284 865 4347 εἶδος,
878 4285 1026 4342 ἔδοξεν
1044 4284 1171 4350 αὐτῷ
1185 4290 1423 4352 παραστὰς
1436 4289 1581 4351 λέγειν
1596 4288 1656 4337 τὰ
1671 4289 1758 4347 ἔπη
1773 4289 1881 4338 τάδε
1898 4302 1908 4314 ·

476 4379 634 4437 Νῆσος
653 4377 813 4427 ἔπειτά
829 4395 897 4434 τις
920 4378 1020 4427 ἐστὶ
1035 4380 1344 4444 πολυκλύστῳ
1364 4383 1429 4431 ἐνὶ
1444 4382 1600 4445 πόντῳ
1614 4419 1628 4442 ,

480 4448 718 4502 Αἰγύπτου
741 4447 1020 4512 προπάροιθε
1038 4464 1050 4474 ·
1074 4449 1228 4514 Φάρον
1251 4452 1301 4500 δέ
1319 4454 1342 4501 ἑ
1361 4454 1709 4511 κικλήσκουσιν.

358 4558 504 4614 Εὐθὺς
528 4558 608 4607 οὖν
636 4559 888 4616 ἐξαναστὰς
910 4559 1109 4618 ἐὸάδιζεν
1128 4561 1203 4611 ἐπὶ
1221 4564 1304 4621 τήν
1331 4563 1516 4626 Φάρον,
1543 4565 1573 4620 ἢ
1592 4564 1696 4612 τότε
1731 4564 1812 4626 μὲν
1845 4564 1911 4613 ἔτι

357 4633 497 4685 νῆσος
516 4627 606 4691 ἦν,
624 4633 709 4676 τοῦ
740 4629 1017 4679 Κανωδικοῦ
1044 4633 1205 4696 μικρὸν
1236 4633 1453 4697 ἀνωτέρω
1485 4634 1742 4697 στόματος,
1765 4638 1843 4682 νῦν
1862 4635 1911 4684 δὲ

359 4699 436 4747 διὰ
452 4700 671 4763 χώματος
690 4699 958 4761 ἀνείληπται
979 4702 1093 4765 πρὸς
1110 4704 1193 4761 τήν
1210 4704 1419 4768 ἤπειρον.
1449 4705 1533 4761 Ὦς
1558 4703 1639 4753 οὖν
1661 4703 1752 4752 εἶδε
1770 4703 1912 4753 τόπον

359 4770 523 4833 εὐφυΐα
554 4769 827 4833 διαφέροντα
840 4807 855 4833 ,
889 4771 1073 4832 (ταινία
1103 4774 1193 4837 γάρ
1225 4775 1347 4824 ἐστιν
1384 4777 1537 4837 ἰσθμῷ
1559 4775 1729 4829 πλάτος
1760 4775 1911 4838 ἔχοντι

360 4839 618 4904 σύμμετρον
636 4841 849 4897 ἐπιεικῶς
864 4841 1128 4905 διείργουσα
1144 4844 1305 4906 λίμνην
1320 4861 1372 4894 τε
1392 4846 1562 4903 πολλὴν
1579 4846 1659 4894 καὶ
1674 4845 1911 4894 θάλασσαν

359 4911 407 4958 ἐν
427 4912 571 4972 λιμένι
596 4909 783 4973 μεγάλῳ
804 4912 1090 4962 τελευτῶσαν
1106 4950 1120 4974 ,
1136 4913 1320 4982 λείπων
1345 4918 1408 4970 ὡς
1427 4916 1637 4979 Ὄμηρος
1666 4913 1725 4974 ἦν
1743 4916 1833 4979 ἀρα
1853 4916 1911 4965 τά

358 4980 402 5027 τ’
419 4981 536 5029 ἀλλα
553 4982 817 5043 θαυμαστὸς
829 5017 845 5042 ,
863 4984 943 5031 καὶ
963 4983 1231 5045 σοφώτατος
1255 4984 1536 5047 ἀρχιτέκτων
1550 5022 1564 5046 ,
1585 4987 1794 5034 ἐκέλευσε
1813 4983 1910 5036 δια-

358 5050 530 5112 γράψαι
547 5053 603 5100 τὸ
621 5056 787 5114 σκῆμα
802 5057 882 5111 τῆς
904 5052 1082 5108 πόλεως
1099 5058 1167 5114 τῷ
1184 5054 1316 5115 τόπῳ
1338 5054 1747 5117 συναρμόττοντας·

425 5120 492 5184 (2)
516 5121 776 5174 Athenaeus
793 5125 881 5174 xn
892 5158 909 5185 ,
923 5135 970 5186 p.
997 5129 1104 5188 523,
1126 5127 1161 5174 F
1187 5143 1201 5173 ι
1222 5124 1519 5188 Ἡρακλείδης
1533 5123 1573 5173 δ’
1588 5126 1613 5175 6
1630 5126 1851 5185 Ποντικὸς
1866 5126 1910 5177 ἐν

3431 349 3538 401 199

1996 459 2129 538 Περὶ
2159 460 2343 532 ἡδονῆς
2376 458 2477 540 (1),
2515 460 2648 540 Περὶ
2679 462 2936 540 ἐρωτικῶν
2979 464 3076 539 (2).
3122 470 3203 522 Ac
3246 481 3546 526 consenta-

1993 568 2164 605 neum
2187 562 2267 606 est
2299 550 2500 605 codem
2528 550 2702 605 modo
2742 553 3097 608 historiarum
3134 558 3400 629 exemplis
3426 559 3546 613 col-

1995 714 2189 776 δευτέρῳ
2226 715 2362 776 Περὶ
2401 713 2778 772 δικαιοσύνης
2810 714 2975 775 φησίν·
3000 734 3022 758 ιι
3055 717 3110 765 Ἡ
3145 718 3386 774 Μιλησίων
3418 720 3550 776 πόλις

1994 784 2339 846 περιπέπτωκεν
2363 782 2572 845 ἀτυχίαις
2592 784 2667 831 διὰ
2685 786 2852 846 τρυφήν
2870 785 2973 846 βίου
2993 786 3071 834 καὶ
3091 789 3329 842 πολιτικὰς
3358 788 3520 852 ἔχθρας
3535 804 3547 816 ·

1996 856 2041 900 οἱ
2061 853 2114 901 τὸ
2136 853 2329 908 ἐπιεικὲς
2348 854 2434 901 οὐκ
2454 853 2721 913 ἀγαπῶντες
2735 888 2750 909 ,
2788 854 2842 901 ὲκ
2864 856 2998 917 ῥιζῶν
3019 855 3198 905 ἀνεῖλον
3216 858 3322 913 τοὺς
3341 858 3546 920 ἐχθρούς.

1996 922 2342 978 Στασιαζόντων
2361 923 2449 985 γὰρ
2470 929 2562 972 τῶν
2581 926 2662 978 τὰς
2689 924 2849 979 οὐσίας
2870 924 3070 987 ἐχόντων
3097 928 3176 974 καὶ
3195 932 3287 975 τῶν
3307 928 3546 989 δημοτῶν,

1997 994 2076 1048 οὓς
2102 993 2266 1041 ἐκεῖνοι
2291 996 2505 1057 Γέργιθας
2529 994 2750 1053 ἐκάλουν,
2776 1000 2960 1053 πρῶτον
2986 995 3066 1057 μὲν
3086 999 3324 1059 κρατήσας
3343 999 3369 1046 6
3386 1000 3548 1061 δῆμος,

1997 1063 2075 1110 καὶ
2093 1063 2198 1118 τοὺς
2220 1064 2470 1119 πλουσίους
2496 1065 2732 1123 ἑκὸαλὼν,
2769 1066 2847 1111 καὶ
2878 1065 3154 1127 συναγαγὼν
3191 1067 3249 1114 τὰ
3283 1068 3423 1117 τέκνα
3458 1074 3552 1117 τῶν

1995 1131 2231 1193 φυγόντων
2259 1134 2322 1190 είς
2357 1132 2582 1193 ἁλωνίας,
2622 1135 2729 1196 βοῦς
2760 1135 3096 1196 συναγαγόντες
3127 1138 3438 1196 συνηλοίησαν
3470 1141 3550 1187 καὶ

1994 1204 2377 1265 παρανομωτάτῳ
2396 1203 2581 1265 θανάτῳ
2603 1205 2868 1266 διέφθειραν.
2897 1204 3140 1269 Τοιγάρτοι
3168 1207 3303 1256 πάλιν
3335 1211 3379 1257 οἱ
3413 1209 3552 1257 πλού·

1995 1288 2090 1320 σιοι
2114 1274 2448 1335 κρατήσαντες,
2471 1274 2702 1334 ἅπαντας,
2726 1275 2791 1322 ὧν
2813 1275 2960 1337 κύριοι
2980 1278 3299 1337 κατέστησαν,
3321 1279 3435 1341 μετὰ
3458 1284 3551 1327 τῶν

1996 1344 2167 1392 τέκνων
2188 1345 2555 1393 κατεπίττωσαν.
2585 1344 2677 1394 Ὧν
2714 1346 2974 1406 καιομένων
3010 1350 3147 1409 φασίν
3179 1349 3295 1397 ἄλλα
3326 1364 3376 1397 τε
3403 1350 3552 1399 πολλὰ

1994 1415 2206 1473 γενέσθαι
2226 1415 2422 1478 τέρατα,
2446 1417 2526 1463 καὶ
2548 1415 2702 1464 ἐλαίαν
2722 1416 2845 1478 ἱερὰν
2865 1416 3128 1479 αὐτομάτην
3150 1419 3427 1481 ἀναφθῆναι.
3450 1422 3552 1470 Διό·

1995 1500 2081 1547 περ
2100 1484 2126 1532 ό
2146 1486 2244 1539 θεὸς
2264 1485 2339 1533 ἐπὶ
2365 1486 2508 1534 πολὺν
2530 1485 2694 1548 χρόνον
2714 1485 2975 1543 ἀπήλαυνεν
2995 1488 3163 1543 αὐτοὺς
3187 1494 3270 1537 τοῦ
3304 1491 3520 1551 μαντείου
3534 1528 3550 1553 ,

1996 1556 2078 1602 καὶ
2099 1555 2464 1617 ἐπερωτώντων,
2494 1556 2570 1604 διὰ
2598 1555 2693 1603 τίνα
2710 1557 2861 1603 αἰτίαν
2883 1556 3238 1617 ἀπελαύνονται,
3258 1559 3357 1608 εἶπε
3375 1574 3388 1587 ·

2122 1657 2216 1708 Καί
2246 1675 2325 1721 μοι
2347 1659 2570 1722 Γεργίθων
2596 1675 2646 1707 τε
2664 1658 2797 1722 φόνος
2825 1661 2951 1719 μέλει
2972 1660 3351 1725 ἀπτολεμίστων,

2119 1730 2361 1791 πισσήρων
2379 1745 2430 1777 τε
2454 1729 2614 1793 μόρος,
2638 1731 2716 1778 καὶ
2740 1730 2942 1792 δένδρεον
2960 1731 3058 1779 αἰὲν
3087 1731 3291 1788 ἀθαλλές,
3312 1752 3336 1776 ι»

2056 1833 2187 1882 Idem
2207 1835 2292 1881 Xll
2307 1845 2379 1895 ,p.
2403 1838 2509 1894 521,
2529 1836 2564 1881 Ε
2584 1848 2594 1880 :
2615 1834 2910 1897 Ἡρακλείδης
2925 1834 2966 1883 δ’
2983 1836 3009 1882 6
3031 1837 3251 1893 Ποντικὸς
3274 1837 3319 1886 ἐν
3332 1843 3400 1901 τῷ
3417 1842 3456 1888 Π
3470 1843 3543 1903 ερὶ

1994 1904 2191 1952 δικαιο
2205 1905 2272 1951 σύ
2287 1921 2351 1960 νη
2364 1921 2384 1959 ς
2402 1904 2514 1965 φησί
2529 1916 2542 1929 ·
2562 1924 2586 1945 ιι
2610 1906 2860 1967 Συὸαρῖται
2877 1941 2891 1965 ,
2908 1907 2992 1964 τήν
3009 1906 3186 1965 Τήλυος
3203 1910 3444 1970 τυραννίδα
3461 1928 3550 1959 κα·

1994 1973 2276 2029 ταλύσαντες
2295 2009 2310 2034 ,
2337 1974 2444 2028 τοὺς
2478 1974 2798 2035 μετασχόντας
2829 1979 2922 2023 τῶν
2949 1975 3234 2039 πραγμάτων
3267 1978 3552 2041 ἀναιροῦντες

1995 2043 2076 2090 καὶ
2099 2043 2361 2106 φονεύοντες
2380 2043 2455 2090 ἐπὶ
2470 2046 2562 2089 τῶν
2580 2045 2752 2105 βωμῶν
2773 2044 3058 2101 ἀπήντησαν.
3081 2047 3172 2093 Καὶ
3196 2046 3272 2094 ἰπὶ
3291 2053 3385 2103 τοῖς
3401 2049 3552 2109 φόνοις

1994 2112 2175 2167 τούτοις
2213 2111 2484 2175 ἀπεστράφη
2518 2112 2599 2175 μὲν
2626 2114 2680 2161 τὸ
2714 2118 2794 2171 τῆς
2812 2114 2959 2176 ’Ἤρας
2993 2115 3209 2177 ἄγαλμα,
3234 2118 3286 2165 τὸ
3316 2118 3364 2166 δὲ
3388 2118 3551 2179 ἐδαρος

1995 2182 2136 2240 ἀνῆκε
2167 2184 2320 2244 πηγήν
2357 2182 2572 2244 αἳματος,
2610 2183 2734 2231 ὥστε
2771 2185 2850 2232 τὸν
2899 2184 3118 2245 σύνεγγυς
3174 2186 3358 2235 ἅπαντα
3409 2189 3551 2236 τόπον

1998 2253 2373 2316 κατεχάλκωσαν
2413 2252 2591 2316 θυρίσι,
2616 2254 2886 2315 βουλόμενοι
2918 2261 3089 2313 στῆσαι
3120 2257 3203 2312 τήν
3236 2261 3319 2305 τοῦ
3359 2258 3552 2319 αἵματος

2000 2322 2248 2385 ἀναφοράν.
2274 2321 2444 2386 Διόπερ
2465 2322 2716 2371 ἀνάστατοι
2742 2324 2952 2383 ἐγένοντο
2974 2325 3053 2371 καὶ
3077 2324 3382 2389 διεφθάρησαν
3402 2328 3550 2375 ἅπαν-

1994 2409 2094 2455 τες,
2123 2397 2167 2442 οἱ
2201 2396 2281 2442 καὶ
2317 2395 2396 2442 τὸν
2430 2399 2524 2442 τῶν
2543 2393 2811 2455 Ὀλυμπίων
2840 2394 2919 2443 τόν
2941 2395 3062 2442 πάνυ
3087 2395 3247 2456 ἀγῶνα
3274 2397 3550 2460 ἀμαυρῶσαι

1995 2463 2301 2521 ἐθελήσαντες.
2331 2463 2447 2512 Καθ’
2469 2464 2519 2512 ὃν
2535 2464 2622 2526 γὰρ
2640 2464 2800 2524 ἄγεται
2819 2465 2976 2528 καιρὸν
2997 2465 3352 2527 ἐπιτηρήσαντες
3367 2503 3381 2527 ,
3398 2468 3550 2516 ἄθλων

1994 2533 2222 2597 ὓπερὸολῇ
2244 2537 2307 2589 ὡς
2322 2533 2488 2590 αὐτοὺς
2507 2535 2661 2583 καλεῖν
2686 2535 2948 2598 ἐπεχείρουν
2970 2535 3075 2590 τοὺς
3099 2535 3310 2592 ἀθλητάς.
3338 2556 3363 2580 n

2059 2604 2129 2666 (t)
2163 2604 2418 2653 Athenaeus
2446 2605 2563 2663 Xll,
2584 2616 2633 2666 p.
2659 2610 2775 2666 536,
2797 2606 2832 2653 F
2859 2623 2872 2650 ι
2911 2603 3023 2666 Περὶ
3046 2604 3093 2652 δὲ
3121 2606 3320 2653 Καλλίου
3355 2606 3434 2654 καὶ
3459 2612 3549 2655 τῶν

1994 2673 2163 2721 τούτου
2182 2673 2396 2722 κολάκων
2410 2674 2634 2737 φθάνομεν
2650 2674 2963 2736 καὶπρότερον
2978 2672 3198 2730 εἰπόντες·
3215 2675 3312 2724 ἀλλ’
3330 2677 3430 2724 ἐπεὶ
3450 2693 3551 2725 και·

1995 2748 2085 2799 νῶς
2102 2742 2398 2806 Ἡρακλείδης
2411 2744 2439 2792 ό
2465 2744 2687 2799 Ποντικὸς
2709 2744 2756 2792 ἐν
2773 2749 2843 2806 τῷ
2864 2746 2907 2792 Π
2919 2759 2939 2791 ε
2951 2745 3000 2806 ρὶ
3022 2746 3052 2802 ἡ
3066 2745 3128 2792 δο
3140 2750 3205 2803 νῆ
3217 2762 3237 2800 ς
3257 2748 3435 2808 ίστορεΐ
3451 2751 3550 2809 περὶ

1997 2815 2167 2875 αὐτοῦ,
2196 2815 2369 2863 ἀνωθεν
2394 2815 2636 2863 ἀναλαόὼν
2660 2815 2963 2876 διηγήσομαι.
3030 2833 3054 2856 «t
3081 2814 3196 2863 Ὅτε
3219 2815 3272 2864 τὸ
3289 2821 3471 2877 πρῶτον
3490 2819 3553 2873 είς

1998 2884 2198 2933 Εύὸοιαν
2229 2883 2536 2947 ἐστράτευσαν
2569 2886 2613 2932 οἱ
2648 2885 2853 2946 Πέρσαι,
2875 2883 3008 2943 τότε,
3037 2885 3100 2939 ὥς
3129 2900 3285 2946 φασιν,
3306 2885 3553 2947 Ἐρετριεὺς

1996 2954 2108 3019 ἀνήρ
2129 2955 2412 3018 Διόμνηστος
2432 2954 2585 3018 κύριος
2599 2954 2782 3017 ἐγένετο
2799 2962 2892 3003 τῶν
2906 2961 2989 3004 τοῦ
3005 2960 3265 3018 στρατηγοῦ
3283 2955 3551 3020 χρημάτων.

1994 3027 2168 3087 Ἔτυχε
2189 3027 2277 3088 γάρ
2301 3026 2347 3074 ἐν
2370 3030 2439 3088 τῷ
2471 3027 2599 3089 ἀγρῷ
2625 3030 2693 3088 τῷ
2716 3025 2892 3073 ἐκείνου
2917 3030 3118 3085 σκηνῶν,
3151 3027 3229 3073 καὶ
3256 3027 3316 3073 τὰ
3339 3027 3554 3088 χρήματα

1996 3097 2059 3151 είς
2083 3096 2261 3157 οίκημά
2286 3112 2329 3144 τι
2362 3097 2546 3157 θέμενος
2568 3102 2648 3155 τῆς
2681 3095 2848 3152 οἰκίας.
2875 3095 3259 3152 Τελευτ-ησάντων
3277 3097 3326 3145 δὲ
3349 3096 3551 3157 πάντων,

1995 3167 2196 3214 διελαθεν
2210 3165 2331 3228 ἔχων
2351 3167 2377 3213 ὁ
2395 3166 2683 3228 Διόμνηστος
2702 3167 2755 3214 τὸ
2769 3165 2977 3228 χρυσίον.
3044 3164 3177 3214 Ἐπεὶ
3195 3166 3244 3213 δὲ
3263 3166 3398 3214 πάλιν
3417 3167 3443 3214 6
3462 3172 3552 3215 τῶν

1997 3239 2190 3297 Περσῶν
2228 3236 2444 3298 βασιλεὺς
2485 3235 2750 3284 ἀπέστειλεν
2782 3237 2846 3290 είς
2878 3237 2960 3293 τήν
2996 3233 3230 3299 Ἐρέτριαν
3262 3235 3553 3300 στράτευμα,

1993 3305 2252 3367 προστάξας
2289 3305 2552 3354 ἀνάστατον
2573 3310 2767 3364 ποιῆσαι
2789 3306 2873 3362 τὴν
2896 3305 3047 3365 πόλιν,
3070 3305 3263 3360 εἰκότως
3287 3306 3552 3362 ὑπεξέθεντο

1995 3375 2100 3423 ὅσοι
2134 3373 2387 3440 χρημάτων
2419 3376 2668 3437 ηὐπόρουν.
2701 3377 2761 3424 Οἱ
2799 3374 2880 3423 οὖν
2903 3376 3310 3437 καταλελειμμένοι
3346 3380 3429 3433 τῆς
3461 3382 3544 3425 τοῦ

1995 3446 2286 3508 Διομνήστου
2303 3444 2452 3500 οἰκίας
2469 3444 2577 3507 παρ’
2595 3444 2856 3493 Ἱππόνικον
2873 3444 2954 3493 τὸν
2979 3443 3200 3505 Καλλίου,
3224 3444 3304 3492 τὸν
3327 3443 3552 3506 Ἄμμωνα

1995 3515 2372 3576 ἐπικαλούμενον,
2407 3516 2671 3570 ὑπεξέθεντο
2693 3514 2753 3562 τὰ
2786 3515 3004 3576 χρήματα
3026 3514 3091 3568 εἰς
3114 3514 3197 3570 τὰς
3226 3513 3414 3571 Ἀθήνας
3429 3531 3442 3543 ·
3470 3519 3549 3565 καὶ

1996 3582 2431 3632 ἀνασκευασθέντων
2455 3583 2547 3631 ὑπὸ
2574 3588 2667 3631 τῶν
2697 3585 2892 3646 Περσῶν
2927 3581 3146 3631 ἁπάντων
3173 3587 3265 3630 τῶν
3288 3583 3550 3646 Ἐρετριέων

1996 3654 2227 3716 κατέσχον
2252 3652 2381 3701 οὗτοι
2404 3654 2463 3701 τόι
2498 3653 2716 3716 χρήματα
2745 3653 2894 3700 πολλὰ
2916 3653 3044 3701 ὄντα.
3075 3653 3224 3700 Ὥστε
3256 3651 3517 3710 Ἱππόνικος
3535 3690 3550 3712 ,

1996 3724 2023 3771 6
2059 3723 2139 3771 dut*
2177 3722 2355 3772 ἐκείνου
2390 3724 2592 3785 γεγονὼς
2628 3728 2712 3771 τοῦ
2743 3723 2827 3780 τήν
2867 3722 3260 3785 παρακαταθήκην
3303 3722 3522 3778 λαὸόντος
3535 3759 3549 3783 ,

1997 3794 2167 3856 ᾔτησεν
2190 3793 2455 3850 Ἀθηναίους
2481 3793 2599 3841 ποτὲ
2628 3793 2675 3841 ἐν
2700 3793 2948 3856 ἀκροπόλει
2973 3792 3136 3854 τόπον,
3158 3793 3219 3841 tv·
3243 3793 3553 3854 οἰκοδομήση-

1995 3879 2072 3911 ται
2090 3867 2186 3919 τοῑς
2209 3865 2442 3926 χρήμασιν
2457 3863 2576 3911 ὅπου
2593 3863 2825 3923 κείσεται,
2844 3863 2991 3924 λέγων
3011 3864 3074 3918 ὡς
3088 3863 3176 3911 οὐκ
3194 3861 3394 3924 ἀσφαλὲς
3416 3863 3484 3922 ὃν,
3503 3862 3550 3910 ἐν

1997 3932 2207 3995 ἰδιωτικῇ
2230 3933 2358 3995 οίκίᾳ
2392 3934 2542 3981 πολλὰ
2577 3934 2793 3996 χρήματα
2815 3931 2931 3980 εἶναι
2951 3948 2963 3961 ·
2995 3933 3077 3980 καὶ
3112 3932 3279 3980 ἔδοσαν
3311 3930 3550 3987 Ἀθηναῖοι.

1997 4004 2296 4061 Νουθετηθείς
2322 4003 2361 4051 δ’
2391 4003 2484 4052 ὑπὸ
2512 4007 2606 4051 τῶν
2639 4003 2800 4065 φίλων,
2841 4001 3108 4066 μετενόησε.
3142 4001 3332 4050 Τούτων
3356 3998 3437 4048 οὖν
3455 4006 3549 4048 τῶν

1996 4072 2251 4135 χρημάτων
2267 4074 2470 4130 Καλλίας
2494 4074 2648 4135 κύριος
2666 4073 2924 4135 γενόμενος,
2940 4071 3145 4135 καὶπρὸς
3163 4071 3329 4129 ἡδονήν
3344 4069 3521 4131 βιώσας
3535 4086 3549 4100 ·

1996 4167 2061 4182 -—
2082 4147 2210 4192 ποῖοι
2228 4142 2320 4205 γὰρ
2351 4143 2406 4191 ού
2425 4143 2621 4200 κόλακες
2652 4145 2682 4201 ἢ
2705 4143 2751 4191 τί
2775 4144 2944 4200 πλῆθος
2967 4142 3056 4203 οὐχ
3075 4141 3269 4203 ἑταίρων
3291 4139 3394 4202 περὶ
3412 4140 3551 4188 αὐτὸν

1996 4212 2148 4273 ἦσαν;
2177 4213 2313 4269 ποίας
2332 4214 2381 4262 δὲ
2399 4213 2606 4268 δαπάνας
2625 4215 2715 4276 οὺχ
2738 4214 2978 4274 ὑπερεώρα
2997 4213 3194 4270 ἐκεῖνοςς
3221 4207 3320 4257 ἀλλ’
3340 4210 3467 4270 ὅμως
3489 4210 3550 4264 εἰς

1996 4287 2225 4333 τοσοῦτον
2254 4284 2393 4332 αὐτὸν
2429 4285 2730 4346 περιέστησεν
2753 4284 2780 4330 6
2802 4284 2904 4344 περὶ
2941 4281 3108 4338 ήδονὴν
3135 4279 3234 4342 βίος
3249 4313 3263 4337 ,
3285 4279 3409 4327 ὥστε
3434 4279 3551 4340 μετὰ

1997 4353 2207 4416 γραῑδίου
2231 4352 2465 4416 βαρὸάρου
2484 4353 2706 4402 διατελεῖν
2723 4353 3023 4414 ἠναγκάσθη,
3045 4349 3127 4398 καὶ
3158 4353 3252 4397 τῶν
3283 4347 3551 4409 ἀναγκαίων

1997 4428 2091 4472 τῶν
2115 4424 2218 4471 καθ’
2241 4422 2418 4485 ἡμέραν
2444 4422 2598 4480 ἐνδεής
2622 4421 2894 4484 γενόμενος,
2914 4421 2996 4468 τὸν
3025 4418 3127 4482 βίον
3150 4417 3432 4476 ἐτελεύτησε.
3459 4420 3554 4466 Τὸν

1997 4493 2047 4542 δὲ
2069 4492 2237 4542 Νικίου
2273 4492 2384 4552 φησὶ
2413 4497 2497 4541 τοῦ
2537 4493 2831 4555 Περγασῆθεν
2854 4492 3052 4540 πλοῦτον
3087 4490 3118 4548 ἢ
3152 4487 3232 4536 τὸν
3259 4485 3552 4550 Ἰσχομάχου

1996 4563 2114 4620 τίνες
2132 4563 2379 4613 ἀπώλεσαν
2391 4578 2406 4623 ;
2435 4564 2538 4613 Οὐκ
2561 4563 2816 4619 Αὐτοκλέης
2838 4562 2917 4609 καὶ
2939 4560 3209 4618 Ἐπικλέης,
3230 4560 3274 4607 οί
3299 4557 3397 4620 μετ’
3416 4558 3552 4617 ἀλλή-

1997 4636 2090 4683 λων
2125 4639 2206 4693 ζῆν
2238 4633 2535 4697 προελόμενοι
2566 4634 2646 4682 καὶ
2669 4632 2805 4681 πάντ’
2838 4631 2886 4679 ἐν
2919 4629 3128 4679 ἐλάττονι
3164 4628 3433 4690 ποιούμενοι
3468 4634 3549 4687 τῆς

1997 4707 2189 4767 ήδονῆςς
2211 4703 2400 4763 Ἐπειδὴ
2423 4706 2473 4753 δὲ
2488 4704 2641 4753 πάντα
2658 4695 3016 4762 κατανάλωσαν,
3040 4701 3234 4749 κώνειον
3255 4699 3434 4754 πιόντες
3451 4699 3550 4763 ἅμα

1996 4776 2076 4824 τὸν
2100 4775 2203 4837 βίον
2225 4773 2540 4832 ἐτελεύτησαν.
2573 4793 2598 4816 ¹·

2060 4845 2195 4895 ldem
2208 4847 2320 4905 ΧΗ,
2336 4857 2387 4907 p.
2409 4851 2516 4908 525,
2535 4848 2570 4894 F
2589 4865 2603 4894 ι
2619 4843 2917 4908 Ἡρακλείδης
2929 4841 2969 4890 δ’
2986 4842 3014 4890 6
3030 4839 3250 4896 Ποντικὸς
3266 4839 3313 4888 ἐν
3326 4843 3395 4901 τῷ
3412 4840 3453 4888 Π
3465 4840 3549 4902 ερὶ

1996 4920 2028 4974 ή
2043 4917 2104 4965 δο
2116 4921 2180 4973 νῆ
2191 4933 2212 4970 ς
2237 4915 2436 4975 Σαμίους
2453 4917 2564 4978 φησὶ
2577 4951 2591 4974 ,
2608 4915 2712 4964 καθ’
2731 4914 2986 4976 ύπερὸολήν
3003 4911 3318 4973 τρυφήσαντας
3336 4945 3351 4970 ,
3375 4909 3451 4957 διὰ
3468 4911 3550 4965 τήν

1997 4987 2110 5050 πρὸς
2152 4986 2373 5043 ἀλλήλους
2415 4987 2730 5050 μικρολογίαν,
2773 4986 2931 5047 ὥσπερ
2968 4982 3220 5044 Συὸαρίτας
3238 5016 3252 5041 ,
3289 4981 3374 5037 τὴν
3410 4979 3546 5026 πόλιν

1998 5057 2242 5105 ἀπολέσαι.

2061 5128 2193 5178 idem
2211 5129 2315 5187 xn,
2329 5141 2379 5190 p.
2394 5131 2500 5190 533,
2514 5129 2551 5177 C
2567 5147 2579 5175 :
2596 5127 2819 5190 Περικλέα
2838 5127 2885 5174 δὲ
2904 5125 2982 5173 τὸν
2996 5121 3245 5184 Ὀλύμπιόν
3263 5135 3397 5182 φησιν
3412 5118 3547 5182 Ἡρα·
