4016 5916
789 407 1405 478 SAMOTHRACUM‚
1450 404 2125 476 MYTILENAEORUM,
2167 400 2573 462 SAMIDRUM
2614 402 3115 464 RESPUBLICAE.

351 536 499 604 τικᾶς
534 527 664 595 εἶναι
700 533 794 603 τὰς
829 533 1134 616 ὀλιγαρχίας
1179 530 1281 591 ὑπὸ
1316 534 1418 591 τῶν
1464 533 1517 590 έν
1557 535 1625 611 τῇ
1663 528 1903 611 πολιτεία

348 627 504 683 τινῶν
533 621 958 701 δυσχερανάντων
985 620 1362 694 κατελύθησαν,
1391 617 1568 701 ὥσπερ
1590 622 1625 690 ἡ
1649 618 1703 676 ἐν
1730 616 1904 696 Κνίδῳ

353 709 443 769 καὶ
469 713 504 780 ἡ
533 709 587 766 έν
616 707 730 788 Χίῳ
755 708 1056 787 ὀλιγαρχία.

432 799 523 856 Id.
552 801 648 869 lv,
694 805 760 870 10,
794 818 817 855 1
860 816 875 857 ε
918 800 969 857 T
971 797 998 855 ὸ
1047 792 1324 876 ἐμπορικὸν
1360 796 1414 853 ἐν
1440 793 1625 873 Αἰγίνῃ
1662 792 1751 853 καὶ
1788 792 1902 872 Χίῳ

355 882 681 968 (πολύοχλόν
716 887 856 944 ἔστιν
874 888 915 962 ).

435 975 523 1031 Ib.
555 975 664 1044 111,
702 973 767 1045 8,
798 982 938 1044 [Ην.
966 974 1038 1029 fr.
1075 992 1218 1044 ¹7²3
1250 975 1318 1043 V,
1351 991 1422 1043 a,
1452 992 1554 1042 11,
1582 971 1737 1030 V..fr.
1768 968 1899 1040 173.

969 1108 1283 1168 ΣΑΜΙΩΝ.

1065 1240 1193 1312 175.

433 1359 643 1414 Plinius
663 1358 737 1412 Η.
756 1358 827 1412 N.
852 1358 898 1411 V
914 1397 929 1424 ‚
953 1354 1021 1426 37
1043 1374 1056 1409 ε
1082 1358 1260 1411 Ionioe
1277 1372 1377 1410 ora
1390 1352 1628 1408 habet...
1643 1352 1852 1408 Samon
1873 1372 1893 1406 ι’

354 1444 726 1504 Parthenium
742 1446 988 1517 primum
1008 1444 1356 1517 appellatam
1372 1443 1696 1496 Aristoteles
1709 1442 1894 1510 tradit,

348 1544 546 1608 postea
570 1531 852 1603 Dryusam
874 1571 890 1599 ,
920 1531 1124 1585 deinde
1144 1528 1569 1585 Anthemusam.
1603 1527 1687 1584 Cf.
1722 1530 1905 1584 Hera-

355 1616 488 1675 clid.
515 1618 683 1691 Resp.
716 1618 861 1673 Sam.
882 1616 951 1671 fr.
986 1636 1055 1671 10
1075 1657 1090 1683 ‚
1125 1636 1145 1670 1
1168 1658 1183 1684 ‚
1201 1614 1524 1673 Callimach.
1552 1616 1609 1669 iu
1635 1616 1762 1671 Del.
1797 1613 1869 1682 45
1887 1657 1903 1685 ,

354 1704 559 1761 Strabo
584 1705 675 1773 X,
714 1720 774 1778 p.
818 1701 961 1774 4573
999 1705 1168 1773 XIV,
1195 1722 1258 1777 p.
1294 1702 1405 1773 637
1425 1743 1441 1771 ,
1466 1703 1659 1776 Steph.
1692 1704 1819 1776 Byz.
1846 1722 1902 1757 ν.

356 1786 554 1867 Σάμος.
585 1791 752 1847 Plura
774 1789 869 1846 dat
883 1785 1133 1846 Panoska
1158 1789 1285 1866 (Res
1307 1790 1621 1846 Samiorum
1644 1807 1699 1863 p.
1720 1787 1753 1844 8
1767 1787 1901 1864 sq.).

1074 1908 1195 1981 176.

435 2024 624 2080 Schoi.
656 2024 924 2098 Apollon.
962 2020 1074 2078 Rh.
1099 2024 1147 2092 1,
1185 2021 1293 2077 188
1322 2041 1336 2077 ε
1377 2008 1753 2101 Παρθενίης
1774 2017 1909 2099 Ἀγ·

356 2116 471 2169 καῖ
486 2130 547 2173 ος
564 2132 579 2146 ·
599 2107 950 2189 Ἀριστοτέλης
971 2106 1098 2189 φησὶ
1120 2106 1239 2186 περὶ
1261 2106 1521 2185 Ἀγκαίου,
1544 2105 1621 2166 ὅτι
1635 2107 1907 2187 φιλογέωρ·

355 2220 445 2273 γος
470 2192 562 2268 ὢν,
598 2195 686 2253 καὶ
716 2192 944 2276 φυτεύων
976 2197 1297 2271 ἀμπελῶνα,
1328 2192 1488 2274 βαρὺς
1524 2192 1754 2253 ἐπέκειτο
1800 2198 1907 2261 τοῖς

356 2281 597 2347 οἰκέταις.
632 2273 722 2348 Εἷς
747 2280 800 2339 δὲ
826 2285 929 2340 τῶν
955 2283 1166 2340 οἰκετῶν
1187 2280 1285 2361 ἔφη
1307 2279 1381 2359 μὴ
1412 2279 1802 2361 μεταλήψεσθαι
1818 2282 1905 2339 τὸν

358 2368 617 2440 δεσπότην
639 2374 727 2427 τοῦ
755 2373 980 2449 καρποῦ.
1006 2366 1075 2431 Ὁ
1097 2366 1150 2428 δὲ
1179 2368 1432 2446 Ἀγκαῖος,
1453 2367 1632 2440 ἐπειδὴ
1655 2371 1682 2425 6
1709 2367 1910 2447 καρπὸς

359 2460 571 2538 ἕφθοὶκει
596 2501 613 2533 ,
642 2455 842 2535 χαίρων
868 2455 1058 2536 ἐτρύγα
1079 2500 1096 2532 ,
1125 2456 1214 2516 καὶ
1241 2455 1331 2515 τὸν
1363 2456 1570 2527 οἰκέτην
1598 2453 1800 2514 ἐκέλευε
1829 2477 1909 2514 κε·

360 2545 521 2625 ρᾶσαι
536 2545 695 2623 αὐτῷ.
721 2543 944 2603 Μέλλων
971 2541 1131 2615 δὲτὴν
1155 2542 1340 2602 κύλικα
1361 2542 1668 2624 προσφέρειν
1689 2545 1766 2623 τῷ
1788 2541 1906 2601 στό-

360 2654 491 2709 ματι
508 2675 525 2703 ,
576 2629 968 2708 ὑπεμίμνησκεν
1014 2632 1169 2689 αὐτοῦ
1209 2636 1299 2689 τοῦ
1340 2629 1515 2708 λόγου.
1560 2630 1628 2691 Ὀ
1671 2628 1725 2688 δὲ
1774 2628 1871 2708 ἔφη
1894 2651 1908 2666 ·

360 2715 553 2780 Πολλὰ
584 2716 775 2794 μεταξὺ
813 2716 960 2775 πέλει
989 2715 1193 2783 κύλικος
1219 2716 1309 2775 καὶ
1333 2716 1529 2796 χείλεος
1556 2715 1735 2796 ἄκρου.
1780 2716 1911 2777 Τού-

357 2829 463 2867 των
487 2804 563 2864 ἔτι
588 2801 906 2883 λεγομένων,
934 2795 1032 2876 ἧκέ
1050 2827 1126 2872 τις
1151 2803 1439 2884 ἀγγέλλων,
1458 2807 1528 2871 ὥς
1556 2803 1910 2884 ὓπερμεγέθης

364 2900 459 2962 σ’ὔς
485 2893 793 2972 λυμαίνεται
816 2891 904 2951 τὸν
934 2891 1174 2973 ὄρχατον.
1203 2891 1267 2952 ‘0
1287 2892 1340 2951 δὲ
1363 2892 1600 2971 Ἀγκαῖος
1626 2889 1909 2951 ἀποὸαλὼν

362 2983 460 3055 τὴν
483 2981 654 3055 πόσιν,
676 2980 765 3041 ἐπὶ
782 2978 869 3039 τὸν
894 2986 987 3039 σῦν
1015 2979 1228 3060 ὥρμησε
1246 3002 1260 3017 ·
1284 2979 1375 3038 καὶ
1392 2979 1609 3058 πληγεὶς
1637 2980 1727 3039 ὕπ’
1751 2982 1907 3039 αὐτοῦ

360 3067 713 3142 ἰτελεύτησεν.
744 3066 910 3128 Ὅθεν
931 3072 964 3139 ἡ
996 3067 1252 3148 παροιμία
1281 3067 1367 3127 ἐπὶ
1388 3071 1488 3126 τῶν
1511 3066 1657 3148 παρὰ
1688 3069 1912 3147 προσδο·

360 3158 481 3218 κίαν
503 3180 555 3215 τι
576 3154 925 3237 πραττόντων.

442 3250 621 3304 Tzetz.
648 3248 786 3320 Lyc.
828 3243 942 3312 488
971 3263 985 3300 1
1012 3240 1079 3303 ‘O
1099 3241 1198 3322 γὰρ
1228 3241 1463 3320 Ἀγκαῖος
1490 3233 1633 3308 οὗτος
1646 3286 1666 3318 ,
1707 3240 1813 3308 υἱὸς
1837 3238 1909 3299 ὢν

364 3331 689 3399 Ποσειδῶνος
716 3329 807 3389 καὶ
830 3329 1246 3402 Ἀστυπαλαίας,
1277 3335 1369 3401 τῆς
1394 3328 1669 3401 Φοίνικος,
1701 3327 1911 3411 ἐφύτευ-

366 3443 454 3479 σεν
480 3417 738 3494 ἄμπελον,
771 3415 908 3477 κατὰ
926 3415 1254 3497 Ἀριστοτέλη
1282 3415 1369 3476 τὸν
1389 3415 1508 3483 τοὺς
1529 3414 1767 3483 Πέπλους
1822 3413 1911 3474 τὸν

365 3507 612 3569 Πέπλουν
632 3508 806 3565 codd.
841 3507 958 3564 duo
982 3504 997 3585 )
1020 3503 1358 3571 συντάξαντα.
1381 3503 1581 3571 Μάντις
1603 3503 1657 3562 δέ
1675 3527 1750 3570 τις
1772 3526 1911 3562 ειπεν

365 3596 540 3675 αὐτῷ,
567 3596 635 3662 ὡς
654 3596 709 3653 οὐ
735 3593 846 3652 πίοι
874 3583 1007 3651 οἶνον
1036 3592 1095 3649 ἐκ
1118 3590 1327 3662 ταύτης.
1350 3589 1693 3670 Ἐνηνοχυίας
1728 3590 1782 3649 δὲ
1821 3595 1914 3663 τῆς

369 3683 606 3760 ἀμπέλου
637 3680 862 3761 καρπὸν,
907 3678 1185 3760 ἀπέθλιψεν
1212 3682 1239 3736 6
1264 3677 1496 3756 Ἀγκαῖος
1527 3678 1620 3750 τὴν
1646 3678 1912 3759 σταφυλὴν

370 3772 440 3836 εἰς
468 3772 693 3848 ἀγγεῖον,
713 3769 873 3847 ἤγουν
896 3767 1084 3826 κύλικα
1102 3810 1118 3839 ,
1144 3771 1212 3833 ὡς
1232 3764 1475 3844 πιόμενος
1492 3811 1507 3838 ,
1544 3765 1634 3825 καὶ
1657 3763 1913 3843 κατεγέλα

369 3862 460 3915 τοῦ
491 3856 738 3930 μάντεως,
764 3853 1008 3915 δεικνύων
1026 3855 1118 3926 τὴν
1145 3855 1332 3913 κύλικα
1352 3877 1366 3892 ·
1384 3857 1412 3912 6
1432 3855 1477 3913 δ’
1507 3853 1606 3936 ἔφη
1624 3876 1638 3891 ·

448 3944 630 4003 Πολλὰ
651 3941 842 4022 μεταξὺ
863 3943 1008 4001 πέλει
1027 3941 1231 4010 κύλικος
1251 3941 1339 4001 καὶ
1356 3940 1556 4023 χείλεος
1579 3941 1758 4024 ἄκρου.

370 4121 475 4157 rum
494 4109 541 4158 in
562 4122 727 4159 servos
744 4109 955 4171 imperiis
970 4108 1176 4170 similes,
1199 4121 1228 4157 a
1252 4106 1540 4170 quibusdam
1568 4106 1915 4170 rempublicam

369 4185 685 4238 communiter
709 4185 1179 4245 administrantibuS,
1198 4185 1345 4235 talem
1360 4183 1663 4235 dominatum
1693 4197 1819 4247 aegre
1842 4184 1912 4233 se·

370 4262 582 4390 Ξξὲἰὴρε
610 4275 792 4313 eversae
827 4265 966 4326 sunt,
1004 4261 1417 4326 quemadmodum
1450 4262 1500 4311 in
1533 4261 1686 4312 Cnido
1713 4265 1761 4312 et
1797 4261 1918 4312 Chio

432 4419 485 4467 In
509 4419 671 4480 AEgiua
690 4419 739 4467 et
753 4418 874 4467 Chio
892 4421 1216 4468 mercatorum
1237 4431 1411 4480 magna
1438 4416 1578 4467 turba
1600 4419 1687 4465 ost.

922 4539 1357 4600 SAMIORUM.

1082 4670 1203 4722 176.

380 4788 396 4806 '
432 4793 662 4850 Ancaeus,
682 4787 755 4838 uti
778 4786 1055 4838 Aristoteles
1072 4787 1261 4849 narrat,
1288 4786 1365 4836 vir
1399 4787 1706 4848 agricultura}
1736 4786 1921 4837 studio·

370 4877 647 4928 sus,quum
683 4865 832 4915 vitem
867 4864 1134 4928 plantabat,
1172 4863 1321 4914 durus
1353 4863 1562 4914 instabat
1585 4865 1750 4915 servis.
1789 4868 1921 4923 Quo·

374 4957 483 4994 rum
508 4959 632 4997 unus
656 4944 906 4995 dominum
938 4957 1037 4995 non
1068 4943 1333 4994 fruiturum
1355 4944 1518 4993 fructu
1552 4942 1691 4993 dixit.
1721 4953 1924 4995 Ancaeus

374 5035 519 5084 vero,
556 5024 667 5074 uvis
685 5025 962 5086 maturatis,
1002 5022 1141 5073 laetus
1161 5021 1497 5085 vindemiavit,
1518 5021 1753 5084 iussitque
1785 5036 1924 5073 servo

376 5101 434 5149 ut
466 5101 632 5150 vinum
664 5100 754 5164 ipsi
782 5100 1020 5151 misceret.
1055 5103 1263 5162 Jamque
1285 5098 1357 5149 ori
1388 5100 1616 5162 poculum
1642 5100 1924 5151 admoturus

380 5176 561 5226 dictum
580 5177 625 5227 εἰ
645 5178 693 5227 ἰ11
716 5179 996 5227 memoriam
1022 5175 1282 5226 revocavit.
1322 5177 1408 5227 lile
1441 5180 1632 5238 autem,
1668 5177 1922 5240 Mullum,

3427 415 3446 465 l
3463 416 3539 464 59

1992 533 2128 600 Βοῆς
2147 527 2199 587 δὲ
2223 527 2503 606 γενομένης
2518 572 2534 601 ,
2568 531 2637 595 ὣς
2659 526 2779 595 συὸς
2802 528 3182 606 λυμαινομένου
3216 528 3309 601 τὴν
3338 530 3539 610 χώραν,

1991 616 2093 684 θεὶς
2123 614 2217 688 τὴν
2241 614 2428 674 κύλικα
2473 619 2501 673 6
2542 615 2800 692 Ἀγκαῖος,
2836 615 3044 687 ἐξῆλθεν
3070 616 3153 675 ἐπὶ
3193 616 3282 675 τὸν
3313 623 3423 692 σῦν,
3446 619 3537 677 καὶ

1990 707 2193 785 πρῶτος
2213 702 2436 784 ἀνῃρέθη
2471 706 2555 766 ὅτ’
2580 705 2759 764 αὗτοῧ.

2072 796 2308 869 Peplum
2331 794 2876 851 Aristotelis'Tzetzes
2896 794 2958 851 h.
2975 794 3016 849 l.
3038 812 3156 849 non
3166 796 3398 850 meliore
3416 795 3546 867 jure

1996 881 2299 937 adduxerit
2326 899 2496 954 quam
2516 898 2684 954 supra
2702 879 2776 937 fr.
2815 899 2838 935 1
2855 889 2922 939 15
2939 921 2955 950 ,
2979 882 3080 937 etsi
3101 880 3212 956 legi
3235 882 3463 938 historia
3487 885 3544 937 in

1990 967 2169 1041 Peplo
2212 978 2459 1041 poterat.
2511 966 2722 1023 Eadem
2777 977 2969 1023 narrat
3017 968 3343 1025 Heraclides
3387 971 3534 1043 Rep.

1991 1056 2140 1111 Sam.
2169 1054 2238 1113 fr.
2275 1073 2372 1124 10,
2401 1073 2455 1113 2.
2483 1054 2675 1112 Schol.
2698 1056 2870 1113 Hom.
2903 1054 3011 1112 Od.
3034 1055 3114 1125 X,
3145 1075 3213 1131 93
3236 1057 3452 1113 Zenob.
3472 1060 3542 1125 V,

1995 1161 2101 1213 713
2143 1143 2482 1217 Diogenian.
2505 1143 2646 1212 VII,
2676 1142 2780 1213 463
2808 1144 3047 1217 Gregor.
3081 1144 3250 1217 Cypr.
3276 1146 3396 1219 111,
3427 1143 3537 1211 383

1992 1230 2249 1303 Apostol.
2271 1231 2431 1299 xvl,
2460 1228 2557 1300 283
2594 1231 2889 1288 Athenaeus
2907 1230 3027 1299 XI,
3056 1249 3116 1305 p.
3152 1230 3285 1302 478,
3314 1233 3393 1300 E3
3415 1232 3545 1288 Gel-

1991 1316 2098 1372 lius
2116 1318 2187 1373 N.
2211 1320 2281 1373 A.
2306 1318 2472 1387 XIII,
2510 1337 2612 1389 173
2640 1318 2889 1374 Stobaeus
2913 1319 3069 1374 Flor.
3096 1319 3246 1388 CXI,
3280 1326 3370 1389 143
3396 1320 3546 1375 Bois·

1990 1422 2114 1459 son.
2139 1407 2248 1461 An.
2270 1406 2351 1474 11,
2384 1402 2523 1475 450,
2556 1406 2761 1461 citante
2783 1405 3083 1461 Leutschio
3101 1406 3161 1460 in
3179 1407 3545 1481 Paroemiogr.

1994 1500 2136 1545 tom.
2174 1493 2223 1559 1,
2253 1509 2313 1564 p.
2354 1490 2462 1557 148
2489 1509 2573 1564 sq.

2073 1578 2244 1653 Apud
2267 1577 2620 1634 Heraclidem
2645 1578 2905 1654 deinceps
2927 1591 3273 1635 memoratur
3298 1580 3554 1636 hirundo

1994 1665 2152 1734 alba,
2193 1681 2321 1738 quae
2361 1664 2421 1719 in
2465 1664 2632 1719 Samo
2683 1669 3026 1740 apparuerit.
3065 1666 3403 1749 Prodigium⁴
3436 1668 3548 1722 hoc

1996 1768 2125 1804 cum
2142 1750 2328 1804 nescio
2357 1767 2469 1822 qua
2492 1750 2725 1807 historia
2754 1753 3119 1825 conjunctum
3143 1772 3211 1809 ex
3240 1754 3554 1809 Aristotelis

1994 1838 2142 1910 Rep.
2178 1837 2524 1906 Samiorum,
2568 1849 2634 1893 ut
2661 1838 2905 1909 videtur,
2959 1850 3152 1897 narrat
3183 1839 3437 1897 AElianus
3475 1843 3544 1896 N.

1996 1926 2103 1979 An.
2118 1925 2300 1990 XVII,
2322 1942 2396 1979 20
2414 1942 2429 1981 z
2453 1922 2809 2002 Ἀριστοτέλης
2825 1922 2967 2002 λέγει
2986 1924 3215 2003 γίνεσθαι
3236 1924 3546 2005 (γενέσθαιέ)

1997 2009 2049 2066 έν
2081 2007 2251 2088 Σάμῳ
2270 2007 2459 2081 λευκὴν
2481 2009 2742 2089 χελιδόνα.

2711 2127 2839 2179 177.

2077 2199 2327 2255 AEiianus
2352 2201 2423 2256 N.
2454 2202 2561 2257 An.
2590 2203 2738 2271 XII,
2770 2208 2844 2268 40
2877 2204 3122 2277 εΤιμῶσι
3142 2200 3195 2260 δὲ
3227 2199 3327 2281 ἄρα
3353 2202 3554 2283 Δελφοῖ·

1999 2280 2093 2355 μὲν
2113 2281 2292 2360 λύκον,
2322 2285 2516 2363 Σάμιοι
2541 2285 2594 2344 δὲ
2619 2285 2941 2366 πρόὸατον...
2968 2285 3054 2349 Ti}
3075 2288 3128 2347 δὲ
3149 2288 3294 2347 αἴτιοι
3314 2293 3407 2361 τῆς
3430 2290 3549 2348 ἐκά-

1999 2393 2123 2431 στου
2160 2374 2315 2448 τιμῆς
2345 2375 2508 2431 εἰπεῖν
2536 2374 2631 2431 οὔκ
2664 2373 2804 2433 ἔστιν
2837 2374 2936 2443 ἔξω
2973 2378 3129 2447 τῆσδε
3167 2380 3259 2447 τῆς
3298 2379 3545 2449 σπουδῆς.

1997 2460 2215 2539 Δελφοῖς
2234 2458 2330 2536 μὲν
2357 2460 2570 2539 χρυσίον
2592 2460 2727 2538 ἱερὸν
2753 2462 3103 2540 σεσυλημένον
3127 2462 3216 2521 καὶ
3245 2465 3297 2521 ἐν
3322 2467 3390 2544 τῷ
3411 2467 3552 2545 Παρ-

1998 2548 2175 2625 νασσῷ
2218 2545 2673 2626 κατορωρυγμένον
2718 2547 3016 2628 ἀνίχνευσεν
3045 2553 3072 2607 6
3113 2546 3294 2616 λύκος·
3331 2548 3555 2627 Σαμίοις

2000 2632 2054 2691 δὲ
2084 2633 2173 2692 καὶ
2203 2634 2375 2699 αὐτοῖς
2400 2640 2601 2694 τοιοῦτο
2631 2634 2841 2714 χρυσίον
2862 2635 3060 2695 κλαπὲν
3079 2634 3342 2717 πρόόατον
3372 2641 3556 2714 ἀνεῦρε

2000 2720 2092 2779 καὶ
2116 2723 2342 2779 ἐντεῦθεν
2376 2720 2775 2801 Μανδρόὸουλος
2803 2726 2831 2781 6
2855 2723 3057 2801 Σάμιος
3081 2728 3147 2804 τῇ
3175 2721 3324 2804 Ἥρᾳ
3354 2722 3555 2803 πρόὸα·

1997 2832 2086 2868 τον
2140 2808 2384 2885 ἀνάθημα
2420 2811 2635 2890 ἀνῆψεν.
2699 2810 2805 2870 Καὶ
2846 2810 2905 2869 τὸ
2957 2810 3051 2888 μὲν
3103 2810 3362 2888 Πολέμων
3416 2808 3554 2888 λέγει

1998 2894 2057 2953 τὸ
2083 2893 2349 2975 πρότερον,
2377 2893 2438 2954 τὸ
2461 2892 2516 2953 δὲ
2554 2895 2905 2978 Ἀριστοτέλης
2931 2897 2990 2956 τὸ
3009 2896 3266 2976 δεύτερον.
3293 2902 3379 2956 Βε
3411 2900 3558 2974 lupo

1998 2987 2274 3061 Delphico
2307 3006 2364 3042 v.
2410 2988 2705 3043 Pausanias
2747 2989 2833 3056 X,
2886 2995 2985 3058 14,
3022 2997 3087 3059 43
3125 2990 3196 3047 de
3233 3008 3337 3044 ove
3366 2986 3550 3044 Samia

1999 3073 2072 3130 cf.
2120 3074 2296 3131 Clem.
2340 3073 2503 3130 Alex.
2543 3075 2731 3130 Protr.
2777 3094 2837 3150 p.
2886 3095 2948 3131 11
2995 3077 3151 3148 Sylb.
3186 3094 3201 3134 ε
3244 3071 3547 3153 Πρόὸατον,

1999 3155 2069 3224 ὥς
2096 3180 2249 3233 φησιν
2272 3157 2541 3238 Εὐφορίων
2574 3160 2592 3236 (
2617 3162 2689 3216 fr.
2724 3162 2831 3217 123
2869 3162 2964 3218 ed.
2996 3162 3241 3218 Meinek.
3265 3162 3281 3238 )
3301 3203 3317 3231 ,
3344 3159 3552 3218 σέὸουσι

2003 3243 2218 3323 Σάμιοι.
2243 3277 2325 3290 -
2352 3245 2605 3323 ἐντεῦθεν]
2633 3247 2811 3307 Aliter
2833 3248 3093 3322 Ephorus
3124 3246 3225 3322 (fr.
3255 3248 3356 3304 161
3383 3248 3423 3320 ),
3450 3250 3548 3303 ubi

2001 3334 2410 3391 Mandrohulus
2457 3352 2690 3390 aureum
2734 3335 2964 3389 arietem
3015 3333 3296 3390 dedicasse
3348 3334 3548 3390 dicitur

2000 3433 2303 3497 propterea
2335 3421 2494 3496 quod
2535 3423 2826 3496 reperisset
2859 3419 2919 3477 τὸ
2946 3421 2998 3477 ἐν
3032 3419 3204 3498 Σάμῳ
3242 3416 3548 3497 γεωφάνιον.

2004 3509 2338 3587 [Laudatur
2382 3510 2464 3564 ibi
2508 3501 2740 3585 Ἔφορος
2779 3504 2898 3586 περὶ
2936 3505 3144 3585 χωρίων
3181 3503 3248 3577 θ’,
3289 3526 3401 3582 pro
3439 3526 3560 3581 quo

2003 3595 2330 3653 Boissonad.
2349 3596 2600 3670 Epimer.
2625 3594 2934 3650 Herodian.
2953 3594 3237 3669 ingeniose
3258 3596 3560 3669 proposuit

2002 3679 2127 3761 Ἔφ.
2152 3681 2205 3738 ἐν
2234 3678 2525 3760 ἐπιχωρίῳ,
2555 3681 2656 3739 sed
2685 3680 2926 3738 delenda
2953 3682 3187 3737 omnino
3215 3699 3269 3737 v.
3295 3678 3417 3759 περὶ
3444 3701 3558 3759 χω-

2006 3766 2128 3845 ρίων
2169 3766 2297 3848 (καὶ
2336 3766 2528 3848 χωρίον
2570 3770 2708 3826 alius
2749 3768 2944 3843 cod.).
2987 3770 3200 3842 Aperte
3250 3770 3402 3824 enim
3446 3788 3556 3825 vox

2003 3853 2210 3934 χωρίων
2237 3857 2463 3932 irrepsit
2478 3875 2549 3913 ex
2568 3868 2834 3931 sequente
2852 3856 3030 3932 glossa
3051 3857 3514 3931 Harpocrationis
3534 3876 3548 3912 ε

2004 3940 2263 4014 Γήτεδον,
2300 3940 2362 4000 τὸ
2407 3941 2620 4022 χωρίον,
2667 3962 2775 4017 pro
2823 3943 3028 4017 quibus
3067 3953 3338 4017 quattuor
3383 3943 3554 4001 codd.

2004 4106 2192 4170 inquit,
2231 4109 2370 4157 inter
2409 4107 2656 4171 poculum
2705 4110 2781 4157 est
2821 4106 3076 4170 labraque
3109 4117 3334 4155 summa.
3373 4104 3560 4164 Quibus

2003 4182 2144 4234 dictis
2158 4221 2173 4246 ,
2193 4197 2333 4246 ecce,
2353 4184 2566 4235 accurrit
2593 4184 2767 4248 aliquis
2784 4183 3015 4234 nuntians
3047 4183 3246 4234 bortum
3265 4182 3328 4232 ab
3352 4196 3468 4247 apro
3490 4183 3564 4232 in·

2004 4263 2145 4323 gente
2195 4260 2450 4311 devastari.
2505 4262 2653 4324 igitur
2691 4267 2923 4324 Ancaeus,
2967 4260 3115 4310 misso
3149 4259 3352 4324 poculo,
3391 4263 3564 4311 contra

2006 4351 2178 4400 aprum
2202 4339 2460 4401 egreditur,
2496 4339 2559 4388 ab
2595 4351 2750 4400 eoque
2781 4338 2911 4388 ictus
2943 4337 3084 4401 perit.
3111 4336 3230 4388 inde
3251 4337 3558 4400 proverbium

2007 4415 2068 4463 de
2096 4414 2177 4477 iis,
2197 4416 2375 4478 quibus
2393 4417 2558 4465 contra
2576 4414 2979 4478 exspectationem
3000 4413 3179 4477 aliquid
3198 4414 3399 4477 accidit,
3419 4427 3560 4464 usur·

2008 4495 2168 4554 patus·
3200 4515 3212 4534 1

2725 4602 2847 4650 177.

2073 4720 2261 4780 Lupum
2297 4719 2462 4781 Delphi
2496 4719 2687 4780 colunt,
2715 4718 2862 4770 SamIi
2895 4731 3037 4769 ovem
3057 4719 3402 4767 venerantur...
3440 4719 3564 4766 Cau·

2008 4807 2086 4843 sas
2109 4797 2270 4844 autem
2288 4795 2600 4857 quamobrem
2625 4794 2898 4859 hujusmodi
2919 4795 3097 4845 bestias
3126 4794 3274 4843 divini
3297 4794 3459 4843 cultus
3481 4794 3562 4842 bo·

2012 4884 2128 4921 nore
2167 4875 2535 4935 prosequantur,
2572 4886 2667 4922 non
2709 4872 2920 4923 alienum
2956 4875 3026 4922 est
3058 4872 3315 4936 explicare.
3369 4870 3565 4932 Delphis

2011 4961 2184 4997 aurum
2223 4961 2414 4998 sacrum
2437 4951 2568 5002 lutto
2600 4950 2840 5012 direptum
2883 4953 2931 5000 et
2957 4950 3006 4999 in
3037 4953 3271 5000 Parnasso
3293 4947 3560 5006 defossum,

2011 5024 2134 5073 sicut
2154 5023 2268 5074 dicit
2296 5026 2516 5088 Polemo,
2542 5026 2841 5089 investigavit
2871 5026 3038 5090 lupus;
3066 5026 3235 5077 samiis
3253 5024 3367 5075 item
3390 5037 3563 5073 aurum

2013 5104 2139 5151 furto
2179 5103 2423 5152 sublatum
2459 5105 2564 5154 ovis
2601 5104 2782 5155 invenit
2793 5123 2809 5168 ;
2836 5118 2984 5168 quare
3016 5103 3356 5155 Mmdrobulus
3379 5102 3568 5155 samius

2013 5180 2192 5231 Juuoni
2212 5193 2352 5229 ovem
2378 5181 2670 5231 consecravit
2687 5219 2700 5243 ,
2723 5185 2776 5231 ut
2797 5182 3073 5233 Aristoteles
3091 5180 3251 5231 tradit.
