4016 5916
1696 442 2188 501 FRAGMENTA.

340 572 578 650 ἐγένετο,
627 574 743 630 ἀλλ’
792 571 903 631 οὐδ’
945 570 1177 652 ὕστερον.
1230 570 1379 644 Αὕτη
1421 571 1523 653 γὰρ
1557 575 1590 642 ἡ
1621 570 1750 648 τιμὴ
1785 579 1892 638 τοῖς

342 661 610 739 συγγενέσι
647 659 1027 740 διεφυλάττετο.
1110 658 1390 740 Τιμαγόρα
1434 658 1527 736 μὲν
1560 657 1661 738 γὰρ
1701 663 1774 740 τῷ
1810 658 1895 717 Ἀ-

341 748 538 829 θηναίῳ
555 791 571 820 ,
599 751 674 827 τῷ
701 746 1119 827 προσκυνήσαντι
1150 747 1367 827 βασιλέα
1386 791 1402 820 ,
1434 745 1537 806 καὶ.
1559 747 1790 824 μάλιστα
1818 771 1894 806 τι·

342 833 591 911 μηθέντι,
632 839 783 894 τοῦτο
809 836 907 914 οὐχ
952 833 1176 913 ὑπῆρξε·
1224 837 1327 893 τῶν
1375 832 1429 893 δὲ
1472 833 1891 915 παρατιθεμένων

346 922 551 999 βασιλεῖ
600 920 764 1002 τούτῳ
816 921 931 980 τινὰ
993 922 1096 979 ἀπὸ
1144 925 1235 992 τῆς
1284 919 1542 1001 τραπέζης
1587 921 1889 982 ἀπέστελλε.

344 1009 648 1089 Ἀνταλκίδᾳ
668 1007 723 1066 δὲ
740 1012 815 1089 τῷ
845 1007 1058 1069 Λάκωνι
1086 1007 1171 1067 τὸν
1199 1013 1355 1067 αὑτοῦ
1376 1008 1621 1090 στέφανον
1641 1010 1710 1074 εἷς
1732 1007 1894 1089 μύρον

346 1095 519 1174 βάψας
547 1094 768 1177 έπεμψε.
800 1099 895 1177 Τῷ
925 1096 971 1154 δ’
995 1095 1225 1176 Ἐντίμῳ
1253 1101 1467 1155 τοιαῦτα
1491 1093 1662 1154 πολλὰ
1696 1097 1856 1154 ἐποίει
1874 1140 1890 1168 ,

344 1184 434 1242 καὶ
477 1181 564 1241 ἐπὶ
613 1181 671 1241 τὸ
713 1182 1010 1261 συγγενικὸν
1058 1183 1265 1264 ἄριστον
1326 1183 1519 1245 ἐκάλει.
1603 1183 1719 1264 Ἐφ’
1762 1175 1806 1262 ᾧ
1847 1187 1893 1241 οἱ

349 1270 550 1352 Πέρσαι
571 1273 815 1350 χαλεπῶς
836 1270 1033 1353 ἔφερον,
1054 1275 1123 1339 ὡς
1145 1275 1236 1343 τῆς
1263 1295 1318 1330 τε
1342 1276 1494 1349 τιμῆς
1519 1272 1892 1348 δημευομένης,

346 1357 435 1417 καὶ
462 1357 732 1437 στρατείας
764 1358 849 1416 ἐπὶ
886 1357 979 1429 τὴν
1017 1357 1255 1419 Ἐλλάδα
1294 1358 1451 1417 πάλιν
1486 1357 1755 1435 ἐσομένης.
1791 1357 1891 1418 ''l-:-

344 1447 521 1524 πεμψε
552 1443 604 1502 δὲ
631 1444 720 1502 καὶ
740 1445 916 1516 κλίνην
938 1447 1079 1523 αὐτῷ
1103 1443 1430 1525 ἀργυρόποδα
1449 1491 1466 1519 ,
1488 1445 1575 1504 καὶ
1596 1444 1892 1526 στρωμνὴν,

346 1534 432 1590 καὶ
456 1531 651 1605 σκηνὴν
675 1535 1010 1614 οὗρανόροφον
1041 1533 1264 1607 ἀνθινὴν,
1291 1534 1380 1593 καὶ
1408 1533 1582 1614 θρόνον
1614 1536 1888 1614 ἀργυροῦν,

345 1617 436 1676 καὶ
476 1618 750 1700 ἐπίχρυσον
807 1623 1059 1697 σκιάδιον,
1110 1619 1199 1679 καὶ
1256 1621 1445 1701 φιάλας
1501 1621 1893 1692 λιθοκολλήτους

345 1714 566 1784 χρυσᾶς,
584 1707 674 1764 καὶ
699 1710 923 1788 ἀργυρᾶς
945 1707 998 1766 δὲ
1025 1707 1256 1786 μεγάλας
1283 1707 1489 1785 ἑκατὸν,
1518 1708 1607 1766 καὶ
1633 1712 1894 1789 κρατῆρας

347 1796 624 1874 ἀργυροῦς,
654 1794 744 1852 καὶ
788 1794 1064 1861 παιδίσκας
1094 1794 1299 1871 ἑκατὸν,
1342 1793 1431 1854 καὶ
1467 1797 1657 1863 παῖδας
1686 1795 1891 1873 ἑκατὸν,
1934 1795 1940 1846 ἵ

344 1886 566 1960 χρυσοῦς
592 1904 647 1939 τε
671 1880 1067 1962 ἑξακισχιλίους,
1095 1880 1254 1962 χωρὶς
1280 1885 1381 1941 τῶν
1417 1886 1487 1950 εἷς
1516 1881 1585 1942 τὰ
1629 1883 1892 1955 ἐπιτήδεια

349 1969 471 2025 καθ’
493 1968 693 2050 ἡμέραν
725 1970 1021 2046 διδομένων.

425 2060 559 2130 Quae
583 2078 649 2116 ex
676 2061 762 2115 his
789 2062 1010 2116 Phaniae
1042 2060 1375 2132 debeantur,
1420 2080 1542 2135 quae
1586 2061 1896 2118 Heraclidae

346 2145 629 2216 Cumano,
657 2148 755 2219 qui
778 2148 837 2202 in
864 2146 1323 2203 antecedentibus
1346 2158 1712 2218 memoratur,
1743 2148 1896 2204 haud

347 2233 543 2304 liquet.
580 2236 665 2289 De
691 2236 986 2309 Timagora
1010 2233 1337 2290 Atheniensi
1357 2254 1413 2294 v,
1438 2231 1699 2310 Xenoph.
1746 2237 1892 2292 Hell.

346 2320 480 2390 vll,
512 2337 560 2389 1,
592 2319 692 2395 33,
720 2320 819 2390 38,
849 2322 987 2396 ibiq.
1014 2322 1251 2396 interpr.

451 2459 626 2518 ΠΕΡΙ
668 2459 817 2521 ΤΩΝ
860 2463 957 2522 EN
1002 2463 1313 2549 ΣΙΚΕΛῘᾼ
1360 2464 1409 2522 Τ
1416 2464 1793 2524 ΥΡΑΝΝΩΝ.

1082 2636 1169 2677 12.

428 2743 719 2800 Athenaeus
756 2746 858 2815 vl,
889 2763 948 2819 p.
987 2745 1122 2817 231,
1154 2749 1200 2802 E
1232 2767 1247 2802 ε
1285 2743 1388 2806 Καὶ
1417 2745 1482 2804 τὰ
1521 2748 1571 2804 ἐν
1600 2749 1816 2825 Δελφοῖς
1844 2747 1896 2805 δὲ

348 2827 655 2903 ἀναθήματα
675 2827 741 2886 τὰ
764 2831 966 2908 ἀργυρᾶ
992 2831 1079 2888 καὶ
1097 2830 1163 2889 τὰ
1181 2842 1354 2912 χρυσᾶ
1374 2833 1475 2892 ὑπὸ
1497 2834 1703 2912 πρώτου
1730 2834 1897 2912 Γύγου

342 2920 434 2973 τοῦ
463 2917 644 2977 Λυδῶν
683 2917 937 2997 βασιλέως
965 2919 1201 2991 ἀνετέθη·
1230 2919 1317 2980 καὶ
1344 2922 1445 3002 πρὸ
1471 2926 1562 2994 τῆς
1593 2921 1773 2982 τούτου
1800 2927 1895 3002 βα·

344 3002 537 3070 σιλείας
562 2997 871 3084 ἀνάργυρος,
914 3004 990 3063 ἔτι
1033 3005 1088 3063 δὲ
1134 3007 1384 3087 ἄχρυσος,
1413 3001 1475 3082 ἦν
1516 3014 1544 3068 ὁ
1581 3009 1800 3085 Πύθιος,
1830 3013 1897 3075 ὡς

236 3112 241 3117 ·
342 3090 551 3156 Φανίας
574 3090 631 3148 τέ
661 3114 813 3172 φησιν
841 3096 869 3151 ὁ
896 3092 1132 3173 Ἐρέσιος
1158 3094 1246 3153 καὶ
1270 3096 1587 3173 θεόπομπος
1613 3098 1664 3154 ἐν
1692 3099 1757 3175 τῇ
1780 3119 1896 3154 τεσ·

3422 451 3533 502 297

1983 575 2284 652 σαρακοστῇ
2335 574 2438 629 τῶν
2489 572 2852 632 Φιλιππικῶν.
2915 568 3202 649 Ἱστοροῦσι
3252 572 3353 652 γὰρ
3399 565 3538 633 οὗτοι

1982 662 2309 735 κοσμηθῆναι
2360 658 2418 716 τὸ
2463 657 2690 718 Πυθικὸν
2728 657 2862 737 ἱερὸν
2907 657 3009 716 ὑπό
3034 681 3091 716 τε
3132 664 3220 717 τοῦ
3249 659 3418 737 Γύγου
3447 661 3537 720 καὶ

1982 751 2075 804 τοῦ
2117 746 2249 823 μετὰ
2277 750 2457 804 τοῦτον
2504 745 2755 824 Κροίσου,
2795 745 2906 821 μεθ’
2934 744 3019 812 οὒς
3064 744 3168 803 ὑπό
3208 770 3264 804 τε
3309 748 3539 814 Γέλωνος

1981 831 2072 890 καὶ
2110 831 2343 910 Ἱέρωνος
2376 833 2478 888 τῶν
2526 832 2875 903 Σικελιωτῶν,
2916 837 3006 890 τοῦ
3050 830 3143 908 μὲν
3187 833 3407 911 τρίποδα
3448 833 3538 892 καὶ

1982 918 2153 991 Νίκην
2178 923 2376 999 χρυσοῦ
2395 917 2722 995 πεποιημένα
2750 918 3020 986 ἀναθέντος
3037 964 3053 995 ,
3077 921 3193 977 καθ’
3220 918 3306 986 οὒς
3326 919 3541 1001 χρόνους

1982 1004 2181 1086 Ξέρξης
2227 1004 2566 1084 ἐπεστράτευε
2609 1012 2672 1084 τῇ
2715 1004 2963 1081 Ἑλλάδι,
2996 1010 3086 1064 τοῦ
3125 1005 3168 1063 δ’
3207 1004 3440 1087 Ἱέρωνος
3473 1008 3540 1066 τὰ

1982 1092 2157 1169 ὅμοια.
2186 1092 2341 1170 Λέγει
2360 1091 2414 1151 δὲ
2432 1091 2591 1159 οὕτως
2612 1095 2639 1150 ὁ
2661 1091 2976 1169 Θεόπομπος
2993 1116 3005 1129 ·
3032 1120 3053 1145 ι
3075 1083 3182 1153 ’Ἦν
3203 1092 3302 1174 γὰρ
3327 1095 3440 1155 κτλ.
3465 1096 3536 1172 (ν.

1981 1183 2052 1240 st.
2075 1201 2210 1258 2¹9·
2235 1187 2250 1257 )
2272 1178 2498 1260 Ἱστορεῖ
2513 1179 2578 1239 τὰ
2612 1179 2744 1239 αὐτὰ
2761 1180 2848 1239 καὶ
2866 1180 3074 1248 Φανίας
3101 1183 3153 1240 ἐν
3178 1185 3253 1261 τῷ
3281 1183 3412 1262 Περὶ
3437 1177 3538 1241 τῶν

1984 1270 2037 1325 ἐν
2063 1267 2280 1350 Σικελίᾳ
2320 1267 2601 1346 τυράννων,
2638 1272 2706 1335 ὡς
2730 1270 2944 1348 χαλκῶν
2984 1267 3146 1328 ὄντων
3169 1273 3270 1328 τῶν
3299 1272 3538 1328 παλαιῶν

1984 1356 2331 1432 ἀναθημάτων
2372 1354 2463 1414 καὶ
2485 1356 2738 1435 τριπόδων
2780 1355 2871 1414 καὶ
2915 1355 3150 1427 λεὸήτων
3184 1356 3273 1416 καὶ
3315 1359 3536 1439 ἐγχειρι-

1983 1442 2125 1515 δίων,
2159 1434 2229 1501 ὧν
2256 1443 2333 1524 ἐφ’
2363 1442 2472 1510 ἑνὸς
2500 1442 2590 1501 καὶ
2620 1444 2993 1522 ἐπιγεγράφθαι
3021 1443 3203 1524 φησίν·

2045 1597 2231 1654 Θάησαί
2256 1597 2320 1661 μ’·
2339 1598 2463 1647 ἐτεὸν
2482 1599 2568 1662 γὰρ
2589 1600 2634 1647 ἐν
2653 1598 2791 1647 Ἰλίου
2810 1598 2927 1662 εὐρέϊ
2948 1599 3110 1664 πύργῳ

2106 1668 2182 1728 ἦν,
2203 1668 2277 1717 ὅτε
2297 1669 2568 1732 καλλικόμῳ
2587 1668 2837 1733 μαρνάμεθ’
2856 1669 2966 1732 ἀμφ’
2983 1671 3142 1732 Ἑλένῃ
3159 1687 3173 1701 ·

2042 1737 2122 1786 καί
2149 1737 2196 1800 μ’
2222 1737 2527 1800 Ἀντηνορίδης
2550 1738 2699 1801 ἐφόρει
2724 1739 2892 1802 κρείων
2911 1739 3157 1789 Ἑλικάων.

2108 1809 2205 1857 Νῦν
2225 1808 2275 1856 δέ
2295 1823 2349 1871 με
2370 1809 2602 1866 Λητοΐδου
2624 1811 2743 1857 θεῖον
2765 1809 2862 1872 ἔχει
2879 1810 3095 1861 δάπεδον.

1984 1946 1999 1967 2

2004 1946 2111 2007 Επὶ
2141 1946 2194 2005 δὲ
2225 1946 2460 2028 τρίποδος
2480 1993 2496 2024 ,
2525 1947 2578 2015 ὃς
2606 1940 2667 2020 ἦν
2694 1939 2764 2016 εἷς
2791 1952 2893 2007 τῶν
2923 1949 3009 2035 ἐπὶ
3045 1949 3336 2032 Πατρόκλῳ
3368 1952 3536 2011 ἄθλων

1982 2033 2227 2093 τεθέντων
2240 2058 2252 2071 ·

2046 2174 2251 2231 Χάλκεός
2272 2177 2363 2238 εἶμι
2383 2177 2568 2240 τρίπους
2589 2193 2598 2202 ·
2620 2179 2767 2227 Πυθοῖ
2783 2179 2824 2227 δ’
2842 2178 3090 2241 ἀνάκειμαι
3121 2180 3334 2242 ἄγαλμα,

2046 2245 2124 2292 καί
2150 2245 2198 2308 μ’
2217 2246 2290 2294 ἐπὶ
2317 2247 2571 2310 Πατρόκλῳ
2596 2248 2731 2307 θῆκεν
2750 2248 2895 2305 πόδας
2912 2250 3034 2305 ὠκὺς
3054 2248 3304 2312 Ἀχιλλεύς·

2045 2316 2263 2374 Τυδείδης
2282 2317 2323 2365 δ’
2343 2318 2535 2376 ἀνέθηκε
2556 2320 2670 2382 βοὴν
2694 2319 2865 2381 ἀγαθὸς
2888 2322 3120 2383 Διομήδης
3133 2358 3147 2382 ,

2044 2386 2238 2444 νικήσας
2259 2388 2444 2436 ἵπποισι
2464 2390 2590 2451 παρὰ
2615 2390 2791 2439 πλατὺν
2808 2392 3165 2450 Ἑλλήσποντον.

2720 2521 2806 2576 13.

2029 2677 2038 2684 ·
2064 2659 2223 2714 Idem
2252 2660 2314 2728 1,
2338 2677 2400 2733 p.
2434 2660 2494 2733 6,
2513 2661 2556 2717 C
2588 2678 2601 2718 t
2632 2659 2839 2725 Φανίας
2868 2660 2922 2717 δέ
2951 2683 3122 2739 φησιν,
3154 2658 3230 2719 ὅτι
3262 2659 3540 2729 Φιλόξενος

1983 2747 2012 2801 ὁ
2043 2742 2296 2822 Κυθήριος
2319 2744 2537 2815 ποιητὴς
2552 2789 2569 2821 ,
2597 2745 2886 2826 περιπαθὴς
2911 2745 2984 2804 ὧν
3006 2749 3111 2816 τοῖς
3135 2747 3301 2828 ὄψοις,
3322 2751 3538 2808 δειπνῶν

1983 2853 2108 2889 ποτε
2155 2829 2300 2910 παρὰ
2344 2831 2633 2912 Διονυσίῳ,
2681 2835 2751 2899 ὥς
2791 2823 2920 2891 εἶδεν
2965 2834 3145 2915 ἐκείνῳ
3174 2831 3269 2912 μὲν
3305 2837 3539 2915 μεγάλην

1983 2917 2196 2997 τρίγλαν
2236 2920 2640 3000 παρατεθεῖσαν,
2687 2923 2855 3001 ἐαυτῷ
2901 2919 2956 2980 δὲ
3005 2922 3213 3002 μικρὰν,
3261 2915 3539 2984 ἀναλαόὼν

1986 3006 2146 3079 αὐτὴν
2171 3009 2241 3075 εἰς
2277 3007 2370 3075 τὰς
2397 3016 2575 3089 χεῖρας
2618 3009 2745 3089 πρὸς
2771 3010 2831 3068 τὸ
2859 3001 2945 3078 οῦς
2989 3012 3331 3092 προσήνεγκε.
3365 3017 3538 3074 Πυθο-

1988 3094 2142 3171 μένου
2173 3094 2225 3153 δὲ
2249 3101 2337 3154 τοῦ
2366 3096 2663 3172 Διονυσίου,
2689 3096 2822 3165 τίνος
2843 3096 3011 3157 ἕνεκεν
3034 3105 3184 3159 τοῦτο
3208 3102 3373 3174 ποιεῖ,
3399 3093 3539 3159 εἶπεν

345 3257 557 3319 cognatis
591 3258 672 3310 ille
691 3259 843 3311 bonos
864 3274 1117 3313 concessus
1149 3264 1236 3312 est.
1277 3265 1442 3326 Neque
1472 3265 1601 3313 enim
1624 3262 1897 3325 Timagoras
1935 3280 1942 3347 1
1984 3262 2103 3311 riam
2114 3274 2173 3312 ex
2183 3276 2302 3312 auro
2313 3262 2486 3313 tactam
2496 3264 2913 3328 dedicaverit,quo
2927 3266 3142 3328 tempore
3151 3268 3543 3318 XerxesGraeciae

346 3335 661 3397 Atheniensis,
677 3351 828 3400 quum
840 3339 1081 3390 adorasset
1101 3354 1275 3404 regem,
1294 3355 1560 3405 magnoque
1579 3343 1758 3393 honore
1776 3344 1898 3391 esset
1938 3358 1942 3377 ³
1985 3341 2163 3391 bellum
2184 3342 2322 3393 intuli
2333 3345 2378 3405 t;
2399 3343 2543 3393 Hiero
2560 3357 2674 3393 vero
2694 3358 2859 3393 rursus
2877 3345 3007 3407 paria
3024 3344 3150 3395 dona
3167 3345 3366 3396 miserit.
3387 3347 3540 3395 Theo·

346 3417 602 3477 exceptus,
635 3416 683 3465 id
705 3421 989 3468 consecutus
1022 3422 1094 3468 est
1129 3420 1245 3470 :sed
1275 3420 1347 3470 illi
1383 3421 1538 3470 solum
1574 3434 1635 3471 ex
1673 3421 1899 3484 appositis

314 3542 320 3548 „
347 3489 447 3552 regi
479 3492 667 3542 ferculis
697 3495 918 3556 quaedam
950 3496 1236 3545 mittebatur
1267 3497 1436 3560 portio.
1479 3498 1741 3547 Antalcidae
1781 3510 1897 3547 vero

346 3568 706 3619 Lacedaemonio
746 3584 833 3619 rex
853 3584 988 3623 suam
1024 3573 1121 3634 ipse
1148 3585 1404 3636 coronam,
1440 3576 1683 3637 unguento
1710 3574 1896 3624 delibu-

345 3645 473 3707 tam,
498 3646 643 3695 misit.
669 3647 914 3697 Entimum
934 3662 1049 3698 vero
1065 3649 1227 3700 multis
1249 3650 1426 3701 talibus
1458 3651 1748 3713 honorabat,
1767 3651 1897 3702 etad

347 3723 625 3773 convivium
662 3725 862 3775 vocabat
885 3731 1197 3789 cognatorum
1232 3746 1246 3777 ε
1284 3742 1409 3790 a’gre
1432 3729 1893 3803 serentibusssersis,

347 3799 477 3861 quod
507 3804 557 3850 et
585 3802 861 3863 vulgaretur
885 3803 966 3854 ille
993 3804 1172 3866 bonos,
1204 3807 1255 3855 et
1277 3819 1399 3855 nova
1422 3806 1661 3869 expeditio
1685 3807 1734 3856 in
1758 3810 1896 3857 Grae-

346 3875 470 3926 ciam
492 3877 671 3928 instare
693 3878 950 3931 videretur.
983 3882 1112 3931 Misit
1137 3895 1252 3932 vero
1282 3884 1325 3932 ei
1353 3896 1439 3933 rex
1462 3887 1510 3934 et
1531 3884 1711 3934 lectum
1736 3898 1878 3947 argen

349 3953 439 4005 teis
458 3955 683 4020 pedibus,
707 3960 755 4008 et
785 3958 1020 4021 quidquid
1042 3961 1105 4011 ad
1129 3975 1241 4012 eum
1265 3963 1572 4013 sternendum
1604 3963 1897 4026 pertinebat,

346 4034 395 4082 et
424 4033 789 4085 tabernaculum
819 4037 1081 4088 orbiculato
1106 4042 1260 4103 tecto,
1286 4041 1482 4092 floribus
1500 4042 1819 4105 variegatum,
1852 4045 1901 4092 et

346 4111 512 4163 sellam
557 4116 861 4177 argenteam,
910 4120 959 4166 et
1002 4119 1260 4169 umbellam
1297 4121 1596 4182 inauratam,
1640 4123 1689 4170 et
1728 4136 1900 4172 aureas

347 4189 528 4251 phialas
560 4192 762 4253 gemmis
787 4194 1058 4257 distinctas,
1091 4199 1141 4246 et
1163 4201 1356 4247 centum
1392 4198 1510 4248 alias
1532 4202 1777 4262 argenteas
1801 4214 1898 4250 ma·

343 4268 502 4328 joreS,
530 4270 580 4316 et
598 4270 806 4318 crateres
838 4272 1108 4332 argenteos,
1130 4273 1313 4335 puellas
1349 4276 1573 4335 centum,
1608 4275 1899 4339 totidemque

344 4354 546 4403 pueros,
565 4345 614 4393 et
631 4359 888 4395 aureorum
912 4360 1173 4397 numerum
1197 4349 1347 4399 millia
1369 4363 1480 4411 sex,
1514 4353 1690 4413 proeter
1713 4366 1769 4401 ea
1792 4367 1919 4416 quae·

348 4418 409 4467 ad
428 4421 758 4482 quotidianam
778 4425 1040 4487 impensam
1063 4426 1315 4477 dabantur.

672 4531 777 4590 DE
822 4531 1120 4593 slclLlAE
1162 4536 1566 4596 TYRANMS.

1082 4658 1165 4708 12.

410 4743 622 4793 Fuerant
648 4747 813 4796 autem
850 4750 1073 4808 argentea
1104 4750 1153 4798 et
1185 4763 1331 4798 aurea
1360 4749 1559 4801 donaria
1585 4752 1631 4801 in
1668 4752 1896 4815 Delphico

348 4818 529 4880 templo
547 4820 757 4882 primum
775 4823 992 4872 omnium
1010 4837 1039 4873 a
1053 4827 1184 4887 Gyge
1197 4860 1212 4886 ‚
1238 4826 1477 4887 Lydorum
1497 4841 1630 4890 rege,
1650 4828 1896 4890 dedicata;

338 4898 461 4945 ante
484 4897 625 4959 cujus
661 4911 860 4962 regnum
898 4902 1095 4963 argento
1130 4903 1180 4951 et
1213 4914 1334 4951 auro
1372 4905 1528 4953 caruit
1564 4905 1761 4967 Pythius
1795 4925 1807 4958 ε
1844 4912 1901 4957 ut

344 4972 553 5026 Phanias
569 4977 736 5028 scribit
759 4979 966 5040 Eresius,
984 4982 1033 5029 et
1046 4979 1381 5044 Theopompus
1394 4983 1761 5046 Philippicorum
1777 4986 1900 5037 libro

344 5056 446 5107 XL.
462 5060 668 5110 Narrant
685 5062 813 5111 enim
837 5060 886 5110 hi
900 5099 914 5121 ‚
930 5066 1215 5113 exornatum
1232 5065 1376 5116 ruisse
1397 5066 1646 5129 Pythicum
1668 5070 1899 5132 templum

344 5146 498 5194 quum
513 5148 543 5184 a
555 5138 690 5199 Gyge
702 5175 716 5199 ,
733 5140 838 5188 tum
853 5142 961 5201 post
977 5139 1105 5189 hunc
1120 5153 1148 5188 a
1166 5142 1353 5203 Croeso,
1366 5147 1415 5191 et
1433 5146 1593 5206 postea
1614 5158 1643 5194 a
1659 5147 1840 5196 Gelone
1853 5152 1899 5197 et

342 5208 410 5261 ab
428 5211 631 5265 llierone
650 5215 821 5267 Siculis
834 5251 849 5277 ,
868 5230 1074 5279 quorum
1100 5219 1178 5268 ille
1198 5220 1431 5284 tripodem
1457 5236 1655 5275 aureum
1674 5229 1722 5274 et
1747 5227 1881 5275 Victo

1986 3421 2145 3483 pompi
2173 3422 2320 3470 verba
2354 3422 2458 3471 hacc
2502 3424 2694 3472 sunt....
2736 3423 2871 3472 Paria
2905 3423 3109 3473 Phanias
3143 3428 3304 3473 narrat
3339 3424 3386 3471 in
3421 3425 3540 3472 libro

1986 3503 2056 3549 De
2084 3498 2256 3549 Sicilioe
2280 3500 2490 3561 tyrannis
2508 3536 2521 3559 ,
2549 3500 2712 3550 dicens
2737 3513 2870 3551 aenea
2899 3501 3044 3551 fuisse
3075 3502 3226 3563 prisca
3247 3501 3468 3563 donaria,
3493 3504 3543 3551 et

1984 3575 2179 3639 quidem
2199 3578 2436 3640 tripodas,
2457 3578 2634 3628 lebetoe
2653 3580 2702 3628 et
2722 3579 2967 3642 pugiones.
2992 3582 3043 3628 ln
3064 3582 3321 3642 pugionum
3343 3592 3440 3628 uno
3455 3581 3541 3628 hos

1991 3654 2243 3716 inscriptos
2267 3655 2410 3703 fuisse
2423 3668 2591 3704 versus
2613 3655 2681 3704 ait
2703 3674 2716 3704 ε
2745 3656 2754 3665 “

2101 3756 2257 3812 Aspice
2285 3768 2355 3801 me
2377 3770 2389 3798 ι
2411 3768 2565 3801 revera
2586 3757 2707 3802 enim
2731 3757 2777 3800 in
2803 3758 2870 3801 Ilii
2893 3757 3038 3814 ampla
3057 3757 3170 3802 turri

2143 3835 2263 3868 eram
2280 3855 2291 3877 ,
2322 3836 2458 3879 quum
2476 3824 2536 3869 ob
2560 3824 2909 3889 pulchricomam
2926 3836 3227 3882 pugnaremus
3247 3826 3462 3872 Helenam

2091 3896 2137 3936 et
2156 3902 2226 3935 me
2243 3891 2540 3937 Antenoi-ides
2556 3892 2750 3947 gestabat
2767 3894 2977 3950 princeps
2999 3894 3210 3939 Helicaon
3229 3910 3243 3939 z

2148 3972 2271 4005 nunc
2289 3972 2360 4005 me
2379 3964 2559 4005 Latonae
2578 3962 2656 4004 lilii
2678 3959 2830 4005 fanum
2851 3960 3016 4006 tenet-⁹

1990 4059 2141 4117 Super
2163 4056 2347 4117 tripode
2367 4069 2508 4117 vero,
2529 4055 2614 4118 qui
2632 4069 2758 4105 unus
2779 4070 2840 4104 ex
2859 4056 2927 4105 eis
2943 4059 3072 4114 erat,
3100 4069 3212 4118 quae
3246 4056 3294 4106 in
3327 4057 3536 4107 Patrocli

1987 4132 2267 4182 funebribus
2288 4133 2411 4182 ludis
2430 4133 2627 4196 praemia
2664 4133 2925 4182 victoribus
2960 4133 3149 4183 ruerant
3175 4134 3449 4197 proposita,
3471 4136 3542 4183 in·

1985 4208 2162 4272 scripta
2188 4209 2294 4259 haec
2316 4214 2454 4259 erant
2479 4229 2492 4259 :

2093 4307 2256 4348 AEneus
2274 4316 2373 4349 sum
2393 4306 2559 4362 tripus‚
2586 4304 2748 4360 Pythio
2765 4308 3074 4350 consecratum
3103 4303 3340 4349 donarium
3366 4318 3380 4348 ι

2093 4372 2141 4415 in
2163 4374 2356 4418 Patrocli
2385 4372 2544 4418 sunere
2562 4374 2794 4429 praemium
2817 4385 2889 4416 mc
2907 4377 3196 4430 proposuerat
3219 4372 3432 4421 Achilles:

2094 4442 2314 4488 dedicavit
2339 4448 2488 4489 autem
2513 4444 2652 4498 Tydei
2672 4444 2813 4497 tilius,
2834 4444 2951 4488 belo
2977 4447 3182 4488 strenuus
3211 4443 3470 4497 Diomedes,

2095 4516 2328 4569 postquam
2348 4516 2472 4571 equis
2491 4515 2598 4560 vicit
2612 4515 2741 4569 Juxta
2758 4515 2897 4560 latum
2925 4513 3274 4572 Hellespontum.

2052 4686 2256 4737 Phanias
2292 4690 2455 4737 narrat
2493 4688 2811 4738 Philoxenum
2834 4687 3110 4751 cytherium
3141 4689 3331 4751 poetam
3349 4725 3364 4748 ,
3397 4688 3540 4739 obso-

1987 4762 2178 4813 niorum
2198 4764 2409 4827 cupediis
2424 4759 2771 4814 deditissimum
2784 4802 2797 4825 ,
2819 4778 2969 4827 quum
2987 4765 3198 4815 coenaret
3210 4765 3338 4829 apud
3365 4765 3542 4829 Diony·

1988 4840 2115 4890 sium
2131 4879 2146 4904 ,
2172 4842 2227 4890 ut
2253 4841 2460 4891 mullum
2481 4842 2719 4905 ingentem
2757 4842 2874 4892 vidit
2906 4842 2949 4891 ei
2976 4841 3272 4905 appositum,
3309 4842 3399 4893 sibi
3427 4856 3542 4893 vero

1990 4930 2194 4979 parvum
2213 4955 2227 4979 ,
2261 4930 2406 4966 manu
2425 4930 2512 4967 sua
2541 4918 2830 4981 prehensum
2852 4920 2980 4968 hunc
3014 4918 3286 4969 admovisse
3316 4919 3451 4980 auri,
3493 4922 3544 4970 et

1990 4994 2309 5057 interrofflnte
2330 4995 2554 5057 Dionysio
2566 5010 2653 5045 cur
2666 4996 2714 5045 id
2731 4997 2904 5046 faceret
2921 5033 2936 5059 ,
2957 4996 3276 5059 respondisse:
3294 4997 3542 5047 Galateam

1991 5084 2044 5121 se
2068 5072 2300 5134 scribere,
2320 5072 2650 5135 cupivisseque
2683 5073 2896 5123 nonnihil
2924 5086 3118 5135 eorum,
3156 5086 3265 5136 quae
3287 5072 3413 5136 apud
3449 5078 3543 5124 Ne·

1993 5163 2129 5200 reum
2153 5154 2400 5215 geruntur,
2429 5165 2490 5201 ex
2519 5152 2601 5201 illo
2619 5152 2849 5215 pisciculo
2881 5153 3077 5213 rescire;
3099 5153 3228 5201 hunc
3248 5166 3362 5202 vero
3391 5154 3543 5202 inter·

1995 5232 2210 5289 rogatum
2251 5228 2543 5292 respondisse
2579 5251 2591 5280 ι
2622 5230 2858 5293 iuniorem
2887 5244 3056 5281 aeeffie
3088 5235 3308 5295 captum,
3342 5230 3544 5294 ideoque
