4016 5916
381 446 498 498 174

1453 426 1942 488 ARISTOTELIS
1998 426 2494 491 FRAGMENTA.

378 570 449 622 ita
466 566 658 622 scribit
676 583 725 618 c.
753 563 809 633 5,
832 570 860 628 l.
884 583 898 616 :
918 561 1033 619 Οὔκ
1053 558 1265 632 ὤκνησα
1288 557 1377 617 καὶ
1400 558 1567 636 λέγειν
1583 557 1672 617 καὶ
1690 557 1923 638 γράφειν,
2014 563 2252 619 rendam
2274 564 2610 639 discipulum
2630 566 2813 620 fuisse.
2837 568 2954 620 Lex
2981 566 3234 639 quaedam
3255 570 3571 624 Locrorum

375 652 455 709 ὅτι
483 649 575 722 τὴν
605 647 689 706 ὑπ’
709 646 1087 727 Ἀριστοτέλους
1105 644 1525 723 παραδιδομένην
1554 646 1787 726 ἱστορίαν
1807 644 1925 723 περὶ

375 743 467 810 τῆς
509 734 749 802 ἀποικίας
788 733 1167 815 ἀληθινωτέραν
1198 725 1328 792 εἶναι
1376 733 1654 810 συμὸαίνει
1695 737 1786 805 τῆς
1828 731 1927 789 ὑπὸ

377 824 605 903 Τιμαίου
635 820 933 900 λεγομένης.
972 819 1194 882 Σύνοιδα
1223 818 1323 901 γὰρ
1354 825 1457 887 τοῖς
1487 818 1772 900 ἀνθρώποις
1797 823 1923 895 ὁμο-

374 914 609 987 λογοῧσιν
647 908 724 969 ὅτι
752 906 1106 986 παραδόσιμος
1134 910 1305 974 αὐτοῖς
1340 908 1474 966 ἐστὶν
1518 907 1651 978 αὕτη
1691 906 1927 985 περὶτῆς

378 999 620 1065 ἀποικίας
641 1001 676 1069 ἡ
704 996 852 1078 φήμη
874 994 1020 1075 παρὰ
1042 993 1302 1075 πατέρων,
1323 993 1387 1066 ἢν
1411 992 1764 1073 Ἀριστοτέλης
1794 989 1926 1071 εἴρη·

372 1110 480 1158 κεν,
504 1087 562 1144 οὗ
589 1084 836 1162 Τίμαιος.
868 1082 977 1143 Καὶ
1006 1082 1202 1142 τούτων
1236 1106 1295 1162 γε
1323 1080 1562 1148 τοιαύτας
1586 1079 1761 1161 ἔφερον
1784 1081 1928 1137 ἀπο·-

375 1173 551 1240 aazia<
576 1195 631 1232 κ.
687 1195 739 1232 τ.
769 1172 822 1232 λ.
857 1191 980 1247 quae
1025 1171 1179 1245 apud
1220 1172 1401 1244 ipsum
1432 1169 1732 1243 Polybium
1759 1169 1926 1243 legaS.

366 1266 459 1318 De
479 1282 538 1319 re
558 1263 628 1319 cf.
648 1262 870 1318 Miiller.
894 1262 1029 1316 Dor.
1066 1261 1142 1327 11,
1171 1278 1280 1329 227
1311 1276 1393 1332 sq.

1087 1361 1221 1420 230.

457 1471 709 1526 Clemens
734 1469 892 1524 Alex.
923 1467 1127 1522 strom.
1166 1465 1292 1538 I,p.
1328 1461 1439 1519 352
1485 1462 1632 1536 Sylb.
1670 1482 1684 1516 ε
1713 1461 1925 1535 Χαμαι-

377 1552 509 1610 λέων
536 1556 563 1609 6
592 1549 967 1631 Ἡρακλεώτης
1000 1551 1050 1606 ἐν
1087 1553 1163 1628 τῷ
1205 1548 1337 1628 Περὶ
1377 1547 1534 1623 μέθης
1565 1546 1656 1605 καὶ
1688 1546 1923 1627 Ἀριστο-

376 1640 526 1711 τέλης
569 1641 619 1696 ἐν
667 1644 732 1717 τῇ
779 1642 995 1714 Λοκρῶν
1042 1637 1277 1717 πολιτεία
1324 1634 1587 1697 Ζάλευκον
1616 1636 1701 1695 τὸν
1733 1636 1930 1715 Λοκρὸν

378 1726 522 1805 παρὰ
572 1731 665 1799 τῆς
707 1726 923 1797 Ἀθηνᾶς
972 1722 1089 1790 τοὺς
1137 1723 1320 1802 νόμους
1364 1721 1653 1800 λαμὸάνειν
1688 1726 1929 1800 ἀπομνη-

383 1811 672 1888 μονεύουσι.

456 1904 643 1961 Schol.
667 1903 896 1961 Pindar.
946 1905 1039 1961 Ol.
1071 1905 1180 1972 XI,
1226 1917 1319 1977 17,
1347 1902 1418 1958 de
1447 1905 1768 1959 Locrorum
1796 1901 1928 1954 civi·

378 2001 490 2046 tate
514 2009 528 2045 :
556 1988 763 2068 Καίπερ
779 1988 996 2068 τραχεῖα
1015 1979 1144 2047 οῧσα
1160 1987 1470 2068 εὐνομεῖται.
1487 1986 1590 2047 Διὰ
1604 1985 1655 2043 τί
1680 1985 1751 2058 δὲ,
1776 1984 1929 2064 φησὶν

378 2073 748 2153 Ἀριστοτέλης.
778 2073 1000 2146 Ἐπειδὴ
1036 2074 1138 2155 γὰρ
1174 2076 1401 2153 ἐχρῶντο
1445 2077 1520 2153 τῷ
1553 2076 1677 2153 θεῷ,
1717 2074 1826 2137 πῶς
1868 2070 1928 2128 ἂν

377 2163 571 2231 πολλῆς
588 2167 824 2241 ταραχῆς
847 2164 1213 2240 ἀπαλλαγεῖεν,
1238 2161 1469 2229 ἐξέπεσεν
1491 2163 1661 2227 αὐτοῖς
1673 2158 1928 2238 χρησμὸς,

378 2253 575 2315 ἑαυτοῖς
616 2250 803 2331 νόμους
844 2250 1108 2327 τίθεσθαι,
1149 2248 1232 2308 ὅτε
1275 2249 1365 2307 καί
1406 2273 1480 2316 τις
1520 2248 1733 2324 ποιμὴν,
1769 2246 1928 2322 ὄνομα

379 2336 421 2392 δ’
442 2327 504 2406 ἦν
525 2337 813 2411 Ζάλευκος,
845 2337 1064 2404 πόλλους
1094 2336 1279 2412 νόμους
1301 2336 1537 2408 δυνηθείη
1566 2343 1670 2401 τοῖς
1699 2332 1929 2399 πολίταις

377 2426 681 2502 εἰσενεγκεῖν
708 2425 947 2500 δοκίμους
962 2448 974 2461 ·
996 2424 1240 2501 γνωσθεὶς
1254 2423 1307 2480 δὲ
1332 2423 1422 2481 καὶ
1447 2422 1718 2505 ἐρωτηθεὶς
1733 2465 1748 2494 ,
1774 2420 1927 2479 πόθεν

377 2510 541 2590 εὕροι,
558 2510 744 2590 ἔφησεν
769 2510 1001 2569 ἐνύπνιον
1034 2513 1173 2590 αὐτῷ
1191 2509 1285 2580 τὴν
1304 2510 1518 2580 Ἀθηνᾶν
1543 2507 1924 2587 παρίστασθαι·

378 2598 454 2656 διὸ
479 2599 629 2663 αὐτός
658 2622 713 2656 τε
748 2598 1097 2677 ἠλευθέρωται
1134 2597 1223 2655 καὶ
1262 2596 1536 2672 νομοθέτης
1563 2596 1811 2665 κατέστη.
1842 2597 1925 2651 Cf.

375 2688 659 2742 Plutarch.
711 2688 862 2742 Mor.
905 2706 966 2760 p.
999 2685 1143 2756 543,
1179 2690 1228 2741 A
1274 2684 1370 2763 (p.
1416 2684 1530 2740 656
1577 2683 1814 2759 Didot).
1846 2683 1929 2739 De

374 2775 640 2829 Minervae
684 2774 841 2828 cultu
884 2775 1151 2829 Locrensi
1192 2791 1223 2828 a
1252 2772 1552 2829 Corinthiis
1577 2768 1930 2844 Syracusanis

375 2861 686 2916 derivando
724 2879 781 2914 v.
812 2861 1032 2917 Miiller.
1062 2860 1100 2913 l.
1142 2862 1181 2913 l.
1208 2879 1268 2932 p.
1301 2859 1415 2913 228
1435 2900 1450 2927 ,
1486 2879 1534 2916 1.
1562 2862 1646 2913 De
1684 2858 1920 2913 Zaleuco

376 2951 505 3006 vide
529 2948 771 3004 cundem
797 2960 852 3003 et
892 2967 1034 3022 quos
1062 2947 1251 3004 laudat
1279 2950 1583 3004 Hermann.
1615 2947 1654 3004 l.
1683 2948 1741 3016 l.‚
1773 2946 1804 3021 §
1833 2944 1927 3020 89.

1067 3051 1248 3129 [ωτι]

457 3158 477 3236 [
506 3159 733 3215 Aristot.
767 3158 890 3213 Pol.
923 3160 1010 3229 11,
1047 3179 1119 3234 9,
1151 3157 1183 3214 5
1225 3179 1237 3213 :
1276 3155 1567 3233 Νομοθέται
1589 3157 1631 3213 δ’
1664 3154 1925 3232 ἐγένοντο,

376 3245 635 3311 Ζάλευκος
665 3249 882 3323 Λοκροῖς
916 3252 1019 3312 τοῖς
1049 3245 1447 3326 Ἐπιζεφυρίοις.

453 3334 602 3390 lbid.
644 3334 718 3389 ait
748 3335 1049 3388 nonnullos
1091 3344 1299 3390 temere
1339 3353 1568 3390 narrare
1607 3337 1929 3408 Lycurgum

377 3431 429 3474 ct
477 3421 805 3488 Zaleucum,
850 3421 1089 3476 Thaletis
1133 3420 1462 3494 discipulos,
1510 3422 1732 3476 Zaleuci
1785 3421 1928 3477 Cha-

434 3585 558 3633 Nihil
583 3597 691 3633 sum
715 3588 968 3634 cunctatus
986 3589 1035 3634 et
1059 3585 1217 3635 dicere
1229 3590 1278 3635 et
1294 3585 1501 3635 scribere
1519 3586 1841 3634 narrationem
1864 3584 1926 3632 ab

373 3661 626 3710 Aristotele
647 3660 885 3723 proditam
901 3662 1143 3711 memorioe
1154 3675 1297 3724 super
1314 3661 1601 3712 deductione
1614 3661 1718 3723 ejus
1726 3661 1926 3712 colonia}

372 3737 607 3786 veriorem
631 3750 731 3786 esse
753 3750 810 3786 ea
835 3751 983 3800 quam
1006 3739 1147 3788 affert
1173 3740 1399 3789 Timaeus.
1431 3741 1744 3801 compertum
1779 3751 1919 3787 nam·

373 3827 466 3877 que
476 3813 590 3863 milii
602 3816 674 3863 est
687 3815 811 3876 ipsos
828 3817 1086 3864 Locrenses
1096 3815 1230 3865 fateri
1247 3829 1354 3865 eam
1364 3829 1415 3864 se
1432 3829 1460 3864 a
1474 3815 1690 3879 patribus
1704 3815 1925 3865 traditam

373 3891 608 3952 accepisse
635 3891 815 3939 samam
841 3891 901 3939 de
932 3905 1019 3940 sua
1047 3892 1260 3954 colonia,
1280 3905 1429 3954 quam
1458 3892 1602 3941 habet
1623 3892 1925 3953 Aristoteles,

372 3980 467 4016 non
487 3981 633 4030 quam
656 3966 801 4016 habet
823 3968 1049 4018 Timaeus.
1514 3957 1526 3970 ⁰

431 4134 735 4184 Chamaeleon
753 4134 1035 4183 Heracleota
1054 4135 1103 4182 in
1117 4133 1239 4183 libro
1256 4136 1325 4183 De
1339 4133 1567 4184 ebrietate
1584 4136 1633 4183 et
1658 4133 1928 4182 Aristoteles

372 4211 420 4260 iu
450 4214 713 4261 Locrorum
736 4224 835 4274 rep.
858 4211 1117 4261 zaleucum
1138 4214 1342 4261 Locrum
1376 4224 1405 4260 a
1427 4211 1637 4261 Minerva
1665 4210 1791 4271 leges
1818 4223 1929 4259 suas

368 4288 603 4351 accepisse
628 4288 914 4338 memorant.

437 4369 699 4415 Locrorum
738 4365 907 4414 civitas
944 4365 1033 4415 etsi
1071 4377 1238 4428 aspera
1273 4363 1454 4427 optime
1488 4364 1925 4414 administrabatur.

372 4444 578 4491 Causam
606 4443 672 4491 rei
690 4442 835 4492 tradit
856 4442 1144 4493 Aristoteles.
1176 4442 1364 4491 Etenim
1388 4455 1538 4503 quum
1562 4441 1706 4490 deum
1727 4440 1928 4492 interro-

371 4522 557 4582 gassent
570 4555 586 4582 ,
603 4518 845 4581 quomodo
864 4519 1049 4583 magnis
1061 4518 1214 4568 turbis
1235 4515 1424 4568 liberari
1446 4520 1653 4580 possent,
1671 4518 1855 4568 editum
1874 4519 1932 4568 iis

370 4597 624 4645 oraculum
648 4596 721 4644 est
740 4596 911 4658 jubens
930 4601 985 4646 ut
1008 4596 1095 4659 ipsi
1122 4596 1211 4645 sibi
1225 4596 1350 4659 leges
1369 4596 1574 4658 ferrent,
1611 4609 1763 4658 quum
1781 4598 1830 4646 et
1852 4610 1929 4658 pa-

374 4677 475 4721 stor
488 4670 684 4734 quidam
701 4708 716 4733 ‚
735 4673 968 4722 Zaleucus
985 4674 1180 4722 nomine
1192 4711 1207 4734 ,
1230 4673 1408 4722 multas
1430 4673 1555 4735 leges
1572 4675 1729 4735 posset
1746 4672 1932 4722 civibus

377 4751 499 4798 serre
522 4746 842 4810 optimusque.
873 4750 1104 4811 cognitus
1130 4764 1246 4799 vero
1275 4753 1423 4812 atque
1454 4750 1773 4812 interrogatus
1802 4749 1930 4800 unde

374 4825 608 4875 inveniret
638 4825 789 4887 leges,
818 4825 942 4875 dixit
984 4840 1066 4889 per
1092 4827 1304 4890 quietem
1344 4827 1428 4889 ipsi
1459 4826 1720 4877 Minervam
1756 4830 1926 4878 astare.

374 4909 533 4961 Quare
550 4903 823 4952 libertatem
842 4904 885 4953 ei
905 4903 1141 4955 dederunt
1159 4909 1208 4955 et
1223 4905 1539 4969 legislatorem
1562 4907 1928 4956 constituerunt.

436 5066 451 5128 ἱ
471 5069 643 5128 Legum
664 5064 785 5114 lator
801 5065 891 5115 suit
907 5066 1140 5116 Zaleucus
1165 5068 1323 5117 Locris
1342 5068 1680 5131 Epizephyrii&

437 5147 698 5192 Locrorum
718 5142 888 5192 civitas
906 5143 1081 5193 interiit
1102 5157 1161 5194 ex
1184 5145 1417 5194 affinitate
1441 5158 1554 5195 cum
1578 5145 1805 5207 Dionysio
1823 5158 1931 5197 con·

368 5223 536 5270 tracta*
561 5218 580 5283 ]

2019 671 2072 708 v.
2103 651 2171 708 fr.
2205 653 2331 709 123.

2099 739 2223 797 Pol.
2248 744 2313 809 V,
2341 740 2394 807 6,
2428 760 2456 811 7
2484 761 2497 794 ε
2518 737 2588 798 ‘H
2612 742 2824 817 Λοκρῶν
2849 738 2996 804 πόλις
3016 738 3254 798 ἀπώλετο
3269 742 3327 798 ἐκ
3342 745 3433 812 τῆς
3452 741 3576 821 πρὸς

2020 824 2281 883 Διονύσιον
2312 825 2538 896 κηδείας.
2564 827 2587 904 ]
3103 818 3106 821 ¹

2535 963 2584 1020 Τ
2588 962 3055 1022 ΑΡΑΝΤΙΝΩΝ.

2729 1102 2865 1157 232.

2102 1224 2302 1277 Pollux
2325 1223 2408 1278 lx
2428 1263 2443 1290 ‚
2468 1221 2541 1276 80
2567 1240 2581 1278 τ
2619 1218 2725 1278 Καὶ
2750 1218 3105 1299 Ἀριστοτέλης
3137 1223 3188 1279 ἐν
3219 1224 3282 1297 τῇ
3310 1222 3360 1281 Τ
3365 1222 3574 1301 αραντί·

2024 1331 2123 1365 νων
2172 1307 2407 1387 πολιτείᾳ
2459 1306 2732 1365 καλεῖσθαί
2773 1330 2899 1387 φησι
2945 1307 3177 1384 νόμισμα
3224 1309 3353 1387 παρ’
3405 1312 3575 1377 αὐτοῖς

2025 1401 2278 1472 νοῦμμον,
2321 1396 2399 1474 ἐφ’
2432 1385 2489 1452 οὗ
2514 1395 2895 1454 ἐντετυπῶσθαι
2914 1395 3164 1476 Τάραντα
3188 1395 3276 1454 τὸν
3303 1399 3574 1456 Ποσειδῶ-

2023 1505 2129 1553 νος,
2152 1483 2346 1562 δελφῖνι
2368 1483 2733 1561 ἐποχούμενον.
2756 1486 3020 1557 Sequitur
3047 1485 3119 1543 sr.
3159 1504 3225 1540 21
3244 1505 3264 1540 1
3280 1528 3294 1541 .

2101 1571 2342 1643 Reliqua
2371 1589 2601 1643 quoque
2630 1591 2752 1643 quae
2773 1571 2844 1626 de
2863 1573 3060 1627 Siculis
3084 1584 3140 1627 et
3162 1573 3367 1628 Italicis
3393 1576 3573 1629 munis

2023 1659 2224 1713 Pollux
2274 1658 2469 1727 affert,
2516 1658 2671 1713 haud
2713 1658 2887 1713 dubie
2933 1678 3002 1714 ex
3046 1658 3249 1715 eodem
3287 1658 3572 1717 fluxerunt

2024 1747 2343 1803 Aristotele.

2699 1839 2886 1920 [233]

2104 1964 2360 2044 [Aristot.
2393 1966 2512 2021 Pol.
2541 1963 2642 2039 lv,
2677 1971 2729 2034 4,
2767 1984 2789 2021 1
2826 1985 2839 2020 :
2874 1963 2967 2024 Ἐν
2997 1962 3230 2044 Τάραντι
3255 1962 3344 2022 καὶ
3368 1967 3568 2033 Βυζαν-

2025 2051 2118 2133 τίῳ
2149 2050 2237 2129 (τὸ
2271 2049 2558 2109 ἁλιευτικὸν
2582 2051 2872 2129 πολύοχλόν
2895 2052 3033 2110 ἐστιν
3055 2052 3096 2128 ).

2099 2145 2165 2209 V,
2198 2160 2256 2215 2,
2285 2140 2318 2196 8
2357 2159 2370 2195 t
2398 2138 2490 2198 Ἐν
2516 2138 2751 2216 Τάραντι
2779 2137 3101 2210 ἡττηθέντων
3129 2137 3217 2196 καὶ
3238 2138 3570 2214 ἀπολομένων

2022 2230 2230 2285 πολλῶν
2262 2225 2533 2305 γνωρίμων
2564 2226 2664 2283 ὑπὸ
2700 2228 2804 2283 τῶν
2833 2226 3094 2309 Ἰαπύγων
3138 2226 3320 2307 μικρὸν
3353 2225 3564 2304 ὕστερον

2023 2318 2125 2372 τῶν
2155 2316 2407 2384 Μηδικῶν
2431 2312 2759 2391 δημοκρατία
2790 2312 2989 2392 ἐγένετο
3010 2317 3068 2372 ἐκ
3096 2314 3372 2380 πολιτείας.

2104 2406 2197 2473 vl,
2232 2404 2287 2474 3,
2305 2402 2369 2461 5:
2399 2403 2588 2467 Καλῶς
2609 2400 2653 2459 δ’
2681 2400 2792 2480 ἔχει
2819 2405 3089 2479 μιμεῖσθαι
3115 2400 3284 2460 καὶτὰ
3306 2402 3574 2481 Ταραντί-

2020 2513 2119 2547 νων
2137 2512 2150 2526 ·
2173 2492 2355 2547 ἐκεῖνοι
2376 2489 2474 2567 γὰρ
2504 2487 2650 2547 κοινὰ
2669 2493 2929 2556 ποιοῦντες
2957 2487 3024 2546 τὰ
3043 2488 3287 2565 κτήματα
3313 2498 3417 2556 τοῖς
3441 2491 3574 2549 ἄπ’ό·

2023 2599 2125 2655 ροις
2160 2576 2246 2634 ἐπὶ
2272 2576 2368 2646 τὴν
2394 2581 2582 2656 χρῆσιν
2605 2575 2778 2634 εὔνουν
2803 2577 3252 2656 παρασκευάζουσι
3280 2576 3339 2636 τὸ
3367 2579 3574 2651 πλῆθος.

2021 2662 2145 2724 Ἔτι
2177 2664 2230 2722 δὲ
2281 2664 2371 2722 καὶ
2408 2671 2500 2730 τὰς
2532 2663 2695 2743 ἀρχὰς
2740 2665 2914 2732 πάσας
2943 2664 3192 2737 ἐποίησαν
3243 2663 3440 2739 διττὰς,
3484 2666 3575 2734 τὰς

2023 2752 2116 2828 μὲν
2169 2752 2375 2832 αἱρετὰς
2397 2799 2413 2825 ,
2463 2751 2554 2817 τὰς
2595 2752 2649 2809 δὲ
2676 2753 2984 2834 κληρωτὰς,
3013 2753 3107 2821 τὰς
3158 2753 3252 2830 μὲν
3304 2753 3574 2834 κληρωτὰς

2022 2840 2160 2906 ὅπως
2191 2845 2219 2898 ὁ
2246 2843 2407 2916 δῆμος
2438 2842 2609 2898 αὐτῶν
2644 2841 2865 2921 μετέχῃ,
2898 2840 2989 2908 τὰς
3020 2841 3064 2900 δ’
3092 2841 3296 2923 αἱρετὰς
3324 2839 3410 2900 ἵνα
3425 2844 3574 2900 πολι-

2020 2928 2272 2987 τεύωνται
2306 2926 2528 3008 βέλτιον.
2555 2928 2578 3008 ]

2517 3058 3109 3134 ΚΡΟΤΩΝΙΑΊῺΝ.)

2700 3193 2810 3249 233
2843 3213 2896 3252 a.

2099 3330 2397 3385 Athenaeus
2412 3331 2558 3399 ΧΠ,
2580 3349 2636 3403 p.
2663 3328 2803 3399 520,
2824 3331 2866 3386 C
2892 3351 2906 3385 z
2940 3330 3031 3395 Εἷς
3046 3331 3345 3400 τηλικοῦτον
3373 3331 3416 3388 δ’
3441 3321 3573 3401 ἦσαν

2020 3418 2212 3496 τρυφῆς
2247 3412 2554 3484 ἐληλακότες
2587 3417 2691 3491 (sc,
2733 3417 2780 3472 οἱ
2811 3412 3171 3496 Συόαρῒται),
3216 3423 3285 3483 ὡς
3311 3417 3400 3475 καὶ
3428 3418 3572 3494 παρὰ

2482 3600 3111 3659 TARENTINORUM.

2727 3725 2850 3774 232.

2078 3830 2355 3881 Aristoteles
2385 3829 2434 3879 in
2455 3831 2822 3880 Tarentinorum
2843 3844 2942 3892 rep.
2968 3833 3210 3879 monetam
3237 3830 3364 3892 apud
3383 3845 3464 3880 eos
3480 3847 3568 3896 ap-

2017 3908 2181 3971 pellari
2212 3919 2485 3969 nummum,
2510 3907 2557 3957 in
2585 3921 2682 3972 quo
2698 3920 2901 3958 excusus
2931 3908 3003 3956 est
3016 3909 3161 3956 Taras
3185 3908 3392 3969 Neptuni
3409 3907 3535 3959 filius
3551 3946 3566 3973 ,

2015 3985 2227 4048 delphini
2245 3984 2469 4034 insidens·

2535 4109 2544 4119 .
2701 4063 2868 4129 [2331]

2076 4157 2096 4222 [
2120 4162 2289 4221 Magna
2313 4158 2455 4208 turba
2474 4164 2761 4221 piscatorum
2784 4159 2855 4207 est
2877 4157 3070 4207 Tarenti
3091 4159 3140 4207 et
3155 4158 3385 4220 Byzantii.

2076 4237 2268 4286 Tarenti
2290 4250 2442 4298 quum
2461 4235 2646 4286 nobiles
2663 4235 2801 4284 multi
2826 4235 2888 4284 ab
2909 4235 3166 4298 Iapygibus
3191 4236 3304 4285 victi
3326 4238 3572 4298 penis-ent

2013 4315 2175 4377 paullo
2197 4317 2304 4377 post
2326 4312 2537 4374 Medica,
2559 4326 2586 4362 e
2604 4312 2770 4376 politia
2791 4313 2914 4361 saeta
2935 4316 3007 4362 est
3020 4312 3328 4362 democratia.

2075 4394 2226 4441 Juvat
2263 4391 2410 4440 etiam
2439 4390 2720 4439 Tarentinos
2742 4389 2948 4451 imitari,
2979 4390 3061 4453 qui
3098 4390 3449 4452 possessionum
3482 4403 3571 4440 usu

2014 4481 2126 4518 cum
2152 4468 2399 4532 egentibus
2433 4467 2793 4518 communicato
2828 4467 3154 4518 multitudinis
3188 4469 3571 4518 benevolentiam

2014 4546 2103 4596 sibi
2130 4547 2424 4609 comparant.
2466 4546 2708 4594 Praeterea
2732 4544 3102 4607 magistratuum
3125 4548 3341 4594 omnium
3370 4545 3468 4594 duo
3491 4560 3572 4608 ge-

2015 4638 2128 4674 nera
2144 4625 2384 4685 recerunt,
2403 4625 2460 4672 ut
2475 4623 2555 4672 alii
2567 4623 2813 4687 suffragio,
2832 4625 2912 4674 alii
2927 4625 3181 4674 sortitione
3199 4624 3569 4675 mandarentur:

2014 4703 2291 4763 sortitione,
2316 4704 2370 4750 ut
2397 4700 2532 4763 plebs
2566 4713 2733 4749 eorum
2756 4705 2881 4752 osset
2898 4701 3140 4764 particeps
3150 4718 3166 4764 ;
3198 4701 3450 4764 sum-agio,
3475 4715 3572 4763 quo

2015 4782 2187 4831 melius
2204 4781 2470 4843 respublica
2488 4779 2915 4832 administraretur.
2932 4781 2950 4849 ]

2424 4903 3106 4978 (CROTOMATARUM
3147 4904 3164 4978 )

2701 5032 2804 5083 233
2829 5042 2878 5082 a.

2079 5145 2310 5207 Sybaritae
2346 5158 2402 5193 eo
2435 5144 2668 5207 progressi
2692 5147 2805 5193 sunt
2823 5144 3031 5194 luxuria?
3048 5181 3061 5204 ,
3082 5146 3138 5194 ut
3156 5158 3306 5206 equos
3324 5144 3465 5193 etiam
3485 5143 3570 5193 ad·

2017 5222 2296 5271 suerecerinl
2323 5220 2454 5303 ‘inter
2491 5220 2702 5282 ipsorum
2728 5221 2870 5282 epula
2896 5220 3071 5270 saltare
3102 5220 3164 5270 ad
3199 5220 3330 5271 tibiae
3353 5223 3573 5271 cantum.
