4016 5916
1576 377 2079 440 FRAGMENTA.

214 516 305 584 lis,
346 513 449 570 sed
489 530 666 587 nepos
693 523 775 568 est
820 506 1198 585 'I‘hafflyridis3
1226 508 1514 566 Diodorus
1534 529 1672 566 vero
1717 510 1762 565 si
1863 514 1932 568 sii
1954 514 2124 569 Samii
2142 509 2272 590 Περὶ
2285 513 2411 569 θεῶν
2429 529 2620 586 opere,
2643 508 2819 583 quod,
2836 508 3006 565 Suida
3023 518 3179 577 teste,
3197 512 3426 586 triginta

213 613 523 675 utrumque
551 600 766 668 attulit,
805 600 1037 654 alteram
1062 598 1389 654 sententiam
1432 599 1636 672 procul
1664 598 1775 654 du-

214 691 310 745 bio
340 688 676 744 memoravit
698 687 847 743 libro
870 696 1047 742 sexto.
1071 716 1151 728 —
1171 687 1444 742 Praeterea
1464 686 1537 742 ad
1554 688 1666 742 hoc
1680 705 1774 742 ve·

213 778 310 831 lim
343 775 630 843 attendas,
656 773 816 848 quod
845 772 1134 830 Diodorus
1153 783 1452 848 postquam
1483 774 1584 829 lib.
1609 775 1695 829 111
1722 783 1776 829 et

214 866 285 919 W
309 864 624 938 praecipuas
650 863 976 920 Graecorum
1001 859 1212 917 rabulas
1234 871 1595 936 exposuerat,
1626 861 1775 917 libro

218 954 261 1007 V
284 963 473 1007 autem
496 950 701 1006 insulas
733 966 1041 1022 earumque
1066 944 1294 1026 ἱστορίας
1319 945 1536 1014 τοπικάς
1562 947 1778 1023 (nescio

216 1058 285 1094 an
298 1056 559 1114 magnam
573 1048 789 1113 partem
801 1054 912 1092 sec.
927 1031 1156 1113 ἱστορίας
1170 1031 1387 1100 τοπικὰς
1399 1038 1567 1093 Dion.
1582 1034 1775 1113 Samii)

213 1136 595 1199 percurrerat,
618 1120 826 1180 deinde
843 1122 993 1178 libro
1011 1133 1169 1179 sexto
1187 1123 1377 1180 denuo
1392 1123 1463 1180 ad
1478 1123 1779 1199 mythicam

216 1214 506 1269 historiam
526 1211 749 1279 redeat,
775 1228 880 1266 nec
895 1229 1076 1285 pauca
1099 1229 1293 1268 eorum
1306 1254 1322 1282 ‚
1350 1231 1472 1286 quae
1483 1211 1599 1285 jam
1619 1211 1779 1267 dixe-

216 1312 330 1372 rat,
355 1311 548 1377 tangat
575 1301 804 1355 iterum.
832 1301 966 1355 Haec
990 1318 1203 1355 novum
1226 1301 1514 1373 scriptoris
1531 1309 1776 1373 arguunt

220 1388 550 1455 consilium,
580 1403 938 1460 novumque,
978 1384 1133 1458 eujus
1164 1387 1390 1461 vestigia
1421 1386 1649 1460 legerit,
1678 1402 1784 1440 au-

219 1486 436 1531 ctorem
452 1515 469 1545 ‚
499 1475 831 1548 Dionysium
859 1473 1067 1528 scilicet
1090 1473 1542 1548 cyclographum.

295 1562 584 1617 Prooemio
602 1561 735 1616 libri
762 1561 841 1614 Vl
864 1558 1151 1614 Diodorus
1169 1577 1323 1613 suam
1343 1557 1417 1613 de
1436 1556 1542 1612 diis
1560 1555 1781 1613 doctri-

216 1667 349 1704 nam
367 1649 633 1722 explicat,
656 1666 827 1722 quam
840 1644 1133 1705 confirmat
1148 1665 1218 1702 ex
1228 1646 1527 1702 Euhemeri
1545 1646 1777 1702 historia

214 1754 403 1803 sacra,
420 1747 478 1791 et
497 1735 845 1811 prodigiosis
864 1736 1097 1790 Homeri
1114 1774 1131 1805 ,
1161 1732 1423 1804 Hesiodi,
1453 1734 1667 1808 Orphei
1694 1740 1779 1790 ra-

214 1825 371 1879 bulis
399 1824 661 1898 opponit.
687 1823 798 1880 Sed
826 1824 932 1878 hos
950 1822 1098 1896 ipsos
1116 1833 1311 1896 poetas
1341 1822 1400 1876 in
1422 1822 1783 1895 sequentibus

218 1911 396 1967 ducoe
420 1930 480 1967 sc
502 1912 843 1967 narrationis
862 1921 1182 1966 secuturum
1210 1928 1323 1966 esse
1346 1907 1666 1984 profitetur.
1698 1912 1782 1967 Ita

218 2000 373 2053 enim
399 2000 668 2073 Excerpt.
694 1999 796 2054 lib.
820 2000 932 2074 VI,
949 2016 983 2053 a
1002 2039 1019 2067 ,
1052 2017 1074 2054 ι
1092 2017 1114 2054 ι
1145 2016 1160 2054 2
1189 1995 1295 2057 Kal
1318 1994 1438 2075 περὶ
1463 1995 1558 2073 μὲν
1582 1995 1786 2072 Εὐημέ-

222 2106 375 2162 ρου...
394 2082 831 2164 ἀρκεσθησόμεθα
850 2084 953 2151 τοῖς
969 2085 1186 2165 ῥηθεῖσι,
1201 2080 1267 2142 τὰ
1281 2082 1337 2142 δὲ
1360 2081 1506 2160 παρὰ
1528 2090 1631 2150 τοῖς
1650 2083 1781 2144 ‘'Ek-

219 2172 346 2241 λησι
366 2169 792 2249 μυθολογούμενα
814 2170 936 2250 περὶ
957 2173 1085 2229 θεῶν
1110 2169 1402 2237 ἀκολούθως
1432 2168 1664 2253 Ἡσιόδῳ
1693 2171 1783 2230 καὶ

224 2256 457 2339 Ὁμήρῳ
479 2257 570 2316 καὶ
587 2257 776 2339 Ὀρφεῖ
793 2257 1148 2339 πειρασόμεθα
1173 2256 1438 2336 συντόμως
1460 2259 1780 2339 ἐπιδραμεῖν.

206 2349 325 2412 ,His
352 2348 636 2418 absoluta,
650 2348 895 2403 heroum
915 2347 1017 2405 Gr.
1038 2347 1322 2403 historiam
1345 2366 1523 2422 usque
1540 2347 1615 2403 ad
1636 2349 1781 2403 Tro·

216 2437 354 2508 jana
395 2448 648 2511 tempora
695 2438 1014 2511 pertexuit,
1062 2436 1123 2492 id
1160 2435 1318 2511 quod
1362 2454 1432 2492 ex
1471 2439 1788 2511 fragmentis

220 2526 467 2598 quisque
502 2524 783 2598 intelligit.
810 2525 991 2599 Igitur
1027 2541 1204 2598 quum
1230 2524 1388 2580 libris
1410 2523 1786 2581 antecedenti·

220 2612 327 2667 bus
357 2612 481 2687 (111
524 2622 583 2668 et
623 2610 733 2686 lv)
778 2612 1167 2667 celeberrimas
1207 2611 1532 2669 Graecorum
1577 2612 1789 2667 fabulas

218 2700 450 2774 prolixe
484 2698 716 2773 quidem
733 2741 753 2771 ,
789 2698 887 2754 sed
919 2700 1037 2754 sine
1063 2700 1182 2754 ullo
1211 2698 1413 2755 ordine
1451 2701 1788 2774 exposuisset

223 2779 407 2852 (sicuti
420 2779 724 2853 Dionysius
731 2778 913 2851 Mytil.
928 2777 1306 2852 peculiaribus
1318 2779 1534 2851 scriptis
1549 2779 1790 2853 singulas

219 2867 439 2923 rabulas
470 2864 869 2941 tractaverat),
895 2864 1015 2939 jam
1037 2866 1361 2922 continuam
1384 2865 1666 2939 quandam
1693 2866 1788 2921 hi-

220 2961 459 3016 storiam
476 2978 549 3016 ex
566 2956 771 3014 ordine
786 2999 802 3028 ‚
828 2977 998 3032 quem
1020 2958 1178 3033 epica
1197 2958 1523 3016 Gra-corum
1545 2960 1789 3014 carmina

222 3046 694 3123 suppeditabant,
724 3045 870 3101 duce
896 3047 1086 3103 Samio
1114 3047 1418 3119 Dionysio,
1450 3045 1665 3101 dedisse
1698 3048 1789 3100 vi-

226 3136 415 3192 detur.
432 3137 518 3191 Ex
537 3132 999 3190 antecedentibus
1008 3152 1145 3189 vero
1161 3134 1317 3190 facile
1332 3135 1560 3209 colligas
1571 3134 1790 3207 cyclum

222 3225 377 3280 hunc
422 3224 648 3298 epicum
688 3222 918 3277 minime
956 3221 1119 3278 fuisse
1158 3239 1287 3277 eum
1301 3262 1318 3290 ‚
1358 3239 1527 3295 quem
1562 3223 1791 3296 proprie

226 3311 470 3368 dicimus
486 3309 857 3365 Homericum
868 3349 885 3378 ‚
902 3309 1001 3365 sed
1020 3327 1089 3365 ex
1110 3309 1491 3365 diversissimis
1509 3310 1793 3365 elementis

228 3395 542 3454 conflatum
577 3407 635 3452 et
662 3396 832 3451 variis
856 3396 1306 3452 Euhemeristicae
1331 3397 1609 3470 sapientiae
1633 3394 1795 3452 flori-

228 3485 338 3542 bus
361 3485 710 3543 distinctum.
739 3483 831 3540 Sic
866 3502 958 3557 ap.
982 3482 1304 3539 Diodorum
1323 3484 1432 3553 vl,
1462 3482 1518 3552 3,
1557 3502 1621 3540 ea
1666 3502 1791 3558 quae

231 3572 491 3630 suuntur
504 3570 577 3628 de
595 3570 756 3645 equis
768 3571 998 3626 Achillis
1014 3570 1239 3644 loquela
1256 3569 1505 3644 praeditis
1516 3612 1532 3640 ,
1550 3570 1683 3627 inde
1697 3590 1793 3627 ex-

230 3661 428 3734 plicari
465 3658 622 3728 vult,
666 3656 827 3731 quod
862 3657 995 3730 equi
1035 3657 1123 3712 isti
1155 3656 1294 3712 olim
1314 3658 1535 3713 Titanes
1563 3657 1788 3714 fuerint.

232 3744 676 3804 Alexandrinam
689 3751 907 3798 atatem
923 3741 1179 3816 produnt
1196 3760 1321 3816 quae
1336 3742 1403 3819 (V
1406 3745 1454 3814 1,
1477 3739 1529 3819 3)
1550 3742 1623 3799 de
1644 3756 1793 3800 serto

234 3832 515 3891 Ariadnes
535 3848 608 3887 ex
642 3829 876 3906 gemmis
906 3829 1117 3886 Indicis
1155 3831 1472 3904 composito
1510 3832 1791 3906 leguntur.

232 3920 539 3978 Euhemeri
563 3927 897 3975 sectatorem
919 3917 1172 3992 agnoscis
1199 3918 1260 3972 iu
1298 3917 1529 3973 historia
1558 3915 1631 3972 de
1661 3919 1795 3975 Pico

236 4008 526 4085 prestigiis
565 4004 815 4079 mysticis
834 4004 1099 4059 abutente
1134 4003 1209 4060 ad
1246 4004 1581 4079 stuprandas
1607 4003 1798 4060 mulie·

234 4116 349 4167 res,
374 4113 505 4171 qnae
531 4092 665 4148 ideo
693 4110 765 4148 ex
791 4090 898 4146 diis
921 4089 1181 4166 gravidas
1217 4110 1276 4147 se
1300 4090 1425 4147 fieri
1457 4102 1680 4166 putant.
1702 4117 1797 4138 .-

235 4176 495 4233 Ceterum
520 4189 648 4247 quae
670 4169 744 4227 de
766 4168 873 4225 diis
889 4169 1175 4226 Diodorus
1191 4172 1482 4244 praemisit,
1501 4189 1565 4226 ea
1590 4189 1708 4226 non
1728 4186 1797 4224 ex

236 4263 404 4339 Cyclo
422 4259 746 4336 sumpserit,
762 4256 859 4314 sed
878 4276 945 4313 ex
964 4256 1234 4331 ejusdem,
1251 4260 1357 4314 nisi
1373 4258 1558 4328 fallor,
1579 4260 1802 4330 Diony-

1833 3581 1850 4312 ἱ

1865 611 1976 656 tres
2004 601 2179 656 libros
2207 598 2706 674 complectebatur.

2437 754 2844 782 “0⁶⁸—

2413 879 2596 938 unm
2648 878 2877 939 emN.

2602 1058 2692 1094 11.

1947 1189 2169 1246 Suidas.
2201 1183 2453 1267 Νύμφαι,
2478 1183 2745 1257 σκώληκες
2765 1186 2813 1244 οἱ
2835 1186 2888 1245 ἒν
2906 1194 3011 1253 τοῖς
3035 1189 3139 1246 τῶν
3164 1189 3426 1264 μελισσῶν

1868 1274 2162 1353 κυττάροις,
2185 1273 2311 1332 ὅταν
2334 1274 2436 1345 ἤδη
2455 1281 2779 1354 πτεροποιεῖν
2799 1271 3074 1353 ἄρξωνται·
3101 1277 3149 1332 οἱ
3173 1276 3220 1333 δ’
3245 1275 3431 1344 ἅπλῶς

1870 1362 1984 1430 τοὺς
2006 1360 2302 1442 πτερωτοὺς
2323 1359 2625 1434 σκώληκας,
2646 1359 2736 1421 Σά
2751 1384 2906 1438 μιοι.
2930 1361 3038 1422 Καὶ
3063 1360 3124 1421 τὸ
3143 1361 3242 1420 ἀνὰ
3268 1362 3429 1440 μέσον

1869 1453 1971 1509 τῶν
1999 1451 2303 1529 γυναικείων
2332 1448 2538 1509 αἰδοίων
2564 1446 2771 1530 νύμφην
2799 1451 3035 1509 καλοῦσι.
3070 1451 3177 1511 Καὶ
3205 1454 3308 1509 τῶν
3337 1450 3426 1532 ῥό-

1870 1539 1972 1596 δων
2001 1541 2056 1597 αἱ
2088 1536 2308 1604 κάλυκες
2332 1538 2388 1594 αἱ
2414 1544 2727 1613 μεμυκυῖαι,
2750 1533 2965 1617 νύμφαι.
2994 1537 3105 1597 Καὶ
3132 1539 3184 1596 αἱ
3215 1541 3430 1598 Μοῦσαι

1870 1623 1925 1684 δὲ
1952 1625 2055 1684 ὑπὸ
2083 1625 2266 1685 Λυδῶν
2290 1622 2506 1705 νύμφαι.
2535 1621 2663 1682 Ὅτι
2687 1623 2740 1683 δὲ
2764 1624 2973 1684 πάντων
2998 1628 3099 1684 τῶν
3127 1629 3343 1706 καρπῶν
3368 1629 3426 1685 αἱ

1869 1711 2109 1796 ἐκφύσεις
2129 1711 2284 1782 οὕτω,
2312 1712 2488 1783 δῆλον.
2514 1710 2646 1792 Περὶ
2661 1709 2716 1769 δὲ
2736 1714 2839 1770 τῶν
2859 1715 2985 1771 θεῶν
3004 1712 3258 1793 Διονυσίῳ
3280 1721 3428 1773 πᾶσα

1869 1799 2072 1881 ἱστορία
2096 1804 2349 1883 συνῆκται
2377 1800 2429 1857 ἐν
2459 1798 2732 1879 τριάκοντα
2761 1797 2850 1857 καὶ
2875 1798 3012 1878 τρισὶ
3046 1798 3281 1878 βιὸλίοις.
3311 1805 3430 1858 Το-

1872 1902 1961 1946 tus
1976 1891 2069 1946 hic
2098 1891 2257 1946 locus
2275 1887 2506 1945 fluxerit
2536 1907 2603 1945 ex
2633 1890 2888 1963 Dionysii
2922 1885 3056 1966 Περὶ
3076 1888 3201 1945 θεῶν
3231 1907 3424 1964 opere,

1872 1981 1930 2034 in
1978 1997 2095 2053 quo
2131 1997 2250 2034 non
2294 1978 2480 2033 minus
2524 1995 2694 2051 quam
2748 1975 3158 2050 Apollodorus,
3202 1977 3261 2032 in
3318 1979 3435 2032 suis

1874 2065 2006 2143 Περὶ
2034 2065 2163 2122 θεῶν
2199 2065 2358 2120 libris
2398 2065 2471 2121 ad
2513 2064 2887 2140 etymologica
2923 2072 3126 2119 auctor
3171 2065 3432 2121 attende-

1872 2157 1965 2211 rit.

1950 2243 2158 2296 Praeter
2189 2239 2308 2296 haec
2334 2239 2408 2295 ad
2442 2239 2773 2312 Dionysium
2810 2238 3056 2294 Samium
3081 2256 3112 2293 a
3146 2239 3434 2294 nonnullis

1872 2329 2263 2385 reserebantur
2287 2322 2622 2402 Βασσαρικὰ,
2646 2327 2717 2382 ab
2738 2326 2858 2382 aliis
2875 2327 3145 2400 Dionysio
3173 2326 3307 2381 Afro
3335 2327 3430 2380 tri-

1872 2416 2031 2471 buta.
2063 2416 2311 2471 Eustath.
2338 2413 2411 2469 ad
2434 2415 2666 2486 Dionys.
2697 2414 2916 2487 Perieg.
2940 2431 3001 2487 p.
3032 2412 3098 2468 81
3127 2412 3219 2468 ed.
3252 2414 3434 2468 Bern—

1873 2502 2055 2575 hardy
2084 2520 2097 2556 :
2125 2497 2214 2559 T&
2233 2496 2287 2555 δὲ
2314 2494 2624 2575 Βασσαρικὰ
2651 2493 2738 2553 διὰ
2762 2494 2855 2567 τὴν
2881 2495 3184 2577 τραχύτητα
3204 2498 3295 2556 οὐκ
3310 2497 3430 2566 ἄξια

1873 2585 2057 2645 τούτου
2078 2582 2374 2663 (Διονυσίου
2393 2580 2584 2648 Alsum
2597 2582 2638 2661 )‚
2655 2584 2727 2649 εἷς
2741 2581 2828 2641 τὸν
2849 2583 3052 2660 Σάμιον
3069 2582 3432 2663 ἀνηνέχθησαν

1876 2673 2162 2736 Διονύσιον.
2193 2674 2278 2731 cf.
2310 2672 2635 2746 Bernhardy
2660 2672 2733 2728 ad
2768 2673 2939 2728 Dion.
2968 2691 3027 2747 p.
3058 2679 3171 2749 49²
3197 2684 3252 2729 et
3285 2672 3431 2743 515,

1876 2766 1975 2820 ubi
2001 2766 2310 2839 fragmenta
2331 2762 2743 2816 Bassaricorum
2762 2779 2832 2816 ex
2847 2762 3130 2835 Stephano
3154 2762 3280 2835 Byz.
3305 2762 3432 2817 col-

1878 2854 2019 2908 lecta
2056 2851 2228 2906 habes
2281 2846 2451 2923 (coll.
2492 2848 2767 2904 Schirlitz.
2813 2850 2883 2933 ‘in
2918 2848 3190 2903 Seebodes
3228 2848 3438 2903 Archiv

1884 2939 2054 3010 1830,
2089 2939 2176 3009 11,
2200 2957 2261 3012 p.
2304 2933 2433 3011 42).
2470 2933 2628 2992 Idem
2651 2934 2979 3010 Bernhardy
3003 2935 3074 2992 ad
3102 2935 3333 2993 Suidam
3372 2957 3428 2993 v.

1877 3031 2018 3088 Διον.
2039 3023 2346 3087 Μουσωνίου
2365 3024 2656 3081 Rhodium
2670 3035 2923 3080 nostrum
2935 3024 3082 3079 Solis·
3096 3026 3436 3081 sacerdotem

1878 3117 2122 3173 eundem
2140 3132 2253 3171 oese
2274 3113 2587 3187 suspicatur
2612 3130 2738 3168 cum
2763 3113 3125 3185 Heliopolim,
3156 3131 3326 3185 quem
3347 3113 3433 3168 di·

1878 3207 1954 3261 cit
1973 3201 2317 3260 Artemidor.
2345 3202 2406 3255 in
2426 3200 2735 3256 onirocrit.
2759 3201 2845 3269 11,
2873 3198 2971 3268 66,
3002 3218 3062 3272 p.
3093 3199 3204 3267 243
3225 3200 3390 3256 Reiff.
3415 3219 3429 3255 ε

1879 3288 2030 3350 Φασὶ
2066 3286 2169 3368 γὰρ
2195 3286 2255 3346 τὸ
2295 3289 2424 3364 ζῶον
2460 3283 2786 3364 (χελιδόνα),
2817 3281 3036 3343 θάνατόν
3076 3306 3133 3342 τε
3162 3285 3435 3362 σημαίνειν

1881 3374 2065 3457 ἀώρων
2092 3373 2373 3452 σωμάτων,
2400 3371 2492 3431 καὶ
2518 3370 2697 3437 πένθος
2719 3369 2811 3429 καὶ
2832 3370 3065 3449 μεγάλην
3100 3370 3218 3429 τινὰ
3245 3370 3436 3443 λύπην·

1880 3464 1983 3524 ἀπὸ
2027 3462 2270 3523 τοιούτων
2315 3460 2417 3540 γὰρ
2442 3462 2620 3518 κακῶν
2649 3457 2740 3517 καὶ
2775 3457 2868 3527 τὴν
2896 3457 3032 3537 ὄρνιν
3059 3454 3252 3530 ταύτην
3287 3456 3436 3535 λόγος

1882 3551 1991 3633 ἔχει
2007 3548 2265 3630 γενέσθαι.
2292 3547 2443 3619 Φησὶ
2469 3545 2568 3626 γὰρ
2592 3544 2681 3603 καὶ
2699 3542 3065 3623 Ἀλέξανδρπό
3081 3541 3306 3610 Μύνδιος
3331 3546 3438 3603 δεῖν

1880 3644 1995 3708 ταῖς
2029 3637 2275 3717 ἱστορίαις
2308 3635 2600 3706 πείθεσθαι,
2629 3632 2720 3691 καὶ
2748 3629 3010 3698 Διονύσιος
3041 3634 3069 3688 ὁ
3101 3630 3435 3691 Ἡλιουπολί-

1880 3751 1973 3800 της
1992 3750 2042 3786 κ.
2060 3750 2108 3787 τ.
2133 3727 2185 3786 λ.
2214 3725 2326 3802 (Cf.
2351 3725 2675 3782 Tertullian.
2698 3724 2785 3778 De
2818 3721 2989 3776 anim.
3021 3739 3072 3777 e.
3099 3721 3226 3799 46.)
3252 3723 3442 3794 Quare

1883 3817 2035 3892 apud
2074 3817 2314 3892 Diogen.
2342 3817 2411 3871 L.
2443 3815 2502 3882 1,
2535 3810 2610 3868 38
2650 3805 2920 3886 (γεγόνασι
2946 3804 3036 3864 καὶ
3072 3805 3223 3864 ἄλλοι
3257 3808 3437 3867 Θαλαῖ

1883 3900 2097 3963 πέντε...
2126 3899 2393 3977 πέμπτος,
2417 3896 2688 3976 νεώτερος,
2717 3891 2919 3967 ἄδοξος,
2940 3883 3000 3952 οὗ
3025 3891 3288 3970 μέμνηται
3314 3898 3440 3952 Διο-

1883 3986 2055 4056 νύσιος
2087 3989 2139 4047 tv
2167 3987 2457 4068 Κριτικοῖς)
2486 3984 2789 4061 legendum
2813 3991 2979 4057 putat
3017 3984 3081 4041 Δ.
3125 3981 3179 4038 ἐν
3210 3978 3437 4059 Ὀνειρο·

1884 4083 2151 4156 κριτικοῖς.
2189 4076 2478 4132 Reinesius
2504 4072 2684 4128 voluit
2710 4070 2764 4127 ἂν
2801 4067 3098 4151 Κρητικοῖς.
3146 4069 3440 4144 Vulgatam

1886 4166 1960 4222 ad
2000 4165 2330 4239 Dionysium
2370 4162 2902 4226 Halicarnassensem
2944 4154 3296 4214 referendam
3327 4173 3439 4212 esse

1889 4254 2150 4329 opinatus
2171 4263 2249 4308 est
2273 4250 2580 4307 Fabricius.

2573 4655 2698 4692 ......
