4016 5916
1673 388 2168 450 FRAGMENTA.

278 540 372 595 μεν
404 519 575 575 αὐτῶν
603 512 696 588 τὴν
740 514 965 596 γέφυραν
994 511 1143 580 ὀξέως
1179 512 1409 590 ἀφεῖλον,
1445 513 1495 569 οἱ
1537 509 1591 567 δὲ
1629 507 1714 568 ἐπὶ
1745 507 1836 576 τὰς

275 607 434 671 πέλας
467 604 650 682 κώμας
670 599 1058 682 ἀποδραμόντες
1084 597 1389 677 ἀγγέλλουσι
1418 597 1532 662 τοὺς
1559 595 1838 676 ἐλέφαντας

275 681 354 742 ὅτι
384 686 437 742 ἐν
464 688 538 764 τῷ
583 680 720 763 ἕρκεϊ
758 681 995 760 ἔχονται·
1028 679 1088 757 (9)
1122 681 1169 736 οἱ
1199 676 1254 735 δὲ
1288 673 1597 742 ἀκούσαντες
1630 675 1833 734 ἐπιὸαί-

276 795 422 831 νουσι
451 775 552 830 τῶν
582 770 872 850 κρατίστων
901 790 956 825 τε
997 766 1084 825 τὸν
1125 761 1284 842 θυμὸν
1316 763 1405 823 καὶ
1438 765 1541 822 τῶν
1571 768 1837 846 χειροηθε-

277 858 481 919 στάτων
510 857 817 938 ἐλεφάντων,
855 852 1128 920 ἐπιὸάντες
1152 852 1205 911 δὲ
1231 853 1528 911 ἐλαύνουσιν
1563 854 1632 917 ὡς
1667 851 1755 910 ἐπὶ
1779 850 1835 910 τὸ

275 946 445 1026 ἵρκος,
470 945 746 1011 ἐλάσαντες
775 943 829 1003 δὲ
867 945 960 1002 οὐκ
988 941 1175 1001 αὐτίκα
1209 939 1387 1020 μάχης
1418 939 1694 1010 ἅπτονται,
1720 939 1835 996 ἀλλ’

275 1037 401 1094 ἐῶσι
429 1033 529 1112 γὰρ
556 1035 696 1114 λιμῷ
729 1056 785 1090 τε
816 1031 1278 1109 ταλαιπωρηθῆναι
1311 1027 1426 1094 τοὺς
1471 1026 1675 1105 ἀγρίους
1719 1023 1835 1084 ἕλε’-

276 1146 472 1204 φαντας
506 1121 595 1180 καὶ
625 1121 723 1178 ὑπὸ
762 1123 839 1200 τῷ
880 1118 1020 1199 δίψεϊ
1050 1116 1388 1186 δουλωθῆναι.
1427 1113 1512 1195 (ιο)
1542 1104 1669 1172 Εἶτ’
1694 1111 1756 1170 ἂν
1783 1109 1836 1170 δὲ

278 1235 310 1271 σ
352 1211 421 1268 ίσι
462 1212 635 1275 κακῶς
678 1206 817 1286 ἔχειν
861 1205 1105 1277 δοκέωσι,
1134 1206 1420 1275 τηνικαῦτα
1469 1200 1836 1271 ἐπιστήσαντες

278 1303 420 1365 αυθις
449 1294 540 1365 τὴν
568 1293 792 1375 γέφυραν
818 1290 1091 1352 ἐλαύνουσί
1116 1314 1171 1349 τε
1196 1293 1265 1358 ὥς
1290 1292 1338 1356 ἐς
1360 1289 1419 1347 τὸ
1448 1287 1622 1370 ἕρκος,
1654 1288 1742 1346 καὶ
1770 1287 1834 1345 τὰ

278 1384 373 1462 μὲν
402 1386 584 1465 πρῶτα
613 1381 763 1460 μάχη
786 1379 998 1439 ἵσταται
1026 1376 1253 1458 κρατερὴ
1282 1377 1443 1436 τοῖσιν
1473 1375 1711 1455 ἡμέροισι
1734 1379 1833 1432 τῶν

277 1471 564 1553 ἐλεφάντων
615 1470 740 1550 πρὸς
785 1467 899 1534 τοὺς
937 1465 1256 1533 ἑαλωκότας·
1304 1463 1483 1523 ἔπειτα
1533 1460 1835 1543 κρατέονται

277 1557 368 1637 μὲν
414 1558 551 1618 κατὰ
579 1558 638 1616 τὸ
667 1556 799 1623 εἰκὸς
836 1559 882 1615 οῖ
912 1554 1083 1635 ἄγριοι
1111 1553 1213 1612 ὑπό
1238 1576 1295 1611 τε
1324 1556 1388 1630 τῇ
1420 1552 1612 1630 ἀθυμίῃ
1644 1549 1733 1609 καὶ
1760 1554 1835 1631 τῷ

274 1650 414 1727 λιμῷ
443 1644 942 1726 ταλαιπωρεύμενοι.
974 1644 1067 1722 (Ιι)
1094 1644 1162 1703 Οἱ
1192 1639 1245 1699 δὲ
1281 1640 1384 1699 ἀπὸ
1412 1643 1513 1699 τῶν
1542 1639 1833 1718 ἐλεφάντων

275 1733 599 1800 καταὸάντες
643 1731 1030 1812 παρειμένοισιν
1087 1729 1186 1800 ἤδη
1233 1737 1396 1787 τοῖσιν
1445 1725 1669 1806 ἀγρίοισι
1720 1726 1836 1793 τοὺς

276 1821 439 1888 πόδας
483 1821 670 1900 ἄκρους
711 1820 1022 1878 συνδέουσιν·
1070 1815 1251 1875 ἔπειτα
1286 1816 1638 1895 ἐγκελεύονται
1674 1821 1834 1872 τοῖσιν

277 1909 516 1990 ἡμέροισι
568 1911 804 1988 πληγῇσι
858 1916 988 1988 σφᾶς
1035 1903 1270 1974 κολάζειν
1324 1905 1582 1983 πολλῇσι,
1633 1899 1741 1960 ἔστ’
1775 1900 1835 1960 ἂν

279 2001 462 2058 ἐκεῖνοι
492 1992 975 2075 ταλαιπωρεύμενοι
1011 1995 1061 2059 ἐς
1090 1997 1187 2072 γῆν
1226 1990 1452 2049 πέσωσι·
1483 1988 1838 2070 παραστάντες

278 2084 331 2143 δὲ
358 2084 575 2165 βρόχους
603 2080 1004 2161 περιῦάλλουσιν
1038 2080 1240 2137 αὐτοῖσι
1267 2075 1403 2136 κατὰ
1432 2074 1549 2143 τοὺς
1590 2075 1837 2155 αὐχένας,

278 2173 366 2231 καὶ
396 2171 543 2231 αὐτοὶ
568 2168 895 2229 ἐπιὸαίνουσι
918 2165 1220 2245 κειμένοισι.
1256 2167 1347 2244 (ιιι)
1371 2168 1480 2226 Τοῦ
1515 2164 1567 2222 δὲ
1600 2162 1674 2242 μὴ
1698 2168 1837 2222 ἀπο·

279 2259 504 2319 σείεσθαι
539 2257 657 2326 τοὺς
678 2256 921 2334 ἀμὸάτας
954 2254 1089 2334 μηδέ
1114 2278 1163 2313 τι
1192 2253 1321 2312 ἄλλο
1359 2250 1649 2310 ἀτάσθαλον
1679 2252 1837 2332 ἐργά-

277 2352 453 2419 ζεσθαι
471 2394 487 2426 ,
508 2347 596 2406 τὸν
617 2346 881 2429 τράχηλον
911 2344 1138 2403 αὐτοῖσιν
1168 2345 1217 2401 ἐν
1244 2342 1421 2423 κύκλῳ
1446 2339 1715 2420 μαχαιρίῳ
1736 2339 1839 2409 ὀξέϊ

277 2435 642 2514 ἐπιτέμνουσι,
692 2435 783 2492 καὶ
823 2432 909 2491 τὸν
949 2430 1137 2513 βρόχον
1170 2429 1308 2489 κατὰ
1356 2430 1450 2502 τὴν
1498 2428 1664 2506 τομὴν
1693 2452 1835 2508 περι·

278 2523 502 2600 δέουσιν,
523 2526 592 2590 ὡς
615 2521 819 2602 ἀτρέμα
845 2518 983 2599 ἔχειν
1011 2519 1104 2590 τὴν
1134 2517 1366 2600 κεφαλήν
1391 2541 1447 2575 τε
1476 2517 1567 2573 καὶ
1602 2515 1690 2573 τὸν
1714 2515 1839 2596 τρά-

277 2614 439 2692 χηλον
464 2607 564 2668 ὑπὸ
592 2615 679 2669 τοῦ
722 2608 912 2674 ἕλκεος.
942 2605 1030 2686 (13)
1064 2608 1130 2666 Εἰ
1164 2605 1265 2685 γὰρ
1292 2602 1713 2688 περιστρέφοιντο
1740 2603 1838 2662 ὑπὸ

280 2697 630 2776 ἀτασθαλίης,
657 2696 891 2779 τρίὸεται
921 2697 1125 2754 αὐτοῖσι
1148 2693 1207 2752 τδ
1232 2691 1375 2759 ἕλκος
1403 2691 1503 2751 ὑπὸ
1544 2695 1615 2772 τῷ
1658 2691 1803 2773 κάλῳ
1822 2710 1836 2725 ·

280 2786 422 2846 οὕτω
451 2785 544 2864 μὲν
561 2776 631 2845 ὧν
654 2783 854 2866 ἀτρέμα
882 2783 1106 2863 ἴσχουσι,
1128 2782 1218 2841 καὶ
1234 2780 1379 2840 αὐτοὶ
1394 2777 1838 2859 γνωσιμαχέοντες

272 2875 377 2949 ἤδη
404 2875 619 2953 ἄγονται
650 2872 786 2934 κατὰ
814 2872 900 2930 τὸν
931 2870 1119 2949 δεσμὸν
1149 2869 1276 2949 πρὸς
1303 2871 1406 2928 τῶν
1431 2868 1661 2948 ἡμέριον.

355 2970 490 3042 Cap.
533 2969 687 3023 XIV.
730 2958 892 3022 Ὅσοι
922 2958 973 3019 δὲ
998 2960 1175 3032 νήπιοι
1203 2958 1372 3017 αὐτῶν
1401 2958 1437 3029 ἢ
1462 2955 1546 3015 διὰ
1573 2955 1839 3031 κακότητα

277 3054 368 3110 οὐκ
415 3052 546 3119 ἄξιοι
597 3052 876 3120 ἐκτῆσθαι,
909 3046 1117 3114 τούτους
1156 3049 1305 3106 ἐῶσιν
1336 3046 1761 3104 ἀπαλλάττεσθαι
1791 3048 1840 3112 ἐς

276 3138 343 3199 τὰ
367 3137 589 3219 σφέτερα
619 3137 767 3208 ἤθεα.
807 3138 870 3214 (α)
900 3133 1139 3213 Ἄγοντες
1166 3132 1221 3193 δὲ
1256 3136 1327 3201 εἷς
1371 3133 1463 3202 τὰς
1503 3132 1683 3209 κώμας
1725 3131 1843 3199 τοὺς

278 3225 497 3293 ἁλόντας
515 3230 603 3284 τοῦ
624 3248 676 3282 τε
692 3225 900 3303 χλωροῦ
924 3222 1162 3299 καλάμου
1179 3221 1270 3281 καὶ
1286 3226 1378 3293 τ’ἧς
1396 3221 1547 3293 ποίης
1565 3224 1629 3279 τὰ
1657 3224 1837 3302 πρῶτα

279 3392 627 3453 conscendunt,
647 3394 795 3454 atque
812 3391 871 3441 ad
894 3394 1085 3453 septum
1099 3390 1352 3441 accedunt.
1373 3393 1472 3441 Nec
1493 3394 1657 3439 tamen
1681 3390 1838 3452 primo

279 3470 444 3522 statim
479 3469 688 3519 adventu
722 3481 836 3518 cum
855 3467 1116 3537 agrestibus
1146 3468 1412 3530 elephantis
1441 3480 1645 3530 pugnam
1671 3480 1836 3527 aggre-

279 3546 497 3608 diuntur,
517 3545 599 3595 sed
622 3546 729 3594 illos
759 3544 1048 3607 aliquamdiu
1075 3545 1198 3594 fame
1220 3544 1451 3594 macerari
1475 3557 1531 3592 ac
1559 3543 1635 3593 siti
1655 3543 1841 3591 domari

278 3624 444 3675 sinunt
466 3641 482 3674 ι
504 3625 601 3685 (10)
624 3635 874 3686 quumque
896 3621 995 3683 jam
1016 3622 1328 3685 languidiores
1356 3623 1506 3673 tactos
1530 3621 1711 3683 vident,
1734 3635 1843 3669 rur·

281 3716 365 3752 sus
402 3699 614 3751 immisso
654 3701 798 3762 ponte
815 3701 946 3762 septa
984 3700 1329 3762 ingrediuntur.
1372 3702 1432 3749 Et
1465 3700 1617 3763 primo
1649 3698 1842 3761 quidem

281 3792 393 3829 acre
410 3781 653 3829 certamen
679 3776 733 3826 fit
765 3777 889 3826 inter
905 3775 1112 3827 domitos
1138 3778 1414 3840 elephantos
1433 3780 1481 3826 et
1500 3777 1623 3826 feros
1642 3778 1806 3838 captos
1829 3795 1841 3824 z

282 3851 464 3902 tantem
473 3856 775 3918 superantur,
796 3856 853 3903 ut
870 3866 954 3916 par
971 3856 1061 3916 est,
1079 3856 1184 3918 seri,
1200 3856 1429 3918 languore
1447 3858 1496 3905 et
1514 3854 1639 3903 fame
1656 3851 1801 3915 pressi
1812 3884 1828 3901 .

280 3936 321 3997 (1
336 3936 381 3998 ι)
397 3937 523 3984 Tum
545 3945 752 3983 sessores
769 3945 828 3981 ex
847 3931 1107 3995 elephantis
1125 3933 1171 3981 in
1190 3934 1369 3984 terram
1395 3931 1585 3982 demissi
1613 3929 1846 3992 languidis

277 4015 377 4075 iam
396 4012 508 4061 teris
524 4009 788 4073 elephantis
804 4023 1018 4061 summos
1035 4011 1177 4073 pedes
1190 4011 1443 4073 colligant3
1464 4010 1637 4059 dehinc
1654 4009 1847 4058 domitis

282 4088 544 4153 elephantis
582 4088 844 4150 imperant,
887 4091 943 4137 ut
998 4088 1125 4138 seros
1172 4089 1341 4138 multis
1389 4086 1537 4150 plagis
1576 4086 1805 4147 castigent
1827 4123 1840 4147 ,

282 4167 436 4216 donec
480 4164 757 4216 verberibus
793 4164 1033 4228 defatigati
1068 4165 1119 4214 in
1156 4166 1335 4214 terram
1369 4163 1641 4226 procidant.
1709 4167 1845 4212 Tunc

273 4244 525 4294 alstantes
542 4243 810 4294 cervicibus
835 4252 1002 4295 eorum
1026 4243 1225 4305 laqueos
1246 4245 1430 4306 aptant,
1456 4243 1504 4291 et
1525 4240 1609 4303 ipsi
1632 4244 1843 4302 prostra-

282 4325 359 4372 tos
375 4321 674 4371 inscendunt.
740 4321 837 4383 (ιῖ)
855 4324 924 4371 Ne
942 4334 1057 4370 vero
1072 4333 1275 4370 sessores
1293 4318 1557 4379 excutiant,
1579 4332 1700 4368 neve
1716 4319 1845 4367 aliud

283 4398 445 4448 damni
471 4398 677 4447 inserant
693 4433 707 4457 ,
739 4398 862 4447 colla
890 4400 1033 4447 acuto
1059 4396 1262 4459 gladiolo
1282 4396 1329 4446 in
1353 4395 1607 4445 circuitum
1626 4398 1844 4459 praescin-

284 4476 431 4537 dunt,
468 4477 739 4538 vulnusque
774 4476 945 4539 laqueo
977 4477 1336 4538 circumligant,
1377 4477 1433 4525 ut
1468 4489 1568 4539 prae
1606 4475 1766 4527 ulcere
1800 4480 1848 4526 et

284 4553 461 4603 collum
493 4555 542 4602 et
578 4557 724 4616 caput
746 4554 999 4603 immotum
1032 4555 1244 4603 teneant.
1311 4552 1512 4604 sienim
1540 4553 1849 4615 pervicaciter

286 4632 600 4690 reluctentur,
622 4632 684 4681 ab
705 4633 820 4681 sune
838 4633 975 4682 ulcus
992 4632 1180 4681 teritur.
1205 4634 1362 4693 Atque
1379 4630 1447 4680 ita
1465 4631 1663 4681 tandem
1686 4634 1847 4695 quiete

284 4722 338 4760 se
361 4710 567 4771 habent,
590 4712 639 4759 et
656 4709 808 4759 victos
827 4722 929 4759 sese
950 4710 1258 4771 agnoscentes
1273 4722 1336 4759 ex
1358 4709 1551 4759 vinculo
1570 4708 1631 4758 ab
1658 4709 1850 4759 domitis

285 4788 547 4838 ducuntur.

346 4866 473 4916 XIV.
512 4865 607 4924 Qui
623 4878 737 4915 vero
756 4878 923 4915 eorum
944 4865 1215 4914 immaturae
1237 4865 1393 4915 aetatis
1404 4866 1493 4914 aut
1525 4868 1720 4929 propter
1734 4880 1839 4915 ma-

287 4945 383 4993 lam
394 4943 607 5007 corporis
623 4943 1020 4997 ,comisationem
1047 4940 1174 5003 digni
1195 4955 1291 4991 nou
1322 4945 1453 5007 sunt,
1478 4943 1847 5006 quipossideau-

288 5024 387 5081 tur,
409 5034 493 5072 eos
508 5019 640 5069 abire
654 5019 702 5069 in
718 5019 823 5069 loca
857 5019 969 5082 ipsis
986 5019 1216 5067 consueta
1231 5020 1531 5081 permittunt.
1553 5022 1621 5083 (2)
1653 5023 1847 5071 Ceteros

297 5099 464 5161 captos
484 5098 533 5145 in
557 5108 705 5159 pagos
730 5095 934 5159 ducunt,
969 5108 1029 5145 ac
1048 5095 1256 5158 primum
1275 5109 1357 5147 eos
1377 5097 1589 5160 gramine
1623 5100 1671 5147 et
1705 5098 1865 5147 viridi-

286 5180 381 5229 bus
395 5178 570 5227 mimis
585 5178 805 5239 pascunt.
839 5178 907 5239 (3)
927 5176 1002 5227 llll
1020 5188 1138 5226 vero
1155 5188 1255 5238 prae
1281 5190 1485 5228 moerore
1508 5190 1701 5241 prorsus
1718 5181 1844 5228 vesci

286 5255 476 5306 nolunt.
540 5253 646 5305 Iudi
666 5255 828 5303 autem
845 5254 1206 5304 circumastantes
1222 5257 1561 5320 tympanorum
1580 5269 1636 5306 ac
1652 5256 1849 5319 cymba·

507 5362 785 5398 fnum-mn
808 5362 913 5398 ms?
955 5361 1033 5398 GR·
1064 5360 1246 5398 -VOL-
1280 5363 1316 5400 u

3362 404 3473 455 ⁴³3

1926 510 2177 590 ἐμφαγεῖν
2208 508 2407 568 ἔδοσαν·
2450 509 2512 592 (3)
2559 512 2605 568 οἱ
2630 508 2683 568 δὲ
2711 509 2810 568 ὑπὸ
2852 511 3074 588 ἀθυμίης
3101 514 3192 570 οὐκ
3223 514 3479 574 ἐθέλουσιν

1926 596 2070 655 οὐδὲν
2096 595 2356 656 σιτέεσθαι
2372 641 2386 668 ,
2409 597 2526 664 τοὺς
2553 594 2604 654 δὲ
2630 596 3018 677 περι-’ἱστάμενοι
3045 600 3091 657 οἱ
3121 598 3270 660 Ἰνδοὶ
3295 601 3483 682 ᾠδαῑσί

1925 707 1980 743 τε
2001 684 2091 743 καὶ
2115 684 2429 761 τυμπάνοισι
2453 684 2544 742 καὶ
2568 683 2910 755 κυμὸάλοισιν
2937 688 2988 743 ἐν
3014 685 3189 767 κύκλῳ
3218 690 3481 767 κρούοντές

1926 796 1980 830 τε
2036 771 2125 831 καὶ
2175 771 2447 854 ἐπᾴδοντες
2487 772 2879 840 κατευνάζουσι.
2924 773 2987 850 (ι)
3041 773 3353 854 Θυμόσοφον
3381 776 3482 856 γὰρ

1927 857 2071 939 εἴπερ
2096 883 2145 944 τι
2171 858 2298 919 ἄλλο
2319 857 2491 941 θηρίον
2519 862 2546 917 ὁ
2568 859 2780 933 ἐλέφας·
2803 858 3035 926 καίτινες
3051 858 3152 932 ἤδη
3177 861 3345 918 αὐτῶν
3369 862 3485 927 τοὺς

1927 946 2170 1022 ἀμὸάτας
2198 951 2339 1028 σφῶν
2370 949 2422 1005 ἐν
2452 945 2666 1027 πολέμῳ
2695 945 3044 1012 ἀποθανόντας
3082 946 3298 1025 ἄραντες
3338 950 3484 1007 αὐτοὶ

1926 1035 2200 1116 ἐξήνεγκαν
2230 1039 2278 1101 ἐς
2309 1032 2497 1115 ταφὴν,
2530 1037 2577 1093 οῖ
2601 1033 2768 1092 δὲκαὶ
2797 1033 3160 1115 ὑπερήσπισαν
3191 1035 3482 1114 κειμένους,

1925 1127 1970 1182 οἱ
2002 1124 2055 1182 δὲ
2085 1123 2174 1182 καὶ
2205 1123 2466 1183 πεσόντων
2489 1120 2969 1204 προεκινδύνευσαν·
2998 1126 3025 1180 ὁ
3063 1123 3118 1181 δέ
3144 1147 3219 1190 τις
3246 1123 3373 1203 πρὸς
3398 1127 3484 1206 ὀρ-

1926 1210 2021 1288 γὴν
2069 1212 2375 1278 ἀποκτείνας
2420 1210 2506 1269 τὸν
2558 1206 2803 1286 ἀμὸάτην
2849 1211 2949 1269 ὑπὸ
2992 1213 3265 1288 μετανοίης
3309 1235 3362 1270 τε
3397 1213 3485 1270 καὶ

1927 1298 2144 1376 ἀθυμίης
2167 1300 2439 1358 ἀπέθανεν.
2468 1300 2527 1377 (5)
2545 1290 2721 1378 [Εἶδον
2745 1298 2796 1357 δὲ
2811 1299 2971 1377 ἔγωγε
2993 1300 3081 1358 καὶ
3099 1299 3485 1376 κυμῧαλίζοντα

1927 1386 2026 1458 ἤδη
2053 1387 2307 1468 ἐλέφαντα
2339 1387 2430 1446 καὶ
2459 1388 2643 1454 ἄλλους
2683 1388 3018 1468 ὀρχεομένους
3039 1433 3055 1463 ,
3094 1388 3383 1465 κυμὸάλοιν
3413 1392 3487 1471 τῷ

1925 1474 2294 1552 κυμὸαλίζοντι
2324 1476 2451 1556 πρὸς
2480 1483 2586 1533 τοῖν
2631 1479 2834 1534 σκελοῖν
2876 1484 2981 1534 τοῖν
3007 1476 3296 1555 ἔμπροσθεν
3319 1499 3479 1555 προσ-

1924 1563 2251 1643 ηρτημένοιν,
2293 1563 2534 1642 καὶπρὸς
2574 1569 2639 1644 τῇ
2679 1563 2984 1644 προὸοσκίδι
3029 1565 3318 1644 καλεομένῃ
3359 1564 3488 1623 ἄλλο

1925 1651 2215 1726 κύμὸαλον·
2251 1653 2310 1730 (ο)
2356 1657 2398 1732 ὃΦ
2424 1651 2477 1710 δὲ
2523 1654 2573 1710 ἐν
2604 1652 2751 1732 μέρεϊ
2777 1655 2842 1731 τῇ
2882 1651 3188 1734 προδοσκίδι
3217 1652 3394 1732 ἔκρουε
3428 1652 3486 1711 τὸ

1927 1737 2194 1816 κύμὸαλον
2219 1741 2270 1796 ἐν
2302 1741 2479 1821 ῥυθμῷ
2504 1738 2631 1818 πρὸς
2667 1739 2927 1819 ἑκατέροιν
2968 1740 3074 1796 τοῖν
3104 1740 3324 1796 σκελοῖν·
3362 1742 3408 1796 οἱ
3433 1738 3486 1797 δὲ

1926 1826 2227 1906 ὀρχεόμενοι
2247 1829 2296 1884 ἐν
2318 1824 2494 1905 κύκλῳ
2520 1849 2573 1884 τε
2598 1825 2858 1906 ἐχόρευον,
2887 1827 2975 1884 καὶ
2999 1825 3296 1906 ἐπαίροντές
3319 1848 3374 1883 τε
3399 1826 3488 1883 καὶ

1927 1914 2337 1990 ἐπικάμπτοντες
2372 1911 2439 1971 τὰ
2485 1912 2771 1991 ἔμπροσθεν
2817 1913 3005 1971 σκέλεα
3046 1914 3098 1969 ἐν
3144 1915 3218 1989 τῷ
3256 1917 3404 1991 μέρεϊ
3436 1915 3487 1973 ἐν

1930 2006 2108 2082 ῥυθμῷ
2148 1999 2236 2059 καὶ
2267 1993 2405 2059 οὗτοι
2436 1999 2655 2070 ἔὸαινον,
2687 1997 2867 2057 κατότι
2895 2002 2921 2056 ὁ
2946 1999 3278 2075 κυμόαλίζων
3315 2001 3490 2081 σφίσιν

1927 2089 2236 2170 ὑφηγέετο].
2272 2089 2332 2168 (7)
2368 2088 2607 2148 Βαίνεται
2636 2089 2689 2146 δὲ
2711 2087 2895 2168 ἐλέφας
2924 2082 3045 2166 ἦρος
3084 2087 3214 2167 ὥρῃ,
3252 2089 3489 2169 κατάπερ

1990 2185 2049 2245 ῦς
2077 2176 2288 2249 ἢῖππος
2305 2222 2319 2248 ,
2348 2177 2504 2236 ἐπεὰν
2530 2182 2650 2257 τῇσι
2678 2176 2921 2256 θηλέῃσιν
2947 2180 3002 2234 αἱ
3029 2177 3175 2256 παρὰ
3204 2185 3336 2236 τοῖσι
3364 2201 3488 2256 κρο-

1926 2266 2164 2346 τάφοισιν
2197 2264 2450 2324 ἀναπνοαὶ
2473 2267 2791 2345 ἀνοιχθεῖσαι
2834 2263 3106 2323 ἐκπνέωσι·
3136 2264 3248 2323 κύει
3294 2264 3347 2324 δὲ
3372 2265 3489 2333 τοὺς

1929 2353 2235 2432 ἐλαχίστους
2283 2353 2375 2429 μὲν
2421 2352 2698 2416 ἑκκαίδεκα
2733 2357 2929 2428 μῆνας,
2970 2349 3089 2418 τοὺς
3125 2351 3396 2417 πλείστους
3431 2351 3485 2410 δὲ

1928 2441 2283 2500 ὀκτωκαίδεκα
2302 2461 2314 2474 ·
2341 2440 2500 2499 τίκτει
2520 2440 2572 2498 δὲ
2617 2439 2691 2511 ἓν,
2714 2441 2951 2520 κατάπερ
2978 2438 3161 2507 ἵππος·
3207 2440 3294 2499 καὶ
3341 2445 3490 2499 τοῦτο

1930 2528 2161 2609 ἐκτρέφει
2191 2531 2264 2609 τῷ
2307 2528 2530 2605 γάλακτι
2573 2531 2621 2594 ἐς
2659 2527 2768 2594 ἔτος
2794 2527 2988 2606 ὄγδοον.
3020 2528 3081 2605 (s)
3113 2532 3255 2588 Ζῶσι
3295 2525 3348 2586 δὲ
3379 2529 3490 2585 ἐλε-

1930 2618 2132 2697 φάντων
2166 2619 2213 2676 οἱ
2248 2620 2465 2676 πλεῖστα
2495 2616 2613 2675 ἔτεα
2643 2619 2825 2684 ζῶντες
2855 2620 2903 2683 ἐς
2927 2617 3191 2688 διηκόσια·
3220 2613 3404 2676 πολλοὶ
3435 2613 3489 2673 δὲ

1928 2703 2096 2785 νούσῳ
2108 2703 2704 2785 προτελευτῶσινὟήραῖ
2719 2704 2770 2762 δὲ
2784 2706 2833 2771 ἐς
2851 2704 2998 2762 τόσον
3019 2703 3280 2786 ἔρχονται.
3302 2707 3361 2780 (9)
3381 2701 3488 2764 Καὶ

1931 2789 2066 2849 ἔστιν
2099 2794 2298 2850 αὐτοῖσι
2324 2795 2426 2849 τῶν
2458 2789 2551 2867 μὲν
2579 2792 2858 2871 ὀφθαλμῶν
2889 2789 3021 2868 ἴημα
3050 2792 3110 2849 τὸ
3159 2791 3321 2870 βόειον
3350 2790 3488 2868 γάλα

1931 2879 2262 2960 ἐγχεόμενον,
2287 2879 2414 2961 πρὸς
2452 2877 2618 2946 δὲτὰς
2647 2878 2808 2945 ἄλλας
2834 2878 3043 2945 νούσους
3082 2883 3110 2937 ὁ
3154 2879 3316 2956 μέλας
3361 2870 3489 2946 οἶνος

1930 2968 2225 3043 πινόμενος,
2243 2966 2330 3025 ἐπὶ
2360 2967 2413 3024 δὲ
2432 2973 2592 3024 τοῖσιν
2618 2966 2791 3025 ἕλκεσι
2819 2967 2883 3025 τὰ
2909 2967 3021 3025 ὕεια
3053 2966 3179 3046 κρέα
3210 2966 3488 3045 ὀπτώμενα

1929 3054 2019 3115 καὶ
2037 3053 2500 3131 καταπασσόμενα.
2517 3056 2700 3114 Ταῦτα
2721 3055 2843 3134 παρ’
2860 3055 3092 3115 Ἰνδοῖσίν
3109 3057 3242 3114 ἐστιν
3263 3058 3488 3115 αὐτοῖσιν

1931 3142 2148 3201 ἷνίυιατα.

1974 3182 2096 3279 ¹'De
2124 3225 2340 3279 ratione
2372 3243 2481 3297 qua
2513 3225 2720 3278 musica
2747 3223 3073 3296 elephantos
3111 3224 3240 3279 Indi
3270 3224 3490 3279 demul-

1932 3390 2090 3438 lorum
2117 3389 2252 3451 pulsu
2276 3390 2518 3450 cantuque
2545 3402 2626 3438 cos
2643 3388 2911 3437 exhilarant
2928 3402 2984 3437 ac
3009 3387 3300 3438 demulcent.
3323 3391 3389 3450 (4)
3408 3392 3490 3440 ln·

1934 3467 2148 3530 telligens
2178 3467 2331 3527 enim,
2356 3467 2395 3516 si
2417 3480 2530 3529 quae
2562 3467 2655 3516 alia
2675 3467 2799 3527 sera,
2835 3469 2906 3516 est
2936 3467 3144 3529 elephas.
3213 3469 3272 3517 Et
3295 3467 3489 3530 quidem

1933 3546 2152 3595 nonnulli
2174 3549 2381 3595 rectores
2411 3558 2525 3595 suos
2543 3545 2594 3594 in
2615 3545 2743 3595 bello
2763 3558 2911 3595 caesos
2946 3545 3157 3595 sublatos
3187 3546 3250 3594 ad
3272 3546 3489 3609 sepultu-

1943 3636 2045 3672 ram
2069 3622 2348 3672 delulerunt
2369 3622 2481 3672 :alii
2503 3622 2716 3684 jacentes
2756 3625 3119 3685 propugnarunt
3153 3640 3167 3673 t
3205 3623 3282 3672 alii
3295 3636 3486 3685 preses-

1933 3700 2123 3749 soribus
2140 3699 2281 3762 lapsis
2298 3699 2405 3749 neci
2426 3713 2529 3750 sese
2547 3699 2822 3761 objecerunt
2840 3717 2856 3761 ς
2875 3700 3070 3763 quidam
3091 3714 3241 3763 quum
3268 3714 3350 3763 per
3369 3701 3489 3750 iram

1934 3779 2167 3827 rectorem
2191 3790 2333 3825 suum
2352 3776 2651 3840 occidissent,
2675 3776 2955 3838 prenitentia
2967 3780 3014 3826 et
3033 3790 3239 3828 moerore
3257 3792 3308 3829 se
3337 3780 3492 3828 conse-

1935 3859 2120 3907 cerunt.
2161 3856 2227 3918 (5)
2248 3855 2353 3906 Vidi
2376 3869 2463 3919 ego
2481 3855 2736 3919 aliquando
2756 3856 3064 3918 elephantum
3084 3856 3359 3919 cymbalum
3390 3858 3494 3920 pul·

1937 3936 2123 3984 saniem
2154 3934 2261 3983 aliis
2301 3933 2609 3994 saltantibus,
2641 3932 2829 3982 duobus
2881 3933 3109 3995 cymbalis
3144 3933 3203 3982 ad
3253 3936 3489 3983 anteriora

1935 4025 2075 4063 crura
2085 4010 2321 4074 appensis,
2344 4010 2617 4074 alioquead
2639 4010 2967 4073 proboscidem
2982 4010 3189 4071 alligato.
3213 4010 3280 4073 (6)
3297 4014 3401 4073 lpse
3427 4012 3492 4059 al-

1935 4092 2160 4143 ternatim
2196 4090 2477 4154 proboscide
2508 4090 2782 4153 cymhalum
2801 4089 2850 4139 in
2871 4103 3126 4139 numerum
3143 4089 3202 4139 ad
3231 4091 3492 4152 utrumque

1935 4183 2047 4220 crus
2070 4168 2290 4231 pulsabat
2320 4182 2333 4216 t
2357 4167 2529 4230 reliqui
2553 4169 2600 4216 in
2624 4181 2793 4229 gyrum
2817 4167 3013 4217 choreas
3035 4166 3307 4224 ducebant,
3330 4166 3493 4215 subla·

1934 4249 1995 4297 tis
2016 4247 2243 4309 flexisque
2264 4246 2500 4309 prioribus
2518 4244 2739 4294 cruribus
2763 4245 2967 4293 vicissim
3002 4245 3048 4293 in
3072 4258 3328 4294 numerum
3349 4244 3494 4293 etiam

1936 4324 2285 4388 procedebant,
2311 4327 2455 4386 prout
2472 4324 2529 4385 is,
2555 4323 2639 4385 qui
2658 4322 2933 4385 cymbalum
2952 4322 3203 4385 pulsabat,
3223 4335 3339 4371 sono
3361 4322 3496 4385 praei-

1935 4404 2035 4452 bat.
2063 4405 2131 4463 (7)
2171 4402 2372 4465 Elephas
2396 4414 2619 4450 venerem
2652 4401 2832 4470 appetit
2871 4413 3019 4448 verno
3055 4402 3294 4462 tempore,
3319 4412 3490 4461 quem·

1937 4478 2201 4529 admodum
2219 4479 2307 4529 bos
2324 4479 2408 4528 aut
2436 4491 2576 4541 equa,
2608 4490 2761 4539 quum
2801 4477 2986 4533 reminis
3017 4477 3253 4539 spiracula
3270 4475 3492 4539 quandam

1936 4560 2064 4609 cirea
2084 4560 2302 4621 tempora
2330 4557 2555 4619 adaperta
2582 4555 2853 4618 exspirant;
2884 4556 3068 4617 tertque
3097 4554 3146 4603 in
3169 4557 3308 4604 utero
3326 4555 3493 4604 t'oetum

1937 4637 2191 4686 minimum
2213 4650 2294 4685 xvi
2313 4647 2500 4685 menses
2520 4670 2534 4695 ‚
2553 4646 2797 4683 summum
2819 4645 2959 4683 xvm.
2979 4633 3109 4682 Parit
3127 4636 3288 4683 autem
3305 4634 3496 4696 elephas

1940 4715 2292 4777 unicum,sicut
2311 4727 2434 4777 equa
2456 4715 2631 4775 :atque
2644 4713 2772 4763 hunc
2789 4713 2913 4762 lacte
2929 4725 3016 4761 suo
3035 4713 3082 4761 in
3096 4715 3323 4763 octavum
3343 4726 3495 4776 usque

1932 4807 2120 4844 annum
2144 4792 2314 4843 nutrit.
2382 4793 2450 4854 (8)
2480 4792 2664 4840 Vivunt
2683 4789 2947 4852 elephanti,
2981 4790 3064 4852 qui
3087 4790 3375 4853 plurimum,
3404 4804 3494 4840 an-

1936 4885 2024 4920 nos
2046 4884 2127 4933 ως
2151 4870 2290 4919 multi
2310 4882 2424 4918 vero
2447 4871 2559 4918 ante
2584 4868 2676 4917 hoc
2703 4870 2893 4929 tempus
2923 4867 3092 4917 morbo
3114 4868 3369 4917 intereunt.
3406 4871 3492 4917 Se-

1936 4950 2130 4997 nectute
2152 4960 2267 4996 vero
2298 4946 2357 4995 ad
2382 4948 2504 4995 banc
2538 4946 2730 4996 aetatem
2764 4944 3055 5007 pertingunt.
3125 4946 3190 5007 (9)
3228 4945 3492 4996 Oculorum

1935 5024 2201 5088 aegritudini
2225 5022 2488 5073 remedium
2509 5022 2563 5072 iis
2579 5024 2652 5072 est
2671 5022 2743 5072 lac
2762 5021 2997 5070 bubulum
3019 5021 3230 5072 infusum
3260 5042 3272 5071 :
3301 5024 3494 5085 reliquis

1933 5104 2114 5154 morbis
2151 5104 2316 5152 vinum
2351 5103 2538 5165 nigrum
2577 5105 2771 5166 epotum
2796 5101 3018 5165 prodest,
3056 5102 3297 5151 ulceribus
3328 5107 3491 5151 autem

1933 5195 2103 5232 carnes
2119 5180 2272 5231 suillae
2296 5183 2433 5231 tostae
2462 5183 2608 5243 atque
2639 5179 2816 5230 intritae
2849 5178 3145 5230 vulneribus.
3213 5183 3327 5230 llaec
3363 5179 3486 5243 apud

1934 5258 2074 5308 indos
2096 5257 2275 5307 morbis
2297 5269 2464 5307 eorum
2485 5254 2693 5306 remedia
2712 5257 2841 5305 sunt.
2875 5248 2888 5257 ⁴

3129 5335 3179 5375 ts
