4016 5916
1574 383 1675 442 DE
1725 384 1968 445 REBUS
2032 386 2386 449 PUBLtClS.

3481 404 3588 456 221

391 518 575 579 στόλου
596 514 906 596 παρεγένετο
921 559 937 588 ,
957 512 1046 572 καὶ
1071 513 1266 580 &vasaq
1284 514 1370 573 ἐπὶ
1389 515 1474 573 τὸν·
1496 514 1667 575 Λύκον
1690 518 1945 593 ποταμὸν,
2038 528 2187 579 classe
2205 529 2399 580 advenit
2417 532 2467 581 et
2483 530 2743 581 ascendens
2759 546 2843 594 per
2865 535 3045 595 Lycum
3079 534 3372 597 (Halycum)
3392 534 3595 587 fluvium

392 610 484 677 τῆς
505 602 705 670 πόλεως
728 600 919 675 ταύτης
947 601 1207 682 ἐκυρίευσε
1224 625 1237 639 ·
1258 601 1347 660 καὶ
1371 602 1583 674 νικήσας
1605 601 1722 671 τοὺς
1745 604 1945 683 paped-

392 715 539 774 ρους,
571 691 658 773 ἀφ’
683 693 868 749 ἑαυτοῦ
895 688 1298 770 προσωνόμασεν
1328 689 1506 763 αὐτὴν,
1534 690 1719 768 νόμους
1752 694 1946 771 Κρητι-

393 779 513 846 κοὺς
536 778 636 845 θεὶς
664 777 855 844 αὐτοῖς.

882 910 1066 969 XXX.
1115 909 1451 971 ΛΟΚΡΩΝ.

476 1072 513 1111 ι.
555 1049 798 1130 Ἐγένετο
829 1048 1027 1129 Λοκρὸς
1059 1048 1401 1128 Ξενόκριτος,
1432 1050 1619 1130 τυφλὸς
1647 1051 1706 1108 ἐκ
1739 1053 1947 1128 γενετῆς

390 1138 639 1209 ποιητὴς,
672 1136 762 1197 καὶ
789 1136 1135 1216 Ἐράσιππος.

474 1246 517 1286 2.
564 1224 702 1303 noep’
742 1225 913 1292 αὐτοῖς
935 1222 1207 1305 ὀδύρεσθαι
1234 1224 1327 1281 οὔκ
1353 1221 1492 1281 ἔστιν
1523 1223 1607 1282 ἐπὶ
1636 1224 1739 1291 τοῖς
1766 1226 1944 1282 τελευ·

300 1352 307 1357 ·
393 1312 633 1389 τήσασιν,
665 1312 783 1371 ἀλλ’
810 1308 1018 1371 ἐπειδὰν
1050 1310 1414 1389 ἐκκομίσωσιν,
1444 1313 1782 1391 εὐωχοῦνται.
1826 1316 1946 1374 Κα-

392 1402 606 1472 πηλεῑον
630 1403 723 1461 οὐκ
743 1399 851 1460 ἔστι
872 1398 1216 1479 μεταὸολικὸν
1237 1401 1288 1459 ἐν
1310 1400 1482 1466 αὐτοῖς
1496 1446 1513 1477 ,
1534 1402 1650 1459 ἀλλ’
1675 1404 1703 1459 ὅ
1724 1399 1947 1481 γεωργὸς

392 1489 558 1546 πωλεῖ
584 1486 649 1546 τὰ
670 1486 796 1549 ἴδια.

471 1595 516 1634 3.
564 1573 692 1634 Ἐὰν
716 1575 826 1654 ἁλῷ
846 1598 923 1642 τις
944 1572 1232 1653 [κλέπτων]
1248 1620 1264 1648 ,
1289 1572 1407 1640 τοὺς
1428 1574 1720 1655 ὀφθαλμοὺς
1744 1573 1946 1655 ἐξορύτ·

388 1684 556 1723 τεται.
602 1661 871 1723 Ζαλεύκου
913 1660 1016 1727 υἱὸς
1059 1660 1228 1734 ἑάλω,
1268 1660 1492 1720 καὶτῶν
1546 1665 1760 1740 Λοκρῶν
1794 1661 1945 1721 αὐτὸν

393 1749 667 1831 ἀφιέντων,
710 1752 808 1831 οὔχ
845 1748 1132 1826 ὑπέμεινεν,
1169 1751 1326 1806 αὑτοῦ
1367 1744 1419 1807 δὲ
1466 1747 1555 1806 ἕνα
1584 1749 1671 1806 καὶ
1716 1754 1803 1807 τοῦ
1836 1751 1946 1808 υἱοῦ

390 1835 483 1895 ἕνα
511 1838 717 1907 ἐξεῖλεν.

469 1946 512 1985 4.
560 1924 905 2005 Πολέμαρχος
969 1923 1282 2004 ἐπιορκήσας
1346 1924 1433 1982 τὸν
1497 1927 1597 1983 τῶν
1664 1924 1944 2003 Κορινθίων

392 2013 625 2092 ἀπέφυγε
661 2013 862 2073 στόλον.
907 2013 1012 2074 Καὶ
1046 2014 1435 2090 μυθολογοῦσιν,
1464 2013 1547 2070 ὅτε
1578 2011 1814 2070 καθεύδοι
1860 2012 1939 2070 νύ-

392 2183 637 2248 Manapia-1
671 2182 972 2232 scribendum
996 2195 1097 2231 oesc
1131 2179 1398 2243 suspicatur
1436 2180 1650 2229 Dindort.
1688 2180 1737 2229 in
1777 2181 1941 2243 steph.

390 2253 532 2315 Thes.
546 2266 584 2303 s.
602 2266 649 2302 v.
663 2252 1001 2316 -παρεγὲνετο
1015 2268 1060 2300 κ.
1080 2250 1270 2314 ἁναὸἁς]
1290 2255 1324 2300 Α
1338 2254 1395 2312 G,-
1408 2251 1695 2314 παραγέγονε
1705 2267 1751 2299 κ.
1767 2250 1835 2300 ἂν.
1850 2251 1944 2305 bd,-

390 2325 754 2387 παραγεγονέναι
772 2326 850 2372 καὶ
869 2324 1041 2379 ἀναὸὰς
1060 2321 1229 2384 reliqui
1246 2340 1260 2384 ;
1278 2322 1639 2385 παραγεγονέναι
1660 2322 1830 2376 ἀναδὰς
1859 2324 1945 2371 Co·

394 2407 506 2456 ταῖς
534 2393 916 2457 παραγεγονέναι,
948 2393 1221 2457 παρεγένετο
1248 2393 1327 2440 καὶ
1360 2392 1407 2440 ἀ.
1447 2390 1859 2451 Schneidewinus3
1898 2394 1948 2440 at

394 2463 514 2512 illud
532 2464 647 2526 μετὰ
664 2464 829 2512 στόλον
848 2462 1033 2512 nonnisi
1056 2463 1104 2510 in
1130 2459 1589 2523 Minoem'quadrat3
1609 2459 1735 2510 idem
1758 2460 1945 2510 Schnei-

390 2532 611 2581 dewinus
632 2536 680 2581 ln
699 2530 1061 2581 Commentariis
1080 2529 1305 2592 proponit
1324 2529 1599 2592 παρεγένετο
1618 2530 1697 2576 καὶ
1713 2529 1849 2584 αὐτὸς
1869 2530 1946 2576 καὶ

394 2603 566 2658 ἀναὸἀις
589 2604 689 2652 κτλ.
721 2604 881 2664 Neque
905 2601 997 2650 hoc
1019 2614 1139 2662 opus
1161 2600 1246 2649 est.
1276 2601 1502 2650 Ceterum
1524 2598 1584 2648 de
1618 2598 1786 2647 Minois
1803 2611 1946 2659 expe-

388 2672 570 2721 ditione
588 2671 747 2722 Sicula
767 2684 817 2719 v.
845 2671 1071 2721 Herodot.
1098 2674 1185 2721 vu
1201 2706 1215 2731 ‚
1244 2675 1356 2730 170;
1379 2670 1615 2719 Diodorus
1638 2671 1744 2716 xvi
1760 2705 1774 2729 ,
1801 2673 1880 2730 82,
1899 2675 1945 2729 3;

391 2743 635 2792 Plutarch.
660 2743 833 2794 Timol.
855 2755 899 2793 c.
922 2745 981 2791 34
999 2779 1013 2802 ,
1038 2744 1128 2791 etc.
1151 2767 1215 2778 —
1232 2739 1407 2804 Λύκον]
1429 2740 1571 2789 κὺκον
1592 2742 1629 2788 Α
1657 2740 1705 2786 et
1727 2752 1850 2786 corr.
1879 2742 1943 2792 C.

393 2814 559 2862 κύκνον
578 2826 650 2876 pr.
680 2815 750 2869 G;
776 2813 969 2863 Ἄλυκον
992 2811 1290 2874 wesseling„
1316 2811 1512 2871 Koeler.,
1538 2811 1767 2871 eorayus.
1790 2808 1947 2857 Sinte-

394 2883 467 2932 nis
483 2896 558 2944 ap.
577 2881 925 2934 Schneidewin.
947 2901 960 2932 ε
984 2901 1007 2924 α
1023 2882 1215 2932 Ἄλυκον
1231 2880 1598 2930 incertissimum
1616 2890 1716 2928 esse
1728 2880 1949 2926 constans

395 2955 627 3004 monstrat
644 2952 877 3003 librorum
908 2966 1003 3003 non
1021 2952 1177 3002 solum
1203 2951 1445 3001 Plutarchi
1473 2948 1649 3000 Timol.
1667 2951 1725 2999 34
1742 2985 1757 3010 ,
1781 2962 1947 2996 verum

393 3023 535 3072 etiam
566 3023 762 3074 Diodori
786 3025 926 3087 XVl,
960 3027 1019 3072 82
1038 3022 1087 3071 in
1119 3022 1272 3078 Λύκος
1304 3033 1575 3071 consensus.
1603 3021 1723 3068 Novi
1754 3019 1947 3081 quidem

393 3093 522 3142 locos
535 3093 709 3155 quihus
728 3093 918 3148 ’.Αλυκος
941 3091 1113 3141 dicitur
1135 3092 1325 3152 fluvius,
1348 3095 1493 3140 Exco.
1516 3088 1747 3138 Hoeschel.
1783 3095 1840 3137 23
1856 3125 1869 3148 ,
1899 3097 1945 3149 93

392 3165 451 3211 24
470 3199 485 3223 ,
515 3169 557 3223 t,
584 3162 825 3224 ipsiusque
844 3160 1040 3210 Diodori
1068 3161 1171 3219 XV,
1193 3165 1266 3220 17,
1291 3173 1402 3208 cum
1431 3158 1667 3208 annotatis
1690 3158 1941 3206 wesselin-

392 3231 486 3292 gii,
513 3231 597 3280 sed
614 3244 669 3280 ea
687 3244 782 3280 non
801 3233 1016 3281 evertere
1034 3229 1243 3291 intelligo
1263 3229 1410 3279 trium
1428 3228 1714 3289 scriptorum
1734 3226 1781 3274 in
1800 3227 1948 3276 altera

400 3303 552 3349 forma
566 3313 864 3363 consensum,
882 3300 1252 3363 haudquaquam
1268 3299 1400 3348 casui
1418 3296 1725 3361 probabiliter
1738 3297 1947 3346 tribuen-

394 3370 532 3419 dum.
556 3390 578 3412 υ
594 3370 736 3420 Addit
756 3370 1174 3420 Schneidewinus:
1200 3389 1223 3412 «
1245 3372 1322 3419 Me
1339 3372 1513 3431 praeter
1535 3368 1868 3417 auctoritatem
1887 3367 1945 3416 li-

398 3439 594 3488 brorum
616 3440 677 3488 ad
696 3440 941 3490 tutandam
962 3441 1164 3490 sormam
1188 3441 1345 3489 Λύκον
1375 3439 1642 3502 permovit,
1674 3438 1803 3501 quod
1822 3438 1947 3486 idem

391 3510 601 3559 aliorum
622 3513 693 3561 est
721 3511 970 3560 fluviorum
1004 3524 1181 3561 nomen
1203 3513 1251 3559 et
1284 3510 1413 3572 quod
1445 3510 1495 3558 in
1526 3508 1688 3558 multis
1716 3507 1950 3557 similibus

398 3579 671 3629 nominibus
701 3598 731 3629 α
758 3580 930 3629 mobile
951 3579 1270 3629 esseconstat.
1292 3597 1317 3621 v·
1341 3580 1617 3639 Sequuntur
1635 3576 1866 3639 exempla.
1886 3602 1950 3613 —-

397 3649 626 3715 ποταμὸν]
640 3654 749 3700 ποτὲ
769 3655 861 3701 AG.
885 3677 949 3687 —
970 3649 1146 3715 αὐτοῖς]
1165 3649 1311 3710 Λαίς
1336 3649 1451 3711 αὐτῇ
1471 3648 1657 3710 reliqui.

459 3724 607 3771 XXX.
642 3719 925 3784 Ξενόκριτος]
949 3734 992 3770 ν.
1020 3719 1188 3771 Glauci
1222 3717 1421 3780 Rhegini
1462 3719 1521 3766 tr.
1556 3722 1600 3766 4.
1636 3720 1703 3766 De
1726 3717 1949 3779 Erasippo

390 3792 586 3842 aliunde
604 3805 701 3841 non
716 3793 918 3841 constat.
938 3815 1003 3827 —-
1021 3797 1067 3840 2.
1089 3790 1214 3854 ὁδυρ.
1236 3790 1322 3838 οὐκ
1344 3787 1461 3851 ἔστι]
1482 3788 1554 3838 Cf.
1577 3788 1634 3837 sr.
1667 3793 1713 3836 9.
1734 3817 1796 3829 -
1815 3804 1948 3850 μετα-

388 3862 519 3927 ὒολ.]
539 3863 841 3926 μεταμελικὸν
860 3865 959 3912 ΑΟ.
979 3887 1045 3899 —-
1058 3866 1087 3912 3
1108 3859 1336 3923 κλέπτων]
1355 3860 1479 3907 hanc
1503 3871 1667 3906 vocem
1687 3870 1785 3907 om.
1814 3859 1853 3907 G
1865 3890 1879 3911 ,
1902 3859 1953 3906 et

396 3946 511 3983 sane
518 3932 649 3983 atiud
669 3931 866 3982 verbum
880 3930 1171 3981 desideratur
1182 3929 1404 3995 (μοιχός),
1416 3942 1566 3991 quum
1581 3929 1659 3977 lex
1671 3941 1765 3977 non
1778 3926 1837 3976 de
1847 3927 1950 3976 fure

397 4005 485 4066 sit,
520 4003 603 4053 sed
627 4003 690 4054 de
719 4003 926 4053 moecho.
955 4004 1017 4052 V.
1052 4002 1226 4053 AElian.
1263 4005 1324 4051 V.
1362 4003 1422 4050 Η.
1456 4002 1567 4049 ΧΙΙΙ
1582 4037 1596 4060 ,
1631 4004 1688 4048 24
1722 3999 1770 4048 et
1790 3998 1949 4047 valer.

400 4076 524 4123 Max.
546 4074 633 4134 vt,
657 4084 700 4135 5,
723 4080 768 4123 3.
791 4076 1030 4122 Lacunam
1045 4071 1230 4122 notavit
1246 4068 1700 4121 Schneidewin—4.
1719 4070 1951 4131 ΙΙολέμαρ·

396 4160 480 4208 χος
510 4142 628 4207 κτλ.]
649 4162 675 4186 ιι
712 4146 768 4192 ln
786 4157 816 4205 9
836 4143 942 4192 haec
960 4155 989 4191 a
1006 4141 1327 4205 superioribus
1346 4143 1576 4201 tanquam
1605 4151 1784 4188 novum
1808 4141 1954 4201 caput

401 4216 692 4275 separantur,
715 4225 825 4275 quae
841 4213 889 4260 in
908 4212 1117 4274 reliquia,
1138 4214 1192 4261 ut
1210 4210 1416 4269 videtur,
1434 4210 1689 4258 cohaerent.
1710 4227 1735 4252 ν
1755 4208 1950 4258 Schnei-

400 4284 603 4344 dewin„
621 4283 705 4345 qui
724 4283 855 4344 signa
880 4282 1062 4331 lacunae
1083 4280 1253 4344 posuit.
1274 4301 1298 4323 ιι
1313 4284 1411 4342 Ego
1424 4317 1438 4340 ,
1454 4279 1544 4342 ait,
1558 4279 1606 4327 in
1626 4278 1700 4328 his
1718 4278 1951 4342 tenebris,

399 4365 510 4414 qnae
531 4353 932 4402 narratiunculam
956 4355 1208 4415 premunt,
1242 4352 1334 4400 hoc
1353 4348 1601 4413 pervideo,
1631 4347 1864 4412 quidquid
1894 4350 1954 4400 de

404 4421 711 4472 Polemarcho
724 4423 971 4471 narratum
986 4422 1076 4471 suit
1092 4452 1149 4464 -
1166 4434 1277 4470 nam
1292 4433 1466 4469 nomen
1480 4417 1724 4482 proprium
1742 4417 1955 4480 accipere

396 4491 664 4542 consultius
679 4494 780 4554 est,
810 4492 923 4555 qnia
944 4492 1061 4542 alias
1080 4509 1148 4548 τις
1169 4491 1384 4541 additum
1407 4491 1653 4551 exspectes
1675 4513 1767 4549 —-,
1788 4500 1955 4550 perpe-

402 4574 505 4611 ram
530 4563 830 4611 Locrensium
856 4560 1276 4624 Epizephyriorum
1298 4557 1479 4609 civitati
1498 4558 1605 4607 haec
1625 4557 1676 4606 in
1704 4557 1836 4606 libris
1853 4558 1955 4608 vul·

400 4632 593 4694 garibus
620 4633 912 4695 agglutinata
929 4643 1049 4681 esse.
1074 4630 1261 4680 Etenim
1286 4632 1391 4693 post
1409 4629 1807 4678 commemoratas
1832 4626 1956 4689 leges

290 4739 301 4754 .
404 4702 617 4765 Zaleuci,
644 4704 727 4764 qni
749 4702 886 4752 locus
910 4701 1109 4751 ultimus
1138 4700 1261 4750 solet
1283 4700 1330 4749 in
1350 4699 1423 4748 his
1443 4697 1715 4748 civitatibus
1731 4710 1859 4756 esse,
1880 4698 1955 4746 hi·

402 4772 610 4822 storiolae
622 4785 784 4822 serum
804 4769 920 4833 fnit3
936 4783 1023 4821 nec
1036 4769 1151 4833 quid
1168 4770 1228 4819 ad
1247 4772 1504 4819 Locrenses
1525 4769 1669 4817 homo
1685 4767 1957 4818 Corinthius

403 4843 654 4903 petineat,
669 4844 886 4904 exputes.
907 4844 1089 4902 Nempe
1108 4839 1232 4888 male
1246 4839 1351 4887 haec
1365 4852 1395 4887 a
1413 4837 1794 4888 Chalcidensium
1814 4837 1957 4888 rebus

396 4911 570 4960 avulsa
588 4914 729 4972 sunt,
751 4924 863 4974 qnae
890 4910 939 4959 in
961 4910 1231 4960 narratione
1248 4908 1310 4957 de
1331 4906 1523 4956 condita
1544 4907 1704 4969 aliqua
1722 4907 1840 4956 urbe
1859 4908 1951 4956 Co·

405 4981 689 5030 rinthiorum
708 4978 1151 5030 Chalcidensiumve
1169 4978 1304 5027 erant
1325 4976 1496 5037 allata,
1524 4978 1580 5024 ut
1598 4975 1771 5025 similia
1793 4976 1957 5025 statim

398 5050 466 5100 de
488 5050 681 5102 Cleonis
707 5050 874 5101 Athois
890 5050 1343 5108 commemorantur.
1368 5046 1742 5095 Firmamentum
1764 5048 1955 5095 senten-

404 5119 486 5170 tiae
518 5132 641 5169 meae
666 5121 855 5181 repetas
887 5119 1035 5168 etiam
1065 5117 1204 5178 inde,
1240 5115 1368 5178 quod
1402 5116 1608 5178 primum
1631 5114 1680 5164 in
1715 5114 1958 5164 codicibus

403 5188 628 5239 omnibus
644 5187 965 5239 desideratum
989 5187 1164 5238 lemma
1186 5186 1451 5236 Χαλκιδέων
1469 5198 1497 5233 a
1530 5183 1732 5235 camillo
1752 5187 1957 5236 Perusco

2038 615 2158 665 urbe
2194 616 2284 665 hac
2324 618 2505 679 potitus
2537 621 2626 668 est.
2665 619 2816 669 Victis
2848 619 3012 683 itaque
3043 619 3284 683 barbaris,
3312 621 3373 672 de
3399 636 3450 674 se
3489 624 3595 674 urbi

2037 715 2212 753 nomen
2231 704 2487 768 imposuit,
2506 705 2727 769 legesque
2751 706 2964 757 Creticas
2987 706 3051 756 ibi
3069 707 3293 759 instituit.

2479 916 2662 977 XXX.
2707 917 3148 979 LOCRORUM.

2103 1061 2236 1111 Locri
2269 1062 2462 1111 fuerunt
2509 1062 2795 1112 Xenocritus
2833 1065 3001 1126 poeta,
3042 1064 3128 1126 qui
3154 1077 3314 1115 caecus
3348 1064 3400 1114 in
3436 1065 3598 1117 lucem

2037 1148 2194 1197 editus
2216 1152 2313 1209 est,
2339 1150 2389 1198 et
2406 1150 2677 1212 Erasippus.
3529 1198 3536 1205 .

2101 1242 2146 1285 2.
2183 1235 2319 1298 Apud
2350 1249 2431 1285 eos
2462 1236 2609 1286 moris
2638 1250 2734 1287 non
2765 1237 2837 1287 est
2871 1237 3033 1300 lugere
3064 1240 3304 1305 mortuos,
3336 1239 3417 1290 sed
3439 1252 3597 1303 quum

2038 1323 2246 1373 esserunt
2279 1336 2387 1384 eos,
2424 1324 2524 1374 laeti
2555 1324 2830 1374 convivium
2862 1326 3058 1388 agitant.
3086 1327 3315 1377 Tabernae
3347 1326 3594 1378 institorias

2037 1410 2164 1474 apud
2196 1423 2278 1460 eos
2299 1424 2397 1460 non
2422 1412 2562 1473 sunt,
2580 1410 2664 1461 sed
2685 1412 2848 1463 rustici
2870 1426 2956 1462 sua
2986 1414 3027 1463 ei
3056 1414 3217 1463 statim
3238 1414 3482 1477 vendunt,
3508 1415 3595 1477 qui

2037 1497 2131 1547 illis
2149 1497 2338 1561 indiget.
3466 1481 3478 1493 '

2101 1590 2144 1635 3.
2179 1586 2229 1635 Si
2262 1587 2371 1649 quis
2404 1586 2454 1635 in
2494 1585 2759 1636 adulterio
2795 1586 3182 1650 deprehenditur,
3220 1587 3512 1639 effodiuntur
3553 1588 3598 1639 ei

2037 1673 2182 1722 oculi.
2207 1673 2415 1736 Contigit
2437 1676 2601 1722 autem
2620 1675 2673 1722 ut
2692 1673 2880 1722 Zaleuci
2896 1673 3023 1723 filius
3041 1673 3489 1737 deprehenderetur.
3507 1674 3597 1726 cui

2039 1773 2186 1822 quum
2215 1761 2349 1810 Locri
2368 1774 2558 1824 poenam
2582 1761 2827 1810 remittere
2849 1760 3051 1821 vellent,
3070 1774 3168 1810 non
3192 1762 3304 1810 tulit
3329 1761 3395 1824 (id
3414 1763 3594 1825 pater);

2040 1846 2124 1896 sed
2143 1848 2232 1896 sibi
2253 1861 2407 1896 unum
2421 1884 2435 1909 ,
2455 1848 2662 1897 alterum
2685 1846 2785 1896 filio
2807 1847 3003 1896 oculum
3023 1848 3165 1897 eruit.

2101 1938 2146 1984 4.
2186 1935 2524 1985 Polemarchus
2545 1935 2765 1997 perjurus
2782 1948 2812 1984 a
2829 1934 3187 1991 Corinthiorum
3208 1936 3357 2001 classe
3379 1936 3592 1999 aufugit3

2036 2035 2183 2084 quem
2208 2022 2482 2072 fabulantur
2501 2021 2678 2072 idcirco
2695 2024 2840 2072 noctu
2860 2021 3198 2071 dormitantem
3216 2036 3245 2071 a
3264 2022 3481 2072 mustelis
3494 2036 3598 2072 cor-

2037 2182 2353 2244 inopportnne
2378 2182 2651 2244 suppletum
2684 2183 2783 2241 est;
2801 2180 2972 2230 deinde
2998 2182 3198 2243 scriptor
3218 2182 3284 2231 ita
3303 2183 3452 2244 pergit
3473 2197 3486 2230 :
3507 2200 3593 2231 κα-

2037 2253 2242 2315 τῴκισαν
2257 2253 2306 2301 δὲ
2323 2253 2402 2300 καὶ
2427 2253 2638 2307 Κλεωνὰς
2655 2251 2915 2313 Χαλκιδεῖς,
2932 2251 2988 2300 ut
3002 2251 3062 2301 de
3076 2252 3167 2301 alia
3185 2251 3372 2301 colonia
3390 2252 3596 2303 deducta

2036 2334 2193 2371 sermo
2228 2322 2372 2371 fuisse
2397 2325 2536 2371 antea
2571 2324 2805 2383 oporteat.
2845 2321 2998 2381 Quid,
3038 2324 3093 2370 ut
3130 2322 3422 2383 conjecturae
3443 2323 3596 2374 aleam

2040 2392 2250 2441 modeste
2270 2392 2500 2453 jaciamus
2513 2428 2528 2453 ,
2546 2392 2584 2442 si
2600 2392 2659 2441 dc
2678 2392 2798 2441 urbe
2819 2393 2976 2454 aliqua
2997 2396 3272 2442 narraverat
3295 2394 3594 2459 Aristoteles,

2037 2476 2146 2524 quae
2169 2462 2217 2511 in
2237 2462 2512 2511 memoriam
2532 2463 2708 2525 perjuri
2729 2463 2933 2511 hominis
2951 2476 3126 2510 nomen
3153 2476 3181 2510 a
3198 2464 3361 2523 γαλαῖς
3390 2464 3491 2514 istis
3513 2479 3596 2514 ac-

2038 2534 2231 2593 ceptum
2263 2533 2434 2581 hahere
2456 2531 2711 2590 diceretur,
2740 2531 2888 2581 veluti
2912 2533 2959 2580 in
2985 2533 3137 2581 Pieria
3167 2533 3457 2583 Macedoniae
3489 2538 3595 2584 erat

2040 2602 2278 2665 Γαλάδρα,
2301 2603 2350 2650 ἰιι
2383 2603 2588 2651 Thracia
2611 2601 2897 2651 Thasiorum
2922 2601 3109 2650 colonia
3134 2603 3376 2665 Γαληψόςῖ
3397 2603 3487 2653 Sed
3507 2607 3598 2654 hoc

2037 2670 2271 2733 quidquid
2288 2672 2387 2730 est,
2415 2670 2660 2719 communi
2681 2671 2873 2719 vinculo
2901 2676 2992 2719 τῶν
3011 2673 3166 2732 γαλῶν
3185 2675 3234 2721 et
3255 2677 3384 2733 μνῶν
3418 2676 3596 2722 utram·

2037 2753 2132 2802 que
2151 2740 2554 2789 narratiunculam
2578 2752 2752 2789 nexam
2773 2740 2914 2789 tuisse
2938 2742 3177 2790 neminem
3202 2743 3361 2804 fugiet.
3385 2761 3410 2785 ιο
3430 2745 3608 2808 Varias,

2038 2810 2259 2872 rationes,
2279 2811 2452 2873 quihus
2468 2811 2760 2860 Polemarchi
2779 2811 2884 2860 haec
2900 2810 3145 2860 historiola
3163 2825 3271 2861 cum
3294 2813 3599 2864 Locrensium

2039 2881 2181 2930 rebus
2194 2880 2449 2942 conjuncta
2469 2879 2608 2929 tuisse
2622 2881 2851 2943 potuerit,
2873 2880 2922 2929 in
2939 2880 3151 2930 medium
3171 2882 3350 2945 profert
3364 2884 3596 2933 Koelerus.

2037 2951 2245 3012 cogitari
2261 2965 2396 3013 posse
2410 2952 2546 3014 putat
2562 2950 2623 3000 de
2637 2950 2949 3001 Polemarcho
2960 2954 3194 3014 Spartano
3208 2953 3288 3015 qui
3307 2953 3599 3016 Polydorum

2040 3021 2507 3071 Lacedaemoniorum
2534 3034 2691 3083 regem
2720 3021 2957 3071 interfecit
2986 3022 3044 3072 iis
3067 3024 3384 3086 temporibus,
3423 3026 3600 3087 quihus

2039 3090 2382 3140 Lactxlaemonii
2404 3091 2614 3140 colonias
2632 3093 2886 3140 Crotonem
2907 3094 2956 3141 et
2981 3095 3157 3141 Locros
3178 3093 3411 3143 miserunt
3431 3095 3450 3154 (
3471 3098 3598 3143 Pau-

2038 3173 2140 3209 san.
2176 3164 2267 3222 ΙΙΙ,
2290 3168 2344 3222 3,
2374 3168 2392 3209 1
2414 3161 2449 3221 ).
2482 3158 2615 3208 ldem
2633 3160 2765 3208 addit
2788 3162 2892 3210 haec
2914 3180 2927 3209 ε
2954 3179 2977 3202 a
3005 3161 3256 3211 societatis
3281 3164 3511 3213 rationem
3527 3165 3600 3213 in·

2037 3231 2112 3277 ter
2143 3231 2402 3290 utrumque
2439 3229 2671 3289 populum
2699 3230 2908 3289 (Locros
2938 3230 2988 3279 et
3017 3231 3315 3293 Corinthios)
3340 3233 3489 3293 possis
3512 3233 3597 3282 de-

2037 3299 2330 3361 prehendere
2347 3298 2396 3347 in
2419 3299 2702 3358 cognatione
2723 3301 3086 3361 Corcyraeorum
3104 3303 3154 3348 et
3183 3302 3440 3348 Locrorum
3465 3304 3596 3364 (Co-

2037 3382 2150 3419 non.
2175 3372 2310 3419 Narr.
2341 3370 2427 3431 3),
2447 3382 2654 3433 quorum
2672 3369 2740 3417 illi
2768 3382 2796 3417 a
2824 3368 3055 3419 Corintho
3078 3369 3270 3418 oriundi
3296 3374 3451 3419 erant.
3477 3373 3598 3421 Hinc

2038 3440 2197 3490 forsan
2223 3440 2431 3502 sactum,
2452 3442 2509 3490 ut
2527 3439 2720 3489 Archias
2743 3439 2822 3488 ille
2840 3439 3027 3488 celeber
3044 3443 3301 3501 Syracusas
3319 3440 3598 3491 conditurus

2039 3513 2214 3560 Locros
2229 3510 2525 3570 deren-teret,
2545 3522 2692 3571 quem
2714 3512 2889 3570 Dores,
2912 3509 2996 3571 qui
3016 3522 3152 3558 oram
3173 3510 3454 3558 Locrensem
3474 3510 3599 3561 inse·

2038 3578 2230 3638 derant,
2253 3593 2417 3628 secum
2442 3579 2635 3627 duxisse
2664 3578 2808 3627 tradit
2839 3581 3077 3639 Scymnus
3104 3579 3253 3628 Chius
3281 3583 3388 3630 277.
3414 3583 3598 3630 Verum

2038 3662 2188 3712 quum
2208 3650 2312 3697 haec
2328 3649 2567 3711 expeditio
2581 3648 2763 3697 navalis
2784 3648 2914 3710 prior
2926 3649 2987 3696 sit
3006 3649 3086 3696 illa
3101 3647 3326 3710 Polydori
3346 3662 3463 3699 nece
3475 3686 3489 3710 ,
3513 3654 3599 3700 Po·

2039 3719 2307 3768 lemarchus
2323 3718 2402 3768 hic
2421 3718 2639 3768 diversus
2654 3718 2718 3768 sit
2747 3719 2937 3779 oportet
2958 3731 2988 3766 a
3016 3717 3138 3779 regis
3154 3718 3375 3779 Spartani
3402 3732 3599 3781 percus-

2038 3802 2160 3839 sore.
2185 3789 2465 3838 Proximum
2484 3788 2573 3849 sit,
2593 3790 2650 3838 ut
2665 3786 2726 3836 ad
2744 3786 3058 3837 Timoleontis
3076 3801 3150 3836 res
3167 3787 3393 3838 decurras
3405 3825 3419 3850 ,
3447 3790 3529 3838 sed
3549 3790 3599 3840 in

2039 3858 2097 3907 iis
2108 3858 2254 3908 ullam
2268 3871 2379 3907 cum
2401 3857 2559 3908 Locris
2572 3857 2956 3907 communionem
2977 3857 3152 3907 trustra
3170 3870 3373 3919 questas,
3386 3859 3475 3908 etsi
3486 3874 3599 3909 eum

2039 3940 2137 3976 orae
2149 3929 2345 3978 Graeciae
2355 3929 2549 3990 majoris
2556 3927 2756 3977 classem
2763 3927 2998 3989 appulisse
3007 3930 3055 3976 et
3070 3927 3233 3988 Rhegii
3245 3929 3599 3991 Metapontique

2042 3997 2181 4047 fuisse
2203 4000 2406 4048 constat.
2436 4019 2459 4042 υ
2486 3999 2774 4060 Argumenta
2790 3997 2966 4058 quibus
2984 3996 3373 4046 Schneidewinus
3391 3997 3494 4046 haec
3519 4012 3600 4051 se·

2040 4067 2249 4129 paranda
2263 4081 2292 4116 a
2308 4067 2612 4118 Locrensium
2627 4067 2790 4129 politia
2805 4069 2984 4124 censet,
3003 4079 3173 4128 parum
3190 4065 3410 4128 ponderis
3423 4067 3597 4118 hahere

2044 4136 2159 4185 mihi
2177 4134 2430 4199 videntur;
2448 4149 2504 4186 ac
2524 4135 2586 4187 de
2605 4135 2830 4185 Locrensi
2842 4135 3035 4184 homine
3056 4148 3325 4184 sermonem
3343 4147 3446 4185 esse
3461 4137 3599 4186 exiis

2041 4206 2255 4255 nascitur
2275 4206 2509 4268 suspicio,
2529 4219 2640 4269 quae
2653 4204 2782 4268 apud
2805 4205 3044 4254 AElianum
3059 4208 3172 4252 var.
3197 4203 3316 4253 nist.
3337 4205 3468 4267 XIV,
3484 4207 3510 4254 4
3528 4218 3598 4255 re·

2044 4276 2205 4338 perio:
2228 4276 2336 4325 ‘'O-rt
2353 4276 2666 4339 Ἄριστείδηςό
2687 4275 2908 4338 Λοκρὸς
2938 4275 3047 4323 ὑπὸ
3070 4273 3397 4336 Ταρτησίας
3422 4275 3598 4335 γαλῆς

2044 4345 2279 4408 δηχθεὶς
2302 4348 2380 4395 καὶ
2403 4347 2708 4403 ἀποθνήσκων
2735 4345 2875 4394 εἶπεν·
2909 4345 2981 4393 ὅτι
2999 4344 3118 4393 πολὺ
3146 4346 3201 4392 ἂν
3231 4344 3359 4401 ἣδιον
3383 4342 3442 4404 ἦν
3471 4344 3598 4408 αὐτῷ

2043 4416 2250 4478 δηχθέντι
2272 4417 2362 4464 ὑπὸ
2380 4417 2560 4471 λέοντος
2580 4417 2609 4474 ἢ
2627 4415 2894 4479 παρδάλεως
2911 4415 3172 4474 ἀποθανεῖν,
3195 4413 3321 4477 εἰπερ
3335 4413 3416 4462 οὖν
3429 4415 3518 4464 laet
3530 4432 3599 4464 τι·

2041 4487 2119 4542 νὸς
2134 4490 2203 4548 τῷ
2216 4486 2398 4549 θανάτῳ
2416 4484 2705 4549 προφάσεως,
2722 4488 2753 4543 ἢ
2767 4487 2857 4534 ὑπὸ
2878 4484 3035 4548 θηρίου
3052 4484 3277 4533 τοιούτου·
3297 4486 3381 4542 τήν
3394 4483 3596 4544 ἀδοξίαν,

2045 4558 2146 4621 ἐμοὶ
2160 4559 2329 4617 δοκεῖν,
2346 4558 2514 4612 ἐκεῖνος
2527 4562 2611 4606 τοῦ
2628 4557 2859 4620 δήγματος
2872 4557 3030 4617 πολλῷ
3051 4554 3297 4617 βαρύτερον
3311 4554 3458 4619 φέρων
3476 4556 3506 4614 ἢ
3519 4556 3598 4605 τὸν

2045 4625 2238 4675 θάνατον
2263 4626 2416 4678 αὐτόν.
2442 4628 2565 4676 Sane
2587 4625 2781 4688 quidem
2803 4624 2927 4687 apud
2955 4623 3249 4674 Heraclidem
3273 4638 3370 4673 non
3394 4627 3599 4678 mustela

2045 4695 2284 4745 hominem
2299 4732 2313 4753 ,
2334 4695 2416 4744 sed
2432 4695 2576 4744 homo
2604 4694 2765 4756 ipsese
2781 4696 2975 4757 propter
2994 4692 3219 4743 mustelas
3239 4693 3498 4757 interfecit,
3513 4694 3600 4744 sed

2044 4777 2186 4813 nemo
2213 4764 2391 4823 nescit,
2409 4767 2646 4827 qnantum
2669 4763 2900 4827 ejusmodi
2925 4763 3183 4814 historiola}
3201 4764 3372 4813 variari
3395 4765 3595 4825 soleant,

2043 4834 2163 4883 adeo
2186 4836 2241 4883 ut
2272 4834 2409 4884 facile
2438 4833 2541 4883 fieri
2564 4835 2740 4897 possit,
2759 4836 2816 4883 ut
2847 4834 3062 4883 AElianus
3083 4836 3133 4885 et
3151 4836 3322 4886 Noster
3346 4835 3408 4885 de
3429 4835 3599 4886 eodem

2044 4905 2148 4954 viro
2180 4903 2325 4970 verba
2357 4904 2548 4955 saciant.
2583 4904 2732 4967 igitur
2749 4905 3040 4968 πολέμαρχος
3071 4918 3167 4954 non
3187 4904 3307 4961 viri,
3330 4905 3416 4956 sed
3442 4905 3599 4969 digni-

2044 4975 2155 5024 tatis
2175 4987 2350 5024 nomen
2368 4987 2468 5024 esse
2485 4987 2598 5024 cum
2615 4974 2798 5038 {leynio
2817 4976 2836 5036 (
2852 4979 3031 5038 opusc.
3061 4979 3101 5026 lt
3118 5012 3133 5036 ,
3148 4988 3197 5039 p.
3222 4977 3310 5038 52)
3335 4976 3600 5027 statuerim.

2046 5044 2302 5094 Aristidem
2336 5047 2646 5105 Locrensem,
2670 5045 2880 5095 Platonis
2912 5045 3148 5106 amicum,
3172 5046 3257 5107 qui
3287 5045 3434 5096 filiam
3461 5060 3600 5097 suam

2046 5114 2270 5176 Dionysio
2288 5114 2463 5165 seniori
2480 5114 2530 5164 in
2562 5115 2921 5165 matrimonium
2944 5115 3203 5177 postulanti
3225 5117 3487 5174 recusavit,
3508 5130 3598 5165 cu-

2043 5183 2216 5249 iusque
2230 5184 2404 5235 liberos
2416 5186 2580 5248 postea
2591 5187 2824 5247 tyrannus
2837 5185 3089 5248 interfecit,
3105 5185 3327 5236 novimus
3338 5199 3400 5235 ex
3417 5186 3600 5236 Plutar-
