4016 5916
1747 396 2242 459 FRAGMENTA.

473 553 495 578 ι
512 515 648 598 Εἶτὶ,
664 522 875 606 ἐκήρυξε
890 524 991 605 γὰρ
1005 528 1040 596 ἡ
1061 523 1206 591 πόλις
1217 523 1470 605 χρήματα
1491 524 1672 583 δώσειν
1694 525 1862 585 πολλὰ
1881 529 1956 607 τῷ

392 612 548 673 αὐτὸν
570 611 838 682 λαὸόντιῆ
862 612 956 684 τὴν
972 611 1207 691 κεφαλὴν
1225 611 1524 689 κομίσαντι,
1542 603 1685 678 οὗτος
1701 615 1729 670 ὁ
1749 612 1959 692 Δρίμα-

392 725 500 775 κος,
527 699 875 783 πρεσὸύτερος
903 695 1196 778 γενόμενος,
1222 697 1449 766 καλέσας
1472 696 1558 757 τὸν
1580 699 1835 779 ἐρώμενον
1867 701 1954 758 τὸν

391 794 576 848 ἑαυτοῦ
606 787 676 855 εἴς
711 811 826 846 τινα
863 787 1038 859 τόπον,
1062 784 1203 864 λέγει
1242 787 1384 866 αὐτῷ
1425 785 1503 845 ὅτι
1540 785 1684 864 Ἐγώ
1724 810 1781 845 σε
1814 786 1955 845 πάν-

391 902 497 937 των
527 876 813 957 ἀνθρώπων
850 876 1106 956 ἠγάπησα
1140 875 1398 951 μάλιστα,
1438 872 1529 933 καὶ
1566 873 1630 932 σύ
1663 897 1749 951 μοι
1783 865 1832 942 εἶ
1864 875 1954 935 καὶ

391 973 516 1032 παῖς
561 965 651 1023 καὶ
697 963 803 1030 υίὸς
858 960 946 1021 καὶ
989 961 1057 1020 τὰ
1098 961 1236 1019 ἄλλα
1287 960 1481 1024 πάντα.
1533 960 1688 1039 Ἐμοὶ
1726 960 1820 1039 μὲν
1867 954 1955 1022 οὖν

390 1053 575 1133 χρόνος
599 1051 769 1119 ἱκανὸς
801 1050 1082 1131 βεὸίωται,
1107 1048 1170 1108 σὺ
1193 1049 1246 1109 δὲ
1273 1049 1381 1117 νέος
1402 1041 1476 1122 εἶ,
1505 1050 1592 1108 καὶ
1622 1049 1795 1128 ἀκμὴν
1821 1049 1956 1130 ἔχεις

391 1145 485 1199 τοῦ
513 1143 628 1210 ζ’ἧν.
676 1138 749 1198 Τί
787 1130 875 1197 οὗν
914 1135 1081 1208 ἐστίν,
1118 1136 1279 1217 ἄνδρα
1323 1159 1380 1196 σε
1421 1137 1500 1194 δεῖ
1525 1136 1763 1214 γενέσθαι
1793 1139 1954 1196 καλὸν

393 1226 640 1303 κάγαθόν.
673 1224 829 1285 Ἐπεὶ
866 1223 967 1304 γὰρ
996 1229 1030 1295 ἡ
1053 1224 1203 1292 πόλις
1226 1226 1327 1283 τῶν
1362 1222 1509 1285 Χίων
1543 1225 1722 1284 δίδωσι
1750 1228 1825 1304 τῷ
1859 1226 1952 1303 ἐμὲ

399 1314 764 1374 ἀποκτείναντι
807 1313 1063 1393 χρήματα
1103 1310 1312 1390 πολλὰ,
1345 1311 1435 1371 καὶ
1468 1311 1758 1393 ἐλευθερίαν
1798 1315 1956 1371 ὑπισ-

393 1410 631 1483 χνεῖται,
664 1403 739 1460 δεῖ
769 1423 826 1459 σε
846 1445 864 1476 ,
897 1400 1150 1481 ἀφελόντα
1185 1423 1284 1479 μου
1313 1398 1408 1472 τὴν
1432 1398 1695 1480 κεφαλὴν,
1727 1401 1799 1467 εἷς
1822 1399 1954 1460 Χίον

394 1493 694 1568 ἀπενεγκεῖν
714 1535 729 1562 ,
753 1488 843 1547 καὶ
859 1488 1092 1547 λαθόντα
1113 1486 1258 1570 παρὰ
1282 1492 1372 1559 τῆς
1396 1487 1594 1555 πόλεως
1617 1487 1682 1546 τὰ
1701 1487 1954 1568 χρήματα

393 1579 732 1655 εὐδαιμονεῖν.
816 1575 1185 1654 Ἀντιλέγοντος
1228 1574 1281 1634 δὲ
1320 1581 1412 1634 τοῦ
1452 1575 1751 1648 νεανίσκου,
1790 1576 1955 1634 πείθει

398 1665 551 1723 αὐτὸν
579 1670 734 1723 τοῦτο
779 1667 1015 1736 ποιῆσαι.
1063 1663 1171 1724 Καὶ
1210 1662 1265 1730 ὃς
1283 1707 1298 1734 ,
1332 1663 1647 1744 ἀφελόμενος
1676 1666 1830 1723 αὐτοῦ
1858 1664 1953 1734 τὴν

395 1752 651 1833 κεφαλὴν,
679 1750 938 1829 λαμὸάνει
963 1750 1110 1833 παρὰ
1139 1757 1244 1810 τῶν
1270 1751 1414 1812 Χίων
1444 1750 1509 1809 τὰ
1540 1751 1953 1833 ἐπικηρυχθέντα

391 1840 648 1921 χρήματα
672 1890 686 1915 ,
721 1839 811 1898 καὶ
851 1837 1017 1917 θάψας
1049 1839 1109 1897 τὸ
1137 1842 1293 1917 σῶμα
1325 1846 1413 1898 τοῦ
1439 1839 1725 1918 δραπέτου,
1764 1842 1831 1907 εἷς
1859 1839 1952 1910 τὴν

394 1929 528 1987 ἰδίαν
558 1928 848 2008 ἐχώρησεν.
882 1926 993 1987 Καὶ
1032 1928 1079 1984 οἱ
1119 1928 1242 1987 Χῖοι
1278 1926 1436 1985 πάλιν
1467 1926 1568 1984 ὑπὸ
1595 1930 1698 1985 τῶν
1740 1929 1952 1986 οἰκετῶν

392 2016 718 2093 ἀδικούμενοι
765 2014 856 2073 καὶ
899 2014 1334 2094 διαρπαζόμενοι,
1376 2013 1685 2090 μνησθέντες
1727 2020 1819 2085 τῆς
1863 2021 1953 2074 τοῦ

392 2103 819 2175 τετελευτηκότος
846 2101 1152 2174 ἐπιεικείας,
1180 2105 1348 2181 ἡρῷον
1379 2100 1654 2183 ἱδρύσαντο
1690 2102 1829 2161 κατὰ
1857 2101 1951 2174 τὴν

393 2190 593 2272 χώραν,
623 2190 713 2249 καὶ
734 2187 1080 2265 ἐπωνόμασαν
1114 2187 1320 2268 ἥρωος
1344 2191 1501 2266 εὖμε
1520 2212 1545 2245 ν
1563 2195 1690 2256 οῦς.
1726 2188 1834 2249 Καὶ
1859 2193 1951 2248 αὖ·

389 2282 465 2360 τῷ
494 2279 568 2338 ἔτι
597 2277 686 2337 καὶ
706 2282 804 2335 ’νῦν
830 2280 876 2335 οἱ
897 2274 1151 2357 δραπέται
1176 2275 1522 2358 ἀποφέρουσιν
1545 2275 1793 2357 ἀπαρχὰς
1816 2276 1951 2335 πάν·

389 2390 495 2426 των
533 2356 605 2424 ὧν
638 2365 953 2447 ἀφέλωνται.
985 2363 1137 2425 Φασὶ
1174 2361 1227 2422 δὲ
1251 2364 1342 2422 καὶ
1366 2365 1482 2423 καθ’
1516 2362 1704 2431 ὕπνους
1738 2367 1948 2445 ἐπιφαι-

393 2454 605 2533 νόμενον
643 2454 855 2520 πολλοῖς
889 2455 993 2512 τῶν
1023 2452 1167 2513 Χίων
1191 2453 1567 2533 προσημαίνειν
1595 2455 1807 2511 οἰκετῶν
1836 2455 1951 2512 ἐπι-

396 2541 606 2609 6ουλάς.
642 2540 752 2604 Καὶ
780 2531 855 2608 οἶς
880 2539 943 2599 ἂν
972 2542 1196 2621 ἐπιφανῇ
1215 2584 1231 2613 ,
1261 2533 1401 2600 οὗτοι
1425 2541 1628 2600 θύουσιν
1654 2543 1833 2621 αὐτῷ,
1868 2543 1951 2601 ἐλ-

397 2629 570 2697 θόντες
592 2631 677 2689 ἐπὶ
704 2629 791 2688 τὸν
817 2629 975 2689 τόπον
994 2620 1052 2688 οὗ
1073 2627 1131 2687 τὸ
1150 2629 1320 2710 ἡρῷόν
1336 2629 1473 2688 ἔστιν
1501 2631 1657 2689 αὐτοῦ
1675 2652 1688 2666 ·
1713 2657 1736 2683 ι
1761 2628 1829 2691 ‘O
1855 2629 1949 2706 μὲν

392 2709 480 2778 οἶν
506 2718 861 2799 Νυμφόδωρος
880 2723 1045 2777 ταῦτα
1068 2717 1362 2797 ἱστόρησεν.

475 2813 560 2866 De
588 2811 758 2865 servis
789 2804 1138 2887 (θεράπουσι)
1169 2809 1439 2864 Chiorum
1463 2810 1534 2865 cs.
1569 2810 1747 2865 Thuc.
1778 2811 1914 2866 vm
1934 2850 1949 2878 ‚

395 2904 500 2967 403
541 2898 806 2973 Stephan.
842 2899 972 2972 Byz.
1018 2917 1071 2953 ν.
1114 2891 1270 2969 Χίος;
1322 2898 1506 2952 Nicol.
1548 2900 1803 2954 Damaso.
1852 2917 1947 2971 ap.

392 2988 594 3044 Athen.
641 3006 702 3060 p.
746 2986 880 3057 266,
912 2988 977 3042 F.
1031 2987 1116 3041 De
1162 2997 1417 3059 tempore
1459 2986 1779 3057 seditioniS,
1827 3005 1951 3059 quae

394 3075 587 3149 paullo
629 3086 757 3131 ante
788 3074 1184 3147 Nymphodori
1223 3085 1439 3128 aetatem
1472 3073 1770 3141 exarserit,
1811 3075 1952 3128 nihil

394 3174 746 3236 compertum
769 3163 1061 3218 habemus.
1092 3163 1440 3217 Narrationis
1464 3163 1814 3217 occasionem
1846 3163 1949 3216 Pe-

393 3259 619 3323 riegetae
646 3250 889 3323 praebuit
915 3249 1083 3326 ἡρῷον
1104 3249 1375 3305 Drimaci.

396 3427 543 3477 qnam
563 3414 677 3463 olim
697 3415 944 3465 dominos:
965 3419 1015 3464 et
1030 3414 1194 3464 omnia
1212 3414 1316 3476 ejus
1330 3414 1528 3476 imperia
1546 3413 1952 3474 exsequebantur,

396 3492 528 3543 baud
560 3506 698 3542 secus
732 3496 876 3556 atque
900 3493 1172 3556 imperatori
1206 3493 1496 3542 obedientes.
1560 3491 1793 3541 puniebat
1824 3491 1954 3540 enim

397 3569 754 3633 immorigeros,
787 3584 942 3633 neque
976 3570 1203 3633 cuiquam
1238 3569 1576 3633 permittebat,
1608 3571 1665 3616 ut
1694 3570 1780 3617 aut
1817 3581 1956 3631 agros

395 3649 648 3711 spoliaret,
686 3652 768 3699 aut
805 3649 945 3699 aliam
981 3662 1337 3712 quamcumque
1369 3649 1545 3697 faceret
1578 3645 1828 3708 injuriam,
1864 3646 1955 3696 nisi

394 3740 485 3777 suo
509 3742 570 3777 ex
587 3727 831 3777 mandato.
890 3727 1069 3776 Diebus
1085 3740 1201 3776 vero
1234 3725 1365 3775 iestis
1389 3737 1527 3787 agros
1554 3723 1720 3774 obiens
1747 3724 1953 3787 accipie·

392 3805 479 3857 bat
520 3807 686 3856 vinum
736 3809 785 3855 et
817 3806 999 3868 opimas
1024 3805 1275 3866 victimas,
1308 3808 1355 3854 et
1387 3804 1428 3853 si
1454 3802 1574 3866 quid
1605 3802 1736 3852 aliud
1771 3803 1955 3852 domini

393 3882 680 3946 largirentur
702 3902 715 3933 ι
745 3883 817 3933 sin
841 3883 1032 3933 insidias
1051 3882 1138 3932 sibi
1158 3880 1435 3945 quempiam
1461 3879 1742 3941 intelligeret
1759 3883 1953 3930 struen-

393 3962 492 4011 tem
512 3965 596 4012 ant
614 3960 814 4011 exitium
835 3963 1082 4022 parantem
1099 3996 1114 4021 ,
1133 3959 1196 4008 ab
1215 3972 1273 4008 eo
1290 3972 1455 4021 poenas
1477 3956 1712 4020 exigebat.
1742 3977 1767 4000 n

458 4058 485 4081 οι
520 4041 771 4100 progressu
819 4037 1076 4100 temporis,
1117 4050 1270 4099 quum
1307 4034 1499 4099 publice
1542 4048 1763 4098 magnam
1804 4049 1954 4098 pecu-

394 4114 490 4166 niae
508 4115 609 4165 vim
640 4115 850 4177 pollicita
878 4117 1000 4164 esset
1022 4113 1189 4163 civitas
1218 4113 1262 4162 ei
1288 4113 1373 4175 qui
1396 4112 1469 4161 vel
1491 4113 1657 4161 vivum
1675 4112 1954 4162 Drimacum

397 4196 587 4256 caperet
622 4193 698 4242 vel
729 4192 870 4242 occisi
904 4194 1048 4254 caput
1079 4191 1300 4251 afferret,
1332 4189 1432 4251 jam
1471 4188 1692 4252 grandior
1723 4192 1838 4239 natu
1874 4190 1958 4239 ille

397 4274 630 4323 amasium
665 4285 806 4321 suum
839 4273 888 4320 in
923 4274 1158 4320 secretum
1195 4269 1358 4318 locum
1396 4272 1648 4330 vocatum,
1686 4268 1771 4318 tali
1813 4267 1957 4317 modo

398 4351 640 4400 allocutus
658 4353 727 4399 est
756 4367 768 4398 :
792 4352 899 4410 Eyo
921 4351 968 4398 te
983 4351 1215 4398 omnium
1237 4347 1498 4397 hminum
1520 4347 1680 4396 dilexi
1700 4349 1955 4407 maxime,

396 4444 459 4481 ac
500 4434 558 4481 tu
592 4428 717 4479 mihi
752 4432 801 4479 el
821 4428 1070 4491 samnius
1093 4430 1143 4477 et
1160 4426 1313 4490 filius
1345 4440 1396 4476 es
1428 4430 1478 4476 et
1522 4425 1729 4489 reliqua
1762 4427 1953 4475 omnia.

395 4511 521 4561 Iam
540 4521 658 4560 vero
682 4511 811 4558 satis
835 4509 1078 4571 temporis
1098 4509 1203 4556 vixi
1225 4504 1461 4567 equidem
1485 4519 1503 4554 .-
1536 4505 1592 4552 ιιι
1617 4504 1792 4551 autem
1804 4499 1956 4562 juve-

397 4590 481 4639 nis
499 4587 674 4638 adhuc
691 4598 742 4636 es
767 4589 816 4635 et
852 4589 904 4635 in
930 4588 1106 4636 aecatis
1131 4583 1291 4648 flore.
1363 4581 1495 4641 Quid
1520 4585 1677 4644 erqo?
1710 4583 1887 4631 Virum
1912 4582 1960 4628 te

396 4667 594 4728 oportet
616 4664 929 4727 essesortcm
957 4664 1262 4726 bonumque.
1333 4663 1584 4720 Quoniam
1609 4661 1771 4721 iqitur
1806 4658 1954 4708 Chio·

396 4756 520 4795 rum
538 4745 727 4793 civitas
768 4745 813 4791 ei
834 4778 848 4802 ,
868 4745 955 4805 qui
977 4738 1335 4799 meocciderit,
1369 4742 1419 4788 et
1461 4749 1704 4800 niaynam
1724 4738 1958 4799 pecuniae

396 4824 501 4872 vim
549 4824 600 4871 et
642 4820 937 4870 libertatem
979 4818 1215 4881 pollicita
1255 4820 1357 4877 est,
1405 4816 1515 4866 volo
1570 4817 1618 4864 te
1678 4813 1958 4864 abscissum

398 4911 569 4949 meum
604 4900 763 4961 caput
801 4899 854 4945 in
887 4896 1063 4946 urbem
1096 4893 1327 4956 desert-e,
1351 4897 1402 4943 ee
1434 4894 1644 4954 accepta
1676 4904 1711 4940 a
1743 4893 1959 4940 civitate

391 4978 650 5041 pecunia,
688 4974 891 5024 beatam
920 4972 1141 5036 posthac
1173 4983 1323 5033 aqere
1358 4973 1541 5020 vitam.
1616 4971 1675 5018 Et
1707 4968 1957 5017 reluctanti

398 5055 595 5119 quidem
623 5053 817 5117 juveni,
842 5053 985 5116 idque
1011 5065 1063 5102 se
1090 5053 1329 5102 iacturum
1361 5050 1578 5113 neganti,
1609 5047 1803 5098 tandem
1824 5050 1879 5097 ut
1909 5047 1958 5096 id

401 5136 581 5184 faceret
600 5132 847 5195 persuasit.
866 5135 912 5181 is
939 5130 1101 5193 igitur,
1124 5130 1374 5190 amputato
1394 5128 1483 5175 viri
1502 5126 1657 5189 capite
1672 5161 1687 5185 ,
1708 5124 1958 5188 pecuniam

401 5212 575 5276 accipit
604 5225 633 5261 a
663 5211 795 5262 Chiis
820 5211 1007 5274 publice
1034 5209 1312 5273 promissam
1335 5226 1348 5256 ι
1383 5209 1455 5269 et,
1491 5205 1681 5269 sepulto
1698 5202 1956 5260 cadavere.

3477 418 3596 470 879

2758 532 2886 610 (13.)

2120 643 2304 697 Natal.
2338 642 2493 698 Com.
2536 645 2651 713 IX,
2694 650 2726 709 4
2763 663 2778 699 2
2819 648 3067 700 Alcimus
3099 652 3155 701 in
3181 648 3360 703 Rebus
3396 649 3601 705 Siculis

2041 742 2101 783 et
2149 729 2478 799 Syracusius
2537 731 2954 803 Nymphodorus
3009 733 3345 790 Chimaeram
3409 740 3610 809 Lycioe

2042 829 2282 873 montem
2327 834 2445 872 esse
2485 818 2773 885 dixerunt,
2827 822 2886 873 in
2931 838 3037 894 quo
3074 826 3222 896 ignis
3264 837 3597 883 nasceretur.

2042 906 2183 976 Ejus
2212 910 2269 958 in
2291 922 2509 959 summa
2525 918 2693 979 parte
2734 907 2916 961 leones
2949 908 3086 962 dicti
3125 921 3256 963 sant
3288 908 3595 978 habitasse,

2042 997 2101 1046 in
2129 993 2314 1048 medio
2356 1005 2521 1048 erant
2557 993 2834 1049 uberrima
2871 1007 2928 1050 et
2950 1001 3332 1052 amoenissima
3351 1017 3595 1073 pascua,

2041 1081 2122 1134 ad
2139 1080 2356 1134 radices
2379 1093 2679 1155 serpente-5.

2123 1170 2258 1224 Haec
2287 1169 2355 1224 N.
2387 1170 2667 1242 excerpsit
2685 1187 2757 1225 ex
2782 1171 3040 1226 Eustath.
3072 1172 3145 1228 ad
3169 1172 3238 1227 11.
3266 1172 3310 1230 Z
3327 1213 3343 1242 ,
3363 1191 3425 1247 p.
3452 1173 3566 1240 631.
3587 1218 3608 1246 ,

2046 1255 2154 1326 60,
2174 1266 2238 1310 ut
2261 1266 2455 1310 monet
2483 1258 2667 1329 Heyn.
2694 1256 2766 1312 ad
2789 1258 2858 1313 11.
2887 1270 3029 1315 tom.
3054 1262 3124 1334 V,
3149 1278 3208 1334 p.
3235 1267 3369 1327 224.

2420 1385 2731 1446 ΝΟΜΙΜΑ
2773 1386 3229 1445 ΒΑΡΒΑΡΙΚΑ.

2782 1498 2872 1557 14.

2121 1600 2300 1656 Clem.
2328 1599 2489 1655 Alex.
2528 1599 2812 1672 Protrept.
2841 1600 2870 1653 Ι
2889 1638 2905 1667 ,
2948 1617 3000 1652 c.
3038 1596 3090 1668 5,
3117 1618 3178 1673 p.
3215 1619 3285 1674 19
3313 1602 3467 1674 sylb.
3492 1617 3510 1660 t
3531 1603 3608 1662 Τί

2042 1706 2132 1761 μοι
2157 1683 2508 1763 Σαυρομάτας
2526 1684 2850 1761 καταλέγειν,
2870 1681 2954 1750 οθς
2983 1682 3340 1765 Νυμφόδωρος
3360 1686 3411 1744 έν
3431 1686 3606 1765 Νομί·

2045 1795 2159 1848 μοις
2197 1770 2538 1853 βαρὸαρικοῖς
2565 1769 2625 1829 τὸ
2652 1775 2755 1851 π’ῡρ
2784 1770 2955 1829 σέὸειν
2983 1773 3204 1852 ἱστορεῖς

2780 1884 2869 1941 15.

2123 1999 2312 2057 Schol.
2336 2002 2382 2054 A
2409 1998 2606 2056 ›ollon.
2631 1998 2746 2055 mn.
2770 1999 2855 2066 11,
2894 2016 3041 2053 1010
3066 2015 3080 2056 t
3111 1997 3400 2078 Τιὸαρηνοὶ
3418 2043 3436 2074 ,
3466 1999 3608 2068 ἔθνος

2045 2083 2289 2150 Σκυθίας.
2339 2085 2388 2144 Ο
2423 2105 2502 2141 τοι
2548 2082 2865 2141 δικαιότατοι
2911 2083 3170 2160 λέγονται·
3221 2085 3312 2144 καὶ
3358 2087 3605 2146 οὐδέποτε

2043 2170 2222 2248 μάχην
2251 2169 2354 2228 τινὶ
2386 2169 2689 2242 συνέὸαλον,
2727 2171 2773 2228 εἰ
2804 2168 2880 2245 μὴ
2911 2171 3158 2250 πρότερον
3200 2172 3595 2250 καταγγείλειαν

2041 2257 2134 2316 καὶ
2155 2256 2360 2337 ἡμέραν
2381 2258 2471 2316 καὶ
2502 2257 2662 2316 τόπον
2685 2256 2774 2316 καὶ
2802 2256 2940 2338 ὥραν
2967 2262 3060 2329 τ’ἥς
3089 2257 3286 2338 μάχης.
3320 2259 3416 2321 Ἐν
3450 2261 3508 2319 δὲ
3529 2266 3598 2341 τῇ

2040 2350 2145 2404 τῶν
2172 2346 2487 2425 Τιὸαρηνῶν
2518 2350 2585 2425 γῇ
2629 2348 2686 2404 αἱ
2720 2347 2988 2423 γυναῖκες,
3030 2345 3152 2404 ὅταν
3191 2347 3415 2418 τέκωσι,
3439 2372 3612 2427 τημε-

2039 2434 2188 2491 λοῧσι
2215 2430 2332 2499 τοὺς
2352 2433 2563 2512 ἄνδρας,
2593 2430 2772 2511 ὥσπερ
2794 2431 3005 2511 λεχούς·
3033 2436 3134 2509 (ὡς
3161 2436 3356 2514 ἱστορεῖ
3387 2436 3603 2518 Naupo-

2046 2522 2205 2600 δωρος
2229 2521 2280 2579 ἔν
2301 2543 2408 2579 τισι
2429 2522 2604 2597 νόμοις
2621 2521 2690 2599 [l.
2713 2523 2765 2578 ἐν
2785 2522 2888 2588 τοῖς
2912 2521 3222 2601 Νομίμοις]
3240 2527 3372 2581 Haec
3397 2528 3605 2582 omittit

2042 2611 2174 2670 cod.
2205 2610 2415 2687 PariS.)
2442 2613 2529 2666 De
2556 2612 2966 2666 Tibarenorum
3001 2612 3263 2695 moribus
3291 2611 3364 2668 cf.
3402 2615 3598 2687 Epho-

2044 2719 2141 2754 rus
2169 2700 2243 2756 sr.
2273 2697 2369 2754 82.

2781 2788 2869 2847 16.

2121 2895 2312 2950 Schol.
2336 2897 2444 2969 Ap.
2469 2895 2581 2950 nh.
2615 2896 2698 2964 11,
2728 2912 2900 2967 1029,
2937 2893 3111 2972 λιμῷ
3137 2914 3242 2969 μιν
3270 2893 3382 2969 (sc.
3414 2911 3604 2969 regem

2040 2980 2554 3061 Mossynoecorum)
2610 3003 2641 3038 κ
2658 2981 2769 3037 εἶν’
2838 2971 2971 3056 ἦμα
2993 3002 3020 3058 ρ
3071 2981 3210 3038 κτλ.
3235 2978 3257 3058 ]
3312 3000 3326 3039 :
3387 2977 3610 3057 Ἱστορεῖ

2041 3065 2269 3150 Ἔφορος
2287 3068 2376 3127 καὶ
2399 3068 2752 3149 Νυμφόδωρος
2770 3069 2890 3148 περὶ
2918 3067 3129 3141 τούτων,
3160 3066 3239 3124 ὅτι
3267 3066 3353 3125 τὸν
3385 3066 3605 3145 βασιλέα

2045 3158 2214 3215 αὐτῶν
2232 3156 2407 3215 ἄδικόν
2430 3181 2482 3216 τι
2506 3155 2753 3236 κρίναντα
2778 3154 3066 3235 ἐγκλείουσι
3094 3154 3184 3214 καὶ
3206 3157 3603 3234 λιμαῃρνοῧσι.

2045 3247 2258 3303 Eadem
2279 3248 2544 3303 Nicolaus
2570 3249 2828 3302 Damaso.
2859 3247 2918 3301 in
2951 3246 3093 3319 Νομ.
3127 3241 3287 3322 βαρό.
3318 3264 3374 3301 ν.
3419 3241 3608 3303 Mom-

2039 3425 2175 3461 suam
2200 3412 2248 3461 in
2276 3412 2478 3474 patriam
2511 3412 2669 3462 rediit.
2737 3412 2847 3462 chii
2867 3424 3011 3472 vero,
3049 3424 3199 3473 quum
3229 3422 3395 3458 rursus
3423 3409 3610 3471 injuriis

2046 3493 2098 3539 et
2123 3490 2301 3552 rapinis
2326 3488 2649 3551 affligerentur
2685 3502 2714 3539 a
2748 3488 2981 3550 fugitivis,
3009 3500 3247 3537 memores
3273 3487 3513 3549 aequitatis
3538 3486 3608 3535 le·

2040 3568 2298 3631 nitatisque
2317 3568 2528 3618 defuncti
2551 3569 2680 3617 illius
2692 3605 2707 3630 ,
2729 3570 2940 3616 Heroum
2958 3568 3026 3615 illi
3046 3568 3096 3615 in
3115 3580 3228 3627 agro
3245 3580 3334 3615 suo
3355 3568 3607 3615 exstruxe-

2042 3650 2182 3709 runt,
2202 3647 2596 3709 appellaruntque
2611 3649 2793 3697 Herois
2810 3645 3052 3694 benevoli.
3119 3644 3385 3707 Eidemque
3398 3642 3460 3693 ad
3479 3643 3608 3693 bunc

2042 3739 2194 3788 usque
2211 3725 2337 3774 diem
2353 3725 2539 3788 fugitivi
2559 3724 2793 3788 primitias
2809 3725 3020 3773 offerunt
3042 3723 3258 3772 omnium
3283 3736 3393 3785 quae
3417 3722 3605 3786 deprae-

2041 3802 2236 3852 dantur.
2303 3803 2452 3853 Aiunt
2471 3816 2614 3863 vero,
2647 3801 2814 3851 multis
2848 3814 2959 3851 eum
2996 3800 3139 3850 etiam
3164 3800 3396 3850 Chiorum
3419 3813 3505 3862 per
3525 3814 3602 3849 so·

2043 3892 2214 3929 mnum
2235 3892 2463 3943 apparere
2479 3916 2494 3941 ,
2519 3878 2580 3928 de
2607 3878 2786 3927 insidiis
2808 3891 3056 3928 servorum
3088 3890 3170 3927 eos
3209 3880 3604 3940 praemonentem.

2046 3962 2132 4021 Et,
2155 3959 2335 4022 quibus
2357 3958 2435 4008 ille
2456 3957 2704 4021 apparuit,
2730 3957 2780 4006 bi
2811 3957 2970 4006 locum
3001 3956 3230 4006 adeuntes
3249 3955 3332 4004 ubi
3357 3968 3608 4006 consecra·

2043 4038 2148 4086 tum
2166 4037 2269 4098 eius
2285 4037 2487 4086 heroum
2513 4037 2613 4098 est,
2634 4048 2768 4085 sacra
2787 4034 2855 4083 illi
2874 4034 3067 4083 iaciunt.
3093 4053 3117 4077 υ

2369 4152 2777 4213 INSTlTUTA
2817 4149 3248 4210 BARBARICA
3261 4194 3274 4208 .

2781 4268 2865 4318 14.

2105 4364 2409 4414 Sauromatas
2419 4364 2474 4412 N.
2487 4361 2535 4411 in
2549 4359 2783 4411 institutis
2796 4356 3063 4408 Barbaricis
3076 4356 3231 4417 ignem
3249 4354 3455 4405 revereri
3465 4353 3600 4404 dicit.

2779 4451 2799 4500 1
2812 4451 2863 4500 5.

2105 4547 2353 4608 Tibareni,
2404 4544 2613 4607 scythim
2667 4542 2900 4606 populus,
2939 4537 3186 4601 justissimi
3220 4552 3322 4587 esse
3358 4536 3603 4593 dicuntur,

2044 4641 2134 4679 nec
2156 4640 2370 4691 unquam
2399 4637 2607 4689 pugnam
2633 4636 2743 4673 cum
2761 4621 2925 4683 aliquo
2944 4617 3313 4677 commiserunt,
3345 4616 3433 4666 nisi
3463 4618 3603 4665 antea

2045 4707 2296 4758 certiorem
2320 4704 2542 4756 fecissent
2554 4702 2615 4753 de
2635 4703 2712 4752 die
2734 4703 2783 4751 et
2801 4700 2908 4749 loco
2925 4702 2974 4748 et
2995 4697 3112 4747 bora
3131 4710 3320 4759 pugnae.
3385 4697 3534 4745 Porro
3558 4694 3606 4743 in

2045 4786 2391 4836 Tibarenomm
2405 4785 2530 4832 terra
2546 4779 2788 4839 mulieres,
2803 4776 2886 4826 ubi
2902 4774 3188 4839 pepererint,
3204 4774 3333 4823 viros
3343 4810 3358 4835 ,
3373 4775 3604 4834 tanquam

2046 4876 2304 4928 puerperas
2317 4900 2330 4924 ,
2350 4864 2549 4922 curant,
2570 4859 2618 4908 in
2645 4858 2885 4909 institutis
2908 4853 3276 4917 Nymphodorus
3294 4852 3376 4903 ait.

2783 4950 2867 5001 16.

2109 5046 2329 5110 Ephorus
2345 5047 2395 5096 et
2429 5041 2795 5107 Nymphodorus
2828 5041 3023 5091 narrant
3054 5042 3378 5100 Mossynoecos
3419 5048 3606 5096 regem,

2044 5125 2084 5175 si
2105 5123 2334 5186 injustum
2352 5121 2412 5173 de
2442 5135 2492 5173 re
2517 5120 2676 5183 aliqua
2694 5117 2931 5181 judicium
2948 5114 3174 5205 ediderit,
3193 5109 3440 5164 includere
3457 5114 3604 5175 atque

2046 5203 2172 5253 same
2193 5212 2378 5251 necare.
