4016 5916
500 357 617 408 472

497 472 784 552 ’Ἰδομενεὺς
802 473 892 533 καὶ
905 478 1089 555 Δοῦρις
1108 473 1393 552 εἰρήκασιν,
1409 472 1549 533 ὀκτὼ
1570 476 1639 549 δ’,
1657 477 1727 539 ὡς
1752 477 1799 532 οἱ
1822 476 2060 532 πλεῖστοι

499 561 591 620 καὶ
611 561 955 638 δοκιμώτατοι
978 566 1080 621 τῶν
1104 559 1443 644 συγγραφέων
1466 561 1675 634 τούσδε,
1702 560 2059 638 Δημοσθένην,

501 649 853 722 Πολύευκτον,
897 651 1202 731 Ἐφιάλτην,
1234 655 1552 730 Λυκοῦργον,
1581 647 1914 729 Μοιροκλέα,
1950 648 2060 719 Δή-

502 759 651 815 μωνα
671 783 687 814 ,
715 739 1094 810 Καλλισθένην,
1122 737 1448 819 Χαρίδημον.

578 831 810 896 Νορειη,
850 847 942 903 ap.
978 830 1200 896 Arrian.
1237 831 1292 899 Ι,
1329 847 1419 898 10,
1465 847 1529 898 73
1560 828 1772 892 decem,
1815 825 2056 881 Diodor.

497 917 719 985 XVIII,
754 917 818 985 53
847 916 1042 972 decem
1069 918 1234 971 etiam
1263 914 1459 971 Suidas
1485 933 1540 972 v.
1575 910 1907 989 Ἀντίπατρος
1940 929 2062 985 po-

499 1005 728 1060 stulatos
756 1005 826 1059 ab
852 1009 1145 1079 Antipatro
1165 1003 1353 1073 refert,
1377 1002 1473 1058 sed
1496 1002 1769 1070 undecim,
1783 1009 2055 1056 terenset.

503 1091 587 1164 (V.
609 1101 726 1147 not.
746 1091 817 1146 ad
842 1092 1039 1166 fragm.
1061 1090 1370 1147 Aristobul.
1399 1077 1475 1164 ι’.)
1497 1088 1679 1159 Major
1700 1088 1865 1142 etiam
1889 1088 1946 1141 in
1956 1104 2058 1140 no-

505 1180 743 1234 minibus
761 1181 1013 1236 varietas.
1037 1203 1061 1228 «ι
1085 1176 1368 1251 Equidem
1391 1186 1647 1231 oratores
1669 1192 1811 1248 quos
1828 1174 2062 1247 Antipa-

504 1283 587 1325 ter
598 1266 900 1338 postulavit
912 1265 1064 1321 haud
1083 1282 1293 1338 paucos
1309 1281 1546 1318 numero
1570 1260 1799 1335 (Polyb.
1817 1261 1925 1328 IX,
1954 1260 2056 1332 29)

500 1371 629 1407 cum
651 1353 715 1407 iis
735 1353 941 1425 opinor
955 1371 1064 1407 esse
1086 1350 1360 1418 confusos,
1378 1367 1623 1422 quorum
1645 1346 2059 1402 damnationem

498 1438 821 1495 Alexander
842 1441 1044 1513 exegit.
1083 1463 1109 1488 n
1139 1437 1475 1508 Bernhards
1501 1434 1574 1491 ad
1600 1433 1756 1491 Suid.
1787 1434 1824 1489 l.
1853 1434 1892 1487 l.
1925 1429 1941 1509 (
1969 1434 2056 1487 De

498 1528 797 1600 Antipatro
823 1544 881 1580 v.
908 1524 1167 1598 Spengel.
1206 1523 1399 1598 Συναγ.
1430 1543 1574 1598 τεχν.
1605 1539 1663 1594 p.
1706 1538 1813 1575 211
1831 1563 1848 1591 ‚
1878 1518 1991 1573 226
2012 1517 2056 1594 ).

501 1612 716 1683 Quodsi
753 1623 860 1682 est,
902 1612 1164 1666 minimus
1191 1628 1456 1666 numerus
1485 1608 1711 1663 videtur
1750 1607 2061 1662 verissimus

501 1717 637 1757 esse.
667 1701 865 1772 Neque
890 1710 1075 1754 tamen
1099 1709 1313 1754 constat
1333 1697 1439 1752 sibi
1462 1695 1814 1764 Plutarchus,
1833 1695 1895 1749 in
1914 1694 2061 1748 Pho-

502 1787 651 1841 cion.
679 1805 725 1838 c.
757 1803 778 1839 1
795 1805 823 1854 7
846 1785 1192 1859 Hyperidem
1211 1784 1534 1854 nominans,
1564 1800 1731 1857 quem
1753 1781 1900 1839 inter
1925 1789 2057 1838 octo

501 1883 697 1926 nostro
721 1873 849 1927 loco
879 1875 1177 1929 recensitos
1205 1874 1431 1929 omittit.
1539 1899 1544 1908 ·

1238 2031 1324 2068 10.

583 2153 863 2209 Plutarch.
892 2154 1053 2207 Alex.
1084 2171 1129 2206 c.
1164 2149 1231 2206 15
1260 2171 1273 2205 ε
1300 2151 1350 2208 T
1351 2151 1412 2218 ἧς
1435 2149 1492 2205 δὲ
1514 2155 1758 2227 στρατιᾶς
1784 2145 1843 2204 τὸ
1864 2150 2060 2218 πλῆθος

503 2240 550 2294 οἱ
576 2235 670 2313 μὲν
699 2235 971 2315 ἐλάχιστον
999 2235 1231 2314 λέγοντες
1262 2235 1592 2315 τρισμυρίους
1620 2231 1803 2302 πεζοὺς
1825 2232 1914 2291 καὶ
1941 2255 2061 2291 πεν·

502 2322 854 2404 τακισχιλίους
878 2323 1089 2396 ἱππεῖς,
1116 2324 1163 2381 οἳ
1189 2321 1242 2380 δὲ
1270 2321 1511 2380 πλεῖστον
1535 2318 1715 2389 πεζοὺς
1752 2318 1845 2398 μὲν
1876 2342 2060 2399 τετρα-

500 2411 805 2491 κισμυρίους
831 2409 922 2469 καὶ
951 2409 1295 2491 τρισχιλίους,
1317 2408 1509 2475 ἱππέας
1541 2409 1594 2466 δὲ
1624 2406 2064 2488 τετρακισχιλίους

505 2497 911 2578 ἀναγράφουσιν.
931 2495 1170 2578 Ἐφόδιον
1187 2494 1239 2554 δὲ
1257 2494 1454 2564 τούτοις
1468 2496 1523 2554 οὗ
1539 2495 1694 2554 πλέον
1709 2494 2062 2572 ἑὸδομήκοντα

504 2585 772 2643 ταλάντων
811 2584 947 2662 ἔχειν
978 2583 1131 2642 αὐτὸν
1164 2582 1554 2663 Ἀριστόὸουλος
1598 2583 1685 2660 (fr.
1737 2585 1787 2661 ι)
1838 2583 2059 2658 ἱστορεῖ,

502 2675 685 2750 Δοῦρις
710 2670 761 2729 δὲ
792 2670 1067 2750 τριάκοντα
1095 2670 1249 2746 μόνον
1273 2673 1481 2750 ἡμερῶν
1514 2667 1813 2750 διατροφήν.

580 2760 662 2818 Cf.
694 2760 784 2818 ld.
815 2763 900 2816 De
926 2760 1141 2817 fortun.
1176 2760 1339 2817 Alex.
1373 2770 1518 2815 orat.
1555 2761 1614 2829 1,
1653 2778 1704 2815 c.
1747 2758 1812 2829 3,
1848 2776 1912 2832 p.
1948 2763 2059 2822 402

501 2847 695 2904 Didot.
725 2866 739 2901 ε
761 2843 838 2904 Τὸ
862 2843 916 2902 δὲ
934 2843 1175 2921 λαμπρὸν
1203 2845 1345 2923 αὐτῷ
1365 2843 1455 2902 καὶ
1476 2842 1610 2921 μέγα
1633 2841 2060 2922 παρασκευασθὲν

502 2930 602 2992 ὑπὸ
644 2935 737 3002 τῆς
779 2929 945 3009 τύχης
989 2931 1188 3010 ἐφόδιον
1216 2930 1574 3007 ἑὸδομήκοντα
1617 2931 1848 2989 τάλαντα
1876 2919 1957 3002 ἦν,
1992 2927 2062 2997 ὥς

502 3041 658 3099 φησιν
685 3018 1091 3098 Ἀριστόὸουλος-
1138 3021 1207 3084 ὥς
1249 3017 1303 3076 δὲ
1333 3022 1548 3098 Δοῦρις,
1593 3019 1871 3097 τριάκοντα
1909 3016 2060 3092 μόνον

501 3108 713 3184 ἡμερῶν
758 3103 1100 3181 ἐπισιτισμός.
1163 3109 1298 3179 Quae
1349 3108 1581 3181 quidem
1633 3126 1752 3162 non
1809 3118 2064 3182 pugnant

501 3197 653 3251 inter
674 3213 752 3253 se.
781 3194 872 3250 Id.
895 3193 1036 3249 ibid.
1063 3196 1150 3268 II,
1179 3214 1200 3249 1
1219 3214 1269 3265 1,
1290 3214 1350 3269 p.
1387 3203 1499 3269 [⁸¹9
1523 3195 1682 3251 Didt.
1711 3215 1725 3250 ε
1750 3192 1852 3252 Ἐκ
1877 3191 2059 3250 τούτου

503 3279 779 3356 διέὸαινεν,
810 3283 879 3347 ὡς
909 3278 1004 3356 μὲν
1031 3279 1316 3359 Φύλαρχός
1347 3281 1447 3355 (fr.
1491 3278 1598 3360 71)
1631 3303 1804 3360 φησιν,
1850 3284 2061 3358 ἡμερῶν

502 3367 778 3448 τριάκοντα
813 3367 946 3447 ἔχων
972 3367 1185 3446 ἐφόδιον·
1215 3371 1285 3434 ὡς
1314 3367 1359 3425 δ’
1387 3366 1801 3446 Ἀριστόὸουλος,
1830 3366 2064 3444 ἑὸδομή-

503 3477 660 3513 κοντα
689 3477 943 3517 ταΛαντα.

582 3545 854 3599 Memoria
881 3544 1098 3618 lapsum
1126 3544 1487 3601 Plutarchum
1510 3562 1617 3618 pro
1639 3543 1856 3599 Duride
1875 3544 2063 3597 nomi-

503 3648 658 3687 nasse
685 3632 1058 3705 Phylarchum
1087 3640 1274 3688 censet
1299 3633 1618 3689 Hulleman.
1656 3631 2055 3686 Probabiliter.

504 3720 668 3775 Gent.
695 3721 874 3793 Epist.
906 3724 1027 3776 crit.
1051 3738 1112 3794 p.
1149 3739 1179 3790 7
1207 3737 1315 3792 pro
1336 3716 1622 3796 Φύλαρχος
1645 3718 1946 3794 legendum
1962 3736 2044 3790 pu

482 3814 586 3860 'tat
615 3804 954 3881 Κλείταρχος.

502 3984 646 4032 gogos
662 3970 855 4034 decem,
889 3975 943 4021 ut
963 3971 1246 4022 Idomeneus
1268 3976 1316 4022 et
1340 3976 1480 4023 Duris
1497 3976 1691 4023 narrant
1708 4010 1722 4035 ‚
1742 3972 1818 4022 vel
1838 3975 1949 4022 octo
1966 4009 1980 4033 ,
2005 3975 2061 4019 ut
2101 3982 2111 4049 Ι

503 4047 698 4112 plurimi
728 4050 777 4097 et
811 4044 1129 4111 probatissimi
1177 4052 1432 4113 scriptores
1467 4052 1676 4100 referunt
1693 4087 1708 4111 ,
1741 4050 1885 4099 hosce
1920 4069 1933 4097 ε
1971 4051 2059 4097 De·

502 4127 802 4177 mosthenem
817 4170 829 4188 ,
863 4128 1202 4191 polyeuctum,
1243 4129 1492 4191 Ephialten
1509 4167 1522 4189 ,
1566 4133 1833 4192 Lycurgum
1848 4164 1861 4188 ‚
1892 4131 2059 4177 Moero-

502 4205 627 4256 clem
640 4242 657 4269 ,
676 4209 968 4267 Demonem,
995 4206 1332 4257 Callisthenem
1346 4242 1360 4267 ,
1382 4207 1743 4257 Charidemum.
2029 4216 2034 4220 ·

1247 4337 1331 4386 10.

565 4452 822 4513 copiarum
850 4450 1166 4513 (quibuscum
1194 4453 1241 4501 in
1271 4453 1426 4502 Asiam
1448 4452 1712 4503 Alexander
1728 4454 1942 4516 trajecit)
1966 4468 2058 4503 uu-

502 4540 688 4578 merum
703 4528 787 4591 qui
813 4529 1066 4578 minimum
1088 4529 1284 4592 dicunt,
1315 4529 1508 4591 triginta
1544 4530 1692 4579 millia
1713 4530 1926 4593 peditum
1940 4546 1955 4591 ς
1975 4532 2059 4593 qui

501 4607 771 4657 maximum
806 4607 1002 4671 dicunt,
1026 4607 1242 4670 peditum
1284 4608 1598 4671 quadraginta
1633 4609 1810 4671 millia,
1840 4610 2056 4673 equitum

501 4687 731 4745 quatwor
747 4684 900 4735 millia
923 4687 1124 4748 ponunt.
1158 4686 1398 4736 Viaticum
1437 4686 1565 4736 hisce
1597 4700 1694 4736 uon
1721 4687 1848 4737 ultra
1873 4690 2057 4750 septua-

501 4761 632 4823 ginta
659 4761 841 4812 talenta
880 4762 1079 4825 habuit,
1110 4765 1167 4812 ut
1201 4762 1503 4814 Aristobulus
1535 4766 1728 4826 narrat3
1761 4765 1904 4815 Duris
1941 4779 2057 4814 vero

501 4840 646 4890 refert
659 4851 770 4888 eum
794 4837 1054 4902 intriginta
1067 4841 1254 4891 tautum
1278 4840 1379 4890 dies
1396 4840 1623 4891 alimenta
1650 4841 1887 4891 habuisse.

1235 4948 1318 4998 11.

565 5062 837 5111 secundum
861 5063 1086 5113 Duridem
1110 5078 1138 5113 a
1164 5066 1320 5127 Troiae
1346 5065 1530 5115 excidio
1545 5079 1695 5129 usque
1719 5066 1782 5116 ad
1805 5066 2057 5117 Alexandri

505 5146 553 5188 lu
574 5138 729 5188 Asiam
753 5140 1078 5201 trajectiouem
1105 5141 1217 5190 anni
1234 5144 1343 5192 sunt
1374 5143 1518 5191 mille.

1797 344 2109 405 numnis
2151 345 2368 405 SAMll

2491 522 2582 560 11.
2634 502 2749 578 (Ol.
2788 523 2915 574 111,
2943 503 2998 559 3.
3024 523 3074 562 a.
3105 506 3168 561 C.
3204 504 3372 582 334.)

2227 624 2477 680 Clemens
2496 624 2584 681 Al.
2616 624 2822 678 Strom.
2847 624 2901 692 1,
2927 642 2989 695 p.
3023 621 3133 693 337
3164 624 3215 678 A
3247 643 3260 682 :
3288 620 3382 688 Ὡς
3403 622 3459 681 δὲ
3495 629 3712 708 Δοῗῐρις
3734 673 3759 700 ,

2151 707 2253 767 ἀπὸ
2280 708 2473 787 Τροίας
2511 707 2752 773 ἁλώσεως
2792 706 2878 765 ἐπὶ
2918 707 3013 777 τὴν
3054 707 3385 789 Ἀλεξάνδρου
3426 713 3504 778 εἷς
3547 713 3757 774 Ἀσίαν

2150 794 2390 854 &offlam
2420 794 2507 865 ἔτη
2531 793 2699 873 χίλια.
2734 796 2818 851 Cf.
2847 794 3044 870 fragm.
3074 797 3282 854 Chron.
3313 819 3370 874 p.
3415 820 3556 857 122.
3591 806 3757 861 Cum

2149 885 2365 941 Duride
2400 885 2534 940 facit
2564 885 2798 939 Timaeus
2832 893 2886 939 et
2911 884 3289 957 probabiliter
3316 890 3490 943 etiam
3520 893 3751 948 Clitar-

2150 973 2306 1031 chus.

2228 1062 2447 1114 Tzetzes
2496 1058 2785 1113 Posthom.
2837 1075 2951 1130 779
2999 1057 3309 1113 secundum
3360 1063 3752 1120 Hellanicum

2151 1145 2252 1220 (fr.
2293 1143 2423 1213 143,
2449 1144 2546 1198 ubi
2575 1140 2808 1220 vide)et
2822 1143 3099 1199 Duridem
3119 1146 3344 1217 Trojam
3360 1160 3595 1222 captam
3623 1171 3755 1208 esse

2149 1232 2289 1287 dicit
2310 1230 2402 1285 die
2431 1230 2769 1287 duodecima
2782 1233 2984 1288 mensis
3004 1231 3415 1306 Thargelionis.
3435 1236 3531 1291 Sic
3558 1239 3749 1294 etiam

2148 1318 2340 1373 Dinias
2382 1318 2470 1371 vel
2512 1317 2813 1390 Dionysius
2844 1318 3102 1392 Argivus
3135 1318 3217 1376 Cf.
3248 1330 3371 1377 not.
3404 1320 3483 1376 ad
3512 1325 3739 1382 Marm.

2148 1408 2275 1462 Par.
2308 1422 2400 1478 ep.
2446 1409 2550 1472 24,
2594 1422 2651 1477 p.
2686 1403 2821 1460 568.
2862 1405 3141 1459 Numerus
3169 1424 3235 1459 ex
3276 1407 3427 1463 sestis
3481 1410 3755 1468 Junonis

2147 1495 2367 1567 Argivae
2397 1493 2703 1565 Samiaeque
2729 1491 3096 1565 explicandus
3122 1511 3235 1548 esse
3264 1495 3517 1554 videtur.

2572 1681 2659 1719 12.
2707 1661 2825 1739 (01.
2860 1682 2992 1735 112,
3027 1682 3079 1721 1.
3122 1662 3285 1741 332).

2582 1815 2627 1871 F.
2664 1814 2894 1873 LIBRO
2947 1814 3277 1873 SEPTIMO.

2228 1966 2522 2020 Athenaeus
2570 1967 2678 2035 IV,
2714 1984 2774 2039 p.
2816 1966 2919 2036 167
2943 2008 2960 2039 ,
2994 1967 3036 2022 C
3062 1982 3076 2023 :
3102 1966 3287 2044 Δοῦρις
3330 1963 3374 2022 δ’
3426 1967 3481 2024 ἐν
3513 1967 3742 2052 ἓὸδόμῳ

2151 2048 2541 2120 Μακεδονικῶν,
2579 2047 2697 2128 περὶ
2728 2046 3069 2127 Πασικύπρου
3098 2050 3261 2127 λέγων
3292 2057 3383 2109 τοῦ
3408 2053 3462 2110 ἐν
3520 2055 3735 2139 Κύπρω

2153 2135 2441 2216 βασιλέως,
2467 2134 2547 2195 ὅτι
2577 2135 2778 2203 ἄσωτος
2800 2127 2882 2208 ἦν,
2911 2136 3098 2219 γράφει
3127 2136 3214 2195 καὶ
3239 2138 3391 2198 τάδε·
3423 2167 3445 2192 ι
3468 2121 3734 2213 Ἀλέξανδ-

2152 2224 2267 2303 δρος
2281 2221 2413 2300 μετὰ
2433 2221 2527 2295 τὴν
2553 2222 2726 2303 Τύρου
2753 2222 3054 2303 πολιορκίαν
3084 2224 3429 2307 Πνυταγόραν
3459 2233 3737 2293 ἅποστὲλ-

2151 2311 2256 2369 λων
2300 2308 2462 2378 ἄλλοις
2484 2334 2540 2369 τε
2587 2311 2778 2392 δωρεὰς
2820 2309 2978 2370 ἔδωκε
3019 2311 3109 2369 καὶ
3149 2313 3360 2394 χωρίον,
3400 2314 3429 2373 ὃ
3457 2317 3726 2396 ᾐτήσατο.

2155 2397 2415 2478 Πρότερον
2463 2397 2517 2457 δὲ
2557 2403 2708 2456 τοῦτο
2738 2396 3083 2478 Πασίκυπρος
3112 2402 3137 2456 ὃ
3171 2401 3461 2477 βασιλεύων
3498 2406 3735 2468 ἀπέδοτο

2154 2484 2219 2542 δι’
2254 2484 2482 2544 ἀσωτίαν
2502 2484 2824 2556 πεντήκοντα
2854 2485 3124 2544 ταλάντων
3148 2488 3389 2570 Πυμᾶτῳ
3414 2493 3491 2569 τῷ
3516 2496 3727 2572 Κιτιεῖ,

2154 2569 2267 2648 ἅμα
2295 2573 2354 2630 τὸ
2398 2572 2589 2654 χωρίον
2630 2573 2719 2632 καὶ
2746 2572 2841 2647 τὴν
2888 2578 3046 2632 αὑτοῦ
3078 2573 3379 2653 βασιλείαν·
3417 2577 3512 2636 καὶ
3545 2583 3729 2642 λαὸὼν

2151 2659 2217 2718 τὰ
2244 2659 2894 2741 χρήματα,κατεγήρασεν
2926 2661 2978 2719 ἐν
3010 2660 3373 2738 Ἀμαθοῦντι.»

2230 2751 2316 2806 De
2342 2751 2642 2825 Pasicypro
2672 2753 2753 2806 nil
2804 2761 3053 2821 constat;
3100 2750 3171 2807 de
3200 2753 3553 2830 Pnytagora,
3580 2760 3725 2817 Eva-

2152 2855 2302 2911 gorae
2338 2837 2400 2908 f.,
2426 2857 2484 2894 V.
2524 2838 2764 2897 Diodor.
2805 2840 2931 2907 XV,
2965 2846 3021 2908 4,
3054 2859 3112 2913 2,
3174 2840 3342 2911 XVI,
3376 2842 3489 2912 46,
3548 2865 3571 2900 1
3609 2865 3725 2926 sq„

2157 2925 2479 2995 Arrian.11‚
2512 2943 2619 2995 αι),
2649 2927 2871 2983 Curtius
2898 2928 2991 2996 IV,
3030 2925 3087 2996 3,
3124 2944 3145 2981 1
3166 2946 3212 2986 1.
3241 2951 3264 2977 α
3287 2930 3587 3003 Pymaturn
3624 2953 3723 2990 re-

2152 3030 2278 3087 gem
2299 3014 2574 3069 Meursius
2599 3016 2684 3071 De
2711 3017 2897 3089 Cypro
2916 3035 2976 3090 p.
3008 3035 3030 3070 1
3045 3034 3112 3085 27
3142 3016 3306 3073 fuisse
3321 3029 3532 3092 censet,
3552 3041 3724 3095 quem

2152 3100 2474 3157 Alexandro
2522 3103 2603 3161 M.
2645 3104 2917 3177 insignem
2942 3102 3193 3179 gladium
3220 3102 3518 3164 donavisse
3547 3110 3721 3166 refert

2151 3189 2435 3246 Plutarch.
2467 3190 2629 3246 Alex.
2656 3208 2707 3248 c.
2734 3190 2971 3247 32.Non
3000 3189 3285 3272 diversum
3302 3211 3336 3249 a
3354 3195 3724 3270 Pygmalione

2153 3278 2387 3350 Cyprio,
2416 3295 2585 3351 quem
2605 3278 2695 3335 Ol.
2740 3296 2763 3332 1
2780 3297 2801 3332 1
2818 3298 2868 3349 7,
2911 3297 2932 3333 1
2969 3279 3298 3336 Ptolemaeus
3319 3298 3351 3337 e
3373 3283 3571 3341 medio
3596 3305 3721 3342 sus-

2154 3364 2281 3418 tulit
2331 3364 2596 3439 (Diodor.
2640 3366 2813 3435 XIX,
2865 3366 2993 3443 79),
3028 3367 3186 3423 illum
3222 3369 3395 3424 habet
3434 3373 3721 3447 Droysen.

2157 3450 2353 3508 Gesch.
2385 3452 2445 3506 d.
2478 3449 2687 3522 Nachf.
2711 3455 2879 3509 Alex.
2909 3472 2965 3527 p.
2998 3453 3132 3519 340.
3168 3478 3192 3502 υ
3222 3457 3566 3515 Huni-zum.

2888 3592 2975 3650 13.

2229 3714 2524 3769 Athenaeus
2544 3715 2620 3785 X,
2642 3734 2701 3788 p.
2733 3716 2865 3787 434,
2888 3718 2940 3772 D
2967 3735 2981 3772 ε
3005 3713 3164 3795 Παρὰ
3186 3713 3238 3774 δὲ
3262 3716 3489 3798 Πέρσαις
3510 3724 3587 3800 τῷ
3612 3724 3718 3800 βα·

2154 3800 2289 3858 σιλεῖ
2315 3799 2512 3880 ἐφίεται
2550 3801 2895 3876 μεθύσκεσθαι
2935 3812 3032 3884 μιᾷ
3055 3803 3260 3885 ἡμέρα,
3292 3807 3343 3862 ἐν
3370 3798 3408 3884 ᾖ
3432 3804 3609 3866 θύουσι
3634 3816 3725 3890 τῷ

2890 4004 2974 4054 12.

2217 4099 2361 4148 Duris
2391 4112 2506 4150 vero
2524 4137 2537 4160 ,
2570 4101 2773 4163 septimo
2814 4102 2940 4152 libro
2970 4105 3146 4153 Rerum
3184 4104 3594 4156 Macedonicarum
3614 4145 3629 4169 ,
3656 4110 3733 4159 de

2150 4178 2403 4238 Pasicypro
2438 4177 2664 4240 loquens,
2685 4180 2828 4242 cypri
2863 4190 2998 4242 rege,
3031 4194 3181 4244 quem
3225 4183 3523 4233 luxuriosum
3568 4184 3723 4238 fuisse

2148 4254 2240 4316 ait,
2281 4253 2385 4303 haec
2407 4255 2570 4305 scribit
2598 4275 2611 4305 ι
2642 4274 2667 4299 σι
2709 4256 2977 4309 Alexander
3014 4262 3124 4322 poa
3165 4264 3279 4324 Tyri
3310 4264 3721 4324 expugnationem

2150 4333 2460 4394 Pnytagoram
2478 4332 2674 4393 dimisit,
2695 4347 2849 4397 quum
2868 4335 3033 4385 multis
3043 4337 3150 4388 aliis
3167 4339 3447 4389 muneribus
3458 4339 3715 4403 donatum,

2148 4409 2255 4456 tum
2273 4407 2485 4470 castello,
2508 4410 2636 4473 quod
2657 4410 2755 4474 ipae
2770 4410 2859 4462 sibi
2882 4413 3219 4476 postulaverat.
3241 4415 3295 4466 1d
3314 4418 3571 4467 castellum
3600 4423 3719 4469 ante

2148 4482 2198 4532 id
2232 4485 2421 4547 tempus
2446 4487 2726 4551 Paaicyprus
2745 4500 2859 4552 rex,
2886 4490 2952 4539 ob
2979 4490 3250 4554 luxuriam,
3293 4495 3497 4555 Pymato
3533 4497 3717 4547 cittieo

2147 4561 2450 4626 vendiderat,
2479 4566 2621 4618 simul
2638 4568 2887 4619 castellum
2913 4570 2964 4619 et
2978 4569 3135 4633 ipsum
3159 4584 3361 4635 regnum
3383 4586 3547 4635 suum,
3571 4576 3727 4639 quin—

2146 4640 2371 4703 quaginta
2405 4642 2623 4707 talentis;
2656 4658 2752 4708 qua
2784 4647 2987 4709 pecunia
3030 4652 3251 4712 accepta,
3295 4650 3376 4702 ille
3416 4654 3717 4703 Amathuute

2147 4720 2476 4768 consenuerat.
2497 4737 2523 4763 n

2208 4910 2346 4974 Apud
2370 4914 2536 4961 Persas
2551 4910 2736 4961 licitum
2762 4910 2834 4959 est
2854 4909 2949 4973 regi
2973 4924 3070 4961 uno
3083 4911 3161 4962 die
3182 4911 3424 4975 inebriari,
3450 4928 3511 4965 eo
3532 4931 3716 4981 nempe

2146 5002 2244 5051 quo
2277 4990 2465 5040 Mithrae
2496 5002 2628 5040 sacra
2647 4989 2846 5040 faciunt.
2883 4992 2989 5047 Qua
3005 4989 3068 5039 de
3088 5005 3143 5042 re
3164 4991 3232 5043 sic
3266 4994 3434 5044 scribit
3456 4997 3608 5045 Duris
3631 5011 3709 5048 se·

2144 5069 2296 5131 ptimo
2313 5069 2436 5118 libro
2468 5069 2780 5119 Historiarum
2807 5087 2819 5119 ι
2841 5086 2867 5112 α
2888 5072 2958 5119 Ex
2981 5072 3201 5122 omnibus
3227 5071 3357 5122 festis
3374 5072 3570 5137 diebus,
3584 5090 3719 5138 quos

2149 5148 2302 5196 Persa?
2324 5145 2591 5209 celebrant,
2617 5159 2674 5196 eo
2693 5160 2787 5195 uno
2817 5145 2902 5209 qui
2936 5147 3124 5200 Mithrae
3141 5162 3275 5200 sacer
3308 5153 3409 5213 «εἰ,
3438 5151 3727 5205 inebriatur
