<?xml version="1.0" encoding="UTF-8"?>
<!DOCTYPE html PUBLIC "-//W3C//DTD XHTML 1.0 Transitional//EN"
    "http://www.w3.org/TR/xhtml1/DTD/xhtml1-transitional.dtd">
<html xmlns="http://www.w3.org/1999/xhtml" xml:lang="en" lang="en">
 <head>
  <title>
</title>
<meta http-equiv="Content-Type" content="text/html;charset=utf-8" />
  <meta name='ocr-system' content='tesseract 3.04.00' />
  <meta name='ocr-capabilities' content='ocr_page ocr_carea ocr_par ocr_line ocrx_word'/>
</head>
<body>
  <div class='ocr_page' id='page_1' title='image "./fragmentahistor00mgoog_0138.png"; bbox 0 0 4016 5916; ppageno 0'>
   <div class='ocr_carea' id='block_1_1' title="bbox 403 415 478 469">
    <p class='ocr_par' dir='ltr' id='par_1_1' title="bbox 403 415 478 469">
     <span class='ocr_line' id='line_1_1' title="bbox 403 415 478 469; baseline -0.027 0"><span class='ocrx_word' id='word_1_1' title='bbox 403 415 478 469; x_wconf 78' lang='lat'>86</span> 
     </span>
    </p>
   </div>
   <div class='ocr_carea' id='block_1_2' title="bbox 398 523 1957 782">
    <p class='ocr_par' dir='ltr' id='par_1_2' title="bbox 398 523 1957 782">
     <span class='ocr_line' id='line_1_2' title="bbox 401 523 1957 611; baseline -0.008 -17"><span class='ocrx_word' id='word_1_2' title='bbox 401 537 516 601; x_wconf 86' lang='grc' dir='ltr'>δους</span> <span class='ocrx_word' id='word_1_3' title='bbox 547 531 602 592; x_wconf 75' lang='grc' dir='ltr'>δὲ</span> <span class='ocrx_word' id='word_1_4' title='bbox 630 533 857 611; x_wconf 74' lang='grc' dir='ltr'>χαλκοῦς</span> <span class='ocrx_word' id='word_1_5' title='bbox 878 526 968 589; x_wconf 80' lang='grc' dir='ltr'>καὶ</span> <span class='ocrx_word' id='word_1_6' title='bbox 996 526 1221 608; x_wconf 75' lang='grc' dir='ltr'>ποτήρια</span> <span class='ocrx_word' id='word_1_7' title='bbox 1249 525 1418 604; x_wconf 83' lang='grc' dir='ltr'>ὀλίγα·</span> <span class='ocrx_word' id='word_1_8' title='bbox 1447 524 1712 604; x_wconf 81' lang='grc' dir='ltr'>γεγονέναι</span> <span class='ocrx_word' id='word_1_9' title='bbox 1734 523 1835 605; x_wconf 72' lang='grc' dir='ltr'>γὰρ</span> <span class='ocrx_word' id='word_1_10' title='bbox 1857 525 1957 582; x_wconf 78' lang='grc' dir='ltr'>ὀλι·</span> 
     </span>
     <span class='ocr_line' id='line_1_3' title="bbox 399 613 1957 700; baseline -0.008 -19"><span class='ocrx_word' id='word_1_11' title='bbox 399 620 656 700; x_wconf 88' lang='grc' dir='ltr'>γοδίαιτον</span> <span class='ocrx_word' id='word_1_12' title='bbox 686 616 776 677; x_wconf 82' lang='grc' dir='ltr'>καὶ</span> <span class='ocrx_word' id='word_1_13' title='bbox 803 620 997 697; x_wconf 75' lang='grc' dir='ltr'>τρυφῆς</span> <span class='ocrx_word' id='word_1_14' title='bbox 1022 613 1314 695; x_wconf 79' lang='grc' dir='ltr'>ἀλλότριον.</span> <span class='ocrx_word' id='word_1_15' title='bbox 1347 643 1369 665; x_wconf 69' lang='grc' dir='ltr'><strong>υ</strong></span> <span class='ocrx_word' id='word_1_16' title='bbox 1393 618 1559 672; x_wconf 88' lang='lat' dir='ltr'>Hunc</span> <span class='ocrx_word' id='word_1_17' title='bbox 1579 614 1822 672; x_wconf 79' lang='lat' dir='ltr'>eundem</span> <span class='ocrx_word' id='word_1_18' title='bbox 1845 632 1957 669; x_wconf 85' lang='lat' dir='ltr'>esse</span> 
     </span>
     <span class='ocr_line' id='line_1_4' title="bbox 398 705 1957 782; baseline -0.006 -16"><span class='ocrx_word' id='word_1_19' title='bbox 398 730 528 766; x_wconf 86' lang='lat' dir='ltr'>cum</span> <span class='ocrx_word' id='word_1_20' title='bbox 560 709 835 782; x_wconf 87' lang='lat' dir='ltr'>discipulo</span> <span class='ocrx_word' id='word_1_21' title='bbox 869 706 1129 762; x_wconf 85' lang='lat' dir='ltr'>Isocratis</span> <span class='ocrx_word' id='word_1_22' title='bbox 1161 706 1474 779; x_wconf 82' lang='lat' dir='ltr'>suspicatur</span> <span class='ocrx_word' id='word_1_23' title='bbox 1503 705 1957 760; x_wconf 87' lang='lat' dir='ltr'>Westermannus</span> 
     </span>
    </p>
   </div>
   <div class='ocr_carea' id='block_1_3' title="bbox 398 792 1438 1169">
    <p class='ocr_par' dir='ltr' id='par_1_3' title="bbox 398 792 1438 1169">
     <span class='ocr_line' id='line_1_5' title="bbox 398 792 1132 869; baseline -0.007 -13"><span class='ocrx_word' id='word_1_24' title='bbox 398 799 472 855; x_wconf 88' lang='lat' dir='ltr'>ad</span> <span class='ocrx_word' id='word_1_25' title='bbox 496 797 750 855; x_wconf 86' lang='lat' dir='ltr'>Vossium</span> <span class='ocrx_word' id='word_1_26' title='bbox 774 814 830 869; x_wconf 90' lang='lat' dir='ltr'>p.</span> <span class='ocrx_word' id='word_1_27' title='bbox 861 792 1004 863; x_wconf 74' lang='lat'>413,</span> <span class='ocrx_word' id='word_1_28' title='bbox 1042 798 1132 859; x_wconf 74' lang='lat'>14.</span> 
     </span>
     <span class='ocr_line' id='line_1_6' title="bbox 979 969 1354 1028; baseline 0 0"><span class='ocrx_word' id='word_1_29' title='bbox 979 969 1327 998; x_wconf 46' lang='lat'>’⁴⁶⁹⁶&#39;-</span> <span class='ocrx_word' id='word_1_30' title='bbox 1343 1016 1354 1028; x_wconf 85' lang='lat'>.</span> 
     </span>
     <span class='ocr_line' id='line_1_7' title="bbox 917 1107 1438 1169; baseline -0.012 -1"><span class='ocrx_word' id='word_1_31' title='bbox 917 1107 1438 1169; x_wconf 81' lang='lat' dir='ltr'>DEMOPHILUS.</span> 
     </span>
    </p>
   </div>
   <div class='ocr_carea' id='block_1_4' title="bbox 353 1264 1971 2744">
    <p class='ocr_par' dir='ltr' id='par_1_4' title="bbox 401 1264 1963 1519">
     <span class='ocr_line' id='line_1_8' title="bbox 479 1264 1963 1344; baseline -0.003 -19"><span class='ocrx_word' id='word_1_32' title='bbox 479 1273 563 1325; x_wconf 88' lang='lat' dir='ltr'>De</span> <span class='ocrx_word' id='word_1_33' title='bbox 594 1269 964 1344; x_wconf 88' lang='lat' dir='ltr'>Demophilo,</span> <span class='ocrx_word' id='word_1_34' title='bbox 996 1267 1211 1341; x_wconf 80' lang='lat' dir='ltr'>Ephori</span> <span class='ocrx_word' id='word_1_35' title='bbox 1238 1266 1472 1323; x_wconf 88' lang='lat' dir='ltr'>Cumani</span> <span class='ocrx_word' id='word_1_36' title='bbox 1512 1264 1663 1333; x_wconf 84' lang='lat' dir='ltr'>filio,</span> <span class='ocrx_word' id='word_1_37' title='bbox 1690 1266 1787 1337; x_wconf 91' lang='lat' dir='ltr'>qui</span> <span class='ocrx_word' id='word_1_38' title='bbox 1819 1284 1963 1339; x_wconf 87' lang='lat' dir='ltr'>opus</span> 
     </span>
     <span class='ocr_line' id='line_1_9' title="bbox 401 1354 1961 1433; baseline -0.003 -19"><span class='ocrx_word' id='word_1_39' title='bbox 401 1358 560 1432; x_wconf 89' lang='lat' dir='ltr'>quod</span> <span class='ocrx_word' id='word_1_40' title='bbox 596 1358 986 1433; x_wconf 85' lang='lat' dir='ltr'>imperfectum</span> <span class='ocrx_word' id='word_1_41' title='bbox 1011 1365 1174 1430; x_wconf 88' lang='lat' dir='ltr'>pater</span> <span class='ocrx_word' id='word_1_42' title='bbox 1201 1355 1531 1428; x_wconf 85' lang='lat' dir='ltr'><strong>reliquerat,</strong></span> <span class='ocrx_word' id='word_1_43' title='bbox 1580 1354 1819 1409; x_wconf 81' lang='lat' dir='ltr'>absolvit</span> <span class='ocrx_word' id='word_1_44' title='bbox 1866 1354 1961 1410; x_wconf 87' lang='lat' dir='ltr'>di-</span> 
     </span>
     <span class='ocr_line' id='line_1_10' title="bbox 401 1443 1620 1519; baseline -0.004 -17"><span class='ocrx_word' id='word_1_45' title='bbox 401 1458 554 1502; x_wconf 91' lang='lat' dir='ltr'>ctum</span> <span class='ocrx_word' id='word_1_46' title='bbox 577 1458 658 1501; x_wconf 88' lang='lat' dir='ltr'>est</span> <span class='ocrx_word' id='word_1_47' title='bbox 681 1447 740 1500; x_wconf 87' lang='lat' dir='ltr'>in</span> <span class='ocrx_word' id='word_1_48' title='bbox 763 1446 887 1500; x_wconf 84' lang='lat' dir='ltr'>Vita</span> <span class='ocrx_word' id='word_1_49' title='bbox 913 1443 1128 1519; x_wconf 86' lang='lat' dir='ltr'>Ephori</span> <span class='ocrx_word' id='word_1_50' title='bbox 1146 1461 1208 1516; x_wconf 90' lang='lat' dir='ltr'>p.</span> <span class='ocrx_word' id='word_1_51' title='bbox 1234 1443 1392 1513; x_wconf 87' lang='lat' dir='ltr'>LXI,</span> <span class='ocrx_word' id='word_1_52' title='bbox 1411 1453 1534 1496; x_wconf 88' lang='lat' dir='ltr'>not.</span> <span class='ocrx_word' id='word_1_53' title='bbox 1570 1460 1592 1495; x_wconf 86' lang='lat'>1</span> <span class='ocrx_word' id='word_1_54' title='bbox 1607 1483 1620 1497; x_wconf 89' lang='lat'>.</span> 
     </span>
    </p>

    <p class='ocr_par' dir='ltr' id='par_1_5' title="bbox 353 1529 1971 2744">
     <span class='ocr_line' id='line_1_11' title="bbox 480 1529 1959 1598; baseline -0.004 -8"><span class='ocrx_word' id='word_1_55' title='bbox 480 1535 644 1590; x_wconf 90' lang='lat' dir='ltr'>Locis</span> <span class='ocrx_word' id='word_1_56' title='bbox 655 1532 734 1587; x_wconf 92' lang='lat' dir='ltr'>ibi</span> <span class='ocrx_word' id='word_1_57' title='bbox 748 1530 986 1586; x_wconf 88' lang='lat' dir='ltr'>laudatis</span> <span class='ocrx_word' id='word_1_58' title='bbox 1017 1529 1164 1587; x_wconf 83' lang='lat' dir='ltr'>adde</span> <span class='ocrx_word' id='word_1_59' title='bbox 1177 1529 1503 1586; x_wconf 84' lang='lat' dir='ltr'>schol.Ven.</span> <span class='ocrx_word' id='word_1_60' title='bbox 1525 1531 1691 1585; x_wconf 86' lang='lat' dir='ltr'>Hom.</span> <span class='ocrx_word' id='word_1_61' title='bbox 1716 1530 1782 1583; x_wconf 91' lang='lat' dir='ltr'>Il.</span> <span class='ocrx_word' id='word_1_62' title='bbox 1796 1530 1959 1598; x_wconf 91' lang='lat' dir='ltr'>XIII,</span> 
     </span>
     <span class='ocr_line' id='line_1_12' title="bbox 403 1617 1960 1694; baseline -0.001 -19"><span class='ocrx_word' id='word_1_63' title='bbox 403 1640 457 1676; x_wconf 84' lang='lat' dir='ltr'>v.</span> <span class='ocrx_word' id='word_1_64' title='bbox 485 1620 620 1678; x_wconf 82' lang='lat'>301.</span> <span class='ocrx_word' id='word_1_65' title='bbox 647 1620 748 1675; x_wconf 88' lang='lat' dir='ltr'>ubi</span> <span class='ocrx_word' id='word_1_66' title='bbox 767 1630 1065 1694; x_wconf 83' lang='lat' dir='ltr'>postquam</span> <span class='ocrx_word' id='word_1_67' title='bbox 1086 1617 1286 1674; x_wconf 88' lang='lat' dir='ltr'>eodem</span> <span class='ocrx_word' id='word_1_68' title='bbox 1315 1617 1492 1672; x_wconf 91' lang='lat' dir='ltr'>modo</span> <span class='ocrx_word' id='word_1_69' title='bbox 1517 1628 1687 1691; x_wconf 84' lang='lat' dir='ltr'>atque</span> <span class='ocrx_word' id='word_1_70' title='bbox 1712 1619 1770 1671; x_wconf 92' lang='lat' dir='ltr'>in</span> <span class='ocrx_word' id='word_1_71' title='bbox 1785 1617 1960 1674; x_wconf 88' lang='lat' dir='ltr'>schol.</span> 
     </span>
     <span class='ocr_line' id='line_1_13' title="bbox 401 1701 1964 1783; baseline 0 -23"><span class='ocrx_word' id='word_1_72' title='bbox 401 1709 557 1783; x_wconf 67' lang='lat' dir='ltr'>vulg.</span> <span class='ocrx_word' id='word_1_73' title='bbox 589 1727 620 1764; x_wconf 89' lang='lat' dir='ltr'>e</span> <span class='ocrx_word' id='word_1_74' title='bbox 639 1705 961 1779; x_wconf 81' lang='lat' dir='ltr'>Pherecyde</span> <span class='ocrx_word' id='word_1_75' title='bbox 989 1703 1088 1780; x_wconf 82' lang='lat' dir='ltr'>(fr.</span> <span class='ocrx_word' id='word_1_76' title='bbox 1124 1723 1228 1762; x_wconf 80' lang='lat'>102</span> <span class='ocrx_word' id='word_1_77' title='bbox 1250 1701 1324 1782; x_wconf 89' lang='lat' dir='ltr'>a.)</span> <span class='ocrx_word' id='word_1_78' title='bbox 1347 1702 1672 1761; x_wconf 67' lang='lat' dir='ltr'>narraverat</span> <span class='ocrx_word' id='word_1_79' title='bbox 1692 1704 1964 1779; x_wconf 80' lang='lat' dir='ltr'>Phlegyes</span> 
     </span>
     <span class='ocr_line' id='line_1_14' title="bbox 402 1792 1968 1868; baseline -0.002 -16"><span class='ocrx_word' id='word_1_80' title='bbox 402 1796 682 1851; x_wconf 81' lang='lat' dir='ltr'>Thebanis</span> <span class='ocrx_word' id='word_1_81' title='bbox 703 1793 947 1849; x_wconf 85' lang='lat' dir='ltr'>infensos</span> <span class='ocrx_word' id='word_1_82' title='bbox 965 1805 1098 1868; x_wconf 85' lang='lat' dir='ltr'>post</span> <span class='ocrx_word' id='word_1_83' title='bbox 1117 1803 1359 1849; x_wconf 89' lang='lat' dir='ltr'>mortem</span> <span class='ocrx_word' id='word_1_84' title='bbox 1377 1793 1538 1848; x_wconf 85' lang='lat' dir='ltr'>Zethi</span> <span class='ocrx_word' id='word_1_85' title='bbox 1557 1804 1613 1847; x_wconf 90' lang='lat' dir='ltr'>et</span> <span class='ocrx_word' id='word_1_86' title='bbox 1633 1792 1968 1866; x_wconf 83' lang='lat' dir='ltr'>Amphionis</span> 
     </span>
     <span class='ocr_line' id='line_1_15' title="bbox 403 1879 1961 1957; baseline -0.001 -20"><span class='ocrx_word' id='word_1_87' title='bbox 403 1883 506 1939; x_wconf 86' lang='lat' dir='ltr'>sub</span> <span class='ocrx_word' id='word_1_88' title='bbox 541 1881 896 1957; x_wconf 84' lang='lat' dir='ltr'>Eurymacho</span> <span class='ocrx_word' id='word_1_89' title='bbox 926 1897 1057 1956; x_wconf 83' lang='lat' dir='ltr'>rege</span> <span class='ocrx_word' id='word_1_90' title='bbox 1084 1881 1300 1938; x_wconf 85' lang='lat' dir='ltr'><strong>Thebas</strong></span> <span class='ocrx_word' id='word_1_91' title='bbox 1337 1879 1761 1955; x_wconf 83' lang='lat' dir='ltr'>cepisse,-addit</span> <span class='ocrx_word' id='word_1_92' title='bbox 1787 1880 1905 1937; x_wconf 83' lang='lat' dir='ltr'>haec</span> <span class='ocrx_word' id='word_1_93' title='bbox 1947 1901 1961 1936; x_wconf 74' lang='lat' dir='ltr'><em>z</em></span> 
     </span>
     <span class='ocr_line' id='line_1_16' title="bbox 409 1964 1969 2049; baseline -0.004 -19"><span class='ocrx_word' id='word_1_94' title='bbox 409 1967 517 2030; x_wconf 74' lang='grc' dir='ltr'>Καὶ</span> <span class='ocrx_word' id='word_1_95' title='bbox 540 1967 735 2049; x_wconf 81' lang='grc' dir='ltr'>ἔρημον</span> <span class='ocrx_word' id='word_1_96' title='bbox 761 1965 997 2048; x_wconf 70' lang='grc' dir='ltr'>γενέσθαι</span> <span class='ocrx_word' id='word_1_97' title='bbox 1022 1964 1116 2039; x_wconf 79' lang='grc' dir='ltr'>τὴν</span> <span class='ocrx_word' id='word_1_98' title='bbox 1139 1965 1291 2026; x_wconf 88' lang='grc' dir='ltr'>πόλιν</span> <span class='ocrx_word' id='word_1_99' title='bbox 1312 1964 1468 2048; x_wconf 86' lang='grc' dir='ltr'>μέχρι</span> <span class='ocrx_word' id='word_1_100' title='bbox 1496 1969 1589 2039; x_wconf 74' lang='grc' dir='ltr'>τῆς</span> <span class='ocrx_word' id='word_1_101' title='bbox 1610 1964 1827 2041; x_wconf 80' lang='grc' dir='ltr'>Κάδμου</span> <span class='ocrx_word' id='word_1_102' title='bbox 1854 1966 1969 2047; x_wconf 68' lang='grc' dir='ltr'>ἄφί-</span> 
     </span>
     <span class='ocr_line' id='line_1_17' title="bbox 407 2052 1962 2136; baseline -0.003 -21"><span class='ocrx_word' id='word_1_103' title='bbox 407 2056 550 2125; x_wconf 83' lang='grc' dir='ltr'>ξεως.</span> <span class='ocrx_word' id='word_1_104' title='bbox 584 2056 714 2118; x_wconf 79' lang='grc' dir='ltr'>Ἐπὶ</span> <span class='ocrx_word' id='word_1_105' title='bbox 753 2057 931 2114; x_wconf 82' lang='grc' dir='ltr'>πλεῖον</span> <span class='ocrx_word' id='word_1_106' title='bbox 961 2053 1015 2114; x_wconf 77' lang='grc' dir='ltr'>δὲ</span> <span class='ocrx_word' id='word_1_107' title='bbox 1043 2052 1163 2136; x_wconf 74' lang='grc' dir='ltr'>περὶ</span> <span class='ocrx_word' id='word_1_108' title='bbox 1191 2055 1360 2113; x_wconf 78' lang='grc' dir='ltr'>αὐτῶν</span> <span class='ocrx_word' id='word_1_109' title='bbox 1407 2055 1511 2132; x_wconf 89' lang='lat' dir='ltr'>(sc.</span> <span class='ocrx_word' id='word_1_110' title='bbox 1550 2056 1651 2111; x_wconf 89' lang='grc' dir='ltr'>τῶν</span> <span class='ocrx_word' id='word_1_111' title='bbox 1685 2055 1962 2133; x_wconf 85' lang='grc' dir='ltr'>Φλεγυῶν)</span> 
     </span>
     <span class='ocr_line' id='line_1_18' title="bbox 353 2139 1966 2226; baseline -0.002 -23"><span class='ocrx_word' id='word_1_112' title='bbox 353 2158 362 2167; x_wconf 88' lang='grc'><em>·</em></span> <span class='ocrx_word' id='word_1_113' title='bbox 406 2144 683 2204; x_wconf 79' lang='grc' dir='ltr'>διείλεκται</span> <span class='ocrx_word' id='word_1_114' title='bbox 702 2140 929 2226; x_wconf 78' lang='grc' dir='ltr'>Ἔφορος</span> <span class='ocrx_word' id='word_1_115' title='bbox 945 2190 962 2222; x_wconf 88' lang='lat'>,</span> <span class='ocrx_word' id='word_1_116' title='bbox 984 2141 1290 2210; x_wconf 73' lang='grc' dir='ltr'>ἀποδεικνὺς</span> <span class='ocrx_word' id='word_1_117' title='bbox 1313 2140 1393 2202; x_wconf 77' lang='grc' dir='ltr'>ὅτι</span> <span class='ocrx_word' id='word_1_118' title='bbox 1416 2140 1510 2213; x_wconf 76' lang='grc' dir='ltr'>τὴν</span> <span class='ocrx_word' id='word_1_119' title='bbox 1535 2139 1767 2202; x_wconf 78' lang='grc' dir='ltr'>Δαυλίδα</span> <span class='ocrx_word' id='word_1_120' title='bbox 1794 2139 1885 2199; x_wconf 78' lang='grc' dir='ltr'>καὶ</span> <span class='ocrx_word' id='word_1_121' title='bbox 1909 2144 1966 2200; x_wconf 79' lang='grc' dir='ltr'>οὐ</span> 
     </span>
     <span class='ocr_line' id='line_1_19' title="bbox 405 2226 1967 2315; baseline -0.003 -24"><span class='ocrx_word' id='word_1_122' title='bbox 405 2238 500 2307; x_wconf 78' lang='grc' dir='ltr'>τὴν</span> <span class='ocrx_word' id='word_1_123' title='bbox 521 2236 770 2315; x_wconf 82' lang='grc' dir='ltr'>Γυρτῶνα</span> <span class='ocrx_word' id='word_1_124' title='bbox 802 2232 1069 2314; x_wconf 81' lang='grc' dir='ltr'>(Γύρτονα</span> <span class='ocrx_word' id='word_1_125' title='bbox 1100 2233 1231 2290; x_wconf 90' lang='lat' dir='ltr'>cod.</span> <span class='ocrx_word' id='word_1_126' title='bbox 1254 2235 1273 2310; x_wconf 84' lang='grc'>)</span> <span class='ocrx_word' id='word_1_127' title='bbox 1301 2228 1537 2311; x_wconf 83' lang='grc' dir='ltr'>ᾤκησαν·</span> <span class='ocrx_word' id='word_1_128' title='bbox 1566 2226 1679 2288; x_wconf 77' lang='grc' dir='ltr'>ὅθεν</span> <span class='ocrx_word' id='word_1_129' title='bbox 1709 2227 1800 2287; x_wconf 71' lang='grc' dir='ltr'>καὶ</span> <span class='ocrx_word' id='word_1_130' title='bbox 1823 2226 1967 2308; x_wconf 74' lang='grc' dir='ltr'>παρὰ</span> 
     </span>
     <span class='ocr_line' id='line_1_20' title="bbox 404 2312 1967 2400; baseline -0.004 -20"><span class='ocrx_word' id='word_1_131' title='bbox 404 2330 510 2390; x_wconf 86' lang='grc' dir='ltr'>τοῖς</span> <span class='ocrx_word' id='word_1_132' title='bbox 538 2325 791 2383; x_wconf 64' lang='grc' dir='ltr'>Φωκεῦσι</span> <span class='ocrx_word' id='word_1_133' title='bbox 827 2320 886 2380; x_wconf 78' lang='grc' dir='ltr'>τὸ</span> <span class='ocrx_word' id='word_1_134' title='bbox 915 2317 1140 2400; x_wconf 72' lang='grc' dir='ltr'>ὗὸρίζειν</span> <span class='ocrx_word' id='word_1_135' title='bbox 1174 2320 1400 2400; x_wconf 73' lang='grc' dir='ltr'>φλεγυᾶν</span> <span class='ocrx_word' id='word_1_136' title='bbox 1435 2316 1695 2395; x_wconf 79' lang='grc' dir='ltr'>λέγεσθαι.</span> <span class='ocrx_word' id='word_1_137' title='bbox 1728 2312 1889 2376; x_wconf 82' lang='grc' dir='ltr'>Ἔστι</span> <span class='ocrx_word' id='word_1_138' title='bbox 1914 2314 1967 2374; x_wconf 85' lang='grc' dir='ltr'>δὲ</span> 
     </span>
     <span class='ocr_line' id='line_1_21' title="bbox 407 2403 1969 2490; baseline -0.004 -21"><span class='ocrx_word' id='word_1_139' title='bbox 407 2415 572 2469; x_wconf 69' lang='grc' dir='ltr'>ταῦτα</span> <span class='ocrx_word' id='word_1_140' title='bbox 604 2411 656 2469; x_wconf 76' lang='grc' dir='ltr'>ἐν</span> <span class='ocrx_word' id='word_1_141' title='bbox 675 2414 741 2490; x_wconf 83' lang='grc' dir='ltr'>τῇ</span> <span class='ocrx_word' id='word_1_142' title='bbox 765 2411 1049 2490; x_wconf 79' lang='grc' dir='ltr'>τριακοστῇ</span> <span class='ocrx_word' id='word_1_143' title='bbox 1076 2410 1141 2486; x_wconf 79' lang='grc' dir='ltr'>τῇ</span> <span class='ocrx_word' id='word_1_144' title='bbox 1166 2405 1490 2488; x_wconf 70' lang='grc' dir='ltr'>Δημοφίλου.</span> <span class='ocrx_word' id='word_1_145' title='bbox 1519 2405 1700 2466; x_wconf 85' lang='grc' dir='ltr'>Πάλαι</span> <span class='ocrx_word' id='word_1_146' title='bbox 1723 2404 1777 2464; x_wconf 79' lang='grc' dir='ltr'>δὲ</span> <span class='ocrx_word' id='word_1_147' title='bbox 1801 2403 1969 2484; x_wconf 77' lang='grc' dir='ltr'>διεφέ-</span> 
     </span>
     <span class='ocr_line' id='line_1_22' title="bbox 409 2489 1971 2578; baseline -0.004 -23"><span class='ocrx_word' id='word_1_148' title='bbox 409 2520 555 2577; x_wconf 81' lang='grc' dir='ltr'>ροντο</span> <span class='ocrx_word' id='word_1_149' title='bbox 579 2500 790 2564; x_wconf 82' lang='grc' dir='ltr'>Φωκεῖς</span> <span class='ocrx_word' id='word_1_150' title='bbox 814 2495 939 2578; x_wconf 78' lang='grc' dir='ltr'>πρὸς</span> <span class='ocrx_word' id='word_1_151' title='bbox 957 2493 1280 2561; x_wconf 79' lang='grc' dir='ltr'>Θεσσαλούς·</span> <span class='ocrx_word' id='word_1_152' title='bbox 1303 2492 1486 2552; x_wconf 79' lang='grc' dir='ltr'>διὸκαὶ</span> <span class='ocrx_word' id='word_1_153' title='bbox 1506 2491 1597 2558; x_wconf 75' lang='grc' dir='ltr'>τὰς</span> <span class='ocrx_word' id='word_1_154' title='bbox 1618 2489 1971 2573; x_wconf 79' lang='grc' dir='ltr'>Θερμοπύλας</span> 
     </span>
     <span class='ocr_line' id='line_1_23' title="bbox 405 2577 1963 2666; baseline -0.006 -22"><span class='ocrx_word' id='word_1_155' title='bbox 405 2582 603 2666; x_wconf 81' lang='grc' dir='ltr'>ᾤκισαν</span> <span class='ocrx_word' id='word_1_156' title='bbox 640 2586 869 2651; x_wconf 80' lang='grc' dir='ltr'>Φωκεῖς·</span> <span class='ocrx_word' id='word_1_157' title='bbox 896 2581 1091 2642; x_wconf 79' lang='grc' dir='ltr'>εἴσοδον</span> <span class='ocrx_word' id='word_1_158' title='bbox 1129 2579 1231 2660; x_wconf 78' lang='grc' dir='ltr'>γὰρ</span> <span class='ocrx_word' id='word_1_159' title='bbox 1261 2578 1466 2659; x_wconf 83' lang='grc' dir='ltr'>ἔχουσιν</span> <span class='ocrx_word' id='word_1_160' title='bbox 1510 2577 1615 2637; x_wconf 79' lang='grc' dir='ltr'>ἀπὸ</span> <span class='ocrx_word' id='word_1_161' title='bbox 1645 2577 1963 2645; x_wconf 79' lang='grc' dir='ltr'>Θεσσαλίας.</span> 
     </span>
     <span class='ocr_line' id='line_1_24' title="bbox 409 2665 1967 2744; baseline -0.005 -13"><span class='ocrx_word' id='word_1_162' title='bbox 409 2678 627 2732; x_wconf 90' lang='lat' dir='ltr'>Locum</span> <span class='ocrx_word' id='word_1_163' title='bbox 649 2674 801 2729; x_wconf 86' lang='lat' dir='ltr'>hunc</span> <span class='ocrx_word' id='word_1_164' title='bbox 839 2674 1018 2727; x_wconf 87' lang='lat' dir='ltr'>insere</span> <span class='ocrx_word' id='word_1_165' title='bbox 1039 2682 1170 2744; x_wconf 90' lang='lat' dir='ltr'>post</span> <span class='ocrx_word' id='word_1_166' title='bbox 1205 2667 1419 2743; x_wconf 85' lang='lat' dir='ltr'>Ephori</span> <span class='ocrx_word' id='word_1_167' title='bbox 1449 2668 1648 2743; x_wconf 79' lang='lat' dir='ltr'>fragm.</span> <span class='ocrx_word' id='word_1_168' title='bbox 1689 2665 1796 2723; x_wconf 81' lang='lat'>152</span> <span class='ocrx_word' id='word_1_169' title='bbox 1838 2668 1967 2723; x_wconf 87' lang='lat' dir='ltr'>libri</span> 
     </span>
    </p>
   </div>
   <div class='ocr_carea' id='block_1_5' title="bbox 409 2761 1970 2920">
    <p class='ocr_par' dir='ltr' id='par_1_6' title="bbox 409 2761 1970 2920">
     <span class='ocr_line' id='line_1_25' title="bbox 409 2761 1970 2920; baseline -0.002 -18"><span class='ocrx_word' id='word_1_170' title='bbox 409 2761 645 2903; x_wconf 54' lang='grc' dir='ltr'>Χῖἳὶῗιιε</span> <span class='ocrx_word' id='word_1_171' title='bbox 659 2847 798 2900; x_wconf 88' lang='lat' dir='ltr'>Dem</span> <span class='ocrx_word' id='word_1_172' title='bbox 806 2841 1300 2920; x_wconf 87' lang='lat' dir='ltr'>ophiluslaudatur</span> <span class='ocrx_word' id='word_1_173' title='bbox 1314 2860 1404 2916; x_wconf 88' lang='lat' dir='ltr'>ap.</span> <span class='ocrx_word' id='word_1_174' title='bbox 1419 2843 1453 2897; x_wconf 85' lang='lat' dir='ltr'>J</span> <span class='ocrx_word' id='word_1_175' title='bbox 1457 2859 1625 2897; x_wconf 88' lang='lat' dir='ltr'>oann.</span> <span class='ocrx_word' id='word_1_176' title='bbox 1648 2842 1872 2915; x_wconf 80' lang='lat' dir='ltr'>Lydum</span> <span class='ocrx_word' id='word_1_177' title='bbox 1883 2845 1970 2899; x_wconf 90' lang='lat' dir='ltr'>De</span> 
     </span>
    </p>
   </div>
   <div class='ocr_carea' id='block_1_6' title="bbox 408 2922 1973 3966">
    <p class='ocr_par' dir='ltr' id='par_1_7' title="bbox 408 2922 1973 3966">
     <span class='ocr_line' id='line_1_26' title="bbox 408 2922 1969 3006; baseline 0 -17"><span class='ocrx_word' id='word_1_178' title='bbox 408 2950 583 2992; x_wconf 79' lang='lat' dir='ltr'>menS.</span> <span class='ocrx_word' id='word_1_179' title='bbox 612 2931 711 3002; x_wconf 82' lang='lat' dir='ltr'>lv,</span> <span class='ocrx_word' id='word_1_180' title='bbox 744 2949 809 3002; x_wconf 80' lang='lat'>2,</span> <span class='ocrx_word' id='word_1_181' title='bbox 839 2950 898 3006; x_wconf 88' lang='lat' dir='ltr'>p.</span> <span class='ocrx_word' id='word_1_182' title='bbox 934 2929 1046 2997; x_wconf 74' lang='lat'>248</span> <span class='ocrx_word' id='word_1_183' title='bbox 1075 2929 1169 2989; x_wconf 89' lang='lat' dir='ltr'>ed.</span> <span class='ocrx_word' id='word_1_184' title='bbox 1200 2929 1391 2986; x_wconf 86' lang='lat' dir='ltr'>Roeth.</span> <span class='ocrx_word' id='word_1_185' title='bbox 1431 2948 1446 2984; x_wconf 72' lang='grc' dir='ltr'>ε</span> <span class='ocrx_word' id='word_1_186' title='bbox 1472 2922 1551 2987; x_wconf 84' lang='grc' dir='ltr'>Ὅ</span> <span class='ocrx_word' id='word_1_187' title='bbox 1579 2949 1637 3006; x_wconf 88' lang='grc' dir='ltr'>γε</span> <span class='ocrx_word' id='word_1_188' title='bbox 1663 2926 1767 3005; x_wconf 74' lang='grc' dir='ltr'>μὴν</span> <span class='ocrx_word' id='word_1_189' title='bbox 1792 2927 1969 3006; x_wconf 84' lang='grc' dir='ltr'>Δημό-</span> 
     </span>
     <span class='ocr_line' id='line_1_27' title="bbox 411 3014 1968 3100; baseline -0.001 -24"><span class='ocrx_word' id='word_1_190' title='bbox 411 3020 555 3100; x_wconf 66' lang='grc' dir='ltr'>φιλος</span> <span class='ocrx_word' id='word_1_191' title='bbox 586 3018 792 3098; x_wconf 88' lang='grc' dir='ltr'>πρῶτον</span> <span class='ocrx_word' id='word_1_192' title='bbox 836 3014 990 3073; x_wconf 81' lang='grc' dir='ltr'>αὐτὸν</span> <span class='ocrx_word' id='word_1_193' title='bbox 1026 3016 1133 3093; x_wconf 83' lang='lat' dir='ltr'>(se.</span> <span class='ocrx_word' id='word_1_194' title='bbox 1166 3014 1369 3091; x_wconf 78' lang='grc' dir='ltr'>Ἰανὸν)</span> <span class='ocrx_word' id='word_1_195' title='bbox 1413 3015 1656 3093; x_wconf 80' lang='grc' dir='ltr'>βούλεται</span> <span class='ocrx_word' id='word_1_196' title='bbox 1685 3015 1853 3086; x_wconf 79' lang='grc' dir='ltr'>οἴκους</span> <span class='ocrx_word' id='word_1_197' title='bbox 1880 3016 1968 3075; x_wconf 81' lang='grc' dir='ltr'>καὶ</span> 
     </span>
     <span class='ocr_line' id='line_1_28' title="bbox 410 3099 1964 3185; baseline 0 -22"><span class='ocrx_word' id='word_1_198' title='bbox 410 3107 678 3170; x_wconf 86' lang='grc' dir='ltr'>πυλεῶνας</span> <span class='ocrx_word' id='word_1_199' title='bbox 706 3099 1099 3161; x_wconf 85' lang='grc' dir='ltr'>κατασκευάσαι</span> <span class='ocrx_word' id='word_1_200' title='bbox 1125 3102 1216 3160; x_wconf 70' lang='grc' dir='ltr'>καὶ</span> <span class='ocrx_word' id='word_1_201' title='bbox 1253 3101 1356 3161; x_wconf 79' lang='grc' dir='ltr'>ἀπὸ</span> <span class='ocrx_word' id='word_1_202' title='bbox 1382 3106 1475 3173; x_wconf 73' lang='grc' dir='ltr'>τῆς</span> <span class='ocrx_word' id='word_1_203' title='bbox 1510 3100 1718 3170; x_wconf 79' lang='grc' dir='ltr'>ἰανούας</span> <span class='ocrx_word' id='word_1_204' title='bbox 1752 3101 1964 3185; x_wconf 81' lang='grc' dir='ltr'>(θύρας)</span> 
     </span>
     <span class='ocr_line' id='line_1_29' title="bbox 410 3187 1968 3272; baseline -0.002 -20"><span class='ocrx_word' id='word_1_205' title='bbox 410 3190 728 3270; x_wconf 76' lang='grc' dir='ltr'>Ἰανουάριον</span> <span class='ocrx_word' id='word_1_206' title='bbox 757 3191 1137 3267; x_wconf 77' lang='grc' dir='ltr'>ὀνομασθῆναι,</span> <span class='ocrx_word' id='word_1_207' title='bbox 1164 3188 1302 3270; x_wconf 84' lang='grc' dir='ltr'>ἔχειν</span> <span class='ocrx_word' id='word_1_208' title='bbox 1332 3187 1386 3248; x_wconf 72' lang='grc' dir='ltr'>δὲ</span> <span class='ocrx_word' id='word_1_209' title='bbox 1423 3188 1579 3248; x_wconf 78' lang='grc' dir='ltr'>αὐτὸν</span> <span class='ocrx_word' id='word_1_210' title='bbox 1608 3189 1699 3248; x_wconf 70' lang='grc' dir='ltr'>καὶ</span> <span class='ocrx_word' id='word_1_211' title='bbox 1741 3191 1968 3272; x_wconf 69' lang='grc' dir='ltr'>ἀδελφὴν</span> 
     </span>
     <span class='ocr_line' id='line_1_30' title="bbox 414 3275 1965 3354; baseline 0.001 -17"><span class='ocrx_word' id='word_1_212' title='bbox 414 3275 770 3354; x_wconf 80' lang='grc' dir='ltr'>Κασαμήνην.</span> <span class='ocrx_word' id='word_1_213' title='bbox 812 3277 1117 3350; x_wconf 86' lang='lat' dir='ltr'><strong>Quomodo</strong></span> <span class='ocrx_word' id='word_1_214' title='bbox 1163 3279 1236 3335; x_wconf 91' lang='lat' dir='ltr'>de</span> <span class='ocrx_word' id='word_1_215' title='bbox 1278 3278 1623 3353; x_wconf 87' lang='lat' dir='ltr'>Demophilo</span> <span class='ocrx_word' id='word_1_216' title='bbox 1668 3280 1883 3353; x_wconf 86' lang='lat' dir='ltr'>Ephori</span> <span class='ocrx_word' id='word_1_217' title='bbox 1927 3281 1965 3339; x_wconf 85' lang='lat' dir='ltr'>f.</span> 
     </span>
     <span class='ocr_line' id='line_1_31' title="bbox 410 3365 1972 3442; baseline 0 -19"><span class='ocrx_word' id='word_1_218' title='bbox 410 3368 656 3442; x_wconf 83' lang='lat' dir='ltr'>cogitare</span> <span class='ocrx_word' id='word_1_219' title='bbox 678 3366 932 3437; x_wconf 79' lang='lat' dir='ltr'>Roether.</span> <span class='ocrx_word' id='word_1_220' title='bbox 950 3367 1222 3440; x_wconf 87' lang='lat' dir='ltr'>potuerit,</span> <span class='ocrx_word' id='word_1_221' title='bbox 1243 3365 1397 3422; x_wconf 87' lang='lat' dir='ltr'>haud</span> <span class='ocrx_word' id='word_1_222' title='bbox 1424 3367 1606 3441; x_wconf 84' lang='lat' dir='ltr'>capio.</span> <span class='ocrx_word' id='word_1_223' title='bbox 1628 3368 1715 3422; x_wconf 88' lang='lat' dir='ltr'>De</span> <span class='ocrx_word' id='word_1_224' title='bbox 1732 3368 1856 3423; x_wconf 86' lang='lat' dir='ltr'>Jani</span> <span class='ocrx_word' id='word_1_225' title='bbox 1883 3369 1972 3423; x_wconf 90' lang='lat' dir='ltr'>in-</span> 
     </span>
     <span class='ocr_line' id='line_1_32' title="bbox 409 3453 1966 3532; baseline 0.004 -25"><span class='ocrx_word' id='word_1_226' title='bbox 409 3455 619 3529; x_wconf 80' lang='lat' dir='ltr'>ventis,</span> <span class='ocrx_word' id='word_1_227' title='bbox 665 3453 850 3528; x_wconf 86' lang='lat' dir='ltr'>deque</span> <span class='ocrx_word' id='word_1_228' title='bbox 875 3473 1070 3510; x_wconf 88' lang='lat' dir='ltr'>sorore</span> <span class='ocrx_word' id='word_1_229' title='bbox 1115 3454 1232 3526; x_wconf 85' lang='lat' dir='ltr'>ejus</span> <span class='ocrx_word' id='word_1_230' title='bbox 1272 3465 1330 3511; x_wconf 87' lang='lat' dir='ltr'>et</span> <span class='ocrx_word' id='word_1_231' title='bbox 1373 3472 1555 3511; x_wconf 85' lang='lat' dir='ltr'>uxore</span> <span class='ocrx_word' id='word_1_232' title='bbox 1590 3455 1802 3512; x_wconf 88' lang='lat' dir='ltr'>Camise</span> <span class='ocrx_word' id='word_1_233' title='bbox 1828 3454 1966 3532; x_wconf 80' lang='lat' dir='ltr'>(sic)</span> 
     </span>
     <span class='ocr_line' id='line_1_33' title="bbox 412 3542 1970 3622; baseline 0.002 -25"><span class='ocrx_word' id='word_1_234' title='bbox 412 3542 711 3598; x_wconf 66' lang='lat' dir='ltr'>Athenaeus</span> <span class='ocrx_word' id='word_1_235' title='bbox 731 3551 925 3597; x_wconf 87' lang='lat' dir='ltr'>narrat</span> <span class='ocrx_word' id='word_1_236' title='bbox 941 3560 1011 3597; x_wconf 86' lang='lat' dir='ltr'>ex</span> <span class='ocrx_word' id='word_1_237' title='bbox 1043 3543 1320 3598; x_wconf 81' lang='lat' dir='ltr'>Draconis</span> <span class='ocrx_word' id='word_1_238' title='bbox 1342 3542 1622 3616; x_wconf 78' lang='lat' dir='ltr'>Corcyraei</span> <span class='ocrx_word' id='word_1_239' title='bbox 1642 3561 1816 3616; x_wconf 84' lang='lat' dir='ltr'>opere</span> <span class='ocrx_word' id='word_1_240' title='bbox 1839 3542 1970 3622; x_wconf 75' lang='grc' dir='ltr'>Περὶ</span> 
     </span>
     <span class='ocr_line' id='line_1_34' title="bbox 409 3625 1968 3705; baseline 0.001 -21"><span class='ocrx_word' id='word_1_241' title='bbox 409 3625 586 3686; x_wconf 89' lang='grc' dir='ltr'>λίθων.</span> <span class='ocrx_word' id='word_1_242' title='bbox 613 3630 827 3685; x_wconf 81' lang='lat' dir='ltr'>Nostro</span> <span class='ocrx_word' id='word_1_243' title='bbox 848 3629 979 3684; x_wconf 91' lang='lat' dir='ltr'>loco</span> <span class='ocrx_word' id='word_1_244' title='bbox 1008 3631 1253 3685; x_wconf 90' lang='lat' dir='ltr'>auctoris</span> <span class='ocrx_word' id='word_1_245' title='bbox 1278 3647 1492 3685; x_wconf 88' lang='lat' dir='ltr'>nomen</span> <span class='ocrx_word' id='word_1_246' title='bbox 1519 3640 1616 3684; x_wconf 84' lang='lat' dir='ltr'>aut</span> <span class='ocrx_word' id='word_1_247' title='bbox 1638 3643 1968 3705; x_wconf 88' lang='lat' dir='ltr'>corruptum</span> 
     </span>
     <span class='ocr_line' id='line_1_35' title="bbox 409 3715 1970 3792; baseline 0.003 -22"><span class='ocrx_word' id='word_1_248' title='bbox 409 3716 606 3785; x_wconf 82' lang='lat' dir='ltr'>fuerit,</span> <span class='ocrx_word' id='word_1_249' title='bbox 636 3727 733 3770; x_wconf 88' lang='lat' dir='ltr'>aut</span> <span class='ocrx_word' id='word_1_250' title='bbox 760 3715 1154 3792; x_wconf 85' lang='lat' dir='ltr'>intelligendus</span> <span class='ocrx_word' id='word_1_251' title='bbox 1176 3726 1258 3772; x_wconf 77' lang='lat' dir='ltr'>est</span> <span class='ocrx_word' id='word_1_252' title='bbox 1286 3717 1686 3790; x_wconf 65' lang='lat' dir='ltr'>Damophilus»,</span> <span class='ocrx_word' id='word_1_253' title='bbox 1714 3719 1970 3792; x_wconf 87' lang='lat' dir='ltr'>philoso-</span> 
     </span>
     <span class='ocr_line' id='line_1_36' title="bbox 409 3800 1969 3880; baseline 0.001 -21"><span class='ocrx_word' id='word_1_254' title='bbox 409 3804 558 3877; x_wconf 86' lang='lat' dir='ltr'>phus</span> <span class='ocrx_word' id='word_1_255' title='bbox 580 3813 636 3860; x_wconf 89' lang='lat' dir='ltr'>et</span> <span class='ocrx_word' id='word_1_256' title='bbox 658 3804 902 3876; x_wconf 82' lang='lat' dir='ltr'>sophista</span> <span class='ocrx_word' id='word_1_257' title='bbox 918 3845 933 3872; x_wconf 94' lang='lat'>,</span> <span class='ocrx_word' id='word_1_258' title='bbox 959 3803 1063 3859; x_wconf 90' lang='lat' dir='ltr'>sub</span> <span class='ocrx_word' id='word_1_259' title='bbox 1086 3800 1280 3860; x_wconf 84' lang='lat' dir='ltr'>Marco</span> <span class='ocrx_word' id='word_1_260' title='bbox 1301 3806 1591 3860; x_wconf 82' lang='lat' dir='ltr'>Antonino</span> <span class='ocrx_word' id='word_1_261' title='bbox 1615 3803 1850 3876; x_wconf 87' lang='lat' dir='ltr'>florens,</span> <span class='ocrx_word' id='word_1_262' title='bbox 1874 3808 1969 3880; x_wconf 91' lang='lat' dir='ltr'>qui</span> 
     </span>
     <span class='ocr_line' id='line_1_37' title="bbox 413 3890 1973 3966; baseline 0.003 -21"><span class='ocrx_word' id='word_1_263' title='bbox 413 3891 622 3947; x_wconf 85' lang='lat' dir='ltr'>librum</span> <span class='ocrx_word' id='word_1_264' title='bbox 643 3890 715 3946; x_wconf 89' lang='lat' dir='ltr'>de</span> <span class='ocrx_word' id='word_1_265' title='bbox 746 3891 802 3943; x_wconf 89' lang='lat' dir='ltr'><em>V</em></span> <span class='ocrx_word' id='word_1_266' title='bbox 797 3894 873 3945; x_wconf 80' lang='lat' dir='ltr'>ita</span> <span class='ocrx_word' id='word_1_267' title='bbox 897 3901 1130 3945; x_wconf 75' lang='lat' dir='ltr'>veterum</span> <span class='ocrx_word' id='word_1_268' title='bbox 1149 3893 1346 3956; x_wconf 69' lang='lat' dir='ltr'>et‘ale&#39;a</span> <span class='ocrx_word' id='word_1_269' title='bbox 1372 3893 1545 3946; x_wconf 80' lang='lat' dir='ltr'>multa</span> <span class='ocrx_word' id='word_1_270' title='bbox 1563 3893 1781 3966; x_wconf 87' lang='lat' dir='ltr'>scripsit</span> <span class='ocrx_word' id='word_1_271' title='bbox 1795 3935 1810 3961; x_wconf 95' lang='lat'>,</span> <span class='ocrx_word' id='word_1_272' title='bbox 1839 3904 1973 3949; x_wconf 84' lang='lat' dir='ltr'>teste</span> 
     </span>
    </p>
   </div>
   <div class='ocr_carea' id='block_1_7' title="bbox 414 3976 738 4035">
    <p class='ocr_par' dir='ltr' id='par_1_8' title="bbox 414 3976 738 4035">
     <span class='ocr_line' id='line_1_38' title="bbox 414 3976 738 4035; baseline 0.006 -2"><span class='ocrx_word' id='word_1_273' title='bbox 414 3976 586 4035; x_wconf 86' lang='lat' dir='ltr'>Suida</span> <span class='ocrx_word' id='word_1_274' title='bbox 612 3999 652 4035; x_wconf 79' lang='lat' dir='ltr'>s,</span> <span class='ocrx_word' id='word_1_275' title='bbox 685 3997 738 4035; x_wconf 71' lang='lat' dir='ltr'>V.</span> 
     </span>
    </p>
   </div>
   <div class='ocr_carea' id='block_1_8' title="bbox 1027 4079 1395 4105">
    <p class='ocr_par' dir='ltr' id='par_1_9' title="bbox 1027 4079 1395 4105">
     <span class='ocr_line' id='line_1_39' title="bbox 1027 4079 1395 4105; baseline 0 1811"><span class='ocrx_word' id='word_1_276' title='bbox 1027 4079 1395 4105; x_wconf 95' lang='lat' dir='ltr'> </span> 
     </span>
    </p>
   </div>
   <div class='ocr_carea' id='block_1_9' title="bbox 803 4201 1590 4262">
    <p class='ocr_par' dir='ltr' id='par_1_10' title="bbox 803 4201 1590 4262">
     <span class='ocr_line' id='line_1_40' title="bbox 803 4201 1590 4262; baseline 0 -2"><span class='ocrx_word' id='word_1_277' title='bbox 803 4201 1294 4262; x_wconf 85' lang='lat' dir='ltr'>THEOCRITUS</span> <span class='ocrx_word' id='word_1_278' title='bbox 1340 4202 1468 4261; x_wconf 86' lang='lat' dir='ltr'>Cfll</span> <span class='ocrx_word' id='word_1_279' title='bbox 1481 4201 1590 4260; x_wconf 87' lang='lat' dir='ltr'>US.</span> 
     </span>
    </p>
   </div>
   <div class='ocr_carea' id='block_1_10' title="bbox 412 4327 1977 5283">
    <p class='ocr_par' dir='ltr' id='par_1_11' title="bbox 412 4327 1974 4759">
     <span class='ocr_line' id='line_1_41' title="bbox 492 4327 1972 4412; baseline 0.001 -24"><span class='ocrx_word' id='word_1_280' title='bbox 492 4332 689 4388; x_wconf 87' lang='lat' dir='ltr'>Suidas</span> <span class='ocrx_word' id='word_1_281' title='bbox 715 4352 729 4387; x_wconf 72' lang='grc' dir='ltr'>ε</span> <span class='ocrx_word' id='word_1_282' title='bbox 757 4329 1063 4412; x_wconf 75' lang='grc' dir='ltr'>Θεόκριτος,</span> <span class='ocrx_word' id='word_1_283' title='bbox 1087 4332 1245 4401; x_wconf 83' lang='grc' dir='ltr'>Χῖος,</span> <span class='ocrx_word' id='word_1_284' title='bbox 1272 4327 1475 4410; x_wconf 76' lang='grc' dir='ltr'>ῥήτωρ,</span> <span class='ocrx_word' id='word_1_285' title='bbox 1507 4327 1743 4407; x_wconf 85' lang='grc' dir='ltr'>μαθητὴς</span> <span class='ocrx_word' id='word_1_286' title='bbox 1771 4332 1972 4412; x_wconf 85' lang='grc' dir='ltr'>Μετρο-</span> 
     </span>
     <span class='ocr_line' id='line_1_42' title="bbox 415 4415 1974 4500; baseline -0.001 -24"><span class='ocrx_word' id='word_1_287' title='bbox 415 4418 580 4498; x_wconf 83' lang='grc' dir='ltr'>δώρου</span> <span class='ocrx_word' id='word_1_288' title='bbox 620 4422 710 4476; x_wconf 76' lang='grc' dir='ltr'>τοῦ</span> <span class='ocrx_word' id='word_1_289' title='bbox 740 4417 1129 4500; x_wconf 79' lang='grc' dir='ltr'>Ἰσοκρατικοῧ,</span> <span class='ocrx_word' id='word_1_290' title='bbox 1158 4415 1354 4498; x_wconf 73' lang='grc' dir='ltr'>ἔγραψε</span> <span class='ocrx_word' id='word_1_291' title='bbox 1376 4417 1585 4499; x_wconf 77' lang='grc' dir='ltr'>Χρείας·</span> <span class='ocrx_word' id='word_1_292' title='bbox 1614 4416 1974 4477; x_wconf 78' lang='grc' dir='ltr'>ἀντεπολιτεύ-</span> 
     </span>
     <span class='ocr_line' id='line_1_43' title="bbox 416 4503 1974 4587; baseline 0 -24"><span class='ocrx_word' id='word_1_293' title='bbox 416 4526 543 4563; x_wconf 86' lang='grc' dir='ltr'>σατο</span> <span class='ocrx_word' id='word_1_294' title='bbox 571 4503 624 4562; x_wconf 81' lang='grc' dir='ltr'>δὲ</span> <span class='ocrx_word' id='word_1_295' title='bbox 656 4504 961 4586; x_wconf 82' lang='grc' dir='ltr'>Θεοπόμπῳ</span> <span class='ocrx_word' id='word_1_296' title='bbox 988 4507 1064 4586; x_wconf 79' lang='grc' dir='ltr'>τῷ</span> <span class='ocrx_word' id='word_1_297' title='bbox 1093 4506 1362 4587; x_wconf 75' lang='grc' dir='ltr'>ἱστορικῷ.</span> <span class='ocrx_word' id='word_1_298' title='bbox 1470 4503 1704 4584; x_wconf 78' lang='grc' dir='ltr'>Φέρεται</span> <span class='ocrx_word' id='word_1_299' title='bbox 1731 4505 1785 4564; x_wconf 77' lang='grc' dir='ltr'>δὲ</span> <span class='ocrx_word' id='word_1_300' title='bbox 1816 4506 1974 4563; x_wconf 77' lang='grc' dir='ltr'>αὐτοῦ</span> 
     </span>
     <span class='ocr_line' id='line_1_44' title="bbox 412 4588 1974 4671; baseline 0.002 -24"><span class='ocrx_word' id='word_1_301' title='bbox 412 4589 619 4670; x_wconf 77' lang='grc' dir='ltr'>ἱστορία</span> <span class='ocrx_word' id='word_1_302' title='bbox 661 4588 862 4663; x_wconf 74' lang='grc' dir='ltr'>Λιὸύης</span> <span class='ocrx_word' id='word_1_303' title='bbox 905 4590 998 4649; x_wconf 75' lang='grc' dir='ltr'>καὶ</span> <span class='ocrx_word' id='word_1_304' title='bbox 1037 4592 1311 4652; x_wconf 74' lang='grc' dir='ltr'>ἐπιστολαὶ</span> <span class='ocrx_word' id='word_1_305' title='bbox 1352 4592 1641 4669; x_wconf 74' lang='grc' dir='ltr'>θαυμάσιαι</span> <span class='ocrx_word' id='word_1_306' title='bbox 1673 4591 1806 4671; x_wconf 77' lang='grc' dir='ltr'>[καὶ</span> <span class='ocrx_word' id='word_1_307' title='bbox 1831 4591 1974 4671; x_wconf 81' lang='grc' dir='ltr'>λόγοι</span> 
     </span>
     <span class='ocr_line' id='line_1_45' title="bbox 413 4675 1506 4759; baseline 0.003 -25"><span class='ocrx_word' id='word_1_308' title='bbox 413 4675 763 4757; x_wconf 87' lang='grc' dir='ltr'>πανηγυρικοί</span> <span class='ocrx_word' id='word_1_309' title='bbox 784 4679 945 4736; x_wconf 86' lang='lat' dir='ltr'>addit</span> <span class='ocrx_word' id='word_1_310' title='bbox 968 4681 1220 4739; x_wconf 85' lang='lat' dir='ltr'>Eudocia</span> <span class='ocrx_word' id='word_1_311' title='bbox 1245 4701 1309 4756; x_wconf 89' lang='lat' dir='ltr'>p.</span> <span class='ocrx_word' id='word_1_312' title='bbox 1343 4680 1506 4759; x_wconf 78' lang='lat'>232].</span> 
     </span>
    </p>

    <p class='ocr_par' dir='ltr' id='par_1_12' title="bbox 416 4765 1977 5283">
     <span class='ocr_line' id='line_1_46' title="bbox 496 4765 1975 4848; baseline 0.003 -26"><span class='ocrx_word' id='word_1_313' title='bbox 496 4765 698 4822; x_wconf 86' lang='lat' dir='ltr'>Strabo</span> <span class='ocrx_word' id='word_1_314' title='bbox 726 4765 888 4839; x_wconf 83' lang='lat' dir='ltr'>xlv,</span> <span class='ocrx_word' id='word_1_315' title='bbox 925 4785 984 4841; x_wconf 88' lang='lat' dir='ltr'>p.</span> <span class='ocrx_word' id='word_1_316' title='bbox 1019 4766 1132 4826; x_wconf 82' lang='grc'>645</span> <span class='ocrx_word' id='word_1_317' title='bbox 1179 4788 1193 4824; x_wconf 89' lang='lat'><strong>:</strong></span> <span class='ocrx_word' id='word_1_318' title='bbox 1233 4766 1442 4848; x_wconf 78' lang='grc' dir='ltr'>Ἄνδρες</span> <span class='ocrx_word' id='word_1_319' title='bbox 1478 4766 1531 4826; x_wconf 74' lang='grc' dir='ltr'>δὲ</span> <span class='ocrx_word' id='word_1_320' title='bbox 1559 4769 1680 4829; x_wconf 85' lang='grc' dir='ltr'>Χῖοι</span> <span class='ocrx_word' id='word_1_321' title='bbox 1707 4766 1975 4847; x_wconf 87' lang='grc' dir='ltr'>γεγόνασιν</span> 
     </span>
     <span class='ocr_line' id='line_1_47' title="bbox 416 4847 1976 4935; baseline 0.005 -29"><span class='ocrx_word' id='word_1_322' title='bbox 416 4847 703 4926; x_wconf 81' lang='grc' dir='ltr'>ἐλλόγιμοι,</span> <span class='ocrx_word' id='word_1_323' title='bbox 724 4847 851 4909; x_wconf 86' lang='grc' dir='ltr'>Ἴων</span> <span class='ocrx_word' id='word_1_324' title='bbox 873 4849 925 4908; x_wconf 81' lang='grc' dir='ltr'>δὲ</span> <span class='ocrx_word' id='word_1_325' title='bbox 946 4853 973 4909; x_wconf 90' lang='lat'><em>6</em></span> <span class='ocrx_word' id='word_1_326' title='bbox 995 4851 1234 4933; x_wconf 77' lang='grc' dir='ltr'>τραγικὸς</span> <span class='ocrx_word' id='word_1_327' title='bbox 1255 4854 1343 4914; x_wconf 75' lang='grc' dir='ltr'>καὶ</span> <span class='ocrx_word' id='word_1_328' title='bbox 1368 4852 1687 4933; x_wconf 82' lang='grc' dir='ltr'>Θεόπομπος</span> <span class='ocrx_word' id='word_1_329' title='bbox 1707 4859 1735 4914; x_wconf 89' lang='lat'><em>6</em></span> <span class='ocrx_word' id='word_1_330' title='bbox 1757 4879 1976 4935; x_wconf 83' lang='grc' dir='ltr'>συγγρα·</span> 
     </span>
     <span class='ocr_line' id='line_1_48' title="bbox 417 4933 1968 5022; baseline 0.006 -29"><span class='ocrx_word' id='word_1_331' title='bbox 417 4936 537 5017; x_wconf 72' lang='grc' dir='ltr'>φεὺς</span> <span class='ocrx_word' id='word_1_332' title='bbox 563 4936 649 4994; x_wconf 79' lang='grc' dir='ltr'>καὶ</span> <span class='ocrx_word' id='word_1_333' title='bbox 687 4935 966 5018; x_wconf 81' lang='grc' dir='ltr'>Θεόκριτος</span> <span class='ocrx_word' id='word_1_334' title='bbox 993 4943 1020 4998; x_wconf 98' lang='lat'><em>6</em></span> <span class='ocrx_word' id='word_1_335' title='bbox 1043 4942 1306 5022; x_wconf 65' lang='grc' dir='ltr'>σοφιστής·</span> <span class='ocrx_word' id='word_1_336' title='bbox 1336 4933 1474 5002; x_wconf 66' lang='grc' dir='ltr'>οὗτοι</span> <span class='ocrx_word' id='word_1_337' title='bbox 1507 4942 1560 5001; x_wconf 80' lang='grc' dir='ltr'>δὲ</span> <span class='ocrx_word' id='word_1_338' title='bbox 1589 4942 1680 5002; x_wconf 74' lang='grc' dir='ltr'>καὶ</span> <span class='ocrx_word' id='word_1_339' title='bbox 1705 4945 1968 5003; x_wconf 75' lang='grc' dir='ltr'>ἀντεπολι-</span> 
     </span>
     <span class='ocr_line' id='line_1_49' title="bbox 417 5020 1975 5108; baseline 0.006 -28"><span class='ocrx_word' id='word_1_340' title='bbox 417 5020 668 5083; x_wconf 77' lang='grc' dir='ltr'>τεύσαντο</span> <span class='ocrx_word' id='word_1_341' title='bbox 703 5025 965 5097; x_wconf 79' lang='grc' dir='ltr'>ἀλλήλοις.</span> <span class='ocrx_word' id='word_1_342' title='bbox 1000 5025 1225 5086; x_wconf 88' lang='lat' dir='ltr'>Scilicet</span> <span class='ocrx_word' id='word_1_343' title='bbox 1246 5032 1647 5108; x_wconf 83' lang='lat' dir='ltr'>Theopompus</span> <span class='ocrx_word' id='word_1_344' title='bbox 1675 5034 1975 5090; x_wconf 84' lang='lat' dir='ltr'>aristocra-</span> 
     </span>
     <span class='ocr_line' id='line_1_50' title="bbox 420 5114 1977 5183; baseline 0.007 -16"><span class='ocrx_word' id='word_1_345' title='bbox 420 5115 570 5183; x_wconf 82' lang='lat' dir='ltr'>ticae,</span> <span class='ocrx_word' id='word_1_346' title='bbox 594 5114 923 5172; x_wconf 82' lang='lat' dir='ltr'>Theocritus</span> <span class='ocrx_word' id='word_1_347' title='bbox 941 5136 1081 5174; x_wconf 79' lang='lat' dir='ltr'>vero</span> <span class='ocrx_word' id='word_1_348' title='bbox 1106 5117 1497 5176; x_wconf 82' lang='lat' dir='ltr'>democraticae</span> <span class='ocrx_word' id='word_1_349' title='bbox 1516 5132 1572 5176; x_wconf 88' lang='lat' dir='ltr'>et</span> <span class='ocrx_word' id='word_1_350' title='bbox 1596 5121 1977 5178; x_wconf 88' lang='lat' dir='ltr'>antimacedo·</span> 
     </span>
     <span class='ocr_line' id='line_1_51' title="bbox 419 5201 1977 5283; baseline 0.006 -29"><span class='ocrx_word' id='word_1_351' title='bbox 419 5201 557 5256; x_wconf 82' lang='lat' dir='ltr'>nicae</span> <span class='ocrx_word' id='word_1_352' title='bbox 585 5204 838 5260; x_wconf 79' lang='lat' dir='ltr'>factionis</span> <span class='ocrx_word' id='word_1_353' title='bbox 858 5217 1039 5281; x_wconf 90' lang='lat' dir='ltr'>caput.</span> <span class='ocrx_word' id='word_1_354' title='bbox 1071 5210 1254 5281; x_wconf 80' lang='lat' dir='ltr'>Atque</span> <span class='ocrx_word' id='word_1_355' title='bbox 1279 5208 1372 5263; x_wconf 88' lang='lat' dir='ltr'>hic</span> <span class='ocrx_word' id='word_1_356' title='bbox 1392 5208 1620 5283; x_wconf 81' lang='lat' dir='ltr'>quidem</span> <span class='ocrx_word' id='word_1_357' title='bbox 1651 5227 1718 5264; x_wconf 86' lang='lat' dir='ltr'>ex</span> <span class='ocrx_word' id='word_1_358' title='bbox 1747 5209 1977 5265; x_wconf 87' lang='lat' dir='ltr'>homine</span> 
     </span>
    </p>
   </div>
   <div class='ocr_carea' id='block_1_11' title="bbox 1346 390 2650 456">
    <p class='ocr_par' dir='ltr' id='par_1_13' title="bbox 1346 390 2650 456">
     <span class='ocr_line' id='line_1_52' title="bbox 1346 390 2650 456; baseline -0.004 0"><span class='ocrx_word' id='word_1_359' title='bbox 1346 394 1858 456; x_wconf 84' lang='lat' dir='ltr'>DEMOPHILUS.</span> <span class='ocrx_word' id='word_1_360' title='bbox 1903 391 2385 454; x_wconf 84' lang='lat' dir='ltr'>THEOCRITUS</span> <span class='ocrx_word' id='word_1_361' title='bbox 2424 390 2650 453; x_wconf 77' lang='lat' dir='ltr'>cums</span> 
     </span>
    </p>
   </div>
   <div class='ocr_carea' id='block_1_12' title="bbox 2047 524 3627 2703">
    <p class='ocr_par' dir='ltr' id='par_1_14' title="bbox 2047 524 3622 1283">
     <span class='ocr_line' id='line_1_53' title="bbox 2048 524 3616 601; baseline 0.001 -19"><span class='ocrx_word' id='word_1_362' title='bbox 2048 528 2411 601; x_wconf 85' lang='lat' dir='ltr'>pauperrimo</span> <span class='ocrx_word' id='word_1_363' title='bbox 2435 527 2546 581; x_wconf 90' lang='lat' dir='ltr'>suis</span> <span class='ocrx_word' id='word_1_364' title='bbox 2571 525 2785 581; x_wconf 86' lang='lat' dir='ltr'>artibus</span> <span class='ocrx_word' id='word_1_365' title='bbox 2802 538 3049 582; x_wconf 80' lang='lat' dir='ltr'>evaserat</span> <span class='ocrx_word' id='word_1_366' title='bbox 3076 524 3376 582; x_wconf 87' lang='lat' dir='ltr'>ditissimus</span> <span class='ocrx_word' id='word_1_367' title='bbox 3395 546 3616 601; x_wconf 75' lang='lat' dir='ltr'>pravae-</span> 
     </span>
     <span class='ocr_line' id='line_1_54' title="bbox 2049 611 3616 690; baseline 0.001 -20"><span class='ocrx_word' id='word_1_368' title='bbox 2049 632 2160 688; x_wconf 86' lang='lat' dir='ltr'>que</span> <span class='ocrx_word' id='word_1_369' title='bbox 2171 613 2466 690; x_wconf 83' lang='lat' dir='ltr'>indulgens</span> <span class='ocrx_word' id='word_1_370' title='bbox 2475 613 2733 671; x_wconf 77' lang='lat' dir='ltr'>luxuriae.</span> <span class='ocrx_word' id='word_1_371' title='bbox 2750 612 2899 668; x_wconf 86' lang='lat' dir='ltr'>Olim</span> <span class='ocrx_word' id='word_1_372' title='bbox 2914 631 2982 668; x_wconf 84' lang='lat' dir='ltr'>ex</span> <span class='ocrx_word' id='word_1_373' title='bbox 2997 614 3137 668; x_wconf 77' lang='lat' dir='ltr'>vasis</span> <span class='ocrx_word' id='word_1_374' title='bbox 3152 611 3415 670; x_wconf 73' lang='lat' dir='ltr'>fictilIbus</span> <span class='ocrx_word' id='word_1_375' title='bbox 3432 616 3616 689; x_wconf 85' lang='lat' dir='ltr'>iisque</span> 
     </span>
     <span class='ocr_line' id='line_1_55' title="bbox 2047 699 3614 776; baseline 0.002 -21"><span class='ocrx_word' id='word_1_376' title='bbox 2047 718 2193 775; x_wconf 83' lang='lat' dir='ltr'>saepe</span> <span class='ocrx_word' id='word_1_377' title='bbox 2234 700 2444 756; x_wconf 83' lang='lat' dir='ltr'>mutilis</span> <span class='ocrx_word' id='word_1_378' title='bbox 2479 700 2741 769; x_wconf 85' lang='lat' dir='ltr'>bibebat,</span> <span class='ocrx_word' id='word_1_379' title='bbox 2774 717 2926 754; x_wconf 87' lang='lat' dir='ltr'>nunc</span> <span class='ocrx_word' id='word_1_380' title='bbox 2967 699 3222 755; x_wconf 82' lang='lat' dir='ltr'>abundat</span> <span class='ocrx_word' id='word_1_381' title='bbox 3261 702 3614 776; x_wconf 87' lang='lat' dir='ltr'>supellectile</span> 
     </span>
     <span class='ocr_line' id='line_1_56' title="bbox 2050 786 3611 864; baseline 0.003 -20"><span class='ocrx_word' id='word_1_382' title='bbox 2050 806 2238 844; x_wconf 88' lang='lat' dir='ltr'>aurea.</span> <span class='ocrx_word' id='word_1_383' title='bbox 2269 789 2354 844; x_wconf 88' lang='lat' dir='ltr'>Ita</span> <span class='ocrx_word' id='word_1_384' title='bbox 2381 788 2781 861; x_wconf 84' lang='lat' dir='ltr'>Theopompus</span> <span class='ocrx_word' id='word_1_385' title='bbox 2801 786 2877 843; x_wconf 87' lang='lat' dir='ltr'>ad</span> <span class='ocrx_word' id='word_1_386' title='bbox 2901 786 3280 843; x_wconf 88' lang='lat' dir='ltr'>Alexandrum</span> <span class='ocrx_word' id='word_1_387' title='bbox 3300 790 3498 846; x_wconf 89' lang='lat' dir='ltr'>scribit</span> <span class='ocrx_word' id='word_1_388' title='bbox 3535 788 3611 864; x_wconf 81' lang='lat' dir='ltr'>(v.</span> 
     </span>
     <span class='ocr_line' id='line_1_57' title="bbox 2050 874 3618 951; baseline 0.001 -19"><span class='ocrx_word' id='word_1_389' title='bbox 2050 876 2266 950; x_wconf 82' lang='lat' dir='ltr'>Tbeop.</span> <span class='ocrx_word' id='word_1_390' title='bbox 2315 875 2384 932; x_wconf 86' lang='lat' dir='ltr'>fr.</span> <span class='ocrx_word' id='word_1_391' title='bbox 2430 874 2589 950; x_wconf 83' lang='lat'>276).</span> <span class='ocrx_word' id='word_1_392' title='bbox 2621 876 2884 932; x_wconf 85' lang='lat' dir='ltr'>Ceterum</span> <span class='ocrx_word' id='word_1_393' title='bbox 2924 876 3151 951; x_wconf 84' lang='lat' dir='ltr'>ingenio</span> <span class='ocrx_word' id='word_1_394' title='bbox 3177 876 3401 932; x_wconf 75' lang='lat' dir='ltr'>valebat</span> <span class='ocrx_word' id='word_1_395' title='bbox 3427 879 3455 934; x_wconf 88' lang='lat'><em>6</em></span> <span class='ocrx_word' id='word_1_396' title='bbox 3478 880 3618 942; x_wconf 87' lang='grc' dir='ltr'>θεῖος</span> 
     </span>
     <span class='ocr_line' id='line_1_58' title="bbox 2052 958 3622 1042; baseline -0.001 -22"><span class='ocrx_word' id='word_1_397' title='bbox 2052 958 2298 1042; x_wconf 73' lang='grc' dir='ltr'>σοφιστής</span> <span class='ocrx_word' id='word_1_398' title='bbox 2339 960 2548 1038; x_wconf 86' lang='lat' dir='ltr'>(Clem.</span> <span class='ocrx_word' id='word_1_399' title='bbox 2590 962 2748 1020; x_wconf 83' lang='lat' dir='ltr'>Alex.</span> <span class='ocrx_word' id='word_1_400' title='bbox 2781 963 3051 1018; x_wconf 68' lang='lat' dir='ltr'>ParaeneS.</span> <span class='ocrx_word' id='word_1_401' title='bbox 3083 980 3146 1036; x_wconf 89' lang='lat' dir='ltr'>p.</span> <span class='ocrx_word' id='word_1_402' title='bbox 3195 960 3301 1039; x_wconf 78' lang='grc'>45)</span> <span class='ocrx_word' id='word_1_403' title='bbox 3346 975 3403 1019; x_wconf 87' lang='lat' dir='ltr'>ct</span> <span class='ocrx_word' id='word_1_404' title='bbox 3439 965 3622 1041; x_wconf 81' lang='lat' dir='ltr'>mag-is</span> 
     </span>
     <span class='ocr_line' id='line_1_59' title="bbox 2053 1049 3621 1125; baseline 0 -18"><span class='ocrx_word' id='word_1_405' title='bbox 2053 1052 2218 1107; x_wconf 86' lang='lat' dir='ltr'>etiam</span> <span class='ocrx_word' id='word_1_406' title='bbox 2241 1052 2433 1125; x_wconf 84' lang='lat' dir='ltr'>lingua</span> <span class='ocrx_word' id='word_1_407' title='bbox 2454 1050 2771 1119; x_wconf 86' lang='lat' dir='ltr'>salsissima,</span> <span class='ocrx_word' id='word_1_408' title='bbox 2795 1069 2907 1123; x_wconf 83' lang='lat' dir='ltr'>qua</span> <span class='ocrx_word' id='word_1_409' title='bbox 2930 1049 3238 1107; x_wconf 88' lang='lat' dir='ltr'>dilacerare</span> <span class='ocrx_word' id='word_1_410' title='bbox 3266 1050 3621 1107; x_wconf 81' lang='lat' dir='ltr'>adversarios</span> 
     </span>
     <span class='ocr_line' id='line_1_60' title="bbox 2052 1136 3621 1212; baseline -0.001 -18"><span class='ocrx_word' id='word_1_411' title='bbox 2052 1158 2180 1194; x_wconf 88' lang='lat' dir='ltr'>suos</span> <span class='ocrx_word' id='word_1_412' title='bbox 2218 1147 2601 1195; x_wconf 78' lang='lat' dir='ltr'>consueverat.</span> <span class='ocrx_word' id='word_1_413' title='bbox 2631 1137 2878 1192; x_wconf 87' lang='lat' dir='ltr'>Dicteria</span> <span class='ocrx_word' id='word_1_414' title='bbox 2918 1136 3174 1210; x_wconf 76' lang='lat' dir='ltr'>quaedam</span> <span class='ocrx_word' id='word_1_415' title='bbox 3212 1156 3500 1212; x_wconf 88' lang='lat' dir='ltr'>apponere</span> <span class='ocrx_word' id='word_1_416' title='bbox 3545 1140 3621 1193; x_wconf 91' lang='lat' dir='ltr'>li-</span> 
     </span>
     <span class='ocr_line' id='line_1_61' title="bbox 2054 1238 2196 1283; baseline 0.007 -1"><span class='ocrx_word' id='word_1_417' title='bbox 2054 1238 2196 1283; x_wconf 88' lang='lat' dir='ltr'>ceat.</span> 
     </span>
    </p>

    <p class='ocr_par' dir='ltr' id='par_1_15' title="bbox 2056 1307 3621 2000">
     <span class='ocr_line' id='line_1_62' title="bbox 2133 1307 3621 1389; baseline -0.001 -21"><span class='ocrx_word' id='word_1_418' title='bbox 2133 1312 2417 1369; x_wconf 83' lang='lat' dir='ltr'>Plutarch.</span> <span class='ocrx_word' id='word_1_419' title='bbox 2434 1313 2520 1367; x_wconf 89' lang='lat' dir='ltr'>De</span> <span class='ocrx_word' id='word_1_420' title='bbox 2535 1310 2698 1368; x_wconf 89' lang='lat' dir='ltr'>educ.</span> <span class='ocrx_word' id='word_1_421' title='bbox 2713 1329 2772 1384; x_wconf 89' lang='lat' dir='ltr'>p.</span> <span class='ocrx_word' id='word_1_422' title='bbox 2801 1329 2825 1365; x_wconf 84' lang='lat'>1</span> <span class='ocrx_word' id='word_1_423' title='bbox 2842 1330 2892 1381; x_wconf 88' lang='lat'>1,</span> <span class='ocrx_word' id='word_1_424' title='bbox 2914 1312 2963 1366; x_wconf 87' lang='lat' dir='ltr'>A</span> <span class='ocrx_word' id='word_1_425' title='bbox 2985 1329 2999 1364; x_wconf 73' lang='grc' dir='ltr'>ε</span> <span class='ocrx_word' id='word_1_426' title='bbox 3028 1307 3359 1389; x_wconf 77' lang='grc' dir='ltr'>Ἀλεξάνδρου</span> <span class='ocrx_word' id='word_1_427' title='bbox 3375 1307 3475 1389; x_wconf 73' lang='grc' dir='ltr'>γὰρ</span> <span class='ocrx_word' id='word_1_428' title='bbox 3488 1331 3621 1387; x_wconf 81' lang='grc' dir='ltr'>πορ-</span> 
     </span>
     <span class='ocr_line' id='line_1_63' title="bbox 2057 1392 3620 1479; baseline 0.001 -24"><span class='ocrx_word' id='word_1_429' title='bbox 2057 1405 2218 1479; x_wconf 71' lang='grc' dir='ltr'>φυρᾶς</span> <span class='ocrx_word' id='word_1_430' title='bbox 2247 1399 2464 1467; x_wconf 77' lang='grc' dir='ltr'>ἐσθῆτας</span> <span class='ocrx_word' id='word_1_431' title='bbox 2495 1392 2835 1461; x_wconf 81' lang='grc' dir='ltr'>κελεύσαντος</span> <span class='ocrx_word' id='word_1_432' title='bbox 2877 1395 3281 1464; x_wconf 82' lang='grc' dir='ltr'>κατασκευάζειν</span> <span class='ocrx_word' id='word_1_433' title='bbox 3324 1394 3439 1463; x_wconf 69' lang='grc' dir='ltr'>τοὺς</span> <span class='ocrx_word' id='word_1_434' title='bbox 3476 1392 3620 1456; x_wconf 82' lang='grc' dir='ltr'>Ἕλ-</span> 
     </span>
     <span class='ocr_line' id='line_1_64' title="bbox 2057 1480 3620 1560; baseline -0.001 -17"><span class='ocrx_word' id='word_1_435' title='bbox 2057 1486 2240 1556; x_wconf 89' lang='grc' dir='ltr'>ληνας,</span> <span class='ocrx_word' id='word_1_436' title='bbox 2263 1482 2350 1541; x_wconf 72' lang='grc' dir='ltr'>ἵνα</span> <span class='ocrx_word' id='word_1_437' title='bbox 2367 1481 2661 1542; x_wconf 76' lang='grc' dir='ltr'>ἐπανελθὼν</span> <span class='ocrx_word' id='word_1_438' title='bbox 2673 1480 2741 1541; x_wconf 77' lang='grc' dir='ltr'>τὰ</span> <span class='ocrx_word' id='word_1_439' title='bbox 2765 1481 2989 1542; x_wconf 74' lang='grc' dir='ltr'>ἐπινίκια</span> <span class='ocrx_word' id='word_1_440' title='bbox 3008 1488 3097 1542; x_wconf 76' lang='grc' dir='ltr'>τοῦ</span> <span class='ocrx_word' id='word_1_441' title='bbox 3116 1483 3349 1560; x_wconf 79' lang='grc' dir='ltr'>πολέμου</span> <span class='ocrx_word' id='word_1_442' title='bbox 3372 1489 3463 1544; x_wconf 74' lang='grc' dir='ltr'>τοῦ</span> <span class='ocrx_word' id='word_1_443' title='bbox 3477 1482 3620 1543; x_wconf 72' lang='grc' dir='ltr'>κατὰ</span> 
     </span>
     <span class='ocr_line' id='line_1_65' title="bbox 2056 1567 3620 1653; baseline -0.003 -23"><span class='ocrx_word' id='word_1_444' title='bbox 2056 1575 2159 1630; x_wconf 89' lang='grc' dir='ltr'>τῶν</span> <span class='ocrx_word' id='word_1_445' title='bbox 2200 1570 2494 1653; x_wconf 80' lang='grc' dir='ltr'>Βαρὸάρων</span> <span class='ocrx_word' id='word_1_446' title='bbox 2524 1567 2721 1643; x_wconf 76' lang='grc' dir='ltr'>θύσειε,</span> <span class='ocrx_word' id='word_1_447' title='bbox 2748 1568 2840 1628; x_wconf 80' lang='grc' dir='ltr'>καὶ</span> <span class='ocrx_word' id='word_1_448' title='bbox 2877 1573 2978 1628; x_wconf 87' lang='grc' dir='ltr'>τῶν</span> <span class='ocrx_word' id='word_1_449' title='bbox 3025 1572 3180 1629; x_wconf 78' lang='grc' dir='ltr'>ἐθνῶν</span> <span class='ocrx_word' id='word_1_450' title='bbox 3210 1569 3347 1628; x_wconf 74' lang='grc' dir='ltr'>κατὰ</span> <span class='ocrx_word' id='word_1_451' title='bbox 3382 1569 3620 1651; x_wconf 71' lang='grc' dir='ltr'>κεφαλὴν</span> 
     </span>
     <span class='ocr_line' id='line_1_66' title="bbox 2057 1654 3621 1739; baseline -0.002 -22"><span class='ocrx_word' id='word_1_452' title='bbox 2057 1660 2392 1739; x_wconf 73' lang='grc' dir='ltr'>εἰσφερόντων</span> <span class='ocrx_word' id='word_1_453' title='bbox 2417 1655 2637 1737; x_wconf 79' lang='grc' dir='ltr'>ἄργυρον</span> <span class='ocrx_word' id='word_1_454' title='bbox 2653 1701 2669 1733; x_wconf 92' lang='grc'>,</span> <span class='ocrx_word' id='word_1_455' title='bbox 2703 1655 2965 1737; x_wconf 78' lang='grc' dir='ltr'>Πρότερον</span> <span class='ocrx_word' id='word_1_456' title='bbox 2989 1654 3102 1734; x_wconf 80' lang='grc' dir='ltr'>μὲν,</span> <span class='ocrx_word' id='word_1_457' title='bbox 3129 1655 3319 1737; x_wconf 80' lang='grc' dir='ltr'>ἔφησεν</span> <span class='ocrx_word' id='word_1_458' title='bbox 3341 1656 3357 1737; x_wconf 93' lang='grc'><strong>(</strong></span> <span class='ocrx_word' id='word_1_459' title='bbox 3372 1678 3450 1717; x_wconf 82' lang='lat' dir='ltr'>sc.</span> <span class='ocrx_word' id='word_1_460' title='bbox 3479 1657 3621 1719; x_wconf 87' lang='grc' dir='ltr'>Θεό-</span> 
     </span>
     <span class='ocr_line' id='line_1_67' title="bbox 2058 1741 3617 1825; baseline -0.003 -22"><span class='ocrx_word' id='word_1_461' title='bbox 2058 1767 2228 1824; x_wconf 84' lang='grc' dir='ltr'>κριτος</span> <span class='ocrx_word' id='word_1_462' title='bbox 2253 1747 2282 1801; x_wconf 87' lang='lat'><em>6</em></span> <span class='ocrx_word' id='word_1_463' title='bbox 2310 1745 2467 1825; x_wconf 82' lang='grc' dir='ltr'>σοφ.)</span> <span class='ocrx_word' id='word_1_464' title='bbox 2503 1741 2890 1823; x_wconf 75' lang='grc' dir='ltr'>ἠμφισὸήτουν,</span> <span class='ocrx_word' id='word_1_465' title='bbox 2926 1746 3013 1801; x_wconf 85' lang='grc' dir='ltr'>ν’ὗν</span> <span class='ocrx_word' id='word_1_466' title='bbox 3048 1743 3121 1801; x_wconf 74' lang='grc' dir='ltr'>δὲ.</span> <span class='ocrx_word' id='word_1_467' title='bbox 3142 1743 3380 1820; x_wconf 81' lang='grc' dir='ltr'>ᾔσθημαι</span> <span class='ocrx_word' id='word_1_468' title='bbox 3409 1745 3617 1823; x_wconf 62' lang='grc' dir='ltr'>σαφῶς,</span> 
     </span>
     <span class='ocr_line' id='line_1_68' title="bbox 2058 1819 3620 1912; baseline -0.004 -21"><span class='ocrx_word' id='word_1_469' title='bbox 2058 1831 2136 1891; x_wconf 77' lang='grc' dir='ltr'>ὅτι</span> <span class='ocrx_word' id='word_1_470' title='bbox 2170 1834 2198 1889; x_wconf 87' lang='lat'><em>6</em></span> <span class='ocrx_word' id='word_1_471' title='bbox 2231 1829 2519 1912; x_wconf 74' lang='grc' dir='ltr'>πορφύρεος</span> <span class='ocrx_word' id='word_1_472' title='bbox 2541 1828 2780 1910; x_wconf 80' lang='grc' dir='ltr'>Ὁμήρου</span> <span class='ocrx_word' id='word_1_473' title='bbox 2808 1828 3028 1896; x_wconf 89' lang='grc' dir='ltr'>θάνατος</span> <span class='ocrx_word' id='word_1_474' title='bbox 3055 1820 3198 1896; x_wconf 67' lang='grc' dir='ltr'>οὗτός</span> <span class='ocrx_word' id='word_1_475' title='bbox 3224 1832 3376 1888; x_wconf 80' lang='grc' dir='ltr'>ἐστιν.</span> <span class='ocrx_word' id='word_1_476' title='bbox 3410 1828 3502 1898; x_wconf 79' lang='grc' dir='ltr'>Ἐξ</span> <span class='ocrx_word' id='word_1_477' title='bbox 3543 1819 3620 1887; x_wconf 70' lang='grc' dir='ltr'>ὧν</span> 
     </span>
     <span class='ocr_line' id='line_1_69' title="bbox 2058 1916 3010 2000; baseline -0.002 -22"><span class='ocrx_word' id='word_1_478' title='bbox 2058 1918 2239 2000; x_wconf 73' lang='grc' dir='ltr'>ἐχθρὸν</span> <span class='ocrx_word' id='word_1_479' title='bbox 2268 1918 2526 1991; x_wconf 74' lang='grc' dir='ltr'>ἐκτήσατο</span> <span class='ocrx_word' id='word_1_480' title='bbox 2549 1917 2635 1977; x_wconf 83' lang='grc' dir='ltr'>τὸν</span> <span class='ocrx_word' id='word_1_481' title='bbox 2661 1916 3010 1998; x_wconf 78' lang='grc' dir='ltr'>Ἀλέξανδρον.</span> 
     </span>
    </p>

    <p class='ocr_par' dir='ltr' id='par_1_16' title="bbox 2061 2003 3627 2605">
     <span class='ocr_line' id='line_1_70' title="bbox 2138 2003 3625 2089; baseline 0.001 -23"><span class='ocrx_word' id='word_1_482' title='bbox 2138 2010 2347 2066; x_wconf 84' lang='lat' dir='ltr'>Eadem</span> <span class='ocrx_word' id='word_1_483' title='bbox 2372 2010 2675 2066; x_wconf 84' lang='lat' dir='ltr'>Athenaeus</span> <span class='ocrx_word' id='word_1_484' title='bbox 2692 2009 2833 2081; x_wconf 82' lang='lat' dir='ltr'>XII,</span> <span class='ocrx_word' id='word_1_485' title='bbox 2853 2027 2912 2082; x_wconf 89' lang='lat' dir='ltr'>p.</span> <span class='ocrx_word' id='word_1_486' title='bbox 2938 2006 3074 2077; x_wconf 77' lang='lat'>540,</span> <span class='ocrx_word' id='word_1_487' title='bbox 3098 2010 3170 2082; x_wconf 88' lang='lat' dir='ltr'>A,</span> <span class='ocrx_word' id='word_1_488' title='bbox 3194 2009 3271 2063; x_wconf 85' lang='lat' dir='ltr'>sic</span> <span class='ocrx_word' id='word_1_489' title='bbox 3300 2027 3315 2063; x_wconf 72' lang='grc' dir='ltr'>ι</span> <span class='ocrx_word' id='word_1_490' title='bbox 3344 2003 3625 2089; x_wconf 77' lang='grc' dir='ltr'>Ἔγραψεν</span> 
     </span>
     <span class='ocr_line' id='line_1_71' title="bbox 2061 2091 3625 2175; baseline -0.001 -21"><span class='ocrx_word' id='word_1_491' title='bbox 2061 2094 2384 2175; x_wconf 79' lang='grc' dir='ltr'>Ἀλέξανδρος</span> <span class='ocrx_word' id='word_1_492' title='bbox 2415 2094 2528 2160; x_wconf 82' lang='grc' dir='ltr'>ταῖς</span> <span class='ocrx_word' id='word_1_493' title='bbox 2552 2096 2605 2152; x_wconf 80' lang='grc' dir='ltr'>ἐν</span> <span class='ocrx_word' id='word_1_494' title='bbox 2629 2091 2807 2173; x_wconf 72' lang='grc' dir='ltr'>Ἰωνία</span> <span class='ocrx_word' id='word_1_495' title='bbox 2831 2093 3044 2167; x_wconf 89' lang='grc' dir='ltr'>πόλεσι,</span> <span class='ocrx_word' id='word_1_496' title='bbox 3073 2094 3164 2152; x_wconf 71' lang='grc' dir='ltr'>καὶ</span> <span class='ocrx_word' id='word_1_497' title='bbox 3192 2092 3418 2173; x_wconf 79' lang='grc' dir='ltr'>πρώτοις</span> <span class='ocrx_word' id='word_1_498' title='bbox 3445 2096 3625 2169; x_wconf 81' lang='grc' dir='ltr'>Χίοις,</span> 
     </span>
     <span class='ocr_line' id='line_1_72' title="bbox 2061 2179 3627 2264; baseline 0.003 -24"><span class='ocrx_word' id='word_1_499' title='bbox 2061 2181 2199 2251; x_wconf 73' lang='grc' dir='ltr'>ὅπως</span> <span class='ocrx_word' id='word_1_500' title='bbox 2234 2183 2377 2262; x_wconf 78' lang='grc' dir='ltr'>αὐτῷ</span> <span class='ocrx_word' id='word_1_501' title='bbox 2403 2179 2672 2263; x_wconf 79' lang='grc' dir='ltr'>πορφύραν</span> <span class='ocrx_word' id='word_1_502' title='bbox 2712 2181 3108 2245; x_wconf 76' lang='grc' dir='ltr'>ἀποστείλωσιν.</span> <span class='ocrx_word' id='word_1_503' title='bbox 3135 2180 3337 2242; x_wconf 81' lang='grc' dir='ltr'>Ἤθελε</span> <span class='ocrx_word' id='word_1_504' title='bbox 3365 2182 3467 2264; x_wconf 78' lang='grc' dir='ltr'>γὰρ</span> <span class='ocrx_word' id='word_1_505' title='bbox 3505 2183 3627 2253; x_wconf 78' lang='grc' dir='ltr'>τοὺς</span> 
     </span>
     <span class='ocr_line' id='line_1_73' title="bbox 2061 2267 3624 2351; baseline -0.001 -22"><span class='ocrx_word' id='word_1_506' title='bbox 2061 2269 2293 2351; x_wconf 69' lang='grc' dir='ltr'>ἑταίρους</span> <span class='ocrx_word' id='word_1_507' title='bbox 2322 2268 2555 2336; x_wconf 76' lang='grc' dir='ltr'>ἅπαντας</span> <span class='ocrx_word' id='word_1_508' title='bbox 2584 2267 2839 2349; x_wconf 69' lang='grc' dir='ltr'>ἁλουργὰς</span> <span class='ocrx_word' id='word_1_509' title='bbox 2862 2271 3070 2329; x_wconf 77' lang='grc' dir='ltr'>ἐνδῦσαι</span> <span class='ocrx_word' id='word_1_510' title='bbox 3098 2270 3303 2336; x_wconf 85' lang='grc' dir='ltr'>στολάς.</span> <span class='ocrx_word' id='word_1_511' title='bbox 3357 2270 3624 2350; x_wconf 78' lang='grc' dir='ltr'>Ἀναγνω-</span> 
     </span>
     <span class='ocr_line' id='line_1_74' title="bbox 2062 2356 3619 2439; baseline 0.002 -22"><span class='ocrx_word' id='word_1_512' title='bbox 2062 2357 2269 2431; x_wconf 88' lang='grc' dir='ltr'>σθείσης</span> <span class='ocrx_word' id='word_1_513' title='bbox 2304 2356 2359 2416; x_wconf 75' lang='grc' dir='ltr'>δὲ</span> <span class='ocrx_word' id='word_1_514' title='bbox 2395 2361 2488 2430; x_wconf 80' lang='grc' dir='ltr'>τῆς</span> <span class='ocrx_word' id='word_1_515' title='bbox 2521 2359 2796 2429; x_wconf 74' lang='grc' dir='ltr'>ἐπιστολῆς</span> <span class='ocrx_word' id='word_1_516' title='bbox 2823 2357 2997 2431; x_wconf 85' lang='grc' dir='ltr'>Χίοις,</span> <span class='ocrx_word' id='word_1_517' title='bbox 3044 2356 3226 2438; x_wconf 85' lang='grc' dir='ltr'>παρὼν</span> <span class='ocrx_word' id='word_1_518' title='bbox 3267 2358 3549 2439; x_wconf 81' lang='grc' dir='ltr'>Θεόκριτος</span> <span class='ocrx_word' id='word_1_519' title='bbox 3588 2365 3619 2420; x_wconf 92' lang='lat'><em>6</em></span> 
     </span>
     <span class='ocr_line' id='line_1_75' title="bbox 2063 2442 3625 2529; baseline 0.003 -26"><span class='ocrx_word' id='word_1_520' title='bbox 2063 2446 2215 2525; x_wconf 77' lang='grc' dir='ltr'>σοφὸς</span> <span class='ocrx_word' id='word_1_521' title='bbox 2238 2446 2328 2522; x_wconf 70' lang='lat'>(²⁸),</span> <span class='ocrx_word' id='word_1_522' title='bbox 2367 2449 2453 2502; x_wconf 79' lang='grc' dir='ltr'>νῦν</span> <span class='ocrx_word' id='word_1_523' title='bbox 2478 2442 2756 2523; x_wconf 80' lang='grc' dir='ltr'>ἐγνωκέναι</span> <span class='ocrx_word' id='word_1_524' title='bbox 2795 2443 2892 2526; x_wconf 77' lang='grc' dir='ltr'>ἔφη</span> <span class='ocrx_word' id='word_1_525' title='bbox 2914 2444 2973 2504; x_wconf 73' lang='grc' dir='ltr'>τὸ</span> <span class='ocrx_word' id='word_1_526' title='bbox 3001 2451 3127 2527; x_wconf 88' lang='grc' dir='ltr'>παρ’</span> <span class='ocrx_word' id='word_1_527' title='bbox 3150 2445 3378 2529; x_wconf 68' lang='grc' dir='ltr'>Ὁμήρῳ</span> <span class='ocrx_word' id='word_1_528' title='bbox 3404 2447 3625 2526; x_wconf 78' lang='grc' dir='ltr'>εἰρημέ-</span> 
     </span>
     <span class='ocr_line' id='line_1_76' title="bbox 2063 2530 2354 2605; baseline 0.003 -15"><span class='ocrx_word' id='word_1_529' title='bbox 2063 2555 2168 2605; x_wconf 92' lang='grc' dir='ltr'>νον,</span> <span class='ocrx_word' id='word_1_530' title='bbox 2198 2530 2354 2592; x_wconf 82' lang='grc' dir='ltr'>Τόνδ’</span> 
     </span>
    </p>

    <p class='ocr_par' dir='ltr' id='par_1_17' title="bbox 2144 2619 3459 2703">
     <span class='ocr_line' id='line_1_77' title="bbox 2144 2619 3459 2703; baseline 0.003 -24"><span class='ocrx_word' id='word_1_531' title='bbox 2144 2620 2335 2679; x_wconf 74' lang='grc' dir='ltr'>ἔλλαὸε</span> <span class='ocrx_word' id='word_1_532' title='bbox 2358 2621 2644 2702; x_wconf 66' lang='grc' dir='ltr'>πορφύρεος</span> <span class='ocrx_word' id='word_1_533' title='bbox 2666 2619 2883 2689; x_wconf 86' lang='grc' dir='ltr'>θάνατος</span> <span class='ocrx_word' id='word_1_534' title='bbox 2910 2622 3000 2681; x_wconf 75' lang='grc' dir='ltr'>καὶ</span> <span class='ocrx_word' id='word_1_535' title='bbox 3026 2623 3182 2703; x_wconf 82' lang='grc' dir='ltr'>μοῖρα</span> <span class='ocrx_word' id='word_1_536' title='bbox 3207 2622 3459 2703; x_wconf 75' lang='grc' dir='ltr'>κραταιή.</span> 
     </span>
    </p>
   </div>
   <div class='ocr_carea' id='block_1_13' title="bbox 2065 2726 3625 2985">
    <p class='ocr_par' dir='ltr' id='par_1_18' title="bbox 2065 2726 3625 2985">
     <span class='ocr_line' id='line_1_78' title="bbox 2142 2726 3625 2808; baseline 0.002 -24"><span class='ocrx_word' id='word_1_537' title='bbox 2142 2728 2423 2787; x_wconf 86' lang='lat' dir='ltr'>Plutarch.</span> <span class='ocrx_word' id='word_1_538' title='bbox 2450 2731 2535 2786; x_wconf 89' lang='lat' dir='ltr'>De</span> <span class='ocrx_word' id='word_1_539' title='bbox 2555 2731 2685 2786; x_wconf 79' lang='lat' dir='ltr'>exil.</span> <span class='ocrx_word' id='word_1_540' title='bbox 2707 2748 2771 2804; x_wconf 91' lang='lat' dir='ltr'>p.</span> <span class='ocrx_word' id='word_1_541' title='bbox 2803 2728 2938 2801; x_wconf 85' lang='lat'>603,</span> <span class='ocrx_word' id='word_1_542' title='bbox 2963 2731 3005 2787; x_wconf 93' lang='lat' dir='ltr'>C</span> <span class='ocrx_word' id='word_1_543' title='bbox 3028 2750 3044 2784; x_wconf 75' lang='grc' dir='ltr'>ε</span> <span class='ocrx_word' id='word_1_544' title='bbox 3072 2726 3426 2808; x_wconf 81' lang='grc' dir='ltr'>Ἀριστοτέλην</span> <span class='ocrx_word' id='word_1_545' title='bbox 3448 2728 3625 2787; x_wconf 86' lang='grc' dir='ltr'>λελοι-</span> 
     </span>
     <span class='ocr_line' id='line_1_79' title="bbox 2065 2813 3623 2897; baseline 0 -21"><span class='ocrx_word' id='word_1_546' title='bbox 2065 2814 2251 2894; x_wconf 84' lang='grc' dir='ltr'>δόρηκε</span> <span class='ocrx_word' id='word_1_547' title='bbox 2278 2814 2560 2896; x_wconf 82' lang='grc' dir='ltr'>Θεόκριτος</span> <span class='ocrx_word' id='word_1_548' title='bbox 2598 2819 2626 2874; x_wconf 90' lang='lat'><em>6</em></span> <span class='ocrx_word' id='word_1_549' title='bbox 2667 2817 2827 2892; x_wconf 85' lang='grc' dir='ltr'>Χῖος,</span> <span class='ocrx_word' id='word_1_550' title='bbox 2856 2813 2934 2874; x_wconf 74' lang='grc' dir='ltr'>ὅτι</span> <span class='ocrx_word' id='word_1_551' title='bbox 2961 2815 3056 2888; x_wconf 73' lang='grc' dir='ltr'>τὴν</span> <span class='ocrx_word' id='word_1_552' title='bbox 3085 2814 3231 2896; x_wconf 77' lang='grc' dir='ltr'>παρὰ</span> <span class='ocrx_word' id='word_1_553' title='bbox 3254 2816 3511 2897; x_wconf 84' lang='grc' dir='ltr'>Φιλίππῳ</span> <span class='ocrx_word' id='word_1_554' title='bbox 3535 2816 3623 2876; x_wconf 72' lang='grc' dir='ltr'>καὶ</span> 
     </span>
     <span class='ocr_line' id='line_1_80' title="bbox 2066 2902 2940 2985; baseline -0.003 -21"><span class='ocrx_word' id='word_1_555' title='bbox 2066 2902 2381 2985; x_wconf 83' lang='grc' dir='ltr'>Ἀλεξάνδρῳ</span> <span class='ocrx_word' id='word_1_556' title='bbox 2409 2902 2612 2963; x_wconf 86' lang='grc' dir='ltr'>δίαιταν</span> <span class='ocrx_word' id='word_1_557' title='bbox 2637 2902 2940 2983; x_wconf 75' lang='grc' dir='ltr'>ἀγαπήσας·</span> 
     </span>
    </p>
   </div>
   <div class='ocr_carea' id='block_1_14' title="bbox 2142 3013 3502 3359">
    <p class='ocr_par' dir='ltr' id='par_1_19' title="bbox 2147 3013 3425 3185">
     <span class='ocr_line' id='line_1_81' title="bbox 2147 3013 3425 3096; baseline -0.001 -20"><span class='ocrx_word' id='word_1_558' title='bbox 2147 3014 2420 3096; x_wconf 82' lang='grc' dir='ltr'>[Ἑρμείου</span> <span class='ocrx_word' id='word_1_559' title='bbox 2441 3015 2685 3096; x_wconf 77' lang='grc' dir='ltr'>εὐνούχου</span> <span class='ocrx_word' id='word_1_560' title='bbox 2711 3016 2776 3074; x_wconf 79' lang='grc' dir='ltr'>ἰδ’</span> <span class='ocrx_word' id='word_1_561' title='bbox 2803 3013 3070 3076; x_wconf 73' lang='grc' dir='ltr'>Εὗὸούλου</span> <span class='ocrx_word' id='word_1_562' title='bbox 3100 3014 3214 3093; x_wconf 80' lang='grc' dir='ltr'>ἅμα</span> <span class='ocrx_word' id='word_1_563' title='bbox 3243 3014 3425 3075; x_wconf 78' lang='grc' dir='ltr'>δούλου</span> 
     </span>
     <span class='ocr_line' id='line_1_82' title="bbox 2225 3101 3421 3185; baseline 0.001 -25"><span class='ocrx_word' id='word_1_564' title='bbox 2225 3107 2372 3181; x_wconf 73' lang='grc' dir='ltr'>σῆμα</span> <span class='ocrx_word' id='word_1_565' title='bbox 2392 3103 2539 3163; x_wconf 77' lang='grc' dir='ltr'>κενὸν</span> <span class='ocrx_word' id='word_1_566' title='bbox 2557 3102 2818 3185; x_wconf 75' lang='grc' dir='ltr'>κενόφρων</span> <span class='ocrx_word' id='word_1_567' title='bbox 2841 3101 3015 3171; x_wconf 72' lang='grc' dir='ltr'>τεῦξεν</span> <span class='ocrx_word' id='word_1_568' title='bbox 3037 3101 3421 3182; x_wconf 76' lang='grc' dir='ltr'>Ἀριστοτέλης,</span> 
     </span>
    </p>

    <p class='ocr_par' dir='ltr' id='par_1_20' title="bbox 2142 3189 3502 3359">
     <span class='ocr_line' id='line_1_83' title="bbox 2142 3189 3502 3272; baseline -0.002 -23"><span class='ocrx_word' id='word_1_569' title='bbox 2142 3189 2198 3259; x_wconf 75' lang='grc' dir='ltr'>ὃς</span> <span class='ocrx_word' id='word_1_570' title='bbox 2226 3191 2313 3249; x_wconf 82' lang='grc' dir='ltr'>διὰ</span> <span class='ocrx_word' id='word_1_571' title='bbox 2335 3189 2429 3262; x_wconf 78' lang='grc' dir='ltr'>τὴν</span> <span class='ocrx_word' id='word_1_572' title='bbox 2459 3192 2663 3270; x_wconf 76' lang='grc' dir='ltr'>ἀκρατῆ</span> <span class='ocrx_word' id='word_1_573' title='bbox 2690 3189 2914 3271; x_wconf 77' lang='grc' dir='ltr'>γαστρὸς</span> <span class='ocrx_word' id='word_1_574' title='bbox 2937 3190 3109 3272; x_wconf 78' lang='grc' dir='ltr'>φύσιν]</span> <span class='ocrx_word' id='word_1_575' title='bbox 3134 3189 3302 3249; x_wconf 74' lang='grc' dir='ltr'>εἵλετο</span> <span class='ocrx_word' id='word_1_576' title='bbox 3328 3189 3502 3263; x_wconf 85' lang='grc' dir='ltr'>ναίειν,</span> 
     </span>
     <span class='ocr_line' id='line_1_84' title="bbox 2222 3277 3377 3359; baseline 0.001 -22"><span class='ocrx_word' id='word_1_577' title='bbox 2222 3280 2335 3337; x_wconf 80' lang='grc' dir='ltr'>ἀντ’</span> <span class='ocrx_word' id='word_1_578' title='bbox 2365 3277 2712 3354; x_wconf 77' lang='grc' dir='ltr'>Ἀκαδημείας</span> <span class='ocrx_word' id='word_1_579' title='bbox 2738 3277 2990 3359; x_wconf 77' lang='grc' dir='ltr'>βορὸόρου</span> <span class='ocrx_word' id='word_1_580' title='bbox 3024 3280 3076 3337; x_wconf 78' lang='grc' dir='ltr'>ἐν</span> <span class='ocrx_word' id='word_1_581' title='bbox 3101 3286 3377 3359; x_wconf 80' lang='grc' dir='ltr'>προχοαῖς.</span> 
     </span>
    </p>
   </div>
   <div class='ocr_carea' id='block_1_15' title="bbox 2062 3389 3630 4260">
    <p class='ocr_par' dir='ltr' id='par_1_21' title="bbox 2062 3389 3626 3560">
     <span class='ocr_line' id='line_1_85' title="bbox 2062 3389 3626 3472; baseline -0.003 -19"><span class='ocrx_word' id='word_1_582' title='bbox 2062 3391 2223 3453; x_wconf 83' lang='grc' dir='ltr'>Ἔστι</span> <span class='ocrx_word' id='word_1_583' title='bbox 2249 3391 2351 3472; x_wconf 77' lang='grc' dir='ltr'>γὰρ</span> <span class='ocrx_word' id='word_1_584' title='bbox 2388 3390 2621 3469; x_wconf 81' lang='grc' dir='ltr'>ποταμὸς</span> <span class='ocrx_word' id='word_1_585' title='bbox 2659 3389 2778 3471; x_wconf 82' lang='grc' dir='ltr'>περὶ</span> <span class='ocrx_word' id='word_1_586' title='bbox 2807 3390 3038 3464; x_wconf 61' lang='grc' dir='ltr'>Πέλλην,</span> <span class='ocrx_word' id='word_1_587' title='bbox 3077 3389 3133 3449; x_wconf 84' lang='grc' dir='ltr'>ὃν</span> <span class='ocrx_word' id='word_1_588' title='bbox 3162 3389 3462 3456; x_wconf 79' lang='grc' dir='ltr'>Μακεδόνες</span> <span class='ocrx_word' id='word_1_589' title='bbox 3491 3389 3626 3469; x_wconf 85' lang='grc' dir='ltr'>Βόρ-</span> 
     </span>
     <span class='ocr_line' id='line_1_86' title="bbox 2067 3477 2477 3560; baseline 0.002 -24"><span class='ocrx_word' id='word_1_590' title='bbox 2067 3477 2217 3560; x_wconf 76' lang='grc' dir='ltr'>ὅορον</span> <span class='ocrx_word' id='word_1_591' title='bbox 2243 3480 2477 3538; x_wconf 77' lang='grc' dir='ltr'>καλοῦσι.</span> 
     </span>
    </p>

    <p class='ocr_par' dir='ltr' id='par_1_22' title="bbox 2062 3568 3625 3907">
     <span class='ocr_line' id='line_1_87' title="bbox 2142 3568 3625 3645; baseline -0.001 -19"><span class='ocrx_word' id='word_1_592' title='bbox 2142 3570 2316 3626; x_wconf 87' lang='lat' dir='ltr'>Uncis</span> <span class='ocrx_word' id='word_1_593' title='bbox 2341 3569 2550 3626; x_wconf 87' lang='lat' dir='ltr'>inclusa</span> <span class='ocrx_word' id='word_1_594' title='bbox 2576 3568 2833 3645; x_wconf 80' lang='lat' dir='ltr'>supplevi</span> <span class='ocrx_word' id='word_1_595' title='bbox 2861 3588 2931 3626; x_wconf 82' lang='lat' dir='ltr'>ex</span> <span class='ocrx_word' id='word_1_596' title='bbox 2953 3570 3154 3629; x_wconf 87' lang='lat' dir='ltr'>Euseb.</span> <span class='ocrx_word' id='word_1_597' title='bbox 3175 3572 3271 3627; x_wconf 81' lang='lat' dir='ltr'>Pr.</span> <span class='ocrx_word' id='word_1_598' title='bbox 3293 3571 3394 3627; x_wconf 77' lang='lat' dir='ltr'>Ev.</span> <span class='ocrx_word' id='word_1_599' title='bbox 3416 3569 3542 3641; x_wconf 83' lang='lat' dir='ltr'>XV,</span> <span class='ocrx_word' id='word_1_600' title='bbox 3572 3588 3625 3640; x_wconf 83' lang='lat'>1,</span> 
     </span>
     <span class='ocr_line' id='line_1_88' title="bbox 2062 3657 3621 3733; baseline -0.001 -20"><span class='ocrx_word' id='word_1_601' title='bbox 2062 3678 2122 3733; x_wconf 93' lang='lat' dir='ltr'>p.</span> <span class='ocrx_word' id='word_1_602' title='bbox 2155 3657 2287 3729; x_wconf 81' lang='lat'>793.</span> <span class='ocrx_word' id='word_1_603' title='bbox 2311 3659 2443 3713; x_wconf 91' lang='lat' dir='ltr'>Duo</span> <span class='ocrx_word' id='word_1_604' title='bbox 2466 3677 2656 3715; x_wconf 81' lang='lat' dir='ltr'>versus</span> <span class='ocrx_word' id='word_1_605' title='bbox 2672 3659 2893 3733; x_wconf 87' lang='lat' dir='ltr'>priores</span> <span class='ocrx_word' id='word_1_606' title='bbox 2915 3659 3083 3714; x_wconf 88' lang='lat' dir='ltr'>etiam</span> <span class='ocrx_word' id='word_1_607' title='bbox 3103 3658 3344 3733; x_wconf 83' lang='lat' dir='ltr'>Diogen.</span> <span class='ocrx_word' id='word_1_608' title='bbox 3365 3660 3435 3714; x_wconf 90' lang='lat' dir='ltr'>L.</span> <span class='ocrx_word' id='word_1_609' title='bbox 3457 3659 3523 3727; x_wconf 87' lang='lat' dir='ltr'>V,</span> <span class='ocrx_word' id='word_1_610' title='bbox 3556 3676 3578 3711; x_wconf 87' lang='lat'>1</span> <span class='ocrx_word' id='word_1_611' title='bbox 3596 3676 3621 3712; x_wconf 86' lang='lat'>1</span> 
     </span>
     <span class='ocr_line' id='line_1_89' title="bbox 2064 3740 3625 3822; baseline -0.002 -21"><span class='ocrx_word' id='word_1_612' title='bbox 2064 3745 2230 3801; x_wconf 85' lang='lat' dir='ltr'>affert</span> <span class='ocrx_word' id='word_1_613' title='bbox 2249 3763 2318 3801; x_wconf 83' lang='lat' dir='ltr'>cx</span> <span class='ocrx_word' id='word_1_614' title='bbox 2341 3746 2654 3817; x_wconf 72' lang='lat' dir='ltr'>Ambryone</span> <span class='ocrx_word' id='word_1_615' title='bbox 2669 3745 2722 3801; x_wconf 75' lang='grc' dir='ltr'>ἐν</span> <span class='ocrx_word' id='word_1_616' title='bbox 2734 3745 2810 3822; x_wconf 81' lang='grc' dir='ltr'>τῷ</span> <span class='ocrx_word' id='word_1_617' title='bbox 2832 3740 2952 3822; x_wconf 79' lang='grc' dir='ltr'>περὶ</span> <span class='ocrx_word' id='word_1_618' title='bbox 2969 3740 3280 3822; x_wconf 81' lang='grc' dir='ltr'>Θεοκρίτου.</span> <span class='ocrx_word' id='word_1_619' title='bbox 3303 3745 3385 3802; x_wconf 75' lang='lat' dir='ltr'>Cf.</span> <span class='ocrx_word' id='word_1_620' title='bbox 3407 3745 3625 3800; x_wconf 83' lang='lat' dir='ltr'>Jacobs.</span> 
     </span>
     <span class='ocr_line' id='line_1_90' title="bbox 2066 3830 2748 3907; baseline -0.003 -19"><span class='ocrx_word' id='word_1_621' title='bbox 2066 3831 2298 3888; x_wconf 85' lang='lat' dir='ltr'>Anthol.</span> <span class='ocrx_word' id='word_1_622' title='bbox 2320 3832 2494 3902; x_wconf 85' lang='lat' dir='ltr'>XIII,</span> <span class='ocrx_word' id='word_1_623' title='bbox 2522 3851 2583 3907; x_wconf 90' lang='lat' dir='ltr'>p.</span> <span class='ocrx_word' id='word_1_624' title='bbox 2609 3830 2748 3907; x_wconf 79' lang='lat'>958.</span> 
     </span>
    </p>

    <p class='ocr_par' dir='ltr' id='par_1_23' title="bbox 2064 3916 3629 4170">
     <span class='ocr_line' id='line_1_91' title="bbox 2145 3916 3623 3993; baseline 0.001 -20"><span class='ocrx_word' id='word_1_625' title='bbox 2145 3916 2399 3974; x_wconf 84' lang='lat' dir='ltr'>Stobaeus</span> <span class='ocrx_word' id='word_1_626' title='bbox 2425 3919 2684 3977; x_wconf 86' lang='lat' dir='ltr'>Sermon.</span> <span class='ocrx_word' id='word_1_627' title='bbox 2711 3919 2991 3988; x_wconf 81' lang='lat' dir='ltr'>XXXVI,</span> <span class='ocrx_word' id='word_1_628' title='bbox 3022 3937 3084 3993; x_wconf 92' lang='lat' dir='ltr'>p.</span> <span class='ocrx_word' id='word_1_629' title='bbox 3119 3936 3254 3990; x_wconf 80' lang='lat'>217,</span> <span class='ocrx_word' id='word_1_630' title='bbox 3273 3924 3364 3985; x_wconf 57' lang='lat' dir='ltr'>Aa.</span> <span class='ocrx_word' id='word_1_631' title='bbox 3392 3919 3559 3976; x_wconf 85' lang='lat' dir='ltr'>Gesn.</span> <span class='ocrx_word' id='word_1_632' title='bbox 3608 3937 3623 3974; x_wconf 77' lang='lat' dir='ltr'>t</span> 
     </span>
     <span class='ocr_line' id='line_1_92' title="bbox 2064 3994 3629 4086; baseline 0 -24"><span class='ocrx_word' id='word_1_633' title='bbox 2064 4001 2342 4085; x_wconf 88' lang='grc' dir='ltr'>Θεόκριτος</span> <span class='ocrx_word' id='word_1_634' title='bbox 2361 4002 2715 4083; x_wconf 75' lang='grc' dir='ltr'>Ἀναξιμένους</span> <span class='ocrx_word' id='word_1_635' title='bbox 2736 4001 2905 4086; x_wconf 72' lang='grc' dir='ltr'>λέγειν</span> <span class='ocrx_word' id='word_1_636' title='bbox 2930 4003 3231 4081; x_wconf 81' lang='grc' dir='ltr'>μέλλοντος,</span> <span class='ocrx_word' id='word_1_637' title='bbox 3258 4001 3534 4085; x_wconf 75' lang='grc' dir='ltr'>Ἀρχεται,</span> <span class='ocrx_word' id='word_1_638' title='bbox 3555 3994 3629 4062; x_wconf 76' lang='grc' dir='ltr'>εἷ-</span> 
     </span>
     <span class='ocr_line' id='line_1_93' title="bbox 2066 4089 3340 4170; baseline 0.002 -20"><span class='ocrx_word' id='word_1_639' title='bbox 2066 4116 2131 4150; x_wconf 91' lang='grc' dir='ltr'>πε</span> <span class='ocrx_word' id='word_1_640' title='bbox 2146 4136 2164 4170; x_wconf 92' lang='grc'>,</span> <span class='ocrx_word' id='word_1_641' title='bbox 2192 4090 2380 4159; x_wconf 80' lang='grc' dir='ltr'>λέξεων</span> <span class='ocrx_word' id='word_1_642' title='bbox 2406 4090 2501 4168; x_wconf 77' lang='grc' dir='ltr'>μὲν</span> <span class='ocrx_word' id='word_1_643' title='bbox 2530 4091 2795 4170; x_wconf 76' lang='grc' dir='ltr'>ποταμὸς,</span> <span class='ocrx_word' id='word_1_644' title='bbox 2823 4096 2911 4151; x_wconf 76' lang='grc' dir='ltr'>νοῦ</span> <span class='ocrx_word' id='word_1_645' title='bbox 2937 4089 2992 4150; x_wconf 73' lang='grc' dir='ltr'>δὲ</span> <span class='ocrx_word' id='word_1_646' title='bbox 3019 4092 3340 4170; x_wconf 84' lang='grc' dir='ltr'>σταλαγμός.</span> 
     </span>
    </p>

    <p class='ocr_par' dir='ltr' id='par_1_24' title="bbox 2144 4177 3630 4260">
     <span class='ocr_line' id='line_1_94' title="bbox 2144 4177 3630 4260; baseline 0 -23"><span class='ocrx_word' id='word_1_647' title='bbox 2144 4184 2441 4238; x_wconf 64' lang='lat' dir='ltr'>Athenaeus</span> <span class='ocrx_word' id='word_1_648' title='bbox 2457 4184 2514 4251; x_wconf 90' lang='lat' dir='ltr'>I,</span> <span class='ocrx_word' id='word_1_649' title='bbox 2540 4202 2600 4256; x_wconf 86' lang='lat' dir='ltr'>p.</span> <span class='ocrx_word' id='word_1_650' title='bbox 2629 4201 2726 4250; x_wconf 68' lang='grc' dir='ltr'>οι,</span> <span class='ocrx_word' id='word_1_651' title='bbox 2755 4181 2797 4239; x_wconf 95' lang='lat' dir='ltr'>C</span> <span class='ocrx_word' id='word_1_652' title='bbox 2825 4201 2839 4236; x_wconf 90' lang='lat'>:</span> <span class='ocrx_word' id='word_1_653' title='bbox 2861 4177 3169 4260; x_wconf 83' lang='grc' dir='ltr'>Ἕρμιππος</span> <span class='ocrx_word' id='word_1_654' title='bbox 3189 4178 3244 4237; x_wconf 75' lang='grc' dir='ltr'>δέ</span> <span class='ocrx_word' id='word_1_655' title='bbox 3266 4181 3630 4260; x_wconf 75' lang='grc' dir='ltr'>φησιΘεόκρι-</span> 
     </span>
    </p>
   </div>
   <div class='ocr_carea' id='block_1_16' title="bbox 2005 4266 3629 4349">
    <p class='ocr_par' dir='ltr' id='par_1_25' title="bbox 2005 4266 3629 4349">
     <span class='ocr_line' id='line_1_95' title="bbox 2005 4266 3629 4349; baseline -0.001 -23"><span class='ocrx_word' id='word_1_656' title='bbox 2005 4295 2013 4302; x_wconf 85' lang='grc'><em>·</em></span> <span class='ocrx_word' id='word_1_657' title='bbox 2066 4292 2153 4328; x_wconf 91' lang='grc' dir='ltr'>τον</span> <span class='ocrx_word' id='word_1_658' title='bbox 2170 4268 2256 4326; x_wconf 82' lang='grc' dir='ltr'>τὸν</span> <span class='ocrx_word' id='word_1_659' title='bbox 2274 4271 2401 4328; x_wconf 84' lang='grc' dir='ltr'>Χῖον</span> <span class='ocrx_word' id='word_1_660' title='bbox 2424 4271 2492 4335; x_wconf 84' lang='grc' dir='ltr'>ὡς</span> <span class='ocrx_word' id='word_1_661' title='bbox 2514 4267 2823 4327; x_wconf 82' lang='grc' dir='ltr'>ἀπαίδευτον</span> <span class='ocrx_word' id='word_1_662' title='bbox 2841 4266 3137 4349; x_wconf 78' lang='grc' dir='ltr'>μέμφεσθαι</span> <span class='ocrx_word' id='word_1_663' title='bbox 3157 4266 3250 4338; x_wconf 71' lang='grc' dir='ltr'>τὴν</span> <span class='ocrx_word' id='word_1_664' title='bbox 3273 4267 3629 4345; x_wconf 79' lang='grc' dir='ltr'>Ἀναξιμένους</span> 
     </span>
    </p>
   </div>
   <div class='ocr_carea' id='block_1_17' title="bbox 2065 4353 3630 4872">
    <p class='ocr_par' dir='ltr' id='par_1_26' title="bbox 2065 4353 2368 4427">
     <span class='ocr_line' id='line_1_96' title="bbox 2065 4353 2368 4427; baseline 0 -13"><span class='ocrx_word' id='word_1_665' title='bbox 2065 4378 2132 4414; x_wconf 89' lang='grc' dir='ltr'>πε</span> <span class='ocrx_word' id='word_1_666' title='bbox 2168 4353 2368 4427; x_wconf 75' lang='grc' dir='ltr'>ιὸολήν.</span> 
     </span>
    </p>

    <p class='ocr_par' dir='ltr' id='par_1_27' title="bbox 2066 4378 3630 4872">
     <span class='ocr_line' id='line_1_97' title="bbox 2137 4378 3630 4523; baseline 0 -23"><span class='ocrx_word' id='word_1_667' title='bbox 2137 4378 2398 4500; x_wconf 65' lang='grc' dir='ltr'>ρὸῑοὴεειιε</span> <span class='ocrx_word' id='word_1_668' title='bbox 2420 4440 2602 4503; x_wconf 89' lang='lat' dir='ltr'>Serm.</span> <span class='ocrx_word' id='word_1_669' title='bbox 2634 4445 2908 4514; x_wconf 85' lang='lat' dir='ltr'>CXXIII,</span> <span class='ocrx_word' id='word_1_670' title='bbox 2937 4462 2997 4518; x_wconf 88' lang='lat' dir='ltr'>p.</span> <span class='ocrx_word' id='word_1_671' title='bbox 3029 4443 3175 4516; x_wconf 80' lang='lat'>617,</span> <span class='ocrx_word' id='word_1_672' title='bbox 3210 4451 3285 4520; x_wconf 73' lang='grc'>49</span> <span class='ocrx_word' id='word_1_673' title='bbox 3313 4463 3327 4502; x_wconf 88' lang='lat'><strong>:</strong></span> <span class='ocrx_word' id='word_1_674' title='bbox 3352 4442 3630 4523; x_wconf 85' lang='grc' dir='ltr'>Θεόκριτος</span> 
     </span>
     <span class='ocr_line' id='line_1_98' title="bbox 2068 4527 3625 4611; baseline 0 -25"><span class='ocrx_word' id='word_1_675' title='bbox 2068 4529 2120 4586; x_wconf 80' lang='grc' dir='ltr'>ἐν</span> <span class='ocrx_word' id='word_1_676' title='bbox 2168 4527 2484 4609; x_wconf 88' lang='grc' dir='ltr'>περιδείπνῳ</span> <span class='ocrx_word' id='word_1_677' title='bbox 2527 4534 2619 4589; x_wconf 77' lang='grc' dir='ltr'>τοῦ</span> <span class='ocrx_word' id='word_1_678' title='bbox 2659 4534 2964 4598; x_wconf 77' lang='grc' dir='ltr'>πενθοῦντος</span> <span class='ocrx_word' id='word_1_679' title='bbox 3003 4529 3310 4611; x_wconf 85' lang='grc' dir='ltr'>λαιμάργως</span> <span class='ocrx_word' id='word_1_680' title='bbox 3348 4529 3625 4601; x_wconf 72' lang='grc' dir='ltr'>ἐσθίοντος,</span> 
     </span>
     <span class='ocr_line' id='line_1_99' title="bbox 2066 4609 3622 4699; baseline 0.001 -22"><span class='ocrx_word' id='word_1_681' title='bbox 2066 4615 2269 4698; x_wconf 87' lang='grc' dir='ltr'>Θάρρει</span> <span class='ocrx_word' id='word_1_682' title='bbox 2299 4616 2561 4696; x_wconf 78' lang='grc' dir='ltr'>βέλτιστε,</span> <span class='ocrx_word' id='word_1_683' title='bbox 2602 4609 2762 4677; x_wconf 72' lang='grc' dir='ltr'>εἶπεν·</span> <span class='ocrx_word' id='word_1_684' title='bbox 2809 4619 2867 4677; x_wconf 82' lang='grc' dir='ltr'>οὗ</span> <span class='ocrx_word' id='word_1_685' title='bbox 2894 4616 2978 4677; x_wconf 78' lang='grc' dir='ltr'>σοὶ</span> <span class='ocrx_word' id='word_1_686' title='bbox 3019 4616 3162 4699; x_wconf 84' lang='grc' dir='ltr'>μόνῳ</span> <span class='ocrx_word' id='word_1_687' title='bbox 3201 4623 3368 4677; x_wconf 76' lang='grc' dir='ltr'>ταῦτα</span> <span class='ocrx_word' id='word_1_688' title='bbox 3396 4617 3622 4697; x_wconf 73' lang='grc' dir='ltr'>γέγονεν.</span> 
     </span>
     <span class='ocr_line' id='line_1_100' title="bbox 2075 4706 3624 4779; baseline -0.001 -15"><span class='ocrx_word' id='word_1_689' title='bbox 2075 4730 2100 4757; x_wconf 74' lang='grc' dir='ltr'>«ι</span> <span class='ocrx_word' id='word_1_690' title='bbox 2122 4706 2308 4764; x_wconf 85' lang='lat' dir='ltr'>Verba</span> <span class='ocrx_word' id='word_1_691' title='bbox 2328 4719 2446 4763; x_wconf 90' lang='lat' dir='ltr'>tum</span> <span class='ocrx_word' id='word_1_692' title='bbox 2464 4708 2538 4765; x_wconf 91' lang='lat' dir='ltr'>ad</span> <span class='ocrx_word' id='word_1_693' title='bbox 2558 4710 2876 4764; x_wconf 80' lang='lat' dir='ltr'>convivium</span> <span class='ocrx_word' id='word_1_694' title='bbox 2899 4727 3220 4779; x_wconf 84' lang='lat' dir='ltr'>commune,</span> <span class='ocrx_word' id='word_1_695' title='bbox 3244 4719 3362 4764; x_wconf 88' lang='lat' dir='ltr'>tum</span> <span class='ocrx_word' id='word_1_696' title='bbox 3382 4710 3455 4766; x_wconf 88' lang='lat' dir='ltr'>ad</span> <span class='ocrx_word' id='word_1_697' title='bbox 3471 4727 3624 4765; x_wconf 85' lang='lat' dir='ltr'>com·</span> 
     </span>
     <span class='ocr_line' id='line_1_101' title="bbox 2068 4796 3627 4872; baseline 0.003 -22"><span class='ocrx_word' id='word_1_698' title='bbox 2068 4813 2294 4851; x_wconf 86' lang='lat' dir='ltr'>munem</span> <span class='ocrx_word' id='word_1_699' title='bbox 2317 4797 2514 4851; x_wconf 87' lang='lat' dir='ltr'>mortis</span> <span class='ocrx_word' id='word_1_700' title='bbox 2528 4796 2914 4854; x_wconf 84' lang='lat' dir='ltr'>conditionem</span> <span class='ocrx_word' id='word_1_701' title='bbox 2936 4796 3133 4854; x_wconf 87' lang='lat' dir='ltr'>referri</span> <span class='ocrx_word' id='word_1_702' title='bbox 3155 4808 3404 4872; x_wconf 86' lang='lat' dir='ltr'>possunt.</span> <span class='ocrx_word' id='word_1_703' title='bbox 3432 4822 3456 4848; x_wconf 70' lang='grc' dir='ltr'>ι</span> <span class='ocrx_word' id='word_1_704' title='bbox 3485 4798 3627 4855; x_wconf 72' lang='grc' dir='ltr'>δεε-</span> 
     </span>
    </p>
   </div>
   <div class='ocr_carea' id='block_1_18' title="bbox 2067 4945 3631 5151">
    <p class='ocr_par' dir='ltr' id='par_1_28' title="bbox 2067 4945 3631 5151">
     <span class='ocr_line' id='line_1_102' title="bbox 2130 4945 3627 5012; baseline 0.002 -16"><span class='ocrx_word' id='word_1_705' title='bbox 2130 4946 2193 5008; x_wconf 86' lang='lat'>(*)</span> <span class='ocrx_word' id='word_1_706' title='bbox 2228 4945 2367 5009; x_wconf 84' lang='lat' dir='ltr'>Apud</span> <span class='ocrx_word' id='word_1_707' title='bbox 2390 4946 2575 4997; x_wconf 75' lang='lat' dir='ltr'>Ari-ian.</span> <span class='ocrx_word' id='word_1_708' title='bbox 2603 4951 2726 5012; x_wconf 77' lang='lat' dir='ltr'>Exp.</span> <span class='ocrx_word' id='word_1_709' title='bbox 2752 4950 2824 5000; x_wconf 83' lang='lat' dir='ltr'>Al.</span> <span class='ocrx_word' id='word_1_710' title='bbox 2854 4950 2949 5012; x_wconf 76' lang='lat' dir='ltr'>w,</span> <span class='ocrx_word' id='word_1_711' title='bbox 2978 4953 3064 5011; x_wconf 85' lang='lat'>13,</span> <span class='ocrx_word' id='word_1_712' title='bbox 3093 4951 3123 4998; x_wconf 72' lang='lat'><strong>4</strong></span> <span class='ocrx_word' id='word_1_713' title='bbox 3151 4948 3276 4999; x_wconf 79' lang='lat' dir='ltr'>inter</span> <span class='ocrx_word' id='word_1_714' title='bbox 3293 4962 3475 5012; x_wconf 74' lang='lat' dir='ltr'>pueros</span> <span class='ocrx_word' id='word_1_715' title='bbox 3502 4951 3627 4999; x_wconf 79' lang='lat' dir='ltr'>Her·</span> 
     </span>
     <span class='ocr_line' id='line_1_103' title="bbox 2067 5015 3624 5078; baseline 0.002 -13"><span class='ocrx_word' id='word_1_716' title='bbox 2067 5016 2226 5066; x_wconf 85' lang='lat' dir='ltr'>molao</span> <span class='ocrx_word' id='word_1_717' title='bbox 2248 5015 2592 5078; x_wconf 73' lang='lat' dir='ltr'>conjurationis</span> <span class='ocrx_word' id='word_1_718' title='bbox 2615 5020 2769 5070; x_wconf 80' lang='lat' dir='ltr'>socios</span> <span class='ocrx_word' id='word_1_719' title='bbox 2791 5023 3093 5071; x_wconf 81' lang='lat' dir='ltr'>memoratur</span> <span class='ocrx_word' id='word_1_720' title='bbox 3118 5019 3328 5070; x_wconf 75' lang='lat' dir='ltr'>Anticles</span> <span class='ocrx_word' id='word_1_721' title='bbox 3368 5019 3624 5070; x_wconf 75' lang='lat' dir='ltr'>Theocrm</span> 
     </span>
     <span class='ocr_line' id='line_1_104' title="bbox 2076 5085 3631 5151; baseline 0.003 -17"><span class='ocrx_word' id='word_1_722' title='bbox 2076 5085 2218 5135; x_wconf 77' lang='lat' dir='ltr'>filine.</span> <span class='ocrx_word' id='word_1_723' title='bbox 2240 5087 2425 5144; x_wconf 78' lang='lat' dir='ltr'>Quodsi</span> <span class='ocrx_word' id='word_1_724' title='bbox 2442 5088 2484 5137; x_wconf 79' lang='lat' dir='ltr'>is</span> <span class='ocrx_word' id='word_1_725' title='bbox 2508 5091 2670 5140; x_wconf 75' lang='lat' dir='ltr'>noster</span> <span class='ocrx_word' id='word_1_726' title='bbox 2692 5092 2766 5139; x_wconf 79' lang='lat' dir='ltr'>est</span> <span class='ocrx_word' id='word_1_727' title='bbox 2792 5090 3081 5140; x_wconf 73' lang='lat' dir='ltr'>Theocritus</span> <span class='ocrx_word' id='word_1_728' title='bbox 3099 5090 3279 5151; x_wconf 77' lang='lat' dir='ltr'>Chius,</span> <span class='ocrx_word' id='word_1_729' title='bbox 3315 5090 3391 5140; x_wconf 80' lang='lat' dir='ltr'>vel</span> <span class='ocrx_word' id='word_1_730' title='bbox 3426 5089 3539 5139; x_wconf 80' lang='lat' dir='ltr'>hinc</span> <span class='ocrx_word' id='word_1_731' title='bbox 3559 5089 3631 5138; x_wconf 79' lang='lat' dir='ltr'>sa·</span> 
     </span>
    </p>
   </div>
   <div class='ocr_carea' id='block_1_19' title="bbox 2069 5155 3629 5275">
    <p class='ocr_par' dir='ltr' id='par_1_29' title="bbox 2069 5155 3629 5275">
     <span class='ocr_line' id='line_1_105' title="bbox 2069 5155 3629 5275; baseline 0.004 -72"><span class='ocrx_word' id='word_1_732' title='bbox 2069 5155 2159 5274; x_wconf 52' lang='lat' dir='ltr'>pile</span> <span class='ocrx_word' id='word_1_733' title='bbox 2179 5155 2485 5275; x_wconf 17' lang='lat' dir='ltr'>&amp;intelligitur</span> <span class='ocrx_word' id='word_1_734' title='bbox 2508 5171 2597 5209; x_wconf 81' lang='lat' dir='ltr'>cur</span> <span class='ocrx_word' id='word_1_735' title='bbox 2636 5160 2955 5212; x_wconf 72' lang='lat' dir='ltr'>infensissimo</span> <span class='ocrx_word' id='word_1_736' title='bbox 3000 5160 3048 5210; x_wconf 86' lang='lat' dir='ltr'>in</span> <span class='ocrx_word' id='word_1_737' title='bbox 3090 5159 3417 5210; x_wconf 79' lang='lat' dir='ltr'>Alexandrum</span> <span class='ocrx_word' id='word_1_738' title='bbox 3466 5160 3629 5209; x_wconf 82' lang='lat' dir='ltr'>animo</span> 
     </span>
     <span class='ocr_line' id='line_1_106' title="bbox 2092 5238 2191 5275; baseline 0 -1"><span class='ocrx_word' id='word_1_739' title='bbox 2092 5238 2191 5275; x_wconf 79' lang='lat' dir='ltr'>ueri</span> 
     </span>
    </p>
   </div>
   <div class='ocr_carea' id='block_1_20' title="bbox 3952 0 4016 2225">
    <p class='ocr_par' dir='ltr' id='par_1_30' title="bbox 3952 0 4016 2225">
     <span class='ocr_line' id='line_1_107' title="bbox 3952 0 4016 2225; baseline 0 0"><span class='ocrx_word' id='word_1_740' title='bbox 3952 0 4016 2225; x_wconf 95' lang='lat' dir='ltr'> </span> 
     </span>
    </p>
   </div>
  </div>
 </body>
</html>
