4016 5916
1587 415 2086 480 FRAGMENTA.

3306 438 3413 488 491

218 551 338 627 κὸς,
362 550 495 630 μετὰ
529 550 613 609 τὸν
645 549 839 609 ἐκείνου
863 548 1103 625 θάνατον,
1136 552 1204 616 ὡς
1235 552 1281 608 οἱ
1315 549 1449 631 ἀμφὶ
1478 549 1563 608 τὸν
1588 549 1792 627 Ἰδομε·
1823 570 1832 591 ·
1897 558 2032 609 ναῖοι
2073 553 2229 610 αὐτοῦ
2258 551 2347 610 καὶ
2374 550 2548 630 γένους
2577 554 2844 635 ἀειφυγίαν
2886 557 3235 634 κατέγνωσαν,
3272 565 3457 641 προδι-

219 639 320 696 νέα
347 637 523 720 φασίν.

629 749 831 830 [ΠΕΡι
873 749 1389 827 sumamma]

984 888 1039 948 4.

1898 637 2070 706 δόντος
2094 637 2185 710 τὴν
2215 638 2483 713 Ἑλλάδα,
2516 640 2605 699 καὶ
2636 645 2791 700 αὐτοῦ
2819 647 2853 713 ἡ
2883 644 3030 701 οὐσία
3059 646 3339 721 ἐδημεύθη.
3369 679 3392 700 .

1981 726 2224 785 Ciinton.
2248 730 2314 783 F.
2344 727 2411 785 Η.
2442 732 2555 800 111,
2585 749 2645 804 p.
2678 729 2791 796 488
2817 751 2830 786 ε
2866 755 2888 781 α
2926 733 3055 786 This
3069 753 3324 810 passage,
3363 759 3453 794 re-

1877 813 2068 884 ferred
2086 816 2162 887 by
2182 834 2258 869 an
2282 835 2435 871 etv-or
2452 814 2527 886 os
2529 816 2622 872 the
2638 816 2903 875 scitalem-e
2916 832 2970 875 io
2997 820 3341 892 Thucydides
3356 845 3455 880 scm

1880 898 1954 973 of
1980 902 2254 957 Melesias
2271 944 2290 970 ,
2326 923 2566 978 appears
2596 916 2646 958 to
2681 905 2926 960 describe
2957 906 3363 968 Themistocles.
3423 938 3445 962 υ

319 1000 612 1055 Athenaeus
627 998 765 1066 XII,
795 1016 853 1071 p.
888 993 1020 1068 532,
1043 997 1086 1051 F
1109 1015 1124 1050 ε
1149 990 1433 1069 Ἰδομενεὺς
1461 994 1517 1052 δέ
1548 1018 1673 1075 φησι
1701 992 1789 1052 καὶ
1885 990 2052 1045 Plura
2074 990 2130 1044 in
2148 992 2362 1046 scholio
2388 993 2492 1046 isto
2517 993 2846 1067 perturbata
2868 1006 3025 1067 sunt;
3051 1015 3225 1070 quare
3250 1017 3445 1055 verum

227 1082 352 1149 τοὺς
381 1080 811 1160 Πεισιστρατίδας
838 1079 1050 1140 Ἱππίαν
1071 1079 1159 1138 καὶ
1180 1076 1477 1161 Ἵππαρχον
1502 1081 1664 1160 εὑρεῖν
1693 1085 1791 1139 θα-

228 1171 356 1236 λίας
376 1169 465 1227 καὶ
485 1168 707 1244 κώμους·
732 1167 809 1225 διὸ
833 1167 921 1225 καὶ
939 1167 1116 1226 ἵππων
1141 1166 1231 1226 καὶ
1254 1166 1441 1247 ἑτέρων
1460 1169 1667 1226 πολλῶν
1686 1170 1793 1227 ἐπι·

230 1257 469 1316 πολοίσαι
494 1254 552 1315 τὸ
565 1259 757 1327 πλῆθος
774 1257 900 1335 παρ’
932 1255 1129 1321 αὐτοῖς·
1155 1254 1268 1313 ὅθεν
1291 1259 1501 1335 βαρεῖαν
1529 1259 1696 1314 αὐτῶν
1711 1278 1792 1334 γε·

228 1343 415 1402 νίσθαι
440 1342 536 1414 τὴν
564 1341 752 1421 ἀρχήν.
780 1346 1049 1418 Sequitur
1065 1345 1419 1419 Theopompi
1447 1344 1519 1402 sr.
1557 1351 1686 1417 ¹47·
1719 1376 1798 1388 —

233 1434 459 1510 Πορνῶν
476 1454 525 1490 κ.
548 1433 761 1510 ἑταιρῶν
786 1432 1159 1503 Casaubonus,
1204 1430 1506 1509 παρασίτων
1538 1431 1627 1489 καὶ
1659 1434 1796 1489 ἱται·

240 1524 347 1598 ρῶν
370 1518 732 1596 Sintenis(ad
762 1520 844 1575 Pl.
874 1520 1074 1577 Pericl.
1109 1537 1169 1594 p.
1201 1518 1340 1596 318)
1392 1521 1561 1579 scrib.
1587 1540 1797 1594 propo·

239 1618 495 1664 suerunt.

996 1691 1029 1749 5

325 1801 626 1855 Athenaeus
651 1800 794 1854 xm
816 1839 834 1865 ,
864 1817 926 1871 p.
961 1797 1103 1868 576,
1127 1798 1170 1854 C
1200 1818 1214 1852 ε
1246 1798 1606 1873 Θεμιστοκλῆς
1629 1821 1712 1868 τε,
1736 1796 1803 1864 ὥς

242 1906 402 1965 φησιν
424 1879 730 1960 Ἰδομενεὺς,
751 1884 849 1962 οὐχ
869 1882 1009 1963 ἅρμα
1025 1881 1325 1959 ζευξάμενος
1340 1885 1557 1962 ἑταιρῶν
1577 1884 1804 1955 πληθού-

245 1994 344 2044 σης
366 1974 557 2050 ἀγορᾶς
584 1971 856 2040 εἰσήλασεν
881 1973 949 2036 εἰς
970 1970 1028 2028 τὸ
1054 1969 1211 2043 ἄστυ;
1233 1961 1413 2032 ’Ἦσαν
1437 1970 1488 2029 δὲ
1514 1962 1667 2031 αὗται
1692 1971 1801 2032 Δοί-

249 2081 376 2137 μια,
403 2059 492 2117 καὶ
518 2057 727 2129 Σκιώνη
752 2056 842 2115 καὶ
870 2054 1084 2139 Σατύρα
1118 2057 1208 2115 καὶ
1237 2058 1477 2118 Νάννιον.
1768 2110 1791 2144 ⁸

333 2148 492 2204 Idem
510 2147 645 2217 xli,
665 2165 725 2221 p.
759 2144 896 2222 533,
914 2148 965 2202 D
991 2165 1004 2203 ε
1027 2145 1391 2221 Θεμιστοκλῆς
1406 2146 1468 2218 δ’,
1487 2143 1545 2203 οὔ
1558 2169 1641 2204 πω
1660 2145 1806 2218 Ἀθη-

251 2233 410 2291 ναίων
436 2232 827 2310 μεθυσκομένων
848 2233 953 2290 οὐδ’
974 2231 1200 2310 ἑταίραις
1224 2232 1531 2313 χρωμένων,
1563 2235 1806 2314 ἐμφανῶς

251 2322 531 2401 τέθριππον
542 2320 715 2389 ζεύξας
725 2319 1013 2398 ἑταιρίδων,
1027 2319 1108 2377 διὰ
1118 2326 1210 2379 τοῦ
1223 2324 1549 2399 Κεραμεικοῦ
1560 2320 1807 2392 πληθύον·

252 2432 338 2475 τος
361 2408 561 2475 ἑωθινὸς
587 2408 800 2479 ἤλασεν.
831 2407 1151 2487 Ἀμφιδόλως
1170 2409 1214 2465 δ’
1239 2407 1365 2466 αὐτὸ
1385 2407 1587 2487 εἴρηκεν
1619 2412 1647 2466 ὃ
1677 2406 1806 2467 ’180-

257 2495 434 2572 μενεὶις
453 2542 466 2567 ,
493 2494 593 2553 εἴτε
617 2495 822 2574 ἑταίρας
842 2494 1089 2573 τέτταρας
1117 2494 1476 2564 συνυπέζευξεν
1497 2498 1568 2562 ὥς
1588 2494 1808 2569 ἵππους,

256 2583 356 2642 εἴτε
387 2582 692 2641 ἆνεὸίὸασεν
721 2581 876 2648 αὐτας
906 2583 992 2639 ἐπὶ
1014 2581 1074 2640 τὸ
1095 2582 1392 2662 τέθριππον.

336 2674 516 2729 Priori
534 2674 661 2729 loco
685 2671 802 2747 ipsa
826 2671 1115 2727 Idomenei
1138 2674 1308 2728 verba
1329 2673 1399 2728 ab
1425 2674 1690 2729 Athenaeo
1713 2693 1808 2748 po·
1825 2642 1846 2662 ⁹

258 2764 356 2819 sita
392 2779 502 2816 esse
529 2771 721 2816 monet
747 2759 1125 2816 Casauhonus.

1005 2873 1059 2928 6.

337 2982 524 3039 Schol.
540 2980 824 3054 Aristoph.
841 2983 1002 3054 Vesp.
1018 2985 1089 3052 94
1101 2998 1128 3049 7
1158 2998 1172 3034 ε
1193 2980 1572 3055 Thucydides,
1583 2982 1817 3037 Melesioe

261 3070 326 3138 s.,
360 3070 585 3125 Periclis
621 3067 983 3136 adversarius,
1006 3068 1174 3122 exilio
1207 3067 1401 3123 decem
1437 3085 1712 3123 annorum
1750 3088 1818 3124 ex

264 3157 382 3231 lege
411 3154 714 3212 ostracismi
727 3155 1022 3209 mulctatus
1047 3166 1147 3212 est.
1166 3151 1289 3211 Ὅτι
1306 3152 1358 3211 δὲ
1379 3157 1407 3210 ὁ
1428 3152 1706 3225 Ἀθηναίων
1726 3156 1815 3226 δ’ἡ-

1888 1077 2123 1151 tetigisse
2166 1079 2489 1134 Clintonum
2538 1080 2725 1135 nullus
2774 1081 2995 1139 dubito.
3058 1084 3296 1141 Sintenis
3340 1086 3449 1158 (ad

1887 1165 2035 1219 Piut.
2067 1165 2267 1223 Pericl.
2299 1185 2352 1223 c.
2391 1167 2492 1240 ιο)
2522 1166 2717 1222 videns
2744 1187 2862 1223 non
2890 1188 3048 1244 posse
3076 1172 3246 1227 verba
3273 1174 3448 1233 schol.

1890 1251 1961 1306 de
1993 1269 2062 1307 eo
2092 1252 2260 1309 exilio
2296 1253 2564 1328 intelligi,
2597 1255 2755 1326 quod
2785 1256 3112 1312 Plutarchus
3146 1272 3451 1329 memorat,

1896 1363 1920 1389 «
1954 1339 2010 1395 8ὶ
2039 1339 2180 1412 quid
2206 1342 2355 1410 veri,
2388 1343 2599 1414 inquit,
2626 1353 2707 1398 est
2755 1343 2813 1396 in
2846 1344 2945 1399 ista
2982 1344 3275 1401 Idomenei
3319 1367 3451 1403 nar·

1891 1426 2144 1500 ratione,
2172 1446 2291 1482 non
2332 1426 2500 1483 video
2540 1428 2833 1500 quomodo
2865 1431 3025 1485 aliter
3066 1450 3152 1487 res
3195 1434 3455 1507 expediri

1889 1515 2094 1587 possit,
2127 1531 2292 1588 quam
2321 1515 2398 1570 sic
2415 1556 2430 1585 ,
2460 1527 2526 1570 ut
2547 1516 2903 1590 Thucydides
2926 1519 3036 1574 alio
3067 1530 3320 1592 tempore
3350 1523 3457 1577 ite·

1894 1619 2023 1655 rum
2043 1601 2101 1654 in
2134 1601 2356 1656 exilium
2385 1603 2580 1657 missus
2598 1621 2712 1658 esse
2735 1614 3028 1675 statuatur,
3054 1617 3169 1661 tum
3192 1608 3449 1681 quidem,

1891 1698 1954 1743 ut
1981 1686 2255 1765 προδοσίας
2285 1701 2591 1760 accusatus,
2619 1689 2703 1746 ἐπ’
2728 1689 2990 1770 ἀειφυγίᾳ.
3024 1719 3047 1742 υ

2650 1833 2698 1883 7.

1974 1923 2257 1981 Plutarch.
2279 1925 2491 1980 Pericle
2514 1943 2564 1981 c.
2596 1943 2697 1994 10,
2729 1924 2765 1980 6
2795 1943 2810 1979 t
2844 1926 2967 1989 Πῶς
3007 1923 3071 1982 ἂν
3108 1915 3197 1983 οὖν
3219 1948 3293 1992 τις
3321 1925 3455 1993 Ἰδο-

1899 2016 2041 2082 μενεῖ
2069 2007 2361 2066 πιστεύσειε
2395 2014 2768 2088 κατηγοροῦντι
2795 2015 2887 2068 τοῦ
2922 2011 3233 2090 Περικλέους
3268 2016 3339 2079 ὣς
3366 2013 3459 2071 τὸν

1899 2094 2210 2172 δημαγωγὸν
2250 2094 2537 2175 Ἐφιάλτην
2579 2095 2724 2176 φίλον
2764 2097 3037 2176 γενόμενον
3079 2098 3168 2157 καὶ
3210 2099 3453 2158 κοινωνὸν

1899 2180 2021 2239 ὄντα
2056 2185 2150 2254 τῆς
2187 2183 2239 2239 ἓν
2266 2185 2331 2261 τῇ
2368 2181 2602 2262 πολιτεία
2639 2182 2985 2263 προαιρίσεως
3021 2184 3455 2262 δολοφονήσαντος

1900 2266 1984 2325 διὰ
2007 2266 2320 2339 ζηλοτυπίαν
2353 2268 2443 2327 καὶ
2468 2270 2646 2349 φθόνον
2675 2274 2766 2341 τῆς
2794 2269 2970 2342 &iffi-1153
3007 2273 3194 2332 Ταῦτα
3222 2271 3323 2349 γὰρ
3360 2275 3453 2331 οὐκ

1900 2343 1993 2411 οἶδ’
2018 2352 2131 2412 ὅθεν
2153 2353 2459 2434 συναγαγὼν
2482 2354 2658 2436 ὥσπερ
2679 2356 2841 2436 χολὴν
2864 2358 3041 2437 τάνδρὶ
3066 2358 3449 2437 προσὸέὸληκε.

1977 2579 2137 2635 Idem
2157 2580 2294 2637 ibid.
2318 2600 2369 2637 c.
2400 2581 2471 2638 35
2497 2582 2566 2638 de
2590 2585 2823 2655 Pericle,
2855 2596 2985 2659 post
3012 2585 3289 2641 infelicem
3312 2605 3449 2642 con·

1902 2677 1986 2721 tra
2007 2667 2355 2740 Epidaurum
2394 2669 2809 2744 expeditionem
2845 2682 3100 2728 accusato
3139 2684 3194 2728 et
3239 2675 3454 2729 conde-

1902 2764 2093 2808 mnato
2115 2755 2352 2828 loquens
2377 2775 2392 2809 ε
2420 2752 2729 2835 Ἐπεγροίφη
2750 2754 2803 2813 δὲ
2832 2761 2896 2835 τῇ
2915 2755 3032 2836 δίκῃ
3061 2756 3366 2837 κατήγορος,
3386 2761 3459 2824 ὥς
3548 2801 3558 2817 .

1904 2836 1996 2914 μὲν
2019 2836 2306 2916 Ἰδομενεὺς
2326 2839 2501 2918 λέγει,
2534 2840 2734 2915 Κλέων,
2762 2846 2829 2909 ὡς
2853 2841 2908 2901 δὲ
2929 2842 3264 2924 Θεόφραστος
3280 2889 3294 2914 ,
3319 2848 3453 2920 Σιμ-

1905 2922 2052 3001 μίας·
2089 2929 2115 2984 ὁ
2146 2925 2199 2984 δὲ
2242 2928 2490 2994 Ποντικὸς
2520 2927 2863 3009 Ἡρακλείδης
2894 2931 3225 3010 Λακρατίδαν
3258 2930 3450 3011 εἴρηκε.

2651 3065 2708 3120 9.

1983 3158 2268 3216 Plutarch.
2308 3159 2538 3215 Aristid.
2580 3179 2630 3214 c.
2681 3180 2701 3215 1
2742 3179 2756 3214 ε
2799 3158 2906 3218 Καὶ
2946 3157 3049 3235 μὴν
3094 3156 3242 3240 ἄρξαι
3275 3182 3333 3236 γε
3372 3158 3470 3217 τὸν

267 3264 358 3318 μος
387 3239 655 3320 ἀειφυγίαν
684 3242 839 3297 αὐτοῦ
881 3237 1166 3318 καταγνοὺς
1204 3238 1454 3318 ἐδήμευσε
1490 3239 1584 3313 τὴν
1614 3240 1814 3319 οὐσίαν,
1862 3260 1868 3349 i
1907 3241 2221 3322 Ἀριστείδην
2246 3246 2274 3301 ὁ
2298 3243 2612 3320 Ἰδομενεὺς,
2639 3247 2697 3303 οὗ
2739 3245 3026 3320 κυαμευτὸν
3058 3248 3173 3304 ἀλλ’
3202 3245 3458 3322 ἑλομένων

267 3328 354 3387 καὶ
380 3327 506 3407 πρὸς
534 3325 867 3405 Ἀρταξέρξην
895 3318 990 3397 ἧκε
1019 3325 1240 3407 φεύγων,
1268 3325 1426 3406 σαφὲς
1453 3335 1588 3385 ποιεῖ
1617 3326 1656 3387 ’i
1667 3328 1816 3403 δομε-

266 3413 375 3481 νεὺς
406 3413 490 3472 διὰ
519 3418 607 3472 τοῦ
643 3412 690 3493 β’
724 3412 810 3470 τὸν
837 3412 1023 3492 τρόπον
1060 3420 1259 3472 τοῦτον·
1306 3441 1330 3466 ιι
1357 3416 1426 3473 Oi
1466 3413 1638 3491 μέντοι
1671 3414 1820 3486 Ἀθη-

269 3581 507 3631 hominem
537 3580 829 3629 admiramur
849 3599 862 3629 ε
883 3580 971 3629 nisi
1005 3594 1169 3630 revera
1204 3582 1427 3644 sapientis
1458 3583 1666 3632 Socratis
1704 3587 1816 3632 sunt

269 3660 440 3721 scripta
458 3658 540 3708 ilia
552 3695 566 3720 ‚
587 3657 700 3706 huic
718 3670 831 3706 vcro
853 3657 1028 3706 donata
1045 3670 1073 3706 a
1091 3657 1383 3723 Xanthippe,
1410 3672 1560 3709 uxore
1582 3659 1815 3723 Socratis,

269 3738 372 3798 post
391 3736 493 3797 eius
510 3733 695 3783 obitum
710 3771 724 3794 ,
744 3736 799 3782 ut
818 3733 1101 3784 Idomeneus
1122 3734 1204 3784 ait.

721 3829 843 3909 [DE
882 3829 1384 3908 Damoetas]

1014 3945 1050 3997 4

333 4029 613 4080 idomeneus
633 4028 798 4079 scribit
817 4028 1129 4079 Pisistratidas
1145 4042 1366 4093 quoque,
1385 4027 1603 4090 Hippiam
1628 4030 1677 4076 et
1703 4026 1816 4090 liip-

273 4106 524 4170 parciium,
555 4106 685 4156 lauta
715 4106 852 4169 epula
877 4108 926 4155 et
960 4106 1325 4155 comessationes
1355 4103 1589 4153 invenisse
1623 4120 1634 4152 ε
1660 4105 1822 4165 itaque

274 4188 569 4247 etequorum
587 4188 632 4234 et
652 4184 851 4234 aliarum
879 4198 1037 4235 rerum
1074 4186 1374 4245 (scortorum
1385 4184 1433 4243 ft)
1466 4183 1629 4244 ingens
1657 4182 1818 4231 multi-

276 4260 393 4311 tudo
416 4274 559 4323 penes
583 4261 689 4312 illos
714 4264 816 4311 erat
856 4282 866 4311 :
907 4261 1034 4311 unde
1068 4275 1212 4324 grave
1246 4261 1312 4310 ait
1348 4260 1490 4309 inisse
1514 4259 1705 4308 iliorum
1727 4260 1820 4309 im-

278 4352 476 4403 perium.

1015 4421 1069 4472 5.

337 4500 699 4564 ThemistocleS,
719 4504 774 4551 ut
791 4502 857 4551 ait
878 4500 1186 4563 idomeneus,
1205 4514 1364 4551 nonne
1384 4499 1562 4563 junctis
1586 4499 1823 4563 quadrigis

281 4579 580 4629 meretricum
597 4579 737 4641 pleno
755 4580 858 4629 ἴοι-ο
881 4579 929 4629 in
954 4579 1121 4629 urbem
1141 4578 1360 4628 invectus
1377 4577 1482 4629 est?
1501 4579 1638 4627 erant
1659 4579 1819 4627 autem

281 4657 372 4706 iiiae
393 4654 556 4705 Lamia
578 4657 624 4705 et
648 4655 817 4706 Scione
838 4658 885 4706 et
906 4657 1074 4718 Satyra
1091 4658 1140 4705 et
1159 4655 1414 4706 Nannium.

339 4733 699 4793 Themistocles,
731 4747 832 4797 quo
860 4735 1073 4796 tempore
1101 4730 1313 4781 nondum
1339 4729 1647 4782 Athenienses
1678 4730 1822 4792 vulgo

283 4809 568 4860 temulentiae
597 4813 646 4859 et
675 4809 949 4860 scortationi
973 4808 1120 4857 dediti
1143 4811 1309 4870 erant,
1336 4807 1606 4871 quadrinis
1621 4807 1823 4869 junctis

283 4886 725 4939 meretricularum
756 4885 947 4949 publice
982 4898 1067 4947 per
1098 4884 1399 4934 ceramicum
1421 4883 1692 4933 hominibus
1730 4884 1823 4934 sre-

284 4968 501 5028 qucntem
518 4976 661 5014 mane
679 4963 978 5013 transvectus
995 4962 1083 5011 est.
1113 4963 1270 5019 Quam
1289 4973 1391 5011 rem
1421 4973 1618 5010 narrans
1639 4961 1824 5010 Idome-

284 5054 394 5091 neus
410 5040 629 5103 ambigue
647 5040 838 5090 locutus
854 5039 954 5100 θείς
974 5039 1030 5087 ut
1055 5037 1264 5100 nescias,
1286 5039 1453 5087 utrum
1475 5039 1702 5101 quattuor
1724 5051 1824 5088 me-

288 5120 470 5170 retrices
495 5118 646 5168 veiuti
678 5130 827 5181 equos
859 5114 1101 5181 quadrigis
1127 5114 1371 5179 iunxerit,
1405 5128 1467 5165 an
1507 5116 1553 5165 in
1590 5115 1828 5179 quadrigis

289 5196 382 5246 ilias
399 5196 562 5247 iecerit
577 5194 757 5245 sedere.

1863 3364 1868 3387 i
1908 3328 2187 3402 Ἀθηναίων
2217 3327 2395 3411 φησίν.

1989 3420 2084 3477 Ad
2113 3439 2233 3476 rem
2260 3422 2334 3478 cs.
2352 3424 2660 3494 sequentia,
2678 3433 2733 3477 et
2751 3441 2871 3495 cap.
2894 3420 2948 3491 5,
2972 3423 3072 3477 ubi
3094 3423 3213 3479 haec
3246 3422 3471 3491 εΦησὶψ

2651 3591 2703 3641 6.

1965 3677 2294 3741 Thucydidem
2317 3677 2521 3728 Meiesiae
2544 3679 2697 3728 tilium
2712 3679 2841 3739 (deb.
2866 3695 2883 3727 .·
2908 3678 3299 3742 Themisloclem)
3319 3681 3475 3731 exilio·

1905 3758 2134 3819 perpetuo
2155 3756 2217 3806 ah
2234 3756 2588 3807 Atheniensium
2609 3758 2786 3820 populo
2804 3757 3091 3807 mulctatum
3114 3757 3333 3822 bonaque
3359 3758 3463 3821 ejus

1908 3834 2148 3897 publicata
2164 3847 2265 3885 esse
2277 3871 2293 3898 ,
2317 3834 2471 3898 ipsum
2493 3848 2610 3885 vero
2627 3835 2686 3884 ad
2714 3839 3025 3885 Artaxerxem
3045 3835 3242 3899 fugisse,
3263 3835 3459 3900 planum

1907 3912 2020 3962 iacit
2043 3913 2327 3963 idomeneus
2343 3912 2466 3964 libro
2487 3914 2695 3964 secundo
2725 3913 2853 3964 hunc
2886 3914 2935 3964 in
2968 3915 3166 3965 modum

1908 3992 2120 4053 aienses,
2152 3991 2339 4054 inquit,
2374 3992 2532 4056 ipsum
2573 3995 2621 4042 et
2660 3993 2888 4042 familiam
2926 3993 3029 4055 ejus
3059 3994 3200 4043 exilio
3235 3998 3460 4057 perpetuo

1910 4071 2231 4132 mulctarunt,
2256 4072 2422 4134 utpote
2448 4070 2647 4123 Graeciae
2680 4071 2998 4135 proditorem,
3031 4074 3176 4135 atque
3211 4072 3335 4122 bona
3361 4071 3461 4133 ejus

1911 4146 2150 4210 publicata
2173 4150 2301 4197 sunt.
2333 4167 2359 4191 n

2660 4234 2714 4284 7.

1971 4316 2069 4372 Qui
2088 4326 2198 4377 crgo
2215 4314 2359 4365 iidem
2376 4315 2617 4366 mereatur
2641 4314 2922 4365 idomeneus
2935 4352 2949 4375 ,
2971 4315 3200 4365 Periclem
3236 4315 3461 4378 culpans,

1909 4390 2039 4455 quod
2056 4392 2097 4443 is
2116 4393 2361 4457 Ephialten
2377 4394 2588 4444 amicum
2605 4407 2747 4445 suum
2762 4398 2909 4457 atque
2922 4393 3133 4456 ejusdem
3150 4394 3197 4443 in
3218 4394 3463 4457 republica

1910 4468 2155 4533 factionis,
2174 4470 2479 4522 oemulatione
2493 4471 2765 4535 invidiaque
2786 4471 2948 4534 gioriae
2966 4471 3217 4533 adducturi,
3236 4473 3461 4535 perfrau-

1910 4547 2020 4599 dem
2038 4550 2311 4602 necaverit?
2331 4553 2464 4601 lianc
2485 4552 2612 4601 enim
2640 4552 2782 4601 bilem
2806 4550 2964 4601 nescio
2992 4549 3118 4600 uude
3147 4552 3393 4601 collectam
3417 4553 3459 4600 ei

1909 4625 2014 4676 viro
2035 4626 2251 4677 suffudit.

1973 4790 2275 4842 Accusationi
2316 4791 2509 4842 Periclis
2544 4791 2823 4854 subscripsit
2857 4792 3004 4841 Cleon
3018 4827 3036 4854 ,
3080 4790 3119 4840 si
3153 4790 3460 4841 idomeneum

1910 4871 2184 4935 sequimur;
2219 4870 2293 4921 sin
2313 4870 2720 4934 Theophrastum,
2758 4870 3006 4931 Simmiam
3039 4869 3309 4921 Heraclides
3345 4873 3461 4920 Pon·

1913 4951 2041 5000 ticus
2061 4949 2357 5001 Lacratidam
2380 4952 2643 5013 nuncupat.

1973 5112 2303 5176 magistratum
2336 5112 2531 5177 gessisse
2566 5111 2846 5175 Aristidem,
2867 5125 2961 5161 non
2992 5114 3153 5162 tamen
3186 5113 3341 5175 sorte,
3379 5112 3463 5164 sed

1912 5191 2148 5255 suin-agiis
2172 5189 2525 5243 Atheniensium
2551 5191 2781 5254 electum,
2799 5190 3008 5241 affirmat
3026 5190 3322 5243 idomeneus.

3203 3935 3216 3965 ε
3255 3934 3279 3959 a
3314 3917 3459 3967 Athe·
3532 3918 3541 3923 ’
