4016 5916
1074 297 1959 440 CRATERUS
2044 200 2814 482 'MACEDQ

1611 642 1669 651 ...-

421 828 676 903 Phlegon
694 826 854 904 (Μὶν.
876 826 970 902 32)
994 845 1063 881 ex
1080 827 1309 882 Cratero
1329 827 1598 901 Antigoni
1618 824 1904 902 (Gonatae)

1996 836 2433 900 apponerentur,
2473 826 2692 899 reliqua
2721 824 2966 898 denique
3003 842 3070 880 ex
3103 823 3215 882 fide
3249 828 3554 886 historico-

340 918 490 992 regis
532 916 704 972 fratre
736 914 991 970 mirabile
1035 912 1328 988 quoddam
1370 913 1534 969 affert
1579 912 1652 969 de
1678 914 1908 970 homine
1992 933 2154 984 rum,
2191 933 2334 989 quos
2358 915 2693 969 nominatim
2731 913 3102 987 utplurimum
3139 925 3336 971 auctor
3369 918 3546 973 intro·

343 1006 443 1079 qui
460 1004 587 1058 vitae
608 1021 755 1059 anno
777 1003 1016 1076 septimo
1046 1020 1215 1057 canus
1236 1019 1432 1071 senex,
1458 1002 1669 1057 relictis
1693 1002 1905 1071 liberis,
1995 1001 2271 1076 ducebat,
2321 1002 2734 1076 supplerentur.
2789 1032 2867 1043 —
2922 1002 3282 1076 Quantopere
3337 1003 3554 1076 jactura

343 1091 494 1146 diem
520 1109 843 1165 supremum
867 1089 1075 1145 obierit
1102 1088 1208 1158 (fr.
1250 1089 1319 1145 18
1338 1091 1379 1164 ).
1413 1089 1712 1160 Cujusnam
1737 1109 1912 1165 gene-

341 1180 417 1234 ris
444 1180 713 1252 scriptum
738 1177 851 1232 hoc
885 1194 919 1232 a
946 1177 1255 1251 Phlegonte
1297 1175 1588 1232 laudatum
1612 1175 1810 1246 fuerit,
1843 1194 1912 1231 ex

341 1268 510 1322 unico
532 1267 627 1321 illo
647 1265 962 1340 fragmento
985 1283 1106 1319 non
1127 1265 1257 1319 satis
1277 1265 1480 1338 liquet.
1506 1265 1705 1338 Neque
1728 1264 1910 1320 aliun-

343 1352 415 1410 de
439 1353 511 1409 de
548 1354 780 1410 Cratero
809 1355 1086 1427 scriptore
1125 1354 1225 1426 qui
1253 1352 1522 1427 Antigoni
1554 1353 1704 1427 regis
1740 1352 1911 1407 frater

341 1439 539 1509 fuerit,
577 1440 848 1497 traditum
884 1440 1101 1514 aliquid
1141 1441 1480 1513 accepimuS.
1515 1438 1612 1494 Sin
1653 1439 1912 1494 Niebuh-

340 1531 490 1584 rium
511 1529 527 1602 (
548 1532 643 1585 ΚΖ.
676 1525 959 1599 Sclereften
983 1547 1042 1601 p.
1073 1525 1217 1603 225)
1243 1528 1465 1597 audias,
1492 1526 1665 1581 frater
1685 1527 1779 1582 ille
1803 1529 1910 1583 An-

342 1619 521 1693 tigoni
549 1618 703 1673 idem
730 1626 812 1672 est
845 1616 1136 1690 Craterus,
1181 1616 1341 1688 cujus
1384 1611 1519 1690 Περὶ
1560 1611 1909 1693 ψηφισμάτων

342 1705 520 1760 libros
544 1705 637 1760 vel
664 1701 1048 1782 Ψηφισμάτων
1076 1699 1384 1779 συναγωγὴν
1413 1703 1610 1778 saepius
1632 1721 1913 1778 gramma-

342 1794 439 1848 tici
481 1792 744 1847 excitant.
796 1793 923 1847 Hoc
971 1810 1150 1867 quum
1185 1809 1373 1866 neque
1415 1790 1683 1846 affirmari
1727 1809 1912 1866 neque

342 1880 535 1954 negari
560 1880 765 1954 possit,
794 1881 851 1934 in
875 1879 1066 1935 medio
1091 1897 1196 1935 nos
1232 1880 1625 1952 relinquimus·
1653 1879 1810 1952 Opus
1838 1880 1910 1934 il·

343 1966 448 2020 lud
480 1963 613 2045 Περὶ
639 1962 991 2046 ψηφισμάτων
1014 1968 1144 2022 satis
1170 1967 1422 2041 amplum
1445 1965 1572 2023 fuit.
1596 1966 1741 2021 Nam
1765 1984 1911 2040 prae-

343 2063 431 2109 ter
457 2054 669 2109 librum
698 2056 954 2125 tertium,
989 2054 1089 2128 qui
1114 2056 1172 2108 in
1197 2053 1336 2109 belli
1363 2053 1572 2108 Medici
1597 2053 1689 2109 vel
1723 2054 1781 2107 in
1814 2055 1911 2110 Ci-

343 2143 527 2198 monis
554 2143 906 2217 temporibus
936 2142 1286 2212 versabatur,
1314 2141 1533 2197 laudari
1560 2142 1816 2197 videmus
1837 2143 1912 2197 li·-

342 2229 513 2286 brum
528 2249 774 2301 nonum,
796 2249 865 2295 ex
883 2249 1000 2306 quo
1022 2249 1148 2305 quae
1167 2230 1482 2286 asseruntur
1504 2228 1576 2284 ad
1599 2231 1912 2303 posteriora

344 2327 602 2393 tempora
650 2319 784 2375 belli
839 2320 1295 2393 Peloponnesiaci
1341 2319 1644 2392 pertinent.
1699 2318 1910 2389 Quodsi

343 2408 517 2481 igitur
530 2416 729 2463 auctor
742 2406 939 2462 eadem
960 2406 1223 2462 ubertate
1242 2405 1315 2462 ad
1328 2424 1486 2461 suam
1502 2423 1678 2480 usque
1697 2414 1911 2462 aetatem

342 2494 648 2550 scribendo
669 2513 999 2570 progressus
1032 2504 1142 2564 est,
1172 2493 1490 2569 pergrande
1522 2510 1667 2568 opus
1707 2493 1911 2549 condi-

346 2581 490 2638 di'sse
510 2583 702 2639 debet.
728 2584 1105 2657 Psephismata
1122 2583 1240 2638 haec
1261 2582 1461 2657 populi
1489 2581 1912 2638 Atheniensium

345 2681 522 2730 erant.
552 2673 681 2727 Non
711 2673 898 2726 omnia
922 2680 1109 2726 tamen
1140 2670 1768 2744 neque’qualiacunque
1805 2670 1912 2725 de·-

345 2769 497 2815 creta
525 2761 787 2817 Craterus
821 2760 1135 2834 collegisse,
1167 2755 1268 2813 sed
1297 2757 1578 2813 delectum
1618 2758 1911 2813 instituisse

343 2863 543 2902 eorum
572 2846 859 2921 putandus
887 2856 997 2916 est,
1024 2864 1149 2920 quae
1171 2845 1243 2901 ad
1270 2845 1564 2901 historiam
1586 2845 1912 2920 reipublicae

341 2936 796 3007 Atheniensium,
843 2936 957 2991 sive
1009 2934 1549 2991 administrationem
1596 2933 1744 3010 ejus,
1796 2935 1911 2991 sive

341 3020 492 3078 bella
510 3032 565 3078 et
584 3021 816 3093 soedera,
839 3023 954 3078 sive
973 3022 1258 3078 clarorum
1273 3021 1384 3077 fata
1401 3024 1659 3078 virorum
1675 3033 1907 3097 spectes,

341 3110 616 3165 momenti
639 3110 874 3181 alicujus
901 3127 1015 3166 esse
1040 3118 1324 3184 poterant.
1354 3111 1487 3165 Haec
1512 3109 1713 3165 ordine
1742 3111 1913 3166 chro-

342 3196 610 3270 nologico
649 3208 940 3252 auctorem
968 3195 1334 3269 disposuisse,
1377 3205 1434 3251 et
1477 3196 1758 3253 addidisse
1786 3216 1911 3272 quae

344 3283 722 3358 intelligentiae
738 3302 937 3337 eorum
960 3284 1292 3338 inservirent
1305 3323 1321 3352 ,
1339 3293 1539 3357 sponte
1558 3274 1907 3359 intelligitur.

344 3371 542 3443 Neque
565 3388 701 3425 vero
728 3370 786 3423 in
803 3371 891 3424 his
915 3370 1178 3425 Craterus
1203 3388 1260 3423 se
1285 3371 1582 3424 continuit.
1607 3373 1751 3426 Nam
1774 3374 1911 3426 Plu-

348 3458 578 3513 tarchus
609 3455 871 3530 (Aristid.
901 3474 954 3511 c.
981 3454 1081 3531 26)
1100 3465 1399 3529 postquam
1424 3474 1492 3511 ex
1519 3457 1749 3513 Cratero
1767 3476 1914 3513 non-

347 3545 501 3600 nulla
519 3544 777 3620 apposuit
802 3542 873 3599 de
899 3541 1161 3598 Aristidis
1183 3541 1654 3599 condemnatione
1672 3543 1912 3618 satisque

347 3632 669 3706 postremis,
701 3628 860 3693 a'ddit
886 3648 900 3684 ε
933 3625 1150 3686 Τούτων
1175 3627 1223 3685 δ’
1251 3625 1397 3685 οὐδὲν
1424 3624 1679 3706 ἔγγραφον
1706 3628 1734 3684 δ
1765 3627 1911 3702 Κρά-

348 3739 495 3796 τερος
524 3716 803 3795 τεκμήριον
843 3711 1129 3795 παρέσχεν,
1155 3712 1275 3773 οὔτε
1305 3713 1451 3786 δίκην
1488 3711 1605 3772 οὔτε
1632 3711 1907 3794 ψήφισμα,

349 3804 538 3884 καίπερ
562 3803 751 3871 εἰωθὼς
774 3805 1011 3869 ἐπιεικῶς
1035 3802 1251 3883 γράφειν
1283 3800 1350 3860 τὰ
1371 3807 1585 3860 τοιαῦτα
1615 3801 1704 3858 καὶ
1732 3824 1911 3880 παρα-

350 3893 578 3951 τίθεσθαι
616 3890 732 3958 vot<
758 3893 1106 3973 ἱστοροῦντας.
1143 3892 1362 3964 Quibus
1392 3890 1579 3947 verbis
1602 3910 1779 3966 quum
1803 3892 1911 3947 du·

351 3980 511 4038 bium
534 4001 651 4038 non
668 3983 737 4037 sit
760 3980 998 4037 indicari
1018 3980 1171 4036 illam
1192 3981 1367 4054 ipsam
1384 3975 1762 4057 Ψηφισμάτων
1785 3999 1909 4039 συν·
1986 4022 1991 4027 .

353 4065 582 4146 αγωγὴν,
612 4089 681 4127 ex
711 4087 825 4144 qua
869 4068 1023 4125 idem
1057 4068 1391 4127 Plutarchus
1425 4069 1483 4126 in
1517 4072 1763 4128 Cimonis
1788 4074 1914 4130 Vita

351 4155 641 4236 ἀντίγραφα
669 4156 934 4225 συνθηκῶν
969 4168 1375 4215 commemorat
1414 4179 1426 4215 :
1455 4178 1524 4215 eo
1554 4159 1909 4231 deducimur,

348 4255 413 4298 ut
436 4245 727 4300 Craterum
751 4254 1055 4303 statuamus
1081 4247 1404 4302 continuam
1426 4246 1716 4302 historiam
1737 4248 1916 4303 Athe-

348 4333 625 4388 niensium
644 4332 661 4407 (
675 4351 793 4388 non
804 4333 874 4388 ab
895 4335 1288 4407 antiquissimis
1306 4333 1438 4390 inde
1451 4336 1670 4404 seculis,
1683 4336 1911 4409 opinor,

349 4419 451 4475 sed
482 4419 612 4475 inde
644 4438 677 4476 a
701 4419 1057 4476 Medicorum
1084 4421 1201 4477 sere
1222 4422 1506 4478 bellorum
1535 4420 1911 4499 temporibus)

350 4509 429 4563 ita
456 4509 831 4579 contexuisse,
858 4518 923 4563 ut
951 4505 1017 4564 τὰ
1044 4506 1359 4589 ψηφίσματα
1396 4512 1551 4584 quasi
1575 4509 1915 4566 fundamen-

354 4604 475 4650 tum
502 4597 685 4670 operis
709 4598 1144 4668 constituerent,
1176 4598 1248 4653 ab
1278 4599 1455 4672 iisque
1484 4599 1771 4672 inscriptio
1798 4598 1916 4671 ejus

352 4693 725 4757 repeteretur,
745 4682 950 4739 deinde
968 4702 1106 4741 vero
1129 4686 1297 4740 etiam
1319 4686 1425 4742 alia
1444 4695 1806 4742 monumenta
1816 4705 1917 4761 pu·

352 4770 531 4839 blica,
563 4789 687 4845 quae
709 4771 1048 4828 illustrandae
1078 4773 1318 4828 historiae
1343 4784 1519 4829 essent
1535 4815 1551 4844 ,
1574 4773 1917 4830 verbotenus

1994 1088 2270 1161 ejusmodi
2300 1091 2487 1164 operis
2513 1087 2759 1145 dolenda
2784 1090 2885 1159 sit,
2911 1107 3028 1144 non
3052 1098 3130 1145 est
3159 1090 3318 1164 quod
3347 1091 3550 1150 dicam.

1992 1179 2194 1234 Nullus
2230 1196 2368 1233 vero
2397 1176 2599 1233 dubito
2632 1176 2772 1250 quin
2796 1174 2950 1231 baud
2974 1194 3154 1250 pauca
3188 1176 3260 1233 de
3296 1195 3364 1234 eo
3394 1198 3551 1236 com-

1996 1276 2158 1339 perta
2171 1266 2524 1335 haberemus,
2541 1265 2584 1319 si
2601 1265 2895 1320 rhetorum
2915 1275 3384 1322 commentatores
3403 1286 3555 1342 quae-

1998 1372 2222 1429 cunque
2253 1372 2322 1410 ex
2361 1353 2593 1409 Cratero
2623 1353 2959 1423 hauserunt,
2991 1353 3157 1408 etiam
3181 1355 3410 1410 nomine
3439 1354 3581 1428 ejus.

1997 1442 2262 1517 insignire
2303 1442 2625 1500 voluissent.
2668 1443 2813 1497 Nam
2854 1440 3296 1516 frequentissime
3331 1443 3458 1499 illos
3483 1444 3554 1500 ad

1997 1530 2214 1589 Crateri
2252 1531 2538 1586 thesauros
2580 1531 2862 1586 accessisse
2910 1529 3309 1600 consultantes,
3355 1532 3445 1587 vel
3489 1551 3558 1588 ex

1998 1620 2447 1693 Harpocratione
2481 1615 2585 1694 (fr.
2617 1616 2684 1693 8)
2718 1619 2974 1693 colligas,
3003 1619 3132 1693 qui,
3155 1619 3321 1674 allato
3346 1621 3556 1676 Demo-

1995 1707 2202 1763 sthenis
2223 1708 2351 1763 loco
2378 1706 2449 1763 dc
2469 1708 2634 1783 pictis
2655 1708 2712 1761 in
2732 1707 2936 1763 Poecile
2957 1707 3348 1764 Plataeensibus
3373 1699 3554 1766 Marass·

1999 1795 2415 1865 thonomachis,
2444 1794 2733 1869 subjungit
2752 1793 2870 1849 haec
2899 1812 2913 1848 ε
2941 1791 3127 1858 Οὐδεὶς
3154 1797 3305 1852 τοῦτο
3326 1791 3554 1874 εἴρηκεν,

1997 1880 2112 1940 οὐδὲ
2145 1884 2190 1941 K
2200 1881 2408 1962 ροὶτερος
2424 1884 2476 1939 ἐν
2499 1884 2562 1959 τῇ
2589 1884 2692 1939 τῶν
2717 1879 3097 1960 Ψηφισμάτων
3124 1885 3421 1962 συναγωγῇ.

2078 1973 2340 2030 Ceterum
2360 1970 2434 2027 ad
2460 1972 2626 2027 talem
2642 1980 3143 2026 monumentorum
3167 1973 3558 2029 collectionem

1998 2069 2153 2115 tanto
2193 2060 2464 2132 majorem
2487 2058 2689 2132 judicii
2728 2060 3078 2115 severitatem
3115 2069 3170 2113 et
3203 2077 3439 2118 acumen
3462 2061 3558 2116 hi-

1996 2150 2235 2204 storicus
2269 2147 2470 2203 afferre
2507 2146 2703 2215 debet,
2743 2158 2955 2221 quanto
2983 2146 3200 2202 facilius
3231 2147 3465 2219 accidit,
3496 2160 3560 2203 ut

1997 2235 2130 2291 falsa
2155 2247 2209 2291 et
2229 2236 2577 2310 supposititia
2601 2253 2710 2310 pro
2733 2236 2879 2290 veris
2897 2246 2952 2291 et
2978 2235 3233 2310 genuinis
3258 2234 3559 2291 venditen-

2000 2332 2109 2380 tur.
2140 2323 2230 2378 Ab
2271 2342 2341 2382 eo
2378 2333 2565 2379 autem
2596 2323 2851 2396 periculo
2893 2341 3007 2378 non
3051 2324 3180 2379 satis
3206 2322 3309 2379 sibi
3356 2323 3560 2380 cavisse

1999 2409 2260 2470 Craterus
2305 2410 2551 2469 videtur.
2600 2411 2744 2466 Nam
2782 2407 3070 2488 ἀντίγραφα
3117 2411 3212 2466 illa
3255 2413 3551 2486 συνθηκῶν,

1998 2517 2139 2574 quas
2168 2501 2399 2555 Cimone
2426 2509 2657 2555 auctore
2699 2498 3060 2553 Athenienses
3101 2516 3230 2554 cum
3266 2499 3561 2555 Persarum

1998 2606 2130 2662 rege
2156 2587 2428 2662 pepigisse
2474 2586 2742 2643 dicuntur
2771 2584 2869 2663 (sr.
2901 2605 2930 2655 7
2961 2583 3013 2662 ),
3056 2586 3278 2641 nonnisi
3315 2605 3346 2642 e
3368 2588 3559 2662 spurio

1998 2686 2365 2731 monumento
2408 2674 2649 2731 describi
2694 2683 2978 2749 poterant.
3021 2677 3245 2730 Revera
3294 2676 3558 2732 exstitisse

1998 2755 2377 2811 adulterinum
2406 2754 2679 2828 ejusmodi
2708 2754 3110 2810 documentum
3136 2772 3167 2809 e
3190 2754 3557 2829 Theopompo

1998 2852 2234 2901 constat.
2287 2845 2474 2914 Quare
2515 2837 2655 2897 nihil
2684 2843 2863 2917 cogit,
2899 2859 3000 2896 cur
3036 2860 3166 2897 cum
3205 2841 3557 2898 Dahlmanno

2001 2931 2422 3007 (Forsclzungen
2441 2928 2618 3004 aufd.
2648 2930 2872 2987 Gebiete
2886 2930 2944 2984 d.
2965 2928 3289 2985 Geschiclzte
3308 2931 3357 3005 1,
3371 2948 3426 3004 p.
3449 2937 3554 3005 90)

1997 3037 2317 3077 censeamus
2354 3020 2646 3076 Craterum
2663 3060 2679 3089 ,
2710 3019 2818 3074 seri
2853 3018 2952 3072 aevi
2981 3018 3302 3087 hominem,
3334 3016 3560 3073 decreta

1995 3127 2095 3165 sua
2118 3127 2150 3164 e
2175 3109 2472 3164 rhetorum
2494 3118 2550 3163 et
2569 3108 2972 3163 historicorum
2999 3106 3219 3180 scriptis
3246 3105 3554 3180 collegisse.

1996 3196 2168 3267 Quod
2207 3194 2413 3251 deinde
2450 3213 2515 3251 ea
2544 3196 2742 3252 attinet
2768 3213 2893 3268 quae
2923 3212 3038 3249 non
3064 3212 3132 3250 ex
3156 3205 3562 3250 monumento-

1997 3303 2127 3338 rum
2161 3281 2276 3339 fide
2298 3281 2400 3338 sed
2433 3301 2500 3337 ex
2535 3283 2866 3338 auctoritate
2901 3282 3300 3336 historicorum
3337 3282 3521 3337 attulit
3541 3325 3556 3351 ,

1997 3371 2166 3425 etiam
2188 3371 2244 3424 in
2265 3369 2352 3424 his
2366 3387 2483 3424 non
2509 3371 2736 3444 optimis
2757 3386 2976 3443 semper
2992 3388 3049 3425 se
3070 3360 3300 3423 testibus
3318 3369 3554 3423 addixit.

1998 3457 2067 3511 ld
2092 3455 2250 3531 quod
2276 3459 2599 3512 narratione
2626 3456 2723 3511 illa
2746 3455 2817 3511 de
2851 3456 3106 3511 Aristidis
3133 3463 3315 3510 morte
3347 3454 3450 3530 (fr.
3483 3457 3516 3510 6
3540 3456 3554 3529 J

1997 3545 2125 3597 satis
2140 3543 2566 3616 comprobatur.

2276 3681 2804 3740 ΨΗΦΙΣΜΑΤΩΝ
2853 3680 3272 3739 ΣΥΝΑΙὩΓΗ.

2475 3816 2520 3869 Ε
2555 3815 2780 3870 LIBRO
2818 3815 3109 3873 TERTIO.

2756 3970 2805 4008 1.

2079 4069 2388 4143 Stephanus
2401 4070 2532 4141 Byz.
2566 4086 2580 4121 ι
2605 4061 2846 4143 Καρήνη,
2862 4059 3008 4126 πόλις
3035 4058 3261 4127 Μυσίας.
3282 4059 3559 4138 Ἡρόδοτε),

2000 4154 2218 4235 ἰὸδόμῃ.
2254 4154 2332 4216 Τὸ
2360 4152 2556 4214 ἐθνικὸν
2589 4152 2917 4231 Καρηναῗος,
2946 4152 3016 4217 ὡς
3047 4147 3311 4230 Κράτερος
3334 4147 3384 4226 γ’
3425 4147 3559 4229 Περὶ

2001 4244 2354 4326 ψηφισμάτων
2374 4265 2387 4279 ·
2405 4269 2430 4295 ι
2455 4244 2689 4322 Γρυνεῗς,
2713 4238 3019 4314 Πιταναῒοι,
3048 4238 3361 4317 Καρηναῑοι.
3399 4262 3423 4286 ι
3441 4239 3558 4293 He*

1998 4334 2241 4390 rodotus
2264 4334 2400 4403 VII,
2426 4341 2500 4400 42
2531 4328 2762 4411 Καρίνην
2807 4330 2946 4406 (sic;
2976 4346 3092 4382 non
3119 4323 3405 4404 Καρήνην)
3435 4344 3556 4381 me-

1981 4433 2185 4481 .morat
2225 4424 2283 4477 in
2328 4420 2701 4494 descriptione
2728 4418 2968 4486 itineris,
3010 4433 3126 4488 quo
3167 4416 3389 4471 Xerxes
3430 4431 3557 4467 cum

2001 4511 2251 4566 exercitu
2283 4508 2553 4566 Sardibus
2571 4506 2837 4580 Abydum
2865 4503 3063 4559 tendit.
3088 4502 3304 4561 Crateri
3327 4517 3557 4576 quoque

2002 4600 2159 4654 locus
2211 4596 2285 4653 ad
2328 4589 2587 4670 tempora
2646 4592 2781 4648 belli
2823 4591 3028 4647 Medici
3068 4590 3425 4664 pertinuerit.
3466 4587 3550 4642 cf.

2002 4696 2188 4742 tamen
2205 4694 2325 4740 not.
2349 4684 2421 4739 ad
2447 4684 2516 4741 fr.
2542 4701 2595 4740 α.
2625 4680 2792 4755 Apud
2816 4680 3058 4735 Plinium
3077 4679 3148 4734 H.
3175 4678 3246 4732 N.
3269 4679 3334 4745 V,
3359 4674 3414 4744 3,
3445 4693 3550 4728 122

2008 4774 2225 4831 Carene
2253 4781 2574 4828 recensetur
2602 4771 2748 4824 inter
2767 4767 2938 4823 urbes
2961 4784 3084 4839 quae
3109 4763 3509 4819 interciderint.

1451 4940 1979 5003 DECRETORUM
2022 4942 2120 5002 CO
2132 4941 2464 5000 LLECTlO.

2005 5059 2029 5110 1

419 5152 604 5199 Carene
618 5187 633 5212 ,
649 5149 766 5199 urbs
784 5148 971 5213 Mysia.
992 5149 1182 5201 Gentile
1199 5151 1478 5213 careamus,
1496 5153 1551 5200 ut
1568 5153 1797 5202 craterus
1826 5150 1948 5201 libro
1967 5150 2111 5201 tertio
2131 5153 2201 5201 De
2218 5148 2423 5201 decretis
2443 5168 2456 5200 ι
2479 5150 2786 5213 affinem
2806 5150 3002 5200 Pitanae!
3019 5187 3033 5213 ,
3060 5150 3295 5201 Careuaei.
3321 5169 3344 5191 a·

1932 5260 2032 5309 (517
