4016 5916
1063 427 1161 490 Ex
1203 427 1566 488 nls'romA
1609 427 1912 488 Pomssn
1958 427 2665 489 MEGALOPOLITANI.

280 570 365 637 τῆς
381 560 624 642 σωτηρίας
639 560 848 631 καὶτῆς
872 553 1274 637 ἐπανορθώσεως
1299 556 1532 633 ἑτοίμους
1551 556 1681 624 ἕξειν
1704 580 1824 616 συν·

285 648 548 728 αγωνιστὰς
586 648 679 705 καὶ
726 644 1002 727 συνεργοὺς
1044 645 1171 725 πρὸς
1210 644 1271 703 τὸ
1310 645 1824 724 παραγγελλόμενον.

285 741 452 799 Ταῦτα
474 739 518 794 δ’
546 734 767 813 ἐγενήθη
790 734 1020 815 πρότερα
1043 737 1136 791 τοῦ
1164 730 1310 812 παρὰ
1334 732 1595 812 Φιλίππῳ
1619 730 1830 789 διαδου-

285 829 413 897 λίου,
434 828 501 891 ὣς
520 823 883 898 ἐδηλώσαμεν·
911 826 1003 899 (ιο)
1031 823 1147 879 ἀλλ’
1185 821 1392 879 ἐκείνων
1433 819 1572 879 κατὰ
1604 819 1700 891 τὴν
1736 823 1829 888 τῆς

281 914 549 991 διηγήσεως
570 910 718 980 τάξιν
754 910 1023 990 προτέρων
1059 908 1500 986 λαμὸανομένων,
1545 909 1827 986 ἀναγκαῖον

277 995 335 1075 ἦν
360 1002 506 1068 οὕτως
541 1006 714 1059 ταῦτα
757 998 1021 1079 χειρίζειν,
1065 995 1203 1057 ὥστε
1246 996 1499 1078 πρότερον
1537 996 1829 1072 ἐξηγεῖσθαι

277 1090 358 1157 τὰς
383 1087 623 1156 ἐντεύξεις
647 1086 739 1145 καὶ
767 1087 887 1153 τοὺς
912 1083 1314 1165 χρηματισμοὺς
1352 1088 1456 1142 τῶν
1493 1083 1826 1164 πρεσὸευτῶν

277 1178 355 1236 καὶ
388 1176 476 1247 τῆς
514 1174 897 1241 καταστάσεως
940 1173 1030 1232 καὶ
1072 1178 1167 1244 τῆς
1207 1172 1576 1244 ἐξαποστολῆς.
1671 1169 1744 1233 Ὅ
1772 1169 1827 1229 δὲ

278 1263 571 1342 Ἀγαθοκλῆς
597 1262 691 1342 (ιι)
723 1262 838 1321 ἐπεὶ
876 1260 996 1328 τοὺς
1028 1258 1468 1341 ἐπιφανεστάτους
1493 1261 1595 1317 τῶν
1625 1259 1827 1337 ἀνδρῶν

275 1352 485 1412 ἐκποδὼν
509 1351 762 1429 ἐποίησε,
791 1350 885 1409 καὶ
910 1348 971 1408 τὸ
1008 1347 1144 1407 πολὺ
1169 1351 1264 1420 τῆς
1288 1352 1379 1407 τοῦ
1407 1345 1634 1417 πλήθους
1672 1349 1829 1426 ὀργῆς

274 1437 628 1521 παρακατὲσχε
672 1442 739 1517 τῇ
772 1441 879 1497 τῶν
906 1434 1142 1519 ὀψωνίων
1171 1434 1446 1508 ἀποδόσει,
1479 1433 1627 1513 παρὰ
1665 1433 1829 1500 πόδας

279 1528 343 1593 εἰς
365 1527 453 1597 τὴν
481 1525 532 1594 ἒξ
558 1528 732 1606 ἀρχῆς
761 1522 1035 1595 συνήθειαν
1062 1524 1341 1593 ἐπανῆλθε.
1426 1520 1535 1581 Καὶ
1577 1519 1692 1605 [τὰς
1733 1519 1829 1593 μὲν

272 1616 363 1673 τῶν
385 1614 538 1695 φίλων
571 1613 756 1693 χώρας
797 1610 1166 1691 ἀνεπλήρωσε,
1188 1606 1595 1691 παρεισαγαγὼν
1637 1611 1696 1667 ἔκ
1735 1611 1829 1679 τῆς

273 1699 512 1766 διακονίας
543 1699 644 1758 καὶ
676 1703 774 1771 τῆς
817 1699 981 1769 ἄλλης
1008 1696 1298 1779 ὗπηρεσίας
1338 1695 1453 1761 τοὺς
1482 1694 1831 1761 εἶκαιοτάτοος

272 1788 355 1846 καὶ
378 1787 745 1866 θρασυτάτους·
769 1786 923 1853 αὐτὸς
947 1786 1003 1844 δὲ
1032 1785 1093 1844 τὸ
1122 1785 1255 1844 πολὺ
1282 1788 1377 1856 τῆς
1400 1782 1598 1865 ἡμέρας
1616 1783 1708 1842 καὶ
1739 1786 1831 1854 τῆς

274 1876 434 1941 νυκτὸς
458 1877 510 1934 ἐν
540 1874 687 1954 μέθῃ
722 1872 948 1954 διέτριὸε
967 1919 985 1951 ,
1011 1874 1103 1932 καὶ
1126 1881 1240 1939 ταῖς
1268 1876 1334 1951 τῇ
1364 1871 1495 1951 με’θῃ
1521 1870 1831 1951 παρεπομέ-

275 1985 376 2029 ναις
398 1962 704 2043 ἀκρασίαις,
742 1965 799 2021 οὗ
828 1961 1126 2042 φειδόμενος
1154 1959 1262 2020 οὔτ’
1281 1958 1615 2037 ἀκμαζούσης
1642 1981 1829 2036 γυναι-

272 2048 370 2121 κὸς,
403 2048 517 2108 οὔτε
557 2046 805 2130 νύμφης,
842 2047 961 2106 οὗτε
1000 2045 1288 2127 παρθένου·
1325 2046 1417 2105 καὶ
1459 2046 1633 2105 πάντα
1661 2051 1831 2105 ταῦτα

273 2136 479 2215 ἔπραττε
522 2135 664 2213 μετὰ
707 2140 805 2207 τῆς
844 2135 1238 2214 ἐπαχθεστάτης
1279 2132 1583 2215 φαντασίας.
1665 2130 1830 2193 Ὅθεν

273 2226 452 2297 πολλῆς
472 2223 566 2302 μὲν
590 2223 682 2283 καὶ
704 2223 1043 2293 παντοδαπῆς
1065 2222 1370 2302 γιγνομένης
1389 2220 1832 2300 δυσαρεστῆσεως,

275 2314 501 2388 οὐδεμιᾶς
527 2312 587 2372 δὲ
616 2311 895 2392 θεραπείας
915 2312 1031 2370 οὐδὲ
1066 2310 1302 2391 βοηθείας
1322 2309 1751 2391 προσαγομένης,
1774 2309 1834 2368 τὸ

276 2400 317 2456 δ’
342 2400 561 2459 ἐναντίον
590 2399 673 2459 ἀεὶ
695 2398 1168 2486 πρρσεπαγομὲνης
1193 2397 1415 2477 ὓὸρεως,
1445 2384 1826 2478 ὑπερηφανίας,

280 2486 581 2567 ῥαθυμίας,]
609 2489 927 2563 ἀνεθυμιᾶτο
949 2487 1106 2544 πάλιν
1138 2488 1190 2544 ἐν
1214 2493 1322 2552 τοῖς
1348 2485 1555 2551 πολλοῖς
1580 2482 1641 2543 τὸ
1666 2491 1834 2563 προῦ-

274 2576 461 2655 πάρχον
481 2583 638 2652 μῖσος
651 2619 668 2651 ,
690 2574 779 2633 καὶ
797 2573 990 2640 πάντες
1008 2575 1306 2631 ἀνενεοῗῐντο
1324 2570 1393 2629 τὰ
1412 2570 1834 2651 προγεγενημένα

272 2663 380 2740 περὶ
404 2660 496 2733 τὴν
538 2660 821 2742 βασιλείαν
858 2658 1227 2739 [ἀτυχήματα]
1255 2658 1340 2717 διὰ
1374 2657 1494 2726 τοὺς
1535 2657 1836 2738 ἀνθρώπους

271 2748 486 2815 τούτους.
575 2752 696 2830 [Ίζῷ
725 2746 785 2808 δὲ
804 2747 967 2826 μηδὲν
990 2746 1128 2827 ἔχειν
1149 2745 1432 2826 πρόσωπον
1472 2745 1752 2826 ἀξιόχρεων
1776 2745 1836 2804 τὸ

270 2836 710 2915 προστησόμενον,
728 2836 821 2894 καὶ
840 2838 905 2894 δι’
927 2825 987 2894 οὗ
1010 2835 1102 2904 τὴν
1125 2833 1284 2913 ὀργὴν
1304 2836 1375 2900 εἷς
1402 2833 1490 2892 τὸν
1519 2832 1835 2913 Ἀγαθοκλέα

272 2924 354 2982 καὶ
373 2923 466 2996 τὴν
482 2923 859 3003 Ἀγαθόκλειαν
880 2919 1244 3001 ἀπερείσονται
1258 2967 1276 2998 ,
1290 2920 1385 2993 τὴν
1405 2921 1632 3001 ἡσυχίαν
1656 2913 1835 3001 {Yon}

272 3001 342 3062 ln
380 3004 505 3080 μίαν
553 3005 750 3063 ἐλπίδα
780 3003 985 3082 ἔχοντες
1010 3000 1102 3059 καὶ
1134 3004 1226 3079 (12)
1266 3003 1705 3081 καραδοκοῦντες,
1743 2998 1836 3071 τὴν

272 3092 397 3150 κατὰ
451 3093 541 3151 τὸν
592 3092 969 3168 Τληπόλεμον,
1026 3088 1119 3147 καὶ
1183 3085 1349 3166 ταύτῃ
1407 3088 1832 3167 προσανέχοντες.

271 3175 335 3239 Ὁ
361 3180 414 3237 δὲ
438 3180 823 3256 Τληπόλεμος,
852 3176 949 3244 ἕως
979 3174 1074 3253 μὶν
1105 3180 1134 3236 ὁ
1180 3174 1423 3256 βασιλεὺς
1461 3177 1584 3249 ἔζη,
1614 3175 1681 3234 τὰ
1722 3176 1839 3235 καθ’

272 3268 422 3326 αὑτὸν
444 3268 722 3348 ἔπραττεν·
744 3265 861 3343 ἅμα
882 3263 937 3324 δὲ
956 3268 1033 3345 τῷ
1056 3262 1383 3342 μεταλλάξαι
1406 3264 1618 3337 ἐκεῖνον,
1639 3263 1841 3343 ταχέως

273 3353 576 3430 ἆξομαλίσας
620 3354 688 3414 τὰ
724 3354 902 3426 πλήθη
919 3401 934 3428 ,
958 3352 1249 3434 στρατηγὸς
1276 3352 1435 3411 πάλιν
1478 3353 1696 3429 Ξγενήθη
1736 3356 1840 3412 τῶν

270 3443 401 3502 κατὰ
428 3442 732 3514 Πηλούσιον
761 3442 955 3505 τόπων.
1042 3441 1151 3502 Καὶ
1178 3439 1270 3508 τὰς
1301 3439 1393 3518 μὲν
1423 3440 1590 3522 ἀρχὰς
1618 3443 1840 3501 ἐποιεῖτο

272 3531 359 3600 τὴν
396 3533 668 3612 ἀναφορὰν
699 3535 804 3591 τῶν
841 3529 1217 3612 πραττομένων
1247 3529 1335 3588 ἐπὶ
1375 3527 1435 3588 τὸ
1462 3535 1554 3589 τοῦ
1583 3530 1841 3607 βασιλέως

271 3619 543 3701 συμφέρον,
574 3619 925 3698 πεπεισμένος
953 3617 1199 3698 ὑπάρξειν
1229 3616 1280 3677 τὶ
1305 3615 1585 3697 συνέδριον,
1614 3618 1643 3675 ὃ
1665 3617 1760 3688 τήν
1783 3640 1839 3675 τε

272 3713 354 3765 τοῦ
379 3710 563 3776 παιδὸς
594 3707 936 3788 ἐπιτροπείαν
965 3706 1063 3774 ἕξει
1086 3706 1178 3764 καὶ
1202 3705 1299 3777 τὴν
1328 3709 1432 3764 τῶν
1458 3705 1596 3763 ὅλων
1617 3729 1840 3784 προστα·

272 3795 397 3851 σίαν·
444 3800 517 3864 ὡς
557 3798 607 3856 δ’
634 3794 777 3877 ἐώρα
824 3794 943 3862 τοὺς
981 3794 1077 3871 μὲν
1120 3793 1291 3861 ἀξίους
1330 3793 1611 3871 ἐπιτροπῆς
1650 3794 1837 3873 ἄνδρας

273 3880 499 3940 ἐκποδὼν
527 3883 840 3960 γεγονότας,
870 3887 963 3952 τῆς
990 3878 1045 3938 δὲ
1072 3883 1176 3938 τῶν
1205 3877 1341 3938 ὅλων
1371 3881 1538 3960 ἀρχῆς
1582 3881 1839 3938 κατατολ-

273 3973 449 4043 μῶντα
501 3969 593 4029 τὸν
635 3968 988 4048 Ἀγαθοκλέα,
1035 3966 1239 4047 ταχέως
1288 3970 1368 4047 ἐφ’
1415 3965 1594 4046 ἑτέρας
1644 3967 1843 4045 ἐγένετο

272 4055 501 4132 γνώμης.
594 4057 704 4116 Καὶ
751 4058 850 4134 (la)
880 4053 1209 4136 ὑφορώμενος
1243 4055 1331 4112 τὸν
1381 4057 1684 4133 προεστῶτα
1725 4052 1842 4112 κίν-

278 4143 418 4202 δυνον
441 4143 529 4201 διὰ
552 4142 652 4214 τὴν
676 4142 1022 4219 ὑποκειμένην
1052 4144 1224 4208 αὐτοῖς
1248 4139 1464 4220 ἔχθραν,
1490 4139 1582 4205 τείς
1610 4163 1665 4197 τε
1691 4141 1842 4198 δυνά-

277 4253 385 4303 μεις
421 4233 545 4308 περὶ
574 4229 733 4289 αὑτὸν
764 4229 968 4309 ἤθροιζε
995 4228 1087 4286 καὶ
1115 4227 1234 4308 περὶ
1263 4228 1420 4306 πόρον
1465 4226 1662 4303 ἐγίνετο
1706 4249 1843 4304 χρη-

278 4317 473 4394 μάτων,
496 4317 588 4375 ἵνα
627 4316 814 4395 μηδενὶ
841 4319 943 4374 τῶν
971 4319 1169 4396 ἐχθρῶν
1217 4314 1523 4394 εὐχείρωτος
1569 4304 1619 4393 ᾖ.
1700 4311 1843 4388 Ἅμα

277 4402 331 4459 δὲ
365 4405 453 4462 καὶ
476 4406 577 4474 τὴν
618 4408 709 4461 τοῦ
744 4402 930 4469 παιδὸς
968 4400 1301 4479 ἐπιτροπείαν
1330 4400 1422 4459 καὶ
1457 4401 1551 4471 τὴν
1581 4402 1685 4457 τῶν
1712 4399 1846 4457 ὅλων

276 4493 596 4567 προστασίαν
634 4494 706 4558 εἷς
731 4489 913 4549 ἑαυτὸν
951 4488 1090 4561 ἥξειν
1104 4489 1172 4570 (*)
1200 4490 1298 4547 οὔεί
1313 4487 1603 4560 ἀπήλπιζε,
1626 4487 1849 4563 νομίζων

3317 448 3476 490 xxix

1918 569 2166 627 promptos
2192 565 2253 614 ad
2271 566 2575 630 exsequenda
2603 566 2831 628 imperata
2853 578 2905 615 sc
2932 566 3207 615 habiturum
3231 578 3332 616 esse
3353 568 3476 616 salu·

1917 672 1980 721 tis
2013 684 2117 721 suaa
2154 675 2205 722 et
2234 684 2483 723 successus
2523 672 2681 723 socios
2704 675 2754 722 et
2796 672 3057 735 adjutores.
3093 676 3320 723 Ceterum
3346 676 3478 735 gesta

1919 778 2028 827 ha=c
2051 778 2213 827 omnia
2244 781 2360 828 sunt
2391 781 2506 829 ante
2545 779 2749 843 Philippi
2772 780 3053 842 decretum,
3089 781 3159 830 uti
3183 794 3327 843 supra
3351 780 3472 829 indi-

1918 884 2155 934 cavimus.
2241 887 2427 936 verum
2462 899 2617 949 quum
2655 900 2718 937 ex
2744 886 3084 937 distributione
3107 890 3284 938 nostrie
3309 902 3476 938 narra-

1916 988 2063 1038 tionis
2090 988 2292 1053 Philippi
2325 1004 2402 1045 res
2424 992 2472 1040 in
2486 993 2816 1056 superioribus
2827 995 2929 1058 iam
2955 996 3349 1059 exposuerimus,
3376 995 3478 1046 fieri

1919 1108 2016 1145 non
2051 1098 2216 1158 potuit
2255 1098 2372 1160 quin
2410 1099 2677 1161 legatorum
2722 1114 2836 1151 cum
2874 1102 3064 1165 regibus
3109 1115 3391 1165 congressus
3430 1104 3482 1153 et

1919 1198 2034 1250 data
2056 1201 2116 1250 iis
2143 1214 2369 1265 responsa
2388 1172 2502 1253 ante
2519 1204 2897 1256 nominationem
2916 1219 3085 1256 eorum
3103 1210 3250 1270 atque
3272 1206 3483 1256 emissio·

1919 1318 2032 1355 nem
2074 1320 2398 1360 narraremus.
2436 1308 2720 1370 Agathocles
2754 1324 2872 1360 vero
2921 1315 3182 1375 postquam
3225 1313 3482 1364 celeberri-

1918 1422 2055 1459 mum
2073 1424 2317 1473 quemque
2334 1425 2362 1461 e
2382 1411 2540 1462 medio
2555 1416 2842 1476 removerat,
2860 1428 2918 1465 ac
2927 1417 3251 1468 multitudinis
3270 1419 3481 1469 furorem

1917 1512 2265 1577 stipendiorum
2289 1515 2514 1578 pensione
2532 1523 2892 1580 compresserat,
2914 1532 2942 1569 e
2963 1521 3162 1585 vestigio
3181 1522 3242 1572 ad
3261 1522 3484 1585 pristinos

1918 1634 2079 1671 mores
2099 1620 2240 1672 rediit
2261 1635 2350 1672 :ac
2369 1623 2623 1686 dignitates
2644 1638 2812 1676 omnes
2838 1627 3035 1689 palatii,
3059 1641 3172 1692 quae
3193 1631 3314 1679 tunc
3337 1643 3483 1680 vaca·

1919 1725 2064 1788 bant,
2086 1726 2253 1776 amicis
2268 1727 2370 1776 suis
2392 1729 2652 1791 concessit,
2677 1730 2913 1792 producto
2930 1745 2994 1781 ex
3015 1732 3198 1782 ultimis
3221 1746 3281 1782 ac
3297 1734 3482 1784 servili·

1919 1830 2013 1879 bus
2047 1830 2322 1881 ministeriis
2357 1831 2597 1881 levissimo
2639 1845 2832 1896 quoque
2865 1835 3013 1895 atque
3049 1833 3482 1898 impudentissimo.

1921 1936 2028 1995 lpse
2044 1932 2147 1983 dies
2172 1935 2435 1996 noctesque
2456 1933 2506 1982 tn
2524 1934 2639 1984 vino
2665 1937 2813 1997 atque
2831 1935 2891 1985 iis
2912 1949 3023 1998 quae
3052 1937 3220 1987 vinum
3255 1941 3483 2003 consequi

1919 2038 2103 2100 solent,
2128 2037 2405 2087 libidinibus
2423 2038 2620 2100 agebat,
2643 2052 2733 2088 nec
2757 2041 2919 2103 nuptis
2946 2054 3036 2090 nec
3058 2043 3243 2105 sponsis
3276 2057 3368 2093 nec
3391 2044 3483 2092 vir·

1920 2140 2086 2202 ginum
2110 2140 2281 2207 pudori
2304 2155 2503 2205 parcens
2526 2156 2541 2193 t
2566 2145 2713 2207 atque
2732 2143 2837 2193 hoec
2860 2147 3035 2193 cuncta
3062 2159 3175 2195 cum
3197 2146 3483 2197 intolerabili

1920 2246 2144 2310 superbia
2168 2247 2432 2296 factitabat.
2458 2252 2619 2307 Quare
2639 2261 2792 2310 quum
2813 2252 3095 2313 praesentem
3118 2265 3280 2301 rerum
3302 2254 3482 2302 statum

1921 2353 2130 2403 universi
2151 2366 2278 2415 tegre
2295 2354 2496 2413 tenent,
2513 2354 2701 2404 nullum
2720 2358 2882 2405 autem
2904 2356 3127 2406 solatium
3146 2370 3204 2408 ac
3222 2357 3484 2408 remedium

1923 2457 2249 2520 adhiberetur,
2273 2461 2439 2509 contra
2461 2460 2621 2522 potius
2653 2460 2933 2523 insolentia,
2965 2461 3188 2523 superbia
3222 2474 3282 2512 ac
3305 2462 3486 2512 desidia

1922 2559 2143 2622 quotidie
2171 2559 2515 2621 invalesceret,
2544 2573 2709 2609 rursus
2727 2560 2981 2622 pristinum
3008 2562 3137 2624 vulgi
3158 2564 3325 2613 odium
3344 2576 3486 2613 exar-

1923 2661 2014 2725 sit,
2034 2663 2295 2726 cunctique
2313 2662 2609 2711 calamitates
2622 2662 2753 2724 regni
2775 2662 2836 2711 ab
2855 2662 2930 2712 his
2948 2664 3224 2714 hominibus
3240 2638 3489 2728 superiori·
3525 2668 3534 2675 '

1924 2764 2018 2814 bus
2046 2763 2345 2828 temporibus
2375 2762 2613 2825 profectas
2643 2762 2692 2811 in
2729 2763 3010 2813 memoriam
3044 2764 3353 2815 revocabant.
3393 2764 3488 2814 Sed

1924 2879 2078 2930 quum
2100 2866 2302 2916 idoneus
2333 2865 2408 2914 vir
2440 2865 2652 2927 deesset,
2694 2864 2834 2927 cujns
2854 2864 3006 2914 ductu
3030 2867 3179 2926 atque
3199 2878 3343 2928 opera
3368 2865 3490 2914 iram

1924 2975 2066 3012 suam
2088 2961 2138 3010 in
2163 2960 2469 3022 Agathoclem
2504 2961 2555 3009 et
2581 2958 2919 3021 Agathocleam
2942 2958 3268 3021 effunderent,
3297 2958 3489 3016 interim

1925 3057 2265 3121 quiescebant,
2289 3056 2482 3105 unicam
2505 3068 2638 3117 spem
2656 3053 2817 3104 adbuc
2836 3054 2886 3103 in
2920 3054 3201 3117 Tlepolemo
3235 3055 3489 3117 habentes,

1925 3165 2023 3215 qua
2047 3149 2349 3212 setantisper
2370 3147 2716 3198 sustentabant.
2751 3147 3058 3210 Tlepolemus
3083 3147 3192 3209 ille,
3226 3147 3343 3197 dnm
3379 3148 3489 3196 l’hi-

1927 3247 2118 3310 lopator
2145 3259 2233 3294 rex
2270 3243 2492 3304 vivebat,
2533 3255 2646 3293 suas
2681 3255 2756 3292 res
2788 3241 3002 3304 privatas
3035 3245 3317 3303 curaverat;
3339 3254 3492 3304 quum

1927 3344 2140 3406 primum
2155 3343 2318 3390 autem
2334 3339 2375 3389 is
2388 3340 2485 3389 t’ato
2502 3338 2754 3388 dehmctus
2767 3340 2906 3398 esset,
2921 3337 3200 3388 demulcens
3217 3338 3491 3388 multitudi-

1927 3449 2041 3485 nem
2059 3437 2230 3484 iterum
2250 3433 2349 3482 dux
2369 3432 2611 3482 exercitus
2630 3431 2676 3480 in
2697 3431 2886 3492 regione
2907 3431 3152 3479 Pelusiaca
3173 3434 3367 3480 creatus
3400 3433 3491 3480 cst.

1930 3536 1991 3583 Et
2010 3533 2144 3582 initio
2161 3530 2358 3593 quidem
2377 3529 2445 3580 ita
2466 3527 2587 3591 egit,
2611 3529 2666 3576 ut
2688 3526 2749 3576 ad
2770 3525 2891 3588 regis
2911 3525 3166 3575 commoda
3184 3525 3348 3575 omnia
3374 3525 3490 3574 diri-

1928 3632 2088 3693 geren
2109 3628 2334 3678 censebat
2354 3627 2486 3676 enim
2508 3624 2762 3686 collegium
2789 3624 3105 3673 constitutum
3133 3623 3190 3672 lrl
3205 3660 3219 3684 ,
3239 3624 3318 3673 cui
3342 3625 3493 3673 tutela

1930 3726 2067 3789 pueri
2091 3727 2140 3773 et
2171 3735 2360 3772 summa
2396 3733 2558 3770 rerum
2592 3718 2942 3769 administratio
2976 3718 3369 3769 demandaretur.
3401 3717 3494 3768 Sed

1931 3822 2015 3873 ubi
2035 3822 2152 3871 vidit
2165 3820 2334 3881 dignos
2345 3817 2659 3879 suscipiendae
2683 3816 2849 3865 tuteloe
2869 3816 2996 3866 viros
3014 3830 3042 3866 e
3061 3815 3220 3865 medio
3238 3814 3494 3875 removeri,

1929 3927 2267 3976 summamque
2290 3913 2451 3961 rerum
2487 3909 2712 3959 audacter
2734 3909 2962 3959 affectare
2999 3908 3311 3971 Agathoclem
3326 3944 3342 3969 ,
3380 3922 3495 3957 nmx

1930 4009 2218 4060 sententiam
2253 4006 2478 4057 mutavit.
2509 4011 2576 4053 Ac
2597 4003 2844 4065 suspicans
2865 4003 3132 4065 periculum
3148 4038 3163 4063 ,
3183 4002 3313 4063 quod
3344 4015 3406 4051 ex
3427 4002 3495 4050 si·

1933 4107 2135 4156 multate
2154 4117 2266 4153 cum
2292 4101 2551 4164 Agathocle
2577 4098 2665 4149 sibi
2692 4098 3016 4148 intercedente
3038 4097 3338 4160 proditurum
3354 4098 3495 4157 foret,

1934 4202 2096 4264 copias
2127 4199 2254 4248 circa
2276 4210 2327 4247 se
2357 4195 2672 4257 congregabat
2699 4192 3018 4255 cogendisque
3049 4193 3265 4255 pecuniis
3299 4204 3495 4254 operam

1934 4295 2107 4354 dabat,
2127 4297 2180 4341 ut
2205 4306 2234 4341 a
2253 4291 2441 4340 nemine
2465 4289 2601 4339 facile
2618 4287 2772 4350 subigi
2796 4288 2966 4349 posset.
2985 4285 3138 4337 Simul
3158 4298 3274 4334 vero
3293 4298 3388 4333 non
3408 4284 3497 4334 de-

1935 4389 2160 4453 sperabat
2184 4388 2311 4449 lore,
2332 4389 2387 4436 ut
2402 4386 2605 4436 tutelam
2628 4385 2764 4448 pueri
2788 4395 3126 4445 summamque
3144 4395 3306 4431 rerum
3348 4381 3496 4430 adini·

1936 4483 2267 4534 nistrationem
2286 4481 2348 4531 ad
2365 4494 2417 4530 se
2436 4479 2764 4543 pertraheret:
2787 4490 2898 4527 nam
2926 4478 3012 4546 vel·
3043 4490 3132 4527 suo
3155 4477 3302 4539 ipsius
3316 4476 3501 4540 jndicio
3551 4535 3558 4542 γ

278 4579 361 4636 καὶ
388 4579 533 4637 κατὰ
564 4578 664 4650 τὴν
707 4576 844 4637 ἰδίαν
886 4575 982 4653 μὲν
1033 4577 1203 4657 κρίσιν
1259 4576 1411 4643 αὐτὸς
1452 4572 1850 4655 ἀξιοχρεώτερος
1939 4594 1991 4631 se
2013 4581 2162 4642 magis
2181 4590 2328 4642 quam
2357 4574 2663 4639 Agathoclem
2682 4573 2742 4624 ad
2765 4573 2970 4637 quodvis
2996 4574 3240 4636 negotium
3272 4585 3373 4621 esse
3391 4571 3498 4620 ido-

340 4761 415 4805 to.
444 4760 516 4806 De
540 4756 637 4806 hac
660 4755 897 4818 hgatione
929 4754 1091 4805 statim
1123 4757 1232 4817 post
1270 4755 1477 4803 mortem
1514 4752 1636 4814 regis
1668 4751 1729 4801 ad
1758 4751 2047 4801 Antiochum
2077 4749 2222 4797 missa
2261 4748 2312 4796 in
2337 4744 2730 4795 antecedentibus
2768 4755 3041 4792 sermonem
3085 4742 3229 4790 luisse
3262 4740 3408 4789 etiam
3440 4749 3503 4786 ex

278 4827 553 4886 moestum
573 4841 617 4875 rs
640 4825 888 4888 Excerptis
911 4838 1174 4887 eorumque
1194 4826 1316 4875 serie
1332 4823 1589 4886 colligitur.
1615 4821 1739 4871 Vide
1755 4821 1839 4870 lib.
1859 4823 1973 4880 xv,
1998 4826 2060 4869 20
2080 4821 2232 4880 (Exc.
2260 4817 2463 4879 Antiq.).
2493 4814 2562 4865 Ad
2597 4813 2796 4877 Philippi
2817 4813 3033 4873 consilia,
3065 4824 3096 4860 a
3118 4811 3317 4872 Polybio
3340 4820 3505 4858 severe

278 4895 519 4958 fidigna,
540 4894 847 4945 referendum
865 4908 1056 4958 quoque
1072 4897 1147 4944 est
1165 4897 1284 4943 Exc.
1299 4894 1519 4944 vatican.
1542 4893 1684 4953 (XV,
1705 4894 1762 4939 24
1782 4895 1797 4948 )
1814 4925 1829 4948 ,
1849 4888 1933 4937 ubi
1951 4889 2117 4937 nostro
2140 4887 2247 4935 loco
2270 4883 2555 4947 respondent
2578 4883 2684 4933 hoec
2705 4899 2717 4932 :
2740 4882 2871 4932 Ἐπεὶ
2889 4882 3043 4938 πάσας
3064 4882 3167 4931 καθ’
3187 4883 3384 4929 ἕκαστον
3403 4880 3502 4936 ἔτος

276 4967 358 5018 τὰς
373 4967 648 5024 κατάλληλα
658 4966 838 5028 πράξεις
849 4967 1093 5028 γενομένας
1111 4965 1234 5014 κατὰ
1246 4966 1330 5022 τὴν
1343 4964 1618 5025 οἰκουμένην
1630 4961 1935 5022 ἐξηγούμεθα,
1948 4960 2085 5017 δῆλον
2100 4957 2173 5005 δτι
2191 4955 2443 5018 ἀναγκαῖόν
2459 4956 2557 5004 ἐστι
2576 4956 2656 5003 καὶ
2673 4956 2729 5004 τὸ
2748 4956 2876 5010 τελος
2896 4952 2971 5003 ἐπ’
2988 4953 3122 5002 ἐνίων
3139 4949 3357 5031 πρότερον
3376 4950 3503 5030 ἐκρέ-

280 5048 369 5095 pov
389 5040 473 5092 τῆς
489 5037 643 5100 ἅρχῆς
660 5038 761 5085 κτλ.
783 5061 848 5071 -
874 5042 947 5085 li.
978 5039 1100 5094 Quoe
1120 5039 1409 5099 sequuntur,
1428 5033 1539 5082 inde
1559 5032 1622 5082 ab
1642 5032 1915 5094 Ἀγαθοκλῆς
1943 5041 2094 5090 usque
2110 5026 2170 5075 ad
2198 5027 2279 5075 καὶ
2301 5027 2447 5087 ταύτῃ
2475 5026 2858 5088 προσανέχοντες,
2879 5024 3103 5084 leguntur
3124 5022 3268 5070 etiam
3289 5032 3336 5067 m
3363 5017 3505 5067 editis

283 5103 433 5163 (litu-o
452 5108 563 5165 xv,
596 5111 679 5165 25,
708 5111 739 5153 3
757 5110 849 5155 -8
869 5107 905 5166 ),
930 5105 1012 5154 sed
1038 5106 1192 5155 mullo
1229 5105 1430 5168 plenius.
1456 5102 1644 5153 Etenim
1671 5116 1729 5152 ea
1751 5102 1915 5151 omnia
1937 5112 2049 5163 qua».
2072 5095 2208 5145 uncis
2227 5096 2422 5156 inclusi,
2444 5095 2493 5144 in
2513 5099 2675 5145 nostro
2695 5095 2860 5143 codice
2882 5093 3072 5142 desunt.
3091 5119 3154 5132 -
3175 5097 3249 5139 12.
3265 5090 3503 5152 ἔχοντες

284 5172 407 5236 nai]
442 5175 555 5224 haec
582 5173 682 5222 duo
709 5173 943 5222 vocabula
964 5175 1012 5222 iu
1048 5173 1188 5224 editis
1206 5174 1406 5232 desunt;
1430 5172 1610 5234 absque
1631 5171 1826 5221 damno.
1846 5197 1911 5208 —
1939 5174 2013 5220 13.
2045 5166 2177 5230 καῖ’]
2212 5166 2494 5230 particulam
2530 5166 2629 5216 huc
2661 5165 2928 5228 transposui
2957 5177 3019 5213 ex
3049 5175 3183 5225 seqq.
3204 5197 3220 5224 ,
3246 5159 3327 5209 ubi
3351 5158 3505 5208 codex

286 5244 495 5304 unsa:
519 5243 893 5307 ἔχθρανκαὶτάς
916 5244 1215 5308 τεδυνὰμεις.
1241 5245 1345 5285 -*
1370 5241 1570 5304 ἥξειν]
1594 5239 1701 5292 cod.
1729 5241 1860 5297 ἕξειν.
1902 5253 1915 5268 ·
