4016 5916
563 407 647 455 ¹1.

562 522 752 600 δεινὸν,
795 512 898 582 οἷον
922 519 1013 579 καὶ
1040 517 1160 598 περὶ
1192 515 1477 588 Μεσσήνην
1521 514 1722 593 ἐγένετο
1761 513 1856 585 τὴν
1886 517 1938 573 ἐν
1976 517 2129 575 Σικε·

1237 386 1334 445 ΕΚ
1382 384 1539 444 ΤΗΣ
1582 384 1942 444 ΙΣΤΟΡΙΑΣ
1984 384 2394 444 atomum·
2434 384 3100 448 ΑΑΙΚΑΡΝΑΣΣΕΩΣ.

2218 536 2319 586 qua
2347 526 2562 574 Messana
2594 525 2644 575 in
2680 526 2837 577 Sicilia
2870 527 3044 578 affecta
3066 529 3138 578 est
3170 528 3402 591 similem,
3438 544 3633 583 summo
3663 533 3797 585 illam

561 610 682 693 λῖᾳ,
715 610 946 687 μεγάλης
970 609 1206 687 φυλακῇ
1230 605 1320 663 καὶ
1345 603 1590 684 πρθνθῖας
1617 602 1758 670 ἄξιον
1775 601 2005 670 ἇπάσαῑς
2020 603 2132 679 ταῖς
2218 627 2378 677 studio
2409 627 2598 678 cunctis
2624 629 2824 679 urbibus
2858 630 3240 693 praecavendam.
3307 635 3639 685 Necessarium
3679 651 3800 689 vero

563 699 798 759 πόλεσιν.
882 694 1109 773 Ἀνάγκη
1149 694 1203 752 δὲ
1246 691 1338 760 τὰς
1382 691 1550 759 αἰτίας
1595 690 1685 750 καὶ
1723 690 1816 757 τὰς
1849 690 2134 771 προφάσεις

565 792 669 847 τῶν
691 782 1065 863 κατασχόντων
1085 780 1246 854 αὐτὴν
1260 784 1438 840 κακῶν
1460 782 1750 861 προειπεῖν.
1834 776 1972 837 ‘'Os-s
1996 782 2132 837 Λευ·

565 873 713 933 κανοὶ
733 872 822 931 καὶ
838 869 1076 952 Βρέττιοι
1096 869 1347 946 δυνάμεσι
1363 869 1580 934 πολλαῖς
1596 866 1682 926 ἐπὶ
1703 864 1957 947 Θουρίους
1972 888 2132 946 στρα-

565 962 839 1027 τεύσαντες
868 959 962 1031 τήν
992 981 1050 1017 τε
1083 956 1263 1039 χώραν
1310 958 1481 1014 αὐτῶν
1518 938 1892 1034 ἐξεπόρθησαν,
1921 953 2012 1011 καὶ
2039 951 2131 1025 τὴν

564 1052 717 1109 πόλιν
736 1048 1263 1130 περιχαρακώσαντες
1283 1043 1638 1124 ἐπολιόρκουν·
1654 1045 1734 1124 ἐφ’
1752 1039 1838 1109 οὓς
1857 1040 2132 1113 ἀπεστάλη

567 1136 855 1214 Ῥωμαίων
908 1133 1154 1209 δύναμις,
1201 1124 1262 1205 ἧς
1302 1135 1480 1207 ἡγεῖτο
1527 1128 1821 1209 Φαὸρίκιος
1864 1132 1891 1186 ὅ
1920 1120 2134 1196 ὕπατος·

568 1224 876 1307 φοὸηθέντες
906 1224 952 1280 οἳ
979 1220 1218 1296 Ῥηγῖνοι
1244 1217 1318 1296 μὴ
1349 1217 1439 1276 καὶ
1474 1218 1561 1276 ἐπὶ
1591 1217 1722 1299 σφὰς
1758 1219 1806 1275 οἱ
1838 1214 2095 1295 βάρὸαροι
2114 1262 2130 1293 ,

570 1310 853 1389 Ῥωμαίων
900 1307 1262 1367 ἀπολυθέντων
1317 1308 1401 1385 (1),
1455 1304 1700 1385 στρατιὰν
1750 1305 2131 1375 ἀποστείλωσι,

566 1401 660 1462 καὶ
687 1399 782 1471 τὴν
798 1395 1138 1479 Ταραντίνων
1166 1394 1317 1453 πόλιν
1338 1395 1390 1452 ἐν
1418 1401 1531 1460 ταῖς
1555 1392 1795 1475 ὗποψίαις
1825 1396 1886 1470 (2)
1914 1391 2134 1471 ἔχοντες,

570 1489 859 1562 ἐδεήθησαν
889 1491 979 1545 τοῦ
1000 1482 1303 1565 Φαὸρικίου
1325 1481 1541 1558 δύναμιν
1559 1486 1622 1562 τῇ
1647 1482 1796 1540 πόλει
1819 1482 1987 1539 λιπεῖν
2007 1478 2136 1561 πρὸς

569 1578 662 1645 τὰς
692 1574 970 1656 αἰφνιδίους
997 1577 1099 1632 τῶν
1133 1571 1411 1652 βαρὸάρων
1443 1569 1755 1651 ἐπιδρομὰς,
1775 1568 1865 1627 καὶ
1890 1566 1939 1627 εἴ
1975 1592 2051 1635 τις
2076 1571 2136 1627 ἐκ

568 1669 672 1725 τῶν
687 1662 1022 1743 Ταραντίνων
1042 1658 1295 1731 ἐπιὸουλή
1313 1682 1487 1739 σφισιν
1513 1656 1903 1739 ἀπροσδόκητος
1915 1654 2133 1734 γένοιτο·

570 1753 662 1811 καὶ
680 1750 1040 1829 λαμὸάνουσιν
1072 1745 1399 1825 Καμπανοὺς
1425 1744 1520 1824 μὲν
1539 1744 1897 1815 ὀκτακοσίους,
1932 1746 2158 1805 Σιτικιω

569 1839 686 1907 vob<
708 1840 771 1920 (a)
795 1838 847 1897 δὲ
870 1836 1329 1917 τετταρακοσίους,
1357 1825 1428 1893 ὧν
1458 1832 1704 1892 ἁπάντων
1729 1834 1907 1910 ἡγεῖτο
1935 1830 2133 1904 Δέκιος,

571 1926 866 2004 Καμπανὸς
914 1924 974 1984 τὸ
1015 1923 1179 2004 γένος.
1267 1913 1435 1990 Οὗτος
1469 1926 1496 1981 ὁ
1544 1922 1674 2002 ἀνὴρ
1725 1918 1811 1979 ὅτε
1855 1919 2136 1996 κατάγοιτο

570 2014 718 2097 παρὰ
741 2013 858 2080 τοὺς
878 2010 1317 2093 ἐπιφανεστάτους
1340 2013 1442 2068 τῶν
1463 2007 1775 2089 ἐπιχωρίων,
1805 2005 2062 2072 ἑστιάσεις
2080 2029 2136 2064 τε

569 2101 818 2183 λαμπρὰς
839 2098 978 2159 κατὰ
995 2100 1088 2170 τὴν
1105 2095 1482 2179 φιλοφροσύνην
1501 2100 1604 2156 τῶν
1628 2095 1780 2165 ξένων
1808 2093 2134 2173 ἑστιώμενος,

573 2191 598 2269 [
625 2188 717 2248 καὶ
740 2190 764 2270 ]
786 2187 1116 2253 κατασκευὰς
1144 2190 1318 2245 οἰκιῶν
1340 2183 1590 2266 λαμπρὰς
1616 2184 1707 2243 καὶ
1747 2181 2138 2263 βαθυπλοῦτους

569 2276 717 2359 παρὰ
758 2279 969 2343 πολλοῖς
1009 2278 1161 2356 ὁρῶν,
1193 2274 1308 2334 κατ’
1348 2272 1515 2353 ἀρχὰς
1557 2270 1650 2351 μὲν
1693 2268 1975 2352 ἐμακάριζε
2021 2267 2137 2338 τοὺς

570 2364 847 2445 Ῥηγίνους
860 2369 954 2436 τῆς
969 2362 1321 2440 εὐδαιμονίας,
1359 2360 1518 2420 ἔπειθ’
1548 2364 1617 2427 ὡς
1638 2357 1861 2429 ἀναξίοις
1888 2359 1951 2435 (4)
1990 2356 2133 2438 ἐφθό·

569 2476 679 2529 νει,
705 2454 959 2511 τελευτῶν
980 2450 1037 2510 δὲ
1061 2455 1129 2517 ὥς
1150 2448 1417 2526 πολεμίοις
1442 2445 1790 2505 ἐπιδουλεύειν
1820 2444 2029 2525 ἤρξατο·
2047 2444 2135 2503 καὶ

570 2539 890 2623 προσλαὸὼν
916 2538 1158 2598 κοινωνὸν
1190 2539 1251 2616 (s)
1283 2540 1386 2594 τῶν
1420 2534 1729 2615 ἀπορρήτων
1765 2532 2135 2614 βουλευμάτων

572 2627 660 2687 τὸν
686 2626 1034 2707 γραμματέα,
1055 2630 1348 2705 πανοῦργον
1374 2622 1535 2701 ἄνδρα
1565 2621 1657 2680 καὶ
1685 2622 1857 2692 πάσης
1888 2620 2138 2700 πονηρίας

574 2715 945 2795 ἀρχιτεκτόνα,
1004 2712 1133 2792 πρὸς
1189 2714 1350 2769 αὐτοῦ
1410 2709 1613 2775 πάντας
1668 2707 1939 2787 Ῥηγίνους
1995 2710 2133 2766 ἀπο-

573 2811 804 2877 κτεῖναι,
842 2800 934 2858 καὶ
972 2798 1067 2871 τὴν
1111 2796 1441 2876 εὐδαιμονίαν
1489 2798 1658 2854 αὓτῶν
1699 2793 1795 2867 τὴν
1838 2791 1932 2871 μὲν
1984 2794 2137 2862 αὐτὸς

573 2893 884 2969 κατασχεῖν,
915 2884 1007 2958 τὴν
1040 2886 1094 2945 δὲ
1137 2886 1239 2953 τοῖς
1270 2883 1612 2966 στρατιώταις
1646 2885 1831 2943 διελεῖν
1862 2881 2136 2962 (λέγοντος

574 2977 653 3038 ὅτι
671 2980 695 3058 [
712 2957 803 3038 καὶ
819 2983 840 3050 ]
855 2973 1141 3047 Μεσσήνην
1156 2972 1315 3054 ὀλίγῳ
1334 2973 1582 3056 πρότερον
1599 2963 1766 3052 εἶλον)
1790 2973 2016 3038 πεισθεὶς
2045 2974 2104 3051 (6⁸
2113 3018 2130 3048 ,

573 3065 663 3126 xci
730 3065 820 3125 τὸν
867 3062 1060 3145 τρόπον
1093 3066 1188 3137 τῆς
1240 3061 1615 3143 ἐπιχειρήσεως
1656 3058 1749 3120 σὺν
1808 3063 1948 3142 αὐτῷ
2010 3065 2132 3140 βου-

573 3153 911 3231 λευσάμενος,
953 3150 1070 3218 τοὺς
1115 3150 1497 3231 ταγματάρχας
1543 3148 1602 3232 (7)
1637 3147 1727 3207 καὶ
1775 3147 1892 3215 τοὺς
1948 3150 2137 3230 ἐπιφα-

573 3242 852 3311 νεστάτους
877 3244 980 3300 τῶν
1013 3241 1345 3320 στρατιωτῶν
1373 3241 1445 3304 εἰς
1487 3237 1547 3297 τὸ
1570 3235 1832 3316 συνέδριον
1866 3235 2130 3296 ἐκάλεσεν.

573 3330 784 3405 Δεηθεὶς
802 3329 855 3390 δὲ
888 3327 1135 3388 ἁπάντων
1158 3323 1483 3407 ἀπορρήτους
1517 3324 1740 3406 φυλάξαι
1779 3324 1898 3391 τοὺς
1925 3323 2136 3403 λόγους,

570 3418 803 3481 κίνδυνον
833 3417 931 3500 ἔφη
953 3415 1119 3496 μέγαν
1145 3417 1289 3498 αὐτῷ
1307 3414 1750 3493 ἑπικρεμασθέντα
1781 3414 1977 3483 πολλῆς
1999 3412 2137 3472 πάνυ

573 3509 807 3589 φυλακῆς
832 3506 924 3566 καὶ
943 3504 1157 3586 ταχείας
1185 3504 1445 3581 δεόμενον,
1469 3505 1537 3570 ὣς
1559 3507 1648 3560 τοῦ
1680 3506 1863 3582 καιροῦ
1879 3500 1953 3578 μὴ
1975 3502 2137 3559 διδόν-

570 3619 654 3661 τος
672 3591 1024 3676 ἀναστροφῆν.
1058 3589 1431 3664 Πεπυσμὲνους
1453 3588 1553 3671 γὰρ
1578 3587 1674 3661 τὴν
1704 3589 1914 3669 Πύρρου
1940 3587 2135 3647 διᾶὅα-

572 3706 652 3743 σιν
672 3682 790 3749 τοὺς
814 3680 1250 3762 ἐπιφανεστάτους
1272 3677 1534 3757 (Ρηγίνων
1561 3676 1734 3757 κρύφα
1750 3674 2137 3753 διαπέμπεσθαι

567 3769 697 3850 πρὸς
724 3768 899 3843 αὐτὸν,
928 3767 1369 3846 ὑπισχνουμένους
1391 3763 1741 3845 κατασφάξειν
1770 3763 1864 3836 τὴν
1888 3763 2136 3846 φρουρὰν,

567 3858 661 3919 καὶ
689 3855 1019 3940 παραδώσειν
1045 3855 1224 3935 ἐκείνῳ
1253 3852 1346 3925 τὴν
1365 3852 1537 3912 πόλιν.
1567 3848 1694 3912 Ἔτι
1712 3857 1877 3911 ταῦτα
1897 3851 2139 3931 λέγοντος

568 3947 756 4022 αὖτοῧ,
798 3949 974 4027 παρῆν
1021 3943 1101 4011 τὶς
1144 3941 1446 4022 ἐγκάθετος.
1504 3938 1805 4019 αὐχμηρὸς,
1862 3942 1932 4007 ὡς
1976 3940 2046 4018 (s)
2085 3938 2135 4008 ἐξ

567 4035 721 4110 ὁδοῦ,
757 4034 1053 4115 γράμματα
1095 4032 1183 4088 ὑπ’
1223 4031 1382 4087 αὐτοῦ
1419 4026 1607 4088 Δεκίου
1658 4028 2134 4105 κατασκευασμένα

458 4162 468 4171 -
567 4123 812 4200 κομίζων,
836 4125 907 4189 ὣς
940 4119 1087 4201 παρὰ
1114 4118 1257 4188 ξένου
1276 4115 1339 4189 δή
1365 4138 1499 4183 τινος
1512 4114 1675 4186 ἰδίου,
1704 4118 1757 4176 ἐν
1791 4106 1864 4184 οἷς
1887 4116 2135 4188 ἐδηλοῦτο

568 4211 775 4288 μέλλειν
792 4213 819 4268 ὃ
846 4206 1086 4290 βασιλεὺς
1111 4203 1450 4264 ἀποστέλλειν
1476 4202 1560 4261 ἐπὶ
1584 4201 1643 4261 τὸ
1658 4202 1873 4283 Ῥήγιον
1892 4202 1944 4283 φ’
1974 4225 2132 4283 στρα-

567 4296 757 4364 τιώτας
800 4299 871 4364 ὥς
910 4292 1371 4376 καταληψομένους
1413 4290 1506 4364 τὴν
1532 4290 1706 4371 πόλιν,
1742 4290 1957 4360 ἀνοίξειν
2005 4294 2133 4348 ὓπε-

569 4383 847 4464 σχημένων
869 4386 1043 4450 αὐτοῖς
1066 4381 1328 4460 Ῥηγίνων
1352 4380 1442 4448 τὰς
1468 4378 1659 4448 πύλας.
1742 4377 1893 4445 Τινὲς
1921 4377 2017 4456 μὲν
2044 4377 2137 4436 λέ-

566 4494 715 4550 γουσι
760 4469 848 4530 τὸν
888 4469 1330 4551 γραμματοφόρον
1354 4468 1456 4526 ὕπὸ
1482 4467 1781 4546 Φαὸρικίου
1818 4472 1906 4525 τοῦ
1932 4466 2133 4525 ὖπάτου

565 4557 705 4620 κατὰ
749 4552 977 4631 σπουδὴν
1022 4556 1377 4629 ἀπεστάλθαι,
1407 4554 1503 4628 τὴν
1548 4557 1593 4613 δ’
1638 4552 1917 4626 ἐπιστολὴν
1965 4559 2132 4611 ταῦτα

2226 735 2300 782 est
2332 735 2387 782 ut
2410 732 2540 796 prius
2570 732 2631 783 de
2649 732 2830 796 origine
2852 735 2901 785 et
2922 747 3092 785 caussa
3114 735 3355 785 malorum
3369 773 3385 799 ,
3410 751 3522 800 quae
3553 740 3798 802 Rhegino-

2221 844 2330 881 rum
2366 833 2534 884 urbem
2565 835 2890 898 occuparunt,
2912 848 3168 900 exponam.
3233 841 3342 897 Quo
3365 840 3585 903 tempore
3612 844 3798 893 Lucani

2225 938 2274 987 et
2297 937 2470 987 Bruttii
2495 937 2662 988 multis
2678 950 2791 987 cum
2807 937 2955 1001 copiis
2972 940 3142 989 contra
3168 941 3376 991 Thurios
3408 943 3630 1007 profecti,
3656 958 3799 1008 agros

2223 1053 2391 1089 eorum
2410 1025 2695 1103 vastabant,
2726 1040 2998 1105 urbemque
3024 1041 3272 1094 obsidione
3290 1044 3499 1096 cinctam
3533 1048 3795 1110 tenebant,

2224 1145 2392 1193 contra
2411 1142 2681 1195 obsessores
2707 1145 2871 1195 autem
2893 1147 3222 1197 Romanorum
3255 1150 3496 1199 exercitus
3514 1151 3604 1200 sub
3632 1151 3796 1202 Fabri·

2223 1246 2297 1295 cio
2319 1246 2516 1297 consule
2547 1248 2722 1299 missus
2740 1249 2874 1299 erat:
2893 1249 3038 1301 veriti
3057 1249 3255 1313 Rhegini
3284 1264 3345 1302 ne
3367 1252 3417 1300 in
3445 1252 3574 1315 ipsos
3599 1266 3800 1316 quoque

2225 1348 2442 1423 barbari,
2476 1350 2699 1411 regressis
2720 1350 2976 1414 Romanis,
3002 1364 3136 1401 arma
3169 1354 3448 1414 moverent,
3486 1356 3536 1404 et
3558 1358 3799 1418 pratere-

2224 1448 2506 1499 Tarentinos
2536 1451 2888 1515 suspectantes,
2927 1456 3155 1516 rogarunt
3192 1454 3463 1504 Fabricium
3497 1458 3553 1506 ut
3589 1457 3797 1509 militem

2225 1551 2571 1612 praesidiarium
2605 1552 2736 1615 apud
2759 1566 2811 1604 se
2828 1554 3121 1617 relinqueret
3140 1556 3200 1605 ad
3229 1556 3458 1607 arcendas
3473 1557 3797 1610 barbarorum

2227 1654 2519 1705 incursiones
2539 1655 2827 1718 repentinas,
2838 1657 2888 1706 et
2904 1656 2944 1706 si
2960 1657 3136 1720 quibus
3145 1658 3513 1708 Tarentinorum
3535 1660 3716 1711 insidiis
3732 1675 3800 1712 ex

2225 1757 2481 1820 improviso
2508 1758 2860 1821 appeterentur.
2926 1759 3179 1821 Accipiunt
3200 1763 3472 1824 Campanos
3492 1763 3800 1826 octingentos

2224 1863 2272 1911 et
2291 1861 2514 1912 Silicinos
2531 1861 2918 1925 quadringentos,
2932 1863 3110 1926 quibus
3121 1865 3347 1915 omnihus
3364 1870 3570 1929 praeerat
3595 1868 3798 1932 Decius,

2226 1967 2497 2027 Campanus
2519 1978 2708 2028 genere.
2773 1969 2821 2016 Is
2838 1968 3026 2028 quoties
3042 1967 3170 2030 apud
3189 1968 3318 2019 cives
3351 1968 3486 2019 urbis
3502 1969 3800 2023 clarissimos

2224 2067 2517 2129 deveo-teret,
2550 2066 2782 2118 conviviis
2818 2067 3209 2131 splendidissimis
3239 2084 3327 2134 pro
3363 2072 3589 2135 hospitali
3623 2086 3798 2126 eornm

2225 2169 2507 2219 liberalitate
2528 2170 2784 2232 exceptus»,
2819 2168 3173 2234 domorumque
3204 2174 3458 2235 apparatus
3483 2176 3796 2238 sumptuosos

2225 2278 2269 2324 et
2296 2272 2551 2337 perdivites
2568 2273 2694 2338 apud
2713 2273 2893 2325 multos
2911 2274 3080 2326 videns
3091 2315 3106 2340 ‚
3123 2276 3257 2327 initio
3273 2278 3468 2342 quidem
3485 2279 3652 2331 beatos
3670 2296 3796 2347 prae-

2225 2375 2417 2427 dicabat
2446 2376 2711 2441 Rheginos,
2738 2389 2856 2427 mox
2895 2391 3011 2427 vero
3039 2380 3095 2428 ut
3130 2352 3336 2441 indignis
3375 2382 3525 2431 tantm
3553 2382 3799 2436 felicitatis

2226 2479 2494 2541 invidebat,
2517 2480 2762 2543 postremo
2779 2479 2915 2542 quasi
2933 2479 3153 2531 hostibus
3165 2481 3360 2532 insidias
3372 2486 3560 2535 struere
3575 2484 3795 2538 institue·

2225 2583 2326 2633 bat.
2391 2581 2586 2633 socium
2617 2580 2897 2631 clandestini
2920 2582 3105 2632 consilii
3142 2582 3347 2633 scribam
3378 2584 3468 2637 sibi
3505 2586 3694 2649 junxit,
3725 2589 3797 2637 vi—

2227 2693 2338 2729 rum
2378 2681 2681 2744 improbum,
2728 2681 2981 2746 omnisque
3014 2682 3243 2745 nequitiae
3279 2684 3612 2736 architectum.
3678 2688 3793 2745 Quo

2224 2784 2447 2834 hortante
2468 2786 2523 2833 ut
2539 2783 2778 2847 Rheginos
2796 2796 2964 2834 omnes
2988 2784 3256 2842 occideret,
3277 2800 3542 2851 eorumque
3554 2803 3670 2853 opas
3693 2805 3795 2854 par·

2223 2885 2314 2936 tim
2347 2884 2435 2934 sibi
2470 2883 2761 2947 vindicaret,
2789 2884 2964 2948 partim
3003 2883 3128 2935 inter
3167 2885 3341 2936 militas
3372 2886 3712 2952 distribueret,
3744 2892 3795 2942 et

2223 2990 2414 3039 dicente
2438 2989 2784 3039 Messaniorum
2808 3002 2999 3054 quoque
3015 2990 3138 3040 urbe
3150 2991 3310 3055 paullo
3328 2994 3440 3042 autc
3456 2991 3628 3043 eodem
3645 2993 3794 3046 modo

2225 3094 2496 3153 campanos
2515 3092 2693 3154 potitos
2728 3103 2831 3140 esse
2861 3105 2875 3139 ε
2915 3101 3170 3152 persuasus
3191 3090 3391 3154 DeciuS,
3428 3093 3689 3156 postquam
3731 3093 3800 3148 de

2225 3196 2409 3246 ratione
2435 3195 2502 3245 rei
2525 3193 2747 3258 gerendae
2778 3206 2890 3244 cum
2911 3207 2969 3245 eo
2992 3193 3366 3257 deliberaverat,
3399 3197 3707 3247 centuriones
3741 3198 3794 3249 d

2225 3311 2283 3348 ex
2321 3296 2551 3347 militibus
2581 3296 2849 3360 praecipuos
2879 3297 2930 3346 in
2975 3297 3230 3348 concilium
3271 3299 3434 3349 vocat.
3500 3301 3793 3362 congressos

2225 3412 2395 3450 omues
2424 3402 2586 3462 rogat,
2626 3400 2684 3448 ut
2711 3411 2956 3448 sermones
2967 3398 3071 3460 iam
3093 3396 3341 3448 habendos
3378 3399 3542 3462 tegant
3572 3398 3763 3450 silentio
3772 3413 3790 3461 ς

2224 3505 2449 3555 magnum
2482 3491 2600 3542 dicit
2633 3491 2726 3542 sibi
2756 3492 3030 3555 impendere
3066 3493 3362 3557 periculum,
3399 3494 3449 3544 iu
3473 3509 3574 3558 quo
3597 3508 3791 3546 summa

2224 3591 2273 3638 et
2295 3588 2516 3638 cautione
2543 3589 2593 3638 ct
2621 3587 2865 3639 celeritate
2891 3602 3014 3653 opus
3043 3589 3137 3653 sit,
3161 3592 3380 3653 tempore
3399 3602 3590 3641 moram
3622 3592 3790 3642 exclu-

2223 3687 2380 3737 dente.
2442 3687 2634 3737 Etenim
2657 3686 2718 3736 de
2745 3686 2914 3749 Pyrrhi
2936 3686 3149 3738 adventu
3173 3689 3400 3739 certiores
3433 3689 3590 3740 tactos
3621 3690 3789 3754 Rhegi·

2224 3797 2395 3833 norum
2425 3783 2660 3847 principes
2677 3782 2739 3832 ad
2757 3796 2868 3833 eum
2889 3784 3012 3833 clam
3044 3784 3252 3846 misisse,
3272 3785 3355 3848 qui
3378 3785 3725 3849 pollicerentur
3739 3799 3791 3836 se

2222 3879 2460 3931 trucidato
2484 3879 2704 3942 praesidio
2742 3878 2915 3930 urbem
2952 3880 2996 3931 ei
3026 3880 3290 3932 tradituros
3325 3895 3445 3934 esse.
3513 3887 3644 3934 Dum
3687 3885 3792 3935 lucc

2222 3975 2399 4027 Decius
2438 3977 2652 4040 exponit,
2693 3987 2807 4027 ecce
2827 3978 2962 4026 venit
3000 3979 3201 4028 nuntius
3227 3978 3549 4043 subornatus,
3591 3981 3793 4044 pulvere

2223 4073 2359 4136 quasi
2382 4086 2443 4124 ex
2461 4072 2630 4123 itinere
2647 4069 2894 4137 squalidus
2905 4112 2919 4135 ,
2939 4074 3121 4138 literas,
3137 4089 3259 4140 quas
3276 4077 3376 4139 ipse
3393 4077 3577 4129 Decius
3595 4077 3793 4130 fabrica·

2221 4171 2382 4232 verat,
2414 4172 2473 4220 ut
2491 4169 2554 4220 ab
2579 4169 2768 4233 hospite
2790 4171 2999 4236 quodam
3022 4174 3153 4222 Decii
3180 4175 3346 4224 missas
3373 4174 3596 4225 afferens.
3660 4175 3815 4228 Scri·-

2220 4269 2358 4330 ptum
2384 4266 2433 4316 in
2463 4265 2522 4317 iis
2558 4269 2660 4318 erat
2691 4281 2851 4330 regem
2886 4270 3063 4320 milites
3096 4271 3381 4334 quingentos
3415 4273 3655 4335 Rhegium
3690 4274 3786 4336 iarn

2221 4365 2507 4427 missurum,
2533 4364 2615 4429 qui
2648 4365 2817 4415 urbem
2851 4370 3118 4432 occupent,
3154 4342 3376 4433 Rhegi’uis
3399 4371 3567 4433 portas
3599 4375 3792 4436 apertas

2223 4460 2461 4524 pollicitis.
2526 4461 2753 4512 Nonnulli
2777 4466 2973 4514 narrant
2996 4463 3221 4515 nuntium
3237 4463 3376 4514 illum
3394 4478 3423 4515 a
3441 4466 3665 4516 Fabricio
3683 4479 3790 4530 pro-

2221 4561 2334 4611 pere
2346 4546 2545 4598 missum
2572 4561 2676 4598 esse
2690 4584 2705 4611 ,
2725 4549 2975 4614 epistolam
2998 4563 3114 4600 vero
3125 4550 3419 4603 continuisse
3435 4566 3493 4602 ea
3508 4569 3627 4618 quae
3647 4552 3794 4605 modo

566 4645 826 4728 περιέχειν
869 4643 905 4702 ἃ
964 4647 1135 4726 μικρῷ
1197 4642 1446 4726 πρότερον
1496 4642 1651 4725 ἔφην,
1703 4642 1794 4702 καὶ
1858 4640 2131 4714 παραινεῖν
2230 4645 2359 4704 dixi,
2388 4647 2435 4694 et
2456 4644 3097 4695 exhortatamesseDecium
3120 4648 3177 4696 ut
3196 4646 3435 4711 Rheginos
3463 4651 3790 4711 praeverteret.

628 4814 713 4861 lv.
736 4808 845 4861 Pol.
872 4812 988 4868 ¹9¹0,
1013 4814 1063 4856 ιι
1097 4820 1143 4857 r.
1168 4835 1235 4848 —
1259 4812 1371 4870 196,
1411 4813 1465 4858 to
1498 4820 1600 4857 vso.
1627 4832 1690 4843 —
1720 4805 1918 4856 Brevius
1943 4805 1993 4854 et
2029 4805 2076 4851 in
2104 4799 2346 4850 nonnullis
2363 4799 2525 4861 paullo
2543 4799 2680 4848 aliter
2699 4812 2799 4848 rem
2819 4801 3013 4849 narrant
3047 4800 3273 4863 Polybius
3301 4803 3352 4862 1,
3373 4806 3430 4864 7,
3454 4807 3483 4854 7
3499 4821 3513 4864 ;
3548 4804 3792 4856 Diodomz

566 4884 702 4933 xxll
724 4917 738 4944 ,
763 4888 821 4941 13
855 4877 1099 4943 Appianus
1119 4880 1281 4927 Samn.
1305 4882 1423 4938 c.9;
1448 4877 1567 4926 Livii
1602 4875 1727 4939 Epit.
1749 4876 1834 4926 lib.
1863 4878 1971 4925 xll.
2012 4876 2225 4923 xnl.—
2247 4877 2287 4919 l.
2311 4869 2628 4918 ἀπελυθόντων
2668 4869 2836 4920 codex.
2875 4873 3030 4923 Possis
3064 4871 3207 4921 etiam
3227 4872 3536 4923 ἀπελθόντων.
3559 4901 3627 4911 -
3650 4881 3700 4926 2.
3734 4881 3790 4939 τῇ

568 4953 789 5018 ὑποψίαις
833 4950 941 5002 cod.
962 4979 1024 4993 —
1044 4955 1091 5000 3.
1113 4949 1314 5005 σικινοὺς
1334 4949 1503 4999 codex.
1526 4975 1585 4985 —
1604 4952 1649 4997 ⁴.
1673 4948 1822 5006 ἀξίους
1840 4947 1947 4997 cod.
1968 4972 2028 4982 —
2045 4951 2091 4992 5.
2112 4943 2359 4996 κοινωνοὺς
2386 4938 2558 4989 codex.
2579 4965 2641 4977 —
2655 4945 2703 4989 o.
2726 4941 2880 4993 codex
2902 4963 2915 4994 ε
2939 4943 3085 5008 ὀλίγῳ
3100 4944 3346 5009 πρότειχον
3361 4983 3373 4993 .
3394 4945 3472 5008 ὑφ’
3487 4943 3545 4993 οὗ
3564 4947 3788 5002 πεισθείς.

568 5025 700 5087 qnod
736 5024 775 5074 si
794 5024 922 5073 recte
940 5020 1159 5072 sehabet
1179 5019 1255 5083 ὑφ’
1273 5019 1330 5069 οὗ
1351 5036 1425 5081 π.,
1447 5019 1495 5068 in
1517 5018 1768 5068 auteeedd.
1796 5031 1885 5081 pro
1905 5017 2019 5083 πρὸς
2034 5013 2177 5067 αὐτοῦ
2201 5012 2344 5066 fucrit
2379 5016 2714 5076 παραινοῦντος
2735 5014 2879 5065 actos
2898 5016 2972 5066 vel
2993 5016 3089 5065 tale
3111 5012 3242 5081 quid.
3268 5018 3380 5066 -7.
3412 5016 3785 5082 γρσμματάρχας

568 5092 745 5145 codex.
763 5120 827 5132 —-
847 5097 893 5144 8.
912 5090 1081 5158 ὡς18ς
1102 5089 1274 5141 codex.
