4016 5916
510 437 585 488 88
1596 422 1995 484 HERODORI
2040 420 2606 483 BERACLEENSIS

1223 554 1375 633 [39]

589 697 751 753 Idem
780 700 833 768 1,
863 697 935 753 23
975 717 989 752 t
1028 692 1323 775 Ἡρόδωρος
1372 691 1462 750 δύο
1486 683 1618 750 εἶναι
1645 691 1856 771 Ὀρφεῗς
1896 714 2070 771 φησιν·

511 774 584 842 ὧν
607 780 694 840 τὸν
717 779 890 863 ἕτερον
937 781 1395 858 συμπεπλευκέναι
1413 784 1515 846 τοῖς
1535 777 1918 861 Ἀργοναύταις.
1970 783 2074 853 Ζη-

509 879 676 930 τεῖται
699 868 755 929 δὲ
779 869 862 928 διὰ
876 870 937 945 ,τί
962 868 1184 952 Ὀρφεὺς
1213 868 1428 941 ἀσθενὴς
1447 865 1518 927 ὢν
1543 866 1786 927 συνέπλει
1804 871 1910 934 τοῖς
1932 866 2072 948 ἥρω-

511 979 622 1016 σινε
646 956 726 1016 ὅτι
754 957 935 1035 μάντις
966 960 1037 1016 ὢν
1077 961 1105 1016 ὁ
1136 956 1342 1036 Χείρων
1368 956 1561 1037 ἔχρησε
1586 954 1661 1034 μὴ
1691 952 1939 1015 δύνασθαι
1978 954 2073 1025 τὰς

512 1047 767 1127 Σειρῆνας
797 1049 1072 1126 παρελθεῖν
1109 1045 1294 1113 αὐτοὺς
1319 1043 1552 1127 Ὀρφέως
1580 1041 1655 1121 μὴ
1695 1043 2067 1120 συμπλέοντος.

512 1131 696 1200 Οὕτως
719 1132 1030 1215 Ἡρόδωρος.
1053 1134 1266 1191 Eadem
1290 1136 1470 1210 tangit
1494 1134 1670 1192 schol.
1697 1133 1771 1189 ad
1790 1136 1816 1190 I
1832 1176 1847 1205 ,
1879 1133 1943 1190 31
1959 1177 1974 1193 .

588 1225 778 1295 Quum
820 1240 931 1281 sec.
976 1222 1342 1279 Herodorum
1384 1223 1683 1277 Ponticum
1732 1226 2071 1297 Argonautae

511 1310 707 1368 eadem
735 1330 847 1387 qua
873 1323 1145 1367 venerant
1168 1312 1261 1367 via
1282 1310 1582 1380 redierint,
1605 1311 1893 1367 Sirenibus
1915 1312 2074 1368 locus

470 1455 483 1467 ,
512 1398 636 1455 dari
652 1401 749 1456 vix
780 1409 986 1474 potest.
1030 1401 1217 1471 Quare
1241 1405 1613 1474 fragmentum
1636 1416 1707 1454 ex
1731 1399 2038 1455 Herodoto
2055 1443 2070 1470 ,

513 1487 611 1559 qui
636 1486 707 1542 de
724 1487 953 1561 Orpheo
977 1488 1217 1561 scripsit,
1234 1485 1453 1543 fluxisse
1470 1487 1717 1545 videtur.
1739 1489 1826 1543 De
1852 1505 1915 1542 re
1938 1486 2072 1544 vide

512 1573 761 1633 Lobeck.
784 1575 1061 1650 Aglaoph.
1089 1594 1153 1650 p.
1188 1573 1296 1645 357
1325 1576 1452 1633 coll.
1479 1594 1538 1650 p.
1563 1572 1694 1633 338.

1248 1724 1340 1783 4ο.

593 1837 754 1893 Idem
780 1840 835 1908 1,
870 1858 935 1910 71
966 1858 981 1895 z
1015 1831 1354 1920 Ἐριὸώτης.]
1392 1835 1687 1917 Ἡρόδωρος
1728 1838 1781 1895 ἐν
1817 1840 1921 1911 τοῖς
1952 1836 2071 1917 Ἀρ-

513 1933 833 2003 γοναυτικοῖς
851 1930 1027 1985 τοῦτον
1052 1924 1365 2005 Εὐρυὸάτην
1397 1925 1744 2007 (Ιίὐρυὸώτην
1765 1928 1895 1985 cod.
1917 1927 2070 2004 Par.)

515 2013 683 2085 καλεῖ,
709 2011 800 2070 καί
819 2036 974 2094 φησιν
1000 2012 1150 2071 αὐτὸν
1177 2013 1455 2082 Τελέοντος
1472 2014 1597 2074 υἱόν.
1619 2018 1699 2074 Cf.
1718 2017 1899 2073 Valet.
1916 2018 2070 2072 Flac·

516 2121 613 2158 cus
634 2104 690 2173 1,
716 2106 1089 2180 4023Hygin.
1113 2103 1228 2163 sah.
1268 2112 1356 2172 14.

1244 2251 1339 2311 41.

593 2384 753 2440 Idem
771 2387 827 2455 1,
861 2386 968 2461 139
995 2406 1007 2440 :
1031 2387 1369 2461 Apollonius
1393 2379 1645 2449 Ἄδαντος
1686 2381 1812 2464 φησὶ
1837 2387 2079 2459 νομισθῆ-

513 2489 599 2526 ναι
620 2469 708 2529 τὸν
727 2469 969 2549 Ἴδμονα.
995 2474 1374 2552 Συμμαρτυρεῖ
1397 2469 1454 2530 δὲ
1481 2472 1624 2550 αὐτῷ
1642 2471 1731 2529 καὶ
1755 2470 2073 2551 Ἡρόδωρος.

592 2561 673 2619 Cf.
698 2562 1006 2636 Pherecyd.
1030 2562 1101 2618 fr.
1130 2581 1233 2632 703
1264 2562 1524 2635 Orpheus
1545 2564 1760 2636 Argon.
1791 2560 1926 2631 1853
1953 2564 2077 2635 Hy-

515 2655 631 2729 gin.
662 2650 778 2707 sab.
819 2656 918 2717 143
948 2650 1130 2704 Valer.
1160 2649 1245 2705 Fl.
1275 2650 1323 2718 Ι,
1348 2645 1481 2703 228.

1247 2794 1343 2852 42.

593 2930 755 2987 Idem
787 2930 845 3000 1,
888 2946 995 2985 211
1048 2949 1062 2983 :
1105 2925 1284 2998 Ζήτης
1334 2923 1425 2983 καὶ
1472 2922 1710 3004 Καλαΐς]
1742 2921 1972 2991 Τούτους
2019 2927 2077 2985 ἐκ

515 3015 774 3096 διαφόρων
802 3015 975 3073 τόπων
1008 3015 1340 3090 συμπλεῦσαι
1367 3020 1473 3079 τοῖς
1498 3012 1862 3091 Ἀργοναύταις
1890 3013 2072 3090 φασίν·

515 3107 562 3163 οἱ
591 3102 685 3180 μὲν
720 3100 822 3182 γὰρ
852 3104 911 3160 ἐκ
933 3100 1178 3182 Θρᾴκης,
1208 3104 1279 3166 ὡς
1302 3096 1673 3174 Ἀπολλώνιος,
1694 3098 1997 3182 -Ἦρόδωρος
2023 3100 2076 3158 δὲ

518 3196 576 3251 ἐκ
606 3190 858 3257 Δαυλίδος
878 3234 893 3262 ,
918 3194 1102 3269 Δοῦρις
1130 3188 1183 3248 δὲ
1208 3188 1261 3258 ἐξ
1291 3187 1677 3270 Ὑπερὸορέων.

1249 3350 1343 3417 43.

593 3493 753 3549 Idem
778 3494 837 3562 Ι,
875 3491 983 3548 186
1021 3512 1035 3548 :
1075 3492 1165 3549 Ab
1196 3492 1504 3566 Apollonio
1534 3489 1682 3548 inter
1722 3465 2078 3567 Argonautas

514 3590 836 3637 recensetur
860 3582 1107 3656 Neptuni
1129 3578 1281 3637 filius
1300 3583 1327 3636 ὃ
1355 3576 1653 3656 πτολίεθρον
1680 3578 1874 3655 ἀγαυοῦ
1896 3575 2076 3647 Μιλή-

514 3687 624 3723 τοιο
650 3665 934 3746 νοσφισθεὶς
963 3664 1215 3745 Ἐργῖνος.
1263 3668 1354 3725 Ad
1385 3668 1505 3724 haec
1529 3668 1708 3726 schol.
1739 3688 1753 3722 ε
1780 3662 1849 3725 Ὁ
1875 3664 1929 3724 δὲ
1963 3663 2078 3726 Μί-

2163 550 2371 620 Μίνωος
2396 546 2476 626 ἦν·
2505 555 2552 612 οἱ
2583 552 2640 611 δέ
2672 575 2829 633 φασιν
2863 552 3018 612 αὗτὸν
3051 553 3373 622 ’Λπόλλωνος
3412 558 3502 615 καὶ
3528 558 3740 639 Ἀρείας

2160 644 2255 711 τῆς
2281 640 2540 721 Κλεόχου·
2566 640 2761 714 ἐκλήθη
2786 638 2841 699 δὲ
2875 640 3136 716 Μίλητος,
3160 641 3238 701 ὅτι
3271 643 3467 725 ἕκρύδη
3494 647 3602 706 ἀπὸ
3635 654 3737 721 τῆς

2164 728 2359 808 μητρὸς
2386 732 2439 788 ἐν
2463 730 2672 806 μίλακι.
2757 796 2764 805 ,

2239 817 2351 876 Καὶ
2379 817 2754 897 Ἀριστόκριτος
2772 817 2927 899 φησὶν
2952 815 3030 876 ὅτι
3056 817 3232 899 Ἀρεία
3273 819 3503 902 θυγάτηρ
3522 821 3732 898 ἐγένετο

2164 903 2427 983 Κλεόχου,
2447 897 2508 976 ἧς
2525 905 2614 964 καὶ
2636 904 2953 973 Ἀπόλλωνος
2975 904 3213 983 γενέσθαι
3239 905 3443 987 βρέφος,
3462 908 3734 968 καὶτοῦτο

2161 992 2433 1063 ἐκτεθῆναι
2461 995 2534 1059 εἷς
2573 992 2794 1070 μίλακα.
2817 992 2922 1053 Τὸν
2952 992 3010 1051 δὲ
3036 992 3272 1072 Κλέοχον
3313 994 3615 1068 ἀνελέσθαι,
3641 998 3734 1055 καὶ

2160 1079 2417 1156 ὀνομάσαι
2444 1080 2549 1138 ἀπὸ
2571 1084 2663 1152 τῆς
2687 1079 2906 1158 μίλακος
2929 1081 3183 1153 Μίλητον.
3209 1084 3407 1142 Τοῦτον
3443 1080 3495 1141 δὲ
3523 1085 3738 1165 ἀνδρω-

2161 1164 2338 1240 θέντα,
2369 1167 2458 1228 καὶ
2487 1169 2830 1249 φθονούμενον
2863 1169 2965 1228 ὑπὸ
2999 1174 3090 1228 τοῦ
3115 1169 3351 1242 Μίνωος,
3386 1174 3733 1251 ἀναχωρῆσαι

2162 1256 2235 1322 εἷς
2271 1255 2368 1328 τὴν
2396 1256 2599 1334 Σάμον·
2633 1258 2723 1337 ἀφ’
2751 1249 2811 1315 οὗ
2850 1257 2939 1315 καὶ
2968 1256 3123 1324 τόπος
3152 1258 3261 1316 ἐστὶ
3289 1258 3445 1337 [ἐκεῖ]
3480 1259 3736 1331 Μίλητος·

2161 1343 2251 1401 καὶ
2293 1344 2398 1403 ἀπὸ
2423 1349 2518 1417 τῆς
2559 1345 2745 1422 Σάμου
2777 1343 3010 1420 μεταὸὰς
3047 1347 3121 1411 εἷς
3159 1343 3255 1415 τὴν
3299 1346 3528 1424 Καρίαν,
3559 1345 3734 1406 ἔκτισε

2159 1431 2328 1505 πόλιν,
2354 1432 2594 1504 Μίλητον
2637 1435 2726 1514 ἀφ’
2756 1437 2940 1492 ἑαυτοῦ
2966 1432 3216 1499 καλέσας.
3249 1435 3530 1515 Μαρτυρεῖ
3557 1434 3611 1494 δὲ
3637 1437 3731 1494 καὶ

2164 1517 2458 1602 ἹΙρόδωρος
2491 1522 2674 1599 (vulg.
2707 1518 3026 1601 Ἡρόδοτος).

2238 1612 2478 1686 Erginus
2501 1614 2826 1686 Argonauta
2845 1630 2914 1666 ex
2940 1623 3131 1668 vetere
3156 1612 3348 1668 fabula
3367 1624 3447 1668 est
3475 1614 3728 1671 celeber-

2161 1701 2335 1754 rimus
2368 1701 2468 1755 iste
2497 1700 2905 1756 Orchomenius
2933 1719 3004 1756 ex
3037 1702 3276 1757 Boeotia.
3309 1701 3454 1759 Vide
3490 1703 3727 1761 Pindar.

2161 1788 2251 1844 Ol.
2279 1790 2374 1857 lv,
2413 1787 2506 1844 31.
2535 1788 2779 1844 Milesius
2802 1799 2883 1845 est
2914 1789 3080 1843 etiam
3110 1808 3202 1862 ap.
3236 1790 3448 1863 Hygia.
3473 1789 3588 1845 fab.
3621 1790 3736 1847 150

2161 1885 2217 1929 ct
2244 1875 2422 1949 Orph.
2449 1878 2668 1949 Argon.
2693 1874 2828 1946 150,
2850 1877 2982 1931 coll.
3002 1876 3342 1950 Apollodor.
3367 1879 3414 1946 1,
3440 1896 3506 1950 9,
3542 1880 3642 1946 16,
3671 1880 3726 1935 8.

2166 1962 2319 2020 [dem
2343 1965 2560 2036 primus
2584 1963 2790 2019 dixerit
2819 1964 3185 2033 Herodorus»,
3222 1983 3401 2037 eaque
3435 1968 3734 2023 occasione

2162 2049 2437 2107 deMileto
2451 2050 3013 2125 quaedam'intexuisse
3024 2052 3268 2110 videtur.
3285 2054 3730 2110 Orchomenium

2162 2140 2432 2213 Erginum
2455 2158 2562 2197 sec.
2589 2139 3034 2214 Apollodorum,
3061 2141 3349 2195 Herodori
3375 2150 3726 2211 sectatorem,

2167 2227 2276 2301 (ΙΙ,
2303 2236 2360 2297 4,
2389 2247 2411 2283 1
2429 2248 2449 2282 1
2475 2226 2493 2304 )
2519 2237 2574 2282 et
2595 2214 2916 2283 Diodorum
2936 2228 3059 2302 (lv,
3090 2226 3209 2306 10),
3227 2229 3736 2300 Hercuiesjuvenis

2165 2316 2530 2374 interfecerat.
2548 2313 2827 2370 Milesium
2848 2333 2983 2370 vero
3003 2316 3339 2372 Ilei-odorus
3357 2319 3630 2391 Erginum
3655 2319 3730 2371 sc-

2163 2403 2296 2457 cisse
2317 2402 2545 2458 videtur
2566 2401 2979 2478 gratificaturus
3000 2404 3197 2459 Mileto
3212 2446 3228 2473 ,
3253 2423 3377 2477 quae
3402 2406 3559 2477 quasi
3579 2423 3725 2459 com·

2163 2492 2346 2546 munis
2373 2491 2703 2564 metropolis
2732 2491 3026 2546 colebatur
3062 2492 3290 2547 urbium
3334 2494 3730 2559 Ponticarum,

2165 2580 2310 2634 inter
2357 2597 2558 2652 easque
2605 2582 2773 2633 etiam
2814 2580 3092 2652 Byzantii,
3136 2581 3311 2636 Amisi
3354 2592 3410 2635 et
3450 2581 3734 2635 Heracleae

2169 2666 2240 2741 (v.
2253 2669 2308 2721 M
2315 2668 2476 2722 iiller.
2491 2668 2564 2722 M
2565 2673 2641 2725 in.
2654 2687 2709 2741 p.
2724 2686 2797 2741 29
2810 2667 2880 2742 ι).
2897 2668 3289 2722 Heracleenses
3299 2678 3482 2722 autem
3495 2686 3730 2722 summo·

2162 2774 2300 2829 pere
2313 2756 2672 2811 honorabant
2685 2755 2912 2829 Tiphyn
2926 2755 3386 2829 gubernatorem,
3409 2758 3498 2810 cui
3525 2755 3587 2811 in
3604 2776 3729 2811 mu·

2165 2859 2299 2896 nere
2317 2845 2593 2913 successit,
2616 2862 2722 2899 sec.
2749 2841 3139 2912 Herodorum,
3152 2838 3393 2917 Erginus
3415 2838 3585 2921 (vast.
3607 2840 3728 2918 60).

2901 2990 3000 3051 lili·

2243 3121 2404 3177 Idem
2428 3126 2477 3191 1,
2505 3124 2615 3195 773
2639 3144 2656 3200 J
2683 3119 2814 3181 “Oti
2839 3121 2894 3182 δὲ
2922 3122 3179 3200 ἐμίγησαν
3193 3125 3239 3181 οἱ
3256 3121 3592 3203 Ἀργοναῦται
3618 3123 3730 3188 ταῖς

2166 3207 2424 3282 Λημνίαις
2446 3207 2744 3288 Ἡρόδωρος
2768 3212 2964 3291 ἱστορεῖ
2980 3212 3034 3268 ἐν
3061 3218 3166 3277 τοῖς
3188 3210 3619 3291 Ἀργοναυτικοῗς.
3646 3215 3732 3268 De

2166 3315 2226 3352 re
2247 3316 2304 3351 v.
2331 3299 2553 3358 Miiller.
2579 3300 2617 3357 1.
2640 3300 2677 3356 1.
2693 3318 2754 3373 p.
2779 3299 2891 3355 302
2915 3319 3004 3374 sq.

2911 3437 3004 3504 45.

2240 3577 2402 3632 Idem
2438 3579 2489 3646 1,
2513 3578 2626 3650 943
2655 3600 2668 3634 :
2708 3574 3018 3652 Γηγενέες
3046 3597 3060 3636 2
3086 3575 3301 3636 Τούτων
3322 3577 3412 3632 καὶ
3432 3575 3730 3654 Ἡρόδωρος

2166 3661 2478 3740 μνημονεύει
2506 3665 2560 3721 ἐν
2588 3664 2693 3729 τοῖς
2722 3663 3144 3743 Ἀργοναυτικοῖς·
3174 3662 3265 3721 καὶ
3292 3662 3371 3720 ὅτι
3393 3662 3738 3740 ἐπολέμησαν

514 3751 699 3830 λητος,
743 3755 833 3833 ἀφ’
870 3745 929 3811 οὗ
970 3753 1059 3812 καὶ
1098 3758 1132 3825 ἡ
1176 3752 1327 3820 πόλις
1365 3754 1630 3828 Μίλητος,
1666 3750 1950 3819 Εὗξανθίου
1981 3755 2072 3808 τοῦ
2165 3748 2439 3829 Ἠρακλεῖ.
2469 3752 2539 3810 Οἱ
2565 3748 2658 3828 μὲν
2674 3741 2761 3808 οὖν
2788 3755 3020 3828 γηγενεῖς
3046 3749 3194 3832 παρὰ
3223 3749 3448 3838 Κύζικον
3470 3749 3662 3830 ᾤκουν,
3683 3754 3729 3809 οἱ

580 4004 856 4055 Herodorus
885 4003 1007 4053 duos
1041 4004 1185 4053 fuisse
1223 3923 1441 4066 Οῗῐῗὴοοε
1472 4002 1673 4063 statuit,
1713 4014 1922 4064 quorum
1957 4000 2082 4049 alter

516 4085 787 4147 navigasset
806 4096 920 4133 cum
946 4082 1249 4145 Argonautis.
1272 4081 1518 4159 Quaeritur
1539 4083 1703 4130 autem
1730 4093 1819 4130 cur
1841 4081 2079 4142 OrplieuS,

520 4161 597 4211 vir
618 4161 815 4223 debilis,
838 4160 1065 4210 heroibus
1078 4160 1183 4210 istis
1200 4161 1360 4209 socius
1380 4158 1641 4222 adjunctus
1653 4158 1732 4209 sit.
1754 4157 1945 4207 scilieet
1965 4156 2081 4207 Clui-

516 4254 608 4290 ron
626 4240 761 4290 vates
780 4236 1075 4300 praedixerat
1090 4250 1189 4287 non
1207 4247 1345 4301 posse
1369 4249 1453 4287 eos
1470 4236 1660 4288 Sirenes
1675 4234 1962 4298 praetervehi
1980 4234 2084 4283 sine

520 4317 728 4379 Orpheo.
756 4317 828 4366 lta
851 4314 1143 4365 Herodorus.

588 4477 815 4528 Eriboten
849 4477 1127 4528 Herodorus
1160 4478 1211 4526 in
1251 4396 1583 4539 :gonauticis
1618 4475 1896 4538 Eury-boten
1938 4477 2082 4525 vocat

474 4565 483 4572 ·
521 4555 772 4618 filiumque
796 4553 1036 4605 Teleontis
1067 4554 1210 4604 ruisse
1230 4554 1362 4604 dicit.

583 4716 833 4768 ldmonem
863 4717 1097 4780 Apolline
1126 4635 1360 4778 uenient-2
1394 4728 1482 4780 pro
1509 4714 1708 4766 Abantis
1739 4715 1841 4766 filio
1858 4715 2080 4764 habitum

523 4807 626 4846 csse
650 4796 827 4857 praeter
844 4792 1154 4855 Apollonium
1167 4794 1312 4844 etiam
1328 4794 1612 4845 Herodorus
1635 4795 1858 4845 testatur.

587 4959 722 5007 Zetes
734 4957 783 5007 et
798 4956 954 5007 calais
971 4955 1239 5005 secundum
1264 4876 1572 5008 Ilii-odorum
1591 4972 1620 5010 e
1639 4957 1844 5010 Daulida
1875 4957 2077 5020 profecti

523 5049 638 5086 cum
662 5033 946 5098 Argonautis
967 5035 1275 5096 navigarunt.

586 5197 807 5259 Miletus,
844 5209 873 5246 a
905 5209 1002 5258 quo
1032 5195 1147 5246 urbs
1172 5116 1368 5247 magiis
1398 5210 1575 5248 nomen
1607 5197 1781 5259 babet,
1822 5199 2082 5250 Euxantliii

2173 3913 2331 3962 Minoe
2358 3913 2458 3962 nati
2482 3912 2609 3963 iilius
2626 3914 2750 3964 erat.
2785 3912 2878 3963 Alii
2915 3915 3149 3977 Apollinis
3171 3928 3285 3965 eum
3308 3917 3357 3964 et
3384 3914 3509 3965 Atiae
3535 3915 3731 3965 Cleochi

2166 3989 2279 4040 filim
2300 3989 2486 4039 dicunt.
2517 3991 2712 4041 Miletus
2733 4003 2849 4040 vero
2867 3992 3145 4043 nominatus
3175 3994 3247 4042 est
3266 4005 3325 4041 eo
3343 3992 3474 4054 quod
3500 3994 3548 4042 ἐν
3568 3993 3728 4057 μίλακι

2166 4068 2268 4117 sive
2289 4067 2336 4115 in
2352 4067 2547 4117 smilace
2560 4071 2714 4117 mater
2727 4081 2840 4118 eum
2858 4070 3204 4120 occultaverat.
3221 4068 3528 4121 Aristocritus
3540 4084 3736 4134 quoque

2166 4142 2283 4193 dicit
2322 4145 2485 4194 Atiam
2521 4144 2721 4195 Cleochi
2765 4145 2915 4195 filiam
2951 4148 3123 4196 natum
3149 4159 3214 4196 ex
3248 4149 3468 4211 Apolline
3493 4148 3648 4197 filium
3682 4148 3730 4196 in

2166 4222 2411 4272 smilacem
2428 4223 2701 4285 exlmsuisse
2716 4243 2728 4273 ι
2741 4237 2913 4275 verum
2928 4226 3195 4275 elenchum
3214 4226 3462 4276 sustulisse
3478 4227 3727 4285 infantem,

2166 4304 2216 4349 et
2237 4300 2298 4350 de
2312 4301 2509 4352 smilace
2531 4304 2547 4365 (
2568 4303 2759 4364 μίλακος
2777 4303 2795 4366 )
2823 4305 3095 4354 nominasse
3111 4306 3350 4356 Miletum.
3373 4309 3513 4355 Hunc
3529 4306 3702 4356 deinde
3714 4345 3728 4368 ,

2168 4379 2251 4428 ubi
2271 4379 2333 4429 ad
2360 4381 2547 4431 virilem
2564 4382 2861 4444 pervenisset
2876 4385 3073 4433 aetatem
3087 4419 3101 4445 ,
3132 4384 3304 4434 Minois
3321 4384 3496 4434 invidia
3514 4398 3729 4447 pressum

2167 4458 2395 4521 migrasse
2412 4459 2463 4510 in
2482 4464 2682 4512 Samum
2697 4460 2924 4523 insulam,
2948 4462 3034 4512 ubi
3058 4462 3202 4512 etiam
3221 4463 3358 4513 locus
3379 4463 3578 4526 quidam
3597 4464 3736 4513 Mile·

2168 4538 2250 4586 tus
2267 4536 2328 4586 de
2351 4538 2548 4588 nomine
2561 4538 2668 4600 ejus
2687 4538 2847 4589 dictus
2868 4540 2946 4589 sit.
2967 4540 3086 4590 inde
3101 4541 3148 4590 in
3172 4540 3365 4592 Cariam
3387 4545 3736 4603 transgressum·

2168 4613 2341 4663 urbem
2363 4614 2661 4678 condidisse,
2696 4629 2844 4680 quam
2872 4615 2932 4668 de
2948 4630 3000 4667 se
3024 4617 3270 4668 vocaverit
3288 4618 3528 4668 Miletum.
3551 4617 3734 4669 Eadem

2168 4693 2371 4742 testatur
2389 4693 2683 4744 Herodorus·

2910 4777 2998 4828 44.

2231 4865 2544 4918 consuevisse
2562 4869 2858 4930 Argonautas
2872 4881 2989 4918 cum
3002 4869 3208 4920 Lemniis
3220 4869 3505 4921 mulieribus
3522 4870 3726 4920 Herodo-

2169 4958 2253 4995 rus
2273 4948 2437 4996 narrat
2455 4946 2504 4995 in
2528 4947 2877 5010 Argonautiois.

2908 5032 3000 5083 45.

2230 5123 2496 5186 Gegenum,
2513 5124 2542 5173 i.
2561 5137 2606 5174 e.
2623 5124 3002 5188 Terrigenarum,
3025 5124 3299 5176 uei-odorus
3314 5139 3507 5189 quoque
3523 5125 3572 5175 in
3586 5130 3734 5188 Arg)-
3805 5149 3810 5156 ·

2170 5201 2377 5251 nauticis
2403 5204 2698 5254 mentionem
2739 5204 2878 5266 facit,
2904 5217 3084 5268 eosque
3104 5206 3250 5256 etiam
3282 5207 3450 5255 contra
3475 5206 3732 5257 Herculem
