4016 5916
536 393 645 446 388
1730 387 2071 448 HECATAEI
2112 387 2517 450 ABDEmTAE

531 512 713 568 σιῶται
739 509 1097 592 Καραμόὗκαι
1140 510 1244 570 ἀπὸ
1288 516 1375 570 τοῦ
1405 517 1670 588 ποταμοῦ,
1698 513 1769 577 ὥς
1807 510 2090 578 Ἑκαταῖος
2174 510 2403 591 τέσσαρα
2431 519 2660 590 στοιχεῖα
2696 510 2745 578 ἐξ
2777 511 2934 582 αὐτῆς
2962 511 3322 591 διακριθῆναι,
3348 512 3436 570 καὶ
3459 516 3568 594 ζῷα
3594 536 3742 572 παν·

530 602 557 655 ὁ
586 596 906 678 Ἇὸὂηρίτης.

611 686 808 742 Idem:
846 684 1233 764 Καραμὸὖκαι,
1265 684 1400 753 ἔθνος
1429 684 1813 765 Ὑπερὸορέων,
1844 684 1949 744 ἀπὸ
1985 709 2084 745 πο·

529 777 696 847 ταμοῦ
723 771 1058 852 Καραμὸύκα
1075 821 1090 846 ,
1126 776 1194 840 ὡς
1222 771 1345 833 Ἕκ.
1374 776 1399 831 δ
1430 772 1572 834 Ἀὸδ.

1277 887 1335 943 6.

606 1002 807 1057 Strabo
853 1004 899 1056 V
903 1004 984 1073 11,
1019 1021 1078 1075 p.
1111 1021 1224 1076 299
1252 1003 1398 1057 inter
1425 1002 1676 1057 fabulosa
1702 1012 1951 1057 recenset
1987 996 2084 1069 τὴν

533 1087 678 1165 παρὰ
723 1084 1031 1167 Θεοπόμπῳ
1066 1086 1344 1167 Μεροπίδα
1387 1089 1505 1164 γῆν,
1549 1088 1674 1164 παρ’
1710 1084 1981 1166 Ἑκαταίῳ
2029 1085 2083 1143 δὲ

527 1173 620 1242 τὴν
645 1173 945 1252 Κιμμερίδα
965 1175 1137 1246 πόλιν,
1159 1173 1283 1254 παρ’
1314 1172 1573 1254 Εὗημέρῳ
1594 1173 1648 1231 δὲ
1671 1172 1765 1243 τὴν
1799 1171 2083 1251 Παγχαίαν

527 1263 642 1336 γῆν.
669 1265 955 1319 Hecataeus
983 1266 1126 1319 inter
1157 1264 1593 1337 Theopompum
1639 1275 1695 1319 et
1748 1264 2082 1318 Euemernm

529 1349 744 1405 medius
766 1369 833 1404 ex
857 1369 978 1405 mea
1020 1353 1290 1405 sententia
1312 1362 1393 1405 est
1425 1349 1728 1419 Abderita3
1759 1349 1830 1404 de
1866 1350 2082 1406 Milesio

529 1438 790 1510 cogitavit
815 1439 1067 1493 Clausen.
1104 1435 1200 1515 (fr.
1237 1437 1330 1512 2).
1357 1438 1448 1493 Ad
1491 1437 1734 1492 eundem
1761 1436 2081 1494 Abderitam

528 1525 712 1580 resero
742 1526 929 1579 locum
949 1526 1113 1580 Plinii
1136 1528 1235 1595 lv,
1261 1544 1355 1595 27.

1226 1639 1259 1692 6
1307 1658 1355 1694 a.

607 1749 815 1806 Plinius
843 1750 913 1806 H.
939 1754 1007 1809 N.
1038 1754 1135 1825 lv,
1170 1771 1238 1823 27
1279 1771 1293 1807 z
1337 1752 1868 1826 Semptemtrionalis
1904 1755 2081 1808 Ocea-

531 1855 634 1890 nus
662 1855 683 1890 .·
709 1838 1064 1893 Amalchium
1102 1858 1224 1893 eum
1247 1842 1545 1896 Hecatoeus
1570 1841 1828 1913 appellat
1836 1880 1855 1907 ,
1893 1859 1931 1894 α
1972 1842 2090 1896 Ρα·

525 1930 804 2000 ropamt’so
828 1945 1015 1995 amne,
1045 1946 1155 2001 qua
1176 1927 1464 1993 Sorthiam
1494 1928 1689 1997 alluit,
1712 1928 1863 2000 quod
1882 1945 2080 1984 nomen

526 2018 646 2082 ejus
665 2018 844 2087 gentis
870 2016 1063 2087 lingua
1081 2018 1367 2090 significat
1388 2017 1759 2091 congelatum.
1785 2014 2080 2071 Philemon
2120 2049 2128 2096 γ

401 2149 418 2172 ,
526 2101 958 2156 Morimarusam
983 2121 1019 2156 α
1045 2101 1277 2157 Cimbris
1318 2108 1526 2169 vocari,
1571 2101 1676 2156 hoc
1702 2113 1788 2158 est
1810 2114 2076 2157 mortuum

526 2205 697 2256 mare,
718 2207 885 2263 usque
900 2189 982 2244 ad
980 2194 1408 2267 promontorium
1430 2189 1649 2245 Rabeas
1671 2209 1690 2243 .·
1703 2191 1853 2245 ultra
1873 2190 2078 2245 deiude

526 2276 809 2333 Cronium.
841 2276 1050 2332 Eadem
1079 2278 1303 2334 Solinus
1324 2296 1375 2335 c.
1415 2296 1511 2332 22.
1544 2277 1603 2333 si
1625 2279 1883 2332 Hecataeo
1910 2275 2076 2332 Mile-

522 2363 604 2416 sio
628 2362 747 2418 haec
793 2361 1050 2420 tribueris
1060 2405 1078 2435 ,
1111 2365 1467 2421 statuendum
1495 2382 1625 2420 cum
1653 2361 1950 2421 Clausenio
1976 2362 2078 2438 (ad

526 2450 663 2508 Hec.
688 2450 760 2505 fr.
797 2450 957 2525 160),
987 2453 1337 2508 Amalchium
1360 2471 1514 2508 mare
1539 2452 1721 2506 sinum
1747 2452 1835 2507 vel
1857 2460 2076 2524 partem

525 2537 734 2592 Oceani
780 2536 935 2593 fluvii
965 2539 1159 2614 suissc3
1200 2540 1357 2614 quod
1394 2558 1598 2614 pamm
1635 2539 1951 2613 probabile.
1991 2539 2074 2596 Cf.

523 2623 752 2680 Uckert.
790 2627 987 2699 Geor-g.
1015 2628 1109 2682 des
1131 2629 1331 2682 Hecat.
1361 2647 1420 2701 p.
1461 2635 1555 2694 42.
1585 2639 1706 2685 not.
1748 2626 1877 2692 184.
1926 2628 2075 2682 For-

522 2711 681 2785 biger
710 2715 818 2770 Alc.
855 2715 1051 2787 Geogr.
1077 2716 1132 2771 1.
1155 2734 1212 2789 p.
1242 2714 1313 2780 54
1335 2727 1483 2790 ποι,
1509 2735 1567 2789 p.
1604 2723 1706 2786 147
1736 2724 1853 2772 not.

1047 2853 1534 2914 ΑῙΓΥΠΤῙΑΚΛ.

1262 3015 1311 3066 7.

994 3137 1038 3189 E
1080 3138 1302 3193 LIBRO
1344 3137 1598 3193 PRIMO.

610 3270 789 3329 ΠΕΡΙ
835 3273 984 3331 ΤΗΣ
1028 3276 1439 3335 ΑΙΓΥΠΤΙΩΝ
1482 3275 1976 3341 ΦΙΛΟΣΟΦΙΑΣ.

602 3415 881 3488 Diogenes
900 3417 964 3473 L.
986 3417 1045 3485 1,
1093 3435 1162 3472 10
1188 3437 1200 3472 ε
1228 3413 1343 3486 Τὴν
1368 3415 1422 3475 δὲ
1451 3418 1553 3474 τῶν
1579 3414 1882 3493 Αἰγυπτίων
1921 3416 2065 3493 φιλο·

516 3501 699 3581 σοφίαν
728 3490 859 3558 εἶναι
889 3499 1128 3572 τοιαύτην
1157 3501 1276 3581 περί
1322 3525 1377 3560 τε
1430 3506 1557 3560 θεῶν
1585 3501 1676 3560 καὶ
1703 3499 1833 3582 ὑπὲρ
1871 3502 2064 3560 δικαιο·

516 3590 690 3659 σύνης·
728 3587 941 3667 φάσκειν
968 3612 1022 3646 τε
1058 3587 1224 3666 ἀρχὴν
1271 3588 1364 3665 μὲν
1393 3580 1525 3647 εἶναι
1551 3588 1646 3661 τὴν
1676 3587 1827 3662 ὅλην,
1854 3578 1967 3647 εἶτα
1997 3588 2062 3646 τὰ

515 3756 605 3804 sub
628 3757 972 3819 Carambycam
997 3757 1196 3806 fluvium
1212 3795 1225 3817 ,
1249 3772 1278 3806 a
1300 3772 1399 3820 quo
1416 3759 1647 3808 insulares
1666 3758 1972 3820 Caramhycar
1996 3758 2065 3805 ‹li-

514 3838 705 3896 cuntm,
727 3839 782 3885 ut
803 3838 1051 3902 necataeus
1068 3836 1294 3887 Abderita
1312 3838 1470 3887 refert.
1872 3906 1879 3913 γ

575 3912 881 3976 Carambycae
894 3949 908 3973 ,
928 3914 1341 3976 Hyperboreorum
1358 3927 1498 3978 gens,
1517 3927 1546 3964 a
1565 3914 1862 3977 Carambyca
1884 3914 2031 3964 fluvio
2047 3952 2061 3976 ,

511 3992 581 4041 uti
608 3994 858 4045 llecataeus
880 3993 1120 4044 Abderita.
1904 4002 1919 4015 ‘

1250 4074 1302 4127 6'.

570 4173 801 4224 Fabulosa
813 4174 939 4237 apud
953 4176 1229 4224 Hecataeum
1243 4176 1314 4225 est
1328 4174 1390 4225 de
1406 4175 1692 4226 Cimmeride
1704 4177 1824 4227 urbe
1837 4176 2057 4226 narratio.

794 4296 894 4356 DE
936 4295 1175 4356 REBUS
1215 4294 1764 4356 AEGYPTIORUM.

1252 4415 1281 4463 7

646 4516 747 4575 DE
789 4516 1324 4576 AEGYPTIORUM
1368 4517 1463 4576 PH
1472 4516 1889 4577 lLOSOPHIA.

566 4628 889 4690 AEgyptiorum
934 4628 1279 4690 philosophiam
1324 4629 1595 4690 hujusmodi
1632 4643 1733 4679 esse
1769 4628 1830 4678 de
1875 4629 1962 4678 diis
1994 4643 2053 4705 ρι-

498 4705 682 4766 justitia
700 4705 942 4755 dixemnt.
1026 4707 1272 4757 Materiam
1300 4707 1583 4771 principium
1604 4708 1745 4758 fuisse
1776 4722 1935 4758 rerum
1959 4728 1970 4757 ε
1993 4722 2052 4757 ex

500 4794 557 4830 ea
573 4782 795 4845 deinceps
811 4786 1039 4846 quattuor
1056 4786 1293 4836 elementa
1305 4785 1509 4836 discreta
1520 4824 1535 4848 ,
1556 4787 1881 4851 perfectasque
1898 4786 2054 4835 omnis

497 4862 681 4920 generis
706 4861 973 4913 animantes
994 4882 1005 4912 ε
1026 4862 1177 4913 solem
1199 4876 1258 4913 ac
1277 4863 1442 4913 lunam
1461 4862 1576 4913 deos
1597 4877 1724 4926 esse,
1750 4865 2052 4926 alterumque

499 4936 701 4999 Osirim,
725 4937 930 4988 alteram
964 4939 1075 4989 isim
1094 4940 1407 5003 appellatam3
1428 4940 1629 5002 exprimi
1657 4937 1764 4991 illos
1790 4954 1874 5003 per
1891 4953 2050 4991 scara-

501 5014 645 5063 beum
666 5019 714 5065 et
731 5015 985 5066 draconem
999 5053 1013 5077 ‚
1033 5017 1307 5080 accipitrem
1336 5019 1526 5081 aliaque
1555 5017 1780 5068 animalia
1804 5019 2050 5068 Manethos

498 5092 663 5140 auctor
682 5096 754 5143 est
772 5093 822 5143 in
850 5094 1152 5145 Naturalium
1174 5096 1382 5158 epitome
1398 5097 1448 5146 et
1470 5096 1725 5146 Hecataeus
1746 5096 1795 5144 in
1814 5095 1969 5159 primo
1987 5094 2049 5144 de

2174 600 2288 659 τοῖα
2318 601 2743 668 ἀποτελεσθῆναι·
2789 596 2928 666 θεοὺς
2961 599 3007 657 δ’
3049 598 3194 671 ἥλιον
3240 599 3328 658 καὶ
3373 601 3615 674 σελήνην,
3647 602 3743 661 τὸν

2175 686 2272 765 μὲν
2306 684 2534 766 Ὄσιριν,
2576 685 2672 758 τὴν
2697 685 2741 744 δ’
2762 675 2897 746 Ἶσιν
2925 687 3280 764 καλουμένην·
3312 687 3628 747 αἰνίττεσθαί
3677 713 3739 748 τε

2173 772 2356 842 αὐτοὺς
2379 775 2464 833 διά
2505 798 2561 833 τε
2589 772 2843 854 κανθάρου
2869 772 2959 831 καὶ
2991 773 3261 854 δράκοντος
3286 774 3376 833 καὶ
3403 773 3607 855 ἱέρακος
3635 776 3733 835 καὶ

2173 861 2364 933 ἄλλων,
2387 861 2454 929 ὥς
2478 883 2604 942 φησι
2634 859 2885 927 Μανέθως
2913 864 2965 920 ἐν
2992 866 3058 940 τῇ
3092 866 3193 920 τῶν
3224 863 3474 922 Φυσικῶν
3498 864 3734 943 ἐπιτομῇ

2171 949 2261 1009 καὶ
2307 948 2582 1016 Ἑκαταῖος
2615 950 2666 1006 ἐν
2696 946 2972 1030 τῇ“πρώτῃ
3001 948 3121 1029 περὶ
3162 952 3253 1020 τῆς
3292 952 3394 1008 τῶν
3425 951 3734 1028 Αἰγυπτίων

2170 1036 2490 1117 φιλοσοφίας.
2519 1036 2940 1104 Κατασκευάζειν
2977 1033 3037 1094 δὲ
3068 1035 3158 1094 καὶ
3187 1034 3468 1116 ἀγάλματα
3514 1037 3606 1095 καὶ
3645 1062 3737 1096 τε·

2171 1122 2299 1200 μένη
2327 1126 2401 1204 τῷ
2440 1120 2515 1199 μὴ
2545 1120 2733 1181 εἰδέναι
2760 1121 2854 1194 τὴν
2892 1126 2979 1181 τοῦ
3031 1127 3144 1181 θεοῦ
3194 1122 3415 1202 μορφήν.
3467 1123 3577 1183 Τὸν
3626 1123 3737 1182 κό-

2170 1232 2300 1287 σμον
2333 1210 2542 1287 γενητὸν
2563 1208 2651 1268 καὶ
2684 1207 2906 1290 φθαρτὸν
2938 1206 3027 1267 καὶ
3058 1211 3357 1289 σφαιροειδῆ
3375 1232 3389 1246 ·
3417 1208 3533 1278 τοὺς
3565 1210 3733 1269 ἄστε’-

2173 1321 2263 1380 ρας
2281 1303 2383 1379 πῦρ
2401 1289 2564 1374 εἶναι,
2595 1297 2685 1356 καὶ
2720 1301 2785 1376 τῇ
2814 1295 3007 1356 τούτων
3049 1296 3231 1377 κράσει
3265 1297 3332 1355 τὰ
3362 1297 3448 1356 ἐπὶ
3473 1302 3570 1374 γῆς
3601 1298 3738 1374 γίνε-

2169 1389 2289 1444 σθαι
2308 1403 2322 1417 ·
2355 1384 2576 1456 σελήνην
2601 1382 2857 1443 ἐκλείπειν
2890 1385 2959 1451 εἷς
2982 1382 3040 1441 τὸ
3068 1383 3304 1461 σκίασμα
3338 1388 3429 1455 τῆς
3451 1388 3545 1460 γῆς
3568 1385 3736 1459 ἐμπί·

2167 1489 2428 1533 πτουσαν·
2467 1471 2561 1543 τὴν
2589 1471 2760 1551 ψυχὴν
2803 1470 2894 1529 καὶ
2937 1469 3283 1549 ἐπιδιαμένειν
3311 1470 3401 1529 καὶ
3432 1470 3734 1548 μετεμὸαί-

2166 1577 2301 1618 νειν·
2333 1556 2506 1625 ὑετοὺς
2543 1557 2679 1617 κατὰ
2724 1557 2870 1639 ἀέρος
2897 1553 3092 1638 τροπὴν
3132 1557 3511 1615 ἀποτελεῖσθαι·
3572 1556 3641 1616 τά
3671 1582 3733 1617 τε

2168 1646 2302 1705 ἄλλα
2321 1649 2657 1728 φυσιολογεῖν,
2672 1649 2742 1713 ὡς
2765 1644 3041 1712 Ἑκαταῖός
3061 1668 3117 1703 τε
3142 1643 3232 1703 καὶ
3255 1644 3622 1725 Ἀρισταγόρας
3639 1648 3730 1705 ἱσ-

2165 1739 2420 1814 τοροῦσιν.
2437 1730 2667 1793 Ἐθεσαν
2681 1730 2834 1791 δὲκαὶ
2845 1731 3032 1809 νόμους
3048 1730 3176 1812 ὑπὲρ
3189 1731 3535 1804 δικαιοσύνης,
3549 1729 3636 1799 οὓς
3649 1735 3728 1800 εἰς

2167 1818 2370 1901 Ἑρμῆν
2392 1821 2679 1898 ἀνήνεγκαν
2698 1838 2712 1852 ·
2758 1819 2848 1878 καὶ
2882 1817 2950 1877 τὰ
2978 1817 3242 1898 εὔχρηστα
3271 1821 3372 1876 τῶν
3415 1816 3558 1899 ζῴων
3587 1819 3736 1889 θεοὺς

2167 1906 2673 1986 ἐδόξασαν.Λέγουσι
2702 1908 2755 1965 δὲ
2779 1906 2870 1966 καὶ
2910 1909 2980 1974 ὣς
3013 1905 3160 1965 αὐτοὶ
3195 1905 3519 1985 γεωμετρίαν
3540 1929 3597 1965 τε
3638 1909 3734 1966 καὶ

2169 1995 2505 2077 ἀστρολογίαν
2529 1995 2616 2054 καὶ
2647 1992 2990 2073 ἀριθμητικὴν
3021 1997 3254 2074 ἀνεῦρον.

2912 2130 2967 2187 8.

2244 2280 2493 2337 Stobaeus
2517 2280 2631 2335 Ecl.
2665 2279 2824 2353 phys.
2851 2298 2913 2352 p.
2949 2275 3057 2345 524
3084 2279 3178 2336 ed.
3221 2279 3462 2336 Heereu.
3495 2299 3510 2335 t
3551 2277 3731 2358 Ἡραί-

2164 2368 2361 2434 κλειτος
2388 2366 2478 2424 καὶ
2507 2364 2784 2430 Ἑκαταῖος
2811 2364 3030 2442 ἄναμμα
3054 2362 3227 2445 νοερὸν
3272 2361 3331 2422 τὸ
3361 2365 3420 2422 ἐκ
3465 2364 3730 2437 θαλάττης

2163 2443 2294 2512 εἶναι
2321 2451 2408 2511 τὸν
2444 2451 2609 2524 ἥλιον,
2644 2453 2925 2532 σκαφοειδῆ
2971 2453 3016 2509 δ’
3044 2442 3177 2510 εἶναι
3218 2449 3530 2531 ὑπόκυρτον·
3573 2439 3741 2533 γίνε(

2164 2546 2281 2599 σθαι
2310 2539 2364 2598 δὲ
2391 2539 2484 2610 τὴν
2524 2538 2747 2620 ἔκλειψιν
2776 2537 2912 2596 κατὰ
2957 2538 3050 2610 τὴν
3091 2544 3179 2598 τοῦ
3208 2541 3544 2619 σκαφοειδοῦς
3569 2563 3722 2622 στρο-

2163 2624 2282 2706 φὴν,
2309 2624 2442 2684 ὥστε
2465 2625 2523 2684 τὸ
2574 2627 2666 2702 μὲν
2693 2629 2862 2685 κοῖλον
2894 2624 3000 2684 ἄνω
3044 2625 3337 2704 γίγνεσθαι,
3366 2624 3426 2685 τὸ
3455 2626 3508 2684 δὲ
3533 2627 3723 2708 κυρτὸν

2162 2714 2340 2786 κάτω,
2374 2711 2497 2794 πρὸς
2540 2711 2631 2784 τὴν
2662 2711 2918 2792 ἡμετέραν
2966 2712 3098 2794 ὄψιν·
3127 2712 3186 2771 τὸ
3233 2712 3285 2771 δὲ
3328 2710 3537 2793 μέγεθος
3578 2714 3724 2793 ἔχειν

2162 2792 2304 2882 εῦρος
2332 2802 2485 2866 ποδὸς
2513 2799 2847 2879 ἀνθρωπείου.

2241 2891 2323 2948 Cf.
2364 2891 2686 2946 Damascius
2720 2891 2805 2945 De
2855 2890 3101 2966 princip.
3132 2908 3191 2966 p.
3228 2889 3363 2948 261.
3403 2889 3515 2947 386
3540 2932 3557 2962 ‚
3612 2895 3716 2967 qui

2161 2976 2258 3053 (ex
2306 2976 2595 3049 Hecataeo)
2630 2978 2801 3033 refert
2834 2979 3142 3035 secundum
3173 2981 3566 3056 AEgyptiorum
3611 2982 3720 3037 do-

2159 3069 2392 3121 ctrinam
2431 3062 2516 3121 τὸν
2543 3062 2687 3134 ἥλιον
2719 3054 2846 3121 εἶναι
2897 3062 3049 3121 αὐτὸν
3091 3064 3177 3122 τὸν
3225 3069 3338 3121 νοῦν
3379 3063 3469 3121 τὸν
3501 3064 3717 3135 νοητόν.

2156 3153 2500 3226 Porphyrius
2525 3155 2609 3208 De
2640 3164 2783 3211 antr.
2825 3152 3058 3226 nymph.
3087 3172 3137 3210 c.
3171 3171 3227 3207 11
3262 3170 3275 3206 ε
3306 3149 3408 3208 Καὶ
3433 3148 3518 3206 διὰ
3555 3156 3722 3210 τοῦτο

2156 3236 2310 3314 ἅμμα
2338 3237 2429 3314 μὲν
2453 3236 2626 3317 νοερὸν
2657 3228 2788 3295 εἶναι
2827 3237 2914 3295 τὸν
2944 3237 3090 3308 ἥλιον
3137 3241 3194 3297 ἐκ
3219 3236 3499 3307 θαλάσσης.
3530 3241 3715 3315 Diog.

2155 3331 2222 3383 L.
2245 3330 2371 3398 VII,
2405 3332 2534 3393 145.
2559 3320 2818 3383 Ceterum
2846 3329 3149 3384 Creuzerus
3173 3327 3264 3402 (in
3288 3328 3366 3384 W
3368 3332 3480 3383 ien.
3498 3326 3714 3387 Jahrb.

2149 3414 2197 3483 fi
2223 3418 2334 3473 Lit.
2367 3414 2512 3482 1844
2539 3416 2664 3472 fasc.
2698 3417 2782 3485 11,
2812 3434 2873 3488 p.
2901 3414 3003 3491 35)
3049 3416 3164 3470 haec
3199 3416 3412 3470 Milesio
3453 3416 3718 3471 Hecataeo

2151 3503 2472 3560 vindicavit.
2494 3502 2664 3574 Quod
2685 3521 2803 3557 non
2824 3503 3088 3576 probavit
3106 3502 3242 3556 mihi
3255 3503 3343 3556 vir
3358 3502 3712 3558 clarissimus.

2151 3590 2684 3647 Schleiermacherus
2699 3608 2927 3663 quoque
2943 3590 3021 3664 (in
3048 3589 3131 3647 W
3126 3586 3240 3659 οζΙῙς·
3262 3608 3312 3644 u.
3332 3590 3541 3645 Buttm.
3573 3590 3718 3644 Mn-

2152 3756 2410 3818 l'abricare‚
2459 3755 2588 3819 quod
2626 3755 2843 3817 ignorent
2882 3754 3084 3817 effigiem
3119 3754 3214 3804 dei.
3299 3754 3526 3804 Mundum
3563 3755 3707 3817 geni-

2150 3836 2254 3883 tum
2275 3832 2621 3895 mortalemque
2645 3835 2694 3882 et
2723 3832 2782 3881 ad
2801 3832 3001 3894 sphaeroe
3026 3831 3382 3883 similitudinem
3403 3831 3665 3881 rotundum
3690 3851 3704 3880 ε

2149 3911 2307 3962 stellas
2325 3910 2481 3973 iguem
2501 3922 2602 3959 esse
2616 3947 2631 3971 ,
2652 3922 2858 3973 quarum
2877 3911 3139 3973 temperata
3174 3907 3511 3959 commixtione
3525 3910 3712 3958 cuncta

2149 4002 2292 4053 super
2323 3992 2500 4039 terram
2526 3990 2792 4038 nascuntur
2822 4007 2834 4038 ε
2863 3987 3030 4037 lunam
3061 3986 3266 4038 deficere
3300 4000 3458 4052 quum
3483 3984 3536 4035 in
3557 3987 3706 4037 terrae

2148 4066 2314 4116 incidit
2345 4068 2602 4116 umbram:
2637 4058 2850 4116 anim‘um
2884 4066 2934 4115 et
2964 4065 3150 4128 corpori
3176 4076 3420 4129 superesse
3441 4066 3491 4114 et
3511 4078 3574 4115 ex
3608 4066 3707 4114 alio

2147 4143 2196 4192 in
2212 4144 2342 4193 aliud
2357 4143 2558 4207 migrare
2575 4162 2587 4193 z
2609 4143 2797 4206 pluvias
2809 4156 2871 4193 ex
2884 4142 3007 4193 aeris
3020 4141 3406 4193 conversionibus
3423 4140 3545 4191 fleri.
3609 4146 3708 4192 ista

2148 4225 2197 4272 et
2220 4222 2490 4285 huiusmodi
2522 4220 2629 4272 illos
2645 4221 2706 4271 de
2738 4234 2898 4271 rerum
2928 4221 3101 4270 natura
3123 4219 3355 4271 disserere
3381 4222 3638 4271 Hecataeus
3654 4224 3708 4269 et

2147 4302 2438 4365 Aristagoras
2467 4300 2684 4351 tradunt.
2748 4304 2816 4350 De
2847 4300 3032 4362 iustitia
3062 4312 3255 4363 quoque
3286 4299 3411 4362 leges
3436 4298 3706 4349 constitue-

2144 4379 2275 4440 runt,
2290 4391 2411 4441 quas
2429 4377 2492 4427 ad
2512 4378 2801 4427 Mercurium
2821 4378 3047 4428 referunt.
3115 4377 3268 4427 Utiles
3281 4388 3499 4440 quasque
3520 4377 3570 4426 et
3589 4376 3704 4426 usui
3769 4438 3777 4447 .

2143 4455 2391 4506 hominum
2404 4454 2785 4505 accommodatas
2798 4453 3062 4504 animantes
3079 4453 3243 4503 divino
3261 4454 3443 4503 honore
3459 4453 3705 4516 prosecuti

2140 4534 2270 4582 sunt.
2336 4533 2561 4582 Asserunt
2582 4530 2724 4580 etiam
2742 4531 3047 4593 geometriam
3061 4567 3075 4591 ‚
3094 4530 3393 4593 astrologiam
3409 4533 3458 4580 et
3475 4530 3704 4579 aritlime·

2143 4611 2288 4660 ticam
2306 4622 2357 4659 se
2379 4609 2558 4671 primos
2579 4607 2829 4659 invernsse.

2892 4690 2945 4740 8.

2204 4787 2470 4838 Heraclitus
2492 4790 2542 4837 et
2569 4787 2823 4837 Hecataeus
2852 4787 3007 4848 ignem
3035 4783 3273 4833 marinum
3297 4783 3568 4832 intellectus
3595 4797 3704 4845 par·

2137 4865 2330 4928 ticipem
2355 4865 2505 4915 solem
2523 4877 2626 4915 esse
2642 4863 2894 4925 dixerunt,
2931 4876 2988 4912 ac
3015 4862 3202 4924 scaphir
3221 4860 3423 4922 figuram
3442 4859 3704 4911 subincur-

2137 4956 2246 4991 vam
2278 4942 2470 4993 habere.
2550 4942 2801 4991 Deiectum
2832 4953 3025 5003 quoque
3055 4935 3315 4987 secundum
3348 4936 3494 4999 hujus
3529 4937 3702 4999 figam

2135 5020 2491 5072 conversionem
2507 5020 2724 5081 evenire,
2760 5033 2913 5082 quum
2931 5018 3152 5068 videlicet
3171 5018 3307 5079 parte
3328 5029 3539 5065 concava
3558 5029 3588 5064 a
3611 5030 3706 5066 no-

2133 5096 2207 5146 bis
2222 5110 2386 5147 aversa
2401 5137 2415 5159 ,
2435 5110 2652 5148 convexa
2667 5096 2727 5146 ad
2747 5109 2835 5146 nos
2851 5097 3051 5159 spectat.
3087 5091 3460 5155 Magnitudinem
3478 5092 3702 5157 denique

505 5170 822 5232 AEgyptiorum
850 5172 1144 5236 philosophia
1164 5173 1302 5225 libro.
1367 5175 1560 5226 Statuas
1594 5176 1905 5247 praetereaet
1940 5174 2046 5223 sana
2136 5174 2311 5226 habere
2333 5177 2513 5240 quanta
2531 5176 2593 5227 sit
2610 5174 2807 5226 humani
2824 5173 2957 5240 pedis
2972 5170 3192 5225 latitudo.
