4016 5916
1166 400 1820 534 CLYTUS
1904 401 2731 537 MILESIUS.

836 741 1015 800 ΠΕΡΙ
1056 741 1430 802 ΜῙΛΗΤΟΥ.

817 885 862 938 Ε
911 883 1134 939 LIBRO
1176 884 1433 940 PRIMO.

353 1033 363 1043 '
435 1035 731 1092 Athenaeus
756 1031 922 1099 XIV,
950 1048 1009 1103 p.
1048 1028 1194 1100 655,
1220 1032 1264 1086 B
1296 1050 1311 1085 ε
1346 1025 1546 1095 Κλύτος
1573 1030 1600 1086 δ
1625 1027 1907 1102 Μιλήσιος,

354 1110 735 1200 1’Ἀριστοτέλους
766 1114 819 1172 δὲ
850 1112 1111 1190 μαθητὴς,
1142 1117 1196 1173 ἐν
1226 1118 1300 1195 τῷ
1326 1113 1520 1194 πρώτῳ
1552 1114 1685 1196 Περὶ
1726 1115 1907 1186 Μιλή-

356 1230 449 1266 του
479 1204 667 1285 γράφει
692 1200 812 1280 περὶ
844 1203 1014 1260 αὗτῶν
1044 1200 1232 1268 οὕτως·
1272 1229 1296 1255 α
1330 1200 1465 1281 Περὶ
1493 1201 1548 1260 δὲ
1574 1201 1632 1259 τὸ
1653 1202 1789 1282 ἱερὸν
1814 1208 1909 1274 τῆς

360 1292 631 1371 Παρθένου
647 1291 700 1348 ἐν
716 1286 868 1368 Λέρῳ
882 1286 1012 1346 εἰσὶν
1027 1290 1075 1346 οἱ
1099 1286 1410 1364 καλούμενοι
1422 1288 1614 1367 ὄρνιθες
1630 1288 1907 1368 μελεαγρί-

359 1382 458 1447 δες.
488 1377 554 1438 Ὁ
578 1374 635 1435 δὲ
660 1373 815 1440 τόπος
840 1373 979 1433 ἐστὶν
1007 1373 1230 1447 ἑλώδης,
1264 1375 1318 1432 έν
1344 1364 1388 1455 ᾧ
1414 1373 1704 1454 τρέφονται.
1746 1373 1908 1435 Ἔστι

357 1466 415 1526 δὶ
443 1464 693 1544 ἄστοργον
721 1454 847 1540 πρὸς
869 1458 937 1518 τὰ
958 1459 1145 1536 ἔκγονα
1165 1460 1224 1519 τὸ
1238 1460 1412 1540 ὄρνεον
1430 1462 1522 1519 καὶ
1540 1463 1778 1542 ὀλιγωρεῖ
1803 1465 1905 1520 τῶν

358 1552 645 1632 νεωτέρων,
686 1547 820 1607 ὥστε
872 1547 1075 1625 ἀνάγκη
1130 1555 1233 1614 τοῖς
1287 1550 1506 1626 ἱερεῦσιν
1553 1550 1910 1624 ἐπιμελεῖσθαι

359 1643 553 1699 αὐτῶν.
580 1634 741 1716 Ἔχει
763 1633 817 1693 δὲ
844 1633 904 1692 τὸ
938 1632 1035 1710 μὲν
1058 1632 1269 1711 μέγεθος
1290 1634 1484 1714 ὄρνιθος
1514 1633 1781 1710 γενναίου,
1810 1635 1904 1705 τὴν

359 1725 414 1786 δὲ
442 1722 675 1805 κεφαλὴν
702 1720 888 1802 μικρὰν
927 1719 1054 1800 πρὸς
1086 1719 1146 1778 τὸ
1179 1724 1364 1795 σῶμα,
1391 1721 1482 1780 καὶ
1507 1719 1702 1793 ταύτην
1731 1721 1908 1802 ψιλὴν,

356 1814 441 1872 ἐπ’
484 1813 643 1882 αὐτῆς
682 1807 737 1867 δὲ
776 1807 932 1888 λόφον
974 1806 1239 1888 σάρκινον,
1271 1810 1527 1888 σκληρὸν,
1570 1809 1907 1889 στρογγύλον,

361 1898 603 1979 ἐξέχοντα
631 1901 723 1967 τῆς
746 1897 973 1977 κεφαλῆς
999 1892 1177 1974 ὥσπερ
1204 1895 1488 1967 πάτταλον,
1515 1895 1684 1954 καὶτὸ
1718 1900 1911 1976 χρῶμα

358 1986 617 2056 ξυλοειδῆ.
646 1983 790 2062 Πρὸς
819 1981 875 2040 δὲ
901 1986 1015 2048 ταῖς
1046 1981 1250 2060 γνάθοις
1277 1984 1383 2040 ἀπὸ
1409 1989 1500 2041 τοῦ
1528 1984 1783 2057 στόματος
1806 1986 1910 2062 ἀρ-

358 2071 585 2148 ξαμένην
616 2069 730 2129 ἀντὶ
758 2067 1002 2146 πώγωνος
1025 2066 1233 2149 μακρὰν
1269 2067 1440 2149 σάρκα
1465 2069 1556 2128 καὶ
1577 2070 1910 2150 ἐρυθροτέραν

230 2161 237 2162 ’
355 2163 461 2218 τῶν
480 2158 706 2239 ὀρνίθιον.
731 2155 846 2228 Τὴν
868 2153 921 2214 δὲ
943 2159 1049 2223 τοῖς
1071 2154 1262 2234 ὄρνισιν
1278 2154 1365 2214 ἐπὶ
1395 2159 1471 2237 τῷ
1502 2155 1680 2238 ῥύγχει
1707 2156 1911 2235 γινομέ-

359 2269 473 2317 νην,
496 2246 561 2315 ἣν
586 2243 709 2303 ἔνιοι
731 2241 959 2319 πώγωνα
985 2243 1250 2316 καλοῦσιν,
1268 2245 1360 2301 οὗκ
1376 2240 1511 2322 ἔχει·
1539 2243 1617 2301 διὸ
1632 2243 1724 2301 καὶ
1745 2240 1911 2322 ταύτῃ

358 2331 576 2393 κολοὸόν
611 2333 738 2390 ἔστι.
765 2329 992 2409 Ῥύγχος
1026 2329 1082 2389 δὲ
1119 2328 1354 2409 ὀξύτερον
1385 2329 1475 2387 καὶ
1512 2331 1685 2408 μεῖζον
1714 2328 1749 2400 ἢ
1777 2330 1912 2409 ὄρνις

363 2418 492 2499 ἔχει.
547 2416 828 2499 Τράχηλος
873 2416 1069 2493 μέλας,
1112 2415 1405 2495 παχύτερος
1455 2415 1545 2475 καί
1597 2415 1913 2498 βραχύτερος

357 2510 463 2566 τῶν
502 2505 734 2586 ὀρνίθων.
802 2502 884 2564 Τὸ
929 2503 984 2562 δὲ
1020 2505 1174 2581 σῶμα
1212 2503 1357 2561 ἅπαν
1396 2502 1653 2575 ποικίλον,
1694 2502 1914 2581 μέλανος

359 2592 503 2659 ὄντος
528 2598 619 2651 τοῦ
656 2587 935 2671 χρώματος
957 2588 1109 2663 δ’λου,
1132 2589 1339 2656 ’πτίλοις
1364 2591 1564 2656 λευκοῖς
1591 2589 1681 2649 καὶ
1707 2590 1913 2655 πυκνοῖς

362 2677 730 2755 διειλημμένου
762 2676 929 2755 [cM]
961 2675 1161 2752 μείζοσι
1200 2679 1400 2756 φακῶν.
1483 2667 1645 2736 Οὗτοι
1689 2677 1739 2733 δ’
1784 2674 1912 2734 εἰσὶν

360 2769 417 2825 ἰν
444 2763 655 2847 ρόμὸοις
696 2766 744 2822 οἱ
783 2763 1051 2822 κυκλίσκοι
1091 2761 1283 2838 μέλασι
1320 2767 1409 2822 τοῦ
1440 2761 1561 2821 ὅλου
1604 2763 1909 2842 χρώματος·

357 2851 443 2910 διὸ
469 2850 560 2910 καὶ
582 2848 844 2909 ποικιλίαν
872 2850 987 2907 τινὰ
1015 2850 1063 2906 οἱ
1093 2848 1279 2931 ρόμὸοι
1311 2848 1664 2928 παρέχονται,
1694 2854 1783 2908 τοῦ
1817 2846 1910 2926 μὲν

366 2930 588 3007 μέλανος
617 2928 822 3008 ἔχοντος
857 2926 1156 3008 λευκότερον
1186 2927 1245 2986 τὸ
1274 2931 1469 3008 χρῶμα
1485 2976 1502 3002 ,
1532 2932 1622 2986 τοῦ
1646 2928 1700 2987 δὲ
1727 2930 1912 2987 λευκοῦ

363 3016 501 3077 πολὺ
547 3016 883 3095 μελάντερον.
923 3013 1004 3074 Τὸ
1042 3013 1096 3072 δὲ
1137 3013 1275 3073 κατὰ
1305 3013 1398 3082 τὰς
1433 3013 1690 3095 πτέρυγας
1733 3016 1913 3078 αὗταῖς

358 3102 692 3163 πεποίκιλται
708 3103 881 3181 λευκῷ
898 3098 1205 3180 πριονώδεσι
1220 3100 1457 3180 σχήμασι
1474 3099 1803 3180 [πυρώδεσι]
1825 3099 1915 3158 καὶ

362 3191 490 3271 παρ’
517 3191 723 3262 ἄλληλα
751 3188 1023 3266 κειμένοις.
1049 3188 1226 3259 Σκέλη
1257 3189 1312 3247 δὲ
1338 3189 1564 3270 ἄκεντρα
1581 3235 1597 3260 ,
1623 3187 1780 3265 ὅμοια
1810 3191 1914 3255 τοῖς

362 3278 640 3359 ὄρνιθείοις.
662 3275 1044 3363 Παραπλήσιαι
1065 3278 1111 3335 δ’
1132 3275 1261 3335 εἰσὶν
1284 3280 1338 3335 αῖ
1361 3277 1563 3347 θήλειαι
1577 3284 1682 3344 τοῖς
1705 3274 1913 3356 ἄρρεσι·

366 3364 446 3424 διὸ
467 3363 555 3424 καὶ
582 3362 946 3442 δυσδιάκριτόν
972 3365 1082 3421 ἐστι
1100 3362 1161 3422 τὸ
1188 3367 1289 3421 τῶν
1311 3361 1661 3441 μελεαγρίδων
1688 3360 1854 3439 γένος.
1889 3387 1914 3415 n

365 3456 615 3513 Τοσαῦτα
648 3450 738 3510 καὶ
760 3455 788 3508 ὁ
813 3448 1220 3528 περιπατητικὸς
1245 3449 1517 3530 φιλόσοφος
1545 3448 1663 3529 περὶ
1689 3451 1792 3507 τῶν
1822 3468 1929 3527 με-’

362 3538 652 3618 λεαγρίδων
679 3536 968 3617 ἱστόρησεν.

444 3630 621 3684 Leros
643 3628 821 3683 insula
844 3646 874 3681 a
898 3627 1124 3682 Milesiis
1161 3637 1280 3682 erat
1314 3626 1513 3681 incolis
1542 3626 1911 3698 frequentata.

916 3792 1021 3852 DE
1061 3792 1365 3852 MILE‘I’O.

1122 3908 1139 3955 l

814 4005 865 4064 E
908 4004 1141 4066 LIBRO
1190 4004 1461 4064 PRlMO.

427 4114 603 4178 clytus
623 4112 863 4174 Milesius,
891 4114 1158 4164 Aristotelis
1190 4114 1481 4177 discipulus,
1501 4112 1657 4175 primo
1691 4112 1817 4162 libro
1848 4114 1918 4161 De

370 4192 534 4243 Mileto
551 4191 612 4241 de
631 4190 997 4253 meleagridibus
1014 4192 1082 4241 ita
1100 4191 1265 4240 scribit
1286 4205 1298 4238 :
1324 4210 1349 4233 «ι
1372 4190 1513 4240 Circa
1535 4188 1696 4238 Dianae
1711 4187 1920 4251 Virginis

366 4270 631 4335 templum,
663 4269 795 4332 quod
818 4269 927 4319 Leri
955 4272 1026 4319 est
1042 4305 1058 4331 ,
1087 4282 1204 4319 aves
1236 4271 1348 4319 sunt
1366 4282 1475 4332 quoe
1495 4267 1803 4329 meleagrides
1826 4277 1917 4315 vo-

366 4353 558 4400 cantur.
596 4348 828 4399 palustris
868 4348 1003 4397 locus
1035 4349 1109 4398 est
1146 4348 1198 4396 in
1227 4361 1325 4411 quo
1363 4347 1577 4398 aluntur.
1618 4346 1778 4397 Pullos
1807 4356 1920 4394 suos

370 4427 507 4478 nullo
535 4426 714 4476 amoris
741 4426 920 4476 al't’ectn
948 4428 1257 4489 prosequitur
1278 4427 1383 4476 liaec
1414 4425 1543 4487 avis,
1564 4426 1613 4474 et
1639 4426 1829 4474 teneros
1850 4424 1919 4472 ita

372 4504 597 4567 negligit,
643 4506 701 4553 nt
737 4503 1006 4553 sacerdotes
1051 4516 1219 4553 curam
1260 4515 1424 4553 eorum
1468 4515 1631 4564 gerere
1675 4501 1914 4562 oporteat.

368 4579 648 4643 Magnitudo
680 4580 724 4630 ei
744 4581 818 4630 est
838 4581 1051 4642 generosi
1072 4581 1181 4644 galli
1210 4581 1483 4643 gallinacei3
1510 4583 1766 4642 capnt.pro
1800 4590 1915 4626 cor·

367 4658 499 4722 poris
529 4658 657 4708 mole
678 4671 883 4721 parvum
899 4694 915 4719 ,
939 4658 1164 4721 idemque
1180 4659 1427 4721 glabrum3
1453 4671 1596 4721 snper
1627 4659 1783 4720 capite
1805 4671 1919 4708 vero

372 4737 515 4787 babet
532 4737 725 4786 cristam
738 4749 961 4786 carneam
974 4773 990 4799 ,
1018 4736 1192 4786 duram
1207 4774 1222 4798 ‚
1248 4737 1534 4797 rotundam,
1553 4749 1664 4799 quoe
1686 4750 1748 4786 ex
1764 4736 1920 4798 capite

369 4814 549 4863 eminet
564 4813 715 4863 veluti
734 4813 903 4863 clavus
915 4850 930 4874 ‚
949 4812 1108 4863 colore
1132 4812 1306 4876 ligneo.
1327 4813 1401 4865 Ad
1422 4812 1658 4875 maxillas,
1683 4812 1790 4862 loco
1806 4812 1911 4862 bar·

249 4920 261 4931 ·
368 4888 446 4940 ἱππ
459 4928 473 4951 ,
492 4888 638 4941 babet
654 4891 909 4955 oblongam
932 4890 1240 4941 carunculam
1255 4928 1271 4953 ,
1292 4891 1355 4940 ab
1375 4904 1459 4940 ore
1485 4892 1805 4954 incipientem,
1833 4905 1918 4940 ru-

369 4966 635 5016 bentiorem
665 4981 813 5030 quam
833 4969 883 5018 in
900 4967 1187 5031 gallinaceis.
1209 4972 1367 5026 Quam
1388 4982 1505 5017 vero
1532 4969 1642 5030 galli
1669 4968 1918 5031 gallinacei

370 5044 525 5091 rostro
542 5042 866 5095 adliaerentem
879 5044 1060 5093 hahent
1071 5079 1087 5104 ,
1110 5056 1254 5106 quam
1275 5044 1473 5094 barbam
1487 5045 1702 5094 nonnulli
1716 5047 1916 5106 vocant,

369 5118 554 5181 [latine
578 5121 715 5182 palea
731 5123 806 5171 vel
829 5125 1045 5171 mentum
1063 5120 1259 5183 dicitur,
1279 5121 1300 5184 ]
1320 5134 1428 5181 eam
1450 5136 1545 5171 non
1565 5122 1736 5183 habet,
1767 5135 1919 5184 eaque

376 5198 509 5258 parte
539 5194 709 5247 mutila
740 5201 828 5249 est.
868 5200 1093 5249 Rostrum
1116 5212 1230 5248 vero
1266 5200 1451 5250 acutius
1480 5202 1531 5249 et
1564 5200 1722 5262 maJus
1743 5200 1886 5249 habet
1903 5237 1918 5263 ,

1996 746 2078 802 Cf.
2094 747 2297 802 Strabo
2315 747 2469 817 XIV,
2496 766 2556 820 p.
2578 743 2713 804 635.
2731 750 2817 802 De
2835 748 3031 803 avibus
3047 748 3156 803 illis
3174 750 3367 805 Dianae
3383 756 3550 807 sacris

1998 832 2073 890 cf.
2101 834 2351 890 AElianus
2376 833 2448 892 fl.
2475 838 2583 893 An.
2604 835 2701 904 1v,
2727 842 2830 905 42,
2853 835 2954 889 ubi
2971 836 3118 891 inter
3136 836 3243 891 alia
3269 856 3284 891 t
3310 830 3470 895 Ὅσοι
3494 837 3548 896 δὲ

1998 916 2102 996 ἄρα
2131 920 2393 979 αἰδοῦνται
2424 919 2483 977 τὸ
2515 918 2668 994 θεῖον,
2714 916 2804 976 καὶ
2841 920 2887 976 εἰ
2916 920 3116 996 μᾶλλον
3152 919 3247 991 τὴν
3284 919 3546 1001 Ἄρτεμιν.

1997 1006 2091 1063 οὐκ
2132 1005 2195 1063 ἄν
2228 1029 2354 1065 ποτε
2394 1007 2555 1065 τῶνδε
2595 1010 2699 1064 τῶν
2739 1005 2952 1085 ὀρνίθων
2985 1006 3070 1064 ἰπὶ
3111 1005 3304 1087 τροφὴν
3349 1010 3554 1088 προσά-

1996 1095 2208 1171 ψαιντο·
2244 1093 2335 1152 καὶ
2360 1092 2475 1164 ἥτις
2513 1098 2548 1164 ἡ
2582 1092 2757 1170 αἰτία,
2794 1091 2942 1151 ἴσασί
2975 1115 3033 1151 τε
3073 1096 3121 1152 οἱ
3155 1093 3251 1164 τὴν
3283 1099 3438 1165 ν’ῆσον
3467 1098 3551 1153 oi-

1996 1184 2205 1246 κοῖῐντες
2255 1179 2349 1250 τὴν
2403 1179 2588 1260 Λέρον,
2634 1178 2724 1238 καὶ
2771 1179 2939 1238 ἔνεστι
2994 1181 3179 1256 μαθεῖν
3234 1182 3545 1262 ἀλλαχόθεν.

1995 1268 2280 1324 Nicander
2305 1270 2455 1325 libro
2482 1271 2651 1325 tertio
2681 1270 3212 1343 Metamorphoseon
3241 1290 3336 1346 ap.
3364 1276 3551 1328 Anto-

1995 1354 2196 1409 ninum
2228 1355 2353 1410 Lib.
2388 1374 2439 1410 c.
2471 1354 2503 1410 3
2529 1365 2763 1412 narrat:
2807 1355 2881 1414 At
2905 1351 2961 1412 δὲ
2998 1353 3217 1435 ἀδελφαὶ
3248 1358 3407 1414 αὐτοῦ
3440 1357 3548 1430 (sc.

1994 1442 2264 1515 Meleagri
2300 1442 2400 1514 qui
2433 1443 2518 1497 ira
2555 1443 2747 1497 Dianae
2783 1440 3065 1520 perierat)
3099 1439 3246 1519 παρὰ
3292 1441 3354 1500 τὸ
3402 1446 3550 1518 σῆμα

2000 1524 2242 1605 ἐθρήνουν
2271 1525 2617 1592 ἀδιαλείπτως
2633 1570 2649 1599 ,
2680 1526 2831 1605 ἄχρις
2858 1527 3017 1593 αὐτὰς
3038 1509 3280 1605 Ἄρτεμις
3304 1527 3552 1609 ἁψαμένη

2002 1611 2180 1692 ῥάὸδῳ
2224 1612 2625 1694 μετεμόρφωσεν
2665 1616 2736 1681 εἷς
2785 1613 2986 1694 ὄρνιθας
3025 1615 3119 1674 καὶ
3167 1614 3429 1696 ἀπῴκισεν
3480 1618 3553 1683 εἷς

2000 1697 2165 1777 Λέρον
2186 1697 2281 1770 τὴν
2309 1699 2808 1776 νῆσον,ὀνομάσασα
2839 1702 3214 1781 Μελεαγρίδας.
3245 1708 3431 1763 Locus
3452 1707 3556 1761 ubi

2001 1789 2273 1862 templum
2298 1791 2491 1846 Dianae
2530 1791 2771 1865 Virginis
2799 1793 2977 1860 stetit,
3011 1794 3176 1848 etiam
3208 1812 3358 1848 nunc
3379 1812 3554 1848 voca-

2000 1877 2095 1921 tur
2125 1865 2403 1944 Παρθένοι.
2427 1868 2568 1925 Vide
2586 1871 2746 1924 Ross.
2768 1871 2968 1924 Ree‘sen
2995 1870 3118 1941 auf.
3154 1870 3215 1929 d.
3237 1890 3325 1943 gr.
3353 1873 3548 1926 lasela

1999 1955 2056 2009 11
2073 1995 2089 2023 ,
2117 1972 2179 2027 p.
2226 1973 2327 2010 121
2353 1973 2435 2029 sq.
3169 1993 3178 2006 .

2410 2060 2457 2114 E
2494 2061 2739 2117 LIBRIS
2779 2061 3134 2120 INCERTIS.

2739 2165 2795 2204 α.

2083 2233 2377 2288 Athenaeus
2397 2234 2510 2290 XII
2527 2275 2543 2303 ,
2566 2252 2626 2308 p.
2654 2233 2795 2305 540,
2815 2235 2858 2291 C
2884 2253 2898 2293 ε
2925 2232 3164 2314 Κλύτος(
3187 2232 3404 2301 Κλεῖτος
3423 2235 3554 2292 edd.

2002 2330 2131 2375 ante
2179 2319 2492 2394 Schweigh.
2515 2317 2533 2395 )
2580 2319 2626 2376 δ’
2668 2322 2696 2377 δ
2739 2318 3142 2397 Ἀριστοτελικὸς
3188 2322 3240 2377 έν
3285 2324 3391 2385 τοῖς
3435 2320 3555 2399 περὶ

2002 2403 2248 2475 Μιλήτου
2282 2405 2596 2485 Πολυκράτη
2625 2404 2753 2483 φησὶ
2770 2452 2786 2480 ,
2811 2404 2899 2464 τὸν
2923 2405 3146 2478 Σαμίων
3168 2405 3431 2486 τύραννον,
3455 2405 3557 2464 ὕπὸ

2001 2493 2197 2570 τρυφῆς
2221 2488 2288 2548 τὰ
2316 2491 2640 2570 πανταχόθεν
2665 2492 2934 2569 συνάγειν·
2969 2493 3126 2559 κύνας
3161 2492 3255 2569 μὲν
3285 2491 3337 2561 ἐξ
3367 2492 3552 2552 Ἠπεί-

2003 2600 2092 2656 ρου
2110 2622 2127 2654 ,
2155 2567 2308 2653 αἶγας
2333 2576 2388 2638 δὲ
2410 2579 2470 2635 ἐκ
2494 2577 2726 2657 Σκύρου,
2752 2580 2811 2637 ἔκ
2838 2577 2894 2637 δὲ
2923 2579 3162 2649 Μιλήτου
3185 2578 3429 2659 πρόὸατα
3448 2625 3465 2651 ,
3489 2570 3550 2645 ὗς

2003 2663 2058 2723 δὲ
2100 2666 2161 2722 ἐκ
2199 2664 2459 2730 Σικελίας.
2504 2668 2716 2724 Eadem
2755 2668 2926 2724 tradit
2969 2669 3156 2724 Alexis
3197 2669 3346 2722 libro
3388 2669 3556 2722 tertio

2001 2755 2323 2810 Samiorum
2358 2755 2660 2810 Annalium
2688 2754 2841 2828 apud
2876 2755 3081 2810 Athen.
3117 2755 3156 2810 l.
3189 2755 3226 2810 l.
3251 2757 3338 2811 De
3367 2755 3560 2808 ovium

2000 2851 2058 2896 et
2079 2842 2218 2897 lanae
2246 2842 2473 2897 Milesiae
2498 2844 2811 2915 praestantia
2833 2860 2891 2899 v.
2922 2841 3125 2898 Strabo
3146 2841 3294 2909 XII,
3322 2857 3381 2913 p.
3413 2839 3558 2910 5783

2000 2929 2213 2985 Plinius
2236 2931 2405 2999 VIII,
2442 2927 2538 2999 48,
2573 2928 2644 3001 73
2666 2949 2682 3001 ;
2703 2930 2921 3000 XXIX,
2946 2947 3003 2999 α,
3030 2948 3096 3004 9;
3122 2929 3320 3004 virgil.
3349 2927 3560 3003 Georg.

2000 3017 2110 3090 111,
2134 3015 2279 3087 306;
2317 3018 2417 3092 lv,
2440 3014 2584 3086 3343
2615 3017 2921 3074 Columella
2939 3018 3065 3086 vll,
3090 3035 3148 3087 α,
3181 3015 3234 3073 3.

2080 3190 2318 3264 Diogen.
2340 3191 2409 3247 L.
2448 3192 2504 3261 1,
2540 3188 2643 3262 25,
2672 3190 2744 3246 de
2767 3190 2996 3247 Thalete
3025 3191 3247 3247 Milesio
3278 3207 3296 3249 t
3321 3190 3481 3249 Δοκεῖ
3505 3187 3560 3246 δὲ

2002 3271 2093 3330 καὶ
2119 3275 2173 3332 έν
2204 3278 2312 3343 τοῖς
2347 3276 2634 3341 πολιτικοῖς
2660 3274 2849 3354 ἄριστα
2891 3274 3285 3354 βεὸουλεῧσθαι.
3325 3274 3557 3354 Κροίσου

2004 3365 2126 3438 γοῦν
2141 3361 2439 3442 πέμψαντος
2452 3360 2578 3441 πρὸς
2601 3362 2888 3433 Μιλησίους
2911 3360 2999 3418 ἐπὶ
3027 3362 3330 3440 συμμαχίᾳ,
3353 3362 3554 3418 ἐκώλυ-

2003 3469 2108 3505 σεν·
2133 3445 2279 3528 ὅπερ,
2303 3446 2475 3528 Κύρου
2498 3446 2875 3527 κρατήσαντος,
2898 3447 3063 3506 ἔσωσε
3091 3446 3184 3518 τὴν
3208 3447 3380 3506 πόλιν.
3409 3443 3557 3505 Κλύ-

2001 3557 2088 3602 τος
2105 3536 2264 3612 (olim
2290 3534 2380 3593 καὶ
2404 3534 2570 3611 αὐτὸς)
2593 3534 2650 3593 δέ
2677 3558 2855 3615 φησιν,
2881 3538 2949 3599 ὥς
2972 3533 3318 3615 Ἡρακλείδης
3338 3535 3555 3613 ἱστορεῖ,

2006 3621 2208 3701 μονήρη
2233 3622 2385 3680 αὐτὸν
2409 3620 2672 3700 γεγονέναι
2703 3621 2794 3680 καὶ
2821 3624 3077 3693 ἰδιαστήν.

2006 3800 2152 3850 quam
2166 3788 2486 3850 gallinaceus:
2509 3788 2692 3838 collum
2715 3788 2903 3851 nigrum
2916 3824 2931 3849 ,
2952 3787 3160 3837 crassius
3179 3789 3230 3837 et
3252 3786 3446 3837 brevius
3460 3786 3559 3847 gal·

2002 3865 2200 3914 linaceis
2223 3883 2236 3913 ε
2257 3878 2430 3927 corpus
2451 3878 2566 3914 vero
2585 3867 2744 3915 totum
2766 3865 3061 3927 variegatam
3077 3900 3093 3926 ,
3116 3864 3337 3913 universo
3362 3863 3556 3926 quidem

2006 3943 2167 3993 colore
2185 3943 2333 3992 rubro
2347 3979 2361 4002 ,
2379 3943 2463 3993 sed
2488 3957 2546 3993 eo
2565 3944 2900 4005 frequentibus
2920 3942 3042 3992 albis
3067 3941 3272 3991 maculis
3294 3941 3522 3989 distincto
3540 3977 3556 4000 ,

2005 4018 2141 4084 [non
2157 4019 2175 4083 ]
2194 4019 2454 4082 maioribus
2473 4033 2619 4083 quarn
2650 4021 2818 4070 lentes.
2841 4021 3011 4069 Insunt
3030 4021 3194 4068 autem
3213 4018 3263 4067 bi
3287 4016 3490 4066 orbiculi
3508 4018 3556 4064 in

2006 4096 2237 4159 rhombis,
2260 4096 2344 4160 qui
2361 4096 2510 4157 magis
2525 4096 2646 4159 nigri
2664 4099 2778 4146 sunt
2794 4108 2940 4158 quam
2960 4096 3091 4144 oolor
3112 4094 3376 4142 universus.
3396 4094 3559 4148 Quare

2005 4176 2151 4226 etiam
2170 4175 2257 4237 ipsl
2277 4175 2464 4223 rhombi
2485 4172 2768 4223 varietatem
2786 4173 2999 4235 aliquam
3029 4169 3276 4221 efficiuntz
3299 4182 3452 4231 quum
3477 4167 3554 4229 id,

2005 4253 2136 4317 quod
2155 4254 2204 4303 in
2223 4252 2317 4301 illis
2338 4252 2529 4315 nigrum
2549 4254 2648 4311 est,
2669 4252 2794 4301 intra
2818 4264 2871 4301 se
2891 4250 3134 4298 contineat
3164 4248 3374 4296 colorem
3393 4244 3556 4294 candi-

2005 4334 2219 4395 diorem;
2242 4331 2292 4381 id
2316 4345 2428 4381 vero
2446 4330 2574 4394 quod
2603 4332 2795 4391 album,
2815 4330 3027 4378 oolorem
3053 4325 3205 4376 multo
3227 4323 3499 4387 nigriorem.
3531 4343 3556 4365 ι»

2068 4501 2238 4563 Clytus
2259 4498 2586 4550 Aristotelicus
2615 4497 2666 4546 in
2691 4497 2828 4546 libris
2846 4498 2920 4545 De
2943 4494 3108 4544 Mileto
3137 4490 3436 4555 Polycratem
3461 4486 3556 4547 ait,

2008 4578 2283 4630 samiorum
2318 4578 2603 4638 tyrannum,
2625 4574 2772 4623 luxus
2795 4571 2954 4621 studio
2978 4568 3215 4632 quidquid
3236 4569 3362 4617 esset
3379 4564 3559 4625 ubique

2007 4654 2169 4705 nobile
2185 4656 2235 4703 et
2257 4650 2437 4702 clarum
2463 4651 2689 4713 coegisse,
2714 4661 2856 4699 canes
2881 4660 2944 4697 ex
2963 4647 3133 4709 Epiro,
3158 4656 3327 4707 capras
3342 4655 3372 4692 e
3389 4644 3556 4702 scyro,

2008 4735 2173 4787 Mileto
2189 4745 2322 4792 oves,
2340 4744 2450 4781 suos
2470 4744 2498 4780 e
2520 4730 2691 4780 Sicilia.

2068 4889 2268 4939 constat
2299 4887 2546 4936 Thaletem
2576 4886 2721 4934 etiam
2758 4881 3031 4945 reipublicoe
3074 4874 3340 4928 commodis
3375 4873 3557 4936 optime

2006 4964 2315 5017 consuluisse.
2357 4965 2478 5013 Nam
2517 4974 2670 5024 quum
2707 4959 2911 5010 Milesios
2948 4960 3144 5006 Croesus
3166 4953 3234 5007 ad
3278 4952 3554 5001 societatem

2005 5043 2262 5095 ineundam
2279 5042 2582 5101 sollicitaret,
2600 5039 2783 5089 obstitit
2809 5036 2922 5087 ille:
2943 5048 3093 5099 eaque
3112 5047 3187 5083 res
3209 5033 3406 5095 postea,
3429 5032 3557 5090 cyro

2006 5121 2205 5171 victoria
2219 5120 2388 5182 potito,
2402 5119 2531 5168 salus
2539 5117 2746 5166 civitatis
2762 5116 2868 5166 snit.
2884 5115 3055 5176 clytus
3067 5125 3183 5163 vem
3196 5109 3381 5168 asserit,
3398 5108 3456 5156 ut
3465 5110 3555 5154 tra·

2004 5198 2076 5248 dit
2088 5196 2373 5258 Heraclides,
2390 5194 2647 5245 solitariam
2661 5206 2774 5244 eum
2796 5205 2853 5242 ac
2869 5190 3104 5255 privatam
3123 5189 3271 5237 vitam
3290 5185 3552 5237 adamam,
