4016 5916
1638 395 2147 456 FRAGMENTA.

320 534 446 603 τῶν,
485 529 756 609 κυριεύσας
784 526 1067 607 ὁλοκλήρου
1103 530 1195 597 τῆς
1223 531 1479 608 πατρικῆς
1524 529 1726 607 ἀρχῆς,
1763 533 1868 592 τοῖς

323 618 421 696 μὲν
449 618 802 696 αἰχμαλώτοις
843 612 1275 694 παραγενομένοις
1317 611 1583 681 συνέταξεν
1633 612 1902 680 ἀποικίας.

329 708 380 763 ἐν
411 708 516 770 τοῖς
560 700 992 775 ἐπιτηδειοτάτοις
1028 704 1120 771 τ’ῆς
1150 699 1490 767 Βαὸυλωνίας
1521 699 1698 767 τόποις
1735 703 1875 758 ἀπο-

329 790 523 864 δεῖξαι,
557 789 708 857 αὐτὸς
746 789 790 848 δ’
818 788 921 846 ἀπὸ
949 791 1051 846 τῶν
1083 789 1142 846 ἐκ
1168 791 1257 844 τοῦ
1286 786 1516 864 πολέμου
1544 781 1785 868 λαφύρωῧ
1819 787 1878 845 τό

323 902 381 937 τε
411 883 498 937 τοῦ
523 877 697 948 Βήλου
731 876 866 956 ἱερὸν
891 873 979 934 καὶ
1002 875 1067 932 τὰ
1094 871 1252 931 λοιπὰ
1275 875 1546 950 κοσμήσας
1569 874 1874 955 φιλοτίμως,

327 963 422 1036 τήν
468 987 524 1023 τε
553 963 885 1043 ὑπάρχουσαν
941 959 990 1028 ἐξ
1027 963 1193 1041 ἀρχῆς
1233 961 1383 1020 πόλιν
1425 962 1761 1028 ἀνακαινίσας
1788 961 1877 1020 καὶ

329 1052 509 1131 ἑτέραν
536 1048 1019 1129 καταχαρισάμενος
1051 1048 1251 1128 πρὸςτὸ
1279 1048 1466 1126 μηκέτι
1488 1047 1738 1106 δύνασθαι
1764 1047 1880 1114 τοὺς

328 1142 732 1218 πολιορκοῦντας
776 1135 864 1194 τὸν
911 1135 1145 1211 ποταμὸν
1189 1134 1601 1216 ἀναστρέφοντας
1656 1133 1740 1193 ἐπὶ
1786 1135 1879 1204 τὴν

330 1227 477 1284 πόλιν
502 1223 927 1294 κατασκευάζειν,
953 1220 1302 1302 ὗπερεὸάλετο
1329 1224 1463 1302 τρεῖς
1493 1222 1586 1299 μὲν
1616 1225 1707 1293 τῆς
1739 1220 1880 1279 ἔνδον

325 1312 525 1376 πόλεως
545 1307 878 1389 περιὸόλους,
907 1317 1041 1389 τρεῖς
1057 1308 1110 1367 δὲ
1134 1312 1224 1381 τῆς
1249 1308 1371 1381 ἔξω,
1401 1314 1551 1368 τοῦτο
1567 1307 1621 1366 δὲ
1650 1306 1765 1375 τοὺς
1789 1306 1881 1383 μὲν

330 1398 381 1466 ἐξ
403 1400 564 1468 ὀπτῆς
585 1394 796 1455 πλίνθου
823 1395 912 1454 καὶ
949 1396 1243 1479 ἀσφάλτου,
1270 1396 1385 1463 τοὺς
1426 1395 1481 1454 δὲ
1519 1395 1571 1465 ἐξ
1600 1397 1763 1467 αὐτῆς
1791 1398 1881 1465 τῆς

329 1485 561 1547 πλίνθου.
650 1483 757 1543 Kal
777 1483 1008 1564 τειχίσας
1048 1483 1321 1562 ἀξιολόγως
1343 1481 1436 1555 τὴν
1461 1483 1611 1541 πόλιν
1631 1482 1722 1541 καὶ
1769 1479 1886 1548 τοὺς

325 1573 568 1638 πυλῶνας
606 1569 876 1647 κοσμήσας
900 1573 1219 1651 ἱεροπρεπῶς
1252 1568 1740 1649 προσκατεσκεύασε
1781 1577 1885 1629 τοῖς

328 1663 598 1740 πατρικοῖς
623 1659 902 1738 βασιλείοις
948 1656 1101 1740 ἕτερα
1133 1658 1374 1737 βασίλεια
1409 1659 1634 1738 ἐχόμενα
1685 1659 1882 1714 αὐτῶν·

327 1739 404 1806 ὧν
428 1746 488 1806 τὸ
520 1745 613 1824 μὲν
641 1747 922 1824 ἀνάστημα
951 1746 1042 1804 καὶ
1080 1744 1175 1818 τὴν
1209 1745 1393 1818 λοιπὴν
1423 1746 1755 1803 πολυτέλειαν
1787 1766 1886 1800 πε-

335 1834 508 1914 ρισσὸν
530 1833 654 1902 ἴσως
682 1833 747 1893 ἂν
767 1833 846 1905 εἴη
875 1833 1065 1912 λέγειν,
1093 1831 1229 1905 πλὴν
1253 1836 1324 1901 ὥς
1369 1832 1494 1892 ὄντα
1541 1831 1752 1911 μεγάλα
1800 1829 1888 1888 καὶ

331 1921 646 2004 ὗπερήφανα
696 1921 1031 1994 συνετελέσθη
1056 1920 1275 2001 ἡμέραις
1315 1919 1708 1981 πεντεκαίδεκα.
1793 1916 1888 1978 Ἐν

335 2009 388 2070 δὲ
416 2011 520 2076 τοῖς
542 2010 819 2088 βασιλείοις
845 2009 1042 2076 τούτοις
1077 2007 1434 2086 ἀναλήμματα
1472 2006 1640 2067 λίθινα
1679 2010 1888 2064 ἀνοικο-

333 2094 572 2174 δομήσας
601 2096 690 2155 καὶ
716 2095 811 2167 τὴν
860 2094 979 2177 ὄψιν
1015 2094 1235 2161 ἀποδοὺς
1259 2094 1567 2171 ὁμοιοτάτην
1614 2101 1717 2158 τοῖς
1745 2092 1886 2172 ὄρεσι

335 2181 727 2264 καταφυτεύσας
788 2180 1015 2263 δένδρεσι
1093 2183 1467 2254 παντοδαποῖς,
1527 2180 1889 2260 ἐξειργάσατο,

337 2272 425 2331 καὶ
477 2270 827 2331 κατεσκεύασε
875 2271 961 2329 τὸν
1006 2271 1324 2346 καλούμενον
1378 2269 1673 2349 κρεμαστὸν
1711 2267 1891 2347 παρά-

339 2360 529 2434 δεισον,
564 2355 649 2416 διὰ
680 2356 740 2416 τὸ
757 2356 851 2428 τὴν
877 2365 1098 2435 γυναῖκα
1124 2360 1278 2416 αὐτοῦ
1309 2358 1572 2433 ἐπιθυμεῖν
1598 2360 1686 2427 τῆς
1707 2354 1894 2420 οἰκείας

337 2447 421 2503 δια
434 2443 620 2511 θέσεως
645 2492 659 2517 ,
698 2449 767 2512 ὣς
812 2443 1173 2523 τεθραμμένην
1218 2447 1270 2503 ἐν
1327 2448 1433 2512 τοῖς
1490 2441 1627 2502 κατὰ
1683 2442 1893 2513 Μηδίαν

341 2531 538 2598 τόποις.
577 2560 601 2583 ¹2

427 2624 558 2676 Post
601 2623 718 2677 haec
755 2623 1028 2696 Josephus
1055 2622 1119 2677 C.
1149 2622 1354 2694 Apion.
1390 2620 1446 2689 1,
1465 2638 1538 2675 κο
1566 2621 1751 2693 pergit
1777 2619 1889 2674 ita:

419 2710 603 2767 Ταῦτα
641 2704 733 2784 μὲν
771 2697 919 2773 οὗτος
944 2705 1188 2784 ἱστόρησε
1227 2705 1350 2784 περὶ
1395 2709 1484 2764 τοῦ
1513 2702 1889 2784 προειρημένου

345 2793 624 2874 βασιλέως,
660 2793 750 2851 καὶ
795 2791 965 2851 πολλὰ
1011 2816 1051 2850 π
1084 2793 1136 2859 ὸς
1165 2790 1363 2858 τούτοις
1411 2793 1464 2849 ἐν
1504 2795 1569 2869 τῇ
1616 2788 1764 2870 τρίτῃ
1810 2788 1890 2868 βί·

345 2882 455 2964 ὅλῳ
475 2885 579 2939 τῶν
604 2883 941 2958 Χαλδαῖκῶν,
971 2882 1021 2937 ἐν
1051 2817 1086 2958 ἓ
1131 2878 1394 2962 μέμφεται
1438 2886 1543 2944 τοῖς
1572 2877 1897 2948 Ἑλληνικοῖς

346 2974 722 3049 συγγραφεῦσιν
747 2974 815 3036 ὡς
844 2968 1017 3045 μάτην
1047 2968 1297 3044 οἰομένοις
1317 2966 1417 3025 ὑπὸ
1446 2966 1787 3044 Σεμιράμεως
1808 2969 1897 3034 τ’ἧς

3390 407 3504 458 507

1966 530 2453 597 κατασκευασθῆναι
2478 523 2599 605 περὶ
2626 523 2786 595 αὗτὴν
2831 527 2917 583 ὑπ’
2941 524 3134 597 ἐκείνης
3162 525 3289 605 ἔργα
3326 528 3525 608 ψευδῶς

1965 613 2274 692 γεγραφόσι.
2368 610 2476 672 Καὶ
2505 611 2642 671 κατὰ
2666 618 2830 670 ταῦτα
2871 613 2966 682 τὴν
2994 612 3088 688 μὲν
3116 617 3216 671 τῶν
3243 614 3524 674 Χαλδαίων

1964 698 2168 779 γραφὴν
2204 698 2498 766 ἀξιόπιστον
2517 697 2760 775 ἡγητέον,
2790 699 2848 756 οὗ
2874 697 2978 774 μὴν
3004 698 3138 757 ἀλλὰ
3172 701 3269 757 κάν
3298 702 3401 767 τοῖς
3426 703 3519 781 ἀρ-

1964 787 2123 866 χείοις
2146 791 2247 845 τῶν
2277 784 2539 846 Φοινίκων
2571 784 2827 865 σύμφωνα
2856 793 2961 852 τοῖς
3002 785 3102 843 ὑπὸ
3125 788 3409 866 Βηρωσσοῦ
3434 788 3523 845 λε-

1966 873 2200 951 γομένοις
2222 870 2612 953 ἀναγέγραπται
2647 871 2767 952 περὶ
2794 877 2884 930 τοῦ
2906 875 3008 930 τῶν
3040 872 3394 933 Βαὸυλωνίων
3421 878 3521 953 βα-

1969 959 2176 1034 σιλέως,
2208 959 2287 1019 ὅτι
2321 960 2411 1018 καὶ
2451 958 2545 1031 τὴν
2591 961 2842 1032 Φοινίκην
2887 957 3098 1018 ἅπασαν
3140 962 3327 1026 ἐκεῖνος
3373 983 3526 1018 κατε-

1969 1046 2248 1127 στρέψατο.
2278 1047 2412 1128 Περὶ
2447 1042 2638 1106 τούτων
2662 1054 2781 1123 γοῦν
2807 1056 3073 1127 συμφωνεῖ
3095 1046 3186 1105 καὶ
3217 1046 3528 1126 Φιλόστρα-

1970 1158 2053 1201 τος
2078 1137 2128 1193 ἐν
2154 1142 2267 1202 ταῖς
2293 1134 2589 1215 Ἱστορίαις,
2634 1133 2961 1212 μεμνημένος
2988 1137 3080 1205 τῆς
3114 1133 3288 1213 Τύρου
3320 1135 3530 1214 πολιορ·

1972 1222 2117 1294 κίας,
2156 1220 2246 1280 καὶ
2290 1219 2628 1299 Μεγασθένης
2672 1223 2723 1279 ἐν
2752 1223 2816 1300 τῇ
2855 1218 3074 1301 τετάρτῃ
3129 1224 3232 1280 τῶν
3272 1220 3525 1298 Ἰνδικῶν,

1973 1309 2037 1367 δι’
2055 1300 2116 1380 ἧς
2160 1307 2465 1389 ἀποφαίνειν
2497 1316 2744 1388 πειρᾶται
2782 1308 2867 1366 τὸν
2897 1307 3270 1388 προειρημένον
3307 1308 3527 1387 βασιλέα

1972 1398 2075 1454 τῶν
2097 1394 2445 1456 Βαὸυλωνίων
2467 1394 2790 1475 Ἡρακλέους
2810 1394 3020 1475 ἀνδρεία
3051 1395 3139 1453 καὶ
3159 1395 3363 1473 μεγέθει
3389 1394 3529 1475 πρά-

1975 1482 2099 1552 ξεων
2138 1480 2513 1563 διενηνοχέναι·
2568 1480 3028 1562 καταστρέψασθαι
3073 1479 3173 1562 γὰρ
3222 1480 3375 1542 αὐτόν
3402 1505 3529 1565 φησι

1975 1571 2065 1629 καὶ
2095 1570 2292 1642 Λιόύης
2313 1569 2406 1642 τὴν
2443 1568 2642 1641 πολλὴν
2675 1569 2765 1627 καὶ
2794 1568 3054 1649 ’lev-,ptam
3100 1570 3185 1630 Τὰ
3210 1570 3263 1628 δὲ
3294 1570 3528 1651 περὶτοῦ

1975 1663 2100 1716 ναοῦ
2128 1657 2477 1738 προειρημένα
2499 1663 2587 1715 τοῦ
2608 1658 2660 1714 ἐν
2681 1655 3075 1737 Ἱεροσολύμοις,
3094 1656 3173 1717 ὅτι
3192 1659 3529 1738 κατεπρήσθη

1979 1744 2073 1820 μὲν
2102 1743 2200 1802 ὑπὸ
2230 1747 2331 1802 τῶν
2368 1742 2718 1804 Βαὸυλωνίων
2758 1743 3289 1824 ἐπιστρατευσάντων,
3337 1744 3530 1825 ἤρξατο

1979 1833 2032 1889 δὲ
2058 1831 2216 1889 πάλιν
2247 1832 2692 1906 ἀνοικοδομεῖσθαι
2726 1830 2897 1909 Κύρου
2928 1836 3018 1902 τῆς
3040 1831 3215 1898 Ἀσίας
3251 1831 3345 1904 τὴν
3375 1836 3530 1911 βασι-

1976 1916 2121 1976 λείαν
2152 1915 2561 1999 παρειληφότος,
2595 1919 2654 1976 ἐκ
2681 1920 2781 1976 τῶν
2811 1920 3096 1998 Βηρωσσοῦ
3127 1922 3303 1996 σαφῶς
3332 1920 3532 1978 ἐπιδει-

1977 2004 2229 2086 χθήσεται
2257 2005 2664 2087 παρατεθέντων.
2750 2004 2903 2081 Λέγει
2926 2003 3026 2085 γὰρ
3050 2004 3284 2064 οὕτωδιὰ
3300 2010 3391 2075 τ’ἧς
3418 2006 3534 2085 τρί-

1977 2113 2099 2162 της·
2138 2119 2160 2146 ει
2191 2088 2705 2172 Ναὸουχοδονόσορος
2741 2089 2834 2169 μὲν
2878 2081 2964 2150 οὖν
2994 2089 3131 2169 μετὰ
3175 2092 3232 2151 τὸ
3280 2091 3532 2173 ἄρξασθαι

1981 2183 2069 2236 τοῦ
2111 2178 2484 2260 προειρημένου
2535 2178 2739 2256 τείχους
2805 2176 3047 2253 ἐμπεσὼν
3116 2180 3187 2245 εἷς
3240 2178 3532 2258 ἀρρωστίαν

1983 2264 2340 2341 μετηλλάξατο
2360 2264 2444 2324 τὸν
2476 2265 2609 2345 βίον,
2633 2263 3014 2344 βεὸασιλευκὼς
3032 2264 3122 2336 ἔτη
3147 2264 3535 2345 τεσσαράκοντα

1983 2351 2120 2431 τρία.
2203 2357 2316 2424 Τῆς
2344 2351 2398 2411 δὲ
2442 2350 2708 2430 βασιλείας
2735 2350 2905 2433 κύριος
2934 2350 3134 2430 ἐγένετο
3168 2354 3194 2409 ὁ
3231 2351 3337 2418 υἱὸς
3377 2354 3533 2412 αὐτοῦ

1985 2439 2495 2519 Εὖειλμαράδουχος.
2582 2430 2751 2505 Οὗτος
2791 2438 3021 2519 προστὰς
3063 2442 3162 2498 τῶν
3209 2439 3532 2519 πραγμάτων

1986 2525 2190 2603 ἀνόμως
2218 2525 2307 2585 καὶ
2330 2527 2589 2603 ἀσελγῶς,
2618 2525 2995 2592 ἐπιὸουλευθεὶς
3022 2526 3124 2584 ὑπὸ
3152 2530 3241 2583 τοῦ
3265 2526 3356 2595 τὴν
3382 2526 3534 2583 ἀδελ-

1986 2612 2087 2694 φὴν
2119 2613 2322 2693 ἔχοντος
2353 2615 2508 2671 αὐτοῦ
2531 2611 2972 2692 Νηριγλισσοόρου
3004 2609 3225 2690 ἀνῃρέθη
3245 2658 3261 2689 ,
3293 2610 3539 2689 βασιλεύ-

1987 2723 2082 2767 σας
2101 2699 2192 2772 ἔτη
2223 2699 2330 2759 δύο.
2376 2694 2533 2759 Μετὰ
2565 2699 2617 2757 δὲ
2645 2700 2705 2756 τὸ
2729 2700 3056 2776 ἀναιρεθῆναι
3091 2701 3267 2756 τοῦτον
3297 2696 3535 2765 διαδεξά-

1987 2810 2136 2862 μενος
2158 2787 2249 2857 τὴν
2292 2786 2459 2867 ἀρχὴν
2480 2789 2506 2843 ὃ
2535 2784 2904 2851 ἔπιδουλεύσας
2932 2787 3071 2864 αὐτῷ
3092 2783 3535 2863 Νηριγλισσόορος

1986 2875 2320 2934 ἐὸασίλευσεν
2345 2874 2435 2945 ἔτη
2464 2875 2715 2953 τέσσαρα.
2799 2872 2998 2933 Τούτου
3026 2872 3130 2939 υἱὸς
3156 2872 3540 2950 Λαὸοροσοάρ-

1983 2967 2137 3044 χοδος
2161 2961 2424 3040 ἐκυρίευσε
2449 2962 2542 3039 μὲν
2584 2966 2675 3032 τῆς
2707 2961 2969 3040 βασιλείας
3000 2969 3122 3026 παῖς
3161 2957 3232 3017 ὢν
3264 2966 3429 3037 μῆνας
3469 2964 3544 3018 ἐν·

357 3056 616 3137 Ασσυρίας
645 3061 915 3127 κτισθῆναι
946 3054 1041 3126 τὴν
1073 3054 1392 3127 Βαὸυλῶνα,
1416 3053 1505 3111 καὶ
1531 3052 1597 3111 τὰ
1634 3050 1898 3129 θαυμάσια
1987 3051 2100 3125 νέα,
2132 3050 2510 3116 ἕπιὸουλευθεὶς
2526 3049 2596 3121 δὲ,
2615 3048 2772 3106 διὰτὸ
2800 3047 2968 3105 πολλὰ
2998 3046 3262 3127 ἐμφαίνειν
3289 3044 3542 3117 κακοήθη,

345 3224 504 3286 gravis
526 3224 782 3271 armaturae
807 3222 1041 3272 militibus
1069 3226 1117 3271 et
1145 3220 1499 3285 impedimentis
1522 3222 1568 3270 in
1595 3220 1900 3282 Babyloniam

345 3300 681 3361 deportarent,
718 3299 819 3360 ipse
853 3312 962 3347 cum
997 3299 1158 3360 paucis
1190 3298 1358 3348 itinere
1392 3312 1476 3361 per
1506 3297 1748 3347 desertum
1776 3296 1901 3344 facto

353 3376 641 3437 Babylonem
659 3388 710 3423 se
727 3375 1014 3424 conferebat.
1070 3375 1254 3424 Potitus
1271 3376 1432 3425 autem
1450 3388 1609 3425 rerum
1631 3387 1749 3437 quas
1765 3372 1901 3422 Chal·

349 3451 446 3501 daei
482 3449 958 3511 administraverant,
988 3453 1212 3513 regnique
1246 3452 1333 3500 sibi
1365 3452 1427 3500 ab
1456 3464 1623 3501 eorum
1656 3448 1902 3513 potissimo

345 3526 609 3585 asservati,
643 3528 803 3575 totum
847 3527 993 3589 patris
1030 3528 1162 3588 quod
1195 3529 1349 3577 ruerat
1383 3529 1638 3591 imperium
1669 3527 1870 3589 adeptus
1886 3562 1901 3586 ‚

353 3604 555 3667 captivis
583 3602 780 3665 quidem
799 3639 813 3663 ,
839 3604 922 3652 ubi
945 3616 1001 3652 eo
1023 3608 1282 3665 venerant,
1317 3605 1525 3654 colonias
1550 3606 1600 3654 in
1631 3603 1903 3666 Babyloniae

354 3682 471 3731 locis
489 3680 700 3729 maxime
723 3681 1002 3742 opportunis
1033 3682 1258 3743 assignari
1274 3683 1439 3744 jussit,
1474 3683 1573 3746 ipse
1603 3696 1718 3731 vero
1735 3719 1750 3743 ,
1772 3684 1904 3744 post·

351 3757 580 3821 quamde
602 3758 716 3806 belli
745 3758 986 3807 manubiis
1017 3759 1114 3807 Beli
1133 3761 1366 3821 templum
1398 3760 1587 3822 aliaque
1605 3759 1795 3822 largiter
1825 3772 1905 3807 or-

355 3838 577 3896 naverat,
598 3834 861 3896 urbemque
883 3835 1100 3896 quaejam
1119 3838 1222 3884 erat
1244 3837 1596 3887 instauraverat
1617 3849 1740 3885 nova
1760 3836 1903 3885 etiam

353 3915 506 3963 attera
538 3912 732 3973 addita,
769 3926 829 3962 ue
854 3917 1044 3975 possent
1075 3915 1272 3976 posthac
1294 3915 1375 3976 qui
1396 3914 1459 3963 ad
1490 3915 1659 3963 urbem
1691 3915 1908 3963 venirent

354 3990 663 4040 obsidendam
700 3989 873 4039 abacto
909 3990 1103 4041 flumine
1129 4005 1233 4040 eam
1269 3992 1484 4053 aggredi,
1519 3994 1680 4040 ternos
1713 3992 1908 4054 quidem

351 4063 565 4115 interiori
585 4066 712 4128 urbi,
735 4068 990 4129 ternosque
1008 4068 1182 4129 pariter
1200 4068 1421 4117 exteriori
1440 4081 1685 4116 murorum
1705 4068 1910 4117 ambitus

357 4145 699 4205 circumdedit,
733 4146 908 4207 partim
932 4146 1126 4208 quidem
1151 4161 1213 4196 ex
1237 4148 1376 4195 cocto
1409 4146 1557 4194 latere
1576 4148 1624 4194 et
1648 4145 1878 4194 bitumine
1894 4185 1907 4209 ,

357 4224 529 4286 partim
566 4236 680 4271 vero
702 4236 730 4271 e
762 4225 910 4273 latere
940 4224 1058 4273 solo,
1125 4230 1385 4287 Quumque
1408 4224 1574 4272 urbem
1607 4225 1726 4272 bene
1749 4225 1908 4271 muni·
1949 4246 1956 4325 1

359 4301 505 4349 visset
538 4302 586 4348 et
610 4300 773 4361 portas
797 4301 1046 4363 magnifice
1069 4301 1377 4359 adornasset,
1400 4300 1611 4362 paternae
1643 4299 1783 4361 regiae
1801 4313 1911 4349 con-

304 4396 310 4403 ·
362 4379 542 4439 tiguam
577 4379 720 4427 aliam
757 4380 994 4428 exstruxit
1033 4398 1047 4428 ε
1084 4380 1221 4441 cujus
1251 4380 1313 4429 de
1346 4378 1599 4428 altitudine
1628 4378 1911 4440 reliquoque

362 4454 615 4516 splendore
632 4455 791 4504 dicere
809 4456 927 4504 mihi
940 4456 1097 4505 forsan
1110 4468 1513 4518 supervacaneum
1534 4457 1669 4504 esset.
1730 4458 1912 4504 verum

363 4532 521 4592 ampla
551 4533 772 4594 quamvis
804 4534 945 4582 ruerit
963 4536 1010 4582 et
1026 4534 1231 4595 superba
1243 4571 1257 4595 ,
1277 4532 1446 4581 diebus
1461 4533 1622 4581 tamen
1640 4531 1911 4592 quindecim

364 4608 579 4657 confecta
596 4611 669 4657 est
709 4611 758 4658 et
786 4608 1018 4659 absoluta.
1085 4615 1139 4659 ln
1173 4611 1262 4658 hac
1298 4609 1422 4671 regia
1460 4622 1523 4657 ex
1547 4608 1702 4670 lapide
1738 4609 1914 4657 excita·

366 4685 437 4733 vit
481 4698 671 4747 ageres
688 4686 866 4747 quibus
899 4686 1105 4748 speciem
1142 4687 1273 4735 dedit
1306 4686 1549 4734 montibus
1595 4684 1913 4746 persimilem,

364 4776 538 4825 easque
555 4765 622 4812 ita
646 4764 896 4813 fabricavit
919 4767 973 4813 ut
993 4778 1138 4813 omne
1157 4778 1304 4827 genus
1331 4764 1579 4812 arboribus
1598 4764 1793 4812 consita:
1817 4765 1917 4813 sue-

363 4843 475 4892 rint.
537 4843 762 4905 Fecitque
793 4844 1018 4905 pensilem
1052 4844 1351 4905 paradisum,
1385 4845 1440 4891 ut
1473 4843 1751 4903 vocabatur,
1785 4843 1915 4905 quod

365 4933 490 4969 uxor
520 4920 651 4981 eius,
686 4922 855 4982 utpote
883 4921 930 4968 in
957 4919 1125 4969 Mediae
1153 4921 1269 4970 locis
1294 4919 1524 4980 educata,
1553 4932 1610 4968 ea
1639 4918 1917 4970 desiderarit

363 5010 477 5059 quoe
496 4997 699 5058 patriam
718 4997 961 5045 referrent.
987 5016 1011 5039 ιι

431 5076 587 5134 Atque
625 5074 731 5121 haec
759 5072 953 5135 quidem
990 5075 1191 5123 Berosus
1221 5073 1282 5123 de
1319 5086 1426 5135 rege
1465 5073 1696 5136 praedicto
1728 5074 1917 5135 retulit,

367 5151 660 5211 insuperque
679 5150 830 5198 multa
849 5150 899 5199 in
917 5150 1057 5200 tertio
1079 5150 1444 5201 chaldaicorum
1465 5152 1588 5201 libro
1605 5188 1618 5213 ,
1640 5153 1688 5200 in
1719 5164 1817 5213 quo
1845 5166 1919 5201 re·

1987 3218 2236 3280 prehendit
2270 3218 2516 3266 historicos
2535 3219 2728 3265 Graecos
2745 3253 2759 3276 ,
2780 3217 2935 3277 utqui
2956 3228 3078 3264 vane
3097 3215 3388 3264 arbitrentur
3409 3227 3439 3263 a
3456 3216 3545 3263 Se·

1988 3295 2171 3344 mirade
2192 3295 2380 3357 Assyria
2399 3295 2687 3358 Babylonem
2711 3292 2996 3342 oedificatam
3010 3329 3025 3353 ,
3046 3291 3258 3355 salsoque
3274 3291 3546 3353 scripserint

1988 3372 2205 3421 miranda
2231 3384 2378 3433 opera
2410 3371 2507 3420 illic
2537 3371 2599 3419 ab
2636 3371 2737 3432 ipsa
2768 3369 2909 3418 fuisse
2940 3371 3236 3418 constructa.
3302 3370 3461 3431 Atque
3492 3366 3546 3418 in

1991 3451 2090 3499 istis
2108 3449 2443 3498 Chaldaeorum
2462 3448 2652 3511 quidem
2676 3447 2871 3496 historia
2902 3446 2996 3495 tide
3023 3446 3161 3507 digna
3190 3445 3407 3494 habenda
3444 3446 3543 3506 est;

1990 3529 2197 3576 maxime
2227 3526 2357 3588 quod
2393 3526 2443 3574 in
2478 3525 2685 3575 archivis
2722 3524 2999 3573 Phoenicum
3035 3523 3210 3585 scripta
3245 3522 3545 3584 reperiantur

1990 3618 2103 3667 qum
2127 3617 2239 3652 cum
2266 3603 2322 3652 iis
2338 3602 2628 3651 conveniunt
2654 3616 2683 3650 a
2702 3604 2877 3651 Beroso
2897 3598 3098 3649 narratis
3121 3598 3181 3647 de
3205 3611 3313 3660 rege
3335 3597 3545 3660 Babylo·

1993 3685 2182 3732 niorum
2202 3720 2217 3744 ‚
2242 3682 2425 3743 Syriam
2444 3681 2625 3730 scilicet
2645 3683 2694 3729 et
2714 3679 2983 3728 universam
3008 3677 3263 3727 Phoenicen
3283 3676 3419 3725 illum
3436 3676 3546 3726 sub·

1992 3760 2154 3821 egisse.
2238 3758 2322 3807 His
2357 3770 2470 3807 sane
2504 3757 2825 3818 adstipulatur
2864 3755 3175 3804 Philostratus
3212 3753 3260 3802 in
3300 3752 3545 3815 Historiis,

1992 3850 2091 3899 quo
2129 3836 2175 3883 in
2209 3836 2315 3884 loco
2346 3834 2457 3896 Tyri
2492 3833 2751 3883 obsidionis
2781 3832 3028 3891 meminit3
3066 3834 3112 3880 et
3147 3830 3467 3891 Megasthenes
3499 3829 3548 3878 in

1994 3915 2166 3975 quarto
2190 3911 2431 3960 volumine
2459 3923 2618 3959 rerum
2642 3910 2946 3971 Indicarum,
2975 3907 3058 3956 ubi
3082 3906 3331 3956 ostendere
3354 3909 3547 3954 conten-

1993 3991 2065 4040 dit
2088 3990 2373 4053 praedictum
2411 3989 2777 4051 Babylonlorum
2806 4001 2962 4049 regem
2991 3986 3269 4036 fortitudine
3292 3983 3548 4034 Herculem

1994 4073 2043 4119 et
2075 4069 2399 4131 magnitudine
2424 4067 2697 4131 praestitisse
2724 4086 2737 4116 z
2766 4068 2881 4116 dicit
2899 4066 3024 4115 enim
3048 4079 3160 4115 eum
3194 4065 3355 4125 Libyae
3374 4063 3549 4112 bonam

1995 4150 2181 4208 partem
2212 4152 2259 4195 et
2297 4146 2499 4194 iberiam
2531 4144 2819 4206 subjugasse.
2884 4148 3007 4201 Quae
3038 4154 3152 4191 vero
3180 4141 3240 4189 de
3278 4139 3543 4199 Hierosoly·

1997 4237 2187 4272 morum
2210 4223 2388 4284 templo
2402 4222 2500 4283 jam
2519 4221 2647 4270 dicta
2668 4225 2779 4269 sunt
2796 4259 2811 4282 ‚
2840 4222 3199 4269 concrematum
3222 4230 3324 4267 esse
3345 4230 3374 4265 a
3400 4216 3548 4277 Baby·

1997 4300 2232 4350 loniorum
2247 4301 2475 4359 exercitu,
2495 4302 2544 4348 et
2559 4301 2769 4360 coeptum
2790 4311 2953 4346 rursus
2964 4295 3208 4355 aedificari,
3223 4307 3375 4357 quum
3397 4297 3551 4354 Cyrus

2000 4379 2122 4429 Asiae
2144 4378 2395 4441 imperium
2419 4378 2708 4439 accepisset,
2729 4389 2789 4425 ex
2819 4375 2878 4423 iis
2903 4388 3014 4436 quae
3037 4376 3271 4435 pra-terea
3289 4372 3433 4421 refert
3458 4373 3549 4420 Be·

1999 4468 2135 4504 rosus
2157 4456 2283 4505 clare
2306 4454 2734 4503 manifestabimus.
2800 4453 2879 4502 Sic
2902 4452 3031 4502 enim
3052 4448 3103 4500 in
3134 4449 3256 4511 libro
3281 4448 3421 4498 tertio
3444 4448 3511 4496 ait
3535 4466 3548 4496 ι

2002 4554 2026 4577 «ι
2066 4535 2125 4583 Et
2164 4532 2659 4584 Nabuchodonosorus
2699 4530 2892 4591 quidem
2908 4564 2922 4587 ,
2966 4530 3275 4590 posteaquam
3310 4526 3553 4575 inchoavit

2002 4611 2280 4674 praedictum
2304 4622 2497 4659 murum
2515 4645 2530 4668 ,
2552 4607 2721 4657 morbo
2741 4606 3023 4669 implicituS,
3050 4618 3165 4653 mox
3186 4619 3214 4653 e
3231 4604 3330 4653 vita
3352 4601 3555 4651 excessit

2000 4702 2150 4751 quum
2187 4689 2422 4750 regnasset
2459 4698 2610 4735 annos
2646 4686 2742 4733 tres
2779 4686 2828 4732 et
2870 4682 3200 4744 quadraginta.
3268 4684 3319 4729 ln
3352 4691 3552 4741 reguum

2001 4767 2161 4814 autem
2184 4763 2468 4813 succedebat
2493 4761 2616 4810 tilius
2639 4760 2742 4822 ejus
2774 4758 3211 4809 Evilmaraduchus.
3277 4758 3395 4818 llic,
3423 4757 3551 4819 quod

2000 4854 2189 4891 summa
2209 4854 2366 4888 rerum
2386 4839 2563 4887 nefarie
2583 4851 2639 4886 ac
2656 4839 2923 4899 petulanter
2941 4836 3236 4894 abuteretur,
3257 4832 3383 4882 a'nno
3404 4835 3553 4883 altero

2003 4931 2149 4981 quam
2179 4930 2375 4977 regnare
2397 4918 2631 4977 coeperat,
2662 4912 2986 4976 Neriglissoori
3008 4913 3182 4962 sororis
3207 4924 3308 4960 suae
3341 4912 3555 4973 conjugis

2004 4994 2183 5044 insidiis
2200 4993 2443 5042 occubuit.
2509 4991 2664 5052 liujus
2682 4993 2843 5040 autem
2868 4992 2975 5053 post
3001 5002 3167 5038 necem
3190 4987 3314 5038 idem
3336 4988 3436 5050 ipse
3457 4992 3555 5038 Ne·

2003 5072 2325 5133 riglissoorus,
2353 5069 2435 5131 qui
2459 5069 2503 5117 ei
2528 5069 2702 5117 fecerat
2734 5067 2955 5127 insidias,
2980 5065 3232 5128 imperium
3266 5065 3471 5126 suscepit
3505 5067 3556 5115 et

2005 5151 2140 5199 aunis
2161 5149 2371 5210 regnaw't
2400 5150 2648 5209 quattuor.
2714 5144 2869 5206 Hujus
2895 5145 3018 5194 tilius
3055 5142 3553 5202 Lahorosoarrbodus,
