<?xml version="1.0" encoding="UTF-8"?>
<!DOCTYPE html PUBLIC "-//W3C//DTD XHTML 1.0 Transitional//EN"
    "http://www.w3.org/TR/xhtml1/DTD/xhtml1-transitional.dtd">
<html xmlns="http://www.w3.org/1999/xhtml" xml:lang="en" lang="en">
 <head>
  <title>
</title>
<meta http-equiv="Content-Type" content="text/html;charset=utf-8" />
  <meta name='ocr-system' content='tesseract 3.04.00' />
  <meta name='ocr-capabilities' content='ocr_page ocr_carea ocr_par ocr_line ocrx_word'/>
</head>
<body>
  <div class='ocr_page' id='page_1' title='image "./fragmentahistor00mgoog_0319.png"; bbox 0 0 4016 5916; ppageno 0'>
   <div class='ocr_carea' id='block_1_1' title="bbox 1636 464 2129 525">
    <p class='ocr_par' dir='ltr' id='par_1_1' title="bbox 1636 464 2129 525">
     <span class='ocr_line' id='line_1_1' title="bbox 1636 464 2129 525; baseline 0.004 -4"><span class='ocrx_word' id='word_1_1' title='bbox 1636 464 2129 525; x_wconf 80' lang='lat' dir='ltr'><strong>FRAGMENTA.</strong></span> 
     </span>
    </p>
   </div>
   <div class='ocr_carea' id='block_1_2' title="bbox 297 592 3492 676">
    <p class='ocr_par' dir='ltr' id='par_1_2' title="bbox 297 592 3492 676">
     <span class='ocr_line' id='line_1_2' title="bbox 297 592 3492 676; baseline -0 -18"><span class='ocrx_word' id='word_1_2' title='bbox 297 597 433 658; x_wconf 69' lang='grc' dir='ltr'>κατὰ</span> <span class='ocrx_word' id='word_1_3' title='bbox 459 596 545 656; x_wconf 81' lang='grc' dir='ltr'><strong>τὸν</strong></span> <span class='ocrx_word' id='word_1_4' title='bbox 574 594 806 676; x_wconf 79' lang='grc' dir='ltr'>Εὔριπον</span> <span class='ocrx_word' id='word_1_5' title='bbox 836 593 1044 675; x_wconf 70' lang='grc' dir='ltr'>φέρεται</span> <span class='ocrx_word' id='word_1_6' title='bbox 1073 595 1199 675; x_wconf 85' lang='grc' dir='ltr'>παρ’</span> <span class='ocrx_word' id='word_1_7' title='bbox 1243 593 1376 653; x_wconf 76' lang='grc' dir='ltr'>αὐτὰ</span> <span class='ocrx_word' id='word_1_8' title='bbox 1414 592 1483 652; x_wconf 75' lang='grc' dir='ltr'>τὰ</span> <span class='ocrx_word' id='word_1_9' title='bbox 1520 597 1608 651; x_wconf 88' lang='grc' dir='ltr'><strong>τοῦ</strong></span> <span class='ocrx_word' id='word_1_10' title='bbox 1635 592 1841 669; x_wconf 78' lang='grc' dir='ltr'>λιμένος</span> <span class='ocrx_word' id='word_1_11' title='bbox 1933 603 2166 665; x_wconf 80' lang='lat' dir='ltr'><strong>turjuxta</strong></span> <span class='ocrx_word' id='word_1_12' title='bbox 2189 603 2286 665; x_wconf 83' lang='lat' dir='ltr'><strong>ipsa</strong></span> <span class='ocrx_word' id='word_1_13' title='bbox 2308 608 2477 666; x_wconf 85' lang='lat' dir='ltr'><strong>portus</strong></span> <span class='ocrx_word' id='word_1_14' title='bbox 2499 605 2795 654; x_wconf 84' lang='lat' dir='ltr'><strong>munimenta</strong></span> <span class='ocrx_word' id='word_1_15' title='bbox 2814 642 2828 666; x_wconf 91' lang='lat'>‚</span> <span class='ocrx_word' id='word_1_16' title='bbox 2857 605 2938 655; x_wconf 91' lang='lat' dir='ltr'><strong>ubi</strong></span> <span class='ocrx_word' id='word_1_17' title='bbox 2966 607 3164 669; x_wconf 80' lang='lat' dir='ltr'><strong>contigit</strong></span> <span class='ocrx_word' id='word_1_18' title='bbox 3186 621 3286 658; x_wconf 83' lang='lat' dir='ltr'><strong>esse</strong></span> <span class='ocrx_word' id='word_1_19' title='bbox 3305 612 3492 672; x_wconf 82' lang='lat' dir='ltr'><strong>portam</strong></span> 
     </span>
    </p>
   </div>
   <div class='ocr_carea' id='block_1_3' title="bbox 296 672 1853 1965">
    <p class='ocr_par' dir='ltr' id='par_1_3' title="bbox 296 672 1853 1965">
     <span class='ocr_line' id='line_1_3' title="bbox 296 672 1845 764; baseline -0.003 -20"><span class='ocrx_word' id='word_1_20' title='bbox 296 686 476 764; x_wconf 75' lang='grc' dir='ltr'>τείχη,</span> <span class='ocrx_word' id='word_1_21' title='bbox 504 685 621 742; x_wconf 76' lang='grc' dir='ltr'>καθ’</span> <span class='ocrx_word' id='word_1_22' title='bbox 658 681 688 740; x_wconf 83' lang='grc' dir='ltr'>δ</span> <span class='ocrx_word' id='word_1_23' title='bbox 715 681 993 759; x_wconf 78' lang='grc' dir='ltr'>συμὸαίνει</span> <span class='ocrx_word' id='word_1_24' title='bbox 1033 680 1128 752; x_wconf 86' lang='grc' dir='ltr'><strong>τὴν</strong></span> <span class='ocrx_word' id='word_1_25' title='bbox 1156 679 1293 740; x_wconf 75' lang='grc' dir='ltr'>κατὰ</span> <span class='ocrx_word' id='word_1_26' title='bbox 1331 680 1391 739; x_wconf 82' lang='grc' dir='ltr'>τὸ</span> <span class='ocrx_word' id='word_1_27' title='bbox 1430 680 1674 762; x_wconf 78' lang='grc' dir='ltr'>ἐμπόριον</span> <span class='ocrx_word' id='word_1_28' title='bbox 1715 672 1845 740; x_wconf 74' lang='grc' dir='ltr'>εἶναι</span> 
     </span>
     <span class='ocr_line' id='line_1_4' title="bbox 299 760 1846 849; baseline -0.003 -19"><span class='ocrx_word' id='word_1_29' title='bbox 299 774 470 843; x_wconf 86' lang='grc' dir='ltr'>πύλην</span> <span class='ocrx_word' id='word_1_30' title='bbox 487 816 504 843; x_wconf 90' lang='grc'>,</span> <span class='ocrx_word' id='word_1_31' title='bbox 529 768 720 842; x_wconf 87' lang='grc' dir='ltr'>ταύτης</span> <span class='ocrx_word' id='word_1_32' title='bbox 749 770 796 827; x_wconf 86' lang='grc' dir='ltr'><strong>δ’</strong></span> <span class='ocrx_word' id='word_1_33' title='bbox 820 765 1029 846; x_wconf 79' lang='grc' dir='ltr'>ἔχεσθαι</span> <span class='ocrx_word' id='word_1_34' title='bbox 1056 767 1152 840; x_wconf 83' lang='grc' dir='ltr'><strong>τὴν</strong></span> <span class='ocrx_word' id='word_1_35' title='bbox 1175 767 1366 849; x_wconf 70' lang='grc' dir='ltr'>ἀγορὰν</span> <span class='ocrx_word' id='word_1_36' title='bbox 1393 769 1645 827; x_wconf 82' lang='grc' dir='ltr'>πλατεῗάν</span> <span class='ocrx_word' id='word_1_37' title='bbox 1675 791 1733 827; x_wconf 89' lang='grc' dir='ltr'><strong>τε</strong></span> <span class='ocrx_word' id='word_1_38' title='bbox 1756 760 1846 826; x_wconf 70' lang='grc' dir='ltr'>οὗ·</span> 
     </span>
     <span class='ocr_line' id='line_1_5' title="bbox 301 837 1846 929; baseline -0.003 -20"><span class='ocrx_word' id='word_1_39' title='bbox 301 874 396 909; x_wconf 86' lang='grc' dir='ltr'><strong>σαν</strong></span> <span class='ocrx_word' id='word_1_40' title='bbox 417 849 508 909; x_wconf 78' lang='grc' dir='ltr'><strong>καὶ</strong></span> <span class='ocrx_word' id='word_1_41' title='bbox 531 852 704 914; x_wconf 80' lang='grc' dir='ltr'>στοαῖς</span> <span class='ocrx_word' id='word_1_42' title='bbox 727 848 863 929; x_wconf 82' lang='grc' dir='ltr'>τρισὶ</span> <span class='ocrx_word' id='word_1_43' title='bbox 884 846 1314 925; x_wconf 72' lang='grc' dir='ltr'>συνειλημμένην.</span> <span class='ocrx_word' id='word_1_44' title='bbox 1357 846 1445 927; x_wconf 79' lang='lat' dir='ltr'><strong>(ao)</strong></span> <span class='ocrx_word' id='word_1_45' title='bbox 1472 847 1732 926; x_wconf 86' lang='grc' dir='ltr'>Σύνεγγυς</span> <span class='ocrx_word' id='word_1_46' title='bbox 1758 837 1846 906; x_wconf 69' lang='grc' dir='ltr'><strong>οῦν</strong></span> 
     </span>
     <span class='ocr_line' id='line_1_6' title="bbox 297 932 1847 1015; baseline -0.002 -19"><span class='ocrx_word' id='word_1_47' title='bbox 297 937 538 1014; x_wconf 75' lang='grc' dir='ltr'>κειμένου</span> <span class='ocrx_word' id='word_1_48' title='bbox 566 940 658 1006; x_wconf 77' lang='grc' dir='ltr'><strong>τῆς</strong></span> <span class='ocrx_word' id='word_1_49' title='bbox 683 936 873 1013; x_wconf 73' lang='grc' dir='ltr'>ἀγορᾶς</span> <span class='ocrx_word' id='word_1_50' title='bbox 917 940 1006 993; x_wconf 88' lang='grc' dir='ltr'><strong>τοῦ</strong></span> <span class='ocrx_word' id='word_1_51' title='bbox 1032 932 1240 1012; x_wconf 65' lang='grc' dir='ltr'>λιμένος</span> <span class='ocrx_word' id='word_1_52' title='bbox 1276 933 1366 992; x_wconf 68' lang='grc' dir='ltr'><strong>καὶ</strong></span> <span class='ocrx_word' id='word_1_53' title='bbox 1406 933 1620 1015; x_wconf 86' lang='grc' dir='ltr'>ταχείας</span> <span class='ocrx_word' id='word_1_54' title='bbox 1660 939 1751 1005; x_wconf 82' lang='grc' dir='ltr'><strong>τῆς</strong></span> <span class='ocrx_word' id='word_1_55' title='bbox 1788 936 1847 993; x_wconf 77' lang='grc' dir='ltr'><strong>ἐκ</strong></span> 
     </span>
     <span class='ocr_line' id='line_1_7' title="bbox 302 1019 1844 1101; baseline -0.004 -18"><span class='ocrx_word' id='word_1_56' title='bbox 302 1029 402 1083; x_wconf 78' lang='grc' dir='ltr'><strong>τῶν</strong></span> <span class='ocrx_word' id='word_1_57' title='bbox 432 1021 624 1082; x_wconf 79' lang='grc' dir='ltr'>πλοίων</span> <span class='ocrx_word' id='word_1_58' title='bbox 664 1019 934 1100; x_wconf 69' lang='grc' dir='ltr'>γινομένης</span> <span class='ocrx_word' id='word_1_59' title='bbox 959 1024 1062 1079; x_wconf 79' lang='grc' dir='ltr'><strong>τῶν</strong></span> <span class='ocrx_word' id='word_1_60' title='bbox 1095 1019 1312 1101; x_wconf 77' lang='grc' dir='ltr'>φορτίων</span> <span class='ocrx_word' id='word_1_61' title='bbox 1342 1022 1645 1097; x_wconf 77' lang='grc' dir='ltr'>ἐκκομιδῆς,</span> <span class='ocrx_word' id='word_1_62' title='bbox 1687 1019 1844 1086; x_wconf 75' lang='grc' dir='ltr'>πολὺς</span> 
     </span>
     <span class='ocr_line' id='line_1_8' title="bbox 303 1097 1850 1179; baseline -0.003 -17"><span class='ocrx_word' id='word_1_63' title='bbox 303 1109 331 1162; x_wconf 77' lang='grc' dir='ltr'><strong>ὁ</strong></span> <span class='ocrx_word' id='word_1_64' title='bbox 353 1101 658 1161; x_wconf 78' lang='grc' dir='ltr'>καταπλέων</span> <span class='ocrx_word' id='word_1_65' title='bbox 685 1099 820 1158; x_wconf 83' lang='grc' dir='ltr'>ἐστὶν</span> <span class='ocrx_word' id='word_1_66' title='bbox 846 1102 914 1164; x_wconf 87' lang='grc' dir='ltr'><strong>εἰς</strong></span> <span class='ocrx_word' id='word_1_67' title='bbox 936 1099 994 1156; x_wconf 81' lang='grc' dir='ltr'>τὸ</span> <span class='ocrx_word' id='word_1_68' title='bbox 1018 1098 1282 1178; x_wconf 77' lang='grc' dir='ltr'>ἐμπόριον.</span> <span class='ocrx_word' id='word_1_69' title='bbox 1318 1098 1424 1160; x_wconf 73' lang='grc' dir='ltr'><strong>Καὶ</strong></span> <span class='ocrx_word' id='word_1_70' title='bbox 1443 1099 1544 1179; x_wconf 78' lang='grc' dir='ltr'><strong>γὰρ</strong></span> <span class='ocrx_word' id='word_1_71' title='bbox 1568 1104 1595 1158; x_wconf 78' lang='grc' dir='ltr'><strong>ὁ</strong></span> <span class='ocrx_word' id='word_1_72' title='bbox 1628 1097 1850 1179; x_wconf 75' lang='grc' dir='ltr'>Εὔριπος</span> 
     </span>
     <span class='ocr_line' id='line_1_9' title="bbox 306 1185 1849 1267; baseline -0.003 -19"><span class='ocrx_word' id='word_1_73' title='bbox 306 1190 478 1249; x_wconf 82' lang='grc' dir='ltr'>δισσὸν</span> <span class='ocrx_word' id='word_1_74' title='bbox 505 1187 639 1267; x_wconf 77' lang='grc' dir='ltr'>ἔχων</span> <span class='ocrx_word' id='word_1_75' title='bbox 669 1187 757 1245; x_wconf 78' lang='grc' dir='ltr'><strong>τὸν</strong></span> <span class='ocrx_word' id='word_1_76' title='bbox 787 1185 1029 1245; x_wconf 80' lang='grc' dir='ltr'>εἴσπλουν</span> <span class='ocrx_word' id='word_1_77' title='bbox 1076 1186 1346 1266; x_wconf 73' lang='grc' dir='ltr'>ἐφέλκεται</span> <span class='ocrx_word' id='word_1_78' title='bbox 1389 1188 1475 1246; x_wconf 80' lang='grc' dir='ltr'><strong>τὸν</strong></span> <span class='ocrx_word' id='word_1_79' title='bbox 1514 1186 1738 1265; x_wconf 76' lang='grc' dir='ltr'>ἔμπορον</span> <span class='ocrx_word' id='word_1_80' title='bbox 1780 1189 1849 1252; x_wconf 80' lang='grc' dir='ltr'><strong>εἰς</strong></span> 
     </span>
     <span class='ocr_line' id='line_1_10' title="bbox 303 1271 1849 1354; baseline -0.002 -21"><span class='ocrx_word' id='word_1_81' title='bbox 303 1275 400 1347; x_wconf 83' lang='grc' dir='ltr'><strong>τὴν</strong></span> <span class='ocrx_word' id='word_1_82' title='bbox 435 1274 603 1336; x_wconf 74' lang='grc' dir='ltr'>πόλιν.</span> <span class='ocrx_word' id='word_1_83' title='bbox 636 1273 728 1353; x_wconf 73' lang='lat'><strong>(30)</strong></span> <span class='ocrx_word' id='word_1_84' title='bbox 778 1272 845 1334; x_wconf 84' lang='lat' dir='ltr'><strong>‘ll</strong></span> <span class='ocrx_word' id='word_1_85' title='bbox 876 1271 930 1331; x_wconf 77' lang='grc' dir='ltr'><strong>δὲ</strong></span> <span class='ocrx_word' id='word_1_86' title='bbox 968 1272 1118 1353; x_wconf 81' lang='grc' dir='ltr'>χώρα</span> <span class='ocrx_word' id='word_1_87' title='bbox 1157 1282 1304 1332; x_wconf 77' lang='grc' dir='ltr'>πᾶσα</span> <span class='ocrx_word' id='word_1_88' title='bbox 1330 1275 1498 1332; x_wconf 73' lang='grc' dir='ltr'>αὐτῶν</span> <span class='ocrx_word' id='word_1_89' title='bbox 1528 1273 1849 1354; x_wconf 77' lang='grc' dir='ltr'>ἐλαιόφυτος·</span> 
     </span>
     <span class='ocr_line' id='line_1_11' title="bbox 306 1358 1851 1440; baseline -0.003 -17"><span class='ocrx_word' id='word_1_90' title='bbox 306 1363 474 1440; x_wconf 72' lang='grc' dir='ltr'>ἀγαθὴ</span> <span class='ocrx_word' id='word_1_91' title='bbox 518 1364 570 1422; x_wconf 70' lang='grc' dir='ltr'><strong>δὲ</strong></span> <span class='ocrx_word' id='word_1_92' title='bbox 595 1361 686 1420; x_wconf 69' lang='grc' dir='ltr'><strong>καὶ</strong></span> <span class='ocrx_word' id='word_1_93' title='bbox 727 1366 761 1432; x_wconf 75' lang='grc' dir='ltr'>ἡ</span> <span class='ocrx_word' id='word_1_94' title='bbox 793 1361 1045 1421; x_wconf 76' lang='grc' dir='ltr'>θάλαττα.</span> <span class='ocrx_word' id='word_1_95' title='bbox 1073 1363 1143 1420; x_wconf 79' lang='lat' dir='ltr'><strong>Oi</strong></span> <span class='ocrx_word' id='word_1_96' title='bbox 1184 1362 1229 1417; x_wconf 88' lang='grc' dir='ltr'><strong>δ’</strong></span> <span class='ocrx_word' id='word_1_97' title='bbox 1257 1364 1569 1428; x_wconf 75' lang='grc' dir='ltr'>ἐνοικοῦντες</span> <span class='ocrx_word' id='word_1_98' title='bbox 1593 1358 1851 1431; x_wconf 80' lang='grc' dir='ltr'>Ἓλληνες</span> 
     </span>
     <span class='ocr_line' id='line_1_12' title="bbox 304 1446 1850 1530; baseline -0.004 -19"><span class='ocrx_word' id='word_1_99' title='bbox 304 1455 361 1511; x_wconf 80' lang='grc' dir='ltr'>οὗ</span> <span class='ocrx_word' id='word_1_100' title='bbox 388 1454 462 1530; x_wconf 78' lang='grc' dir='ltr'>τῷ</span> <span class='ocrx_word' id='word_1_101' title='bbox 483 1450 616 1528; x_wconf 76' lang='grc' dir='ltr'>γένει</span> <span class='ocrx_word' id='word_1_102' title='bbox 645 1446 827 1525; x_wconf 82' lang='grc' dir='ltr'>μόνον,</span> <span class='ocrx_word' id='word_1_103' title='bbox 853 1446 988 1507; x_wconf 74' lang='grc' dir='ltr'>ἀλλὰ</span> <span class='ocrx_word' id='word_1_104' title='bbox 1006 1447 1096 1506; x_wconf 72' lang='grc' dir='ltr'><strong>καὶ</strong></span> <span class='ocrx_word' id='word_1_105' title='bbox 1119 1452 1182 1526; x_wconf 84' lang='grc' dir='ltr'>τῇ</span> <span class='ocrx_word' id='word_1_106' title='bbox 1206 1452 1378 1530; x_wconf 80' lang='grc' dir='ltr'>φωνῇ·</span> <span class='ocrx_word' id='word_1_107' title='bbox 1404 1452 1504 1507; x_wconf 80' lang='grc' dir='ltr'><strong>τῶν</strong></span> <span class='ocrx_word' id='word_1_108' title='bbox 1526 1447 1850 1525; x_wconf 79' lang='grc' dir='ltr'>μαθημάτων</span> 
     </span>
     <span class='ocr_line' id='line_1_13' title="bbox 308 1535 1851 1620; baseline -0.003 -23"><span class='ocrx_word' id='word_1_109' title='bbox 308 1538 475 1610; x_wconf 70' lang='grc' dir='ltr'>ἐντὀς,</span> <span class='ocrx_word' id='word_1_110' title='bbox 508 1537 893 1620; x_wconf 81' lang='grc' dir='ltr'>φιλαπόδημοι,</span> <span class='ocrx_word' id='word_1_111' title='bbox 921 1536 1306 1615; x_wconf 74' lang='grc' dir='ltr'>γραμματικοί·</span> <span class='ocrx_word' id='word_1_112' title='bbox 1354 1535 1419 1595; x_wconf 75' lang='grc' dir='ltr'>τὰ</span> <span class='ocrx_word' id='word_1_113' title='bbox 1459 1535 1851 1618; x_wconf 72' lang='grc' dir='ltr'>προσπίπτοντα</span> 
     </span>
     <span class='ocr_line' id='line_1_14' title="bbox 307 1620 1851 1706; baseline -0.005 -20"><span class='ocrx_word' id='word_1_114' title='bbox 307 1630 365 1685; x_wconf 82' lang='grc' dir='ltr'><strong>ἐκ</strong></span> <span class='ocrx_word' id='word_1_115' title='bbox 391 1629 482 1697; x_wconf 77' lang='grc' dir='ltr'><strong>τῆς</strong></span> <span class='ocrx_word' id='word_1_116' title='bbox 504 1625 750 1706; x_wconf 74' lang='grc' dir='ltr'>πατρίδος</span> <span class='ocrx_word' id='word_1_117' title='bbox 776 1625 1001 1704; x_wconf 70' lang='grc' dir='ltr'>δυσχερῆ</span> <span class='ocrx_word' id='word_1_118' title='bbox 1027 1622 1270 1701; x_wconf 85' lang='grc' dir='ltr'>γενναίως</span> <span class='ocrx_word' id='word_1_119' title='bbox 1293 1621 1554 1705; x_wconf 77' lang='grc' dir='ltr'>φέροντες·</span> <span class='ocrx_word' id='word_1_120' title='bbox 1579 1620 1851 1681; x_wconf 85' lang='grc' dir='ltr'>δουλεύον-</span> 
     </span>
     <span class='ocr_line' id='line_1_15' title="bbox 307 1708 1850 1795; baseline -0.004 -22"><span class='ocrx_word' id='word_1_121' title='bbox 307 1737 388 1781; x_wconf 84' lang='grc' dir='ltr'><strong>τες</strong></span> <span class='ocrx_word' id='word_1_122' title='bbox 409 1711 510 1795; x_wconf 74' lang='grc' dir='ltr'><strong>γὰρ</strong></span> <span class='ocrx_word' id='word_1_123' title='bbox 538 1710 701 1772; x_wconf 71' lang='grc' dir='ltr'>πολὺν</span> <span class='ocrx_word' id='word_1_124' title='bbox 730 1711 831 1784; x_wconf 81' lang='grc' dir='ltr'><strong>ἤδη</strong></span> <span class='ocrx_word' id='word_1_125' title='bbox 856 1710 1042 1790; x_wconf 81' lang='grc' dir='ltr'>χρόνον</span> <span class='ocrx_word' id='word_1_126' title='bbox 1059 1755 1074 1783; x_wconf 92' lang='grc'>,</span> <span class='ocrx_word' id='word_1_127' title='bbox 1103 1717 1210 1778; x_wconf 87' lang='grc' dir='ltr'>τοῖς</span> <span class='ocrx_word' id='word_1_128' title='bbox 1231 1708 1284 1768; x_wconf 66' lang='grc' dir='ltr'><strong>δὲ</strong></span> <span class='ocrx_word' id='word_1_129' title='bbox 1310 1711 1517 1789; x_wconf 86' lang='grc' dir='ltr'>τρόποις</span> <span class='ocrx_word' id='word_1_130' title='bbox 1542 1708 1682 1774; x_wconf 81' lang='grc' dir='ltr'>ὄντες</span> <span class='ocrx_word' id='word_1_131' title='bbox 1709 1708 1850 1767; x_wconf 72' lang='grc' dir='ltr'>ἐλεύ-</span> 
     </span>
     <span class='ocr_line' id='line_1_16' title="bbox 306 1794 1853 1882; baseline -0.005 -22"><span class='ocrx_word' id='word_1_132' title='bbox 306 1807 442 1882; x_wconf 76' lang='grc' dir='ltr'>θεροι</span> <span class='ocrx_word' id='word_1_133' title='bbox 466 1799 701 1879; x_wconf 84' lang='grc' dir='ltr'>μεγάλην</span> <span class='ocrx_word' id='word_1_134' title='bbox 716 1797 986 1878; x_wconf 78' lang='grc' dir='ltr'>εἰλήφασιν</span> <span class='ocrx_word' id='word_1_135' title='bbox 1011 1797 1112 1864; x_wconf 76' lang='grc' dir='ltr'>ἕξιν</span> <span class='ocrx_word' id='word_1_136' title='bbox 1138 1797 1305 1878; x_wconf 74' lang='grc' dir='ltr'>φέρειν</span> <span class='ocrx_word' id='word_1_137' title='bbox 1331 1796 1576 1877; x_wconf 64' lang='grc' dir='ltr'>ῥᾳθύμως</span> <span class='ocrx_word' id='word_1_138' title='bbox 1600 1794 1666 1854; x_wconf 75' lang='grc' dir='ltr'>τὰ</span> <span class='ocrx_word' id='word_1_139' title='bbox 1694 1818 1853 1876; x_wconf 82' lang='grc' dir='ltr'>προσ·</span> 
     </span>
     <span class='ocr_line' id='line_1_17' title="bbox 308 1885 1197 1965; baseline -0.001 -20"><span class='ocrx_word' id='word_1_140' title='bbox 308 1888 590 1948; x_wconf 85' lang='grc' dir='ltr'>πίπτοντα.</span> <span class='ocrx_word' id='word_1_141' title='bbox 612 1886 679 1948; x_wconf 85' lang='lat' dir='ltr'><strong>‘O</strong></span> <span class='ocrx_word' id='word_1_142' title='bbox 709 1885 884 1965; x_wconf 83' lang='grc' dir='ltr'>στίχος</span> <span class='ocrx_word' id='word_1_143' title='bbox 907 1886 1166 1944; x_wconf 80' lang='grc' dir='ltr'>Φιλίσκου</span> <span class='ocrx_word' id='word_1_144' title='bbox 1184 1908 1197 1920; x_wconf 92' lang='grc'><em>·</em></span> 
     </span>
    </p>
   </div>
   <div class='ocr_carea' id='block_1_4' title="bbox 429 2003 1555 2071">
    <p class='ocr_par' dir='ltr' id='par_1_4' title="bbox 429 2003 1555 2071">
     <span class='ocr_line' id='line_1_18' title="bbox 429 2003 1555 2071; baseline -0.005 -14"><span class='ocrx_word' id='word_1_145' title='bbox 429 2009 654 2071; x_wconf 79' lang='grc' dir='ltr'>Χρηστῶν</span> <span class='ocrx_word' id='word_1_146' title='bbox 671 2004 942 2069; x_wconf 73' lang='grc' dir='ltr'>σφόδρ’-ἐστὶ</span> <span class='ocrx_word' id='word_1_147' title='bbox 966 2006 1139 2061; x_wconf 81' lang='grc' dir='ltr'>Χαλκὶς</span> <span class='ocrx_word' id='word_1_148' title='bbox 1156 2004 1386 2063; x_wconf 79' lang='grc' dir='ltr'>Ἑλλήνων</span> <span class='ocrx_word' id='word_1_149' title='bbox 1407 2003 1555 2060; x_wconf 84' lang='grc' dir='ltr'>πόλις.</span> 
     </span>
    </p>
   </div>
   <div class='ocr_carea' id='block_1_5' title="bbox 1933 708 3503 1942">
    <p class='ocr_par' dir='ltr' id='par_1_5' title="bbox 1933 708 3503 1942">
     <span class='ocr_line' id='line_1_19' title="bbox 1933 708 3497 778; baseline 0.003 -18"><span class='ocrx_word' id='word_1_150' title='bbox 1933 709 2156 772; x_wconf 89' lang='lat' dir='ltr'><strong>emporii,</strong></span> <span class='ocrx_word' id='word_1_151' title='bbox 2181 721 2328 772; x_wconf 88' lang='lat' dir='ltr'><strong>quam</strong></span> <span class='ocrx_word' id='word_1_152' title='bbox 2351 708 2502 773; x_wconf 87' lang='lat' dir='ltr'><strong>ipsam</strong></span> <span class='ocrx_word' id='word_1_153' title='bbox 2524 709 2701 772; x_wconf 76' lang='lat' dir='ltr'><strong>excipit</strong></span> <span class='ocrx_word' id='word_1_154' title='bbox 2718 710 2895 770; x_wconf 81' lang='lat' dir='ltr'><strong>sorum,</strong></span> <span class='ocrx_word' id='word_1_155' title='bbox 2923 711 3080 761; x_wconf 86' lang='lat' dir='ltr'><strong>latum</strong></span> <span class='ocrx_word' id='word_1_156' title='bbox 3104 711 3223 761; x_wconf 88' lang='lat' dir='ltr'><strong>illud</strong></span> <span class='ocrx_word' id='word_1_157' title='bbox 3247 713 3497 778; x_wconf 73' lang='lat' dir='ltr'><strong>tribusque</strong></span> 
     </span>
     <span class='ocr_line' id='line_1_20' title="bbox 1933 806 3497 872; baseline 0.002 -14"><span class='ocrx_word' id='word_1_158' title='bbox 1933 806 2200 872; x_wconf 82' lang='lat' dir='ltr'><strong>porticibus</strong></span> <span class='ocrx_word' id='word_1_159' title='bbox 2234 806 2608 857; x_wconf 80' lang='lat' dir='ltr'><strong>circumdatum.</strong></span> <span class='ocrx_word' id='word_1_160' title='bbox 2647 810 2809 865; x_wconf 90' lang='lat' dir='ltr'><strong>Quum</strong></span> <span class='ocrx_word' id='word_1_161' title='bbox 2835 808 2996 872; x_wconf 80' lang='lat' dir='ltr'><strong>itaque</strong></span> <span class='ocrx_word' id='word_1_162' title='bbox 3022 810 3271 872; x_wconf 82' lang='lat' dir='ltr'><strong>proximus</strong></span> <span class='ocrx_word' id='word_1_163' title='bbox 3298 810 3361 859; x_wconf 87' lang='lat' dir='ltr'><strong>sit</strong></span> <span class='ocrx_word' id='word_1_164' title='bbox 3394 812 3497 861; x_wconf 81' lang='lat' dir='ltr'><strong>foro</strong></span> 
     </span>
     <span class='ocr_line' id='line_1_21' title="bbox 1936 905 3499 971; baseline 0.001 -14"><span class='ocrx_word' id='word_1_165' title='bbox 1936 909 2132 970; x_wconf 86' lang='lat' dir='ltr'><strong>portus,</strong></span> <span class='ocrx_word' id='word_1_166' title='bbox 2167 908 2217 956; x_wconf 89' lang='lat' dir='ltr'><strong>et</strong></span> <span class='ocrx_word' id='word_1_167' title='bbox 2250 905 2403 955; x_wconf 74' lang='lat' dir='ltr'><strong>facilis</strong></span> <span class='ocrx_word' id='word_1_168' title='bbox 2432 919 2633 955; x_wconf 87' lang='lat' dir='ltr'><strong>onerum</strong></span> <span class='ocrx_word' id='word_1_169' title='bbox 2660 919 2688 955; x_wconf 89' lang='lat' dir='ltr'><strong>e</strong></span> <span class='ocrx_word' id='word_1_170' title='bbox 2713 906 2918 956; x_wconf 77' lang='lat' dir='ltr'><strong>navibus</strong></span> <span class='ocrx_word' id='word_1_171' title='bbox 2941 910 3167 969; x_wconf 76' lang='lat' dir='ltr'><strong>vectura,</strong></span> <span class='ocrx_word' id='word_1_172' title='bbox 3205 908 3402 971; x_wconf 76' lang='lat' dir='ltr'><strong>plurimi</strong></span> <span class='ocrx_word' id='word_1_173' title='bbox 3435 909 3499 959; x_wconf 82' lang='lat' dir='ltr'><strong>ad</strong></span> 
     </span>
     <span class='ocr_line' id='line_1_22' title="bbox 1937 1003 3501 1068; baseline 0.002 -14"><span class='ocrx_word' id='word_1_174' title='bbox 1937 1005 2204 1068; x_wconf 82' lang='lat' dir='ltr'><strong>emporium</strong></span> <span class='ocrx_word' id='word_1_175' title='bbox 2227 1003 2429 1054; x_wconf 69' lang='lat' dir='ltr'><strong>veniunt</strong></span> <span class='ocrx_word' id='word_1_176' title='bbox 2451 1005 2603 1067; x_wconf 86' lang='lat' dir='ltr'><strong>:quin</strong></span> <span class='ocrx_word' id='word_1_177' title='bbox 2628 1005 2775 1053; x_wconf 83' lang='lat' dir='ltr'><strong>etiam</strong></span> <span class='ocrx_word' id='word_1_178' title='bbox 2796 1004 3029 1068; x_wconf 76' lang='lat' dir='ltr'><strong>Euripus,</strong></span> <span class='ocrx_word' id='word_1_179' title='bbox 3050 1004 3291 1068; x_wconf 85' lang='lat' dir='ltr'><strong>duplicem</strong></span> <span class='ocrx_word' id='word_1_180' title='bbox 3320 1006 3501 1057; x_wconf 79' lang='lat' dir='ltr'><strong>babens</strong></span> 
     </span>
     <span class='ocr_line' id='line_1_23' title="bbox 1938 1101 3500 1167; baseline 0.003 -16"><span class='ocrx_word' id='word_1_181' title='bbox 1938 1102 2209 1166; x_wconf 86' lang='lat' dir='ltr'><strong>introitum,</strong></span> <span class='ocrx_word' id='word_1_182' title='bbox 2220 1101 2334 1152; x_wconf 78' lang='lat' dir='ltr'><strong>tacit</strong></span> <span class='ocrx_word' id='word_1_183' title='bbox 2353 1104 2410 1151; x_wconf 89' lang='lat' dir='ltr'><strong>ut</strong></span> <span class='ocrx_word' id='word_1_184' title='bbox 2425 1104 2714 1153; x_wconf 59' lang='lat' dir='ltr'><strong>mercatores</strong></span> <span class='ocrx_word' id='word_1_185' title='bbox 2728 1103 2899 1153; x_wconf 87' lang='lat' dir='ltr'><strong>urbem</strong></span> <span class='ocrx_word' id='word_1_186' title='bbox 2914 1105 3236 1166; x_wconf 69' lang='lat' dir='ltr'><strong>frequentent.</strong></span> <span class='ocrx_word' id='word_1_187' title='bbox 3260 1106 3360 1167; x_wconf 84' lang='grc' dir='ltr'>(3ο)</span> <span class='ocrx_word' id='word_1_188' title='bbox 3379 1108 3500 1156; x_wconf 84' lang='lat' dir='ltr'><strong>&#39;rota</strong></span> 
     </span>
     <span class='ocr_line' id='line_1_24' title="bbox 1940 1198 3499 1265; baseline 0.002 -16"><span class='ocrx_word' id='word_1_189' title='bbox 1940 1212 2107 1249; x_wconf 90' lang='lat' dir='ltr'><strong>eorum</strong></span> <span class='ocrx_word' id='word_1_190' title='bbox 2122 1198 2251 1263; x_wconf 78' lang='lat' dir='ltr'><strong>regio</strong></span> <span class='ocrx_word' id='word_1_191' title='bbox 2268 1200 2386 1249; x_wconf 84' lang='lat' dir='ltr'><strong>oleis</strong></span> <span class='ocrx_word' id='word_1_192' title='bbox 2403 1199 2587 1249; x_wconf 82' lang='lat' dir='ltr'><strong>consita</strong></span> <span class='ocrx_word' id='word_1_193' title='bbox 2614 1218 2627 1248; x_wconf 71' lang='grc' dir='ltr'>ε</span> <span class='ocrx_word' id='word_1_194' title='bbox 2648 1212 2781 1248; x_wconf 87' lang='lat' dir='ltr'><strong>mare</strong></span> <span class='ocrx_word' id='word_1_195' title='bbox 2798 1200 2942 1249; x_wconf 82' lang='lat' dir='ltr'><strong>etiam</strong></span> <span class='ocrx_word' id='word_1_196' title='bbox 2962 1199 3148 1261; x_wconf 82' lang='lat' dir='ltr'><strong>largum</strong></span> <span class='ocrx_word' id='word_1_197' title='bbox 3169 1201 3499 1265; x_wconf 75' lang='lat' dir='ltr'><strong>(piscatura)</strong></span> 
     </span>
     <span class='ocr_line' id='line_1_25' title="bbox 1941 1298 3498 1362; baseline 0 -14"><span class='ocrx_word' id='word_1_198' title='bbox 1941 1299 2124 1361; x_wconf 80' lang='lat' dir='ltr'><strong>praebet</strong></span> <span class='ocrx_word' id='word_1_199' title='bbox 2140 1301 2446 1361; x_wconf 77' lang='lat' dir='ltr'><strong>proventum.</strong></span> <span class='ocrx_word' id='word_1_200' title='bbox 2470 1298 2647 1348; x_wconf 79' lang='lat' dir='ltr'><strong>lncolae</strong></span> <span class='ocrx_word' id='word_1_201' title='bbox 2671 1298 2826 1348; x_wconf 80' lang='lat' dir='ltr'><strong>Groeci</strong></span> <span class='ocrx_word' id='word_1_202' title='bbox 2845 1300 2958 1349; x_wconf 86' lang='lat' dir='ltr'><strong>sunt</strong></span> <span class='ocrx_word' id='word_1_203' title='bbox 2971 1336 2986 1362; x_wconf 88' lang='lat'><strong>,</strong></span> <span class='ocrx_word' id='word_1_204' title='bbox 3007 1307 3104 1348; x_wconf 88' lang='lat' dir='ltr'><strong>non</strong></span> <span class='ocrx_word' id='word_1_205' title='bbox 3124 1312 3293 1362; x_wconf 83' lang='lat' dir='ltr'><strong>genere</strong></span> <span class='ocrx_word' id='word_1_206' title='bbox 3314 1300 3470 1348; x_wconf 89' lang='lat' dir='ltr'><strong>solum</strong></span> <span class='ocrx_word' id='word_1_207' title='bbox 3484 1336 3498 1360; x_wconf 89' lang='lat'><strong>,</strong></span> 
     </span>
     <span class='ocr_line' id='line_1_26' title="bbox 1941 1397 3496 1463; baseline 0 -15"><span class='ocrx_word' id='word_1_208' title='bbox 1941 1397 2025 1448; x_wconf 86' lang='lat' dir='ltr'><strong>sed</strong></span> <span class='ocrx_word' id='word_1_209' title='bbox 2048 1399 2098 1447; x_wconf 87' lang='lat' dir='ltr'><strong>et</strong></span> <span class='ocrx_word' id='word_1_210' title='bbox 2129 1409 2377 1458; x_wconf 88' lang='lat' dir='ltr'><strong>sermone,</strong></span> <span class='ocrx_word' id='word_1_211' title='bbox 2410 1398 2620 1448; x_wconf 74' lang='lat' dir='ltr'><strong>scientiis</strong></span> <span class='ocrx_word' id='word_1_212' title='bbox 2644 1398 2819 1460; x_wconf 89' lang='lat' dir='ltr'><strong>dediti,</strong></span> <span class='ocrx_word' id='word_1_213' title='bbox 2858 1398 3219 1462; x_wconf 79' lang='lat' dir='ltr'><strong>peregrinorum</strong></span> <span class='ocrx_word' id='word_1_214' title='bbox 3251 1402 3496 1463; x_wconf 85' lang='lat' dir='ltr'><strong>amantes,</strong></span> 
     </span>
     <span class='ocr_line' id='line_1_27' title="bbox 1943 1497 3503 1562; baseline 0.001 -16"><span class='ocrx_word' id='word_1_215' title='bbox 1943 1498 2190 1548; x_wconf 83' lang='lat' dir='ltr'><strong>literarum</strong></span> <span class='ocrx_word' id='word_1_216' title='bbox 2214 1498 2418 1560; x_wconf 83' lang='lat' dir='ltr'><strong>curiosi,</strong></span> <span class='ocrx_word' id='word_1_217' title='bbox 2454 1497 2760 1548; x_wconf 80' lang='lat' dir='ltr'><strong>incommoda</strong></span> <span class='ocrx_word' id='word_1_218' title='bbox 2785 1511 2898 1562; x_wconf 83' lang='lat' dir='ltr'><strong>quae</strong></span> <span class='ocrx_word' id='word_1_219' title='bbox 2921 1498 2985 1549; x_wconf 89' lang='lat' dir='ltr'><strong>ob</strong></span> <span class='ocrx_word' id='word_1_220' title='bbox 3013 1499 3220 1562; x_wconf 86' lang='lat' dir='ltr'><strong>patriam</strong></span> <span class='ocrx_word' id='word_1_221' title='bbox 3253 1499 3503 1561; x_wconf 84' lang='lat' dir='ltr'><strong>patiuntur</strong></span> 
     </span>
     <span class='ocr_line' id='line_1_28' title="bbox 1944 1593 3503 1659; baseline 0.001 -15"><span class='ocrx_word' id='word_1_222' title='bbox 1944 1595 2130 1644; x_wconf 79' lang='lat' dir='ltr'><strong>sortiter</strong></span> <span class='ocrx_word' id='word_1_223' title='bbox 2155 1593 2376 1644; x_wconf 77' lang='lat' dir='ltr'><strong>serentes.</strong></span> <span class='ocrx_word' id='word_1_224' title='bbox 2416 1602 2454 1644; x_wconf 75' lang='grc' dir='ltr'><strong>Α</strong></span> <span class='ocrx_word' id='word_1_225' title='bbox 2483 1595 2623 1657; x_wconf 80' lang='lat' dir='ltr'><strong>longo</strong></span> <span class='ocrx_word' id='word_1_226' title='bbox 2645 1594 2774 1644; x_wconf 88' lang='lat' dir='ltr'><strong>enim</strong></span> <span class='ocrx_word' id='word_1_227' title='bbox 2807 1599 3024 1659; x_wconf 87' lang='lat' dir='ltr'><strong>tempore</strong></span> <span class='ocrx_word' id='word_1_228' title='bbox 3047 1595 3096 1644; x_wconf 90' lang='lat' dir='ltr'><strong>iu</strong></span> <span class='ocrx_word' id='word_1_229' title='bbox 3125 1596 3405 1646; x_wconf 79' lang='lat' dir='ltr'><strong>servitutem</strong></span> <span class='ocrx_word' id='word_1_230' title='bbox 3425 1609 3503 1646; x_wconf 89' lang='lat' dir='ltr'><strong>re-</strong></span> 
     </span>
     <span class='ocr_line' id='line_1_29' title="bbox 1945 1692 3502 1756; baseline 0.001 -15"><span class='ocrx_word' id='word_1_231' title='bbox 1945 1692 2072 1741; x_wconf 68' lang='lat' dir='ltr'><strong>dacti</strong></span> <span class='ocrx_word' id='word_1_232' title='bbox 2097 1692 2241 1756; x_wconf 82' lang='lat' dir='ltr'><strong>(quae</strong></span> <span class='ocrx_word' id='word_1_233' title='bbox 2264 1692 2444 1755; x_wconf 78' lang='lat' dir='ltr'><strong>alioqui</strong></span> <span class='ocrx_word' id='word_1_234' title='bbox 2463 1692 2526 1741; x_wconf 86' lang='lat' dir='ltr'><strong>ab</strong></span> <span class='ocrx_word' id='word_1_235' title='bbox 2556 1706 2723 1742; x_wconf 89' lang='lat' dir='ltr'><strong>eorum</strong></span> <span class='ocrx_word' id='word_1_236' title='bbox 2751 1693 2938 1755; x_wconf 83' lang='lat' dir='ltr'><strong>ingenio</strong></span> <span class='ocrx_word' id='word_1_237' title='bbox 2961 1692 3147 1744; x_wconf 79' lang='lat' dir='ltr'><strong>liberali</strong></span> <span class='ocrx_word' id='word_1_238' title='bbox 3169 1692 3309 1744; x_wconf 74' lang='lat' dir='ltr'><strong>valde</strong></span> <span class='ocrx_word' id='word_1_239' title='bbox 3326 1692 3502 1743; x_wconf 85' lang='lat' dir='ltr'><strong>abbor-</strong></span> 
     </span>
     <span class='ocr_line' id='line_1_30' title="bbox 1947 1791 3497 1854; baseline 0.001 -15"><span class='ocrx_word' id='word_1_240' title='bbox 1947 1792 2127 1854; x_wconf 82' lang='lat' dir='ltr'><strong>reret),</strong></span> <span class='ocrx_word' id='word_1_241' title='bbox 2171 1804 2392 1854; x_wconf 83' lang='lat' dir='ltr'><strong>magnam</strong></span> <span class='ocrx_word' id='word_1_242' title='bbox 2428 1791 2492 1842; x_wconf 85' lang='lat' dir='ltr'><strong>ad</strong></span> <span class='ocrx_word' id='word_1_243' title='bbox 2525 1792 2832 1841; x_wconf 87' lang='lat' dir='ltr'><strong>tolerantiam</strong></span> <span class='ocrx_word' id='word_1_244' title='bbox 2873 1792 3093 1843; x_wconf 84' lang='lat' dir='ltr'><strong>habitum</strong></span> <span class='ocrx_word' id='word_1_245' title='bbox 3131 1794 3497 1843; x_wconf 82' lang='lat' dir='ltr'><strong>contraxerunt.</strong></span> 
     </span>
     <span class='ocr_line' id='line_1_31' title="bbox 1950 1892 2479 1942; baseline 0.002 -2"><span class='ocrx_word' id='word_1_246' title='bbox 1950 1893 2074 1942; x_wconf 84' lang='lat' dir='ltr'><strong>ilinc</strong></span> <span class='ocrx_word' id='word_1_247' title='bbox 2099 1892 2218 1942; x_wconf 90' lang='lat' dir='ltr'><strong>illud</strong></span> <span class='ocrx_word' id='word_1_248' title='bbox 2252 1893 2440 1942; x_wconf 78' lang='lat' dir='ltr'><strong>Philisci</strong></span> <span class='ocrx_word' id='word_1_249' title='bbox 2467 1913 2479 1941; x_wconf 70' lang='grc' dir='ltr'>ι</span> 
     </span>
    </p>
   </div>
   <div class='ocr_carea' id='block_1_6' title="bbox 2054 2004 3152 2059">
    <p class='ocr_par' dir='ltr' id='par_1_6' title="bbox 2054 2004 3152 2059">
     <span class='ocr_line' id='line_1_32' title="bbox 2054 2004 3152 2059; baseline 0.004 -12"><span class='ocrx_word' id='word_1_250' title='bbox 2054 2004 2194 2048; x_wconf 75' lang='lat' dir='ltr'><strong>Valde</strong></span> <span class='ocrx_word' id='word_1_251' title='bbox 2210 2005 2453 2059; x_wconf 81' lang='lat' dir='ltr'><strong>proborum</strong></span> <span class='ocrx_word' id='word_1_252' title='bbox 2473 2004 2644 2048; x_wconf 82' lang='lat' dir='ltr'><strong>Chalcis</strong></span> <span class='ocrx_word' id='word_1_253' title='bbox 2664 2008 2924 2048; x_wconf 69' lang='lat' dir='ltr'><strong>Graecorum</strong></span> <span class='ocrx_word' id='word_1_254' title='bbox 2943 2005 3050 2049; x_wconf 79' lang='lat' dir='ltr'><strong>urbs</strong></span> <span class='ocrx_word' id='word_1_255' title='bbox 3065 2010 3152 2051; x_wconf 80' lang='lat' dir='ltr'><strong>est.</strong></span> 
     </span>
    </p>
   </div>
   <div class='ocr_carea' id='block_1_7' title="bbox 716 2171 3106 2380">
    <p class='ocr_par' dir='ltr' id='par_1_7' title="bbox 716 2171 3106 2380">
     <span class='ocr_line' id='line_1_33' title="bbox 1858 2171 1954 2229; baseline 0.031 -4"><span class='ocrx_word' id='word_1_256' title='bbox 1858 2171 1954 2229; x_wconf 89' lang='lat'><strong>60.</strong></span> 
     </span>
     <span class='ocr_line' id='line_1_34' title="bbox 716 2310 3106 2380; baseline -0.002 -10"><span class='ocrx_word' id='word_1_257' title='bbox 716 2313 1044 2371; x_wconf 83' lang='lat' dir='ltr'>ECODICE</span> <span class='ocrx_word' id='word_1_258' title='bbox 1084 2314 1417 2370; x_wconf 84' lang='lat' dir='ltr'><strong>GL&#39;DIANO</strong></span> <span class='ocrx_word' id='word_1_259' title='bbox 1459 2313 1549 2368; x_wconf 89' lang='lat' dir='ltr'><strong>ET</strong></span> <span class='ocrx_word' id='word_1_260' title='bbox 1581 2313 1626 2367; x_wconf 89' lang='lat' dir='ltr'><strong>E</strong></span> <span class='ocrx_word' id='word_1_261' title='bbox 1668 2312 1929 2368; x_wconf 88' lang='lat' dir='ltr'>CODICE</span> <span class='ocrx_word' id='word_1_262' title='bbox 1970 2311 2311 2366; x_wconf 70' lang='lat' dir='ltr'><strong>PARISLNO</strong></span> <span class='ocrx_word' id='word_1_263' title='bbox 2354 2313 2430 2364; x_wconf 69' lang='grc' dir='ltr'><strong>ΝΟ</strong></span> <span class='ocrx_word' id='word_1_264' title='bbox 2470 2311 2740 2380; x_wconf 76' lang='lat' dir='ltr'><strong>DLxxl,</strong></span> <span class='ocrx_word' id='word_1_265' title='bbox 2784 2313 2944 2369; x_wconf 84' lang='lat' dir='ltr'><strong>FOL.</strong></span> <span class='ocrx_word' id='word_1_266' title='bbox 2971 2310 3106 2377; x_wconf 76' lang='lat'><strong>430.</strong></span> 
     </span>
    </p>
   </div>
   <div class='ocr_carea' id='block_1_8' title="bbox 390 2478 1910 2600">
    <p class='ocr_par' dir='ltr' id='par_1_8' title="bbox 390 2478 1910 2600">
     <span class='ocr_line' id='line_1_35' title="bbox 390 2478 1910 2600; baseline -0.004 -49"><span class='ocrx_word' id='word_1_267' title='bbox 390 2490 517 2551; x_wconf 86' lang='grc' dir='ltr'><strong>Ὅτι</strong></span> <span class='ocrx_word' id='word_1_268' title='bbox 552 2490 610 2551; x_wconf 79' lang='grc' dir='ltr'>τὸ</span> <span class='ocrx_word' id='word_1_269' title='bbox 638 2487 949 2567; x_wconf 84' lang='grc' dir='ltr'>καλούμενον</span> <span class='ocrx_word' id='word_1_270' title='bbox 977 2490 1177 2561; x_wconf 79' lang='grc' dir='ltr'>Πήλιον</span> <span class='ocrx_word' id='word_1_271' title='bbox 1237 2489 1352 2569; x_wconf 82' lang='grc' dir='ltr'>ὅρος</span> <span class='ocrx_word' id='word_1_272' title='bbox 1375 2487 1512 2566; x_wconf 75' lang='grc' dir='ltr'>μίγα</span> <span class='ocrx_word' id='word_1_273' title='bbox 1541 2491 1586 2547; x_wconf 81' lang='grc' dir='ltr'>τ’</span> <span class='ocrx_word' id='word_1_274' title='bbox 1627 2486 1737 2547; x_wconf 78' lang='grc' dir='ltr'>ἐστὶ</span> <span class='ocrx_word' id='word_1_275' title='bbox 1769 2487 1859 2546; x_wconf 79' lang='grc' dir='ltr'><strong>καὶ</strong></span> <span class='ocrx_word' id='word_1_276' title='bbox 1892 2478 1910 2600; x_wconf 60' lang='grc'>1</span> 
     </span>
    </p>
   </div>
   <div class='ocr_carea' id='block_1_9' title="bbox 308 2574 1869 3791">
    <p class='ocr_par' dir='ltr' id='par_1_9' title="bbox 308 2574 1869 3791">
     <span class='ocr_line' id='line_1_36' title="bbox 310 2574 1860 2659; baseline -0.003 -21"><span class='ocrx_word' id='word_1_277' title='bbox 310 2579 531 2652; x_wconf 76' lang='grc' dir='ltr'>ὑλῶδες,</span> <span class='ocrx_word' id='word_1_278' title='bbox 553 2578 735 2659; x_wconf 74' lang='grc' dir='ltr'>δένδρα</span> <span class='ocrx_word' id='word_1_279' title='bbox 763 2576 880 2657; x_wconf 74' lang='grc' dir='ltr'>ἔχον</span> <span class='ocrx_word' id='word_1_280' title='bbox 902 2583 1133 2637; x_wconf 89' lang='grc' dir='ltr'>τοσαῦτα</span> <span class='ocrx_word' id='word_1_281' title='bbox 1160 2574 1496 2658; x_wconf 78' lang='grc' dir='ltr'>καρποφόρα,</span> <span class='ocrx_word' id='word_1_282' title='bbox 1534 2574 1630 2634; x_wconf 81' lang='grc' dir='ltr'><strong>ὅσα</strong></span> <span class='ocrx_word' id='word_1_283' title='bbox 1653 2574 1743 2634; x_wconf 81' lang='grc' dir='ltr'><strong>καὶ</strong></span> <span class='ocrx_word' id='word_1_284' title='bbox 1768 2574 1860 2642; x_wconf 75' lang='grc' dir='ltr'><strong>τὰς</strong></span> 
     </span>
     <span class='ocr_line' id='line_1_37' title="bbox 314 2662 1861 2747; baseline -0.001 -25"><span class='ocrx_word' id='word_1_285' title='bbox 314 2668 416 2724; x_wconf 78' lang='grc' dir='ltr'><strong>τῶν</strong></span> <span class='ocrx_word' id='word_1_286' title='bbox 456 2663 853 2747; x_wconf 78' lang='grc' dir='ltr'>γεωργουμένων</span> <span class='ocrx_word' id='word_1_287' title='bbox 894 2664 1170 2742; x_wconf 76' lang='grc' dir='ltr'>συμὸαίνει</span> <span class='ocrx_word' id='word_1_288' title='bbox 1205 2663 1399 2743; x_wconf 80' lang='grc' dir='ltr'>χώρας.</span> <span class='ocrx_word' id='word_1_289' title='bbox 1480 2666 1588 2725; x_wconf 87' lang='grc' dir='ltr'>Τοῦ</span> <span class='ocrx_word' id='word_1_290' title='bbox 1626 2664 1673 2721; x_wconf 90' lang='grc' dir='ltr'><strong>δ’</strong></span> <span class='ocrx_word' id='word_1_291' title='bbox 1716 2662 1861 2743; x_wconf 80' lang='grc' dir='ltr'>ὄρους</span> 
     </span>
     <span class='ocr_line' id='line_1_38' title="bbox 308 2747 1860 2833; baseline -0.003 -22"><span class='ocrx_word' id='word_1_292' title='bbox 308 2758 347 2823; x_wconf 81' lang='grc' dir='ltr'>ἡ</span> <span class='ocrx_word' id='word_1_293' title='bbox 381 2753 600 2830; x_wconf 84' lang='grc' dir='ltr'>μεγίστη</span> <span class='ocrx_word' id='word_1_294' title='bbox 636 2752 727 2812; x_wconf 78' lang='grc' dir='ltr'><strong>καὶ</strong></span> <span class='ocrx_word' id='word_1_295' title='bbox 751 2750 1050 2823; x_wconf 82' lang='grc' dir='ltr'>λασιωτάτη</span> <span class='ocrx_word' id='word_1_296' title='bbox 1082 2752 1196 2833; x_wconf 79' lang='grc' dir='ltr'>ῥίζα</span> <span class='ocrx_word' id='word_1_297' title='bbox 1235 2756 1326 2822; x_wconf 80' lang='grc' dir='ltr'><strong>τῆς</strong></span> <span class='ocrx_word' id='word_1_298' title='bbox 1362 2751 1561 2818; x_wconf 80' lang='grc' dir='ltr'>πόλεως</span> <span class='ocrx_word' id='word_1_299' title='bbox 1597 2747 1735 2809; x_wconf 71' lang='grc' dir='ltr'>κατὰ</span> <span class='ocrx_word' id='word_1_300' title='bbox 1765 2748 1860 2827; x_wconf 79' lang='grc' dir='ltr'><strong>μὲν</strong></span> 
     </span>
     <span class='ocr_line' id='line_1_39' title="bbox 312 2831 1861 2920; baseline 0.001 -25"><span class='ocrx_word' id='word_1_301' title='bbox 312 2839 472 2897; x_wconf 88' lang='grc' dir='ltr'>πλοῦν</span> <span class='ocrx_word' id='word_1_302' title='bbox 505 2840 546 2910; x_wconf 81' lang='grc' dir='ltr'><strong>ζ’</strong></span> <span class='ocrx_word' id='word_1_303' title='bbox 580 2839 766 2920; x_wconf 77' lang='grc' dir='ltr'>ἀπέχει</span> <span class='ocrx_word' id='word_1_304' title='bbox 801 2840 1016 2912; x_wconf 84' lang='grc' dir='ltr'>στάδια,</span> <span class='ocrx_word' id='word_1_305' title='bbox 1048 2844 1181 2920; x_wconf 79' lang='grc' dir='ltr'>πεζῇ</span> <span class='ocrx_word' id='word_1_306' title='bbox 1204 2839 1257 2897; x_wconf 84' lang='grc' dir='ltr'><strong>δὲ</strong></span> <span class='ocrx_word' id='word_1_307' title='bbox 1281 2839 1352 2899; x_wconf 78' lang='grc' dir='ltr'><strong>κ’.</strong></span> <span class='ocrx_word' id='word_1_308' title='bbox 1440 2840 1503 2916; x_wconf 84' lang='lat'><strong>(2)</strong></span> <span class='ocrx_word' id='word_1_309' title='bbox 1536 2840 1654 2897; x_wconf 76' lang='grc' dir='ltr'><strong>Πᾶν</strong></span> <span class='ocrx_word' id='word_1_310' title='bbox 1680 2837 1722 2896; x_wconf 87' lang='grc' dir='ltr'><strong>δ’</strong></span> <span class='ocrx_word' id='word_1_311' title='bbox 1740 2831 1861 2897; x_wconf 69' lang='grc' dir='ltr'>’ἐστὶ</span> 
     </span>
     <span class='ocr_line' id='line_1_40' title="bbox 314 2924 1860 3009; baseline 0 -26"><span class='ocrx_word' id='word_1_312' title='bbox 314 2924 375 2984; x_wconf 81' lang='grc' dir='ltr'>τὸ</span> <span class='ocrx_word' id='word_1_313' title='bbox 414 2925 525 3005; x_wconf 81' lang='grc' dir='ltr'>ὄρος</span> <span class='ocrx_word' id='word_1_314' title='bbox 568 2925 831 3005; x_wconf 80' lang='grc' dir='ltr'>μαλακὸν,</span> <span class='ocrx_word' id='word_1_315' title='bbox 873 2925 1135 3009; x_wconf 83' lang='grc' dir='ltr'>γεώλοφόν</span> <span class='ocrx_word' id='word_1_316' title='bbox 1176 2950 1232 2986; x_wconf 88' lang='grc' dir='ltr'><strong>τε</strong></span> <span class='ocrx_word' id='word_1_317' title='bbox 1270 2925 1359 2986; x_wconf 83' lang='grc' dir='ltr'><strong>καὶ</strong></span> <span class='ocrx_word' id='word_1_318' title='bbox 1399 2926 1700 3006; x_wconf 81' lang='grc' dir='ltr'>πάμφορον·</span> <span class='ocrx_word' id='word_1_319' title='bbox 1735 2924 1860 2998; x_wconf 77' lang='grc' dir='ltr'>ὕλης</span> 
     </span>
     <span class='ocr_line' id='line_1_41' title="bbox 316 3013 1859 3097; baseline 0 -26"><span class='ocrx_word' id='word_1_320' title='bbox 316 3015 362 3071; x_wconf 81' lang='grc' dir='ltr'><strong>δ’</strong></span> <span class='ocrx_word' id='word_1_321' title='bbox 395 3016 446 3072; x_wconf 83' lang='grc' dir='ltr'><strong>ἐν</strong></span> <span class='ocrx_word' id='word_1_322' title='bbox 477 3017 616 3097; x_wconf 79' lang='grc' dir='ltr'>αὐτῷ</span> <span class='ocrx_word' id='word_1_323' title='bbox 656 3025 761 3074; x_wconf 66' lang='grc' dir='ltr'><strong>πᾶν</strong></span> <span class='ocrx_word' id='word_1_324' title='bbox 791 3013 975 3097; x_wconf 81' lang='grc' dir='ltr'>φύεται</span> <span class='ocrx_word' id='word_1_325' title='bbox 1003 3014 1170 3095; x_wconf 82' lang='grc' dir='ltr'>γε’νος·</span> <span class='ocrx_word' id='word_1_326' title='bbox 1198 3015 1446 3088; x_wconf 85' lang='grc' dir='ltr'>πλείστην</span> <span class='ocrx_word' id='word_1_327' title='bbox 1484 3015 1529 3073; x_wconf 86' lang='grc' dir='ltr'><strong>δ’</strong></span> <span class='ocrx_word' id='word_1_328' title='bbox 1556 3013 1707 3085; x_wconf 81' lang='grc' dir='ltr'>ὄξύην</span> <span class='ocrx_word' id='word_1_329' title='bbox 1752 3014 1859 3093; x_wconf 79' lang='grc' dir='ltr'>ἔχει</span> 
     </span>
     <span class='ocr_line' id='line_1_42' title="bbox 315 3098 1858 3182; baseline 0 -23"><span class='ocrx_word' id='word_1_330' title='bbox 315 3101 408 3159; x_wconf 72' lang='grc' dir='ltr'><strong>καὶ</strong></span> <span class='ocrx_word' id='word_1_331' title='bbox 440 3101 651 3174; x_wconf 87' lang='grc' dir='ltr'>ἐλάτην,</span> <span class='ocrx_word' id='word_1_332' title='bbox 696 3101 1017 3182; x_wconf 80' lang='grc' dir='ltr'>σφένδαμνόν</span> <span class='ocrx_word' id='word_1_333' title='bbox 1054 3126 1113 3161; x_wconf 84' lang='grc' dir='ltr'><strong>τε</strong></span> <span class='ocrx_word' id='word_1_334' title='bbox 1142 3103 1231 3162; x_wconf 75' lang='grc' dir='ltr'><strong>καὶ</strong></span> <span class='ocrx_word' id='word_1_335' title='bbox 1260 3101 1459 3180; x_wconf 83' lang='grc' dir='ltr'>ζυγίαν,</span> <span class='ocrx_word' id='word_1_336' title='bbox 1495 3100 1572 3160; x_wconf 79' lang='grc' dir='ltr'><strong>ἔτι</strong></span> <span class='ocrx_word' id='word_1_337' title='bbox 1607 3098 1659 3158; x_wconf 77' lang='grc' dir='ltr'><strong>δὲ</strong></span> <span class='ocrx_word' id='word_1_338' title='bbox 1690 3100 1858 3159; x_wconf 85' lang='grc' dir='ltr'>κυπά-</span> 
     </span>
     <span class='ocr_line' id='line_1_43' title="bbox 320 3187 1860 3269; baseline 0.002 -25"><span class='ocrx_word' id='word_1_339' title='bbox 320 3211 493 3267; x_wconf 87' lang='grc' dir='ltr'>ρισσον</span> <span class='ocrx_word' id='word_1_340' title='bbox 523 3190 614 3247; x_wconf 77' lang='grc' dir='ltr'><strong>καὶ</strong></span> <span class='ocrx_word' id='word_1_341' title='bbox 653 3188 860 3268; x_wconf 81' lang='grc' dir='ltr'>κέδρον·</span> <span class='ocrx_word' id='word_1_342' title='bbox 887 3188 999 3248; x_wconf 82' lang='grc' dir='ltr'>ἔστι</span> <span class='ocrx_word' id='word_1_343' title='bbox 1035 3189 1079 3247; x_wconf 85' lang='grc' dir='ltr'><strong>δ’</strong></span> <span class='ocrx_word' id='word_1_344' title='bbox 1113 3191 1166 3249; x_wconf 85' lang='grc' dir='ltr'><strong>ἐν</strong></span> <span class='ocrx_word' id='word_1_345' title='bbox 1205 3191 1347 3269; x_wconf 77' lang='grc' dir='ltr'>αὐτῷ</span> <span class='ocrx_word' id='word_1_346' title='bbox 1382 3188 1473 3247; x_wconf 77' lang='grc' dir='ltr'><strong>καὶ</strong></span> <span class='ocrx_word' id='word_1_347' title='bbox 1511 3187 1668 3259; x_wconf 81' lang='grc' dir='ltr'>ἄνθη,</span> <span class='ocrx_word' id='word_1_348' title='bbox 1709 3187 1774 3246; x_wconf 87' lang='grc' dir='ltr'>τά</span> <span class='ocrx_word' id='word_1_349' title='bbox 1803 3210 1860 3247; x_wconf 88' lang='grc' dir='ltr'><strong>τε</strong></span> 
     </span>
     <span class='ocr_line' id='line_1_44' title="bbox 314 3274 1860 3355; baseline 0 -23"><span class='ocrx_word' id='word_1_350' title='bbox 314 3275 475 3354; x_wconf 74' lang='grc' dir='ltr'>ἄγρια</span> <span class='ocrx_word' id='word_1_351' title='bbox 521 3274 814 3351; x_wconf 84' lang='grc' dir='ltr'>καλούμενα</span> <span class='ocrx_word' id='word_1_352' title='bbox 859 3276 1029 3354; x_wconf 83' lang='grc' dir='ltr'>λείρια</span> <span class='ocrx_word' id='word_1_353' title='bbox 1075 3277 1163 3334; x_wconf 88' lang='grc' dir='ltr'><strong>καὶ</strong></span> <span class='ocrx_word' id='word_1_354' title='bbox 1209 3277 1458 3355; x_wconf 79' lang='grc' dir='ltr'>λυχνῖδες.</span> <span class='ocrx_word' id='word_1_355' title='bbox 1546 3274 1606 3352; x_wconf 84' lang='lat' dir='ltr'><strong>(a)</strong></span> <span class='ocrx_word' id='word_1_356' title='bbox 1656 3274 1860 3334; x_wconf 81' lang='grc' dir='ltr'>Γίνεται</span> 
     </span>
     <span class='ocr_line' id='line_1_45' title="bbox 316 3361 1859 3441; baseline -0.001 -22"><span class='ocrx_word' id='word_1_357' title='bbox 316 3361 365 3419; x_wconf 82' lang='grc' dir='ltr'><strong>δ’</strong></span> <span class='ocrx_word' id='word_1_358' title='bbox 416 3363 470 3419; x_wconf 78' lang='grc' dir='ltr'><strong>ἐν</strong></span> <span class='ocrx_word' id='word_1_359' title='bbox 512 3363 655 3439; x_wconf 80' lang='grc' dir='ltr'>αὐτῷ</span> <span class='ocrx_word' id='word_1_360' title='bbox 695 3362 784 3418; x_wconf 67' lang='grc' dir='ltr'><strong>καὶ</strong></span> <span class='ocrx_word' id='word_1_361' title='bbox 828 3363 1018 3439; x_wconf 83' lang='grc' dir='ltr'>βοτάνη</span> <span class='ocrx_word' id='word_1_362' title='bbox 1055 3365 1109 3420; x_wconf 83' lang='grc' dir='ltr'><strong>ἐν</strong></span> <span class='ocrx_word' id='word_1_363' title='bbox 1152 3370 1258 3428; x_wconf 86' lang='grc' dir='ltr'>τοῖς</span> <span class='ocrx_word' id='word_1_364' title='bbox 1306 3361 1592 3441; x_wconf 82' lang='grc' dir='ltr'>χερσώδεσι</span> <span class='ocrx_word' id='word_1_365' title='bbox 1632 3362 1859 3437; x_wconf 87' lang='grc' dir='ltr'>μάλιστα</span> 
     </span>
     <span class='ocr_line' id='line_1_46' title="bbox 318 3447 1860 3531; baseline 0.001 -26"><span class='ocrx_word' id='word_1_366' title='bbox 318 3447 530 3527; x_wconf 81' lang='grc' dir='ltr'>χωρίοις</span> <span class='ocrx_word' id='word_1_367' title='bbox 570 3448 660 3506; x_wconf 75' lang='grc' dir='ltr'><strong>καὶ</strong></span> <span class='ocrx_word' id='word_1_368' title='bbox 703 3449 816 3530; x_wconf 70' lang='grc' dir='ltr'>ῥίζα</span> <span class='ocrx_word' id='word_1_369' title='bbox 856 3449 1064 3531; x_wconf 86' lang='grc' dir='ltr'>δένδρου</span> <span class='ocrx_word' id='word_1_370' title='bbox 1111 3448 1226 3521; x_wconf 73' lang='grc' dir='ltr'>ἥτις</span> <span class='ocrx_word' id='word_1_371' title='bbox 1268 3452 1369 3507; x_wconf 83' lang='grc' dir='ltr'><strong>τῶν</strong></span> <span class='ocrx_word' id='word_1_372' title='bbox 1412 3449 1576 3530; x_wconf 83' lang='grc' dir='ltr'>ὄφεων</span> <span class='ocrx_word' id='word_1_373' title='bbox 1618 3447 1860 3525; x_wconf 80' lang='grc' dir='ltr'>δήγματα</span> 
     </span>
     <span class='ocr_line' id='line_1_47' title="bbox 314 3534 1858 3614; baseline -0.001 -21"><span class='ocrx_word' id='word_1_374' title='bbox 314 3535 463 3593; x_wconf 82' lang='grc' dir='ltr'>δοκεῖ</span> <span class='ocrx_word' id='word_1_375' title='bbox 501 3534 717 3614; x_wconf 71' lang='grc' dir='ltr'>ἀπέχειν</span> <span class='ocrx_word' id='word_1_376' title='bbox 754 3536 1074 3594; x_wconf 86' lang='grc' dir='ltr'>ἐπικίνδυνα·</span> <span class='ocrx_word' id='word_1_377' title='bbox 1106 3535 1221 3603; x_wconf 76' lang='grc' dir='ltr'>τοὺς</span> <span class='ocrx_word' id='word_1_378' title='bbox 1250 3535 1346 3611; x_wconf 74' lang='grc' dir='ltr'><strong>μὲν</strong></span> <span class='ocrx_word' id='word_1_379' title='bbox 1375 3538 1433 3594; x_wconf 82' lang='grc' dir='ltr'><strong>ἐκ</strong></span> <span class='ocrx_word' id='word_1_380' title='bbox 1471 3539 1562 3607; x_wconf 74' lang='grc' dir='ltr'><strong>τῆς</strong></span> <span class='ocrx_word' id='word_1_381' title='bbox 1598 3534 1774 3613; x_wconf 79' lang='grc' dir='ltr'>χώρας</span> <span class='ocrx_word' id='word_1_382' title='bbox 1807 3538 1858 3595; x_wconf 79' lang='grc' dir='ltr'><strong>ἐν</strong></span> 
     </span>
     <span class='ocr_line' id='line_1_48' title="bbox 316 3614 1865 3702; baseline 0.001 -23"><span class='ocrx_word' id='word_1_383' title='bbox 316 3614 357 3699; x_wconf 72' lang='grc' dir='ltr'>ᾗ</span> <span class='ocrx_word' id='word_1_384' title='bbox 378 3621 573 3701; x_wconf 83' lang='grc' dir='ltr'>πέφυκε</span> <span class='ocrx_word' id='word_1_385' title='bbox 600 3627 664 3699; x_wconf 70' lang='grc' dir='ltr'>τῇ</span> <span class='ocrx_word' id='word_1_386' title='bbox 691 3625 828 3702; x_wconf 82' lang='grc' dir='ltr'>ὀσμῇ</span> <span class='ocrx_word' id='word_1_387' title='bbox 849 3621 1053 3702; x_wconf 77' lang='grc' dir='ltr'>μακρὰν</span> <span class='ocrx_word' id='word_1_388' title='bbox 1083 3625 1389 3697; x_wconf 77' lang='grc' dir='ltr'>ἀπελαύνει,</span> <span class='ocrx_word' id='word_1_389' title='bbox 1416 3621 1533 3688; x_wconf 76' lang='grc' dir='ltr'>τοὺς</span> <span class='ocrx_word' id='word_1_390' title='bbox 1560 3624 1605 3681; x_wconf 80' lang='grc' dir='ltr'><strong>δ’</strong></span> <span class='ocrx_word' id='word_1_391' title='bbox 1631 3622 1865 3701; x_wconf 77' lang='grc' dir='ltr'>ἐγγίσαν·</span> 
     </span>
     <span class='ocr_line' id='line_1_49' title="bbox 316 3709 1869 3791; baseline 0.002 -26"><span class='ocrx_word' id='word_1_392' title='bbox 316 3731 412 3775; x_wconf 88' lang='grc' dir='ltr'><strong>τας</strong></span> <span class='ocrx_word' id='word_1_393' title='bbox 454 3710 682 3791; x_wconf 78' lang='grc' dir='ltr'>ἀχρειοῒ,</span> <span class='ocrx_word' id='word_1_394' title='bbox 725 3711 880 3791; x_wconf 83' lang='grc' dir='ltr'>κάρον</span> <span class='ocrx_word' id='word_1_395' title='bbox 922 3710 1290 3791; x_wconf 83' lang='grc' dir='ltr'>καταχέουσα,</span> <span class='ocrx_word' id='word_1_396' title='bbox 1327 3709 1442 3777; x_wconf 83' lang='grc' dir='ltr'>τοὺς</span> <span class='ocrx_word' id='word_1_397' title='bbox 1484 3714 1530 3769; x_wconf 87' lang='grc' dir='ltr'><strong>δ’</strong></span> <span class='ocrx_word' id='word_1_398' title='bbox 1572 3709 1869 3790; x_wconf 80' lang='grc' dir='ltr'>ἁψαμένους</span> 
     </span>
    </p>
   </div>
   <div class='ocr_carea' id='block_1_10' title="bbox 319 3877 1877 5337">
    <p class='ocr_par' dir='ltr' id='par_1_10' title="bbox 319 3877 1877 5337">
     <span class='ocr_line' id='line_1_50' title="bbox 321 3877 1865 3942; baseline -0.002 -12"><span class='ocrx_word' id='word_1_399' title='bbox 321 3878 513 3930; x_wconf 74' lang='lat' dir='ltr'><strong>noeotlae</strong></span> <span class='ocrx_word' id='word_1_400' title='bbox 547 3880 708 3930; x_wconf 84' lang='lat' dir='ltr'><strong>autem</strong></span> <span class='ocrx_word' id='word_1_401' title='bbox 741 3880 1025 3942; x_wconf 82' lang='lat' dir='ltr'><strong>Salganeum</strong></span> <span class='ocrx_word' id='word_1_402' title='bbox 1055 3879 1125 3929; x_wconf 87' lang='lat' dir='ltr'><strong>sic</strong></span> <span class='ocrx_word' id='word_1_403' title='bbox 1159 3881 1352 3942; x_wconf 85' lang='lat' dir='ltr'><strong>repente</strong></span> <span class='ocrx_word' id='word_1_404' title='bbox 1386 3880 1532 3929; x_wconf 84' lang='lat' dir='ltr'><strong>maris</strong></span> <span class='ocrx_word' id='word_1_405' title='bbox 1562 3877 1865 3928; x_wconf 84' lang='lat' dir='ltr'><strong>latitudinem</strong></span> 
     </span>
     <span class='ocr_line' id='line_1_51' title="bbox 319 3946 1868 4011; baseline -0.001 -14"><span class='ocrx_word' id='word_1_406' title='bbox 319 3948 459 4011; x_wconf 75' lang='lat' dir='ltr'><strong>longe</strong></span> <span class='ocrx_word' id='word_1_407' title='bbox 503 3947 832 4011; x_wconf 69' lang='lat' dir='ltr'><strong>prestantibus</strong></span> <span class='ocrx_word' id='word_1_408' title='bbox 868 3950 1116 4011; x_wconf 89' lang='lat' dir='ltr'><strong>utrimque</strong></span> <span class='ocrx_word' id='word_1_409' title='bbox 1154 3949 1251 3999; x_wconf 89' lang='lat' dir='ltr'><strong>oris</strong></span> <span class='ocrx_word' id='word_1_410' title='bbox 1287 3948 1460 4010; x_wconf 87' lang='lat' dir='ltr'><strong>minui,</strong></span> <span class='ocrx_word' id='word_1_411' title='bbox 1501 3950 1558 3998; x_wconf 93' lang='lat' dir='ltr'><strong>ut</strong></span> <span class='ocrx_word' id='word_1_412' title='bbox 1592 3947 1751 3996; x_wconf 78' lang='lat' dir='ltr'><strong>iluxus</strong></span> <span class='ocrx_word' id='word_1_413' title='bbox 1785 3946 1868 3996; x_wconf 90' lang='lat' dir='ltr'><strong>ille</strong></span> 
     </span>
     <span class='ocr_line' id='line_1_52' title="bbox 319 4016 1865 4081; baseline -0.001 -14"><span class='ocrx_word' id='word_1_414' title='bbox 319 4016 681 4080; x_wconf 82' lang='lat' dir='ltr'><strong>quodammodo</strong></span> <span class='ocrx_word' id='word_1_415' title='bbox 703 4018 751 4067; x_wconf 91' lang='lat' dir='ltr'><strong>in</strong></span> <span class='ocrx_word' id='word_1_416' title='bbox 771 4017 890 4067; x_wconf 89' lang='lat' dir='ltr'><strong>duas</strong></span> <span class='ocrx_word' id='word_1_417' title='bbox 920 4017 1011 4067; x_wconf 87' lang='lat' dir='ltr'><strong>sibi</strong></span> <span class='ocrx_word' id='word_1_418' title='bbox 1037 4022 1344 4067; x_wconf 85' lang='lat' dir='ltr'><strong>occurrentes</strong></span> <span class='ocrx_word' id='word_1_419' title='bbox 1372 4022 1529 4081; x_wconf 74' lang='lat' dir='ltr'><strong>partes</strong></span> <span class='ocrx_word' id='word_1_420' title='bbox 1553 4017 1865 4066; x_wconf 82' lang='lat' dir='ltr'><strong>discindatur.</strong></span> 
     </span>
     <span class='ocr_line' id='line_1_53' title="bbox 326 4085 1871 4149; baseline -0.001 -13"><span class='ocrx_word' id='word_1_421' title='bbox 326 4088 410 4136; x_wconf 79' lang='lat' dir='ltr'><strong>llis</strong></span> <span class='ocrx_word' id='word_1_422' title='bbox 442 4086 630 4137; x_wconf 87' lang='lat' dir='ltr'><strong>duabus</strong></span> <span class='ocrx_word' id='word_1_423' title='bbox 646 4087 790 4149; x_wconf 76' lang='lat' dir='ltr'><strong>igitur</strong></span> <span class='ocrx_word' id='word_1_424' title='bbox 817 4087 1032 4149; x_wconf 86' lang='lat' dir='ltr'><strong>partibus</strong></span> <span class='ocrx_word' id='word_1_425' title='bbox 1063 4087 1112 4136; x_wconf 92' lang='lat' dir='ltr'><strong>in</strong></span> <span class='ocrx_word' id='word_1_426' title='bbox 1135 4085 1338 4136; x_wconf 85' lang='lat' dir='ltr'><strong>eundem</strong></span> <span class='ocrx_word' id='word_1_427' title='bbox 1365 4088 1523 4136; x_wconf 86' lang='lat' dir='ltr'><strong>locum</strong></span> <span class='ocrx_word' id='word_1_428' title='bbox 1543 4100 1592 4136; x_wconf 88' lang='lat' dir='ltr'><strong>se</strong></span> <span class='ocrx_word' id='word_1_429' title='bbox 1619 4085 1871 4147; x_wconf 80' lang='lat' dir='ltr'><strong>conjicien-</strong></span> 
     </span>
     <span class='ocr_line' id='line_1_54' title="bbox 324 4155 1871 4217; baseline -0.001 -13"><span class='ocrx_word' id='word_1_430' title='bbox 324 4155 452 4205; x_wconf 82' lang='lat' dir='ltr'><strong>tibus</strong></span> <span class='ocrx_word' id='word_1_431' title='bbox 474 4170 623 4205; x_wconf 89' lang='lat' dir='ltr'><strong>unum</strong></span> <span class='ocrx_word' id='word_1_432' title='bbox 648 4158 820 4206; x_wconf 86' lang='lat' dir='ltr'><strong>iterum</strong></span> <span class='ocrx_word' id='word_1_433' title='bbox 847 4157 1032 4206; x_wconf 78' lang='lat' dir='ltr'><strong>iluxum</strong></span> <span class='ocrx_word' id='word_1_434' title='bbox 1052 4156 1327 4207; x_wconf 81' lang='lat' dir='ltr'><strong>restitutum</strong></span> <span class='ocrx_word' id='word_1_435' title='bbox 1352 4157 1458 4206; x_wconf 77' lang='lat' dir='ltr'><strong>terri</strong></span> <span class='ocrx_word' id='word_1_436' title='bbox 1486 4155 1748 4205; x_wconf 85' lang='lat' dir='ltr'><strong>secundum</strong></span> <span class='ocrx_word' id='word_1_437' title='bbox 1768 4156 1871 4217; x_wconf 84' lang='lat' dir='ltr'><strong>ipsa</strong></span> 
     </span>
     <span class='ocr_line' id='line_1_55' title="bbox 321 4224 1872 4289; baseline -0.002 -15"><span class='ocrx_word' id='word_1_438' title='bbox 321 4229 492 4286; x_wconf 81' lang='lat' dir='ltr'><strong>portus</strong></span> <span class='ocrx_word' id='word_1_439' title='bbox 512 4224 704 4275; x_wconf 80' lang='lat' dir='ltr'><strong>moenia.</strong></span> <span class='ocrx_word' id='word_1_440' title='bbox 734 4245 756 4267; x_wconf 76' lang='grc' dir='ltr'>ο</span> <span class='ocrx_word' id='word_1_441' title='bbox 790 4226 950 4275; x_wconf 79' lang='lat' dir='ltr'><strong>Fultr.</strong></span> <span class='ocrx_word' id='word_1_442' title='bbox 976 4227 1123 4276; x_wconf 76' lang='lat' dir='ltr'><strong>Miror</strong></span> <span class='ocrx_word' id='word_1_443' title='bbox 1150 4228 1393 4289; x_wconf 87' lang='lat' dir='ltr'><strong>Ungerum</strong></span> <span class='ocrx_word' id='word_1_444' title='bbox 1414 4225 1481 4285; x_wconf 92' lang='lat' dir='ltr'><strong>(in</strong></span> <span class='ocrx_word' id='word_1_445' title='bbox 1498 4225 1730 4275; x_wconf 81' lang='lat' dir='ltr'><strong>Paradox.</strong></span> <span class='ocrx_word' id='word_1_446' title='bbox 1750 4224 1872 4272; x_wconf 80' lang='lat' dir='ltr'><strong>Tile-</strong></span> 
     </span>
     <span class='ocr_line' id='line_1_56' title="bbox 322 4294 1869 4359; baseline -0.001 -16"><span class='ocrx_word' id='word_1_447' title='bbox 322 4295 434 4345; x_wconf 83' lang='lat' dir='ltr'><strong>ban.</strong></span> <span class='ocrx_word' id='word_1_448' title='bbox 460 4309 508 4357; x_wconf 86' lang='lat' dir='ltr'><strong>p.</strong></span> <span class='ocrx_word' id='word_1_449' title='bbox 537 4297 678 4359; x_wconf 74' lang='lat'><strong>¹75),</strong></span> <span class='ocrx_word' id='word_1_450' title='bbox 702 4295 786 4358; x_wconf 87' lang='lat' dir='ltr'><strong>qui</strong></span> <span class='ocrx_word' id='word_1_451' title='bbox 806 4295 963 4345; x_wconf 78' lang='lat' dir='ltr'><strong>verbis</strong></span> <span class='ocrx_word' id='word_1_452' title='bbox 979 4297 1060 4345; x_wconf 85' lang='grc' dir='ltr'><strong>τὸν</strong></span> <span class='ocrx_word' id='word_1_453' title='bbox 1086 4297 1179 4345; x_wconf 80' lang='grc' dir='ltr'>ἀπὸ</span> <span class='ocrx_word' id='word_1_454' title='bbox 1195 4301 1280 4345; x_wconf 78' lang='grc' dir='ltr'><strong>τοῦ</strong></span> <span class='ocrx_word' id='word_1_455' title='bbox 1305 4296 1573 4358; x_wconf 78' lang='grc' dir='ltr'>Σαλγανέως</span> <span class='ocrx_word' id='word_1_456' title='bbox 1611 4294 1718 4358; x_wconf 77' lang='grc' dir='ltr'>ῥοῦν</span> <span class='ocrx_word' id='word_1_457' title='bbox 1744 4294 1869 4342; x_wconf 77' lang='lat' dir='ltr'><strong>ellici</strong></span> 
     </span>
     <span class='ocr_line' id='line_1_57' title="bbox 320 4365 1865 4427; baseline -0.001 -15"><span class='ocrx_word' id='word_1_458' title='bbox 320 4368 460 4425; x_wconf 80' lang='lat' dir='ltr'><strong>putat</strong></span> <span class='ocrx_word' id='word_1_459' title='bbox 480 4369 666 4415; x_wconf 81' lang='lat' dir='ltr'><strong>ismeno</strong></span> <span class='ocrx_word' id='word_1_460' title='bbox 686 4368 745 4425; x_wconf 73' lang='lat' dir='ltr'><strong>(P)</strong></span> <span class='ocrx_word' id='word_1_461' title='bbox 767 4366 923 4415; x_wconf 79' lang='lat' dir='ltr'><strong>rivulo</strong></span> <span class='ocrx_word' id='word_1_462' title='bbox 948 4365 1008 4414; x_wconf 83' lang='lat' dir='ltr'><strong>ad</strong></span> <span class='ocrx_word' id='word_1_463' title='bbox 1029 4366 1313 4427; x_wconf 85' lang='lat' dir='ltr'><strong>Salganeum</strong></span> <span class='ocrx_word' id='word_1_464' title='bbox 1333 4365 1381 4413; x_wconf 90' lang='lat' dir='ltr'><strong>in</strong></span> <span class='ocrx_word' id='word_1_465' title='bbox 1406 4376 1540 4413; x_wconf 86' lang='lat' dir='ltr'><strong>mare</strong></span> <span class='ocrx_word' id='word_1_466' title='bbox 1566 4365 1865 4412; x_wconf 81' lang='lat' dir='ltr'><strong>excurrente.</strong></span> 
     </span>
     <span class='ocr_line' id='line_1_58' title="bbox 324 4432 1871 4499; baseline -0.003 -14"><span class='ocrx_word' id='word_1_467' title='bbox 324 4452 351 4476; x_wconf 59' lang='grc' dir='ltr'>α</span> <span class='ocrx_word' id='word_1_468' title='bbox 380 4435 518 4491; x_wconf 86' lang='lat' dir='ltr'><strong>Quod</strong></span> <span class='ocrx_word' id='word_1_469' title='bbox 559 4434 670 4485; x_wconf 86' lang='lat' dir='ltr'><strong>inde</strong></span> <span class='ocrx_word' id='word_1_470' title='bbox 707 4448 737 4484; x_wconf 89' lang='lat' dir='ltr'><strong>a</strong></span> <span class='ocrx_word' id='word_1_471' title='bbox 776 4436 1004 4499; x_wconf 79' lang='lat' dir='ltr'><strong>Salganeo</strong></span> <span class='ocrx_word' id='word_1_472' title='bbox 1046 4436 1243 4486; x_wconf 80' lang='lat' dir='ltr'><strong>Boeotiae</strong></span> <span class='ocrx_word' id='word_1_473' title='bbox 1280 4435 1423 4494; x_wconf 88' lang='lat' dir='ltr'><strong>urbe,</strong></span> <span class='ocrx_word' id='word_1_474' title='bbox 1462 4445 1698 4495; x_wconf 89' lang='lat' dir='ltr'><strong>aquarum</strong></span> <span class='ocrx_word' id='word_1_475' title='bbox 1738 4432 1871 4494; x_wconf 83' lang='lat' dir='ltr'><strong>quasi</strong></span> 
     </span>
     <span class='ocr_line' id='line_1_59' title="bbox 319 4500 1874 4567; baseline -0.001 -16"><span class='ocrx_word' id='word_1_476' title='bbox 319 4503 567 4563; x_wconf 79' lang='lat' dir='ltr'><strong>quoddam</strong></span> <span class='ocrx_word' id='word_1_477' title='bbox 589 4517 761 4566; x_wconf 80' lang='lat' dir='ltr'><strong>agmen</strong></span> <span class='ocrx_word' id='word_1_478' title='bbox 796 4507 928 4554; x_wconf 88' lang='lat' dir='ltr'><strong>recto</strong></span> <span class='ocrx_word' id='word_1_479' title='bbox 970 4508 1132 4554; x_wconf 85' lang='lat' dir='ltr'><strong>meatu</strong></span> <span class='ocrx_word' id='word_1_480' title='bbox 1159 4518 1441 4567; x_wconf 81' lang='lat' dir='ltr'><strong>procurrere</strong></span> <span class='ocrx_word' id='word_1_481' title='bbox 1469 4502 1770 4551; x_wconf 75' lang='lat' dir='ltr'><strong>Dicaearchus</strong></span> <span class='ocrx_word' id='word_1_482' title='bbox 1804 4500 1874 4550; x_wconf 88' lang='lat' dir='ltr'><strong>sic</strong></span> 
     </span>
     <span class='ocr_line' id='line_1_60' title="bbox 320 4572 1874 4637; baseline -0.001 -15"><span class='ocrx_word' id='word_1_483' title='bbox 320 4576 566 4623; x_wconf 69' lang='lat' dir='ltr'><strong>memoriae</strong></span> <span class='ocrx_word' id='word_1_484' title='bbox 603 4574 790 4635; x_wconf 83' lang='lat' dir='ltr'><strong>prodit,</strong></span> <span class='ocrx_word' id='word_1_485' title='bbox 822 4576 878 4624; x_wconf 90' lang='lat' dir='ltr'><strong>ut</strong></span> <span class='ocrx_word' id='word_1_486' title='bbox 914 4574 1116 4624; x_wconf 75' lang='lat' dir='ltr'><strong>adverso</strong></span> <span class='ocrx_word' id='word_1_487' title='bbox 1151 4575 1348 4624; x_wconf 88' lang='lat' dir='ltr'><strong>llumine</strong></span> <span class='ocrx_word' id='word_1_488' title='bbox 1389 4576 1446 4637; x_wconf 69' lang='grc' dir='ltr'><strong>(Ρ)</strong></span> <span class='ocrx_word' id='word_1_489' title='bbox 1476 4572 1584 4623; x_wconf 79' lang='lat' dir='ltr'><strong>ferri</strong></span> <span class='ocrx_word' id='word_1_490' title='bbox 1622 4573 1874 4622; x_wconf 83' lang='lat' dir='ltr'><strong>subnectat</strong></span> 
     </span>
     <span class='ocr_line' id='line_1_61' title="bbox 324 4641 1874 4706; baseline -0.001 -16"><span class='ocrx_word' id='word_1_491' title='bbox 324 4656 454 4691; x_wconf 73' lang='lat' dir='ltr'><strong>utare</strong></span> <span class='ocrx_word' id='word_1_492' title='bbox 472 4641 736 4692; x_wconf 73' lang='lat' dir='ltr'><strong>Euboicum</strong></span> <span class='ocrx_word' id='word_1_493' title='bbox 750 4680 763 4703; x_wconf 89' lang='lat'><strong>,</strong></span> <span class='ocrx_word' id='word_1_494' title='bbox 780 4642 970 4691; x_wconf 78' lang='lat' dir='ltr'><strong>videtur</strong></span> <span class='ocrx_word' id='word_1_495' title='bbox 987 4655 1045 4691; x_wconf 86' lang='lat' dir='ltr'><strong>ea</strong></span> <span class='ocrx_word' id='word_1_496' title='bbox 1064 4654 1115 4692; x_wconf 92' lang='lat' dir='ltr'><strong>re</strong></span> <span class='ocrx_word' id='word_1_497' title='bbox 1136 4643 1253 4692; x_wconf 87' lang='lat' dir='ltr'><strong>satis</strong></span> <span class='ocrx_word' id='word_1_498' title='bbox 1274 4642 1367 4691; x_wconf 89' lang='lat' dir='ltr'><strong>hoc</strong></span> <span class='ocrx_word' id='word_1_499' title='bbox 1393 4643 1680 4706; x_wconf 77' lang='lat' dir='ltr'><strong>explicatum</strong></span> <span class='ocrx_word' id='word_1_500' title='bbox 1705 4654 1807 4690; x_wconf 81' lang='lat' dir='ltr'><strong>esse</strong></span> <span class='ocrx_word' id='word_1_501' title='bbox 1825 4643 1874 4690; x_wconf 92' lang='lat' dir='ltr'><strong>et</strong></span> 
     </span>
     <span class='ocr_line' id='line_1_62' title="bbox 320 4711 1872 4776; baseline 0.001 -17"><span class='ocrx_word' id='word_1_502' title='bbox 320 4715 516 4776; x_wconf 70' lang='lat' dir='ltr'><strong>cognitu</strong></span> <span class='ocrx_word' id='word_1_503' title='bbox 538 4712 705 4773; x_wconf 76' lang='lat' dir='ltr'><strong>facile,</strong></span> <span class='ocrx_word' id='word_1_504' title='bbox 731 4721 762 4763; x_wconf 77' lang='lat' dir='ltr'><strong>a</strong></span> <span class='ocrx_word' id='word_1_505' title='bbox 779 4712 1058 4763; x_wconf 75' lang='lat' dir='ltr'><strong>Dicaearcho</strong></span> <span class='ocrx_word' id='word_1_506' title='bbox 1085 4713 1217 4763; x_wconf 69' lang='lat' dir='ltr'><strong>fluvii</strong></span> <span class='ocrx_word' id='word_1_507' title='bbox 1235 4712 1437 4774; x_wconf 79' lang='lat' dir='ltr'><strong>alicuius</strong></span> <span class='ocrx_word' id='word_1_508' title='bbox 1453 4716 1502 4762; x_wconf 90' lang='lat' dir='ltr'><strong>et</strong></span> <span class='ocrx_word' id='word_1_509' title='bbox 1519 4711 1711 4763; x_wconf 77' lang='lat' dir='ltr'><strong>Boeotici</strong></span> <span class='ocrx_word' id='word_1_510' title='bbox 1737 4724 1872 4760; x_wconf 88' lang='lat' dir='ltr'><strong>meu-</strong></span> 
     </span>
     <span class='ocr_line' id='line_1_63' title="bbox 320 4781 1872 4845; baseline -0.001 -13"><span class='ocrx_word' id='word_1_511' title='bbox 320 4783 514 4845; x_wconf 70' lang='lat' dir='ltr'><strong>tiouem[</strong></span> <span class='ocrx_word' id='word_1_512' title='bbox 547 4781 741 4843; x_wconf 83' lang='lat' dir='ltr'><strong>baberi,</strong></span> <span class='ocrx_word' id='word_1_513' title='bbox 772 4782 912 4842; x_wconf 76' lang='lat' dir='ltr'><strong>cilius</strong></span> <span class='ocrx_word' id='word_1_514' title='bbox 946 4795 1044 4832; x_wconf 90' lang='lat' dir='ltr'><strong>non</strong></span> <span class='ocrx_word' id='word_1_515' title='bbox 1083 4784 1417 4844; x_wconf 72' lang='lat' dir='ltr'><strong>retorqueatur</strong></span> <span class='ocrx_word' id='word_1_516' title='bbox 1456 4795 1685 4832; x_wconf 79' lang='lat' dir='ltr'><strong>excursus</strong></span> <span class='ocrx_word' id='word_1_517' title='bbox 1729 4781 1872 4830; x_wconf 82' lang='lat' dir='ltr'><strong>obvio</strong></span> 
     </span>
     <span class='ocr_line' id='line_1_64' title="bbox 323 4850 1871 4916; baseline -0.001 -15"><span class='ocrx_word' id='word_1_518' title='bbox 323 4854 464 4901; x_wconf 66' lang='lat' dir='ltr'><strong>aestu.</strong></span> <span class='ocrx_word' id='word_1_519' title='bbox 488 4872 513 4895; x_wconf 76' lang='grc' dir='ltr'><strong>ι·</strong></span> <span class='ocrx_word' id='word_1_520' title='bbox 530 4876 595 4888; x_wconf 88' lang='grc'>-</span> <span class='ocrx_word' id='word_1_521' title='bbox 614 4855 693 4901; x_wconf 75' lang='grc'><strong>30.</strong></span> <span class='ocrx_word' id='word_1_522' title='bbox 710 4853 789 4900; x_wconf 78' lang='grc' dir='ltr'><strong>τὸν</strong></span> <span class='ocrx_word' id='word_1_523' title='bbox 807 4850 1029 4915; x_wconf 76' lang='grc' dir='ltr'>ἔμπορον]</span> <span class='ocrx_word' id='word_1_524' title='bbox 1048 4851 1346 4914; x_wconf 53' lang='lat' dir='ltr'><strong>Stephanum</strong></span> <span class='ocrx_word' id='word_1_525' title='bbox 1365 4853 1444 4902; x_wconf 84' lang='grc' dir='ltr'><strong>τὸν</strong></span> <span class='ocrx_word' id='word_1_526' title='bbox 1468 4852 1685 4916; x_wconf 70' lang='grc' dir='ltr'>ἐμπόριον</span> <span class='ocrx_word' id='word_1_527' title='bbox 1703 4851 1871 4900; x_wconf 82' lang='lat' dir='ltr'><strong>codex.</strong></span> 
     </span>
     <span class='ocr_line' id='line_1_65' title="bbox 326 4919 1871 4984; baseline 0.001 -14"><span class='ocrx_word' id='word_1_528' title='bbox 326 4952 385 4963; x_wconf 92' lang='lat'><strong>—-</strong></span> <span class='ocrx_word' id='word_1_529' title='bbox 404 4928 482 4971; x_wconf 75' lang='lat'><strong>21.</strong></span> <span class='ocrx_word' id='word_1_530' title='bbox 511 4919 901 4978; x_wconf 79' lang='grc' dir='ltr'>δουλεύοντες</span> <span class='ocrx_word' id='word_1_531' title='bbox 927 4919 1071 4984; x_wconf 83' lang='grc' dir='ltr'>κτλ.]</span> <span class='ocrx_word' id='word_1_532' title='bbox 1098 4939 1123 4965; x_wconf 69' lang='grc' dir='ltr'>α</span> <span class='ocrx_word' id='word_1_533' title='bbox 1153 4924 1269 4971; x_wconf 71' lang='lat' dir='ltr'><strong>Eam</strong></span> <span class='ocrx_word' id='word_1_534' title='bbox 1302 4922 1621 4971; x_wconf 72' lang='lat' dir='ltr'><strong>conditionem</strong></span> <span class='ocrx_word' id='word_1_535' title='bbox 1646 4920 1871 4972; x_wconf 68' lang='grc' dir='ltr'><strong>1)οὰπεί-</strong></span> 
     </span>
     <span class='ocr_line' id='line_1_66' title="bbox 324 4989 1877 5054; baseline 0 -13"><span class='ocrx_word' id='word_1_536' title='bbox 324 4993 399 5041; x_wconf 74' lang='lat' dir='ltr'><strong>ius</strong></span> <span class='ocrx_word' id='word_1_537' title='bbox 436 4989 497 5041; x_wconf 81' lang='lat' dir='ltr'><strong>de</strong></span> <span class='ocrx_word' id='word_1_538' title='bbox 525 4991 643 5052; x_wconf 71' lang='lat' dir='ltr'><strong>jugo</strong></span> <span class='ocrx_word' id='word_1_539' title='bbox 673 4990 927 5040; x_wconf 77' lang='lat' dir='ltr'><strong>Cassandri</strong></span> <span class='ocrx_word' id='word_1_540' title='bbox 959 4990 1167 5040; x_wconf 86' lang='lat' dir='ltr'><strong>durioris</strong></span> <span class='ocrx_word' id='word_1_541' title='bbox 1206 4991 1387 5041; x_wconf 90' lang='lat' dir='ltr'><strong>domini</strong></span> <span class='ocrx_word' id='word_1_542' title='bbox 1423 5004 1569 5054; x_wconf 86' lang='lat' dir='ltr'><strong>quam</strong></span> <span class='ocrx_word' id='word_1_543' title='bbox 1606 4991 1877 5041; x_wconf 85' lang='lat' dir='ltr'><strong>Demetrius</strong></span> 
     </span>
     <span class='ocr_line' id='line_1_67' title="bbox 328 5054 1875 5124; baseline 0 -13"><span class='ocrx_word' id='word_1_544' title='bbox 328 5062 584 5111; x_wconf 74' lang='lat' dir='ltr'><strong>Phalereus</strong></span> <span class='ocrx_word' id='word_1_545' title='bbox 619 5060 710 5109; x_wconf 77' lang='lat' dir='ltr'><strong>suit</strong></span> <span class='ocrx_word' id='word_1_546' title='bbox 746 5060 1099 5124; x_wconf 62' lang='lat' dir='ltr'><strong>intelligendam</strong></span> <span class='ocrx_word' id='word_1_547' title='bbox 1149 5074 1252 5110; x_wconf 83' lang='lat' dir='ltr'><strong>esse</strong></span> <span class='ocrx_word' id='word_1_548' title='bbox 1295 5064 1344 5111; x_wconf 84' lang='lat' dir='ltr'><strong>et</strong></span> <span class='ocrx_word' id='word_1_549' title='bbox 1383 5062 1711 5111; x_wconf 79' lang='lat' dir='ltr'><strong>choearcbum</strong></span> <span class='ocrx_word' id='word_1_550' title='bbox 1759 5054 1875 5111; x_wconf 80' lang='lat' dir='ltr'><strong>talia</strong></span> 
     </span>
     <span class='ocr_line' id='line_1_68' title="bbox 322 5129 1876 5195; baseline -0.001 -14"><span class='ocrx_word' id='word_1_551' title='bbox 322 5133 536 5195; x_wconf 75' lang='lat' dir='ltr'><strong>proferre</strong></span> <span class='ocrx_word' id='word_1_552' title='bbox 572 5129 807 5194; x_wconf 55' lang='lat' dir='ltr'><strong>pauisse</strong></span> <span class='ocrx_word' id='word_1_553' title='bbox 855 5130 1132 5191; x_wconf 74' lang='lat' dir='ltr'><strong>adnotavit,</strong></span> <span class='ocrx_word' id='word_1_554' title='bbox 1170 5130 1298 5191; x_wconf 89' lang='lat' dir='ltr'><strong>quod</strong></span> <span class='ocrx_word' id='word_1_555' title='bbox 1339 5131 1569 5181; x_wconf 83' lang='lat' dir='ltr'><strong>Demetrii</strong></span> <span class='ocrx_word' id='word_1_556' title='bbox 1605 5134 1749 5181; x_wconf 82' lang='lat' dir='ltr'><strong>aetate</strong></span> <span class='ocrx_word' id='word_1_557' title='bbox 1789 5130 1876 5181; x_wconf 89' lang='lat' dir='ltr'><strong>Di-</strong></span> 
     </span>
     <span class='ocr_line' id='line_1_69' title="bbox 325 5198 1876 5264; baseline 0.001 -17"><span class='ocrx_word' id='word_1_558' title='bbox 325 5201 572 5250; x_wconf 70' lang='lat' dir='ltr'><strong>raearcliea</strong></span> <span class='ocrx_word' id='word_1_559' title='bbox 600 5198 890 5249; x_wconf 82' lang='lat' dir='ltr'><strong>dominantis</strong></span> <span class='ocrx_word' id='word_1_560' title='bbox 929 5199 1347 5250; x_wconf 84' lang='lat' dir='ltr'><strong>mansuetudinem</strong></span> <span class='ocrx_word' id='word_1_561' title='bbox 1385 5215 1444 5251; x_wconf 90' lang='lat' dir='ltr'><strong>ne</strong></span> <span class='ocrx_word' id='word_1_562' title='bbox 1472 5201 1645 5251; x_wconf 83' lang='lat' dir='ltr'><strong>irritari</strong></span> <span class='ocrx_word' id='word_1_563' title='bbox 1684 5199 1876 5264; x_wconf 86' lang='lat' dir='ltr'><strong>quidem</strong></span> 
     </span>
     <span class='ocr_line' id='line_1_70' title="bbox 325 5268 1877 5337; baseline -0.001 -17"><span class='ocrx_word' id='word_1_564' title='bbox 325 5284 465 5337; x_wconf 81' lang='lat' dir='ltr'><strong>posse</strong></span> <span class='ocrx_word' id='word_1_565' title='bbox 482 5269 792 5334; x_wconf 60' lang='lat' dir='ltr'><strong>movisset.</strong></span> <span class='ocrx_word' id='word_1_566' title='bbox 820 5270 1037 5319; x_wconf 74' lang='lat' dir='ltr'><strong>Marxius</strong></span> <span class='ocrx_word' id='word_1_567' title='bbox 1058 5273 1223 5319; x_wconf 87' lang='lat' dir='ltr'><strong>aulem</strong></span> <span class='ocrx_word' id='word_1_568' title='bbox 1245 5270 1349 5319; x_wconf 77' lang='lat' dir='ltr'><strong>liaec</strong></span> <span class='ocrx_word' id='word_1_569' title='bbox 1368 5270 1513 5321; x_wconf 59' lang='lat' dir='ltr'><strong>verba</strong></span> <span class='ocrx_word' id='word_1_570' title='bbox 1537 5268 1599 5320; x_wconf 89' lang='lat' dir='ltr'><strong>ad</strong></span> <span class='ocrx_word' id='word_1_571' title='bbox 1620 5270 1877 5319; x_wconf 74' lang='lat' dir='ltr'><strong>Athenien-</strong></span> 
     </span>
    </p>
   </div>
   <div class='ocr_carea' id='block_1_11' title="bbox 1946 2493 3507 2855">
    <p class='ocr_par' dir='ltr' id='par_1_11' title="bbox 1946 2493 3507 2855">
     <span class='ocr_line' id='line_1_71' title="bbox 2007 2493 3507 2557; baseline -0.003 -13"><span class='ocrx_word' id='word_1_572' title='bbox 2007 2496 2143 2544; x_wconf 82' lang='lat' dir='ltr'><strong>Mons</strong></span> <span class='ocrx_word' id='word_1_573' title='bbox 2167 2493 2351 2554; x_wconf 73' lang='lat' dir='ltr'><strong>PeliuS‚</strong></span> <span class='ocrx_word' id='word_1_574' title='bbox 2376 2496 2539 2542; x_wconf 78' lang='lat' dir='ltr'><strong>vastus</strong></span> <span class='ocrx_word' id='word_1_575' title='bbox 2572 2497 2620 2543; x_wconf 90' lang='lat' dir='ltr'><strong>et</strong></span> <span class='ocrx_word' id='word_1_576' title='bbox 2643 2507 2924 2543; x_wconf 85' lang='lat' dir='ltr'><strong>nemorosus</strong></span> <span class='ocrx_word' id='word_1_577' title='bbox 2939 2529 2953 2553; x_wconf 91' lang='lat'>‚</span> <span class='ocrx_word' id='word_1_578' title='bbox 2975 2497 3048 2543; x_wconf 90' lang='lat' dir='ltr'><strong>tot</strong></span> <span class='ocrx_word' id='word_1_579' title='bbox 3067 2495 3315 2557; x_wconf 75' lang='lat' dir='ltr'><strong>frugiferas</strong></span> <span class='ocrx_word' id='word_1_580' title='bbox 3331 2496 3507 2557; x_wconf 80' lang='lat' dir='ltr'><strong>produ.</strong></span> 
     </span>
     <span class='ocr_line' id='line_1_72' title="bbox 1946 2563 3502 2626; baseline 0.001 -12"><span class='ocrx_word' id='word_1_581' title='bbox 1946 2565 2012 2614; x_wconf 89' lang='lat' dir='ltr'><strong>cit</strong></span> <span class='ocrx_word' id='word_1_582' title='bbox 2028 2566 2222 2614; x_wconf 86' lang='lat' dir='ltr'><strong>arbores</strong></span> <span class='ocrx_word' id='word_1_583' title='bbox 2237 2601 2251 2624; x_wconf 93' lang='lat'><strong>,</strong></span> <span class='ocrx_word' id='word_1_584' title='bbox 2272 2567 2394 2626; x_wconf 90' lang='lat' dir='ltr'><strong>quot</strong></span> <span class='ocrx_word' id='word_1_585' title='bbox 2421 2567 2495 2614; x_wconf 66' lang='lat' dir='ltr'><strong>vel</strong></span> <span class='ocrx_word' id='word_1_586' title='bbox 2519 2563 2568 2615; x_wconf 92' lang='lat' dir='ltr'><strong>in</strong></span> <span class='ocrx_word' id='word_1_587' title='bbox 2586 2568 2730 2616; x_wconf 85' lang='lat' dir='ltr'><strong>terris</strong></span> <span class='ocrx_word' id='word_1_588' title='bbox 2745 2568 2997 2617; x_wconf 88' lang='lat' dir='ltr'><strong>hominum</strong></span> <span class='ocrx_word' id='word_1_589' title='bbox 3019 2568 3209 2618; x_wconf 85' lang='lat' dir='ltr'><strong>assiduo</strong></span> <span class='ocrx_word' id='word_1_590' title='bbox 3232 2568 3396 2618; x_wconf 90' lang='lat' dir='ltr'><strong>labore</strong></span> <span class='ocrx_word' id='word_1_591' title='bbox 3413 2583 3502 2617; x_wconf 67' lang='lat' dir='ltr'><strong>cx·</strong></span> 
     </span>
     <span class='ocr_line' id='line_1_73' title="bbox 1946 2638 3504 2703; baseline 0.002 -15"><span class='ocrx_word' id='word_1_592' title='bbox 1946 2639 2091 2688; x_wconf 88' lang='lat' dir='ltr'><strong>cultis</strong></span> <span class='ocrx_word' id='word_1_593' title='bbox 2137 2638 2385 2702; x_wconf 76' lang='lat' dir='ltr'><strong>provenire</strong></span> <span class='ocrx_word' id='word_1_594' title='bbox 2422 2639 2593 2688; x_wconf 82' lang='lat' dir='ltr'><strong>solent.</strong></span> <span class='ocrx_word' id='word_1_595' title='bbox 2636 2641 2939 2703; x_wconf 82' lang='lat' dir='ltr'><strong>Amplissima</strong></span> <span class='ocrx_word' id='word_1_596' title='bbox 2974 2645 3024 2689; x_wconf 83' lang='lat' dir='ltr'><strong>et</strong></span> <span class='ocrx_word' id='word_1_597' title='bbox 3058 2641 3334 2690; x_wconf 82' lang='lat' dir='ltr'><strong>densissima</strong></span> <span class='ocrx_word' id='word_1_598' title='bbox 3370 2643 3504 2691; x_wconf 77' lang='lat' dir='ltr'><strong>radix</strong></span> 
     </span>
     <span class='ocr_line' id='line_1_74' title="bbox 1948 2710 3502 2776; baseline 0 -14"><span class='ocrx_word' id='word_1_599' title='bbox 1948 2712 2124 2763; x_wconf 82' lang='lat' dir='ltr'><strong>montis</strong></span> <span class='ocrx_word' id='word_1_600' title='bbox 2161 2711 2225 2761; x_wconf 83' lang='lat' dir='ltr'><strong>ab</strong></span> <span class='ocrx_word' id='word_1_601' title='bbox 2261 2710 2384 2761; x_wconf 82' lang='lat' dir='ltr'><strong>urbe</strong></span> <span class='ocrx_word' id='word_1_602' title='bbox 2421 2712 2818 2776; x_wconf 75' lang='lat' dir='ltr'><strong>(Demetriade)</strong></span> <span class='ocrx_word' id='word_1_603' title='bbox 2846 2715 2991 2763; x_wconf 86' lang='lat' dir='ltr'><strong>distat</strong></span> <span class='ocrx_word' id='word_1_604' title='bbox 3028 2713 3193 2764; x_wconf 82' lang='lat' dir='ltr'><strong>stadiis</strong></span> <span class='ocrx_word' id='word_1_605' title='bbox 3223 2715 3432 2776; x_wconf 79' lang='lat' dir='ltr'><strong>septem,</strong></span> <span class='ocrx_word' id='word_1_606' title='bbox 3464 2717 3502 2763; x_wconf 86' lang='lat' dir='ltr'><strong>si</strong></span> 
     </span>
     <span class='ocr_line' id='line_1_75' title="bbox 1947 2786 3496 2855; baseline -0.001 -16"><span class='ocrx_word' id='word_1_607' title='bbox 1947 2787 2244 2839; x_wconf 72' lang='lat' dir='ltr'><strong>maritimum</strong></span> <span class='ocrx_word' id='word_1_608' title='bbox 2283 2786 2375 2835; x_wconf 85' lang='lat' dir='ltr'><strong>iter</strong></span> <span class='ocrx_word' id='word_1_609' title='bbox 2397 2789 2647 2849; x_wconf 77' lang='lat' dir='ltr'><strong>computes</strong></span> <span class='ocrx_word' id='word_1_610' title='bbox 2657 2803 2672 2848; x_wconf 84' lang='lat'>;</span> <span class='ocrx_word' id='word_1_611' title='bbox 2706 2789 2757 2837; x_wconf 90' lang='lat' dir='ltr'><strong>at</strong></span> <span class='ocrx_word' id='word_1_612' title='bbox 2781 2787 2822 2836; x_wconf 89' lang='lat' dir='ltr'><strong>si</strong></span> <span class='ocrx_word' id='word_1_613' title='bbox 2853 2787 3094 2855; x_wconf 77' lang='lat' dir='ltr'><strong>pedestre,</strong></span> <span class='ocrx_word' id='word_1_614' title='bbox 3123 2787 3289 2841; x_wconf 82' lang='lat' dir='ltr'><strong>stadiis</strong></span> <span class='ocrx_word' id='word_1_615' title='bbox 3311 2788 3496 2852; x_wconf 73' lang='lat' dir='ltr'><strong>viginti.</strong></span> 
     </span>
    </p>
   </div>
   <div class='ocr_carea' id='block_1_12' title="bbox 1952 2862 3504 2930">
    <p class='ocr_par' dir='ltr' id='par_1_12' title="bbox 1952 2862 3504 2930">
     <span class='ocr_line' id='line_1_76' title="bbox 1952 2862 3504 2930; baseline 0.001 -16"><span class='ocrx_word' id='word_1_616' title='bbox 1952 2866 2020 2929; x_wconf 84' lang='lat'><strong>(2)</strong></span> <span class='ocrx_word' id='word_1_617' title='bbox 2052 2862 2311 2917; x_wconf 75' lang='lat' dir='ltr'><strong>universus</strong></span> <span class='ocrx_word' id='word_1_618' title='bbox 2333 2873 2471 2917; x_wconf 87' lang='lat' dir='ltr'><strong>mons</strong></span> <span class='ocrx_word' id='word_1_619' title='bbox 2488 2862 2663 2929; x_wconf 82' lang='lat' dir='ltr'><strong>gaudet</strong></span> <span class='ocrx_word' id='word_1_620' title='bbox 2695 2865 2824 2917; x_wconf 82' lang='lat' dir='ltr'><strong>terra</strong></span> <span class='ocrx_word' id='word_1_621' title='bbox 2846 2868 3088 2930; x_wconf 84' lang='lat' dir='ltr'><strong>molliore,</strong></span> <span class='ocrx_word' id='word_1_622' title='bbox 3114 2867 3317 2918; x_wconf 82' lang='lat' dir='ltr'><strong>collibus</strong></span> <span class='ocrx_word' id='word_1_623' title='bbox 3334 2868 3504 2916; x_wconf 76' lang='lat' dir='ltr'><strong>distin-</strong></span> 
     </span>
    </p>
   </div>
   <div class='ocr_carea' id='block_1_13' title="bbox 1949 2945 3508 3780">
    <p class='ocr_par' dir='ltr' id='par_1_13' title="bbox 1949 2945 3508 3780">
     <span class='ocr_line' id='line_1_77' title="bbox 1952 2945 3506 3009; baseline 0.001 -13"><span class='ocrx_word' id='word_1_624' title='bbox 1952 2948 2062 2996; x_wconf 81' lang='lat' dir='ltr'><strong>ctus</strong></span> <span class='ocrx_word' id='word_1_625' title='bbox 2084 2945 2157 2996; x_wconf 83' lang='lat' dir='ltr'><strong>est</strong></span> <span class='ocrx_word' id='word_1_626' title='bbox 2169 2984 2183 3007; x_wconf 90' lang='lat'>‚</span> <span class='ocrx_word' id='word_1_627' title='bbox 2213 2958 2528 3009; x_wconf 76' lang='lat' dir='ltr'><strong>magnamque</strong></span> <span class='ocrx_word' id='word_1_628' title='bbox 2561 2946 2704 2997; x_wconf 81' lang='lat' dir='ltr'><strong>babet</strong></span> <span class='ocrx_word' id='word_1_629' title='bbox 2738 2946 3050 2998; x_wconf 77' lang='lat' dir='ltr'><strong>fertilitatem.</strong></span> <span class='ocrx_word' id='word_1_630' title='bbox 3085 2950 3238 2997; x_wconf 86' lang='lat' dir='ltr'><strong>omne</strong></span> <span class='ocrx_word' id='word_1_631' title='bbox 3279 2946 3506 2997; x_wconf 85' lang='lat' dir='ltr'><strong>arborum</strong></span> 
     </span>
     <span class='ocr_line' id='line_1_78' title="bbox 1951 3019 3506 3085; baseline 0 -16"><span class='ocrx_word' id='word_1_632' title='bbox 1951 3019 2354 3083; x_wconf 79' lang='lat' dir='ltr'><strong>arbustorumque</strong></span> <span class='ocrx_word' id='word_1_633' title='bbox 2373 3034 2521 3082; x_wconf 86' lang='lat' dir='ltr'><strong>genus</strong></span> <span class='ocrx_word' id='word_1_634' title='bbox 2540 3020 2587 3068; x_wconf 87' lang='lat' dir='ltr'><strong>in</strong></span> <span class='ocrx_word' id='word_1_635' title='bbox 2611 3035 2668 3070; x_wconf 89' lang='lat' dir='ltr'><strong>eo</strong></span> <span class='ocrx_word' id='word_1_636' title='bbox 2685 3022 2917 3071; x_wconf 84' lang='lat' dir='ltr'><strong>nascitur.</strong></span> <span class='ocrx_word' id='word_1_637' title='bbox 2937 3022 3180 3085; x_wconf 77' lang='lat' dir='ltr'><strong>Praecipue</strong></span> <span class='ocrx_word' id='word_1_638' title='bbox 3197 3020 3409 3071; x_wconf 85' lang='lat' dir='ltr'><strong>abundat</strong></span> <span class='ocrx_word' id='word_1_639' title='bbox 3426 3033 3506 3069; x_wconf 83' lang='lat' dir='ltr'><strong>ar-</strong></span> 
     </span>
     <span class='ocr_line' id='line_1_79' title="bbox 1950 3097 3505 3161; baseline -0.001 -13"><span class='ocrx_word' id='word_1_640' title='bbox 1950 3097 2068 3148; x_wconf 88' lang='lat' dir='ltr'><strong>bore</strong></span> <span class='ocrx_word' id='word_1_641' title='bbox 2082 3134 2097 3157; x_wconf 84' lang='lat'><strong>,</strong></span> <span class='ocrx_word' id='word_1_642' title='bbox 2120 3110 2267 3160; x_wconf 83' lang='lat' dir='ltr'><strong>quam</strong></span> <span class='ocrx_word' id='word_1_643' title='bbox 2289 3111 2318 3146; x_wconf 86' lang='lat' dir='ltr'><strong>a</strong></span> <span class='ocrx_word' id='word_1_644' title='bbox 2337 3099 2461 3147; x_wconf 80' lang='lat' dir='ltr'><strong>loliis</strong></span> <span class='ocrx_word' id='word_1_645' title='bbox 2477 3098 2678 3160; x_wconf 79' lang='lat' dir='ltr'><strong>spinosis</strong></span> <span class='ocrx_word' id='word_1_646' title='bbox 2699 3112 2873 3160; x_wconf 78' lang='lat' dir='ltr'><strong>oxyam</strong></span> <span class='ocrx_word' id='word_1_647' title='bbox 2896 3100 3230 3160; x_wconf 80' lang='lat' dir='ltr'><strong>(aculeatam)</strong></span> <span class='ocrx_word' id='word_1_648' title='bbox 3250 3111 3406 3161; x_wconf 71' lang='lat' dir='ltr'><strong>grtece</strong></span> <span class='ocrx_word' id='word_1_649' title='bbox 3418 3110 3505 3159; x_wconf 90' lang='lat' dir='ltr'><strong>ap-</strong></span> 
     </span>
     <span class='ocr_line' id='line_1_80' title="bbox 1949 3175 3508 3240; baseline 0.001 -16"><span class='ocrx_word' id='word_1_650' title='bbox 1949 3175 2158 3237; x_wconf 86' lang='lat' dir='ltr'><strong>pellant:</strong></span> <span class='ocrx_word' id='word_1_651' title='bbox 2182 3176 2400 3238; x_wconf 76' lang='lat' dir='ltr'><strong>frequens</strong></span> <span class='ocrx_word' id='word_1_652' title='bbox 2420 3176 2467 3224; x_wconf 90' lang='lat' dir='ltr'><strong>in</strong></span> <span class='ocrx_word' id='word_1_653' title='bbox 2483 3176 2564 3225; x_wconf 89' lang='lat' dir='ltr'><strong>iilo</strong></span> <span class='ocrx_word' id='word_1_654' title='bbox 2581 3176 2710 3227; x_wconf 86' lang='lat' dir='ltr'><strong>abies</strong></span> <span class='ocrx_word' id='word_1_655' title='bbox 2721 3213 2736 3238; x_wconf 86' lang='lat'><strong>,</strong></span> <span class='ocrx_word' id='word_1_656' title='bbox 2755 3190 2882 3238; x_wconf 87' lang='lat' dir='ltr'><strong>acer,</strong></span> <span class='ocrx_word' id='word_1_657' title='bbox 2908 3178 3179 3238; x_wconf 78' lang='lat' dir='ltr'><strong>singillatim</strong></span> <span class='ocrx_word' id='word_1_658' title='bbox 3195 3191 3340 3240; x_wconf 85' lang='lat' dir='ltr'><strong>genus</strong></span> <span class='ocrx_word' id='word_1_659' title='bbox 3357 3178 3508 3226; x_wconf 82' lang='lat' dir='ltr'><strong>aceris</strong></span> 
     </span>
     <span class='ocr_line' id='line_1_81' title="bbox 1950 3253 3505 3317; baseline 0.001 -16"><span class='ocrx_word' id='word_1_660' title='bbox 1950 3265 2061 3315; x_wconf 80' lang='lat' dir='ltr'><strong>quae</strong></span> <span class='ocrx_word' id='word_1_661' title='bbox 2076 3253 2209 3317; x_wconf 80' lang='lat' dir='ltr'><strong>zygia</strong></span> <span class='ocrx_word' id='word_1_662' title='bbox 2225 3256 2442 3313; x_wconf 77' lang='lat' dir='ltr'><strong>vocatur,</strong></span> <span class='ocrx_word' id='word_1_663' title='bbox 2458 3265 2706 3315; x_wconf 59' lang='lat' dir='ltr'><strong>cupressus</strong></span> <span class='ocrx_word' id='word_1_664' title='bbox 2722 3268 2913 3317; x_wconf 87' lang='lat' dir='ltr'><strong>quoqne</strong></span> <span class='ocrx_word' id='word_1_665' title='bbox 2927 3257 2975 3304; x_wconf 91' lang='lat' dir='ltr'><strong>et</strong></span> <span class='ocrx_word' id='word_1_666' title='bbox 2991 3254 3176 3305; x_wconf 76' lang='lat' dir='ltr'><strong>cedrus,</strong></span> <span class='ocrx_word' id='word_1_667' title='bbox 3193 3259 3358 3317; x_wconf 81' lang='lat' dir='ltr'><strong>Neque</strong></span> <span class='ocrx_word' id='word_1_668' title='bbox 3374 3254 3505 3304; x_wconf 80' lang='lat' dir='ltr'><strong>flori·</strong></span> 
     </span>
     <span class='ocr_line' id='line_1_82' title="bbox 1952 3331 3507 3396; baseline 0.001 -15"><span class='ocrx_word' id='word_1_669' title='bbox 1952 3333 2042 3382; x_wconf 86' lang='lat' dir='ltr'><strong>bus</strong></span> <span class='ocrx_word' id='word_1_670' title='bbox 2053 3331 2354 3392; x_wconf 84' lang='lat' dir='ltr'><strong>destituitur;</strong></span> <span class='ocrx_word' id='word_1_671' title='bbox 2371 3331 2516 3381; x_wconf 83' lang='lat' dir='ltr'><strong>babet</strong></span> <span class='ocrx_word' id='word_1_672' title='bbox 2529 3332 2657 3381; x_wconf 89' lang='lat' dir='ltr'><strong>euim</strong></span> <span class='ocrx_word' id='word_1_673' title='bbox 2673 3332 2826 3382; x_wconf 89' lang='lat' dir='ltr'><strong>lilium</strong></span> <span class='ocrx_word' id='word_1_674' title='bbox 2850 3334 3068 3383; x_wconf 73' lang='lat' dir='ltr'><strong>silvestre</strong></span> <span class='ocrx_word' id='word_1_675' title='bbox 3082 3336 3130 3383; x_wconf 89' lang='lat' dir='ltr'><strong>et</strong></span> <span class='ocrx_word' id='word_1_676' title='bbox 3145 3348 3301 3383; x_wconf 85' lang='lat' dir='ltr'><strong>rosam</strong></span> <span class='ocrx_word' id='word_1_677' title='bbox 3319 3335 3507 3396; x_wconf 84' lang='lat' dir='ltr'><strong>lychni-</strong></span> 
     </span>
     <span class='ocr_line' id='line_1_83' title="bbox 1951 3408 3507 3470; baseline 0.001 -12"><span class='ocrx_word' id='word_1_678' title='bbox 1951 3409 2081 3458; x_wconf 87' lang='lat' dir='ltr'><strong>dem.</strong></span> <span class='ocrx_word' id='word_1_679' title='bbox 2106 3411 2172 3470; x_wconf 82' lang='grc'><strong>(3)</strong></span> <span class='ocrx_word' id='word_1_680' title='bbox 2200 3408 2417 3458; x_wconf 78' lang='lat' dir='ltr'><strong>Plantam</strong></span> <span class='ocrx_word' id='word_1_681' title='bbox 2435 3420 2633 3469; x_wconf 89' lang='lat' dir='ltr'><strong>quoque</strong></span> <span class='ocrx_word' id='word_1_682' title='bbox 2654 3410 2740 3459; x_wconf 87' lang='lat' dir='ltr'><strong>alit</strong></span> <span class='ocrx_word' id='word_1_683' title='bbox 2760 3410 2811 3458; x_wconf 93' lang='lat' dir='ltr'><strong>in</strong></span> <span class='ocrx_word' id='word_1_684' title='bbox 2841 3410 2959 3459; x_wconf 83' lang='lat' dir='ltr'><strong>locis</strong></span> <span class='ocrx_word' id='word_1_685' title='bbox 2986 3412 3194 3460; x_wconf 84' lang='lat' dir='ltr'><strong>maxime</strong></span> <span class='ocrx_word' id='word_1_686' title='bbox 3210 3410 3507 3459; x_wconf 75' lang='lat' dir='ltr'><strong>silvestribus</strong></span> 
     </span>
     <span class='ocr_line' id='line_1_84' title="bbox 1953 3482 3507 3548; baseline -0.001 -13"><span class='ocrx_word' id='word_1_687' title='bbox 1953 3491 2154 3548; x_wconf 76' lang='lat' dir='ltr'><strong>ejusque</strong></span> <span class='ocrx_word' id='word_1_688' title='bbox 2174 3484 2360 3535; x_wconf 72' lang='lat' dir='ltr'><strong>fruticis</strong></span> <span class='ocrx_word' id='word_1_689' title='bbox 2386 3482 2626 3546; x_wconf 81' lang='lat' dir='ltr'><strong>radicem,</strong></span> <span class='ocrx_word' id='word_1_690' title='bbox 2654 3497 2765 3546; x_wconf 80' lang='lat' dir='ltr'><strong>quoe</strong></span> <span class='ocrx_word' id='word_1_691' title='bbox 2799 3486 3296 3548; x_wconf 83' lang='lat' dir='ltr'><strong>serpentum&#39;morsus</strong></span> <span class='ocrx_word' id='word_1_692' title='bbox 3318 3486 3507 3548; x_wconf 89' lang='lat' dir='ltr'><strong>pericu-</strong></span> 
     </span>
     <span class='ocr_line' id='line_1_85' title="bbox 1954 3561 3501 3625; baseline -0.001 -13"><span class='ocrx_word' id='word_1_693' title='bbox 1954 3564 2081 3612; x_wconf 81' lang='lat' dir='ltr'><strong>losos</strong></span> <span class='ocrx_word' id='word_1_694' title='bbox 2095 3575 2260 3613; x_wconf 84' lang='lat' dir='ltr'><strong>arcere</strong></span> <span class='ocrx_word' id='word_1_695' title='bbox 2287 3562 2471 3611; x_wconf 71' lang='lat' dir='ltr'><strong>videtur</strong></span> <span class='ocrx_word' id='word_1_696' title='bbox 2487 3578 2502 3623; x_wconf 89' lang='lat'>;</span> <span class='ocrx_word' id='word_1_697' title='bbox 2521 3576 2602 3612; x_wconf 85' lang='lat' dir='ltr'><strong>eos</strong></span> <span class='ocrx_word' id='word_1_698' title='bbox 2624 3562 2754 3611; x_wconf 88' lang='lat' dir='ltr'><strong>enim</strong></span> <span class='ocrx_word' id='word_1_699' title='bbox 2783 3574 2813 3611; x_wconf 88' lang='lat' dir='ltr'><strong>a</strong></span> <span class='ocrx_word' id='word_1_700' title='bbox 2836 3562 2948 3612; x_wconf 86' lang='lat' dir='ltr'><strong>loeo</strong></span> <span class='ocrx_word' id='word_1_701' title='bbox 2965 3561 3015 3612; x_wconf 87' lang='lat' dir='ltr'><strong>in</strong></span> <span class='ocrx_word' id='word_1_702' title='bbox 3037 3575 3136 3625; x_wconf 90' lang='lat' dir='ltr'><strong>quo</strong></span> <span class='ocrx_word' id='word_1_703' title='bbox 3153 3563 3369 3612; x_wconf 83' lang='lat' dir='ltr'><strong>nascitur</strong></span> <span class='ocrx_word' id='word_1_704' title='bbox 3387 3576 3501 3625; x_wconf 89' lang='lat' dir='ltr'><strong>pro-</strong></span> 
     </span>
     <span class='ocr_line' id='line_1_86' title="bbox 1955 3639 3502 3702; baseline 0.001 -14"><span class='ocrx_word' id='word_1_705' title='bbox 1955 3639 2035 3688; x_wconf 91' lang='lat' dir='ltr'><strong>cul</strong></span> <span class='ocrx_word' id='word_1_706' title='bbox 2055 3640 2240 3702; x_wconf 86' lang='lat' dir='ltr'><strong>repellit</strong></span> <span class='ocrx_word' id='word_1_707' title='bbox 2257 3676 2271 3701; x_wconf 90' lang='lat'><strong>,</strong></span> <span class='ocrx_word' id='word_1_708' title='bbox 2291 3639 2725 3702; x_wconf 77' lang='lat' dir='ltr'><strong>appropinquantes</strong></span> <span class='ocrx_word' id='word_1_709' title='bbox 2759 3652 2876 3688; x_wconf 79' lang='lat' dir='ltr'><strong>vero</strong></span> <span class='ocrx_word' id='word_1_710' title='bbox 2895 3639 3025 3688; x_wconf 83' lang='lat' dir='ltr'><strong>omni</strong></span> <span class='ocrx_word' id='word_1_711' title='bbox 3049 3639 3275 3690; x_wconf 76' lang='lat' dir='ltr'><strong>facultate</strong></span> <span class='ocrx_word' id='word_1_712' title='bbox 3297 3639 3502 3689; x_wconf 88' lang='lat' dir='ltr'><strong>nocendi</strong></span> 
     </span>
     <span class='ocr_line' id='line_1_87' title="bbox 1958 3715 3505 3780; baseline -0.001 -13"><span class='ocrx_word' id='word_1_713' title='bbox 1958 3718 2120 3779; x_wconf 87' lang='lat' dir='ltr'><strong>exuit,</strong></span> <span class='ocrx_word' id='word_1_714' title='bbox 2145 3720 2342 3767; x_wconf 79' lang='lat' dir='ltr'><strong>veterno</strong></span> <span class='ocrx_word' id='word_1_715' title='bbox 2361 3716 2585 3779; x_wconf 80' lang='lat' dir='ltr'><strong>induct03</strong></span> <span class='ocrx_word' id='word_1_716' title='bbox 2604 3715 2688 3780; x_wconf 84' lang='lat' dir='ltr'><strong>qui</strong></span> <span class='ocrx_word' id='word_1_717' title='bbox 2713 3716 2955 3779; x_wconf 84' lang='lat' dir='ltr'><strong>attigerint</strong></span> <span class='ocrx_word' id='word_1_718' title='bbox 2973 3716 3178 3778; x_wconf 85' lang='lat' dir='ltr'><strong>denique</strong></span> <span class='ocrx_word' id='word_1_719' title='bbox 3194 3751 3209 3777; x_wconf 87' lang='lat'>‚</span> <span class='ocrx_word' id='word_1_720' title='bbox 3239 3715 3387 3766; x_wconf 86' lang='lat' dir='ltr'><strong>odore</strong></span> <span class='ocrx_word' id='word_1_721' title='bbox 3417 3730 3505 3765; x_wconf 87' lang='lat' dir='ltr'><strong>suo</strong></span> 
     </span>
    </p>
   </div>
   <div class='ocr_carea' id='block_1_14' title="bbox 1956 3876 3510 4359">
    <p class='ocr_par' dir='ltr' id='par_1_14' title="bbox 1956 3876 3510 4359">
     <span class='ocr_line' id='line_1_88' title="bbox 1956 3876 3505 3939; baseline -0.001 -13"><span class='ocrx_word' id='word_1_722' title='bbox 1956 3877 2081 3926; x_wconf 90' lang='lat' dir='ltr'><strong>sium</strong></span> <span class='ocrx_word' id='word_1_723' title='bbox 2101 3876 2475 3927; x_wconf 83' lang='lat' dir='ltr'><strong>dominationem</strong></span> <span class='ocrx_word' id='word_1_724' title='bbox 2489 3912 2504 3938; x_wconf 88' lang='lat'><strong>,</strong></span> <span class='ocrx_word' id='word_1_725' title='bbox 2534 3877 2709 3939; x_wconf 84' lang='lat' dir='ltr'><strong>quibus</strong></span> <span class='ocrx_word' id='word_1_726' title='bbox 2725 3877 2916 3927; x_wconf 84' lang='lat' dir='ltr'><strong>Chalcis</strong></span> <span class='ocrx_word' id='word_1_727' title='bbox 2932 3878 3165 3939; x_wconf 80' lang='lat' dir='ltr'><strong>paruisset</strong></span> <span class='ocrx_word' id='word_1_728' title='bbox 3184 3876 3202 3937; x_wconf 90' lang='lat'><strong>(</strong></span> <span class='ocrx_word' id='word_1_729' title='bbox 3218 3877 3329 3926; x_wconf 89' lang='lat' dir='ltr'><strong>coll.</strong></span> <span class='ocrx_word' id='word_1_730' title='bbox 3349 3876 3505 3926; x_wconf 77' lang='lat' dir='ltr'><strong>Tbuc,</strong></span> 
     </span>
     <span class='ocr_line' id='line_1_89' title="bbox 1963 3945 3510 4010; baseline -0.003 -13"><span class='ocrx_word' id='word_1_731' title='bbox 1963 3951 2109 4007; x_wconf 69' lang='lat' dir='ltr'><strong>Vlll,</strong></span> <span class='ocrx_word' id='word_1_732' title='bbox 2133 3950 2193 3995; x_wconf 75' lang='lat'><strong>95</strong></span> <span class='ocrx_word' id='word_1_733' title='bbox 2215 3946 2232 4006; x_wconf 94' lang='lat'><strong>)</strong></span> <span class='ocrx_word' id='word_1_734' title='bbox 2252 3982 2268 4005; x_wconf 83' lang='lat'>‚</span> <span class='ocrx_word' id='word_1_735' title='bbox 2305 3947 2379 3995; x_wconf 72' lang='lat' dir='ltr'><strong>vei</strong></span> <span class='ocrx_word' id='word_1_736' title='bbox 2399 3984 2413 4006; x_wconf 88' lang='lat'>‚</span> <span class='ocrx_word' id='word_1_737' title='bbox 2443 3947 2490 3995; x_wconf 90' lang='lat' dir='ltr'><strong>id</strong></span> <span class='ocrx_word' id='word_1_738' title='bbox 2524 3946 2656 4009; x_wconf 90' lang='lat' dir='ltr'><strong>quod</strong></span> <span class='ocrx_word' id='word_1_739' title='bbox 2687 3946 2982 4010; x_wconf 86' lang='lat' dir='ltr'><strong>probabilius</strong></span> <span class='ocrx_word' id='word_1_740' title='bbox 3015 3948 3163 4006; x_wconf 84' lang='lat' dir='ltr'><strong>esset,</strong></span> <span class='ocrx_word' id='word_1_741' title='bbox 3187 3945 3249 3994; x_wconf 86' lang='lat' dir='ltr'><strong>ad</strong></span> <span class='ocrx_word' id='word_1_742' title='bbox 3279 3945 3428 3995; x_wconf 82' lang='lat' dir='ltr'><strong>Phoxi</strong></span> <span class='ocrx_word' id='word_1_743' title='bbox 3460 3948 3510 3993; x_wconf 91' lang='lat' dir='ltr'><strong>et</strong></span> 
     </span>
     <span class='ocr_line' id='line_1_90' title="bbox 1960 4015 3500 4077; baseline -0.003 -12"><span class='ocrx_word' id='word_1_744' title='bbox 1960 4016 2246 4065; x_wconf 83' lang='lat' dir='ltr'><strong>Antileontis</strong></span> <span class='ocrx_word' id='word_1_745' title='bbox 2273 4015 2594 4077; x_wconf 68' lang='lat' dir='ltr'><strong>tyrannidem,</strong></span> <span class='ocrx_word' id='word_1_746' title='bbox 2624 4016 2765 4077; x_wconf 83' lang='lat' dir='ltr'><strong>cujus</strong></span> <span class='ocrx_word' id='word_1_747' title='bbox 2797 4016 3061 4067; x_wconf 76' lang='lat' dir='ltr'><strong>Aristotelis</strong></span> <span class='ocrx_word' id='word_1_748' title='bbox 3089 4015 3231 4064; x_wconf 86' lang='lat' dir='ltr'><strong>Polit.</strong></span> <span class='ocrx_word' id='word_1_749' title='bbox 3258 4018 3316 4075; x_wconf 77' lang='lat' dir='ltr'><strong>V,</strong></span> <span class='ocrx_word' id='word_1_750' title='bbox 3353 4021 3380 4063; x_wconf 79' lang='lat'>3</span> <span class='ocrx_word' id='word_1_751' title='bbox 3401 4049 3416 4073; x_wconf 86' lang='lat'><strong>,</strong></span> <span class='ocrx_word' id='word_1_752' title='bbox 3446 4020 3500 4062; x_wconf 78' lang='lat'><strong>12</strong></span> 
     </span>
     <span class='ocr_line' id='line_1_91' title="bbox 1958 4084 3503 4148; baseline -0.003 -13"><span class='ocrx_word' id='word_1_753' title='bbox 1958 4086 2249 4136; x_wconf 86' lang='lat' dir='ltr'><strong>mentionem</strong></span> <span class='ocrx_word' id='word_1_754' title='bbox 2287 4088 2490 4148; x_wconf 82' lang='lat' dir='ltr'><strong>faceret,</strong></span> <span class='ocrx_word' id='word_1_755' title='bbox 2528 4086 2775 4137; x_wconf 82' lang='lat' dir='ltr'><strong>reserenda</strong></span> <span class='ocrx_word' id='word_1_756' title='bbox 2805 4099 2905 4135; x_wconf 81' lang='lat' dir='ltr'><strong>esse</strong></span> <span class='ocrx_word' id='word_1_757' title='bbox 2936 4084 3245 4134; x_wconf 72' lang='lat' dir='ltr'><strong>existimavit.</strong></span> <span class='ocrx_word' id='word_1_758' title='bbox 3279 4104 3303 4128; x_wconf 69' lang='lat' dir='ltr'>n</span> <span class='ocrx_word' id='word_1_759' title='bbox 3343 4084 3503 4133; x_wconf 74' lang='lat' dir='ltr'><strong>Faltr.</strong></span> 
     </span>
     <span class='ocr_line' id='line_1_92' title="bbox 1957 4152 3507 4220; baseline -0.003 -15"><span class='ocrx_word' id='word_1_760' title='bbox 1957 4170 2005 4218; x_wconf 87' lang='lat' dir='ltr'><strong>p.</strong></span> <span class='ocrx_word' id='word_1_761' title='bbox 2034 4161 2137 4206; x_wconf 80' lang='grc'><strong>363.</strong></span> <span class='ocrx_word' id='word_1_762' title='bbox 2160 4182 2223 4193; x_wconf 96' lang='grc'>-</span> <span class='ocrx_word' id='word_1_763' title='bbox 2241 4156 2370 4205; x_wconf 85' lang='grc' dir='ltr'>ὄντε</span> <span class='ocrx_word' id='word_1_764' title='bbox 2385 4155 2442 4220; x_wconf 87' lang='grc' dir='ltr'><strong>ς]</strong></span> <span class='ocrx_word' id='word_1_765' title='bbox 2467 4158 2672 4218; x_wconf 79' lang='grc' dir='ltr'>μένοντες</span> <span class='ocrx_word' id='word_1_766' title='bbox 2690 4155 2815 4215; x_wconf 72' lang='lat' dir='ltr'><strong>conj.</strong></span> <span class='ocrx_word' id='word_1_767' title='bbox 2839 4158 2995 4204; x_wconf 74' lang='lat' dir='ltr'><strong>Marx.</strong></span> <span class='ocrx_word' id='word_1_768' title='bbox 3015 4180 3080 4190; x_wconf 90' lang='lat'>—</span> <span class='ocrx_word' id='word_1_769' title='bbox 3100 4155 3230 4203; x_wconf 78' lang='grc' dir='ltr'>ἐστὶ</span> <span class='ocrx_word' id='word_1_770' title='bbox 3268 4152 3507 4216; x_wconf 74' lang='grc' dir='ltr'>χαλκὶς]</span> 
     </span>
     <span class='ocr_line' id='line_1_93' title="bbox 1959 4223 3507 4289; baseline -0.003 -14"><span class='ocrx_word' id='word_1_771' title='bbox 1959 4226 2219 4276; x_wconf 77' lang='lat' dir='ltr'><strong>Meiuekius</strong></span> <span class='ocrx_word' id='word_1_772' title='bbox 2234 4229 2386 4289; x_wconf 67' lang='grc' dir='ltr'>,ἐστὶν</span> <span class='ocrx_word' id='word_1_773' title='bbox 2405 4230 2436 4285; x_wconf 75' lang='grc' dir='ltr'>ἡ</span> <span class='ocrx_word' id='word_1_774' title='bbox 2456 4230 2519 4275; x_wconf 79' lang='lat' dir='ltr'><strong>x.</strong></span> <span class='ocrx_word' id='word_1_775' title='bbox 2549 4227 2718 4276; x_wconf 78' lang='lat' dir='ltr'><strong>codex.</strong></span> <span class='ocrx_word' id='word_1_776' title='bbox 2733 4224 2958 4288; x_wconf 86' lang='lat' dir='ltr'><strong>Sequitur</strong></span> <span class='ocrx_word' id='word_1_777' title='bbox 2973 4226 3019 4273; x_wconf 92' lang='lat' dir='ltr'><strong>in</strong></span> <span class='ocrx_word' id='word_1_778' title='bbox 3037 4223 3147 4273; x_wconf 77' lang='lat' dir='ltr'><strong>eod.</strong></span> <span class='ocrx_word' id='word_1_779' title='bbox 3171 4224 3318 4273; x_wconf 83' lang='lat' dir='ltr'><strong>Paris.</strong></span> <span class='ocrx_word' id='word_1_780' title='bbox 3340 4225 3405 4273; x_wconf 56' lang='grc' dir='ltr'><strong>Ψ</strong></span> <span class='ocrx_word' id='word_1_781' title='bbox 3419 4227 3507 4272; x_wconf 70' lang='grc'><strong>443</strong></span> 
     </span>
     <span class='ocr_line' id='line_1_94' title="bbox 1958 4297 2577 4359; baseline 0.002 -16"><span class='ocrx_word' id='word_1_782' title='bbox 1958 4297 2120 4358; x_wconf 84' lang='lat' dir='ltr'><strong>suppl.</strong></span> <span class='ocrx_word' id='word_1_783' title='bbox 2155 4297 2472 4359; x_wconf 76' lang='lat' dir='ltr'><strong>fragmentum</strong></span> <span class='ocrx_word' id='word_1_784' title='bbox 2500 4303 2577 4345; x_wconf 81' lang='grc'><strong>61.</strong></span> 
     </span>
    </p>
   </div>
   <div class='ocr_carea' id='block_1_15' title="bbox 2690 4404 2778 4454">
    <p class='ocr_par' dir='ltr' id='par_1_15' title="bbox 2690 4404 2778 4454">
     <span class='ocr_line' id='line_1_95' title="bbox 2690 4404 2778 4454; baseline 0 0"><span class='ocrx_word' id='word_1_785' title='bbox 2690 4404 2778 4454; x_wconf 83' lang='grc'><strong>60.</strong></span> 
     </span>
    </p>
   </div>
   <div class='ocr_carea' id='block_1_16' title="bbox 1957 4502 3514 5338">
    <p class='ocr_par' dir='ltr' id='par_1_16' title="bbox 1957 4502 3514 5338">
     <span class='ocr_line' id='line_1_96' title="bbox 2019 4502 3510 4564; baseline -0.001 -12"><span class='ocrx_word' id='word_1_786' title='bbox 2019 4504 2208 4554; x_wconf 85' lang='lat' dir='ltr'><strong>Titulus</strong></span> <span class='ocrx_word' id='word_1_787' title='bbox 2229 4505 2277 4554; x_wconf 91' lang='lat' dir='ltr'><strong>in</strong></span> <span class='ocrx_word' id='word_1_788' title='bbox 2301 4504 2409 4554; x_wconf 86' lang='lat' dir='ltr'><strong>cod.</strong></span> <span class='ocrx_word' id='word_1_789' title='bbox 2435 4504 2581 4554; x_wconf 86' lang='lat' dir='ltr'><strong>Paris.</strong></span> <span class='ocrx_word' id='word_1_790' title='bbox 2615 4504 2778 4553; x_wconf 89' lang='lat' dir='ltr'><strong>nullus</strong></span> <span class='ocrx_word' id='word_1_791' title='bbox 2795 4504 2886 4555; x_wconf 66' lang='lat' dir='ltr'><strong>est.</strong></span> <span class='ocrx_word' id='word_1_792' title='bbox 2909 4506 2963 4552; x_wconf 88' lang='lat' dir='ltr'><strong>ln</strong></span> <span class='ocrx_word' id='word_1_793' title='bbox 2994 4502 3269 4564; x_wconf 76' lang='lat' dir='ltr'><strong>apographo</strong></span> <span class='ocrx_word' id='word_1_794' title='bbox 3289 4503 3510 4554; x_wconf 81' lang='lat' dir='ltr'><strong>Gudiano</strong></span> 
     </span>
     <span class='ocr_line' id='line_1_97' title="bbox 1958 4572 3510 4637; baseline 0.001 -15"><span class='ocrx_word' id='word_1_795' title='bbox 1958 4574 2200 4636; x_wconf 84' lang='lat' dir='ltr'><strong>in-criptio</strong></span> <span class='ocrx_word' id='word_1_796' title='bbox 2213 4588 2273 4624; x_wconf 84' lang='lat' dir='ltr'><strong>ex</strong></span> <span class='ocrx_word' id='word_1_797' title='bbox 2293 4577 2575 4637; x_wconf 83' lang='lat' dir='ltr'><strong>argumento</strong></span> <span class='ocrx_word' id='word_1_798' title='bbox 2589 4573 2829 4635; x_wconf 77' lang='lat' dir='ltr'><strong>iragminis</strong></span> <span class='ocrx_word' id='word_1_799' title='bbox 2848 4573 2995 4634; x_wconf 82' lang='lat' dir='ltr'><strong>petita</strong></span> <span class='ocrx_word' id='word_1_800' title='bbox 3007 4574 3082 4622; x_wconf 81' lang='lat' dir='ltr'><strong>est</strong></span> <span class='ocrx_word' id='word_1_801' title='bbox 3098 4572 3204 4622; x_wconf 75' lang='lat' dir='ltr'><strong>iioec</strong></span> <span class='ocrx_word' id='word_1_802' title='bbox 3223 4591 3237 4623; x_wconf 72' lang='lat' dir='ltr'><em>z</em></span> <span class='ocrx_word' id='word_1_803' title='bbox 3258 4572 3510 4635; x_wconf 78' lang='grc' dir='ltr'>Ἀναγραφή</span> 
     </span>
     <span class='ocr_line' id='line_1_98' title="bbox 1957 4642 3508 4708; baseline -0.001 -15"><span class='ocrx_word' id='word_1_804' title='bbox 1957 4649 2041 4693; x_wconf 83' lang='grc' dir='ltr'><strong>τοῦ</strong></span> <span class='ocrx_word' id='word_1_805' title='bbox 2063 4644 2238 4703; x_wconf 79' lang='grc' dir='ltr'>Πηλίου</span> <span class='ocrx_word' id='word_1_806' title='bbox 2261 4645 2409 4708; x_wconf 78' lang='grc' dir='ltr'>ὄρους.</span> <span class='ocrx_word' id='word_1_807' title='bbox 2430 4673 2492 4685; x_wconf 89' lang='lat'><em>-</em></span> <span class='ocrx_word' id='word_1_808' title='bbox 2510 4642 2825 4707; x_wconf 78' lang='grc' dir='ltr'>δὲνδραέχον]</span> <span class='ocrx_word' id='word_1_809' title='bbox 2844 4644 2888 4692; x_wconf 83' lang='grc' dir='ltr'><strong>δ.</strong></span> <span class='ocrx_word' id='word_1_810' title='bbox 2907 4642 3029 4706; x_wconf 74' lang='grc' dir='ltr'>ἔχων</span> <span class='ocrx_word' id='word_1_811' title='bbox 3048 4642 3237 4693; x_wconf 78' lang='lat' dir='ltr'><strong>cod.—-</strong></span> <span class='ocrx_word' id='word_1_812' title='bbox 3257 4642 3508 4707; x_wconf 79' lang='grc' dir='ltr'>πόλεως]</span> 
     </span>
     <span class='ocr_line' id='line_1_99' title="bbox 1957 4712 3510 4775; baseline -0.001 -13"><span class='ocrx_word' id='word_1_813' title='bbox 1957 4726 2027 4762; x_wconf 85' lang='lat' dir='ltr'><strong>sc.</strong></span> <span class='ocrx_word' id='word_1_814' title='bbox 2054 4727 2084 4762; x_wconf 85' lang='lat' dir='ltr'><strong>a</strong></span> <span class='ocrx_word' id='word_1_815' title='bbox 2102 4713 2404 4763; x_wconf 85' lang='lat' dir='ltr'><strong>Demetriade</strong></span> <span class='ocrx_word' id='word_1_816' title='bbox 2420 4714 2564 4773; x_wconf 84' lang='lat' dir='ltr'><strong>urbe,</strong></span> <span class='ocrx_word' id='word_1_817' title='bbox 2583 4713 2644 4762; x_wconf 90' lang='lat' dir='ltr'><strong>de</strong></span> <span class='ocrx_word' id='word_1_818' title='bbox 2657 4714 2816 4775; x_wconf 88' lang='lat' dir='ltr'><strong>quain</strong></span> <span class='ocrx_word' id='word_1_819' title='bbox 2836 4712 3225 4762; x_wconf 83' lang='lat' dir='ltr'><strong>antecedentibus</strong></span> <span class='ocrx_word' id='word_1_820' title='bbox 3242 4725 3510 4762; x_wconf 83' lang='lat' dir='ltr'><strong>sermonem</strong></span> 
     </span>
     <span class='ocr_line' id='line_1_100' title="bbox 1960 4778 3512 4846; baseline 0 -14"><span class='ocrx_word' id='word_1_821' title='bbox 1960 4782 2105 4832; x_wconf 77' lang='lat' dir='ltr'><strong>fuisse</strong></span> <span class='ocrx_word' id='word_1_822' title='bbox 2147 4786 2278 4845; x_wconf 86' lang='lat' dir='ltr'><strong>patet</strong></span> <span class='ocrx_word' id='word_1_823' title='bbox 2298 4796 2325 4833; x_wconf 89' lang='lat' dir='ltr'><strong>e</strong></span> <span class='ocrx_word' id='word_1_824' title='bbox 2347 4782 2440 4832; x_wconf 82' lang='lat' dir='ltr'><strong>fine</strong></span> <span class='ocrx_word' id='word_1_825' title='bbox 2474 4782 2746 4845; x_wconf 75' lang='lat' dir='ltr'><strong>fragmenti.</strong></span> <span class='ocrx_word' id='word_1_826' title='bbox 2776 4809 2841 4819; x_wconf 90' lang='lat'>—</span> <span class='ocrx_word' id='word_1_827' title='bbox 2873 4788 2900 4831; x_wconf 81' lang='lat'><em>2</em></span> <span class='ocrx_word' id='word_1_828' title='bbox 2929 4782 3075 4846; x_wconf 78' lang='grc' dir='ltr'>ὕλης]</span> <span class='ocrx_word' id='word_1_829' title='bbox 3098 4784 3186 4841; x_wconf 72' lang='grc' dir='ltr'><strong>ὒλὴ</strong></span> <span class='ocrx_word' id='word_1_830' title='bbox 3217 4781 3426 4832; x_wconf 84' lang='lat' dir='ltr'><strong>Gudian.</strong></span> <span class='ocrx_word' id='word_1_831' title='bbox 3448 4778 3512 4824; x_wconf 78' lang='lat'><strong>·—&#39;</strong></span> 
     </span>
     <span class='ocr_line' id='line_1_101' title="bbox 1960 4852 3512 4917; baseline -0.001 -15"><span class='ocrx_word' id='word_1_832' title='bbox 1960 4852 2346 4917; x_wconf 78' lang='grc' dir='ltr'>σφὲνδαμνον]</span> <span class='ocrx_word' id='word_1_833' title='bbox 2363 4852 2598 4915; x_wconf 75' lang='grc' dir='ltr'>σφέδαμον</span> <span class='ocrx_word' id='word_1_834' title='bbox 2616 4853 2725 4902; x_wconf 85' lang='lat' dir='ltr'><strong>cod.</strong></span> <span class='ocrx_word' id='word_1_835' title='bbox 2745 4852 2893 4903; x_wconf 79' lang='lat' dir='ltr'><strong>Paris.</strong></span> <span class='ocrx_word' id='word_1_836' title='bbox 2914 4878 2978 4888; x_wconf 93' lang='lat'>—</span> <span class='ocrx_word' id='word_1_837' title='bbox 2997 4860 3042 4903; x_wconf 76' lang='lat'><strong>3.</strong></span> <span class='ocrx_word' id='word_1_838' title='bbox 3065 4855 3095 4916; x_wconf 85' lang='grc' dir='ltr'>β</span> <span class='ocrx_word' id='word_1_839' title='bbox 3110 4852 3288 4911; x_wconf 82' lang='grc' dir='ltr'>οτάνη</span> <span class='ocrx_word' id='word_1_840' title='bbox 3307 4852 3324 4916; x_wconf 96' lang='grc'>]</span> <span class='ocrx_word' id='word_1_841' title='bbox 3343 4853 3512 4915; x_wconf 54' lang='lat' dir='ltr'><strong>zap&amp;-</strong></span> 
     </span>
     <span class='ocr_line' id='line_1_102' title="bbox 1958 4922 3509 4986; baseline 0.001 -15"><span class='ocrx_word' id='word_1_842' title='bbox 1958 4940 2056 4971; x_wconf 86' lang='grc' dir='ltr'>νιον</span> <span class='ocrx_word' id='word_1_843' title='bbox 2081 4923 2347 4985; x_wconf 83' lang='lat' dir='ltr'><strong>appellatur</strong></span> <span class='ocrx_word' id='word_1_844' title='bbox 2377 4935 2455 4984; x_wconf 88' lang='lat' dir='ltr'><strong>ap.</strong></span> <span class='ocrx_word' id='word_1_845' title='bbox 2475 4922 2795 4986; x_wconf 78' lang='lat' dir='ltr'><strong>Theophrast.</strong></span> <span class='ocrx_word' id='word_1_846' title='bbox 2825 4926 2884 4972; x_wconf 81' lang='lat' dir='ltr'><strong>ll.</strong></span> <span class='ocrx_word' id='word_1_847' title='bbox 2907 4924 2976 4972; x_wconf 87' lang='lat' dir='ltr'><strong>Pl.</strong></span> <span class='ocrx_word' id='word_1_848' title='bbox 3011 4926 3061 4971; x_wconf 87' lang='lat' dir='ltr'><strong>et</strong></span> <span class='ocrx_word' id='word_1_849' title='bbox 3082 4924 3299 4973; x_wconf 83' lang='lat' dir='ltr'><strong>Dioscor.</strong></span> <span class='ocrx_word' id='word_1_850' title='bbox 3331 4926 3398 4972; x_wconf 85' lang='grc' dir='ltr'><strong>ΙΙΙ</strong></span> <span class='ocrx_word' id='word_1_851' title='bbox 3415 4959 3430 4983; x_wconf 89' lang='grc'>,</span> <span class='ocrx_word' id='word_1_852' title='bbox 3453 4927 3509 4972; x_wconf 69' lang='grc'><strong>57</strong></span> 
     </span>
     <span class='ocr_line' id='line_1_103' title="bbox 1960 4991 3510 5057; baseline 0 -16"><span class='ocrx_word' id='word_1_853' title='bbox 1960 4996 2010 5041; x_wconf 87' lang='lat' dir='ltr'><strong>et</strong></span> <span class='ocrx_word' id='word_1_854' title='bbox 2033 4991 2321 5042; x_wconf 77' lang='lat' dir='ltr'><strong>Nicandrum</strong></span> <span class='ocrx_word' id='word_1_855' title='bbox 2348 4992 2492 5043; x_wconf 81' lang='lat' dir='ltr'><strong>Ther.</strong></span> <span class='ocrx_word' id='word_1_856' title='bbox 2519 4997 2631 5043; x_wconf 70' lang='lat'><strong>505.</strong></span> <span class='ocrx_word' id='word_1_857' title='bbox 2656 5022 2718 5034; x_wconf 89' lang='lat'><em>-</em></span> <span class='ocrx_word' id='word_1_858' title='bbox 2743 4994 2844 5057; x_wconf 75' lang='grc' dir='ltr'>ῥίζα</span> <span class='ocrx_word' id='word_1_859' title='bbox 2862 4994 3046 5057; x_wconf 75' lang='grc' dir='ltr'>δένδρου</span> <span class='ocrx_word' id='word_1_860' title='bbox 3068 4992 3150 5057; x_wconf 79' lang='grc' dir='ltr'><strong>]ῤ.</strong></span> <span class='ocrx_word' id='word_1_861' title='bbox 3170 4993 3212 5042; x_wconf 81' lang='grc' dir='ltr'><strong>δ’</strong></span> <span class='ocrx_word' id='word_1_862' title='bbox 3241 4994 3383 5055; x_wconf 73' lang='grc' dir='ltr'>ἠδρου</span> <span class='ocrx_word' id='word_1_863' title='bbox 3406 4994 3510 5041; x_wconf 88' lang='lat' dir='ltr'><strong>Gu-</strong></span> 
     </span>
     <span class='ocr_line' id='line_1_104' title="bbox 1960 5059 3511 5125; baseline 0.001 -15"><span class='ocrx_word' id='word_1_864' title='bbox 1960 5059 2089 5110; x_wconf 86' lang='lat' dir='ltr'><strong>dian.</strong></span> <span class='ocrx_word' id='word_1_865' title='bbox 2104 5078 2118 5121; x_wconf 78' lang='lat'><em>3</em></span> <span class='ocrx_word' id='word_1_866' title='bbox 2145 5062 2328 5125; x_wconf 80' lang='grc' dir='ltr'>δένδρου</span> <span class='ocrx_word' id='word_1_867' title='bbox 2354 5061 2455 5124; x_wconf 71' lang='lat' dir='ltr'><strong>iam</strong></span> <span class='ocrx_word' id='word_1_868' title='bbox 2473 5062 2736 5113; x_wconf 84' lang='lat' dir='ltr'><strong>Salmasius</strong></span> <span class='ocrx_word' id='word_1_869' title='bbox 2775 5064 3062 5113; x_wconf 83' lang='lat' dir='ltr'><strong>restituerat.</strong></span> <span class='ocrx_word' id='word_1_870' title='bbox 3089 5063 3199 5113; x_wconf 86' lang='lat' dir='ltr'><strong>Vim</strong></span> <span class='ocrx_word' id='word_1_871' title='bbox 3232 5060 3409 5124; x_wconf 66' lang='lat' dir='ltr'><strong>plantae</strong></span> <span class='ocrx_word' id='word_1_872' title='bbox 3433 5063 3511 5112; x_wconf 78' lang='lat' dir='ltr'><strong>vel</strong></span> 
     </span>
     <span class='ocr_line' id='line_1_105' title="bbox 1962 5130 3514 5195; baseline 0 -16"><span class='ocrx_word' id='word_1_873' title='bbox 1962 5130 2146 5180; x_wconf 76' lang='lat' dir='ltr'><strong>fruticis</strong></span> <span class='ocrx_word' id='word_1_874' title='bbox 2158 5169 2172 5192; x_wconf 93' lang='lat'>‚</span> <span class='ocrx_word' id='word_1_875' title='bbox 2188 5144 2333 5194; x_wconf 87' lang='lat' dir='ltr'><strong>quam</strong></span> <span class='ocrx_word' id='word_1_876' title='bbox 2348 5145 2476 5180; x_wconf 89' lang='lat' dir='ltr'><strong>nunc</strong></span> <span class='ocrx_word' id='word_1_877' title='bbox 2494 5133 2675 5195; x_wconf 66' lang='grc' dir='ltr'>δένδρον</span> <span class='ocrx_word' id='word_1_878' title='bbox 2694 5137 2947 5195; x_wconf 72' lang='lat' dir='ltr'><strong>exceiptor</strong></span> <span class='ocrx_word' id='word_1_879' title='bbox 2960 5133 3077 5181; x_wconf 88' lang='lat' dir='ltr'><strong>dicit</strong></span> <span class='ocrx_word' id='word_1_880' title='bbox 3089 5169 3104 5193; x_wconf 89' lang='lat'>‚</span> <span class='ocrx_word' id='word_1_881' title='bbox 3126 5134 3174 5180; x_wconf 91' lang='lat' dir='ltr'><strong>iu</strong></span> <span class='ocrx_word' id='word_1_882' title='bbox 3195 5132 3356 5180; x_wconf 86' lang='lat' dir='ltr'><strong>radice</strong></span> <span class='ocrx_word' id='word_1_883' title='bbox 3373 5132 3514 5180; x_wconf 76' lang='lat' dir='ltr'><strong>fuisse</strong></span> 
     </span>
     <span class='ocr_line' id='line_1_106' title="bbox 1962 5200 3514 5261; baseline 0 -11"><span class='ocrx_word' id='word_1_884' title='bbox 1962 5201 2202 5261; x_wconf 83' lang='lat' dir='ltr'><strong>colligitur</strong></span> <span class='ocrx_word' id='word_1_885' title='bbox 2241 5214 2299 5250; x_wconf 86' lang='lat' dir='ltr'><strong>ex</strong></span> <span class='ocrx_word' id='word_1_886' title='bbox 2341 5201 2579 5251; x_wconf 72' lang='lat' dir='ltr'><strong>Nicandro</strong></span> <span class='ocrx_word' id='word_1_887' title='bbox 2612 5203 2645 5251; x_wconf 93' lang='lat' dir='ltr'><strong>i.</strong></span> <span class='ocrx_word' id='word_1_888' title='bbox 2688 5203 2720 5251; x_wconf 92' lang='lat' dir='ltr'><strong>l.</strong></span> <span class='ocrx_word' id='word_1_889' title='bbox 2766 5207 2994 5252; x_wconf 77' lang='lat' dir='ltr'><strong>ceterum</strong></span> <span class='ocrx_word' id='word_1_890' title='bbox 3030 5202 3211 5251; x_wconf 81' lang='lat' dir='ltr'><strong>hiulcat</strong></span> <span class='ocrx_word' id='word_1_891' title='bbox 3245 5200 3413 5251; x_wconf 84' lang='lat' dir='ltr'><strong>oratio.</strong></span> <span class='ocrx_word' id='word_1_892' title='bbox 3449 5228 3514 5242; x_wconf 90' lang='lat'>-</span> 
     </span>
     <span class='ocr_line' id='line_1_107' title="bbox 1963 5266 3514 5338; baseline 0.001 -19"><span class='ocrx_word' id='word_1_893' title='bbox 1963 5271 2178 5333; x_wconf 72' lang='grc' dir='ltr'>δήγματα</span> <span class='ocrx_word' id='word_1_894' title='bbox 2214 5273 2385 5321; x_wconf 82' lang='grc' dir='ltr'>δοκεῖ</span> <span class='ocrx_word' id='word_1_895' title='bbox 2419 5270 2662 5334; x_wconf 72' lang='grc' dir='ltr'>ἀπέχειν</span> <span class='ocrx_word' id='word_1_896' title='bbox 2697 5273 2805 5331; x_wconf 75' lang='lat' dir='ltr'><strong>(vel</strong></span> <span class='ocrx_word' id='word_1_897' title='bbox 2840 5273 3034 5338; x_wconf 73' lang='grc' dir='ltr'>εἷργειν)</span> <span class='ocrx_word' id='word_1_898' title='bbox 3070 5273 3195 5321; x_wconf 78' lang='grc' dir='ltr'>ὶπικ.</span> <span class='ocrx_word' id='word_1_899' title='bbox 3213 5266 3233 5336; x_wconf 83' lang='grc'>]</span> <span class='ocrx_word' id='word_1_900' title='bbox 3253 5271 3322 5320; x_wconf 80' lang='lat' dir='ltr'><strong>sic</strong></span> <span class='ocrx_word' id='word_1_901' title='bbox 3347 5270 3514 5332; x_wconf 74' lang='lat' dir='ltr'><strong>scripsi</strong></span> 
     </span>
    </p>
   </div>
  </div>
 </body>
</html>
