4016 5916
537 395 652 444 «526
1810 373 2085 433 sosfflu
2130 353 2452 433 LAcoMs

530 507 819 582 vulgarem
858 503 1133 556 rationem
1163 500 1410 556 Sosibius
1446 501 1505 553 iu
1544 518 1608 554 eo
1649 497 1899 569 sequitur
1923 494 2082 567 quod
2174 515 2285 550 esse
2325 499 2676 570 suspicantur
2715 494 2827 574 (uti
2864 501 3169 570 Hermann.
3210 499 3252 556 1.
3285 500 3392 574 1.),
3426 502 3522 556 alii
3548 504 3774 559 omnia

526 613 643 663 τρε,
676 611 798 666 quae
826 590 1170 664 epocharum
1194 589 1363 643 instar
1399 597 1553 656 sunt,
1597 585 1666 641 ab
1706 602 1814 638 aera
1841 586 1886 638 Τ
1890 582 2084 654 rojana
2176 586 2514 654 testimonia,
2548 604 2617 640 ex
2653 588 2856 660 quihus
2891 587 3218 660 Terpander
3256 587 3369 660 jam
3403 590 3576 664 longe
3619 601 3774 646 ante

523 679 885 756 proficiscens
908 686 1165 750 exputat,
1201 676 1283 729 uti
1314 684 1469 748 patet
1496 692 1564 729 ex
1594 672 1823 746 epochis
1850 672 2085 727 Homeri
2175 673 2263 729 01.
2299 674 2373 729 26
2402 671 2705 743 floruisset,
2733 687 2974 748 propter
2995 675 3198 731 Sosibii
3221 676 3410 730 locum
3435 677 3769 749 rejicienda

527 779 585 825 et
600 768 871 824 ludorum
884 765 1246 823 Carneorum.
1269 761 1378 819 Sed
1397 763 1458 816 in
1477 763 1593 835 ipsa
1613 761 1828 834 epocha
1845 758 2086 830 Trojana
2173 773 2376 835 putant
2408 760 2499 838 (v.
2528 763 2776 819 Fischer.
2809 764 2962 821 tahb.
3007 764 3214 822 chron.
3253 764 3327 819 ad
3370 765 3461 821 Ol.
3511 765 3651 842 26).
3684 769 3775 823 At

529 853 919 914 constituenda
959 851 1029 907 ab
1064 869 1129 907 ea
1160 851 1282 919 via,
1322 866 1492 922 quam
1524 849 1783 922 plerique
1810 847 2083 915 inierunt,
2175 850 2429 923 pendent
2448 850 2566 907 haec
2595 838 2786 908 omnia
2812 870 2882 908 ex
2909 851 3140 909 diversis
3165 855 3473 926 systematis
3506 855 3780 910 chrono-

529 943 761 1000 recedit.
792 940 1010 998 Etenim
1029 948 1327 1010 postquam
1353 937 1595 1008 spatium
1618 937 1761 990 inter
1779 935 2004 1007 Trojam
2035 946 2088 988 et
2179 939 2394 1012 logicis,
2421 939 2624 1013 quibus
2641 940 2876 1012 quisque
2891 957 2947 994 se
2971 951 3173 995 auctor
3185 939 3508 998 addixerat.
3530 942 3776 1013 Quodsi

530 1028 856 1086 Heraclidas
882 1023 1279 1080 intermedium
1296 1064 1312 1091 ‚
1340 1020 1499 1093 quod
1522 1023 1580 1075 in
1605 1032 1739 1079 vett.
1765 1021 2088 1099 ἀναγραφαῖς
2179 1027 2382 1082 Sosibii
2403 1038 2731 1100 computum
2757 1026 2828 1082 ad
2855 1039 3107 1083 veterum
3134 1027 3449 1106 ἀναγραφῶν
3477 1031 3768 1098 rationes,

533 1129 652 1174 erat
669 1133 946 1172 annorum
978 1112 1084 1168 126
1104 1155 1119 1181 ,
1147 1110 1220 1167 ad
1238 1129 1412 1164 annos
1428 1128 1504 1183 90
1528 1109 1760 1182 quidam
1784 1127 2057 1164 revocave
2073 1141 2089 1150 -
2181 1132 2250 1167 ex
2274 1114 2477 1186 quibus
2489 1113 2728 1186 Trojana
2753 1115 2971 1187 epocha
2991 1133 3140 1171 anno
3172 1134 3318 1186 1217
3341 1135 3393 1175 a.
3417 1117 3482 1172 C.
3508 1119 3774 1192 assigna-

530 1215 689 1274 rant,
718 1201 981 1276 plurimi,
1003 1201 1102 1273 qui
1128 1199 1189 1254 id
1216 1198 1565 1272 probarunt,
1598 1200 1674 1252 ita
1704 1197 1961 1253 fecerunt
1980 1238 1996 1264 ‚
2028 1207 2091 1251 ut
2180 1211 2292 1270 tur,
2309 1204 2677 1272 revocaveriS,
2694 1203 2945 1275 sequitur
2959 1202 3308 1259 Carneorum
3333 1205 3766 1261 institutionem

533 1293 593 1346 in
618 1290 834 1365 epocha
856 1288 1097 1360 Trojana
1120 1297 1363 1342 veterem
1388 1303 1685 1340 numerum
1710 1285 1980 1357 cyclicum
2002 1303 2091 1338 re·
2182 1290 2565 1364 assignandam
2605 1309 2718 1346 esse
2750 1309 2899 1345 anno
2940 1290 3051 1361 713
3082 1310 3133 1347 a.
3162 1292 3227 1347 C.
3263 1288 3385 1366 (01.
3431 1291 3532 1366 16)
3557 1335 3575 1360 ,
3615 1293 3776 1350 adeo

537 1381 798 1448 tinerent,
816 1390 982 1450 atque
1006 1375 1201 1431 abhoc
1218 1373 1633 1449 proficiscentes
1652 1391 1857 1428 annum
1878 1373 2094 1427 reditus
2183 1389 2247 1432 ut
2300 1378 2627 1451 Terpander
2671 1378 3079 1452 percommode
3119 1377 3288 1433 Midae
3340 1381 3490 1453 regis
3534 1384 3774 1453 aequalis

2184 1481 2295 1520 esse
2313 1477 2523 1538 posset,
2552 1466 2754 1522 eodem
2776 1466 2982 1535 mod0,
3010 1484 3129 1539 quo
3147 1465 3416 1535 Sosibius,
3439 1468 3484 1521 si
3503 1466 3580 1522 de
3611 1468 3774 1524 Mida

2184 1560 2240 1604 et
2266 1552 2419 1625 Gyge
2442 1553 2663 1607 locutus
2692 1553 2868 1619 foret,
2896 1562 3154 1625 tempora
3191 1571 3392 1608 eorum
3426 1553 3500 1608 ad
3532 1555 3776 1629 Olymp.

2187 1638 2260 1693 26
2296 1639 2592 1694 detulisset.

536 1466 961 1524 Heraclidarum
987 1473 1336 1539 exputarent.
1355 1463 1445 1517 Sic
1463 1480 1517 1517 v.
1544 1480 1595 1517 c.
1613 1462 1807 1517 Castor
1820 1461 2094 1534 epocham

535 1554 831 1626 Trojanam
862 1553 1025 1626 ponit
1048 1570 1140 1607 an.
1186 1568 1329 1619 1217
1369 1547 1517 1624 (=7
1538 1549 1677 1611 ><63
1721 1561 1848 1605 ante
1877 1548 1965 1605 Ol.
2003 1544 2092 1624 1),

538 1653 594 1696 et
620 1643 751 1696 hinc
778 1658 953 1696 annos
982 1658 1055 1712 90
1086 1637 1370 1693 deducens
1410 1637 1837 1693 Heraclidarum
1860 1636 2096 1691 descen-

538 1749 660 1785 sum
692 1729 927 1802 assignat
959 1745 1107 1781 anno
1156 1744 1177 1779 1
1196 1743 1325 1794 ¹27·
1373 1726 1580 1782 Contra
1608 1728 1760 1782 Laco
1803 1737 1994 1780 noster
2024 1725 2094 1778 ab

537 1817 754 1890 epocha
773 1856 788 1886 ,
820 1833 987 1888 quam
1019 1810 1443 1868 Heraclidarum
1482 1812 1689 1867 reditui
1730 1822 1946 1866 veteres
1972 1811 2097 1866 ἂνα-

2242 1791 2422 1850 ΠΕΡΙ
2466 1792 2622 1850 ΤΩΝ
2671 1793 2766 1850 ΕΝ
2811 1792 3340 1851 ΛΑΚΕΔΑΙΜΟΝΙ
3378 1794 3716 1855 ΘΥΣΙΩΧ.

537 1901 733 1981 γραφαὶ
751 1902 1076 1958 tribuebant
1103 1900 1227 1976 (an.
1262 1919 1400 1974 1091
1422 1922 1495 1953 =
1514 1899 1545 1956 5
1582 1913 1633 1965 ><
1669 1898 1740 1955 63
1767 1911 1893 1955 8¹1oe
1909 1900 1998 1955 0¹·
2026 1899 2098 1974 ἲ),
2945 1939 2998 1998 [ι.

537 1990 932 2066 proficiscitur,
979 1999 1043 2043 ut
1071 1988 1275 2043 additis
1316 1990 1471 2044 annis
1499 2007 1573 2061 90
1603 1988 1875 2061 epocham
1903 1987 2103 2059 Troja-

536 2099 668 2134 nam
693 2080 1011 2134 constituat.
1040 2076 1289 2131 Eandem
1320 2077 1595 2131 rationem
1620 2078 1785 2131 etiam
1808 2077 1855 2130 is
1877 2087 2096 2130 secutus

540 2179 639 2235 est,
663 2184 731 2221 ex
757 2183 872 2238 quo
896 2162 1166 2220 Eusebius
1191 2180 1352 2218 suum
1374 2163 1760 2218 Proclidarum
1787 2162 2100 2237 catalogum

538 2264 823 2309 mutuatus
851 2264 957 2321 est,
996 2252 1100 2305 nisi
1143 2250 1301 2324 quod
1341 2250 1767 2307 Heraclidamm
1807 2252 1966 2326 regni
1996 2251 2100 2304 ini-

542 2344 682 2397 tium
715 2360 831 2397 uno
857 2340 1016 2414 cyclo
1050 2338 1376 2394 inferiorem
1412 2348 1589 2412 ponat
1615 2339 1802 2414 (1028
1840 2358 1892 2394 a.
1926 2338 1990 2396 C.
2024 2363 2104 2387 =

544 2437 575 2496 Ι.
607 2441 659 2493 ><
685 2429 758 2485 63
797 2449 848 2484 a.
888 2429 979 2486 Ol.
1028 2425 1120 2502 1),
1160 2427 1404 2502 ideoque
1443 2445 1619 2500 usque
1664 2428 1738 2484 ad
1784 2427 2100 2484 Charilaum

538 2537 660 2574 non
686 2535 809 2586 sex,
840 2516 937 2571 sed
968 2527 1077 2570 tres
1103 2525 1319 2569 tanturn
1347 2534 1504 2590 reges
1532 2528 1800 2572 recenset.
1828 2514 1986 2571 Idem
2024 2516 2100 2569 ita

540 2606 695 2674 fecit,
715 2615 780 2659 ut
805 2606 874 2658 ab
895 2623 986 2677 ep.
1006 2602 1247 2676 Trojana
1264 2622 1441 2676 usque
1462 2603 1534 2658 ad
1556 2602 1724 2660 finem
1748 2604 2100 2676 Theopompi

540 2693 651 2747 sint
678 2693 808 2748 anni
838 2689 949 2746 368
978 2691 1091 2745 sive
1118 2708 1213 2744 sex
1237 2690 1394 2763 cycli.
1419 2690 1635 2761 Quodsi
1662 2692 1918 2746 similiter
1945 2691 2096 2746 Sosi-

540 2779 670 2834 bius
685 2797 913 2853 quoque
928 2797 1040 2834 rem
1070 2777 1386 2849 adornavit,
1406 2779 1658 2850 sequitur
1671 2778 2101 2850 Theopompum

543 2865 698 2939 apud
736 2883 865 2920 eum
905 2882 1160 2938 regnasse
1200 2863 1356 2918 annis
1399 2863 1466 2917 31
1513 2858 1913 2939 (770—740),
1958 2862 2101 2917 adeo

540 2965 652 3008 uta
666 2951 833 3024 Troja
847 2951 919 3006 ad
938 2950 1107 3006 finem
1121 2950 1697 3024 Theopompiseptem
1711 2953 1820 3007 sint
1844 2951 2005 3023 cycli.
2027 2983 2103 2992 —

542 3039 776 3094 Homeri
820 3039 1035 3111 epocha
1071 3036 1234 3092 simul
1276 3038 1441 3092 etiam
1485 3038 1725 3109 Lymrgi
1766 3054 1878 3091 esse
1908 3035 2096 3096 debet.

543 3128 678 3197 Quae
707 3143 882 3198 quum
920 3124 1159 3180 Charilai
1194 3141 1343 3179 anuo
1374 3133 1574 3179 octavo
1603 3123 1968 3195 adscribatur,
1994 3143 2098 3198 pa-

541 3223 623 3267 tet
651 3231 773 3268 eam
811 3211 883 3267 de
929 3230 1105 3281 anno,
1137 3230 1249 3285 quo
1283 3212 1431 3285 leges
1468 3212 1757 3285 Lycurgus
1785 3212 2096 3284 scripserit,

542 3299 962 3375 intelligendam
985 3318 1115 3358 esse.
1136 3300 1244 3355 Alii
1263 3316 1470 3352 annum
1491 3317 1605 3370 quo
1634 3299 1861 3353 tutelam
1884 3301 2102 3371 Lycur-

543 3404 646 3462 gus
672 3388 940 3461 suscepit,
968 3405 1078 3460 pro
1103 3378 1317 3460 epocha
1344 3378 1647 3440 habebant.
1681 3385 1770 3441 Sic
1795 3386 1960 3441 etiam
1988 3388 2098 3442 Eu·

2266 2082 2561 2140 Athenaeus
2569 2081 2691 2152 XV,
2704 2102 2761 2155 p.
2776 2085 2886 2152 674
2895 2124 2912 2152 ,
2925 2087 2974 2138 A
2990 2102 3004 2138 ε
3019 2081 3127 2140 Καὶ
3138 2080 3238 2160 γὰρ
3250 2081 3341 2140 καὶ
3354 2084 3770 2161 Λακεδαιμόνιοι

2194 2166 2418 2247 καλάμῳ
2441 2172 2814 2243 στεφανοῦνται
2841 2171 2893 2227 ἐν
2919 2172 2983 2246 τῇ
3003 2173 3105 2226 τῶν
3128 2168 3463 2249 Προμαχίων
3488 2174 3651 2251 ἑορτῇ
3666 2218 3683 2245 ,
3705 2171 3774 2239 ὥς

2197 2279 2322 2337 φησι
2342 2253 2596 2321 Σωσίὸιος
2615 2257 2667 2312 ἐν
2690 2256 2793 2322 τοῖς
2811 2254 2946 2335 Περὶ
2965 2259 3067 2314 τῶν
3091 2258 3142 2314 ἐν
3163 2256 3538 2334 Λακεδαίμονι
3564 2263 3770 2333 θυσιῶν,

2197 2343 2408 2423 γράφων
2436 2340 2629 2409 οὕτως·
2668 2371 2691 2396 α
2723 2343 2817 2404 Ἐν
2846 2342 3011 2423 ταύτῃ
3048 2342 3356 2421 συμὸαίνει,
3385 2345 3512 2413 ’τοὺς
3543 2347 3640 2422 μὲν
3673 2351 3772 2410 ἀπὸ

2200 2436 2292 2501 τῆς
2330 2430 2508 2510 χώρας
2553 2430 2810 2507 καλάμοις
2847 2431 3287 2513 στεφανοῦσθαιῆ
3320 2435 3628 2512 στλεγγίδι,
3661 2435 3774 2503 τοὺς

2193 2519 2236 2575 δ’
2284 2520 2342 2576 ἐκ
2382 2522 2475 2589 τῆς
2516 2521 2720 2595 ἀγωγῆς
2761 2521 2951 2586 παῖδας
3001 2519 3396 2600 ἀστεφανώτους
3445 2523 3766 2584 ἀκολουθεῖν.

2204 2607 2226 2657 τ’(
2249 2608 2334 2666 Cf.
2364 2609 2591 2666 Miiller.
2616 2610 2750 2664 Dor.
2776 2609 2864 2683 II,
2893 2628 2955 2683 p.
2988 2606 3081 2664 25.

2947 2721 3004 2778 5.

2274 2858 2361 2916 Id.
2380 2860 2506 2927 XV,
2533 2877 2592 2932 p.
2616 2857 2752 2928 678,
2774 2860 2847 2916 B:
2869 2855 3281 2936 Θυρεατικοί.
3303 2855 3462 2917 Οὕτω
3481 2858 3762 2914 καλοῦνται

2193 2942 2435 3024 στέφανοί
2456 2969 2586 3011 τινες
2614 2942 2758 3022 παρὰ
2778 2942 3242 3020 Λακεδαιμονίοις,
3268 2942 3335 3011 ὥς
3351 2967 3470 3024 φησι
3490 2943 3762 3009 >sociem

2191 3035 2244 3091 ἑν
2272 3037 2375 3097 τοῖς
2404 3030 2537 3112 Περὶ
2568 3035 2773 3103 Θυσιῶν,
2804 3031 3032 3109 ψιλίνους
3052 3030 3244 3098 αὐτοὺς
3271 3031 3473 3113 φάσκων
3501 3036 3587 3086 νῦν
3627 3033 3746 3088 ὀνο·

2194 3123 2479 3198 μάζεσθαι,
2527 3118 2678 3185 ὄντας
2714 3121 2772 3177 ἐκ
2799 3116 3061 3197 φοινίκων.
3094 3117 3290 3198 Φέρειν
3336 3117 3376 3177 δ’
3403 3116 3578 3183 αὖτοὺς
3611 3118 3746 3175 ὑπό-

2192 3233 2375 3287 μνημα
2399 3212 2494 3280 τῆς
2531 3209 2585 3265 ἔν
2607 3204 2787 3287 Θυρέᾳ
2812 3204 3090 3285 γενομένης
3122 3206 3272 3279 νίκης
3310 3207 3426 3273 τοὺς
3461 3206 3748 3285 προστάτας

2191 3301 2292 3355 τῶν
2327 3295 2593 3374 ἀγομένων
2627 3297 2797 3376 χορῶν
2835 3297 2886 3352 ἐν
2915 3296 2979 3372 τῇ
3018 3297 3172 3374 ἑορτῇ
3203 3293 3403 3373 ταύτῃ,
3436 3291 3522 3352 ὅτε
3557 3294 3646 3351 καὶ
3667 3295 3762 3361 τὰς

2191 3382 2574 3462 Γυμνοπαιδιὰς
2598 3384 2910 3441 ἐπιτελοῦσι.
2937 3382 3097 3459 Χοροὶ
3123 3381 3167 3439 δ’
3197 3379 3297 3438 εἷο-ἰ
3335 3381 3394 3438 τὸ
3425 3380 3521 3456 μὲν
3544 3383 3755 3459 εὐπροσ-

543 3475 680 3532 sebii
714 3485 912 3533 auctor
943 3475 1104 3545 fecit,
1140 3473 1293 3549 apud
1331 3492 1501 3547 quem
1540 3472 1825 3529 Charilaus
1862 3492 2099 3550 regnum
2139 3478 2151 3566 γ
2188 3472 2343 3532 ὠπων
2386 3470 2597 3550 (πρόσω
2628 3473 2785 3548 libri)
2824 3469 3046 3541 παίδων,
3077 3469 3138 3528 τὸ
3182 3468 3225 3526 δ’
3257 3468 3310 3535 ἐξ
3348 3470 3578 3548 ἀρίστων
3621 3469 3755 3547 (ἀρί-

543 3566 772 3639 suscipit
797 3585 887 3623 an.
920 3563 1053 3629 881..
1083 3565 1266 3636 Quare
1290 3563 1385 3617 ille
1413 3564 1489 3617 ita
1510 3580 1709 3636 regum
1734 3580 1910 3618 annos
1938 3566 2100 3619 ador·

542 3652 717 3723 navit,
742 3664 805 3709 ut
824 3672 854 3708 a
873 3652 1035 3723 Troja
1061 3670 1235 3724 usque
1259 3650 1332 3705 ad
1356 3650 1674 3709 Charilaurn
1700 3652 1809 3704 sint
1828 3652 1958 3705 anni
1984 3650 2094 3707 252

543 3742 657 3795 sive
684 3747 715 3807 4
737 3754 783 3804 ><
802 3741 873 3797 63
900 3731 1148 3815 (Fragm.
1173 3740 1387 3795 Chron.
1417 3758 1474 3812 p.
1511 3736 1665 3813 186).
1683 3740 1766 3794 De
1791 3738 2012 3793 Carncis
2038 3759 2092 3793 v,

543 3829 854 3884 Hermann.
882 3829 921 3883 l.
950 3829 991 3883 l.
1027 3828 1059 3902 §
1088 3826 1160 3884 53
1180 3869 1196 3897 ,
1230 3845 1306 3901 29
1328 3844 1449 3900 sqq.

624 3917 839 3971 Primus
869 3917 929 3969 in
955 3915 1178 3971 Carneis
1204 3914 1350 3969 ludis
1384 3914 1519 3968 vicit
1552 3912 1901 3986 Terpander,
1930 3914 2097 3968 Midae

542 4002 689 4076 regis
706 4003 947 4075 aequaliS,
973 4010 1108 4056 teste
1128 4001 1419 4056 Hellanico
1445 3999 1541 4075 (fr.
1571 4018 1702 4069 122,
1726 3998 1863 4075 123)
1891 4002 1948 4054 in
1969 4001 2097 4057 Car·

541 4091 805 4147 neonicis.
846 4091 969 4144 Jam
1011 4107 1184 4161 quum
1220 4087 1399 4143 Midas
1436 4089 1628 4162 paullo
1662 4088 1949 4160 antiquior
1985 4108 2098 4145 esse

544 4174 748 4233 debeat
775 4176 1080 4253 (Herodot.
1105 4178 1162 4244 1,
1201 4181 1264 4240 14
1284 4174 1305 4251 )
1325 4176 1478 4250 Gyge
1500 4172 1553 4252 (7
1568 4175 1633 4230 13
1648 4175 1883 4251 —678),
1905 4176 2096 4249 Lydo-

542 4279 670 4318 rum
696 4282 856 4339 rege5
894 4265 985 4319 alii
1027 4264 1237 4319 Carnea
1261 4262 1379 4335 jam
1423 4274 1551 4318 ante
1578 4264 1664 4319 Ol.
1711 4264 1783 4319 26
1818 4265 2097 4320 celebrata

2189 3582 2310 3619 στου
2348 3563 2509 3638 libri)
2556 3560 2773 3640 ἀνδρῶν,
2809 3559 3019 3636 γυμνῶν
3053 3553 3383 3635 ὀρχουμένων
3408 3556 3499 3612 καὶ
3530 3557 3764 3637 ᾀδόντων

2187 3648 2436 3718 Θαλήτου
2456 3647 2545 3706 καὶ
2576 3647 2860 3723 Ἀλκμᾶνος
2884 3644 3100 3725 ᾄσματα
3130 3644 3221 3700 καὶ
3249 3641 3368 3710 τοὺς
3388 3643 3768 3701 Διονυσοδότου

2187 3743 2275 3795 τοῦ
2301 3738 2546 3801 Λάκωνος
2577 3742 2819 3800 παιᾶνας.
2848 3735 2932 3790 Cf.
2961 3734 3185 3792 Mulier.
3225 3735 3356 3791 Dor.
3384 3734 3469 3803 11,
3503 3752 3567 3808 p.
3607 3731 3720 3804 373
3744 3775 3762 3802 ‚

2188 3830 2492 3885 Hermann.
2515 3826 2557 3881 1.
2581 3826 2620 3884 l.
2643 3825 2676 3900 §
2697 3823 2789 3896 53,
2820 3820 2914 3880 28.
2947 3854 3024 3868 -—-
3050 3818 3340 3901 Ψιλίνους]
3363 3822 3620 3878 Fortasse
3647 3820 3766 3877 huc

2184 3917 2427 3989 pertinet
2447 3915 2622 3988 glossa
2642 3912 2903 3986 Hesychii
2929 3932 2942 3967 τ
2965 3908 3143 3975 Ψιλὸς
3166 3910 3389 3989 (ψίλινος
3403 3912 3475 3984 Ρ),
3503 3905 3770 3987 στέφανος

2186 3999 2433 4078 πτερινός.
2458 4001 2599 4057 Vide
2618 4003 2803 4073 Toup.
2821 4001 2996 4073 Epist.
3022 4000 3149 4057 crit.
3174 4017 3235 4072 p.
3267 3999 3365 4069 76.
3393 3999 3552 4053 Idem
3577 3999 3770 4070 Hesy-

2186 4091 2342 4145 chius
2372 4107 2384 4145 :
2413 4086 2629 4158 Ψιλίον,
2663 4084 2914 4165 πτερόν...
2947 4080 2982 4155 ἢ
3013 4071 3158 4149 εἶδος.
3178 4080 3376 4147 ἄνθους.

2264 4177 2590 4250 Sequuntur
2607 4175 2714 4231 alia
2731 4172 2984 4248 quaedam
3001 4214 3016 4241 ,
3042 4192 3165 4246 quae
3189 4170 3264 4229 ad
3283 4170 3770 4227 Lacedaemonio-

2185 4284 2314 4320 rum
2339 4265 2696 4339 antiquitates
2720 4271 2992 4337 spectant.

714 4445 815 4504 DE
856 4441 1597 4503 LACEDAEMONIORUM
1639 4442 1918 4505 sactus,
2937 4429 2989 4477 ⁵·

2255 4512 2587 4577 Thyreaticae.
2615 4511 2693 4563 Sic
2714 4508 3011 4561 vocabantur
3035 4519 3228 4558 coronae
3251 4506 3474 4569 quaedam
3504 4505 3642 4569 apud
3663 4509 3770 4555 La·

1290 4570 1345 4619 ‘¹'
2187 4590 2501 4642 eedaemonios
2517 4628 2533 4653 ,
2552 4590 2607 4639 ut
2634 4589 2702 4638 ait
2719 4586 2928 4655 sosibius
2944 4584 2996 4634 in
3018 4583 3151 4635 libris
3169 4586 3241 4634 De
3265 4582 3511 4634 sacrificiis
3542 4580 3770 4632 solenni·

2185 4666 2278 4718 bus
2307 4686 2322 4718 z
2334 4668 2543 4732 psilina
2567 4665 2698 4716 aiens
2735 4675 2865 4712 nunc
2881 4661 3146 4722 nominari,
3182 4672 3380 4723 esseque
3402 4670 3429 4708 e
3455 4658 3642 4723 palma.
3662 4660 3774 4709 Ge-

2184 4749 2310 4796 stare
2327 4747 2490 4796 autem
2515 4758 2613 4804 eaS,
2639 4741 2686 4792 in
2704 4741 2918 4791 victorioe
2934 4739 2993 4789 ad
3018 4740 3256 4801 Thyream
3283 4740 3546 4799 reportatae
3561 4750 3766 4787 memo-

2184 4824 2332 4884 riam,
2364 4821 2510 4872 duces
2529 4822 2783 4870 chororum
2806 4817 2888 4883 qui
2912 4816 2961 4865 in
2999 4817 3085 4865 illo
3109 4815 3231 4865 sesto
3251 4813 3518 4875 (lincuntur,
3558 4814 3776 4876 quando

2185 4899 2327 4950 etiam
2364 4896 2734 4961 Gymnopaedias
2767 4893 3030 4945 celebrant.
3069 4894 3192 4942 Sunt
3225 4891 3388 4940 autem
3437 4890 3608 4951 chori,
3649 4890 3774 4942 hini.

2184 4980 2502 5030 formosorum
2532 4988 2816 5038 puerouim,
2846 4972 2978 5023 illino
2999 4971 3366 5021 fortissimorum
3399 4969 3655 5031 virorunu
3679 4974 3778 5035 qui

2185 5055 2299 5106 nudi
2319 5055 2521 5115 saltant,
2552 5056 2601 5103 et
2627 5052 2836 5102 carmina
2867 5051 3047 5100 canunt
3070 5048 3285 5099 Thalete
3315 5049 3366 5096 et
3401 5047 3688 5111 Alcmanis,
3721 5055 3778 5100 et

2187 5134 2494 5201 Dionysodoti
2523 5131 2865 5184 Lacedoemonii
2888 5143 3093 5195 paeanas.

603 4676 949 4728 Lacedaemonii
970 4679 1115 4728 etiam
1144 4678 1328 4729 calamo
1346 4679 1638 4729 coronantur
1662 4679 1780 4729 festo
1796 4679 2079 4728 promachio

539 4769 647 4805 rum
671 4755 775 4818 die,
792 4760 850 4807 ut
875 4758 942 4808 ait
964 4758 1174 4808 Sosibius
1192 4758 1239 4808 in
1267 4759 1399 4809 libris
1420 4762 1488 4809 De
1525 4758 1994 4809 Laoedaemoniornm
2024 4772 2099 4808 sa-

540 4834 659 4894 eris,
675 4834 759 4883 ubi
782 4834 849 4884 ita
873 4835 1039 4886 scribit
1073 4851 1086 4885 ε
1109 4854 1132 4878 «ι
1160 4839 1216 4886 ln
1235 4838 1327 4887 hoe
1349 4839 1470 4887 festo
1491 4837 1657 4888 rustici
1678 4836 1872 4900 quidem
1896 4842 2099 4898 juvenes

540 4912 734 4962 calamis
760 4918 1052 4964 coronantur
1073 4916 1159 4964 aut
1178 4916 1361 4978 strigile
1381 4916 1481 4966 sive
1516 4914 1743 4978 bractea3
1768 4914 1851 4977 qui
1880 4926 1993 4963 vero
2011 4926 2096 4977 pu·

536 4986 662 5036 blica
674 4988 888 5114 tcivr‘itatis
917 4991 1167 5055 disciplina
1188 4994 1406 5044 innutriti
1438 4992 1790 5066 mutuamque
1812 5004 1987 5042 corona
2020 5004 2094 5043 se·

534 5078 673 5126 quun
697 5078 769 5115 ur.
788 5084 811 5109 ι
