4016 5916
1672 407 2165 470 FRAGMENTA.

336 538 470 596 alias
490 539 746 614 regiones
765 547 974 613 spectat
1004 538 1148 592 inter
1172 537 1577 610 septentriones
1604 547 1659 590 et
1686 539 1875 593 orien-

337 638 449 682 tem
469 628 617 684 sitas.
638 656 718 669 —
738 628 862 682 Vox
885 619 1169 700 Ἐρέννεσις
1189 642 1316 682 cum
1340 625 1568 680 nomine
1590 624 1744 679 urbis
1765 625 1875 681 ela·

334 714 558 767 rissimae
584 708 883 767 Vardn'ast
893 712 1033 766 mire
1054 711 1340 784 congruit,
1367 709 1525 783 quod
1542 728 1612 765 ex
1635 710 1876 766 duorum

334 798 627 853 fluminum
654 797 971 853 nominibus
998 797 1370 868 compositum
1398 798 1565 851 etiam
1595 797 1654 850 in
1675 797 1881 853 Indicis

334 883 631 938 fluminum
660 883 918 955 catalogis
957 882 1217 944 omnibus
1254 882 1617 953 conjunctum
1654 883 1875 957 legitur.

335 970 446 1026 Sed
491 989 562 1024 ne
599 968 955 1042 explicationi
994 970 1081 1023 isti
1112 967 1250 1023 fides
1287 966 1523 1036 demet,
1566 969 1879 1024 Matharum

338 1057 646 1110 obscuritas
676 1065 815 1110 esset
852 1053 1208 1121 illustranda,
1247 1068 1489 1126 quorum
1517 1073 1726 1110 nomen
1750 1075 1877 1111 san-

334 1144 684 1198 seritumesse
703 1141 1009 1216 Mag’ada,
1030 1133 1233 1210 conj'ici
1251 1143 1439 1214 potius
1457 1145 1626 1213 quain
1646 1143 1880 1215 probari

334 1239 537 1302 potest.
576 1230 771 1300 Neque
808 1228 993 1281 minus
1020 1238 1101 1282 est
1124 1228 1379 1301 ignotum
1415 1247 1622 1283 nomen
1664 1229 1878 1286 Κατα·

336 1315 365 1371 δ
382 1313 582 1384 ούπη,
615 1313 772 1386 cujus
797 1314 994 1370 ultima
1022 1332 1148 1388 pars
1172 1313 1245 1370 ad
1273 1315 1693 1371 similitudinem
1726 1319 1880 1373 vocis

332 1401 604 1456 sanseritae
639 1401 818 1474 dve'pa
845 1399 919 1473 (i.
964 1416 1013 1454 e.
1037 1398 1238 1473 insula)
1266 1399 1501 1455 accedit.
1537 1433 1613 1443 —
1645 1397 1879 1475 Ὤμαλις

334 1488 596 1543 convenit
635 1504 762 1541 cum
798 1496 1071 1542 consueto
1100 1483 1345 1542 fluminis
1364 1488 1594 1543 nomine
1625 1490 1873 1544 Vimald.

332 1574 416 1633 Cf.
444 1574 634 1629 Hariv.
664 1572 839 1648 9517.
868 1597 892 1622 υ

423 1671 508 1723 De
538 1668 858 1723 nominibus
885 1665 1189 1723 fluviorum
1209 1709 1227 1741 ,
1253 1687 1377 1740 quoe
1396 1669 1456 1724 in
1478 1669 1681 1725 Indum
1708 1689 1767 1727 se
1793 1673 1877 1727 in-

332 1755 608 1823 fundunt,
638 1774 694 1810 ν.
725 1755 997 1828 Schlegel.
1032 1756 1165 1810 Iud.
1203 1756 1356 1813 Bibe.
1393 1758 1479 1824 11,
1521 1775 1579 1829 p.
1623 1756 1735 1831 ²95
1773 1776 1875 1833 sq„

334 1843 622 1898 Lassenius
651 1843 711 1896 in
733 1841 1026 1915 Pentapol.
1058 1860 1118 1914 p.
1156 1860 1177 1895 1
1195 1861 1217 1897 1
1250 1860 1334 1914 sq.
1362 1843 1502 1897 etin
1528 1845 1660 1898 Iud.
1696 1848 1878 1899 Alter·

334 1929 690 1984 tleumskunde
714 1931 763 1998 Ι,
790 1946 886 2002 29,
911 1934 982 1993 44
1002 1947 1146 2001 sqq.;
1175 1929 1573 1984 Schwanbeck.
1597 1932 1635 1985 l.
1658 1931 1698 1988 l.
1720 1951 1776 2005 p.
1805 1931 1871 1988 31

332 2034 416 2089 sq.
445 2013 612 2080 Ἰνδος
638 2017 898 2071 sanserite
922 2026 1003 2071 est
1041 2016 1214 2070 Sindu
1228 2036 1251 2082 ,·
1281 2011 1548 2085 Ὑδάσπης
1567 2057 1582 2085 ,
1624 2020 1874 2087 Vitaxa,-

332 2099 594 2170 Ἀκεσίνης
625 2101 938 2179 (Cantabra
966 2102 1207 2171 Pliniu5‚
1240 2099 1583 2169 Σανδαὸοίλας
1615 2107 1872 2176 Ptolem.‚

336 2187 696 2268 Σανδρορᾶγος
724 2190 988 2256 Hes-sch„
1026 2189 1183 2262 quod
1220 2208 1430 2245 nomen
1467 2192 1784 2249 Alexander
1820 2195 1880 2249 in

335 2272 591 2346 Ἀκεσίνης
614 2278 877 2346 mutavit)
898 2317 915 2344 ,
944 2277 1330 2348 Kandrabdgd
1343 2297 1364 2342 ‚⁰
1390 2273 1693 2355 Ὑδραώτης
1717 2276 1877 2351 (Ὑά-

338 2384 485 2441 ρωτις
523 2364 760 2431 Sti-abe,
800 2358 1039 2427 Ῥοῦαδις
1071 2364 1218 2421 Ptol.
1240 2362 1259 2438 )
1279 2405 1296 2431 ‚
1348 2366 1610 2431 Irdvdte’;
1651 2361 1880 2442 ’Ὕφασις

339 2445 593 2520 (’Υπανις
611 2451 842 2517 Strabo,
866 2449 1026 2524 alii),
1049 2446 1353 2526 (Vipdqdh
1378 2451 1528 2506 huuc
1555 2450 1792 2508 fluvium
1821 2457 1879 2510 in

338 2540 605 2591 Irdvdtim
633 2536 844 2591 effundi
870 2537 946 2592 M.
972 2534 1140 2604 dicit;
1164 2535 1330 2605 sals-03
1353 2536 1537 2592 influit
1556 2538 1875 2609 Catadmm.

338 2621 531 2684 Σόανος
575 2632 653 2677 est
686 2624 942 2690 Summa,-
989 2619 1301 2699 2³p4m5·,
1346 2623 1634 2697 Car-auga.
1674 2658 1754 2670 —
1794 2631 1879 2684 De

337 2711 563 2782 reliquis
585 2727 785 2781 parum
808 2718 1039 2764 constat.
1065 2711 1151 2764 De
1173 2707 1368 2765 Soasto
1394 2722 1579 2767 tamen
1601 2725 1657 2767 et
1682 2714 1879 2770 Garoea

335 2785 736 2851 Schwanbeck.
778 2814 838 2868 p.
876 2795 949 2850 32
988 2805 1147 2850 notat
1178 2795 1295 2850 haee
1331 2815 1346 2850 z
1389 2823 1411 2844 α
1447 2799 1701 2854 Soastum
1731 2785 1880 2855 idem

336 2881 546 2938 flumen
583 2900 695 2938 esse
733 2883 1017 2937 Lassenius
1055 2880 1208 2956 (Zur
1253 2882 1446 2938 Gcscli.
1484 2886 1543 2939 d.
1579 2885 1788 2957 gdech.
1819 2906 1876 2945 u.

335 2970 654 3041 Indos-syth.
686 2972 922 3043 Koem'ge
945 2988 1006 3042 p.
1041 2975 1145 3035 144
1171 2969 1187 3043 )
1220 2969 1362 3025 dixit
1386 2982 1554 3046 atque
1590 2973 1747 3045 quod
1774 2975 1882 3029 Fa-

336 3050 466 3112 liian
492 3058 733 3114 Sinensis
759 3057 1071 3112 nominavit
1090 3057 1169 3111 Su
1188 3056 1306 3130 pho
1330 3076 1393 3111 su
1417 3070 1474 3111 tu
1492 3099 1509 3126 ,
1541 3060 1580 3113 i.
1607 3078 1658 3114 e.
1696 3060 1879 3133 Cuba-

338 3156 492 3199 vastu
505 3186 521 3212 ,
544 3143 701 3216 quod
718 3162 867 3198 nune
888 3154 1121 3198 vocatur
1136 3143 1358 3197 Sewad.
1387 3146 1499 3199 Etsi
1520 3164 1607 3200 res
1628 3146 1740 3219 ipsa
1763 3166 1880 3204 non

337 3231 509 3286 dubia
535 3241 644 3298 est,
672 3241 856 3285 tamen
884 3248 1057 3301 quum
1078 3230 1453 3304 Megasthenes
1473 3243 1530 3286 et
1556 3234 1884 3290 Ptolemaeus

334 3335 453 3371 uno
483 3334 582 3371 ore
602 3313 813 3371 flumen
838 3316 1241 3389 appellaverint
1262 3313 1492 3381 Σόαστος
1511 3328 1569 3373 et
1591 3317 1878 3391 Σούαστος,

337 3420 548 3456 nomen
577 3403 901 3457 sanseritum
928 3420 1046 3457 non
1075 3403 1373 3477 eubavastu
1400 3421 1513 3460 esse
1533 3417 1716 3479 potest
1732 3446 1748 3475 ,
1783 3407 1882 3462 sed

339 3487 653 3561 quodidem
663 3485 1206 3560 significat,savastu.
1220 3518 1299 3532 —-
1312 3491 1567 3559 Gar-aeas,
1583 3492 1884 3548 Alexandri

336 3575 567 3629 historia
594 3585 788 3643 notus,
820 3574 890 3628 ab
930 3576 1168 3629 Arriano
1197 3560 1336 3650 Exp.
1365 3578 1460 3646 IV,
1487 3574 1560 3630 25
1581 3617 1597 3646 ,
1636 3595 1704 3633 10
1732 3596 1879 3633 nun-

336 3673 574 3735 cupatur
614 3658 882 3737 Γουραῖος,
913 3662 1325 3735 corruptissime
1360 3664 1422 3718 in
1460 3664 1753 3719 Itinerario
1794 3666 1882 3722 Al.

343 3748 451 3804 106
474 3749 776 3816 potura-us,
803 3759 859 3803 et
873 3748 1026 3820 apud
1037 3749 1369 3805 Strabonem
1390 3769 1450 3824 p.
1478 3750 1590 3823 697
1620 3762 1677 3806 et
1698 3753 1883 3807 Ptole·

334 3853 535 3890 maium
553 3835 611 3889 in
625 3835 730 3889 hac
751 3834 981 3909 regione
1002 3835 1136 3890 urbs
1155 3836 1411 3908 quaedam
1427 3834 1602 3913 Γώρυς
1620 3848 1676 3893 et
1704 3834 1885 3914 Γωρύα

335 3932 827 3979 commemoratur.
844 3923 1006 3977 Nunc
1022 3932 1257 3978 vocatur
1272 3925 1590 3998 Pangcooa.
1612 3925 1886 3981 Sanscrita

332 4010 564 4063 nomina
596 4009 803 4063 horum
841 4007 1142 4064 fluviorum
1182 4010 1437 4064 nondum
1476 4023 1699 4083 reperta
1730 4023 1887 4080 sunt,

336 4112 460 4166 quae
477 4097 665 4150 nescio
688 4113 761 4148 an
773 4096 942 4150 insint
963 4097 1021 4149 in
1042 4096 1297 4170 catalogo
1310 4092 1604 4151 fluminum
1626 4098 1887 4153 Hababa-

336 4193 472 4235 ratae
498 4184 571 4237 vl
590 4221 606 4249 ‚
630 4179 739 4236 333
759 4222 775 4250 ‚
800 4183 899 4237 ubi
918 4182 1181 4255 deinceps
1208 4194 1607 4238 enumerantur
1622 4183 1876 4251 Savastu,

345 4260 538 4325 Gauri,
562 4260 874 4333 Campana.
894 4298 971 4311 -
989 4262 1249 4333 Tacapas,
1265 4261 1308 4314 si
1319 4263 1620 4334 respexeris
1636 4261 1708 4317 ad
1722 4262 1890 4319 verba

341 4342 504 4420 μέγας
525 4343 784 4419 ποταμός,
820 4365 944 4419 qnae
975 4346 1167 4402 addita
1202 4357 1359 4415 suut,
1387 4349 1480 4401 vix
1507 4345 1657 4401 aliud
1681 4345 1891 4404 flumen

338 4450 452 4487 esse
486 4431 708 4487 videtur
741 4444 909 4506 atque
938 4433 1187 4503 Catadru
1208 4452 1227 4485 .·
1256 4432 1355 4487 sed
1382 4434 1637 4515 ignotum
1668 4442 1750 4487 ωε
1778 4452 1890 4488 no-

339 4536 490 4577 men.
524 4542 549 4567 ι
579 4550 659 4562 -
686 4521 769 4574 De
789 4519 1085 4593 regionum
1123 4529 1177 4574 et
1204 4520 1548 4592 populorum
1571 4521 1892 4591 nominibus

338 4604 492 4661 idem
527 4605 995 4661 Schwanbeckius
1036 4592 1197 4661 afl'ert
1238 4602 1357 4661 haec
1400 4624 1415 4660 1

1485 4627 1511 4655 α
1554 4604 1890 4672 Πευκελᾶῖτις

400 4873 555 4923 Etiam
578 4874 671 4924 boc
687 4873 1015 4937 Megasthenes
1038 4795 1317 4923 gramine
1337 4873 1547 4951 mnodum
1565 4874 1731 4924 Indico
1747 4888 1885 4926 eom·

339 4952 614 5000 munerat:
649 4951 799 5001 Silam
826 4951 870 5000 ei
893 4964 1069 5000 nomen
1100 4962 1234 5012 esse,
1262 4948 1413 5000 iluere
1443 4963 1505 4999 ex
1523 4952 1653 5000 fonte
1673 4952 1886 5013 eliadam

341 5038 453 5075 cum
485 5026 682 5076 flumine
711 5028 917 5077 nominis
950 5040 1035 5088 per
1070 5026 1311 5087 regionem
1343 5026 1583 5089 Silerum,
1622 5027 1705 5089 qui
1740 5029 1886 5078 etiam

340 5104 568 5165 eandem,
600 5118 751 5168 quam
787 5107 890 5155 sons
920 5109 970 5175 et
1005 5105 1216 5166 fluvius,
1253 5105 1615 5168 appellationem
1658 5104 1865 5156 habeant

3384 423 3497 475 415

1967 543 2229 597 sanserite
2246 552 2480 610 vocatur
2502 542 2759 611 Puscala,
2781 544 3131 599 Pus-calama·
3157 542 3273 619 (Cf.
3291 547 3512 603 lassent.

1967 624 2335 697 Zeictclffes.
2369 630 2564 683 Kande
2593 630 2648 682 d.
2678 630 3136 704 Morgenlandes‚
3183 632 3234 703 1,
3267 650 3327 704 p.
3362 639 3514 700 224;

1968 714 2083 780 ΙΙΙ,
2109 731 2167 786 p.
2195 714 2364 787 197),
2390 715 2541 788 apud
2557 715 2779 771 Graecos
2803 716 2970 771 variis
2991 717 3310 772 nominibus
3342 737 3356 772 ε
3383 716 3515 774 Πευ-

1968 799 2215 863 κιλαῶτις
2241 798 2388 878 χώρα
2418 803 2639 857 Arrian.
2673 803 2817 875 Exp.
2843 800 2939 872 IV,
2974 821 3078 871 22,
3105 819 3173 875 9;
3204 800 3351 866 πόλις
3375 804 3514 860 Πευ-

1968 885 2219 949 κελαῶτις
2241 886 2317 943 id.
2342 889 2438 952 lv,
2470 886 2576 952 28,
2619 906 2716 956 ¹03
2743 885 2887 951 πόλις
2915 885 3173 955 Πιυκέλα,
3210 889 3285 944 id.
3325 889 3450 945 Iud.
3485 909 3508 945 ι

1968 974 2026 1018 et
2047 981 2113 1018 ex
2140 964 2294 1019 fonte
2317 964 2518 1020 eodem
2541 965 2892 1032 Πιυκολαῇτις
2910 963 3059 1029 πόλις
3078 966 3280 1021 Strabo
3297 985 3356 1040 p.
3378 968 3514 1036 698,

1969 1051 2300 1106 Peucolaftis
2325 1053 2624 1124 oppidum,
2659 1053 2869 1107 Plinius
2907 1054 3014 1120 VI,
3050 1070 3118 1106 21
3139 1092 3156 1121 ,
3202 1071 3270 1122 7;
3310 1055 3519 1110 Peuco-

1971 1138 2153 1203 laitoe,
2191 1138 2271 1192 id.
2298 1140 2401 1207 vt,
2430 1138 2534 1207 23,
2562 1138 2627 1206 8;
2650 1135 2806 1216 ἄγρια
2829 1137 2966 1215 φῦλα
2993 1135 3323 1213 nannetum,
3343 1142 3515 1199 Dion.

1970 1224 2096 1279 Pet.
2131 1244 2152 1279 1
2170 1224 2299 1292 143,
2325 1218 2585 1298 Ποκλαΐς,
2613 1227 2882 1295 Ptolem.;
2917 1219 3180 1303 Προκλαίς
3198 1267 3214 1294 ,
3243 1223 3516 1304 [Arriam]

1972 1311 2177 1385 Peripl.
2204 1329 2342 1366 mar.
2382 1313 2606 1386 Erythr.
2633 1332 2694 1386 p.
2729 1330 2795 1368 21
2830 1312 3010 1369 Huds.
3040 1340 3121 1355 —
3162 1313 3384 1385 Κηκεῖς,
3410 1315 3515 1370 Ce‘-

1966 1404 2135 1467 cajoe‚
2163 1400 2383 1453 Lassen-
2416 1397 2651 1472 Pentap.
2681 1419 2741 1474 p.
2775 1417 2867 1455 12.
2892 1427 2974 1442 —-
2995 1395 3348 1476 Ἀὅισσαριῐς,
3383 1404 3518 1457 Abi-

1964 1501 2134 1538 smoe.
2165 1486 2383 1539 Lassen.
2414 1486 2646 1560 Pentap.
2677 1505 2739 1559 p.
2789 1485 2896 1559 183
2929 1483 3198 1556 Zeitsehfi
3225 1489 3300 1555 11,
3328 1506 3390 1561 p.
3417 1487 3519 1559 503

1966 1571 2170 1626 Ritter.
2209 1574 2384 1626 Asien
2422 1573 2507 1640 11,
2538 1592 2598 1646 p.
2637 1572 2805 1631 1085.
2835 1575 3108 1629 Praeterea
3140 1592 3349 1630 nomen
3377 1595 3520 1648 pro-

1966 1659 2266 1713 nunciatur
2285 1655 2560 1733 Ἀὅισᾶρης
2590 1661 2605 1731 (
2631 1656 2981 1737 Ἁμὸισάρης)
3013 1665 3143 1716 Arr.
3172 1671 3228 1716 et
3253 1662 3348 1730 al„
3371 1658 3507 1736 Ἐμ·

1968 1738 2178 1818 ὅίσαρος
2199 1744 2369 1802 Diod.
2395 1746 2577 1802 XVII.
2609 1745 2705 1816 87,
2743 1743 3097 1824 Ἀποσισᾶρης
3117 1747 3323 1804 AElian.
3350 1750 3420 1806 H.
3450 1754 3519 1810 A.

1963 1830 2119 1885 XVI.
2138 1829 2229 1904 39,
2250 1833 2429 1889 Tzetz.
2449 1833 2593 1889 Chil.
2621 1835 2722 1888 111.
2744 1838 2817 1905 94
2833 1852 2880 1890 1.
2901 1863 2979 1875 —-
3000 1830 3226 1900 Μαλλοί,
3246 1835 3517 1906 Malaver,

1965 1917 2185 1970 Lassen.
2199 1917 2464 1976 Zeitscler.
2483 1919 2588 1985 111,
2604 1935 2665 1991 Ρ.
2689 1918 2817 1992 196.
2835 1921 3377 1974 Accuratiusnomen
3389 1925 3520 1978 scri·

1966 2000 2120 2055 bitur
2147 1999 2323 2058 Μαλοί
2336 2019 2427 2076 ap.
2455 2004 2639 2061 Strab.
2663 2022 2720 2077 p.
2745 2023 2881 2078 701,
2898 2005 3092 2077 Steph.
3109 2007 3236 2077 Byz.
3260 2004 3353 2060 ed.
3383 2004 3517 2059 Ald.

1967 2098 2024 2141 et
2061 2088 2326 2160 Xyland„
2352 2091 2478 2143 Arr.
2516 2089 2689 2145 Diod.
2738 2090 2831 2147 ed.
2874 2091 3037 2145 Basil.
3068 2121 3145 2132 —
3181 2087 3519 2164 Ὀξύδρακαι,

1966 2175 2268 2231 Xudracoe.
2297 2178 2516 2234 Lassen.
2557 2176 2823 2234 zeitschr.
2872 2178 2974 2233 111.
3025 2195 3155 2250 199.
3206 2174 3521 2253 Ὀξύδρακαι

1967 2265 2097 2332 ᾼιτ.
2124 2261 2307 2317 Strab.
2341 2264 2501 2321 Paus.
2526 2263 2718 2337 Steph.
2750 2273 2807 2318 et
2831 2264 2929 2332 al.‚
2963 2264 3268 2332 Ozrdmcae
3295 2267 3357 2319 L.
3388 2269 3522 2319 Am-

1906 2351 1913 2358 ’
1965 2349 2107 2421 pel.‚
2126 2335 2400 2424 ε’Υδρακαι
2416 2350 2597 2408 Strab.
2613 2369 2675 2423 p.
2696 2348 2808 2420 687
2830 2368 2899 2405 ex
2919 2351 3289 2424 Megasthene,
3317 2345 3518 2426 ‘'I'Sap·

1968 2455 2058 2490 και
2070 2436 2303 2507 DionyS.
2322 2437 2610 2509 ap.Steph.
2623 2438 2775 2510 Byz„
2795 2436 3127 2514 Συρακσΰσαι
3144 2438 3315 2493 Diod.
3332 2439 3519 2508 XVII,

1968 2521 2045 2594 98
2064 2564 2080 2589 ,
2132 2516 2356 2599 Σκύδροι
2402 2530 2556 2596 (var.
2606 2525 2641 2581 l.
2686 2521 2930 2600 Σκύδροι,
2976 2520 3225 2598 Σκόθροι,
3264 2521 3516 2600 Σκύθροι)

1965 2608 2139 2663 Dion.
2177 2610 2394 2683 Perieg.
2433 2629 2454 2664 1
2471 2616 2578 2675 142
2596 2649 2613 2677 ,
2638 2609 2877 2681 Sydraci
2895 2611 3040 2669 Plin.
3065 2613 3138 2667 E.
3163 2611 3234 2666 N.
3258 2613 3396 2683 xli,
3429 2630 3519 2678 12,

1968 2694 2278 2767 Sygambri.
2300 2696 2502 2750 sustin.
2527 2697 2684 2766 vm,
2710 2714 2767 2768 9,
2790 2694 2844 2748 3.
2872 2735 2950 2743 -
2968 2700 3268 2750 Assacenoe
3290 2697 3516 2752 obscuri

1967 2791 2125 2848 sunt3
2148 2784 2449 2836 Assacanos
2469 2791 2656 2836 autem
2678 2800 2722 2838 s,
2744 2787 3045 2836 Assacenos
3067 2782 3369 2837 Alexandri
3386 2793 3521 2837 tem·

1967 2884 2111 2939 pore
2139 2869 2340 2923 scimus
2363 2870 2510 2923 inter
2547 2868 2751 2923 Indum
2780 2878 2836 2923 et
2872 2869 3136 2925 Guraeum
3175 2869 3521 2925 habitavisse.

1969 2957 2101 3011 Arr.
2125 2957 2268 3030 Exp.
2289 2956 2377 3014 ΑΙ.
2390 2957 2487 3026 IV,
2503 2954 2600 3025 25,
2624 2955 2824 3027 7‚1nd.
2847 2974 2868 3010 1
2883 2998 2899 3025 ,
2917 2956 3102 3017 Strab.
3125 2976 3186 3031 p.
3207 2955 3343 3028 698,
3361 2957 3516 3012 Curt.

1968 3042 2124 3111 VIII,
2159 3061 2250 3110 10,
2279 3061 2375 3111 22,
2405 3044 2597 3101 Itiner.
2625 3045 2787 3101 Alex.
2827 3043 2957 3099 106.
2997 3073 3079 3087 -
3113 3042 3522 3100 Cambistleolo-

1970 3146 2091 3182 rum
2135 3148 2344 3184 nomen
2378 3131 2703 3184 sanseritum
2731 3130 2920 3185 nescio
2949 3149 3021 3185 an
3047 3132 3118 3185 sit
3162 3132 3509 3204 Cupis-fala,

1969 3215 2010 3268 i.
2035 3232 2083 3271 e.
2102 3216 2389 3270 simiarum
2414 3218 2572 3289 regio
2592 3258 2609 3287 ,
2635 3217 2695 3271 in
2713 3235 2829 3289 quo
2849 3219 3077 3274 nomine
3097 3219 3279 3272 littera
3305 3219 3376 3272 M
3390 3229 3520 3274 ante

1970 3301 2210 3356 litteram
2235 3304 2290 3357 B
2310 3302 2513 3359 eodem
2540 3303 2715 3357 modo
2740 3304 2945 3359 inserta
2974 3306 3045 3359 sit
3061 3343 3077 3372 ‚
3103 3322 3218 3376 quo
3246 3304 3306 3358 in
3336 3305 3523 3359 nomi·

1923 3414 1933 3443 i
1968 3387 2136 3443 nibus
2177 3384 2561 3465 Παλίμὸοθρα,
2605 3385 2951 3466 Ἐμὸίσαρος.
2991 3392 3373 3445 Enumeratur
3414 3392 3525 3447 Ca-

1969 3474 2183 3546 pist'ala
2202 3476 2347 3530 inter
2363 3476 2582 3531 Indicas
2602 3486 2775 3530 terras
2791 3476 3091 3533 Vartsanh.
3113 3477 3211 3529 As.
3228 3478 3349 3532 Res.
3374 3479 3522 3531 vlu.

1975 3560 2110 3623 438.
2163 3558 2304 3616 Mire
2350 3562 2501 3616 Vilso
2545 3561 2563 3635 (
2587 3558 3047 3619 Via'n'u-Puran'.
3103 3560 3265 3634 194.)
3307 3562 3524 3617 Cambi-

1970 3647 2183 3701 stholos
2196 3646 2419 3701 eosdem
2448 3664 2563 3702 esse
2578 3648 2881 3720 suspicatus
2897 3658 2980 3702 est
2997 3657 3165 3719 atque
3178 3644 3441 3722 Cambog'
3444 3666 3521 3715 as,

1973 3750 2004 3786 a
2034 3732 2237 3805 quibus
2261 3751 2435 3805 quum
2455 3720 2687 3789 nomine
2710 3743 2829 3788 tum
2855 3735 2966 3789 situ
2989 3734 3230 3789 multum
3256 3734 3475 3790 absunt.
3500 3761 3524 3784 ι·

2710 3846 2801 3900 19.

2053 3921 2321 3976 Arrianus
2345 3920 2469 3976 Ind.
2510 3920 2576 3990 6,
2615 3939 2648 3975 2
2684 3936 2700 3977 :
2741 3918 2850 3978 Καὶ
2876 3918 2991 3976 τόδε
3017 3918 3156 3995 λέγει
3183 3918 3522 3997 Μεγασθένης

1975 4001 2102 4081 ὑπὲρ
2120 4009 2357 4079 ποταμοῦ
2381 4002 2599 4064 Ἰνδικοῦ
2612 4050 2628 4076 ,
2647 4003 2814 4063 Σίλαν
2829 4003 2928 4079 μὲν
2946 3994 3076 4061 εἶναί
3098 4008 3143 4063 οἱ
3163 4002 3377 4074 οὕνομα,
3396 4004 3530 4083 ῥέειν

1984 4088 2041 4148 δὲ
2077 4089 2183 4148 ἀπὸ
2213 4089 2405 4170 κρήνης
2439 4090 2711 4167 ἐπωνύμου
2742 4093 2819 4170 τῷ
2849 4094 3072 4170 ποταμῷ
3103 4089 3188 4149 διὰ
3225 4095 3318 4161 τῆς
3351 4090 3528 4170 χώρης

1986 4180 2076 4245 τῆς
2100 4176 2318 4249 Σιλέων,
2334 4176 2634 4236 καὶτούτων
2659 4175 2945 4252 ἐπωνύμων
2976 4182 3066 4234 τοῦ
3096 4182 3334 4253 ποταμοῦ
3360 4199 3415 4234 τε
3434 4176 3525 4235 καὶ

1977 4267 2070 4334 τῆς
2096 4266 2312 4342 κρήνης·
2339 4267 2406 4342 (a)
2440 4263 2499 4323 τὸ
2522 4263 2576 4322 δὲ
2605 4261 2742 4342 ὕδωρ
2769 4261 3091 4341 παρέχεσθαι
3116 4263 3310 4323 τοῖόνδε
3328 4286 3341 4300 ·
3380 4263 3524 4321 οῦδὲν

1978 4340 2107 4407 εἶναι
2129 4351 2259 4431 ὅτεῳ
2282 4351 2488 4429 ἀντέχει
2509 4351 2570 4408 τὸ
2589 4349 2727 4429 ὕδωρ
2742 4395 2762 4425 ,
2782 4348 2901 4408 οὔτε
2922 4373 2971 4406 τι
2988 4349 3238 4427 νήχεσθαι
3261 4351 3342 4407 ἐπ’
3368 4352 3524 4407 αὐτοῦ

1977 4433 2095 4493 οὔτε
2126 4459 2177 4493 τι
2208 4436 2493 4512 ἐπιπλέειν,
2531 4436 2667 4495 ἀλλὰ
2692 4436 2866 4494 πάντα
2891 4434 2994 4515 γὰρ
3033 4437 3084 4501 ἐς
3114 4435 3303 4513 βυσσὸν
3331 4434 3494 4493 δύνειν
3513 4458 3528 4471 ·

1977 4520 2116 4579 οὕτω
2137 4546 2187 4581 τι
2218 4523 2587 4603 ἀμενηνότερον
2615 4522 2824 4581 πάντων
2849 4513 2979 4580 εἶναι
3005 4520 3065 4579 τὸ
3087 4522 3225 4601 ὕδωρ
3248 4522 3410 4581 ἐκεῖνο
3434 4521 3523 4579 καὶ

1980 4611 2406 4689 ἠιροιιδίστερον.
2597 4616 2600 4619 ’

1972 4796 2044 4860 (3)
2070 4798 2187 4858 Ejus
2207 4810 2384 4860 aquam
2420 4796 2651 4858 ejusmodi
2683 4810 2811 4858 eme,
2844 4799 2901 4846 ut
2936 4796 3271 4845 nihilomnino
3293 4795 3527 4844 sustinere

1972 4876 2120 4938 possit
2136 4912 2151 4935 ,
2183 4888 2341 4938 neque
2359 4876 2618 4938 quiequam
2640 4874 2684 4925 ei
2707 4876 2925 4925 innatare
2953 4888 3110 4937 neque
3132 4874 3524 4949 supernavigat-e,

1974 4951 2062 5001 aed
2082 4952 2245 5000 omnia
2262 4952 2311 5001 in
2344 4951 2547 5001 fundum
2563 4952 2792 5015 demergi.
2858 4954 2932 5001 lta
2961 4964 3062 5014 pm
3081 4951 3276 5013 reliquia
3299 4948 3525 4998 omnibu»

1973 5028 2099 5078 hane
2113 5041 2292 5090 aquam
2309 5028 2634 5090 impatientem
2649 5032 2797 5092 atque
2818 5016 2967 5090 magis
2989 5040 3182 5077 aeream
3198 5030 3319 5078 etse.

2038 5108 2094 5155 ln
2116 5106 2305 5168 regione
2325 5109 2552 5154 monum
2574 5106 2720 5156 sium
2740 5106 2942 5155 nuvium
2959 5118 3061 5155 me
3079 5104 3405 5165 Memmiana
3424 5104 3521 5151 tra·
