<?xml version="1.0" encoding="UTF-8"?>
<!DOCTYPE html PUBLIC "-//W3C//DTD XHTML 1.0 Transitional//EN"
    "http://www.w3.org/TR/xhtml1/DTD/xhtml1-transitional.dtd">
<html xmlns="http://www.w3.org/1999/xhtml" xml:lang="en" lang="en">
 <head>
  <title>
</title>
<meta http-equiv="Content-Type" content="text/html;charset=utf-8" />
  <meta name='ocr-system' content='tesseract 3.04.00' />
  <meta name='ocr-capabilities' content='ocr_page ocr_carea ocr_par ocr_line ocrx_word'/>
</head>
<body>
  <div class='ocr_page' id='page_1' title='image "./fragmentahistor00mgoog_0024.png"; bbox 0 0 4016 5916; ppageno 0'>
   <div class='ocr_carea' id='block_1_1' title="bbox 388 423 502 465">
    <p class='ocr_par' dir='ltr' id='par_1_1' title="bbox 388 423 502 465">
     <span class='ocr_line' id='line_1_1' title="bbox 388 423 502 465; baseline -0.009 0"><span class='ocrx_word' id='word_1_1' title='bbox 388 423 502 465; x_wconf 76' lang='lat' dir='ltr'><strong>xlv</strong></span> 
     </span>
    </p>
   </div>
   <div class='ocr_carea' id='block_1_2' title="bbox 380 528 1965 3759">
    <p class='ocr_par' dir='ltr' id='par_1_2' title="bbox 380 528 1958 2187">
     <span class='ocr_line' id='line_1_2' title="bbox 384 528 1945 613; baseline -0.003 -21"><span class='ocrx_word' id='word_1_2' title='bbox 384 533 589 605; x_wconf 70' lang='grc' dir='ltr'>ἐπέστη</span> <span class='ocrx_word' id='word_1_3' title='bbox 618 530 738 613; x_wconf 70' lang='grc' dir='ltr'>περὶ</span> <span class='ocrx_word' id='word_1_4' title='bbox 762 534 855 603; x_wconf 75' lang='grc' dir='ltr'><strong>τῆς</strong></span> <span class='ocrx_word' id='word_1_5' title='bbox 893 528 1157 610; x_wconf 83' lang='grc' dir='ltr'>βασιλείας</span> <span class='ocrx_word' id='word_1_6' title='bbox 1181 530 1426 603; x_wconf 85' lang='grc' dir='ltr'>κίνδυνος,</span> <span class='ocrx_word' id='word_1_7' title='bbox 1457 528 1543 589; x_wconf 77' lang='grc' dir='ltr'>διὰ</span> <span class='ocrx_word' id='word_1_8' title='bbox 1569 529 1663 602; x_wconf 78' lang='grc' dir='ltr'><strong>τὴν</strong></span> <span class='ocrx_word' id='word_1_9' title='bbox 1689 530 1817 613; x_wconf 81' lang='grc' dir='ltr'>πρὸς</span> <span class='ocrx_word' id='word_1_10' title='bbox 1850 532 1945 589; x_wconf 86' lang='grc' dir='ltr'><strong>αὗ-</strong></span> 
     </span>
     <span class='ocr_line' id='line_1_3' title="bbox 380 616 1949 703; baseline -0.002 -22"><span class='ocrx_word' id='word_1_11' title='bbox 380 623 479 681; x_wconf 75' lang='grc' dir='ltr'>πὸν</span> <span class='ocrx_word' id='word_1_12' title='bbox 512 621 909 703; x_wconf 80' lang='grc' dir='ltr'>ἀλλοτριότητα.</span> <span class='ocrx_word' id='word_1_13' title='bbox 992 621 1114 680; x_wconf 90' lang='grc' dir='ltr'><strong>Τῶν</strong></span> <span class='ocrx_word' id='word_1_14' title='bbox 1150 616 1251 698; x_wconf 71' lang='grc' dir='ltr'><strong>γὰρ</strong></span> <span class='ocrx_word' id='word_1_15' title='bbox 1295 616 1619 699; x_wconf 73' lang='grc' dir='ltr'>μισθοφόρων</span> <span class='ocrx_word' id='word_1_16' title='bbox 1646 618 1724 686; x_wconf 72' lang='grc' dir='ltr'><strong>τὶς</strong></span> <span class='ocrx_word' id='word_1_17' title='bbox 1754 617 1949 699; x_wconf 81' lang='grc' dir='ltr'>Ἀνδρί·</span> 
     </span>
     <span class='ocr_line' id='line_1_4' title="bbox 384 702 1952 787; baseline -0.006 -19"><span class='ocrx_word' id='word_1_18' title='bbox 384 731 515 775; x_wconf 67' lang='grc' dir='ltr'><strong>ισκος</strong></span> <span class='ocrx_word' id='word_1_19' title='bbox 533 707 714 785; x_wconf 83' lang='grc' dir='ltr'>ὄνομα,</span> <span class='ocrx_word' id='word_1_20' title='bbox 731 706 824 778; x_wconf 85' lang='grc' dir='ltr'><strong>τήν</strong></span> <span class='ocrx_word' id='word_1_21' title='bbox 847 729 902 763; x_wconf 92' lang='grc' dir='ltr'><strong>τε</strong></span> <span class='ocrx_word' id='word_1_22' title='bbox 927 706 988 787; x_wconf 85' lang='grc' dir='ltr'>(ι)</span> <span class='ocrx_word' id='word_1_23' title='bbox 1010 704 1125 785; x_wconf 71' lang='grc' dir='ltr'>ὄψιν</span> <span class='ocrx_word' id='word_1_24' title='bbox 1147 706 1236 763; x_wconf 76' lang='grc' dir='ltr'><strong>καὶ</strong></span> <span class='ocrx_word' id='word_1_25' title='bbox 1259 704 1353 776; x_wconf 76' lang='grc' dir='ltr'><strong>τὴν</strong></span> <span class='ocrx_word' id='word_1_26' title='bbox 1379 705 1586 775; x_wconf 82' lang='grc' dir='ltr'>ἡλικίαν</span> <span class='ocrx_word' id='word_1_27' title='bbox 1609 704 1792 779; x_wconf 79' lang='grc' dir='ltr'>ὁμοίαν</span> <span class='ocrx_word' id='word_1_28' title='bbox 1819 702 1952 783; x_wconf 79' lang='grc' dir='ltr'>ἔχων</span> 
     </span>
     <span class='ocr_line' id='line_1_5' title="bbox 392 792 1952 875; baseline -0.006 -17"><span class='ocrx_word' id='word_1_29' title='bbox 392 796 652 875; x_wconf 80' lang='grc' dir='ltr'>Φιλίππῳ</span> <span class='ocrx_word' id='word_1_30' title='bbox 692 798 765 875; x_wconf 73' lang='grc' dir='ltr'><strong>τῷ</strong></span> <span class='ocrx_word' id='word_1_31' title='bbox 810 792 1053 873; x_wconf 80' lang='grc' dir='ltr'>Περσέως</span> <span class='ocrx_word' id='word_1_32' title='bbox 1081 795 1209 873; x_wconf 74' lang='grc' dir='ltr'>υἱῷ,</span> <span class='ocrx_word' id='word_1_33' title='bbox 1255 792 1315 851; x_wconf 78' lang='grc' dir='ltr'><strong>τὸ</strong></span> <span class='ocrx_word' id='word_1_34' title='bbox 1357 792 1449 869; x_wconf 80' lang='grc' dir='ltr'>μὲν</span> <span class='ocrx_word' id='word_1_35' title='bbox 1483 796 1686 874; x_wconf 89' lang='grc' dir='ltr'>πρῶτον</span> <span class='ocrx_word' id='word_1_36' title='bbox 1715 792 1814 851; x_wconf 75' lang='grc' dir='ltr'>ὑπὸ</span> <span class='ocrx_word' id='word_1_37' title='bbox 1853 796 1952 850; x_wconf 83' lang='grc' dir='ltr'><strong>τῶν</strong></span> 
     </span>
     <span class='ocr_line' id='line_1_6' title="bbox 391 880 1953 964; baseline -0.004 -21"><span class='ocrx_word' id='word_1_38' title='bbox 391 883 666 964; x_wconf 79' lang='grc' dir='ltr'>γνωρίμων</span> <span class='ocrx_word' id='word_1_39' title='bbox 708 880 1004 941; x_wconf 76' lang='grc' dir='ltr'><strong>ἐσκώπτετο</strong></span> <span class='ocrx_word' id='word_1_40' title='bbox 1022 927 1039 958; x_wconf 80' lang='lat'>,</span> <span class='ocrx_word' id='word_1_41' title='bbox 1070 880 1160 939; x_wconf 73' lang='grc' dir='ltr'><strong>καὶ</strong></span> <span class='ocrx_word' id='word_1_42' title='bbox 1196 880 1435 960; x_wconf 79' lang='grc' dir='ltr'>Περσέως</span> <span class='ocrx_word' id='word_1_43' title='bbox 1464 882 1571 947; x_wconf 69' lang='grc' dir='ltr'>υἱὸς</span> <span class='ocrx_word' id='word_1_44' title='bbox 1609 882 1921 938; x_wconf 78' lang='grc' dir='ltr'>ἀπεκαλεῖτο</span> <span class='ocrx_word' id='word_1_45' title='bbox 1940 904 1953 917; x_wconf 92' lang='grc'><em>·</em></span> 
     </span>
     <span class='ocr_line' id='line_1_7' title="bbox 394 965 1956 1051; baseline -0.003 -21"><span class='ocrx_word' id='word_1_46' title='bbox 394 970 529 1051; x_wconf 73' lang='grc' dir='ltr'>ταχὺ</span> <span class='ocrx_word' id='word_1_47' title='bbox 559 969 611 1029; x_wconf 81' lang='grc' dir='ltr'><strong>δὲ</strong></span> <span class='ocrx_word' id='word_1_48' title='bbox 640 968 785 1050; x_wconf 78' lang='grc' dir='ltr'>παρὰ</span> <span class='ocrx_word' id='word_1_49' title='bbox 812 977 918 1037; x_wconf 90' lang='grc' dir='ltr'>τοῖς</span> <span class='ocrx_word' id='word_1_50' title='bbox 948 969 1156 1034; x_wconf 80' lang='grc' dir='ltr'>πολλοῖς</span> <span class='ocrx_word' id='word_1_51' title='bbox 1181 971 1209 1027; x_wconf 84' lang='grc' dir='ltr'>ὁ</span> <span class='ocrx_word' id='word_1_52' title='bbox 1246 967 1395 1046; x_wconf 81' lang='grc' dir='ltr'>λόγος</span> <span class='ocrx_word' id='word_1_53' title='bbox 1430 968 1724 1038; x_wconf 79' lang='grc' dir='ltr'><strong>ἐπιστεύθη.</strong></span> <span class='ocrx_word' id='word_1_54' title='bbox 1761 971 1811 1028; x_wconf 83' lang='grc' dir='ltr'><strong>Τ</strong></span> <span class='ocrx_word' id='word_1_55' title='bbox 1813 973 1870 1025; x_wconf 79' lang='grc' dir='ltr'><strong>οῦ</strong></span> <span class='ocrx_word' id='word_1_56' title='bbox 1901 965 1956 1026; x_wconf 83' lang='grc' dir='ltr'><strong>δὲ</strong></span> 
     </span>
     <span class='ocr_line' id='line_1_8' title="bbox 384 1053 1953 1137; baseline -0.003 -21"><span class='ocrx_word' id='word_1_57' title='bbox 384 1056 691 1137; x_wconf 81' lang='grc' dir='ltr'>Ἄνδρίσκου</span> <span class='ocrx_word' id='word_1_58' title='bbox 719 1056 852 1115; x_wconf 70' lang='grc' dir='ltr'>κατὰ</span> <span class='ocrx_word' id='word_1_59' title='bbox 878 1057 973 1127; x_wconf 71' lang='grc' dir='ltr'><strong>τὴν</strong></span> <span class='ocrx_word' id='word_1_60' title='bbox 998 1057 1100 1113; x_wconf 90' lang='grc' dir='ltr'><strong>τῶν</strong></span> <span class='ocrx_word' id='word_1_61' title='bbox 1128 1055 1333 1113; x_wconf 79' lang='grc' dir='ltr'>πολλῶν</span> <span class='ocrx_word' id='word_1_62' title='bbox 1355 1053 1534 1136; x_wconf 76' lang='grc' dir='ltr'>φήμην</span> <span class='ocrx_word' id='word_1_63' title='bbox 1561 1053 1953 1132; x_wconf 75' lang='grc' dir='ltr'>ἀποτολμήσαν·</span> 
     </span>
     <span class='ocr_line' id='line_1_9' title="bbox 397 1140 1954 1222; baseline -0.002 -20"><span class='ocrx_word' id='word_1_64' title='bbox 397 1167 505 1218; x_wconf 87' lang='grc' dir='ltr'>τος,</span> <span class='ocrx_word' id='word_1_65' title='bbox 543 1144 632 1202; x_wconf 78' lang='grc' dir='ltr'><strong>καὶ</strong></span> <span class='ocrx_word' id='word_1_66' title='bbox 667 1142 740 1222; x_wconf 84' lang='grc' dir='ltr'>μὴ</span> <span class='ocrx_word' id='word_1_67' title='bbox 785 1141 939 1219; x_wconf 90' lang='grc' dir='ltr'>μόνον</span> <span class='ocrx_word' id='word_1_68' title='bbox 982 1140 1162 1200; x_wconf 78' lang='grc' dir='ltr'>ἑαυτὸν</span> <span class='ocrx_word' id='word_1_69' title='bbox 1209 1140 1450 1221; x_wconf 84' lang='grc' dir='ltr'>Περσέως</span> <span class='ocrx_word' id='word_1_70' title='bbox 1497 1140 1781 1221; x_wconf 80' lang='grc' dir='ltr'>φάσκοντος</span> <span class='ocrx_word' id='word_1_71' title='bbox 1827 1140 1954 1214; x_wconf 76' lang='grc' dir='ltr'>υἱὸν,</span> 
     </span>
     <span class='ocr_line' id='line_1_10' title="bbox 397 1226 1949 1308; baseline -0.003 -18"><span class='ocrx_word' id='word_1_72' title='bbox 397 1231 534 1290; x_wconf 77' lang='grc' dir='ltr'>ἀλλὰ</span> <span class='ocrx_word' id='word_1_73' title='bbox 562 1230 652 1289; x_wconf 74' lang='grc' dir='ltr'><strong>καὶ</strong></span> <span class='ocrx_word' id='word_1_74' title='bbox 680 1228 918 1301; x_wconf 73' lang='grc' dir='ltr'>πλαστὴν</span> <span class='ocrx_word' id='word_1_75' title='bbox 947 1228 1144 1307; x_wconf 84' lang='grc' dir='ltr'>γένεσιν</span> <span class='ocrx_word' id='word_1_76' title='bbox 1174 1227 1264 1286; x_wconf 74' lang='grc' dir='ltr'><strong>καὶ</strong></span> <span class='ocrx_word' id='word_1_77' title='bbox 1291 1226 1484 1308; x_wconf 72' lang='grc' dir='ltr'>τροφὴν</span> <span class='ocrx_word' id='word_1_78' title='bbox 1512 1228 1949 1308; x_wconf 75' lang='grc' dir='ltr'>ἀποφαινομένου,</span> 
     </span>
     <span class='ocr_line' id='line_1_11' title="bbox 395 1314 1954 1398; baseline -0.003 -21"><span class='ocrx_word' id='word_1_79' title='bbox 395 1320 485 1377; x_wconf 85' lang='grc' dir='ltr'><strong>καὶ</strong></span> <span class='ocrx_word' id='word_1_80' title='bbox 512 1318 644 1395; x_wconf 80' lang='grc' dir='ltr'>μετὰ</span> <span class='ocrx_word' id='word_1_81' title='bbox 668 1318 827 1398; x_wconf 78' lang='grc' dir='ltr'>ὄχλου</span> <span class='ocrx_word' id='word_1_82' title='bbox 847 1315 1213 1397; x_wconf 81' lang='grc' dir='ltr'>προσελθόντος</span> <span class='ocrx_word' id='word_1_83' title='bbox 1231 1318 1305 1396; x_wconf 78' lang='grc' dir='ltr'><strong>τῷ</strong></span> <span class='ocrx_word' id='word_1_84' title='bbox 1328 1314 1616 1395; x_wconf 79' lang='grc' dir='ltr'><strong>Δημητρίῳ</strong></span> <span class='ocrx_word' id='word_1_85' title='bbox 1635 1362 1651 1391; x_wconf 85' lang='lat'>‚</span> <span class='ocrx_word' id='word_1_86' title='bbox 1675 1315 1765 1374; x_wconf 68' lang='grc' dir='ltr'><strong>καὶ</strong></span> <span class='ocrx_word' id='word_1_87' title='bbox 1788 1338 1954 1395; x_wconf 86' lang='grc' dir='ltr'>παρα-</span> 
     </span>
     <span class='ocr_line' id='line_1_12' title="bbox 395 1402 1955 1484; baseline -0.002 -20"><span class='ocrx_word' id='word_1_88' title='bbox 395 1408 673 1473; x_wconf 75' lang='grc' dir='ltr'>καλοῦντος</span> <span class='ocrx_word' id='word_1_89' title='bbox 714 1406 866 1464; x_wconf 72' lang='grc' dir='ltr'>αὑτὸν</span> <span class='ocrx_word' id='word_1_90' title='bbox 902 1405 1215 1484; x_wconf 80' lang='grc' dir='ltr'>καταγαγεῖν</span> <span class='ocrx_word' id='word_1_91' title='bbox 1257 1406 1329 1471; x_wconf 84' lang='grc' dir='ltr'><strong>εἷς</strong></span> <span class='ocrx_word' id='word_1_92' title='bbox 1371 1402 1705 1464; x_wconf 70' lang='grc' dir='ltr'>Μακεδονίαν</span> <span class='ocrx_word' id='word_1_93' title='bbox 1732 1402 1819 1460; x_wconf 76' lang='grc' dir='ltr'><strong>ἐπὶ</strong></span> <span class='ocrx_word' id='word_1_94' title='bbox 1860 1402 1955 1473; x_wconf 70' lang='grc' dir='ltr'>τὴν</span> 
     </span>
     <span class='ocr_line' id='line_1_13' title="bbox 396 1488 1954 1574; baseline -0.004 -23"><span class='ocrx_word' id='word_1_95' title='bbox 396 1493 649 1574; x_wconf 81' lang='grc' dir='ltr'>πατρῴαν</span> <span class='ocrx_word' id='word_1_96' title='bbox 678 1491 944 1573; x_wconf 83' lang='grc' dir='ltr'>βασιλείαν</span> <span class='ocrx_word' id='word_1_97' title='bbox 965 1542 980 1567; x_wconf 85' lang='grc'>,</span> <span class='ocrx_word' id='word_1_98' title='bbox 1007 1492 1067 1550; x_wconf 78' lang='grc' dir='ltr'><strong>τὸ</strong></span> <span class='ocrx_word' id='word_1_99' title='bbox 1096 1488 1191 1568; x_wconf 81' lang='grc' dir='ltr'>μὲν</span> <span class='ocrx_word' id='word_1_100' title='bbox 1213 1493 1418 1569; x_wconf 88' lang='grc' dir='ltr'>πρῶτον</span> <span class='ocrx_word' id='word_1_101' title='bbox 1438 1492 1466 1548; x_wconf 84' lang='grc' dir='ltr'>ὁ</span> <span class='ocrx_word' id='word_1_102' title='bbox 1486 1488 1784 1570; x_wconf 77' lang='grc' dir='ltr'>Δημήτριος</span> <span class='ocrx_word' id='word_1_103' title='bbox 1804 1488 1954 1569; x_wconf 64' lang='grc' dir='ltr'>ἔσχεν</span> 
     </span>
     <span class='ocr_line' id='line_1_14' title="bbox 395 1576 1956 1661; baseline -0.004 -20"><span class='ocrx_word' id='word_1_104' title='bbox 395 1585 466 1648; x_wconf 81' lang='grc' dir='ltr'><strong>ὡς</strong></span> <span class='ocrx_word' id='word_1_105' title='bbox 485 1581 604 1661; x_wconf 80' lang='grc' dir='ltr'>περὶ</span> <span class='ocrx_word' id='word_1_106' title='bbox 628 1580 785 1658; x_wconf 87' lang='grc' dir='ltr'>μόνου</span> <span class='ocrx_word' id='word_1_107' title='bbox 801 1581 885 1658; x_wconf 85' lang='lat'>(2),</span> <span class='ocrx_word' id='word_1_108' title='bbox 899 1586 986 1639; x_wconf 76' lang='grc' dir='ltr'><strong>τοῦ</strong></span> <span class='ocrx_word' id='word_1_109' title='bbox 1008 1578 1061 1637; x_wconf 80' lang='grc' dir='ltr'><strong>δὲ</strong></span> <span class='ocrx_word' id='word_1_110' title='bbox 1081 1577 1304 1650; x_wconf 86' lang='grc' dir='ltr'>πλήθους</span> <span class='ocrx_word' id='word_1_111' title='bbox 1326 1576 1694 1657; x_wconf 80' lang='grc' dir='ltr'>ἀθροισθέντος,</span> <span class='ocrx_word' id='word_1_112' title='bbox 1719 1576 1808 1636; x_wconf 82' lang='grc' dir='ltr'><strong>καὶ</strong></span> <span class='ocrx_word' id='word_1_113' title='bbox 1827 1578 1956 1634; x_wconf 85' lang='grc' dir='ltr'>πολ-</span> 
     </span>
     <span class='ocr_line' id='line_1_15' title="bbox 394 1662 1954 1747; baseline -0.004 -19"><span class='ocrx_word' id='word_1_114' title='bbox 394 1671 500 1728; x_wconf 89' lang='grc' dir='ltr'>λῶν</span> <span class='ocrx_word' id='word_1_115' title='bbox 531 1668 786 1747; x_wconf 85' lang='grc' dir='ltr'>λεγόντων</span> <span class='ocrx_word' id='word_1_116' title='bbox 816 1669 919 1726; x_wconf 83' lang='grc' dir='ltr'>δεῖν</span> <span class='ocrx_word' id='word_1_117' title='bbox 947 1666 982 1738; x_wconf 82' lang='grc' dir='ltr'>ἢ</span> <span class='ocrx_word' id='word_1_118' title='bbox 1006 1665 1251 1743; x_wconf 84' lang='grc' dir='ltr'>κατάγειν</span> <span class='ocrx_word' id='word_1_119' title='bbox 1279 1665 1363 1724; x_wconf 82' lang='grc' dir='ltr'><strong>τὸν</strong></span> <span class='ocrx_word' id='word_1_120' title='bbox 1391 1663 1683 1743; x_wconf 83' lang='grc' dir='ltr'>Ἀνδρίσκον</span> <span class='ocrx_word' id='word_1_121' title='bbox 1712 1662 1746 1734; x_wconf 80' lang='grc' dir='ltr'>ἢ</span> <span class='ocrx_word' id='word_1_122' title='bbox 1779 1686 1954 1744; x_wconf 88' lang='grc' dir='ltr'>παρα-</span> 
     </span>
     <span class='ocr_line' id='line_1_16' title="bbox 396 1749 1958 1837; baseline -0.003 -23"><span class='ocrx_word' id='word_1_123' title='bbox 396 1760 585 1837; x_wconf 82' lang='grc' dir='ltr'>χωρεῖν</span> <span class='ocrx_word' id='word_1_124' title='bbox 610 1760 701 1830; x_wconf 78' lang='grc' dir='ltr'><strong>τῆς</strong></span> <span class='ocrx_word' id='word_1_125' title='bbox 724 1759 891 1835; x_wconf 74' lang='grc' dir='ltr'>ἀρχῆς</span> <span class='ocrx_word' id='word_1_126' title='bbox 912 1753 1001 1813; x_wconf 79' lang='grc' dir='ltr'><strong>τὸν</strong></span> <span class='ocrx_word' id='word_1_127' title='bbox 1019 1753 1340 1833; x_wconf 80' lang='grc' dir='ltr'>Δημήτριον,</span> <span class='ocrx_word' id='word_1_128' title='bbox 1363 1755 1408 1811; x_wconf 82' lang='grc' dir='ltr'><strong>εἰ</strong></span> <span class='ocrx_word' id='word_1_129' title='bbox 1433 1751 1566 1828; x_wconf 83' lang='grc' dir='ltr'>μήτε</span> <span class='ocrx_word' id='word_1_130' title='bbox 1590 1749 1803 1810; x_wconf 78' lang='grc' dir='ltr'>δύναται</span> <span class='ocrx_word' id='word_1_131' title='bbox 1825 1752 1958 1828; x_wconf 79' lang='grc' dir='ltr'>μήτε</span> 
     </span>
     <span class='ocr_line' id='line_1_17' title="bbox 402 1837 1955 1924; baseline -0.003 -22"><span class='ocrx_word' id='word_1_132' title='bbox 402 1844 642 1924; x_wconf 82' lang='grc' dir='ltr'>βούλεται</span> <span class='ocrx_word' id='word_1_133' title='bbox 673 1841 981 1924; x_wconf 81' lang='grc' dir='ltr'>βασιλεύειν,</span> <span class='ocrx_word' id='word_1_134' title='bbox 1005 1841 1243 1921; x_wconf 75' lang='grc' dir='ltr'>φοὸηθεὶς</span> <span class='ocrx_word' id='word_1_135' title='bbox 1268 1839 1362 1912; x_wconf 84' lang='grc' dir='ltr'><strong>τὴν</strong></span> <span class='ocrx_word' id='word_1_136' title='bbox 1386 1842 1489 1898; x_wconf 87' lang='grc' dir='ltr'><strong>τῶν</strong></span> <span class='ocrx_word' id='word_1_137' title='bbox 1518 1837 1690 1918; x_wconf 79' lang='grc' dir='ltr'>ὄχλων</span> <span class='ocrx_word' id='word_1_138' title='bbox 1713 1837 1955 1912; x_wconf 80' lang='grc' dir='ltr'>ὀξύτητα,</span> 
     </span>
     <span class='ocr_line' id='line_1_18' title="bbox 397 1925 1957 2010; baseline -0.004 -20"><span class='ocrx_word' id='word_1_139' title='bbox 397 1932 576 2000; x_wconf 79' lang='grc' dir='ltr'>νυκτὸς</span> <span class='ocrx_word' id='word_1_140' title='bbox 595 1929 844 1996; x_wconf 72' lang='grc' dir='ltr'>συνέλαὸε</span> <span class='ocrx_word' id='word_1_141' title='bbox 864 1929 949 1988; x_wconf 82' lang='grc' dir='ltr'><strong>τὸν</strong></span> <span class='ocrx_word' id='word_1_142' title='bbox 976 1929 1286 2010; x_wconf 85' lang='grc' dir='ltr'>Ἀνδρίσκον,</span> <span class='ocrx_word' id='word_1_143' title='bbox 1307 1925 1397 1987; x_wconf 73' lang='grc' dir='ltr'>καὶ</span> <span class='ocrx_word' id='word_1_144' title='bbox 1424 1930 1755 2008; x_wconf 80' lang='grc' dir='ltr'>παραχρῆμα</span> <span class='ocrx_word' id='word_1_145' title='bbox 1776 1928 1846 1993; x_wconf 87' lang='grc' dir='ltr'><strong>εἷς</strong></span> <span class='ocrx_word' id='word_1_146' title='bbox 1864 1925 1957 1998; x_wconf 77' lang='grc' dir='ltr'><strong>τὴν</strong></span> 
     </span>
     <span class='ocr_line' id='line_1_19' title="bbox 400 2011 1958 2097; baseline -0.004 -19"><span class='ocrx_word' id='word_1_147' title='bbox 400 2018 616 2096; x_wconf 85' lang='grc' dir='ltr'>Ῥώμην</span> <span class='ocrx_word' id='word_1_148' title='bbox 647 2015 944 2090; x_wconf 78' lang='grc' dir='ltr'>ἀπέστειλε,</span> <span class='ocrx_word' id='word_1_149' title='bbox 973 2018 1239 2097; x_wconf 73' lang='grc' dir='ltr'>διασαφῶν</span> <span class='ocrx_word' id='word_1_150' title='bbox 1274 2013 1339 2074; x_wconf 75' lang='grc' dir='ltr'><strong>τὰ</strong></span> <span class='ocrx_word' id='word_1_151' title='bbox 1367 2011 1623 2093; x_wconf 88' lang='grc' dir='ltr'>λεγόμενα</span> <span class='ocrx_word' id='word_1_152' title='bbox 1652 2012 1773 2093; x_wconf 68' lang='grc' dir='ltr'>περὶ</span> <span class='ocrx_word' id='word_1_153' title='bbox 1798 2015 1958 2072; x_wconf 75' lang='grc' dir='ltr'>αὐτοῦ</span> 
     </span>
     <span class='ocr_line' id='line_1_20' title="bbox 387 2104 790 2187; baseline 0.005 -23"><span class='ocrx_word' id='word_1_154' title='bbox 387 2110 464 2186; x_wconf 74' lang='grc' dir='ltr'>τῇ</span> <span class='ocrx_word' id='word_1_155' title='bbox 497 2104 790 2187; x_wconf 83' lang='grc' dir='ltr'>συγκλήτῳ.</span> 
     </span>
    </p>

    <p class='ocr_par' dir='ltr' id='par_1_3' title="bbox 386 2186 1965 3759">
     <span class='ocr_line' id='line_1_21' title="bbox 482 2186 1960 2272; baseline -0.004 -20"><span class='ocrx_word' id='word_1_156' title='bbox 482 2193 615 2272; x_wconf 84' lang='grc' dir='ltr'>Περὶ</span> <span class='ocrx_word' id='word_1_157' title='bbox 644 2193 799 2251; x_wconf 73' lang='grc' dir='ltr'>αὐτοῦ</span> <span class='ocrx_word' id='word_1_158' title='bbox 831 2189 988 2250; x_wconf 79' lang='grc' dir='ltr'>πάλιν</span> <span class='ocrx_word' id='word_1_159' title='bbox 1014 2189 1184 2257; x_wconf 80' lang='grc' dir='ltr'>ἄλλως</span> <span class='ocrx_word' id='word_1_160' title='bbox 1208 2193 1243 2261; x_wconf 81' lang='grc' dir='ltr'>ἡ</span> <span class='ocrx_word' id='word_1_161' title='bbox 1274 2188 1507 2268; x_wconf 76' lang='grc' dir='ltr'>διήγησις</span> <span class='ocrx_word' id='word_1_162' title='bbox 1529 2186 1621 2268; x_wconf 78' lang='lat' dir='ltr'><strong>(a).</strong></span> <span class='ocrx_word' id='word_1_163' title='bbox 1655 2188 1960 2269; x_wconf 82' lang='grc' dir='ltr'>Δημητρίου</span> 
     </span>
     <span class='ocr_line' id='line_1_22' title="bbox 386 2274 1959 2359; baseline -0.003 -21"><span class='ocrx_word' id='word_1_164' title='bbox 386 2285 486 2339; x_wconf 64' lang='grc' dir='ltr'><strong>τοῦ</strong></span> <span class='ocrx_word' id='word_1_165' title='bbox 524 2277 777 2359; x_wconf 71' lang='grc' dir='ltr'>βασιλέως</span> <span class='ocrx_word' id='word_1_166' title='bbox 813 2277 1216 2359; x_wconf 76' lang='grc' dir='ltr'>ἀναπέμψαντος</span> <span class='ocrx_word' id='word_1_167' title='bbox 1237 2280 1307 2344; x_wconf 81' lang='grc' dir='ltr'><strong>εἷς</strong></span> <span class='ocrx_word' id='word_1_168' title='bbox 1328 2276 1421 2349; x_wconf 81' lang='grc' dir='ltr'><strong>τὴν</strong></span> <span class='ocrx_word' id='word_1_169' title='bbox 1454 2274 1671 2353; x_wconf 78' lang='grc' dir='ltr'>Ῥώμην</span> <span class='ocrx_word' id='word_1_170' title='bbox 1695 2276 1959 2335; x_wconf 83' lang='grc' dir='ltr'>νεανίσκον</span> 
     </span>
     <span class='ocr_line' id='line_1_23' title="bbox 397 2364 1961 2447; baseline -0.003 -21"><span class='ocrx_word' id='word_1_171' title='bbox 397 2368 514 2426; x_wconf 75' lang='grc' dir='ltr'>τινὰ</span> <span class='ocrx_word' id='word_1_172' title='bbox 543 2371 611 2433; x_wconf 78' lang='grc' dir='ltr'><strong>ὡς</strong></span> <span class='ocrx_word' id='word_1_173' title='bbox 634 2365 878 2447; x_wconf 78' lang='grc' dir='ltr'>Περσέως</span> <span class='ocrx_word' id='word_1_174' title='bbox 901 2367 1029 2439; x_wconf 74' lang='grc' dir='ltr'>υἱὸν,</span> <span class='ocrx_word' id='word_1_175' title='bbox 1054 2365 1218 2441; x_wconf 84' lang='grc' dir='ltr'>ὄνομα</span> <span class='ocrx_word' id='word_1_176' title='bbox 1240 2365 1554 2447; x_wconf 83' lang='grc' dir='ltr'>Ἂνδρίσκον,</span> <span class='ocrx_word' id='word_1_177' title='bbox 1574 2371 1752 2423; x_wconf 76' lang='grc' dir='ltr'>τοῦτον</span> <span class='ocrx_word' id='word_1_178' title='bbox 1774 2369 1808 2435; x_wconf 88' lang='grc' dir='ltr'>ἡ</span> <span class='ocrx_word' id='word_1_179' title='bbox 1833 2364 1961 2442; x_wconf 76' lang='grc' dir='ltr'>σύγ-</span> 
     </span>
     <span class='ocr_line' id='line_1_24' title="bbox 388 2451 1961 2535; baseline -0.003 -21"><span class='ocrx_word' id='word_1_180' title='bbox 388 2457 587 2526; x_wconf 70' lang='grc' dir='ltr'>κλητος</span> <span class='ocrx_word' id='word_1_181' title='bbox 614 2458 772 2513; x_wconf 76' lang='grc' dir='ltr'>οἰκεῖν</span> <span class='ocrx_word' id='word_1_182' title='bbox 808 2452 1125 2535; x_wconf 78' lang='grc' dir='ltr'>προσέταξεν</span> <span class='ocrx_word' id='word_1_183' title='bbox 1156 2454 1210 2512; x_wconf 86' lang='grc' dir='ltr'><strong>ἔν</strong></span> <span class='ocrx_word' id='word_1_184' title='bbox 1247 2477 1345 2512; x_wconf 90' lang='grc' dir='ltr'>τινι</span> <span class='ocrx_word' id='word_1_185' title='bbox 1370 2453 1522 2511; x_wconf 90' lang='grc' dir='ltr'>πόλει</span> <span class='ocrx_word' id='word_1_186' title='bbox 1562 2456 1663 2512; x_wconf 91' lang='grc' dir='ltr'><strong>τῶν</strong></span> <span class='ocrx_word' id='word_1_187' title='bbox 1691 2451 1830 2511; x_wconf 78' lang='grc' dir='ltr'>κατὰ</span> <span class='ocrx_word' id='word_1_188' title='bbox 1866 2453 1961 2523; x_wconf 74' lang='grc' dir='ltr'><strong>τὴν</strong></span> 
     </span>
     <span class='ocr_line' id='line_1_25' title="bbox 396 2540 1962 2621; baseline -0.003 -18"><span class='ocrx_word' id='word_1_189' title='bbox 396 2541 653 2605; x_wconf 80' lang='grc' dir='ltr'>Ἰταλίαν.</span> <span class='ocrx_word' id='word_1_190' title='bbox 740 2541 809 2602; x_wconf 88' lang='lat'><strong>‘0</strong></span> <span class='ocrx_word' id='word_1_191' title='bbox 837 2542 893 2601; x_wconf 76' lang='grc' dir='ltr'><strong>δὲ</strong></span> <span class='ocrx_word' id='word_1_192' title='bbox 920 2541 1053 2620; x_wconf 79' lang='grc' dir='ltr'>μετά</span> <span class='ocrx_word' id='word_1_193' title='bbox 1081 2564 1196 2600; x_wconf 87' lang='grc' dir='ltr'>τινα</span> <span class='ocrx_word' id='word_1_194' title='bbox 1223 2541 1406 2620; x_wconf 83' lang='grc' dir='ltr'>χρόνον</span> <span class='ocrx_word' id='word_1_195' title='bbox 1432 2540 1644 2621; x_wconf 74' lang='grc' dir='ltr'>διαδρὰς</span> <span class='ocrx_word' id='word_1_196' title='bbox 1670 2542 1867 2620; x_wconf 73' lang='grc' dir='ltr'>ἀπῆρεν</span> <span class='ocrx_word' id='word_1_197' title='bbox 1891 2543 1962 2607; x_wconf 78' lang='grc' dir='ltr'><strong>εἰς</strong></span> 
     </span>
     <span class='ocr_line' id='line_1_26' title="bbox 398 2626 1962 2708; baseline -0.003 -20"><span class='ocrx_word' id='word_1_198' title='bbox 398 2627 660 2700; x_wconf 83' lang='grc' dir='ltr'>Μίλητον.</span> <span class='ocrx_word' id='word_1_199' title='bbox 746 2627 842 2688; x_wconf 82' lang='grc' dir='ltr'><strong>Ἐν</strong></span> <span class='ocrx_word' id='word_1_200' title='bbox 870 2628 1035 2706; x_wconf 84' lang='grc' dir='ltr'>ταύτῃ</span> <span class='ocrx_word' id='word_1_201' title='bbox 1060 2627 1116 2685; x_wconf 78' lang='grc' dir='ltr'><strong>δὲ</strong></span> <span class='ocrx_word' id='word_1_202' title='bbox 1134 2626 1417 2707; x_wconf 76' lang='grc' dir='ltr'>διατρίὸων</span> <span class='ocrx_word' id='word_1_203' title='bbox 1451 2628 1715 2706; x_wconf 77' lang='grc' dir='ltr'>λογοποιεῖ</span> <span class='ocrx_word' id='word_1_204' title='bbox 1743 2627 1805 2706; x_wconf 72' lang='lat'><strong>(⁴)</strong></span> <span class='ocrx_word' id='word_1_205' title='bbox 1840 2629 1962 2708; x_wconf 78' lang='grc' dir='ltr'>περὶ</span> 
     </span>
     <span class='ocr_line' id='line_1_27' title="bbox 399 2713 1955 2795; baseline -0.002 -22"><span class='ocrx_word' id='word_1_206' title='bbox 399 2718 610 2786; x_wconf 78' lang='grc' dir='ltr'>ἑαυτοῦ,</span> <span class='ocrx_word' id='word_1_207' title='bbox 635 2713 880 2795; x_wconf 77' lang='grc' dir='ltr'>Περσέως</span> <span class='ocrx_word' id='word_1_208' title='bbox 908 2713 1087 2773; x_wconf 78' lang='grc' dir='ltr'>ἑαυτὸν</span> <span class='ocrx_word' id='word_1_209' title='bbox 1118 2714 1524 2791; x_wconf 73' lang='grc' dir='ltr'>ἀποφαινόμενος</span> <span class='ocrx_word' id='word_1_210' title='bbox 1552 2715 1804 2795; x_wconf 76' lang='grc' dir='ltr'>ὑπάρχειν</span> <span class='ocrx_word' id='word_1_211' title='bbox 1829 2714 1955 2777; x_wconf 82' lang='grc' dir='ltr'>υἱόν,</span> 
     </span>
     <span class='ocr_line' id='line_1_28' title="bbox 401 2800 1965 2882; baseline -0.003 -19"><span class='ocrx_word' id='word_1_212' title='bbox 401 2804 548 2882; x_wconf 72' lang='grc' dir='ltr'><strong>Ἔφη</strong></span> <span class='ocrx_word' id='word_1_213' title='bbox 574 2802 627 2861; x_wconf 79' lang='grc' dir='ltr'><strong>δὲ</strong></span> <span class='ocrx_word' id='word_1_214' title='bbox 653 2802 807 2860; x_wconf 80' lang='grc' dir='ltr'>αὐτὸν</span> <span class='ocrx_word' id='word_1_215' title='bbox 825 2801 1007 2871; x_wconf 85' lang='grc' dir='ltr'>νήπιον</span> <span class='ocrx_word' id='word_1_216' title='bbox 1028 2800 1151 2860; x_wconf 79' lang='grc' dir='ltr'>ὄντα</span> <span class='ocrx_word' id='word_1_217' title='bbox 1179 2802 1413 2861; x_wconf 81' lang='grc' dir='ltr'>δεδόσθαι</span> <span class='ocrx_word' id='word_1_218' title='bbox 1438 2826 1512 2882; x_wconf 87' lang='grc' dir='ltr'><strong>τῳ</strong></span> <span class='ocrx_word' id='word_1_219' title='bbox 1543 2802 1710 2882; x_wconf 75' lang='grc' dir='ltr'>Κρητὶ</span> <span class='ocrx_word' id='word_1_220' title='bbox 1743 2804 1804 2880; x_wconf 79' lang='lat'><strong>(5)</strong></span> <span class='ocrx_word' id='word_1_221' title='bbox 1837 2801 1965 2881; x_wconf 78' lang='grc' dir='ltr'>πρὸς</span> 
     </span>
     <span class='ocr_line' id='line_1_29' title="bbox 400 2887 1961 2971; baseline 0 -23"><span class='ocrx_word' id='word_1_222' title='bbox 400 2888 719 2971; x_wconf 72' lang='grc' dir='ltr'>ἀνατροφὴν,</span> <span class='ocrx_word' id='word_1_223' title='bbox 747 2888 845 2947; x_wconf 72' lang='grc' dir='ltr'>ὑπὸ</span> <span class='ocrx_word' id='word_1_224' title='bbox 874 2887 927 2948; x_wconf 80' lang='grc' dir='ltr'><strong>δὲ</strong></span> <span class='ocrx_word' id='word_1_225' title='bbox 960 2894 1049 2947; x_wconf 77' lang='grc' dir='ltr'><strong>τοῦ</strong></span> <span class='ocrx_word' id='word_1_226' title='bbox 1082 2887 1288 2969; x_wconf 81' lang='grc' dir='ltr'>Κρητὸς</span> <span class='ocrx_word' id='word_1_227' title='bbox 1314 2892 1455 2971; x_wconf 80' lang='grc' dir='ltr'>αὐτῷ</span> <span class='ocrx_word' id='word_1_228' title='bbox 1494 2889 1781 2948; x_wconf 86' lang='grc' dir='ltr'>πινακίδιον</span> <span class='ocrx_word' id='word_1_229' title='bbox 1808 2912 1961 2949; x_wconf 89' lang='grc' dir='ltr'>κατε-</span> 
     </span>
     <span class='ocr_line' id='line_1_30' title="bbox 399 2971 1959 3060; baseline -0.001 -23"><span class='ocrx_word' id='word_1_230' title='bbox 399 2976 781 3060; x_wconf 71' lang='grc' dir='ltr'>σφραγισμένον</span> <span class='ocrx_word' id='word_1_231' title='bbox 817 2977 1182 3050; x_wconf 79' lang='grc' dir='ltr'>ἀναδεδόσθαι,</span> <span class='ocrx_word' id='word_1_232' title='bbox 1219 2976 1287 3036; x_wconf 85' lang='grc' dir='ltr'>δι’</span> <span class='ocrx_word' id='word_1_233' title='bbox 1319 2971 1377 3037; x_wconf 64' lang='grc' dir='ltr'><strong>οὗ</strong></span> <span class='ocrx_word' id='word_1_234' title='bbox 1412 2978 1497 3038; x_wconf 81' lang='grc' dir='ltr'><strong>τὸν</strong></span> <span class='ocrx_word' id='word_1_235' title='bbox 1536 2977 1742 3059; x_wconf 79' lang='grc' dir='ltr'>Περσέα</span> <span class='ocrx_word' id='word_1_236' title='bbox 1773 2980 1959 3037; x_wconf 80' lang='grc' dir='ltr'>διασα·</span> 
     </span>
     <span class='ocr_line' id='line_1_31' title="bbox 400 3056 1958 3147; baseline 0 -24"><span class='ocrx_word' id='word_1_237' title='bbox 400 3074 510 3147; x_wconf 77' lang='grc' dir='ltr'>φεῖν</span> <span class='ocrx_word' id='word_1_238' title='bbox 544 3068 605 3143; x_wconf 76' lang='grc' dir='ltr'><strong>(ο)</strong></span> <span class='ocrx_word' id='word_1_239' title='bbox 638 3066 780 3145; x_wconf 75' lang='grc' dir='ltr'>αὐτῷ</span> <span class='ocrx_word' id='word_1_240' title='bbox 814 3064 1098 3146; x_wconf 76' lang='grc' dir='ltr'>θησαυροὺς</span> <span class='ocrx_word' id='word_1_241' title='bbox 1127 3056 1548 3144; x_wconf 69' lang='grc' dir='ltr'>εἷναικειμένους</span> <span class='ocrx_word' id='word_1_242' title='bbox 1582 3066 1715 3125; x_wconf 84' lang='grc' dir='ltr'>δύω·</span> <span class='ocrx_word' id='word_1_243' title='bbox 1746 3066 1833 3125; x_wconf 82' lang='grc' dir='ltr'><strong>τὸν</strong></span> <span class='ocrx_word' id='word_1_244' title='bbox 1864 3066 1958 3144; x_wconf 85' lang='grc' dir='ltr'>μὲν</span> 
     </span>
     <span class='ocr_line' id='line_1_32' title="bbox 399 3150 1961 3234; baseline 0.003 -24"><span class='ocrx_word' id='word_1_245' title='bbox 399 3150 488 3210; x_wconf 70' lang='grc' dir='ltr'>ἕνα</span> <span class='ocrx_word' id='word_1_246' title='bbox 516 3153 566 3210; x_wconf 79' lang='grc' dir='ltr'><strong>ἐν</strong></span> <span class='ocrx_word' id='word_1_247' title='bbox 618 3151 927 3232; x_wconf 63' lang='grc' dir='ltr'>Ἀμφιπόλει</span> <span class='ocrx_word' id='word_1_248' title='bbox 965 3152 1200 3230; x_wconf 83' lang='grc' dir='ltr'>κείμενον</span> <span class='ocrx_word' id='word_1_249' title='bbox 1235 3152 1335 3213; x_wconf 75' lang='grc' dir='ltr'>ὑπὸ</span> <span class='ocrx_word' id='word_1_250' title='bbox 1376 3153 1468 3226; x_wconf 78' lang='grc' dir='ltr'><strong>τὴν</strong></span> <span class='ocrx_word' id='word_1_251' title='bbox 1497 3156 1611 3214; x_wconf 76' lang='grc' dir='ltr'>ὁδὸν</span> <span class='ocrx_word' id='word_1_252' title='bbox 1646 3157 1863 3234; x_wconf 85' lang='grc' dir='ltr'>ὀργυιῶν</span> <span class='ocrx_word' id='word_1_253' title='bbox 1901 3155 1961 3214; x_wconf 77' lang='grc' dir='ltr'><strong>τὸ</strong></span> 
     </span>
     <span class='ocr_line' id='line_1_33' title="bbox 402 3237 1962 3322; baseline 0.002 -25"><span class='ocrx_word' id='word_1_254' title='bbox 402 3238 556 3319; x_wconf 77' lang='grc' dir='ltr'>βάθος</span> <span class='ocrx_word' id='word_1_255' title='bbox 578 3237 700 3299; x_wconf 78' lang='grc' dir='ltr'>ὄντα</span> <span class='ocrx_word' id='word_1_256' title='bbox 728 3239 783 3317; x_wconf 88' lang='grc' dir='ltr'><strong>ι’,</strong></span> <span class='ocrx_word' id='word_1_257' title='bbox 814 3239 999 3318; x_wconf 79' lang='grc' dir='ltr'>ἔχοντα</span> <span class='ocrx_word' id='word_1_258' title='bbox 1015 3239 1071 3299; x_wconf 61' lang='grc' dir='ltr'><strong>δὲ</strong></span> <span class='ocrx_word' id='word_1_259' title='bbox 1093 3241 1335 3322; x_wconf 79' lang='grc' dir='ltr'>ἀργυρίου</span> <span class='ocrx_word' id='word_1_260' title='bbox 1364 3243 1597 3300; x_wconf 81' lang='grc' dir='ltr'>τάλαντα</span> <span class='ocrx_word' id='word_1_261' title='bbox 1629 3241 1769 3321; x_wconf 65' lang='grc' dir='ltr'>ρ4η’·</span> <span class='ocrx_word' id='word_1_262' title='bbox 1794 3241 1879 3300; x_wconf 81' lang='grc' dir='ltr'><strong>τὸν</strong></span> <span class='ocrx_word' id='word_1_263' title='bbox 1909 3242 1962 3300; x_wconf 81' lang='grc' dir='ltr'><strong>δὲ</strong></span> 
     </span>
     <span class='ocr_line' id='line_1_34' title="bbox 390 3324 1962 3408; baseline 0.001 -22"><span class='ocrx_word' id='word_1_264' title='bbox 390 3324 572 3408; x_wconf 58' lang='grc' dir='ltr'>ἕτερον</span> <span class='ocrx_word' id='word_1_265' title='bbox 601 3329 653 3385; x_wconf 81' lang='grc' dir='ltr'><strong>ἐν</strong></span> <span class='ocrx_word' id='word_1_266' title='bbox 685 3327 1048 3408; x_wconf 84' lang='grc' dir='ltr'>Θεσσαλονίκη</span> <span class='ocrx_word' id='word_1_267' title='bbox 1071 3373 1086 3405; x_wconf 89' lang='grc'>,</span> <span class='ocrx_word' id='word_1_268' title='bbox 1110 3328 1380 3388; x_wconf 76' lang='grc' dir='ltr'>τάλαντων</span> <span class='ocrx_word' id='word_1_269' title='bbox 1404 3328 1478 3408; x_wconf 84' lang='grc' dir='ltr'><strong>ο’,</strong></span> <span class='ocrx_word' id='word_1_270' title='bbox 1516 3330 1651 3392; x_wconf 78' lang='grc' dir='ltr'>κατὰ</span> <span class='ocrx_word' id='word_1_271' title='bbox 1667 3327 1840 3407; x_wconf 79' lang='grc' dir='ltr'>’μέσην</span> <span class='ocrx_word' id='word_1_272' title='bbox 1869 3328 1962 3401; x_wconf 80' lang='grc' dir='ltr'><strong>τὴν</strong></span> 
     </span>
     <span class='ocr_line' id='line_1_35' title="bbox 402 3414 1961 3496; baseline 0.002 -24"><span class='ocrx_word' id='word_1_273' title='bbox 402 3414 609 3494; x_wconf 78' lang='grc' dir='ltr'>ἐξέδραν</span> <span class='ocrx_word' id='word_1_274' title='bbox 635 3414 728 3486; x_wconf 78' lang='grc' dir='ltr'><strong>τὴν</strong></span> <span class='ocrx_word' id='word_1_275' title='bbox 760 3418 810 3474; x_wconf 83' lang='grc' dir='ltr'><strong>ἐν</strong></span> <span class='ocrx_word' id='word_1_276' title='bbox 831 3420 907 3496; x_wconf 77' lang='grc' dir='ltr'><strong>τῷ</strong></span> <span class='ocrx_word' id='word_1_277' title='bbox 935 3416 1230 3495; x_wconf 82' lang='grc' dir='ltr'>περιστύλῳ</span> <span class='ocrx_word' id='word_1_278' title='bbox 1261 3416 1398 3476; x_wconf 76' lang='grc' dir='ltr'>κατὰ</span> <span class='ocrx_word' id='word_1_279' title='bbox 1424 3417 1517 3488; x_wconf 77' lang='grc' dir='ltr'><strong>τὴν</strong></span> <span class='ocrx_word' id='word_1_280' title='bbox 1549 3417 1733 3489; x_wconf 77' lang='grc' dir='ltr'>αὐλήν.</span> <span class='ocrx_word' id='word_1_281' title='bbox 1821 3419 1961 3478; x_wconf 84' lang='grc' dir='ltr'>Πολ-</span> 
     </span>
     <span class='ocr_line' id='line_1_36' title="bbox 400 3497 1959 3587; baseline 0.003 -28"><span class='ocrx_word' id='word_1_282' title='bbox 400 3504 503 3560; x_wconf 89' lang='grc' dir='ltr'>λῶν</span> <span class='ocrx_word' id='word_1_283' title='bbox 532 3503 583 3560; x_wconf 80' lang='grc' dir='ltr'><strong>δὲ</strong></span> <span class='ocrx_word' id='word_1_284' title='bbox 608 3504 748 3583; x_wconf 72' lang='grc' dir='ltr'>αὐτῷ</span> <span class='ocrx_word' id='word_1_285' title='bbox 783 3504 1164 3585; x_wconf 83' lang='grc' dir='ltr'>προσεχόντων,</span> <span class='ocrx_word' id='word_1_286' title='bbox 1181 3497 1334 3576; x_wconf 74' lang='grc' dir='ltr'>ἦλθεν</span> <span class='ocrx_word' id='word_1_287' title='bbox 1365 3510 1393 3565; x_wconf 83' lang='grc' dir='ltr'><strong>ὁ</strong></span> <span class='ocrx_word' id='word_1_288' title='bbox 1421 3505 1572 3585; x_wconf 88' lang='grc' dir='ltr'>λόγος</span> <span class='ocrx_word' id='word_1_289' title='bbox 1600 3505 1686 3565; x_wconf 73' lang='grc' dir='ltr'>ἐπὶ</span> <span class='ocrx_word' id='word_1_290' title='bbox 1718 3504 1836 3576; x_wconf 75' lang='grc' dir='ltr'>τοὺς</span> <span class='ocrx_word' id='word_1_291' title='bbox 1864 3506 1959 3587; x_wconf 83' lang='grc' dir='ltr'>ἅρ-</span> 
     </span>
     <span class='ocr_line' id='line_1_37' title="bbox 401 3591 1963 3675; baseline 0.004 -29"><span class='ocrx_word' id='word_1_292' title='bbox 401 3611 590 3671; x_wconf 75' lang='grc' dir='ltr'>χοντας</span> <span class='ocrx_word' id='word_1_293' title='bbox 610 3593 711 3648; x_wconf 89' lang='grc' dir='ltr'><strong>τῶν</strong></span> <span class='ocrx_word' id='word_1_294' title='bbox 746 3592 1043 3664; x_wconf 84' lang='grc' dir='ltr'>Μιλησίων,</span> <span class='ocrx_word' id='word_1_295' title='bbox 1073 3591 1124 3651; x_wconf 75' lang='grc' dir='ltr'><strong>οἳ</strong></span> <span class='ocrx_word' id='word_1_296' title='bbox 1151 3593 1495 3661; x_wconf 77' lang='grc' dir='ltr'>συλλαὸόντές</span> <span class='ocrx_word' id='word_1_297' title='bbox 1520 3593 1674 3652; x_wconf 81' lang='grc' dir='ltr'>αὐτὸν</span> <span class='ocrx_word' id='word_1_298' title='bbox 1706 3595 1777 3662; x_wconf 81' lang='grc' dir='ltr'><strong>εἷς</strong></span> <span class='ocrx_word' id='word_1_299' title='bbox 1799 3598 1963 3675; x_wconf 78' lang='grc' dir='ltr'>φυλα-</span> 
     </span>
     <span class='ocr_line' id='line_1_38' title="bbox 390 3674 1962 3759; baseline 0.002 -24"><span class='ocrx_word' id='word_1_300' title='bbox 390 3676 499 3748; x_wconf 72' lang='grc' dir='ltr'><strong>κὴν</strong></span> <span class='ocrx_word' id='word_1_301' title='bbox 529 3674 796 3737; x_wconf 69' lang='grc' dir='ltr'>ἀπέθεντο.</span> <span class='ocrx_word' id='word_1_302' title='bbox 887 3677 992 3738; x_wconf 85' lang='grc' dir='ltr'><strong>Καί</strong></span> <span class='ocrx_word' id='word_1_303' title='bbox 1036 3703 1188 3737; x_wconf 88' lang='grc' dir='ltr'>τινων</span> <span class='ocrx_word' id='word_1_304' title='bbox 1228 3677 1498 3757; x_wconf 75' lang='grc' dir='ltr'>πρέσὸεων</span> <span class='ocrx_word' id='word_1_305' title='bbox 1536 3680 1962 3759; x_wconf 78' lang='grc' dir='ltr'>παρεπιδημούν-</span> 
     </span>
    </p>
   </div>
   <div class='ocr_carea' id='block_1_3' title="bbox 1182 399 2853 461">
    <p class='ocr_par' dir='ltr' id='par_1_4' title="bbox 1182 399 2853 461">
     <span class='ocr_line' id='line_1_39' title="bbox 1182 399 2853 461; baseline -0.001 -2"><span class='ocrx_word' id='word_1_306' title='bbox 1182 400 1283 459; x_wconf 87' lang='grc' dir='ltr'><strong>ΕΚ</strong></span> <span class='ocrx_word' id='word_1_307' title='bbox 1324 400 1480 459; x_wconf 86' lang='grc' dir='ltr'><strong>ΤΗΣ</strong></span> <span class='ocrx_word' id='word_1_308' title='bbox 1524 399 1884 459; x_wconf 83' lang='grc' dir='ltr'>ΙΣΤΟΡΙΑΣ</span> <span class='ocrx_word' id='word_1_309' title='bbox 1927 400 2308 461; x_wconf 83' lang='grc' dir='ltr'><strong>ΔΙΟΔΩΡΟΥ</strong></span> <span class='ocrx_word' id='word_1_310' title='bbox 2351 400 2853 461; x_wconf 84' lang='grc' dir='ltr'><strong>ΣΙΚΕΛῙΩΤΟΥ.</strong></span> 
     </span>
    </p>
   </div>
   <div class='ocr_carea' id='block_1_4' title="bbox 2034 539 3618 3074">
    <p class='ocr_par' dir='ltr' id='par_1_5' title="bbox 2034 539 3618 2156">
     <span class='ocr_line' id='line_1_40' title="bbox 2044 539 3618 594; baseline 0.002 -4"><span class='ocrx_word' id='word_1_311' title='bbox 2044 540 2286 590; x_wconf 79' lang='lat' dir='ltr'>Demetrio</span> <span class='ocrx_word' id='word_1_312' title='bbox 2326 540 2522 590; x_wconf 76' lang='lat' dir='ltr'><strong>exstitit.</strong></span> <span class='ocrx_word' id='word_1_313' title='bbox 2590 539 2780 589; x_wconf 86' lang='lat' dir='ltr'><strong>Etenim</strong></span> <span class='ocrx_word' id='word_1_314' title='bbox 2815 540 2937 589; x_wconf 84' lang='lat' dir='ltr'><strong>inter</strong></span> <span class='ocrx_word' id='word_1_315' title='bbox 2981 541 3303 592; x_wconf 76' lang='lat' dir='ltr'>mercenarios</span> <span class='ocrx_word' id='word_1_316' title='bbox 3353 542 3618 594; x_wconf 80' lang='lat' dir='ltr'><strong>Andriscus</strong></span> 
     </span>
     <span class='ocr_line' id='line_1_41' title="bbox 2044 643 3618 707; baseline 0.004 -14"><span class='ocrx_word' id='word_1_317' title='bbox 2044 643 2267 707; x_wconf 87' lang='lat' dir='ltr'><strong>quidam,</strong></span> <span class='ocrx_word' id='word_1_318' title='bbox 2298 643 2526 706; x_wconf 86' lang='lat' dir='ltr'><strong>quoniam</strong></span> <span class='ocrx_word' id='word_1_319' title='bbox 2560 645 2728 694; x_wconf 79' lang='lat' dir='ltr'><strong>tormoe</strong></span> <span class='ocrx_word' id='word_1_320' title='bbox 2758 643 2963 707; x_wconf 81' lang='lat' dir='ltr'><strong>speciem</strong></span> <span class='ocrx_word' id='word_1_321' title='bbox 2988 644 3037 693; x_wconf 89' lang='lat' dir='ltr'><strong>et</strong></span> <span class='ocrx_word' id='word_1_322' title='bbox 3061 647 3252 694; x_wconf 67' lang='lat' dir='ltr'><strong>aetatem</strong></span> <span class='ocrx_word' id='word_1_323' title='bbox 3281 647 3482 696; x_wconf 88' lang='lat' dir='ltr'><strong>eandem</strong></span> <span class='ocrx_word' id='word_1_324' title='bbox 3519 650 3618 699; x_wconf 84' lang='lat' dir='ltr'><strong>sere</strong></span> 
     </span>
     <span class='ocr_line' id='line_1_42' title="bbox 2044 749 3618 814; baseline 0.002 -13"><span class='ocrx_word' id='word_1_325' title='bbox 2044 752 2249 801; x_wconf 89' lang='lat' dir='ltr'><strong>habebat</strong></span> <span class='ocrx_word' id='word_1_326' title='bbox 2270 764 2383 800; x_wconf 90' lang='lat' dir='ltr'><strong>cum</strong></span> <span class='ocrx_word' id='word_1_327' title='bbox 2408 750 2626 813; x_wconf 86' lang='lat' dir='ltr'><strong>Philippo</strong></span> <span class='ocrx_word' id='word_1_328' title='bbox 2647 751 2803 801; x_wconf 85' lang='lat' dir='ltr'><strong>Persei</strong></span> <span class='ocrx_word' id='word_1_329' title='bbox 2823 749 2922 800; x_wconf 82' lang='lat' dir='ltr'><strong>tilio</strong></span> <span class='ocrx_word' id='word_1_330' title='bbox 2936 788 2949 811; x_wconf 93' lang='lat'>‚</span> <span class='ocrx_word' id='word_1_331' title='bbox 2971 750 3182 812; x_wconf 89' lang='lat' dir='ltr'><strong>primum</strong></span> <span class='ocrx_word' id='word_1_332' title='bbox 3201 752 3398 814; x_wconf 82' lang='lat' dir='ltr'><strong>quidem</strong></span> <span class='ocrx_word' id='word_1_333' title='bbox 3423 766 3452 801; x_wconf 83' lang='lat' dir='ltr'><strong>a</strong></span> <span class='ocrx_word' id='word_1_334' title='bbox 3480 753 3618 804; x_wconf 88' lang='lat' dir='ltr'><strong>soda-</strong></span> 
     </span>
     <span class='ocr_line' id='line_1_43' title="bbox 2044 853 3616 918; baseline 0.001 -11"><span class='ocrx_word' id='word_1_335' title='bbox 2044 857 2168 907; x_wconf 87' lang='lat' dir='ltr'><strong>libus</strong></span> <span class='ocrx_word' id='word_1_336' title='bbox 2199 855 2296 918; x_wconf 81' lang='lat' dir='ltr'><strong>joci</strong></span> <span class='ocrx_word' id='word_1_337' title='bbox 2319 868 2462 905; x_wconf 86' lang='lat' dir='ltr'><strong>causa</strong></span> <span class='ocrx_word' id='word_1_338' title='bbox 2490 853 2617 905; x_wconf 87' lang='lat' dir='ltr'><strong>tilius</strong></span> <span class='ocrx_word' id='word_1_339' title='bbox 2646 853 2802 904; x_wconf 87' lang='lat' dir='ltr'><strong>Persei</strong></span> <span class='ocrx_word' id='word_1_340' title='bbox 2822 854 3169 917; x_wconf 79' lang='lat' dir='ltr'><strong>appellabatur,</strong></span> <span class='ocrx_word' id='word_1_341' title='bbox 3189 868 3299 907; x_wconf 82' lang='lat' dir='ltr'><strong>mox</strong></span> <span class='ocrx_word' id='word_1_342' title='bbox 3318 869 3433 906; x_wconf 77' lang='lat' dir='ltr'><strong>vero</strong></span> <span class='ocrx_word' id='word_1_343' title='bbox 3471 857 3616 909; x_wconf 80' lang='lat' dir='ltr'><strong>tidem</strong></span> 
     </span>
     <span class='ocr_line' id='line_1_44' title="bbox 2046 957 3616 1025; baseline 0.003 -18"><span class='ocrx_word' id='word_1_344' title='bbox 2046 960 2204 1010; x_wconf 80' lang='lat' dir='ltr'><strong>verbis</strong></span> <span class='ocrx_word' id='word_1_345' title='bbox 2225 958 2485 1010; x_wconf 89' lang='lat' dir='ltr'><strong>multitudo</strong></span> <span class='ocrx_word' id='word_1_346' title='bbox 2508 957 2773 1010; x_wconf 81' lang='lat' dir='ltr'><strong>tribuebat.</strong></span> <span class='ocrx_word' id='word_1_347' title='bbox 2841 962 2901 1009; x_wconf 82' lang='lat' dir='ltr'><strong>Et</strong></span> <span class='ocrx_word' id='word_1_348' title='bbox 2921 958 3183 1010; x_wconf 80' lang='lat' dir='ltr'>Andriscus</span> <span class='ocrx_word' id='word_1_349' title='bbox 3202 973 3230 1010; x_wconf 87' lang='lat' dir='ltr'><strong>e</strong></span> <span class='ocrx_word' id='word_1_350' title='bbox 3252 961 3379 1011; x_wconf 80' lang='lat' dir='ltr'><strong>fama</strong></span> <span class='ocrx_word' id='word_1_351' title='bbox 3396 962 3616 1025; x_wconf 87' lang='lat' dir='ltr'><strong>populari</strong></span> 
     </span>
     <span class='ocr_line' id='line_1_45' title="bbox 2044 1064 3618 1129; baseline 0.001 -13"><span class='ocrx_word' id='word_1_352' title='bbox 2044 1078 2239 1117; x_wconf 81' lang='lat' dir='ltr'><strong>sumens</strong></span> <span class='ocrx_word' id='word_1_353' title='bbox 2254 1064 2501 1116; x_wconf 87' lang='lat' dir='ltr'><strong>audaciam</strong></span> <span class='ocrx_word' id='word_1_354' title='bbox 2516 1102 2531 1128; x_wconf 95' lang='lat'>‚</span> <span class='ocrx_word' id='word_1_355' title='bbox 2561 1078 2659 1115; x_wconf 91' lang='lat' dir='ltr'><strong>non</strong></span> <span class='ocrx_word' id='word_1_356' title='bbox 2681 1064 2827 1115; x_wconf 90' lang='lat' dir='ltr'><strong>modo</strong></span> <span class='ocrx_word' id='word_1_357' title='bbox 2851 1064 3044 1116; x_wconf 86' lang='lat' dir='ltr'><strong>dicebat</strong></span> <span class='ocrx_word' id='word_1_358' title='bbox 3059 1078 3111 1117; x_wconf 80' lang='lat' dir='ltr'><strong>ae</strong></span> <span class='ocrx_word' id='word_1_359' title='bbox 3142 1067 3300 1116; x_wconf 78' lang='lat' dir='ltr'><strong>Persei</strong></span> <span class='ocrx_word' id='word_1_360' title='bbox 3333 1064 3618 1129; x_wconf 76' lang='lat' dir='ltr'><strong>fllium‚.sed</strong></span> 
     </span>
     <span class='ocr_line' id='line_1_46' title="bbox 2046 1167 3613 1233; baseline 0 -12"><span class='ocrx_word' id='word_1_361' title='bbox 2046 1171 2188 1222; x_wconf 88' lang='lat' dir='ltr'><strong>etiam</strong></span> <span class='ocrx_word' id='word_1_362' title='bbox 2213 1169 2376 1220; x_wconf 82' lang='lat' dir='ltr'><strong>fictam</strong></span> <span class='ocrx_word' id='word_1_363' title='bbox 2400 1167 2636 1220; x_wconf 83' lang='lat' dir='ltr'><strong>natalium</strong></span> <span class='ocrx_word' id='word_1_364' title='bbox 2655 1169 2706 1220; x_wconf 91' lang='lat' dir='ltr'><strong>et</strong></span> <span class='ocrx_word' id='word_1_365' title='bbox 2723 1168 3020 1220; x_wconf 75' lang='lat' dir='ltr'><strong>educationis</strong></span> <span class='ocrx_word' id='word_1_366' title='bbox 3041 1169 3290 1220; x_wconf 83' lang='lat' dir='ltr'><strong>historiam</strong></span> <span class='ocrx_word' id='word_1_367' title='bbox 3317 1170 3613 1233; x_wconf 68' lang='lat' dir='ltr'><strong>venditabat,</strong></span> 
     </span>
     <span class='ocr_line' id='line_1_47' title="bbox 2046 1272 3616 1340; baseline 0.001 -16"><span class='ocrx_word' id='word_1_368' title='bbox 2046 1288 2104 1324; x_wconf 90' lang='lat' dir='ltr'><strong>ac</strong></span> <span class='ocrx_word' id='word_1_369' title='bbox 2124 1274 2316 1325; x_wconf 85' lang='lat' dir='ltr'><strong>tandem</strong></span> <span class='ocrx_word' id='word_1_370' title='bbox 2339 1273 2477 1337; x_wconf 85' lang='lat' dir='ltr'><strong>plebe</strong></span> <span class='ocrx_word' id='word_1_371' title='bbox 2502 1275 2706 1340; x_wconf 81' lang='lat' dir='ltr'><strong>stipatus</strong></span> <span class='ocrx_word' id='word_1_372' title='bbox 2738 1273 2802 1324; x_wconf 90' lang='lat' dir='ltr'><strong>ad</strong></span> <span class='ocrx_word' id='word_1_373' title='bbox 2834 1272 3134 1324; x_wconf 76' lang='lat' dir='ltr'><strong>Demetrium</strong></span> <span class='ocrx_word' id='word_1_374' title='bbox 3172 1273 3375 1336; x_wconf 87' lang='lat' dir='ltr'><strong>accedit,</strong></span> <span class='ocrx_word' id='word_1_375' title='bbox 3408 1286 3616 1337; x_wconf 86' lang='lat' dir='ltr'><strong>eumque</strong></span> 
     </span>
     <span class='ocr_line' id='line_1_48' title="bbox 2034 1376 3616 1440; baseline 0.001 -13"><span class='ocrx_word' id='word_1_376' title='bbox 2034 1378 2268 1427; x_wconf 75' lang='lat' dir='ltr'><strong>bortatur</strong></span> <span class='ocrx_word' id='word_1_377' title='bbox 2291 1379 2347 1427; x_wconf 91' lang='lat' dir='ltr'><strong>ut</strong></span> <span class='ocrx_word' id='word_1_378' title='bbox 2387 1376 2436 1427; x_wconf 90' lang='lat' dir='ltr'><strong>in</strong></span> <span class='ocrx_word' id='word_1_379' title='bbox 2474 1390 2670 1440; x_wconf 87' lang='lat' dir='ltr'><strong>regnum</strong></span> <span class='ocrx_word' id='word_1_380' title='bbox 2698 1379 2954 1440; x_wconf 89' lang='lat' dir='ltr'><strong>paternum</strong></span> <span class='ocrx_word' id='word_1_381' title='bbox 2986 1390 3038 1427; x_wconf 86' lang='lat' dir='ltr'><strong>se</strong></span> <span class='ocrx_word' id='word_1_382' title='bbox 3062 1376 3276 1428; x_wconf 85' lang='lat' dir='ltr'><strong>reducat.</strong></span> <span class='ocrx_word' id='word_1_383' title='bbox 3343 1379 3616 1430; x_wconf 87' lang='lat' dir='ltr'><strong>Demetrius</strong></span> 
     </span>
     <span class='ocr_line' id='line_1_49' title="bbox 2048 1478 3613 1544; baseline 0.001 -16"><span class='ocrx_word' id='word_1_384' title='bbox 2048 1481 2255 1544; x_wconf 89' lang='lat' dir='ltr'><strong>primum</strong></span> <span class='ocrx_word' id='word_1_385' title='bbox 2276 1480 2470 1543; x_wconf 87' lang='lat' dir='ltr'><strong>quidem</strong></span> <span class='ocrx_word' id='word_1_386' title='bbox 2488 1480 2553 1530; x_wconf 90' lang='lat' dir='ltr'><strong>ita</strong></span> <span class='ocrx_word' id='word_1_387' title='bbox 2574 1479 2668 1543; x_wconf 83' lang='lat' dir='ltr'><strong>egit</strong></span> <span class='ocrx_word' id='word_1_388' title='bbox 2701 1478 2839 1543; x_wconf 85' lang='lat' dir='ltr'><strong>quasi</strong></span> <span class='ocrx_word' id='word_1_389' title='bbox 2858 1493 2970 1529; x_wconf 88' lang='lat' dir='ltr'><strong>cum</strong></span> <span class='ocrx_word' id='word_1_390' title='bbox 2987 1479 3090 1530; x_wconf 88' lang='lat' dir='ltr'><strong>solo</strong></span> <span class='ocrx_word' id='word_1_391' title='bbox 3107 1479 3338 1531; x_wconf 77' lang='lat' dir='ltr'><strong>Andrisco</strong></span> <span class='ocrx_word' id='word_1_392' title='bbox 3364 1481 3509 1544; x_wconf 81' lang='lat' dir='ltr'><strong>(cum</strong></span> <span class='ocrx_word' id='word_1_393' title='bbox 3525 1483 3613 1530; x_wconf 81' lang='lat' dir='ltr'><strong>in-</strong></span> 
     </span>
     <span class='ocr_line' id='line_1_50' title="bbox 2050 1579 3615 1645; baseline 0.001 -15"><span class='ocrx_word' id='word_1_394' title='bbox 2050 1581 2207 1644; x_wconf 80' lang='lat' dir='ltr'><strong>sano)</strong></span> <span class='ocrx_word' id='word_1_395' title='bbox 2223 1581 2312 1632; x_wconf 83' lang='lat' dir='ltr'><strong>sibi</strong></span> <span class='ocrx_word' id='word_1_396' title='bbox 2337 1595 2411 1631; x_wconf 88' lang='lat' dir='ltr'><strong>res</strong></span> <span class='ocrx_word' id='word_1_397' title='bbox 2432 1584 2587 1645; x_wconf 77' lang='lat' dir='ltr'><strong>esset3</strong></span> <span class='ocrx_word' id='word_1_398' title='bbox 2608 1582 2659 1632; x_wconf 90' lang='lat' dir='ltr'><strong>at</strong></span> <span class='ocrx_word' id='word_1_399' title='bbox 2681 1583 2996 1631; x_wconf 75' lang='lat' dir='ltr'><strong>concursante</strong></span> <span class='ocrx_word' id='word_1_400' title='bbox 3017 1579 3329 1631; x_wconf 87' lang='lat' dir='ltr'><strong>multitudine</strong></span> <span class='ocrx_word' id='word_1_401' title='bbox 3345 1592 3435 1631; x_wconf 85' lang='lat' dir='ltr'><strong>nec</strong></span> <span class='ocrx_word' id='word_1_402' title='bbox 3451 1580 3615 1643; x_wconf 80' lang='lat' dir='ltr'><strong>paucis</strong></span> 
     </span>
     <span class='ocr_line' id='line_1_51' title="bbox 2049 1678 3612 1757; baseline -0.002 -25"><span class='ocrx_word' id='word_1_403' title='bbox 2049 1679 2381 1732; x_wconf 85' lang='lat' dir='ltr'><strong>dictitantibus</strong></span> <span class='ocrx_word' id='word_1_404' title='bbox 2401 1680 2578 1731; x_wconf 86' lang='lat' dir='ltr'><strong>debere</strong></span> <span class='ocrx_word' id='word_1_405' title='bbox 2604 1680 2899 1731; x_wconf 75' lang='lat' dir='ltr'><strong>Demetrium</strong></span> <span class='ocrx_word' id='word_1_406' title='bbox 2930 1681 3017 1757; x_wconf 75' lang='lat' dir='ltr'><strong>aut</strong></span> <span class='ocrx_word' id='word_1_407' title='bbox 3043 1678 3273 1731; x_wconf 84' lang='lat' dir='ltr'><strong>reducere</strong></span> <span class='ocrx_word' id='word_1_408' title='bbox 3299 1679 3612 1741; x_wconf 74' lang='lat' dir='ltr'><strong>Andriscum,</strong></span> 
     </span>
     <span class='ocr_line' id='line_1_52' title="bbox 2050 1780 3616 1847; baseline -0.001 -13"><span class='ocrx_word' id='word_1_409' title='bbox 2050 1786 2134 1834; x_wconf 91' lang='lat' dir='ltr'><strong>aut</strong></span> <span class='ocrx_word' id='word_1_410' title='bbox 2155 1796 2299 1847; x_wconf 82' lang='lat' dir='ltr'><strong>regno</strong></span> <span class='ocrx_word' id='word_1_411' title='bbox 2321 1797 2373 1833; x_wconf 86' lang='lat' dir='ltr'><strong>se</strong></span> <span class='ocrx_word' id='word_1_412' title='bbox 2402 1780 2623 1832; x_wconf 88' lang='lat' dir='ltr'><strong>abdicare</strong></span> <span class='ocrx_word' id='word_1_413' title='bbox 2641 1820 2655 1844; x_wconf 91' lang='lat'>‚</span> <span class='ocrx_word' id='word_1_414' title='bbox 2678 1781 2913 1845; x_wconf 82' lang='lat' dir='ltr'><strong>siquidem</strong></span> <span class='ocrx_word' id='word_1_415' title='bbox 2935 1794 3093 1844; x_wconf 88' lang='lat' dir='ltr'><strong>neque</strong></span> <span class='ocrx_word' id='word_1_416' title='bbox 3115 1783 3259 1832; x_wconf 82' lang='lat' dir='ltr'><strong>vellet</strong></span> <span class='ocrx_word' id='word_1_417' title='bbox 3277 1796 3434 1846; x_wconf 84' lang='lat' dir='ltr'><strong>neque</strong></span> <span class='ocrx_word' id='word_1_418' title='bbox 3457 1785 3616 1847; x_wconf 81' lang='lat' dir='ltr'><strong>posset</strong></span> 
     </span>
     <span class='ocr_line' id='line_1_53' title="bbox 2051 1883 3616 1963; baseline 0.001 -26"><span class='ocrx_word' id='word_1_419' title='bbox 2051 1899 2246 1949; x_wconf 85' lang='lat' dir='ltr'><strong>regnare</strong></span> <span class='ocrx_word' id='word_1_420' title='bbox 2268 1906 2279 1935; x_wconf 90' lang='lat'>:</span> <span class='ocrx_word' id='word_1_421' title='bbox 2305 1885 2480 1935; x_wconf 90' lang='lat' dir='ltr'><strong>timens</strong></span> <span class='ocrx_word' id='word_1_422' title='bbox 2493 1883 2643 1947; x_wconf 87' lang='lat' dir='ltr'><strong>plebis</strong></span> <span class='ocrx_word' id='word_1_423' title='bbox 2664 1885 3101 1963; x_wconf 62' lang='lat' dir='ltr'><strong>exasperationem3</strong></span> <span class='ocrx_word' id='word_1_424' title='bbox 3128 1887 3271 1934; x_wconf 92' lang='lat' dir='ltr'><strong>noctu</strong></span> <span class='ocrx_word' id='word_1_425' title='bbox 3299 1886 3616 1948; x_wconf 84' lang='lat' dir='ltr'><strong>comprehen-</strong></span> 
     </span>
     <span class='ocr_line' id='line_1_54' title="bbox 2054 1988 3615 2052; baseline 0.002 -13"><span class='ocrx_word' id='word_1_426' title='bbox 2054 2002 2161 2039; x_wconf 85' lang='lat' dir='ltr'><strong>sum</strong></span> <span class='ocrx_word' id='word_1_427' title='bbox 2193 1988 2477 2040; x_wconf 80' lang='lat' dir='ltr'><strong>Andriscum</strong></span> <span class='ocrx_word' id='word_1_428' title='bbox 2513 1991 2715 2038; x_wconf 81' lang='lat' dir='ltr'><strong>Romam</strong></span> <span class='ocrx_word' id='word_1_429' title='bbox 2756 2000 2959 2052; x_wconf 86' lang='lat' dir='ltr'><strong>propere</strong></span> <span class='ocrx_word' id='word_1_430' title='bbox 2992 1988 3228 2051; x_wconf 78' lang='lat' dir='ltr'><strong>ablegavit</strong></span> <span class='ocrx_word' id='word_1_431' title='bbox 3251 1989 3299 2039; x_wconf 90' lang='lat' dir='ltr'><strong>et</strong></span> <span class='ocrx_word' id='word_1_432' title='bbox 3323 2002 3433 2052; x_wconf 79' lang='lat' dir='ltr'><strong>quae</strong></span> <span class='ocrx_word' id='word_1_433' title='bbox 3461 1990 3522 2041; x_wconf 88' lang='lat' dir='ltr'><strong>de</strong></span> <span class='ocrx_word' id='word_1_434' title='bbox 3555 2003 3615 2043; x_wconf 88' lang='lat' dir='ltr'><strong>eo</strong></span> 
     </span>
     <span class='ocr_line' id='line_1_55' title="bbox 2052 2093 2929 2156; baseline -0.002 -11"><span class='ocrx_word' id='word_1_435' title='bbox 2052 2094 2473 2145; x_wconf 79' lang='lat' dir='ltr'><strong>circumferrentur</strong></span> <span class='ocrx_word' id='word_1_436' title='bbox 2486 2093 2670 2143; x_wconf 86' lang='lat' dir='ltr'><strong>senatui</strong></span> <span class='ocrx_word' id='word_1_437' title='bbox 2691 2093 2929 2156; x_wconf 80' lang='lat' dir='ltr'><strong>exposuit.</strong></span> 
     </span>
    </p>

    <p class='ocr_par' dir='ltr' id='par_1_6' title="bbox 2052 2193 3618 3074">
     <span class='ocr_line' id='line_1_56' title="bbox 2113 2193 3610 2258; baseline 0.001 -15"><span class='ocrx_word' id='word_1_438' title='bbox 2113 2195 2198 2243; x_wconf 71' lang='lat' dir='ltr'><strong>Est</strong></span> <span class='ocrx_word' id='word_1_439' title='bbox 2231 2193 2374 2243; x_wconf 91' lang='lat' dir='ltr'><strong>etiam</strong></span> <span class='ocrx_word' id='word_1_440' title='bbox 2405 2193 2497 2242; x_wconf 87' lang='lat' dir='ltr'><strong>alia</strong></span> <span class='ocrx_word' id='word_1_441' title='bbox 2514 2193 2575 2242; x_wconf 88' lang='lat' dir='ltr'><strong>de</strong></span> <span class='ocrx_word' id='word_1_442' title='bbox 2604 2205 2662 2242; x_wconf 90' lang='lat' dir='ltr'><strong>eo</strong></span> <span class='ocrx_word' id='word_1_443' title='bbox 2706 2193 2931 2243; x_wconf 88' lang='lat' dir='ltr'><strong>narratio.</strong></span> <span class='ocrx_word' id='word_1_444' title='bbox 2997 2195 3270 2245; x_wconf 78' lang='lat' dir='ltr'><strong>Demetrius</strong></span> <span class='ocrx_word' id='word_1_445' title='bbox 3305 2208 3420 2255; x_wconf 81' lang='lat' dir='ltr'><strong>rex,</strong></span> <span class='ocrx_word' id='word_1_446' title='bbox 3454 2195 3610 2258; x_wconf 87' lang='lat' dir='ltr'><strong>aiunt,</strong></span> 
     </span>
     <span class='ocr_line' id='line_1_57' title="bbox 2052 2294 3606 2359; baseline 0 -12"><span class='ocrx_word' id='word_1_447' title='bbox 2052 2300 2256 2348; x_wconf 80' lang='lat' dir='ltr'><strong>Romam</strong></span> <span class='ocrx_word' id='word_1_448' title='bbox 2278 2296 2408 2347; x_wconf 86' lang='lat' dir='ltr'><strong>misit</strong></span> <span class='ocrx_word' id='word_1_449' title='bbox 2422 2294 2648 2358; x_wconf 81' lang='lat' dir='ltr'><strong>juvenem</strong></span> <span class='ocrx_word' id='word_1_450' title='bbox 2666 2295 2929 2359; x_wconf 80' lang='lat' dir='ltr'><strong>quendam,</strong></span> <span class='ocrx_word' id='word_1_451' title='bbox 2949 2296 3103 2359; x_wconf 85' lang='lat' dir='ltr'><strong>quise</strong></span> <span class='ocrx_word' id='word_1_452' title='bbox 3120 2297 3275 2348; x_wconf 83' lang='lat' dir='ltr'><strong>Persei</strong></span> <span class='ocrx_word' id='word_1_453' title='bbox 3294 2296 3447 2346; x_wconf 88' lang='lat' dir='ltr'><strong>tilium</strong></span> <span class='ocrx_word' id='word_1_454' title='bbox 3475 2296 3606 2347; x_wconf 90' lang='lat' dir='ltr'><strong>dice-</strong></span> 
     </span>
     <span class='ocr_line' id='line_1_58' title="bbox 2053 2398 3615 2463; baseline 0 -12"><span class='ocrx_word' id='word_1_455' title='bbox 2053 2401 2152 2463; x_wconf 88' lang='lat' dir='ltr'><strong>bat,</strong></span> <span class='ocrx_word' id='word_1_456' title='bbox 2174 2399 2460 2451; x_wconf 77' lang='lat' dir='ltr'><strong>Andriscum</strong></span> <span class='ocrx_word' id='word_1_457' title='bbox 2487 2399 2694 2450; x_wconf 87' lang='lat' dir='ltr'><strong>nornine.</strong></span> <span class='ocrx_word' id='word_1_458' title='bbox 2771 2399 2894 2449; x_wconf 82' lang='lat' dir='ltr'><strong>Huic</strong></span> <span class='ocrx_word' id='word_1_459' title='bbox 2923 2402 3116 2450; x_wconf 84' lang='lat' dir='ltr'><strong>senatus</strong></span> <span class='ocrx_word' id='word_1_460' title='bbox 3138 2398 3185 2448; x_wconf 89' lang='lat' dir='ltr'><strong>in</strong></span> <span class='ocrx_word' id='word_1_461' title='bbox 3210 2400 3331 2450; x_wconf 88' lang='lat' dir='ltr'><strong>urbe</strong></span> <span class='ocrx_word' id='word_1_462' title='bbox 3355 2400 3506 2450; x_wconf 78' lang='lat' dir='ltr'><strong>Italiae</strong></span> <span class='ocrx_word' id='word_1_463' title='bbox 3529 2401 3615 2451; x_wconf 88' lang='lat' dir='ltr'><strong>ba·</strong></span> 
     </span>
     <span class='ocr_line' id='line_1_59' title="bbox 2052 2501 3618 2566; baseline 0.001 -14"><span class='ocrx_word' id='word_1_464' title='bbox 2052 2502 2330 2553; x_wconf 87' lang='lat' dir='ltr'><strong>bitationem</strong></span> <span class='ocrx_word' id='word_1_465' title='bbox 2351 2502 2621 2566; x_wconf 78' lang='lat' dir='ltr'><strong>assignavit.</strong></span> <span class='ocrx_word' id='word_1_466' title='bbox 2690 2501 2786 2553; x_wconf 88' lang='lat' dir='ltr'><strong>Sed</strong></span> <span class='ocrx_word' id='word_1_467' title='bbox 2811 2501 3066 2552; x_wconf 76' lang='lat' dir='ltr'><strong>Andriscus</strong></span> <span class='ocrx_word' id='word_1_468' title='bbox 3097 2501 3343 2565; x_wconf 88' lang='lat' dir='ltr'><strong>aliquanto</strong></span> <span class='ocrx_word' id='word_1_469' title='bbox 3367 2506 3473 2566; x_wconf 87' lang='lat' dir='ltr'><strong>post</strong></span> <span class='ocrx_word' id='word_1_470' title='bbox 3506 2503 3618 2555; x_wconf 89' lang='lat' dir='ltr'><strong>inde</strong></span> 
     </span>
     <span class='ocr_line' id='line_1_60' title="bbox 2053 2603 3612 2670; baseline 0.001 -15"><span class='ocrx_word' id='word_1_471' title='bbox 2053 2607 2322 2670; x_wconf 77' lang='lat' dir='ltr'><strong>profugiens</strong></span> <span class='ocrx_word' id='word_1_472' title='bbox 2364 2605 2583 2657; x_wconf 82' lang='lat' dir='ltr'><strong>Miletum</strong></span> <span class='ocrx_word' id='word_1_473' title='bbox 2623 2605 2865 2669; x_wconf 81' lang='lat' dir='ltr'><strong>profectus</strong></span> <span class='ocrx_word' id='word_1_474' title='bbox 2904 2606 2993 2655; x_wconf 57' lang='lat' dir='ltr'><strong>est.</strong></span> <span class='ocrx_word' id='word_1_475' title='bbox 3060 2603 3131 2654; x_wconf 89' lang='lat' dir='ltr'><strong>lbi</strong></span> <span class='ocrx_word' id='word_1_476' title='bbox 3177 2603 3354 2667; x_wconf 81' lang='lat' dir='ltr'><strong>degens</strong></span> <span class='ocrx_word' id='word_1_477' title='bbox 3400 2605 3612 2657; x_wconf 82' lang='lat' dir='ltr'><strong>tabulam</strong></span> 
     </span>
     <span class='ocr_line' id='line_1_61' title="bbox 2055 2706 3614 2771; baseline 0.003 -16"><span class='ocrx_word' id='word_1_478' title='bbox 2055 2707 2220 2770; x_wconf 78' lang='lat' dir='ltr'><strong>tinxit,</strong></span> <span class='ocrx_word' id='word_1_479' title='bbox 2239 2722 2336 2771; x_wconf 90' lang='lat' dir='ltr'><strong>qua</strong></span> <span class='ocrx_word' id='word_1_480' title='bbox 2360 2720 2411 2757; x_wconf 84' lang='lat' dir='ltr'><strong>se</strong></span> <span class='ocrx_word' id='word_1_481' title='bbox 2434 2706 2594 2758; x_wconf 83' lang='lat' dir='ltr'><strong>Persei</strong></span> <span class='ocrx_word' id='word_1_482' title='bbox 2620 2706 2774 2757; x_wconf 86' lang='lat' dir='ltr'><strong>tilium</strong></span> <span class='ocrx_word' id='word_1_483' title='bbox 2797 2706 3157 2758; x_wconf 73' lang='lat' dir='ltr'><strong>demonstraret.</strong></span> <span class='ocrx_word' id='word_1_484' title='bbox 3225 2708 3457 2760; x_wconf 73' lang='lat' dir='ltr'><strong>infantem</strong></span> <span class='ocrx_word' id='word_1_485' title='bbox 3477 2723 3529 2761; x_wconf 84' lang='lat' dir='ltr'><strong>se</strong></span> <span class='ocrx_word' id='word_1_486' title='bbox 3546 2709 3614 2760; x_wconf 88' lang='lat' dir='ltr'><strong>di·</strong></span> 
     </span>
     <span class='ocr_line' id='line_1_62' title="bbox 2053 2811 3616 2867; baseline 0.004 -6"><span class='ocrx_word' id='word_1_487' title='bbox 2053 2812 2192 2861; x_wconf 87' lang='lat' dir='ltr'><strong>cebat</strong></span> <span class='ocrx_word' id='word_1_488' title='bbox 2217 2811 2516 2862; x_wconf 87' lang='lat' dir='ltr'><strong>educandum</strong></span> <span class='ocrx_word' id='word_1_489' title='bbox 2542 2811 2775 2862; x_wconf 88' lang='lat' dir='ltr'><strong>traditum</strong></span> <span class='ocrx_word' id='word_1_490' title='bbox 2806 2813 2946 2863; x_wconf 81' lang='lat' dir='ltr'><strong>fuisse</strong></span> <span class='ocrx_word' id='word_1_491' title='bbox 2963 2814 3179 2863; x_wconf 82' lang='lat' dir='ltr'><strong>Cretensi</strong></span> <span class='ocrx_word' id='word_1_492' title='bbox 3200 2813 3408 2865; x_wconf 89' lang='lat' dir='ltr'><strong>cuidam.</strong></span> <span class='ocrx_word' id='word_1_493' title='bbox 3475 2818 3616 2867; x_wconf 82' lang='lat' dir='ltr'><strong>Hunc</strong></span> 
     </span>
     <span class='ocr_line' id='line_1_63' title="bbox 2052 2907 3616 2974; baseline 0.004 -16"><span class='ocrx_word' id='word_1_494' title='bbox 2052 2907 2143 2958; x_wconf 82' lang='lat' dir='ltr'><strong>sibi</strong></span> <span class='ocrx_word' id='word_1_495' title='bbox 2169 2907 2355 2960; x_wconf 80' lang='lat' dir='ltr'><strong>dedisse</strong></span> <span class='ocrx_word' id='word_1_496' title='bbox 2384 2908 2600 2960; x_wconf 81' lang='lat' dir='ltr'><strong>libellum</strong></span> <span class='ocrx_word' id='word_1_497' title='bbox 2629 2909 2932 2974; x_wconf 85' lang='lat' dir='ltr'><strong>obsignatum</strong></span> <span class='ocrx_word' id='word_1_498' title='bbox 2949 2947 2963 2974; x_wconf 87' lang='lat'><strong>,</strong></span> <span class='ocrx_word' id='word_1_499' title='bbox 2993 2911 3040 2960; x_wconf 86' lang='lat' dir='ltr'><strong>in</strong></span> <span class='ocrx_word' id='word_1_500' title='bbox 3069 2923 3168 2974; x_wconf 88' lang='lat' dir='ltr'><strong>quo</strong></span> <span class='ocrx_word' id='word_1_501' title='bbox 3190 2912 3388 2964; x_wconf 76' lang='lat' dir='ltr'><strong>Perseus</strong></span> <span class='ocrx_word' id='word_1_502' title='bbox 3404 2912 3616 2964; x_wconf 83' lang='lat' dir='ltr'><strong>declara·</strong></span> 
     </span>
     <span class='ocr_line' id='line_1_64' title="bbox 2056 3006 3618 3074; baseline 0.003 -19"><span class='ocrx_word' id='word_1_503' title='bbox 2056 3008 2126 3056; x_wconf 86' lang='lat' dir='ltr'><strong>ret</strong></span> <span class='ocrx_word' id='word_1_504' title='bbox 2145 3006 2265 3057; x_wconf 84' lang='lat' dir='ltr'><strong>duos</strong></span> <span class='ocrx_word' id='word_1_505' title='bbox 2282 3006 2371 3058; x_wconf 88' lang='lat' dir='ltr'><strong>sibi</strong></span> <span class='ocrx_word' id='word_1_506' title='bbox 2391 3006 2640 3056; x_wconf 78' lang='lat' dir='ltr'><strong>thesauros</strong></span> <span class='ocrx_word' id='word_1_507' title='bbox 2659 3007 2849 3056; x_wconf 85' lang='lat' dir='ltr'><strong>relictos</strong></span> <span class='ocrx_word' id='word_1_508' title='bbox 2867 3020 2967 3058; x_wconf 62' lang='lat' dir='ltr'><strong>esse</strong></span> <span class='ocrx_word' id='word_1_509' title='bbox 2980 3044 2994 3070; x_wconf 90' lang='lat'>,</span> <span class='ocrx_word' id='word_1_510' title='bbox 3014 3010 3221 3059; x_wconf 88' lang='lat' dir='ltr'><strong>alterum</strong></span> <span class='ocrx_word' id='word_1_511' title='bbox 3239 3009 3507 3074; x_wconf 77' lang='lat' dir='ltr'><strong>Amphipoli</strong></span> <span class='ocrx_word' id='word_1_512' title='bbox 3526 3011 3618 3060; x_wconf 87' lang='lat' dir='ltr'><strong>snb</strong></span> 
     </span>
    </p>
   </div>
   <div class='ocr_carea' id='block_1_5' title="bbox 2054 3089 3618 3748">
    <p class='ocr_par' dir='ltr' id='par_1_7' title="bbox 2054 3089 3618 3748">
     <span class='ocr_line' id='line_1_65' title="bbox 2055 3089 3615 3170; baseline 0.004 -20"><span class='ocrx_word' id='word_1_513' title='bbox 2055 3101 2181 3150; x_wconf 80' lang='lat' dir='ltr'><strong>viam</strong></span> <span class='ocrx_word' id='word_1_514' title='bbox 2222 3101 2497 3164; x_wconf 89' lang='lat' dir='ltr'><strong>conditum,</strong></span> <span class='ocrx_word' id='word_1_515' title='bbox 2528 3100 2694 3154; x_wconf 85' lang='lat' dir='ltr'><strong>decem</strong></span> <span class='ocrx_word' id='word_1_516' title='bbox 2735 3102 3006 3166; x_wconf 79' lang='lat' dir='ltr'><strong>orgyiarum</strong></span> <span class='ocrx_word' id='word_1_517' title='bbox 3038 3104 3392 3170; x_wconf 81' lang='lat' dir='ltr'><strong>profunditate,</strong></span> <span class='ocrx_word' id='word_1_518' title='bbox 3434 3089 3615 3168; x_wconf 78' lang='lat' dir='ltr'><strong>argenti</strong></span> 
     </span>
     <span class='ocr_line' id='line_1_66' title="bbox 2057 3198 3615 3265; baseline 0.004 -19"><span class='ocrx_word' id='word_1_519' title='bbox 2057 3199 2232 3248; x_wconf 84' lang='lat' dir='ltr'><strong>talenta</strong></span> <span class='ocrx_word' id='word_1_520' title='bbox 2253 3198 2499 3249; x_wconf 83' lang='lat' dir='ltr'><strong>continere</strong></span> <span class='ocrx_word' id='word_1_521' title='bbox 2514 3201 2708 3248; x_wconf 88' lang='lat' dir='ltr'><strong>centum</strong></span> <span class='ocrx_word' id='word_1_522' title='bbox 2732 3199 2988 3263; x_wconf 82' lang='lat' dir='ltr'><strong>nonaginta</strong></span> <span class='ocrx_word' id='word_1_523' title='bbox 3011 3202 3155 3265; x_wconf 87' lang='lat' dir='ltr'><strong>octo;</strong></span> <span class='ocrx_word' id='word_1_524' title='bbox 3180 3201 3386 3252; x_wconf 87' lang='lat' dir='ltr'><strong>alterum</strong></span> <span class='ocrx_word' id='word_1_525' title='bbox 3410 3203 3615 3253; x_wconf 87' lang='lat' dir='ltr'><strong>talento·</strong></span> 
     </span>
     <span class='ocr_line' id='line_1_67' title="bbox 2056 3296 3618 3364; baseline 0.004 -19"><span class='ocrx_word' id='word_1_526' title='bbox 2056 3310 2163 3345; x_wconf 92' lang='lat' dir='ltr'><strong>rum</strong></span> <span class='ocrx_word' id='word_1_527' title='bbox 2193 3296 2487 3360; x_wconf 81' lang='lat' dir='ltr'><strong>septuaginta</strong></span> <span class='ocrx_word' id='word_1_528' title='bbox 2512 3309 2615 3347; x_wconf 82' lang='lat' dir='ltr'><strong>esse</strong></span> <span class='ocrx_word' id='word_1_529' title='bbox 2640 3297 2985 3347; x_wconf 59' lang='lat' dir='ltr'><strong>Thessalonicae</strong></span> <span class='ocrx_word' id='word_1_530' title='bbox 3005 3298 3053 3348; x_wconf 92' lang='lat' dir='ltr'><strong>in</strong></span> <span class='ocrx_word' id='word_1_531' title='bbox 3087 3298 3241 3348; x_wconf 87' lang='lat' dir='ltr'><strong>media</strong></span> <span class='ocrx_word' id='word_1_532' title='bbox 3266 3299 3440 3350; x_wconf 81' lang='lat' dir='ltr'><strong>exedra</strong></span> <span class='ocrx_word' id='word_1_533' title='bbox 3456 3339 3471 3364; x_wconf 91' lang='lat'>,</span> <span class='ocrx_word' id='word_1_534' title='bbox 3506 3312 3618 3364; x_wconf 80' lang='lat' dir='ltr'><strong>quoe</strong></span> 
     </span>
     <span class='ocr_line' id='line_1_68' title="bbox 2054 3391 3616 3461; baseline 0.006 -21"><span class='ocrx_word' id='word_1_535' title='bbox 2054 3391 2102 3441; x_wconf 92' lang='lat' dir='ltr'><strong>in</strong></span> <span class='ocrx_word' id='word_1_536' title='bbox 2116 3392 2241 3442; x_wconf 82' lang='lat' dir='ltr'><strong>aulae</strong></span> <span class='ocrx_word' id='word_1_537' title='bbox 2258 3392 2499 3455; x_wconf 65' lang='lat' dir='ltr'><strong>peristylio</strong></span> <span class='ocrx_word' id='word_1_538' title='bbox 2521 3392 2658 3443; x_wconf 82' lang='lat' dir='ltr'><strong>foret.</strong></span> <span class='ocrx_word' id='word_1_539' title='bbox 2722 3393 2908 3453; x_wconf 81' lang='lat' dir='ltr'><strong>Quibus</strong></span> <span class='ocrx_word' id='word_1_540' title='bbox 2924 3407 3075 3458; x_wconf 88' lang='lat' dir='ltr'><strong>quum</strong></span> <span class='ocrx_word' id='word_1_541' title='bbox 3091 3407 3257 3445; x_wconf 88' lang='lat' dir='ltr'><strong>aurem</strong></span> <span class='ocrx_word' id='word_1_542' title='bbox 3279 3397 3418 3447; x_wconf 87' lang='lat' dir='ltr'><strong>multi</strong></span> <span class='ocrx_word' id='word_1_543' title='bbox 3437 3397 3616 3461; x_wconf 76' lang='lat' dir='ltr'><strong>praebe-</strong></span> 
     </span>
     <span class='ocr_line' id='line_1_69' title="bbox 2056 3489 3616 3558; baseline 0.004 -19"><span class='ocrx_word' id='word_1_544' title='bbox 2056 3492 2188 3552; x_wconf 88' lang='lat' dir='ltr'><strong>rent,</strong></span> <span class='ocrx_word' id='word_1_545' title='bbox 2216 3502 2373 3540; x_wconf 80' lang='lat' dir='ltr'><strong>sermo</strong></span> <span class='ocrx_word' id='word_1_546' title='bbox 2395 3490 2526 3539; x_wconf 78' lang='lat' dir='ltr'><strong>venit</strong></span> <span class='ocrx_word' id='word_1_547' title='bbox 2549 3489 2608 3540; x_wconf 91' lang='lat' dir='ltr'><strong>ad</strong></span> <span class='ocrx_word' id='word_1_548' title='bbox 2629 3491 2931 3554; x_wconf 73' lang='lat' dir='ltr'><strong>magistratus</strong></span> <span class='ocrx_word' id='word_1_549' title='bbox 2953 3492 3248 3543; x_wconf 83' lang='lat' dir='ltr'><strong>Milesiorum</strong></span> <span class='ocrx_word' id='word_1_550' title='bbox 3265 3532 3278 3556; x_wconf 92' lang='lat'><em>,</em></span> <span class='ocrx_word' id='word_1_551' title='bbox 3300 3495 3384 3557; x_wconf 83' lang='lat' dir='ltr'><strong>qui</strong></span> <span class='ocrx_word' id='word_1_552' title='bbox 3414 3496 3616 3558; x_wconf 86' lang='lat' dir='ltr'><strong>preben-</strong></span> 
     </span>
     <span class='ocr_line' id='line_1_70' title="bbox 2054 3585 3615 3654; baseline 0.004 -18"><span class='ocrx_word' id='word_1_553' title='bbox 2054 3599 2162 3636; x_wconf 80' lang='lat' dir='ltr'><strong>sum</strong></span> <span class='ocrx_word' id='word_1_554' title='bbox 2196 3585 2480 3636; x_wconf 80' lang='lat' dir='ltr'><strong>Andriscum</strong></span> <span class='ocrx_word' id='word_1_555' title='bbox 2508 3586 2559 3636; x_wconf 89' lang='lat' dir='ltr'><strong>in</strong></span> <span class='ocrx_word' id='word_1_556' title='bbox 2580 3587 2847 3636; x_wconf 82' lang='lat' dir='ltr'><strong>custodiam</strong></span> <span class='ocrx_word' id='word_1_557' title='bbox 2875 3587 3124 3639; x_wconf 88' lang='lat' dir='ltr'><strong>dederunt.</strong></span> <span class='ocrx_word' id='word_1_558' title='bbox 3188 3591 3247 3639; x_wconf 84' lang='lat' dir='ltr'><strong>Et</strong></span> <span class='ocrx_word' id='word_1_559' title='bbox 3279 3603 3432 3653; x_wconf 84' lang='lat' dir='ltr'><strong>quum</strong></span> <span class='ocrx_word' id='word_1_560' title='bbox 3472 3591 3615 3654; x_wconf 82' lang='lat' dir='ltr'><strong>legati</strong></span> 
     </span>
     <span class='ocr_line' id='line_1_71' title="bbox 2055 3655 3611 3748; baseline 0.006 -18"><span class='ocrx_word' id='word_1_561' title='bbox 2055 3655 2384 3747; x_wconf 69' lang='lat' dir='ltr'><strong>advenissent,</strong></span> <span class='ocrx_word' id='word_1_562' title='bbox 2403 3683 2466 3732; x_wconf 83' lang='lat' dir='ltr'><strong>ad</strong></span> <span class='ocrx_word' id='word_1_563' title='bbox 2486 3683 2575 3734; x_wconf 78' lang='lat' dir='ltr'><strong>hos</strong></span> <span class='ocrx_word' id='word_1_564' title='bbox 2592 3696 2694 3733; x_wconf 89' lang='lat' dir='ltr'><strong>rem</strong></span> <span class='ocrx_word' id='word_1_565' title='bbox 2714 3683 2990 3735; x_wconf 87' lang='lat' dir='ltr'><strong>detulerunt</strong></span> <span class='ocrx_word' id='word_1_566' title='bbox 3011 3684 3316 3736; x_wconf 82' lang='lat' dir='ltr'><strong>deliberaturi</strong></span> <span class='ocrx_word' id='word_1_567' title='bbox 3341 3688 3457 3748; x_wconf 85' lang='lat' dir='ltr'><strong>quid</strong></span> <span class='ocrx_word' id='word_1_568' title='bbox 3484 3689 3611 3740; x_wconf 79' lang='lat' dir='ltr'><strong>factu</strong></span> 
     </span>
    </p>
   </div>
   <div class='ocr_carea' id='block_1_6' title="bbox 402 3762 3614 3849">
    <p class='ocr_par' dir='ltr' id='par_1_8' title="bbox 402 3762 3614 3849">
     <span class='ocr_line' id='line_1_72' title="bbox 402 3762 3614 3849; baseline 0.003 -28"><span class='ocrx_word' id='word_1_569' title='bbox 402 3788 523 3835; x_wconf 86' lang='grc' dir='ltr'>των,</span> <span class='ocrx_word' id='word_1_570' title='bbox 555 3762 980 3842; x_wconf 81' lang='grc' dir='ltr'>προσανήνεγκαν</span> <span class='ocrx_word' id='word_1_571' title='bbox 1010 3766 1181 3832; x_wconf 78' lang='grc' dir='ltr'>αὐτοῖς</span> <span class='ocrx_word' id='word_1_572' title='bbox 1206 3767 1266 3842; x_wconf 79' lang='lat'><strong>(7)</strong></span> <span class='ocrx_word' id='word_1_573' title='bbox 1298 3764 1765 3842; x_wconf 74' lang='grc' dir='ltr'>συμὸουλευόμενοι</span> <span class='ocrx_word' id='word_1_574' title='bbox 1787 3768 1839 3826; x_wconf 91' lang='grc' dir='ltr'><strong>τί</strong></span> <span class='ocrx_word' id='word_1_575' title='bbox 1855 3767 1957 3849; x_wconf 80' lang='grc' dir='ltr'>χρὴ</span> <span class='ocrx_word' id='word_1_576' title='bbox 2059 3789 2179 3838; x_wconf 84' lang='lat' dir='ltr'><strong>opus</strong></span> <span class='ocrx_word' id='word_1_577' title='bbox 2199 3781 2336 3826; x_wconf 80' lang='lat' dir='ltr'><strong>esset.</strong></span> <span class='ocrx_word' id='word_1_578' title='bbox 2403 3776 2475 3826; x_wconf 92' lang='lat' dir='ltr'><strong>llli</strong></span> <span class='ocrx_word' id='word_1_579' title='bbox 2502 3791 2616 3827; x_wconf 73' lang='lat' dir='ltr'><strong>vero</strong></span> <span class='ocrx_word' id='word_1_580' title='bbox 2637 3778 2844 3829; x_wconf 87' lang='lat' dir='ltr'><strong>ridentes</strong></span> <span class='ocrx_word' id='word_1_581' title='bbox 2873 3779 3122 3840; x_wconf 82' lang='lat' dir='ltr'><strong>dixerunt,</strong></span> <span class='ocrx_word' id='word_1_582' title='bbox 3149 3783 3202 3828; x_wconf 88' lang='lat' dir='ltr'><strong>ut</strong></span> <span class='ocrx_word' id='word_1_583' title='bbox 3221 3780 3514 3832; x_wconf 85' lang='lat' dir='ltr'><strong>dimitterent</strong></span> <span class='ocrx_word' id='word_1_584' title='bbox 3533 3784 3614 3833; x_wconf 88' lang='lat' dir='ltr'><strong>bo·</strong></span> 
     </span>
    </p>
   </div>
   <div class='ocr_carea' id='block_1_7' title="bbox 398 3938 3616 5281">
    <p class='ocr_par' dir='ltr' id='par_1_9' title="bbox 398 3938 3616 5281">
     <span class='ocr_line' id='line_1_73' title="bbox 405 3938 3609 4001; baseline 0.004 -12"><span class='ocrx_word' id='word_1_585' title='bbox 405 3940 545 3990; x_wconf 75' lang='lat' dir='ltr'><strong>velut</strong></span> <span class='ocrx_word' id='word_1_586' title='bbox 568 3938 641 3990; x_wconf 82' lang='lat' dir='ltr'><strong>ad</strong></span> <span class='ocrx_word' id='word_1_587' title='bbox 666 3952 868 3996; x_wconf 86' lang='lat' dir='ltr'><strong>veram,</strong></span> <span class='ocrx_word' id='word_1_588' title='bbox 892 3941 1216 3997; x_wconf 79' lang='lat' dir='ltr'><strong>coeuntibus,</strong></span> <span class='ocrx_word' id='word_1_589' title='bbox 1247 3944 1514 3992; x_wconf 81' lang='lat' dir='ltr'><strong>contracto</strong></span> <span class='ocrx_word' id='word_1_590' title='bbox 1540 3946 1804 4000; x_wconf 71' lang='lat' dir='ltr'><strong>exercitu,</strong></span> <span class='ocrx_word' id='word_1_591' title='bbox 1830 3946 1989 3994; x_wconf 85' lang='lat' dir='ltr'><strong>totam</strong></span> <span class='ocrx_word' id='word_1_592' title='bbox 2013 3942 2363 3994; x_wconf 82' lang='lat' dir='ltr'><strong>Macedoniam</strong></span> <span class='ocrx_word' id='word_1_593' title='bbox 2380 3946 2476 3994; x_wconf 89' lang='lat' dir='ltr'><strong>aut</strong></span> <span class='ocrx_word' id='word_1_594' title='bbox 2501 3944 2770 3996; x_wconf 79' lang='lat' dir='ltr'><strong>voluntate</strong></span> <span class='ocrx_word' id='word_1_595' title='bbox 2794 3947 3123 3998; x_wconf 78' lang='lat' dir='ltr'><strong>incolentium</strong></span> <span class='ocrx_word' id='word_1_596' title='bbox 3152 3950 3248 3997; x_wconf 80' lang='lat' dir='ltr'><strong>aut</strong></span> <span class='ocrx_word' id='word_1_597' title='bbox 3266 3952 3430 3999; x_wconf 80' lang='lat' dir='ltr'><strong>armis</strong></span> <span class='ocrx_word' id='word_1_598' title='bbox 3462 3963 3609 4001; x_wconf 89' lang='lat' dir='ltr'><strong>occu·</strong></span> 
     </span>
     <span class='ocr_line' id='line_1_74' title="bbox 404 4010 3614 4076; baseline 0.003 -16"><span class='ocrx_word' id='word_1_599' title='bbox 404 4013 573 4072; x_wconf 87' lang='lat' dir='ltr'><strong>pavit.</strong></span> <span class='ocrx_word' id='word_1_600' title='bbox 598 4010 853 4061; x_wconf 79' lang='lat' dir='ltr'><strong>Fabulam</strong></span> <span class='ocrx_word' id='word_1_601' title='bbox 872 4014 1047 4061; x_wconf 84' lang='lat' dir='ltr'><strong>autem</strong></span> <span class='ocrx_word' id='word_1_602' title='bbox 1068 4011 1488 4073; x_wconf 78' lang='lat' dir='ltr'><strong>talemflnxerat.</strong></span> <span class='ocrx_word' id='word_1_603' title='bbox 1515 4016 1600 4064; x_wconf 76' lang='lat' dir='ltr'><strong>Ex</strong></span> <span class='ocrx_word' id='word_1_604' title='bbox 1612 4014 1796 4076; x_wconf 79' lang='lat' dir='ltr'><strong>pellice</strong></span> <span class='ocrx_word' id='word_1_605' title='bbox 1822 4027 1873 4064; x_wconf 81' lang='lat' dir='ltr'><strong>se</strong></span> <span class='ocrx_word' id='word_1_606' title='bbox 1891 4017 1940 4064; x_wconf 86' lang='lat' dir='ltr'><strong>et</strong></span> <span class='ocrx_word' id='word_1_607' title='bbox 1959 4016 2145 4064; x_wconf 76' lang='lat' dir='ltr'><strong>Perseo</strong></span> <span class='ocrx_word' id='word_1_608' title='bbox 2168 4025 2282 4075; x_wconf 69' lang='lat' dir='ltr'><strong>repe</strong></span> <span class='ocrx_word' id='word_1_609' title='bbox 2299 4016 2499 4070; x_wconf 85' lang='lat' dir='ltr'><strong>ortum,</strong></span> <span class='ocrx_word' id='word_1_610' title='bbox 2524 4013 2777 4064; x_wconf 83' lang='lat' dir='ltr'><strong>traditum</strong></span> <span class='ocrx_word' id='word_1_611' title='bbox 2798 4015 3123 4066; x_wconf 77' lang='lat' dir='ltr'><strong>educandum</strong></span> <span class='ocrx_word' id='word_1_612' title='bbox 3154 4018 3380 4067; x_wconf 75' lang='lat' dir='ltr'><strong>Cretensi</strong></span> <span class='ocrx_word' id='word_1_613' title='bbox 3399 4020 3614 4071; x_wconf 81' lang='lat' dir='ltr'><strong>cuidam</strong></span> 
     </span>
     <span class='ocr_line' id='line_1_75' title="bbox 398 4081 3613 4148; baseline 0.003 -18"><span class='ocrx_word' id='word_1_614' title='bbox 398 4092 534 4137; x_wconf 81' lang='lat' dir='ltr'><strong>esse,</strong></span> <span class='ocrx_word' id='word_1_615' title='bbox 560 4085 621 4132; x_wconf 84' lang='lat' dir='ltr'><strong>ut</strong></span> <span class='ocrx_word' id='word_1_616' title='bbox 640 4084 694 4133; x_wconf 84' lang='lat' dir='ltr'><strong>in</strong></span> <span class='ocrx_word' id='word_1_617' title='bbox 717 4081 835 4132; x_wconf 84' lang='lat' dir='ltr'><strong>belli</strong></span> <span class='ocrx_word' id='word_1_618' title='bbox 861 4094 1039 4142; x_wconf 80' lang='lat' dir='ltr'><strong>casus,</strong></span> <span class='ocrx_word' id='word_1_619' title='bbox 1063 4081 1200 4146; x_wconf 82' lang='lat' dir='ltr'><strong>quod</strong></span> <span class='ocrx_word' id='word_1_620' title='bbox 1221 4082 1312 4131; x_wconf 84' lang='lat' dir='ltr'><strong>ille</strong></span> <span class='ocrx_word' id='word_1_621' title='bbox 1336 4094 1455 4133; x_wconf 86' lang='lat' dir='ltr'><strong>cum</strong></span> <span class='ocrx_word' id='word_1_622' title='bbox 1486 4087 1724 4134; x_wconf 81' lang='lat' dir='ltr'><strong>Romanis</strong></span> <span class='ocrx_word' id='word_1_623' title='bbox 1740 4087 1960 4147; x_wconf 66' lang='lat' dir='ltr'><strong>peren-et,</strong></span> <span class='ocrx_word' id='word_1_624' title='bbox 1980 4083 2194 4148; x_wconf 78' lang='lat' dir='ltr'><strong>aliquod</strong></span> <span class='ocrx_word' id='word_1_625' title='bbox 2211 4083 2370 4135; x_wconf 83' lang='lat' dir='ltr'><strong>veluti</strong></span> <span class='ocrx_word' id='word_1_626' title='bbox 2387 4097 2558 4134; x_wconf 78' lang='lat' dir='ltr'><strong>semen</strong></span> <span class='ocrx_word' id='word_1_627' title='bbox 2577 4086 2731 4147; x_wconf 74' lang='lat' dir='ltr'><strong>reqiae</strong></span> <span class='ocrx_word' id='word_1_628' title='bbox 2747 4086 2928 4147; x_wconf 75' lang='lat' dir='ltr'><strong>stirpis</strong></span> <span class='ocrx_word' id='word_1_629' title='bbox 2945 4088 3190 4148; x_wconf 48' lang='lat' dir='ltr'><strong>cavaret.</strong></span> <span class='ocrx_word' id='word_1_630' title='bbox 3213 4088 3396 4137; x_wconf 79' lang='lat' dir='ltr'><strong>Perseo</strong></span> <span class='ocrx_word' id='word_1_631' title='bbox 3419 4090 3613 4140; x_wconf 85' lang='lat' dir='ltr'><strong>demor-</strong></span> 
     </span>
     <span class='ocr_line' id='line_1_76' title="bbox 411 4150 3615 4221; baseline 0.004 -22"><span class='ocrx_word' id='word_1_632' title='bbox 411 4153 524 4206; x_wconf 81' lang='lat' dir='ltr'><strong>tuo,</strong></span> <span class='ocrx_word' id='word_1_633' title='bbox 547 4150 876 4214; x_wconf 76' lang='lat' dir='ltr'><strong>Adramyttei</strong></span> <span class='ocrx_word' id='word_1_634' title='bbox 899 4165 952 4202; x_wconf 82' lang='lat' dir='ltr'><strong>se</strong></span> <span class='ocrx_word' id='word_1_635' title='bbox 971 4152 1251 4203; x_wconf 85' lang='lat' dir='ltr'><strong>educatum</strong></span> <span class='ocrx_word' id='word_1_636' title='bbox 1270 4166 1432 4217; x_wconf 85' lang='lat' dir='ltr'><strong>usque</strong></span> <span class='ocrx_word' id='word_1_637' title='bbox 1449 4154 1525 4205; x_wconf 84' lang='lat' dir='ltr'><strong>ad</strong></span> <span class='ocrx_word' id='word_1_638' title='bbox 1550 4154 1913 4206; x_wconf 83' lang='lat' dir='ltr'><strong>duodecimum</strong></span> <span class='ocrx_word' id='word_1_639' title='bbox 1930 4166 2128 4204; x_wconf 81' lang='lat' dir='ltr'><strong>annum</strong></span> <span class='ocrx_word' id='word_1_640' title='bbox 2147 4156 2319 4204; x_wconf 80' lang='lat' dir='ltr'><strong>aetatis</strong></span> <span class='ocrx_word' id='word_1_641' title='bbox 2333 4191 2349 4216; x_wconf 93' lang='lat'>‚</span> <span class='ocrx_word' id='word_1_642' title='bbox 2364 4156 2571 4217; x_wconf 86' lang='lat' dir='ltr'><strong>patrem</strong></span> <span class='ocrx_word' id='word_1_643' title='bbox 2587 4166 2706 4205; x_wconf 82' lang='lat' dir='ltr'><strong>eum</strong></span> <span class='ocrx_word' id='word_1_644' title='bbox 2728 4165 2830 4204; x_wconf 76' lang='lat' dir='ltr'><strong>esse</strong></span> <span class='ocrx_word' id='word_1_645' title='bbox 2847 4154 3132 4205; x_wconf 77' lang='lat' dir='ltr'><strong>credentem</strong></span> <span class='ocrx_word' id='word_1_646' title='bbox 3147 4189 3163 4217; x_wconf 85' lang='lat'><strong>,</strong></span> <span class='ocrx_word' id='word_1_647' title='bbox 3188 4169 3224 4205; x_wconf 86' lang='grc' dir='ltr'><strong>α</strong></span> <span class='ocrx_word' id='word_1_648' title='bbox 3246 4169 3347 4221; x_wconf 85' lang='lat' dir='ltr'><strong>quo</strong></span> <span class='ocrx_word' id='word_1_649' title='bbox 3367 4159 3615 4211; x_wconf 86' lang='lat' dir='ltr'><strong>educare·</strong></span> 
     </span>
     <span class='ocr_line' id='line_1_77' title="bbox 409 4220 3612 4289; baseline 0.005 -21"><span class='ocrx_word' id='word_1_650' title='bbox 409 4222 515 4276; x_wconf 81' lang='lat' dir='ltr'><strong>tur,</strong></span> <span class='ocrx_word' id='word_1_651' title='bbox 537 4223 783 4282; x_wconf 73' lang='lat' dir='ltr'><strong>iynarwn</strong></span> <span class='ocrx_word' id='word_1_652' title='bbox 797 4220 1178 4283; x_wconf 74' lang='lat' dir='ltr'><strong>qenerissuisse</strong></span> <span class='ocrx_word' id='word_1_653' title='bbox 1194 4225 1293 4272; x_wconf 80' lang='lat' dir='ltr'><strong>sui.</strong></span> <span class='ocrx_word' id='word_1_654' title='bbox 1314 4222 1513 4286; x_wconf 63' lang='lat' dir='ltr'><strong>Affecto</strong></span> <span class='ocrx_word' id='word_1_655' title='bbox 1533 4223 1714 4274; x_wconf 84' lang='lat' dir='ltr'><strong>deinde</strong></span> <span class='ocrx_word' id='word_1_656' title='bbox 1732 4237 1788 4274; x_wconf 87' lang='lat' dir='ltr'><strong>eo</strong></span> <span class='ocrx_word' id='word_1_657' title='bbox 1802 4236 1999 4289; x_wconf 69' lang='lat' dir='ltr'><strong>‚quum</strong></span> <span class='ocrx_word' id='word_1_658' title='bbox 2016 4237 2175 4288; x_wconf 81' lang='lat' dir='ltr'><strong>prope</strong></span> <span class='ocrx_word' id='word_1_659' title='bbox 2196 4224 2270 4275; x_wconf 89' lang='lat' dir='ltr'><strong>ad</strong></span> <span class='ocrx_word' id='word_1_660' title='bbox 2287 4228 2408 4276; x_wconf 82' lang='lat' dir='ltr'><strong>vitoe</strong></span> <span class='ocrx_word' id='word_1_661' title='bbox 2416 4224 2579 4288; x_wconf 82' lang='lat' dir='ltr'><strong>finem</strong></span> <span class='ocrx_word' id='word_1_662' title='bbox 2600 4226 2839 4276; x_wconf 84' lang='lat' dir='ltr'><strong>ultimum</strong></span> <span class='ocrx_word' id='word_1_663' title='bbox 2859 4229 3012 4283; x_wconf 79' lang='lat' dir='ltr'><strong>esset,</strong></span> <span class='ocrx_word' id='word_1_664' title='bbox 3034 4226 3289 4278; x_wconf 76' lang='lat' dir='ltr'><strong>detectam</strong></span> <span class='ocrx_word' id='word_1_665' title='bbox 3310 4230 3523 4285; x_wconf 79' lang='lat' dir='ltr'><strong>tandem</strong></span> <span class='ocrx_word' id='word_1_666' title='bbox 3540 4233 3612 4283; x_wconf 82' lang='lat' dir='ltr'><strong>ibi</strong></span> 
     </span>
     <span class='ocr_line' id='line_1_78' title="bbox 406 4290 3613 4365; baseline 0.004 -27"><span class='ocrx_word' id='word_1_667' title='bbox 406 4291 655 4351; x_wconf 77' lang='lat' dir='ltr'><strong>oriqinem</strong></span> <span class='ocrx_word' id='word_1_668' title='bbox 678 4303 829 4341; x_wconf 78' lang='lat' dir='ltr'><strong>suam</strong></span> <span class='ocrx_word' id='word_1_669' title='bbox 844 4323 860 4346; x_wconf 89' lang='lat'>‚</span> <span class='ocrx_word' id='word_1_670' title='bbox 876 4290 1148 4356; x_wconf 69' lang='lat' dir='ltr'><strong>salsaeque</strong></span> <span class='ocrx_word' id='word_1_671' title='bbox 1166 4297 1328 4344; x_wconf 85' lang='lat' dir='ltr'><strong>matri</strong></span> <span class='ocrx_word' id='word_1_672' title='bbox 1347 4295 1576 4345; x_wconf 81' lang='lat' dir='ltr'><strong>libellum</strong></span> <span class='ocrx_word' id='word_1_673' title='bbox 1605 4292 1819 4351; x_wconf 81' lang='lat' dir='ltr'><strong>datum,</strong></span> <span class='ocrx_word' id='word_1_674' title='bbox 1844 4297 1991 4356; x_wconf 66' lang='lat' dir='ltr'><strong>siano</strong></span> <span class='ocrx_word' id='word_1_675' title='bbox 2012 4297 2186 4344; x_wconf 78' lang='lat' dir='ltr'><strong>Persei</strong></span> <span class='ocrx_word' id='word_1_676' title='bbox 2213 4296 2346 4356; x_wconf 69' lang='lat' dir='ltr'><strong>repis</strong></span> <span class='ocrx_word' id='word_1_677' title='bbox 2365 4297 2656 4355; x_wconf 73' lang='lat' dir='ltr'><strong>siynacum,</strong></span> <span class='ocrx_word' id='word_1_678' title='bbox 2679 4309 2829 4359; x_wconf 80' lang='lat' dir='ltr'><strong>quem</strong></span> <span class='ocrx_word' id='word_1_679' title='bbox 2846 4296 2942 4346; x_wconf 80' lang='lat' dir='ltr'><strong>sibi</strong></span> <span class='ocrx_word' id='word_1_680' title='bbox 2967 4296 3228 4355; x_wconf 86' lang='lat' dir='ltr'><strong>traderet,</strong></span> <span class='ocrx_word' id='word_1_681' title='bbox 3250 4302 3499 4363; x_wconf 78' lang='lat' dir='ltr'><strong>quumad</strong></span> <span class='ocrx_word' id='word_1_682' title='bbox 3514 4315 3613 4365; x_wconf 71' lang='lat' dir='ltr'><strong>pu·</strong></span> 
     </span>
     <span class='ocr_line' id='line_1_79' title="bbox 408 4358 3611 4430; baseline 0.006 -24"><span class='ocrx_word' id='word_1_683' title='bbox 408 4358 572 4407; x_wconf 82' lang='lat' dir='ltr'><strong>berem</strong></span> <span class='ocrx_word' id='word_1_684' title='bbox 589 4362 798 4410; x_wconf 80' lang='lat' dir='ltr'><strong>oetatem</strong></span> <span class='ocrx_word' id='word_1_685' title='bbox 818 4364 1039 4412; x_wconf 76' lang='lat' dir='ltr'><strong>venisset</strong></span> <span class='ocrx_word' id='word_1_686' title='bbox 1054 4379 1070 4412; x_wconf 92' lang='lat'><strong>.·</strong></span> <span class='ocrx_word' id='word_1_687' title='bbox 1089 4363 1555 4429; x_wconf 71' lang='lat' dir='ltr'><strong>obtestationesque</strong></span> <span class='ocrx_word' id='word_1_688' title='bbox 1570 4366 1791 4415; x_wconf 78' lang='lat' dir='ltr'><strong>ultimas</strong></span> <span class='ocrx_word' id='word_1_689' title='bbox 1804 4365 2061 4428; x_wconf 77' lang='lat' dir='ltr'><strong>adjectas,</strong></span> <span class='ocrx_word' id='word_1_690' title='bbox 2084 4367 2146 4415; x_wconf 85' lang='lat' dir='ltr'><strong>ut</strong></span> <span class='ocrx_word' id='word_1_691' title='bbox 2163 4376 2245 4414; x_wconf 77' lang='lat' dir='ltr'><strong>res</strong></span> <span class='ocrx_word' id='word_1_692' title='bbox 2270 4369 2325 4414; x_wconf 83' lang='lat' dir='ltr'><strong>in</strong></span> <span class='ocrx_word' id='word_1_693' title='bbox 2348 4366 2547 4416; x_wconf 85' lang='lat' dir='ltr'><strong>occulto</strong></span> <span class='ocrx_word' id='word_1_694' title='bbox 2564 4365 2638 4416; x_wconf 90' lang='lat' dir='ltr'><strong>ad</strong></span> <span class='ocrx_word' id='word_1_695' title='bbox 2660 4366 2717 4416; x_wconf 84' lang='lat' dir='ltr'><strong>id</strong></span> <span class='ocrx_word' id='word_1_696' title='bbox 2735 4370 2933 4430; x_wconf 76' lang='lat' dir='ltr'><strong>tempus</strong></span> <span class='ocrx_word' id='word_1_697' title='bbox 2955 4371 3279 4420; x_wconf 78' lang='lat' dir='ltr'><strong>servaretur.</strong></span> <span class='ocrx_word' id='word_1_698' title='bbox 3308 4371 3611 4424; x_wconf 56' lang='lat' dir='ltr'><strong>Pubescente·</strong></span> 
     </span>
     <span class='ocr_line' id='line_1_80' title="bbox 409 4426 3608 4500; baseline 0.006 -25"><span class='ocrx_word' id='word_1_699' title='bbox 409 4426 643 4476; x_wconf 82' lang='lat' dir='ltr'><strong>libellum</strong></span> <span class='ocrx_word' id='word_1_700' title='bbox 664 4428 954 4486; x_wconf 84' lang='lat' dir='ltr'><strong>traditum,</strong></span> <span class='ocrx_word' id='word_1_701' title='bbox 977 4434 1033 4481; x_wconf 86' lang='lat' dir='ltr'><strong>in</strong></span> <span class='ocrx_word' id='word_1_702' title='bbox 1061 4445 1162 4495; x_wconf 84' lang='lat' dir='ltr'><strong>quo</strong></span> <span class='ocrx_word' id='word_1_703' title='bbox 1191 4435 1363 4484; x_wconf 81' lang='lat' dir='ltr'><strong>relicti</strong></span> <span class='ocrx_word' id='word_1_704' title='bbox 1384 4434 1483 4483; x_wconf 75' lang='lat' dir='ltr'><strong>sibi</strong></span> <span class='ocrx_word' id='word_1_705' title='bbox 1503 4433 1606 4483; x_wconf 88' lang='lat' dir='ltr'><strong>duo</strong></span> <span class='ocrx_word' id='word_1_706' title='bbox 1631 4433 1869 4485; x_wconf 76' lang='lat' dir='ltr'><strong>thesauri</strong></span> <span class='ocrx_word' id='word_1_707' title='bbox 1889 4448 1925 4485; x_wconf 88' lang='lat' dir='ltr'><strong>a</strong></span> <span class='ocrx_word' id='word_1_708' title='bbox 1943 4438 2099 4498; x_wconf 87' lang='lat' dir='ltr'><strong>patre</strong></span> <span class='ocrx_word' id='word_1_709' title='bbox 2124 4434 2439 4489; x_wconf 82' lang='lat' dir='ltr'><strong>dicerentur.</strong></span> <span class='ocrx_word' id='word_1_710' title='bbox 2470 4439 2594 4486; x_wconf 83' lang='lat' dir='ltr'><strong>Tum</strong></span> <span class='ocrx_word' id='word_1_711' title='bbox 2618 4440 2800 4488; x_wconf 77' lang='lat' dir='ltr'><strong>scienti</strong></span> <span class='ocrx_word' id='word_1_712' title='bbox 2820 4438 3095 4490; x_wconf 83' lang='lat' dir='ltr'><strong>mulierem</strong></span> <span class='ocrx_word' id='word_1_713' title='bbox 3119 4438 3391 4491; x_wconf 80' lang='lat' dir='ltr'><strong>subditum</strong></span> <span class='ocrx_word' id='word_1_714' title='bbox 3407 4453 3461 4491; x_wconf 80' lang='lat' dir='ltr'><strong>sc</strong></span> <span class='ocrx_word' id='word_1_715' title='bbox 3475 4455 3608 4500; x_wconf 75' lang='lat' dir='ltr'><strong>esse,</strong></span> 
     </span>
     <span class='ocr_line' id='line_1_81' title="bbox 408 4501 3613 4577; baseline 0.004 -29"><span class='ocrx_word' id='word_1_716' title='bbox 408 4510 582 4577; x_wconf 73' lang='lat' dir='ltr'><strong>veram</strong></span> <span class='ocrx_word' id='word_1_717' title='bbox 608 4501 823 4561; x_wconf 77' lang='lat' dir='ltr'><strong>stirpem</strong></span> <span class='ocrx_word' id='word_1_718' title='bbox 855 4504 1119 4562; x_wconf 69' lang='lat' dir='ltr'><strong>ionoranti</strong></span> <span class='ocrx_word' id='word_1_719' title='bbox 1142 4502 1360 4554; x_wconf 74' lang='lat' dir='ltr'><strong>edidisse</strong></span> <span class='ocrx_word' id='word_1_720' title='bbox 1385 4518 1546 4568; x_wconf 67' lang='lat' dir='ltr'><strong>penus</strong></span> <span class='ocrx_word' id='word_1_721' title='bbox 1567 4521 1585 4555; x_wconf 93' lang='grc'><strong>.·</strong></span> <span class='ocrx_word' id='word_1_722' title='bbox 1619 4510 1778 4570; x_wconf 84' lang='lat' dir='ltr'><strong>atquc</strong></span> <span class='ocrx_word' id='word_1_723' title='bbox 1798 4505 2137 4562; x_wconf 79' lang='lat' dir='ltr'><strong>obtestatum,</strong></span> <span class='ocrx_word' id='word_1_724' title='bbox 2169 4510 2230 4557; x_wconf 88' lang='lat' dir='ltr'><strong>ut</strong></span> <span class='ocrx_word' id='word_1_725' title='bbox 2252 4510 2401 4570; x_wconf 81' lang='lat' dir='ltr'><strong>prius</strong></span> <span class='ocrx_word' id='word_1_726' title='bbox 2425 4520 2587 4570; x_wconf 85' lang='lat' dir='ltr'><strong>quam</strong></span> <span class='ocrx_word' id='word_1_727' title='bbox 2608 4511 2852 4562; x_wconf 84' lang='lat' dir='ltr'><strong>manaret</strong></span> <span class='ocrx_word' id='word_1_728' title='bbox 2881 4509 2956 4560; x_wconf 84' lang='lat' dir='ltr'><strong>ad</strong></span> <span class='ocrx_word' id='word_1_729' title='bbox 2987 4514 3267 4562; x_wconf 79' lang='lat' dir='ltr'><strong>Eumenem</strong></span> <span class='ocrx_word' id='word_1_730' title='bbox 3299 4524 3404 4569; x_wconf 79' lang='lat' dir='ltr'><strong>res,</strong></span> <span class='ocrx_word' id='word_1_731' title='bbox 3434 4517 3613 4564; x_wconf 78' lang='lat' dir='ltr'><strong>Perseo</strong></span> 
     </span>
     <span class='ocr_line' id='line_1_82' title="bbox 406 4568 3607 4644; baseline 0.005 -28"><span class='ocrx_word' id='word_1_732' title='bbox 406 4568 670 4617; x_wconf 77' lang='lat' dir='ltr'><strong>immicum</strong></span> <span class='ocrx_word' id='word_1_733' title='bbox 683 4602 698 4626; x_wconf 87' lang='lat'>‚</span> <span class='ocrx_word' id='word_1_734' title='bbox 718 4568 982 4619; x_wconf 83' lang='lat' dir='ltr'><strong>excederet</strong></span> <span class='ocrx_word' id='word_1_735' title='bbox 998 4574 1061 4620; x_wconf 80' lang='lat' dir='ltr'><strong>iis</strong></span> <span class='ocrx_word' id='word_1_736' title='bbox 1077 4572 1201 4622; x_wconf 78' lang='lat' dir='ltr'><strong>locis</strong></span> <span class='ocrx_word' id='word_1_737' title='bbox 1215 4609 1231 4635; x_wconf 90' lang='lat'><strong>,</strong></span> <span class='ocrx_word' id='word_1_738' title='bbox 1256 4586 1319 4625; x_wconf 80' lang='lat' dir='ltr'><strong>nc</strong></span> <span class='ocrx_word' id='word_1_739' title='bbox 1340 4574 1734 4636; x_wconf 80' lang='lat' dir='ltr'><strong>interficeretur.</strong></span> <span class='ocrx_word' id='word_1_740' title='bbox 1757 4579 1833 4626; x_wconf 81' lang='lat' dir='ltr'><strong>Eo</strong></span> <span class='ocrx_word' id='word_1_741' title='bbox 1850 4589 1904 4626; x_wconf 75' lang='lat' dir='ltr'><strong>se</strong></span> <span class='ocrx_word' id='word_1_742' title='bbox 1924 4577 2260 4632; x_wconf 76' lang='lat' dir='ltr'><strong>exterritum,</strong></span> <span class='ocrx_word' id='word_1_743' title='bbox 2282 4579 2438 4628; x_wconf 76' lang='lat' dir='ltr'><strong>simul</strong></span> <span class='ocrx_word' id='word_1_744' title='bbox 2453 4583 2750 4640; x_wconf 77' lang='lat' dir='ltr'><strong>sperantem</strong></span> <span class='ocrx_word' id='word_1_745' title='bbox 2768 4579 2984 4644; x_wconf 76' lang='lat' dir='ltr'><strong>aliquod</strong></span> <span class='ocrx_word' id='word_1_746' title='bbox 3001 4595 3036 4631; x_wconf 93' lang='lat' dir='ltr'><strong>a</strong></span> <span class='ocrx_word' id='word_1_747' title='bbox 3062 4585 3311 4633; x_wconf 68' lang='lat' dir='ltr'><strong>Dernetrlo</strong></span> <span class='ocrx_word' id='word_1_748' title='bbox 3329 4584 3607 4642; x_wconf 76' lang='lat' dir='ltr'><strong>auxilium,</strong></span> 
     </span>
     <span class='ocr_line' id='line_1_83' title="bbox 406 4638 3612 4715; baseline 0.006 -30"><span class='ocrx_word' id='word_1_749' title='bbox 406 4638 464 4685; x_wconf 78' lang='lat' dir='ltr'><strong>in</strong></span> <span class='ocrx_word' id='word_1_750' title='bbox 489 4640 691 4699; x_wconf 69' lang='lat' dir='ltr'><strong>Syriam</strong></span> <span class='ocrx_word' id='word_1_751' title='bbox 716 4649 769 4687; x_wconf 76' lang='lat' dir='ltr'><strong>se</strong></span> <span class='ocrx_word' id='word_1_752' title='bbox 785 4640 1066 4690; x_wconf 81' lang='lat' dir='ltr'><strong>contulisse</strong></span> <span class='ocrx_word' id='word_1_753' title='bbox 1085 4658 1103 4692; x_wconf 79' lang='lat'><strong>.-</strong></span> <span class='ocrx_word' id='word_1_754' title='bbox 1127 4646 1287 4707; x_wconf 83' lang='lat' dir='ltr'><strong>atque</strong></span> <span class='ocrx_word' id='word_1_755' title='bbox 1304 4644 1373 4695; x_wconf 82' lang='lat' dir='ltr'><strong>ibi</strong></span> <span class='ocrx_word' id='word_1_756' title='bbox 1393 4647 1627 4708; x_wconf 82' lang='lat' dir='ltr'><strong>primum</strong></span> <span class='ocrx_word' id='word_1_757' title='bbox 1647 4649 1764 4710; x_wconf 74' lang='lat' dir='ltr'><strong>quis</strong></span> <span class='ocrx_word' id='word_1_758' title='bbox 1790 4648 1917 4696; x_wconf 76' lang='lat' dir='ltr'><strong>esset</strong></span> <span class='ocrx_word' id='word_1_759' title='bbox 1932 4645 2115 4708; x_wconf 83' lang='lat' dir='ltr'><strong>palam</strong></span> <span class='ocrx_word' id='word_1_760' title='bbox 2132 4657 2431 4707; x_wconf 79' lang='lat' dir='ltr'><strong>expromere</strong></span> <span class='ocrx_word' id='word_1_761' title='bbox 2452 4658 2659 4698; x_wconf 72' lang='lat' dir='ltr'><strong>ausum.</strong></span> <span class='ocrx_word' id='word_1_762' title='bbox 2679 4674 2741 4684; x_wconf 95' lang='lat'><strong>—</strong></span> <span class='ocrx_word' id='word_1_763' title='bbox 2767 4655 2813 4699; x_wconf 82' lang='lat'><strong>1.</strong></span> <span class='ocrx_word' id='word_1_764' title='bbox 2840 4650 2946 4701; x_wconf 73' lang='grc' dir='ltr'>τήν</span> <span class='ocrx_word' id='word_1_765' title='bbox 2973 4649 3052 4715; x_wconf 83' lang='grc' dir='ltr'><strong>τε]</strong></span> <span class='ocrx_word' id='word_1_766' title='bbox 3073 4652 3158 4711; x_wconf 74' lang='grc' dir='ltr'>τὴν</span> <span class='ocrx_word' id='word_1_767' title='bbox 3179 4651 3230 4702; x_wconf 84' lang='grc' dir='ltr'><strong>δὲ</strong></span> <span class='ocrx_word' id='word_1_768' title='bbox 3257 4651 3366 4702; x_wconf 89' lang='lat' dir='ltr'><strong>cod.</strong></span> <span class='ocrx_word' id='word_1_769' title='bbox 3388 4679 3454 4691; x_wconf 89' lang='lat'><em>-</em></span> <span class='ocrx_word' id='word_1_770' title='bbox 3481 4660 3525 4703; x_wconf 81' lang='lat'><strong>2.</strong></span> <span class='ocrx_word' id='word_1_771' title='bbox 3548 4656 3612 4709; x_wconf 78' lang='grc' dir='ltr'><strong>ὡς</strong></span> 
     </span>
     <span class='ocr_line' id='line_1_84' title="bbox 408 4706 3614 4791; baseline 0.006 -36"><span class='ocrx_word' id='word_1_772' title='bbox 408 4708 514 4788; x_wconf 53' lang='grc' dir='ltr'>περι</span> <span class='ocrx_word' id='word_1_773' title='bbox 528 4706 701 4770; x_wconf 73' lang='grc' dir='ltr'>μόνον]</span> <span class='ocrx_word' id='word_1_774' title='bbox 719 4708 1025 4791; x_wconf 80' lang='lat' dir='ltr'><strong>scribendum</strong></span> <span class='ocrx_word' id='word_1_775' title='bbox 1041 4717 1267 4776; x_wconf 82' lang='lat' dir='ltr'><strong>esseputo</strong></span> <span class='ocrx_word' id='word_1_776' title='bbox 1281 4718 1342 4772; x_wconf 81' lang='grc' dir='ltr'><strong>ὡς</strong></span> <span class='ocrx_word' id='word_1_777' title='bbox 1356 4721 1601 4780; x_wconf 75' lang='grc' dir='ltr'>περιμανῆ.</span> <span class='ocrx_word' id='word_1_778' title='bbox 1612 4744 1676 4755; x_wconf 91' lang='grc'>-</span> <span class='ocrx_word' id='word_1_779' title='bbox 1689 4723 1735 4767; x_wconf 78' lang='grc'><strong>3.</strong></span> <span class='ocrx_word' id='word_1_780' title='bbox 1754 4716 1963 4767; x_wconf 74' lang='lat' dir='ltr'><strong>Alteram</strong></span> <span class='ocrx_word' id='word_1_781' title='bbox 1973 4715 2098 4767; x_wconf 77' lang='lat' dir='ltr'><strong>hanc</strong></span> <span class='ocrx_word' id='word_1_782' title='bbox 2114 4718 2452 4777; x_wconf 85' lang='lat' dir='ltr'><strong>narrationem,</strong></span> <span class='ocrx_word' id='word_1_783' title='bbox 2463 4729 2561 4766; x_wconf 90' lang='lat' dir='ltr'><strong>non</strong></span> <span class='ocrx_word' id='word_1_784' title='bbox 2573 4718 2751 4782; x_wconf 79' lang='lat' dir='ltr'><strong>abipso</strong></span> <span class='ocrx_word' id='word_1_785' title='bbox 2763 4720 2993 4782; x_wconf 85' lang='lat' dir='ltr'><strong>Diodoro,</strong></span> <span class='ocrx_word' id='word_1_786' title='bbox 3004 4722 3088 4773; x_wconf 83' lang='lat' dir='ltr'><strong>sed</strong></span> <span class='ocrx_word' id='word_1_787' title='bbox 3101 4723 3162 4773; x_wconf 87' lang='lat' dir='ltr'><strong>ab</strong></span> <span class='ocrx_word' id='word_1_788' title='bbox 3175 4728 3453 4788; x_wconf 80' lang='lat' dir='ltr'><strong>excerptore</strong></span> <span class='ocrx_word' id='word_1_789' title='bbox 3467 4724 3614 4788; x_wconf 83' lang='lat' dir='ltr'><strong>priori</strong></span> 
     </span>
     <span class='ocr_line' id='line_1_85' title="bbox 409 4777 3613 4859; baseline 0.006 -34"><span class='ocrx_word' id='word_1_790' title='bbox 409 4777 714 4839; x_wconf 68' lang='lat' dir='ltr'><strong>subjunctam</strong></span> <span class='ocrx_word' id='word_1_791' title='bbox 731 4791 864 4857; x_wconf 64' lang='lat' dir='ltr'><strong>esse,</strong></span> <span class='ocrx_word' id='word_1_792' title='bbox 884 4780 995 4831; x_wconf 81' lang='lat' dir='ltr'><strong>inde</strong></span> <span class='ocrx_word' id='word_1_793' title='bbox 1012 4785 1145 4843; x_wconf 86' lang='lat' dir='ltr'><strong>patet</strong></span> <span class='ocrx_word' id='word_1_794' title='bbox 1158 4821 1172 4844; x_wconf 89' lang='lat'>,</span> <span class='ocrx_word' id='word_1_795' title='bbox 1192 4784 1322 4845; x_wconf 86' lang='lat' dir='ltr'><strong>quod</strong></span> <span class='ocrx_word' id='word_1_796' title='bbox 1341 4785 1390 4834; x_wconf 93' lang='lat' dir='ltr'><strong>in</strong></span> <span class='ocrx_word' id='word_1_797' title='bbox 1414 4786 1505 4835; x_wconf 86' lang='lat' dir='ltr'><strong>bac</strong></span> <span class='ocrx_word' id='word_1_798' title='bbox 1534 4786 1748 4837; x_wconf 77' lang='lat' dir='ltr'><strong>Andrisci</strong></span> <span class='ocrx_word' id='word_1_799' title='bbox 1766 4785 2013 4837; x_wconf 79' lang='lat' dir='ltr'><strong>historiam</strong></span> <span class='ocrx_word' id='word_1_800' title='bbox 2030 4790 2200 4838; x_wconf 89' lang='lat' dir='ltr'><strong>auctor</strong></span> <span class='ocrx_word' id='word_1_801' title='bbox 2219 4789 2523 4852; x_wconf 78' lang='lat' dir='ltr'><strong>persequitur</strong></span> <span class='ocrx_word' id='word_1_802' title='bbox 2542 4803 2698 4856; x_wconf 68' lang='lat' dir='ltr'><strong>unque</strong></span> <span class='ocrx_word' id='word_1_803' title='bbox 2721 4792 2782 4843; x_wconf 83' lang='lat' dir='ltr'><strong>ad</strong></span> <span class='ocrx_word' id='word_1_804' title='bbox 2801 4799 3090 4846; x_wconf 76' lang='lat' dir='ltr'><strong>annum149</strong></span> <span class='ocrx_word' id='word_1_805' title='bbox 3106 4832 3122 4856; x_wconf 84' lang='lat'><strong>,</strong></span> <span class='ocrx_word' id='word_1_806' title='bbox 3141 4809 3242 4859; x_wconf 84' lang='lat' dir='ltr'><strong>quo</strong></span> <span class='ocrx_word' id='word_1_807' title='bbox 3257 4798 3456 4849; x_wconf 82' lang='lat' dir='ltr'><strong>Romani</strong></span> <span class='ocrx_word' id='word_1_808' title='bbox 3478 4809 3613 4845; x_wconf 82' lang='lat' dir='ltr'><strong>arma</strong></span> 
     </span>
     <span class='ocr_line' id='line_1_86' title="bbox 411 4848 3614 4927; baseline 0.007 -33"><span class='ocrx_word' id='word_1_809' title='bbox 411 4851 577 4927; x_wconf 80' lang='lat' dir='ltr'><strong>contra</strong></span> <span class='ocrx_word' id='word_1_810' title='bbox 595 4848 882 4899; x_wconf 75' lang='lat' dir='ltr'><strong>Andr-iseum</strong></span> <span class='ocrx_word' id='word_1_811' title='bbox 917 4850 1207 4901; x_wconf 72' lang='lat' dir='ltr'><strong>Macedoniae</strong></span> <span class='ocrx_word' id='word_1_812' title='bbox 1230 4853 1428 4904; x_wconf 82' lang='lat' dir='ltr'><strong>urbibus</strong></span> <span class='ocrx_word' id='word_1_813' title='bbox 1456 4857 1660 4918; x_wconf 88' lang='lat' dir='ltr'><strong>potitum</strong></span> <span class='ocrx_word' id='word_1_814' title='bbox 1688 4861 1958 4909; x_wconf 81' lang='lat' dir='ltr'><strong>moverunt.</strong></span> <span class='ocrx_word' id='word_1_815' title='bbox 1981 4861 2086 4910; x_wconf 80' lang='lat' dir='ltr'><strong>Hoc</strong></span> <span class='ocrx_word' id='word_1_816' title='bbox 2102 4860 2313 4910; x_wconf 81' lang='lat' dir='ltr'><strong>alienum</strong></span> <span class='ocrx_word' id='word_1_817' title='bbox 2335 4871 2532 4922; x_wconf 83' lang='lat' dir='ltr'><strong>prorsus</strong></span> <span class='ocrx_word' id='word_1_818' title='bbox 2545 4867 2651 4913; x_wconf 86' lang='lat' dir='ltr'><strong>erat</strong></span> <span class='ocrx_word' id='word_1_819' title='bbox 2672 4876 2703 4913; x_wconf 90' lang='lat' dir='ltr'><strong>a</strong></span> <span class='ocrx_word' id='word_1_820' title='bbox 2729 4864 2926 4915; x_wconf 80' lang='lat' dir='ltr'><strong>historia</strong></span> <span class='ocrx_word' id='word_1_821' title='bbox 2949 4867 3182 4917; x_wconf 86' lang='lat' dir='ltr'><strong>Demetrii</strong></span> <span class='ocrx_word' id='word_1_822' title='bbox 3200 4868 3397 4919; x_wconf 78' lang='lat' dir='ltr'><strong>Soteris.</strong></span> <span class='ocrx_word' id='word_1_823' title='bbox 3434 4871 3614 4919; x_wconf 83' lang='lat' dir='ltr'><strong>Contra</strong></span> 
     </span>
     <span class='ocr_line' id='line_1_87' title="bbox 414 4916 3616 4999; baseline 0.007 -35"><span class='ocrx_word' id='word_1_824' title='bbox 414 4916 715 4996; x_wconf 38' lang='lat' dir='ltr'><strong>vix-dubium</strong></span> <span class='ocrx_word' id='word_1_825' title='bbox 733 4922 805 4970; x_wconf 81' lang='lat' dir='ltr'><strong>est</strong></span> <span class='ocrx_word' id='word_1_826' title='bbox 823 4920 941 4984; x_wconf 86' lang='lat' dir='ltr'><strong>quin</strong></span> <span class='ocrx_word' id='word_1_827' title='bbox 957 4921 1205 4983; x_wconf 81' lang='lat' dir='ltr'><strong>Diodorus,</strong></span> <span class='ocrx_word' id='word_1_828' title='bbox 1220 4929 1475 4987; x_wconf 79' lang='lat' dir='ltr'><strong>postquam</strong></span> <span class='ocrx_word' id='word_1_829' title='bbox 1492 4928 1699 4989; x_wconf 87' lang='lat' dir='ltr'><strong>priorem</strong></span> <span class='ocrx_word' id='word_1_830' title='bbox 1718 4929 1767 4978; x_wconf 90' lang='lat' dir='ltr'><strong>in</strong></span> <span class='ocrx_word' id='word_1_831' title='bbox 1782 4928 1924 4979; x_wconf 82' lang='lat' dir='ltr'><strong>rebus</strong></span> <span class='ocrx_word' id='word_1_832' title='bbox 1940 4927 2054 4977; x_wconf 84' lang='lat' dir='ltr'><strong>anni</strong></span> <span class='ocrx_word' id='word_1_833' title='bbox 2075 4935 2159 4978; x_wconf 77' lang='grc'><strong>153</strong></span> <span class='ocrx_word' id='word_1_834' title='bbox 2180 4934 2555 4992; x_wconf 84' lang='lat' dir='ltr'><strong>memoraverat,</strong></span> <span class='ocrx_word' id='word_1_835' title='bbox 2575 4931 2777 4982; x_wconf 88' lang='lat' dir='ltr'><strong>alteram</strong></span> <span class='ocrx_word' id='word_1_836' title='bbox 2792 4933 3010 4984; x_wconf 86' lang='lat' dir='ltr'><strong>attulerit</strong></span> <span class='ocrx_word' id='word_1_837' title='bbox 3027 4934 3090 4984; x_wconf 87' lang='lat' dir='ltr'><strong>ad</strong></span> <span class='ocrx_word' id='word_1_838' title='bbox 3104 4949 3181 4986; x_wconf 86' lang='lat' dir='ltr'><strong>res</strong></span> <span class='ocrx_word' id='word_1_839' title='bbox 3201 4935 3314 4986; x_wconf 89' lang='lat' dir='ltr'><strong>anni</strong></span> <span class='ocrx_word' id='word_1_840' title='bbox 3340 4939 3425 4987; x_wconf 78' lang='lat'><strong>149</strong></span> <span class='ocrx_word' id='word_1_841' title='bbox 3436 4973 3453 4999; x_wconf 89' lang='lat'><em>,</em></span> <span class='ocrx_word' id='word_1_842' title='bbox 3473 4936 3616 4986; x_wconf 77' lang='lat' dir='ltr'><strong>sicuti</strong></span> 
     </span>
     <span class='ocr_line' id='line_1_88' title="bbox 415 4988 3616 5069; baseline 0.007 -35"><span class='ocrx_word' id='word_1_843' title='bbox 415 4989 575 5036; x_wconf 69' lang='lat' dir='ltr'><strong>invius</strong></span> <span class='ocrx_word' id='word_1_844' title='bbox 589 5000 791 5069; x_wconf 59' lang='lat' dir='ltr'><strong>guoque</strong></span> <span class='ocrx_word' id='word_1_845' title='bbox 811 4989 872 5040; x_wconf 89' lang='lat' dir='ltr'><strong>de</strong></span> <span class='ocrx_word' id='word_1_846' title='bbox 903 4988 1047 5040; x_wconf 81' lang='lat' dir='ltr'><strong>misso</strong></span> <span class='ocrx_word' id='word_1_847' title='bbox 1075 4993 1277 5041; x_wconf 84' lang='lat' dir='ltr'><strong>Romam</strong></span> <span class='ocrx_word' id='word_1_848' title='bbox 1301 4994 1530 5046; x_wconf 76' lang='lat' dir='ltr'><strong>Andrisco</strong></span> <span class='ocrx_word' id='word_1_849' title='bbox 1547 4996 1607 5046; x_wconf 87' lang='lat' dir='ltr'><strong>ad</strong></span> <span class='ocrx_word' id='word_1_850' title='bbox 1635 5011 1813 5048; x_wconf 86' lang='lat' dir='ltr'><strong>annum</strong></span> <span class='ocrx_word' id='word_1_851' title='bbox 1844 5005 1931 5050; x_wconf 79' lang='lat'><strong>15³</strong></span> <span class='ocrx_word' id='word_1_852' title='bbox 1949 4999 2047 5061; x_wconf 78' lang='lat' dir='ltr'><strong>egit</strong></span> <span class='ocrx_word' id='word_1_853' title='bbox 2069 4997 2223 5061; x_wconf 79' lang='lat' dir='ltr'><strong>(libro</strong></span> <span class='ocrx_word' id='word_1_854' title='bbox 2245 5003 2303 5050; x_wconf 75' lang='lat'><strong>47</strong></span> <span class='ocrx_word' id='word_1_855' title='bbox 2322 5000 2340 5060; x_wconf 94' lang='lat'>)</span> <span class='ocrx_word' id='word_1_856' title='bbox 2356 5034 2369 5058; x_wconf 89' lang='lat'>,</span> <span class='ocrx_word' id='word_1_857' title='bbox 2393 4999 2593 5049; x_wconf 85' lang='lat' dir='ltr'><strong>alteram</strong></span> <span class='ocrx_word' id='word_1_858' title='bbox 2624 5002 2818 5052; x_wconf 87' lang='lat' dir='ltr'><strong>Diodori</strong></span> <span class='ocrx_word' id='word_1_859' title='bbox 2850 5003 3173 5055; x_wconf 84' lang='lat' dir='ltr'><strong>narrationem</strong></span> <span class='ocrx_word' id='word_1_860' title='bbox 3208 5021 3272 5056; x_wconf 80' lang='lat' dir='ltr'><strong>ex</strong></span> <span class='ocrx_word' id='word_1_861' title='bbox 3297 5006 3464 5058; x_wconf 87' lang='lat' dir='ltr'><strong>eodem</strong></span> <span class='ocrx_word' id='word_1_862' title='bbox 3485 5008 3616 5057; x_wconf 77' lang='lat' dir='ltr'><strong>fonte</strong></span> 
     </span>
     <span class='ocr_line' id='line_1_89' title="bbox 408 5057 3614 5142; baseline 0.008 -40"><span class='ocrx_word' id='word_1_863' title='bbox 408 5060 627 5106; x_wconf 77' lang='lat' dir='ltr'><strong>narravit</strong></span> <span class='ocrx_word' id='word_1_864' title='bbox 646 5057 862 5142; x_wconf 64' lang='lat' dir='ltr'><strong>3¹¹..¹&#39;⁶b!¹³</strong></span> <span class='ocrx_word' id='word_1_865' title='bbox 882 5059 996 5110; x_wconf 89' lang='lat' dir='ltr'><strong>anni</strong></span> <span class='ocrx_word' id='word_1_866' title='bbox 1023 5064 1107 5111; x_wconf 74' lang='lat'><strong>149</strong></span> <span class='ocrx_word' id='word_1_867' title='bbox 1128 5064 1144 5124; x_wconf 92' lang='lat'>(</span> <span class='ocrx_word' id='word_1_868' title='bbox 1160 5062 1282 5112; x_wconf 88' lang='lat' dir='ltr'><strong>libro</strong></span> <span class='ocrx_word' id='word_1_869' title='bbox 1300 5067 1363 5116; x_wconf 78' lang='lat'><strong>49</strong></span> <span class='ocrx_word' id='word_1_870' title='bbox 1376 5065 1414 5128; x_wconf 85' lang='lat'><strong>).</strong></span> <span class='ocrx_word' id='word_1_871' title='bbox 1438 5068 1553 5116; x_wconf 79' lang='lat' dir='ltr'><strong>Haec</strong></span> <span class='ocrx_word' id='word_1_872' title='bbox 1575 5069 1809 5130; x_wconf 81' lang='lat' dir='ltr'><strong>posterior</strong></span> <span class='ocrx_word' id='word_1_873' title='bbox 1828 5073 2038 5120; x_wconf 87' lang='lat' dir='ltr'><strong>narratio</strong></span> <span class='ocrx_word' id='word_1_874' title='bbox 2053 5072 2105 5120; x_wconf 90' lang='lat' dir='ltr'><strong>in</strong></span> <span class='ocrx_word' id='word_1_875' title='bbox 2121 5069 2262 5120; x_wconf 88' lang='lat' dir='ltr'><strong>editis</strong></span> <span class='ocrx_word' id='word_1_876' title='bbox 2279 5070 2475 5121; x_wconf 87' lang='lat' dir='ltr'><strong>Diodori</strong></span> <span class='ocrx_word' id='word_1_877' title='bbox 2495 5073 2770 5123; x_wconf 87' lang='lat' dir='ltr'><strong>collocanda</strong></span> <span class='ocrx_word' id='word_1_878' title='bbox 2784 5076 2855 5124; x_wconf 82' lang='lat' dir='ltr'><strong>est</strong></span> <span class='ocrx_word' id='word_1_879' title='bbox 2875 5079 2980 5136; x_wconf 85' lang='lat' dir='ltr'><strong>post</strong></span> <span class='ocrx_word' id='word_1_880' title='bbox 2995 5079 3193 5141; x_wconf 78' lang='grc' dir='ltr'>ΧΧΧΙΙ,</span> <span class='ocrx_word' id='word_1_881' title='bbox 3219 5085 3274 5128; x_wconf 80' lang='lat'><strong>15</strong></span> <span class='ocrx_word' id='word_1_882' title='bbox 3287 5116 3302 5142; x_wconf 88' lang='lat'><em>,</em></span> <span class='ocrx_word' id='word_1_883' title='bbox 3323 5081 3392 5128; x_wconf 86' lang='lat' dir='ltr'><strong>uti</strong></span> <span class='ocrx_word' id='word_1_884' title='bbox 3407 5093 3469 5129; x_wconf 79' lang='lat' dir='ltr'><strong>ex</strong></span> <span class='ocrx_word' id='word_1_885' title='bbox 3486 5092 3614 5128; x_wconf 90' lang='lat' dir='ltr'><strong>com·</strong></span> 
     </span>
     <span class='ocr_line' id='line_1_90' title="bbox 412 5128 3615 5214; baseline 0.009 -44"><span class='ocrx_word' id='word_1_886' title='bbox 412 5128 579 5185; x_wconf 81' lang='lat' dir='ltr'><strong>parata</strong></span> <span class='ocrx_word' id='word_1_887' title='bbox 606 5129 729 5177; x_wconf 71' lang='lat' dir='ltr'><strong>Livu</strong></span> <span class='ocrx_word' id='word_1_888' title='bbox 744 5133 1025 5214; x_wconf 37' lang='lat' dir='ltr'><strong>capitoni-..49</strong></span> <span class='ocrx_word' id='word_1_889' title='bbox 1042 5131 1299 5195; x_wconf 70' lang='lat' dir='ltr'><strong>colligitur.</strong></span> <span class='ocrx_word' id='word_1_890' title='bbox 1319 5159 1385 5172; x_wconf 89' lang='lat'>—</span> <span class='ocrx_word' id='word_1_891' title='bbox 1400 5138 1451 5186; x_wconf 68' lang='lat'><strong>4.</strong></span> <span class='ocrx_word' id='word_1_892' title='bbox 1479 5136 1543 5185; x_wconf 87' lang='grc' dir='ltr'>λο</span> <span class='ocrx_word' id='word_1_893' title='bbox 1556 5140 1818 5204; x_wconf 87' lang='grc' dir='ltr'>γοποιεῖ]</span> <span class='ocrx_word' id='word_1_894' title='bbox 1840 5142 1914 5191; x_wconf 74' lang='lat' dir='ltr'><strong>vel</strong></span> <span class='ocrx_word' id='word_1_895' title='bbox 1933 5141 2209 5206; x_wconf 77' lang='grc' dir='ltr'>ἐλογοποίει.</span> <span class='ocrx_word' id='word_1_896' title='bbox 2231 5141 2397 5192; x_wconf 80' lang='lat' dir='ltr'><strong>Codex</strong></span> <span class='ocrx_word' id='word_1_897' title='bbox 2418 5143 2697 5204; x_wconf 73' lang='grc' dir='ltr'>ιλογοποίει.</span> <span class='ocrx_word' id='word_1_898' title='bbox 2715 5173 2779 5186; x_wconf 75' lang='lat'>-</span> <span class='ocrx_word' id='word_1_899' title='bbox 2796 5152 2841 5194; x_wconf 82' lang='lat'><strong>5.</strong></span> <span class='ocrx_word' id='word_1_900' title='bbox 2860 5163 2929 5207; x_wconf 84' lang='grc' dir='ltr'><strong>τῳ</strong></span> <span class='ocrx_word' id='word_1_901' title='bbox 2944 5150 3021 5210; x_wconf 80' lang='grc' dir='ltr'>Κρ</span> <span class='ocrx_word' id='word_1_902' title='bbox 3035 5149 3126 5203; x_wconf 80' lang='grc' dir='ltr'><strong>ητὶ</strong></span> <span class='ocrx_word' id='word_1_903' title='bbox 3141 5148 3159 5211; x_wconf 89' lang='grc'>]</span> <span class='ocrx_word' id='word_1_904' title='bbox 3178 5154 3328 5211; x_wconf 80' lang='grc' dir='ltr'>τῷτῷ</span> <span class='ocrx_word' id='word_1_905' title='bbox 3351 5151 3455 5208; x_wconf 75' lang='lat' dir='ltr'><strong>(sic)</strong></span> <span class='ocrx_word' id='word_1_906' title='bbox 3471 5151 3615 5211; x_wconf 74' lang='grc' dir='ltr'>Κρητὶ</span> 
     </span>
     <span class='ocr_line' id='line_1_91' title="bbox 402 5196 3616 5281; baseline 0.007 -36"><span class='ocrx_word' id='word_1_907' title='bbox 402 5196 576 5274; x_wconf 61' lang='lat' dir='ltr'><strong>codex.</strong></span> <span class='ocrx_word' id='word_1_908' title='bbox 599 5201 846 5252; x_wconf 79' lang='lat' dir='ltr'><strong>Cretenses</strong></span> <span class='ocrx_word' id='word_1_909' title='bbox 864 5202 1037 5253; x_wconf 57' lang='lat' dir='ltr'><strong>milites</strong></span> <span class='ocrx_word' id='word_1_910' title='bbox 1059 5206 1255 5254; x_wconf 76' lang='lat' dir='ltr'><strong>Perseus</strong></span> <span class='ocrx_word' id='word_1_911' title='bbox 1271 5205 1393 5269; x_wconf 72' lang='lat' dir='ltr'><strong>fugoe</strong></span> <span class='ocrx_word' id='word_1_912' title='bbox 1412 5207 1609 5258; x_wconf 82' lang='lat' dir='ltr'><strong>comites</strong></span> <span class='ocrx_word' id='word_1_913' title='bbox 1627 5209 1793 5260; x_wconf 83' lang='lat' dir='ltr'><strong>habuit</strong></span> <span class='ocrx_word' id='word_1_914' title='bbox 1838 5213 1895 5261; x_wconf 85' lang='lat' dir='ltr'><strong>V.</strong></span> <span class='ocrx_word' id='word_1_915' title='bbox 1921 5213 2115 5263; x_wconf 85' lang='lat' dir='ltr'><strong>Diodor.</strong></span> <span class='ocrx_word' id='word_1_916' title='bbox 2139 5214 2320 5275; x_wconf 77' lang='lat' dir='ltr'><strong>xxxi,</strong></span> <span class='ocrx_word' id='word_1_917' title='bbox 2343 5220 2468 5276; x_wconf 82' lang='lat'><strong>21,1.</strong></span> <span class='ocrx_word' id='word_1_918' title='bbox 2491 5242 2555 5255; x_wconf 95' lang='lat'>—</span> <span class='ocrx_word' id='word_1_919' title='bbox 2577 5222 2621 5265; x_wconf 79' lang='grc'><strong>6.</strong></span> <span class='ocrx_word' id='word_1_920' title='bbox 2647 5217 2742 5265; x_wconf 83' lang='grc' dir='ltr'><strong>τὸν</strong></span> <span class='ocrx_word' id='word_1_921' title='bbox 2769 5216 3003 5278; x_wconf 80' lang='grc' dir='ltr'>Περσέα</span> <span class='ocrx_word' id='word_1_922' title='bbox 3027 5218 3379 5281; x_wconf 80' lang='grc' dir='ltr'>διασαφεῖν]</span> <span class='ocrx_word' id='word_1_923' title='bbox 3397 5221 3477 5267; x_wconf 86' lang='grc' dir='ltr'><strong>τὸν</strong></span> <span class='ocrx_word' id='word_1_924' title='bbox 3501 5222 3616 5281; x_wconf 82' lang='grc' dir='ltr'>Περ·</span> 
     </span>
    </p>
   </div>
  </div>
 </body>
</html>
