4016 5916
426 411 536 464 158

921 514 1465 594 ΣΑΜΟΘΡᾼΚΩΝ.

1142 649 1270 701 171.

519 741 714 799 Schol.
734 739 926 813 Apoll.
952 736 1145 794 Rhod.
1177 737 1205 790 1
1227 777 1241 803 ‚
1279 753 1391 809 917
1419 752 1434 787 ε
1467 729 1539 790 Ἥ
1569 728 1624 788 δὲ
1656 725 1976 808 Σαμοθρᾴκη

424 828 661 888 ἐκαλεῖτο
686 824 933 904 πρότερον
964 817 1241 882 Λευκωσία
1257 864 1274 895 ,
1298 821 1367 884 ὥς
1396 819 1595 896 ἱστορεῖ
1621 813 1979 895 Ἀριστοτέλης

428 919 480 975 ἐν
526 908 879 991 Σαμοθρᾴκης
922 906 1187 987 πολιτεία·
1235 903 1446 987 ὕστερον
1481 902 1535 962 δὲ
1572 902 1679 961 ἀπὸ
1718 901 1862 961 Σάου
1891 904 1980 958 τοῦ

426 1001 627 1079 Ἑρμοῦ
646 997 738 1056 καὶ
762 995 952 1068 Ῥήνης
975 993 1158 1059 παιδὸς
1179 990 1361 1069 Σάμος
1379 987 1816 1071 προσωνομάσθη,
1845 983 1981 1045 κατὰ

434 1086 739 1166 παρένθεσιν
787 1089 878 1144 τοῦ
931 1106 991 1160 μ.
1041 1083 1270 1161 Θρᾳκῶν
1318 1078 1373 1137 δὲ
1422 1075 1744 1148 οἰκησάντων
1792 1072 1979 1151 αὐτὴν,

431 1174 624 1245 ἐκλήθη
655 1170 1004 1251 Σαμοθρᾴκη.

512 1258 775 1322 Λευκόσια
808 1261 985 1316 schol.
1031 1256 1383 1329 antiquiora,
1429 1247 1701 1311 Λευκώνια
1730 1268 1822 1324 ap.
1850 1252 1979 1306 Eu-

433 1351 598 1407 stath.
627 1349 700 1405 ad
728 1348 798 1403 11.
828 1365 889 1421 p.
926 1344 1074 1410 1340
1094 1385 1110 1414 ,
1147 1348 1241 1408 14.
1268 1338 1533 1400 Λευκανία
1571 1358 1660 1414 ap.
1692 1336 1976 1395 Heraclid.

434 1441 599 1495 Pont.
654 1455 706 1492 c.
741 1453 835 1491 αι.
880 1433 1147 1491 Similiter
1184 1429 1382 1488 Italica
1416 1427 1595 1483 insula
1622 1427 1742 1482 aliis
1779 1425 1985 1480 dicitur

432 1519 709 1582 Λευκωσία
728 1564 745 1593 ,
777 1522 899 1576 aliis
922 1513 1216 1590 Λευκασία,
1246 1534 1298 1571 v.
1326 1515 1519 1588 steph.
1559 1513 1722 1569 Thes.
1745 1532 1789 1568 s.
1821 1531 1876 1569 ν.
1907 1542 1986 1553 -

431 1615 517 1668 De
559 1611 777 1667 ratione
824 1607 1118 1662 nominum
1171 1599 1335 1671 Σάος,
1392 1597 1571 1676 Σάμος
1589 1642 1603 1668 ,
1660 1596 1824 1667 Ῥήνη
1876 1598 1991 1672 egit

435 1698 726 1755 Welcker.
744 1695 932 1751 AEsch.
962 1694 1172 1765 Trilog.
1194 1710 1255 1765 p.
1282 1707 1312 1744 α
1327 1708 1392 1759 17
1410 1708 1493 1762 sq.
1518 1687 1592 1743 cf.
1610 1688 1814 1742 Mulier
1835 1687 1984 1740 Min.

434 1805 493 1861 p.
521 1784 635 1852 450
657 1802 782 1857 sqq.

912 1870 1474 1954 [ΜΥἸῚΔΗΝΑΙΩΝ
1486 1869 1527 1947 .]

1128 1983 1318 2063 ῐι7α.]

504 2107 779 2195 [Aristot.
808 2109 933 2167 Pol.
957 2109 1071 2177 111,
1096 2125 1153 2181 9,
1172 2106 1207 2163 6
1238 2126 1251 2161 ε
1273 2094 1481 2183 ’Ἢρχον
1502 2100 1554 2161 δὲ
1575 2103 1621 2160 οἱ
1647 2098 1740 2179 μὲν
1773 2101 1877 2177 (sc.
1904 2104 1986 2160 αἷ-

438 2197 738 2275 συμνῆται)
781 2195 868 2253 διὰ
910 2192 1023 2274 βίου
1061 2190 1156 2264 τὴν
1196 2192 1365 2272 ἀρχὴν
1407 2188 1626 2262 ταύτην,
1658 2191 1706 2247 οἱ
1742 2188 1796 2247 δὲ
1835 2188 1992 2269 μέχρι

437 2287 589 2344 τινῶν
610 2279 909 2365 ὡρισμένων
933 2279 1132 2361 χρόνων
1155 2278 1191 2351 ἢ
1222 2278 1477 2360 πράξεων,
1505 2267 1609 2335 οἷον
1636 2273 1835 2334 εἵλοντό
1855 2298 1982 2334 ποτε

438 2372 788 2444 Μυτιληναῖοι
824 2366 1089 2430 Πιττακὸν
1130 2364 1258 2445 πρὸς
1296 2364 1415 2430 τοὺς
1445 2362 1695 2444 φυγάδας,
1718 2353 1790 2421 ὧν
1820 2386 1992 2441 προει-

446 2460 705 2531 στήκεσαν
720 2457 1087 2534 Ἀντιμενίδης
1116 2452 1207 2513 καὶ
1235 2452 1471 2519 Ἀλκαῖος
1496 2455 1523 2509 ὃ
1546 2448 1784 2521 ποιητής.
1829 2452 1991 2522 Δηλοῖ

443 2545 488 2604 δ’
526 2546 762 2611 Ἀλκαῖος
784 2542 864 2603 ὅτι
890 2540 1137 2622 τύραννον
1174 2538 1371 2599 εἵλοντο
1405 2537 1491 2597 τὸν
1522 2535 1783 2597 Πιττακὸν
1814 2536 1866 2595 ἔν
1894 2561 1993 2596 τινι

439 2635 545 2691 τῶν
580 2634 799 2691 σκολιῶν
840 2631 1039 2707 μελῶν·
1074 2630 1293 2708 ἐπιτιμᾷ
1318 2624 1420 2706 γὰρ
1458 2624 1538 2683 ὅτι
1583 2650 1608 2677 α
1640 2624 1728 2683 τὸν
1755 2624 1991 2684 κακοπά·

444 2721 594 2799 τριδα
633 2715 897 2779 Πιττακὸν
920 2711 1122 2781 πόλεως
1152 2722 1246 2779 τᾶς
1270 2711 1448 2792 ἀχόλω
1492 2710 1583 2770 καὶ
1622 2710 1994 2791 βαρυδαίμονος

445 2805 735 2865 ἐπάσαντο
761 2803 1004 2884 τύραννον
1026 2801 1145 2878 μέγ’
1170 2799 1490 2865 ἐπαινέοντες
1518 2796 1744 2866 ἀολλέες.
1769 2825 1793 2851 ι

522 2894 611 2954 Ib.
635 2895 716 2963 ΙΙ,
743 2910 800 2967 9,
827 2911 864 2966 9
888 2908 903 2949 ε
925 2886 1169 2967 Ἐγένετο
1212 2883 1267 2944 δὲ
1305 2885 1394 2945 καὶ
1414 2884 1674 2952 Πιττακὸς
1700 2885 1871 2965 νόμων
1897 2889 1995 2962 δη-

446 2977 711 3060 μιουργὸς,
739 2976 854 3035 ἀλλ’
899 2977 957 3034 οὗ
1005 2974 1296 3041 πολιτείας·
1327 2971 1481 3051 νόμος
1515 2974 1567 3031 δ’
1593 2971 1719 3040 ἴδιος
1755 2974 1915 3033 αὐτοῦ
1938 2972 1997 3032 τὸ

442 3064 560 3130 τοὺς
589 3062 896 3142 μεθύοντας,
930 3061 992 3119 ἂν
1033 3048 1372 3136 τυπτήσωσιζ
1406 3058 1571 3118 πλείω
1594 3059 1785 3136 ζημίαν
1814 3059 1998 3119 ἀποτί-

913 3227 1527 3290 SAMOTHRACUM.
1579 3201 1589 3211 '

1166 3346 1283 3396 171.

506 3454 815 3505 Samothrace
833 3454 948 3504 olim
982 3445 1212 3503 Leucosia
1230 3452 1578 3515 appellabatur,
1599 3452 1673 3501 uti
1693 3457 1861 3502 narrat
1894 3452 1997 3503 Ari·

445 3533 640 3584 stoteles
663 3534 712 3583 in
752 3532 1120 3583 Samothracum
1163 3543 1261 3592 rep.
1291 3530 1458 3580 Postea
1490 3529 1551 3579 de
1574 3533 1667 3579 Sao
1705 3528 1926 3580 Mercurii
1951 3531 2000 3580 et

446 3610 636 3661 Rhenes
670 3609 770 3659 filio
806 3612 977 3659 Samos
1008 3609 1284 3670 nuncupata
1314 3609 1413 3666 est,
1444 3606 1725 3670 interposita
1758 3606 1899 3657 litera
1926 3620 1995 3657 m.

444 3691 607 3747 Quum
642 3698 756 3736 vero
784 3685 992 3736 Thracoe
1029 3698 1136 3735 eam
1154 3683 1255 3748 jam
1288 3683 1590 3747 habitarent,
1612 3685 1785 3735 vocata
1808 3685 1880 3735 est
1906 3688 1995 3737 Sa-

444 3764 703 3816 mothrace.

844 3856 863 3921 [
881 3850 1531 3912 MYTILENAEORUM
1541 3893 1553 3907 .
1576 3856 1597 3921 ]

1137 3962 1308 4029 [ινα]

507 4059 815 4124 [AEsymnetoe
836 4060 1088 4125 imperium
1099 4061 1380 4114 obtinebant
1399 4061 1476 4112 alii
1497 4074 1581 4125 per
1606 4074 1799 4112 omnem
1829 4062 1996 4125 vitam,

444 4137 523 4187 alii
542 4150 694 4201 usque
711 4138 775 4188 sd
792 4138 1088 4202 praefinitum
1106 4141 1299 4203 tempus
1319 4138 1448 4189 etad
1466 4142 1619 4190 celtas
1642 4153 1718 4190 τω
1742 4139 1971 4203 gerendas
1981 4157 1997 4203 3

445 4214 580 4265 verbi
610 4215 795 4279 gratia,
819 4218 1049 4278 optarunt
1075 4215 1320 4278 quondam
1356 4216 1613 4281 Mytilenaei
1633 4218 1876 4267 Pittacum
1912 4216 1998 4267 ad·

442 4304 611 4341 versus
633 4293 826 4354 exules,
848 4306 1053 4355 quorum
1073 4292 1220 4344 dures
1237 4296 1373 4344 erant
1395 4294 1718 4345 Antimenldes
1739 4297 1788 4344 et
1812 4294 2001 4345 Alcaeus

442 4374 603 4432 poeta.
644 4372 871 4422 Declarat
902 4375 1066 4423 sutem
1101 4373 1202 4435 ipse
1237 4375 1423 4425 Alcaeus
1456 4373 1507 4423 in
1544 4372 1756 4437 quodam
1789 4372 2001 4424 carmine

443 4449 590 4498 scolio
618 4450 857 4499 Pittacum
884 4463 914 4498 a
953 4450 1240 4513 Mytilenaeis
1270 4453 1536 4514 tyrannum
1574 4464 1677 4501 csse
1716 4455 1998 4516 sumptum;

444 4525 501 4576 iis
525 4528 652 4576 enim
678 4529 794 4578 vitio
815 4528 960 4579 vertit
975 4529 1106 4592 quod
1131 4530 1450 4592 perniciosum
1481 4530 1749 4592 Pittacum,
1781 4530 2001 4583 laudibus

445 4603 494 4653 in
522 4606 701 4653 coelum
724 4605 956 4669 terentes,
991 4607 1203 4658 universi
1226 4607 1414 4658 afflictae
1432 4610 1481 4658 et
1508 4607 1687 4658 infelici
1705 4607 1892 4658 civitati
1918 4611 1996 4672 ty-

446 4696 649 4732 rannum
670 4685 1002 4746 imposuerint.

506 4760 616 4809 Fuit
635 4763 683 4808 et
715 4761 929 4810 Pittacus
960 4763 1121 4826 legum
1158 4764 1354 4826 quidem
1386 4764 1574 4828 opifex,
1602 4763 1685 4814 sed
1711 4777 1810 4813 non
1840 4765 1997 4829 reipu-

446 4838 582 4886 blicae
614 4836 1018 4888 administrandae.
1050 4842 1147 4889 Lex
1179 4843 1341 4891 autem
1365 4842 1469 4903 cius
1507 4842 1698 4905 propria
1733 4844 1833 4904 est,
1870 4846 1924 4893 ut
1958 4844 1998 4894 si

447 4915 567 4979 quid
589 4915 752 4965 ebrius
770 4916 1066 4978 peccaverit,
1094 4920 1338 4979 graviores
1363 4933 1533 4982 poenas
1552 4919 1661 4981 det,
1685 4933 1833 4982 quam
1852 4920 1889 4970 si
1912 4922 1998 4970 sic·

445 5009 548 5044 cus.
570 4995 826 5056 Propterea
840 4994 969 5042 enim
987 4994 1117 5058 quod
1134 4997 1427 5059 frequentior
1443 4997 1687 5047 ebriorum
1707 4999 1998 5049 contumelia

444 5074 505 5121 sit
540 5084 686 5134 qnam
728 5071 1024 5133 sobriorum,
1063 5084 1159 5121 non
1207 5077 1307 5123 tam
1357 5074 1628 5136 ignoscendi
1664 5074 1900 5125 rationem
1936 5076 1998 5125 ab

443 5150 672 5200 ebrietate
692 5149 999 5212 repetendam
1018 5153 1253 5213 spectavit
1273 5167 1420 5216 quam
1438 5154 1715 5206 utilitatem.

1492 388 1984 452 Ams‘rorems
2043 338 2540 449 FRAGMENTA.

2068 530 2171 566 νειν
2198 509 2301 566 τῶν
2320 504 2608 585 νηφόντων
2625 503 2708 563 διὰ
2729 503 2830 584 γὰρ
2851 503 2909 563 τὸ
2933 504 3140 574 πλείους
3164 504 3385 586 ὃὸρίζειν
3409 507 3630 584 μεθύον-

2073 619 2167 662 τας
2206 593 2240 667 ἢ
2272 592 2524 674 νήφοντας
2561 594 2618 651 οὗ
2646 592 2775 673 πρὸς
2818 592 2913 663 τὴν
2953 593 3266 673 συγγνώμην
3302 592 3629 676 ἀπέὸλεψεν,

2076 681 2156 740 ὅτι
2185 682 2265 740 δεῖ
2284 680 2557 758 μεθύουσιν
2587 678 2724 760 ἔχειν
2764 680 2964 756 μᾶλλον
2985 727 3003 758 ,
3027 678 3165 740 ἀλλὰ
3192 679 3319 762 πρὸς
3346 679 3406 740 τὸ
3430 680 3624 763 ξυμφέ-

2073 791 2158 848 ρον
2189 770 2432 847 (Spuria
2451 771 2569 826 haec
2597 787 2709 825 esse
2731 768 3056 846 videntur).

2151 859 2241 914 lb.
2269 859 2339 929 V,
2381 857 2440 928 8,
2480 857 2547 913 13
2583 875 2598 912 t
2642 854 2840 915 Πολλοὶ
2868 854 2924 913 δὲ
2946 854 3037 913 καὶ
3060 854 3148 914 διὰ
3187 854 3247 914 τὸ
3286 857 3358 923 εἰς
3384 855 3445 914 τὸ
3467 858 3625 934 σῶμα

2076 946 2373 1015 αἰκισθῆναι
2400 943 2632 1017 πληγαῖς
2658 940 3007 1022 ὀργισθέντες,
3037 945 3084 1001 οἱ
3115 940 3208 1020 μὲν
3242 941 3550 1023 διέφθειραν,
3578 945 3629 1003 οἱ

2075 1032 2119 1090 δ’
2146 1030 2485 1111 ἐνεχείρισαν,
2509 1033 2577 1097 ὡς
2595 1027 2936 1110 ὖὸρισθέντες,
2956 1028 3047 1089 καὶ
3074 1032 3177 1088 τῶν
3205 1030 3326 1108 περὶ
3346 1028 3439 1097 τὰς
3461 1031 3632 1109 ἀρχὰς

2077 1117 2168 1177 καὶ
2191 1115 2465 1197 βασιλικὰς
2485 1115 2803 1183 δυναστείας.
2825 1107 2953 1175 Οἶον
2980 1120 3033 1177 ἐν
3058 1116 3335 1197 Μυτιλήνῃ
3354 1116 3472 1184 τοὺς
3497 1119 3631 1178 Πεν-

2082 1205 2277 1272 θιλίδας
2300 1205 2588 1283 Μεγακλῆς
2606 1202 2899 1284 περιιόντας
2927 1203 3018 1263 καὶ
3035 1202 3319 1271 τύπτοντας
3339 1208 3453 1272 ταῖς
3479 1205 3628 1285 κορύ-

2081 1317 2191 1360 ναις
2210 1292 2538 1370 ,ἐπιθέμενος
2567 1290 2701 1370 μετὰ
2742 1295 2845 1351 τῶν
2874 1293 3036 1374 φίλων
3062 1292 3253 1351 ἀνεῖλε.
3283 1292 3394 1354 Kal
3415 1292 3631 1373 ὕστερον

2079 1379 2318 1460 Σμέρδης
2350 1378 2599 1439 Πενθίλον
2623 1377 2828 1456 πληγὰς
2853 1378 3032 1439 λαθὼν
3055 1378 3144 1439 καὶ
3166 1378 3311 1459 παρὰ
3328 1383 3420 1453 τῆς
3445 1403 3629 1459 γυναι-

2079 1469 2168 1534 κὸς
2188 1466 2504 1535 ἐξελκυσθεὶς
2527 1464 2799 1547 διέφθειρε.

2160 1555 2245 1616 lb.
2275 1559 2345 1631 V,
2379 1554 2412 1610 3
2430 1598 2447 1630 ‚
2488 1556 2520 1612 3
2570 1574 2584 1614 ε
2619 1553 2754 1634 Περὶ
2796 1553 3104 1626 Μυτιλήνην
3148 1554 3202 1614 δὲ
3238 1553 3291 1623 ἐξ
3332 1555 3627 1635 ἐπικλήρων

2082 1640 2313 1708 στάσεως
2359 1639 2637 1720 γενομένης
2673 1642 2881 1700 πολλῶν
2922 1639 3125 1717 ἐγένετο
3156 1641 3296 1754 ἄῖρχὴ
3325 1645 3500 1701 κακῶν
3538 1643 3631 1701 καὶ

2086 1735 2173 1788 τοῦ
2211 1726 2443 1806 πολέμου
2473 1733 2561 1787 τοῦ
2587 1727 2714 1809 πρὸς
2745 1727 3065 1803 Ἀθηναίους,
3096 1730 3147 1786 ἐν
3167 1755 3210 1809 ῳ
3246 1728 3435 1809 Πάχης
3473 1728 3630 1788 ἔλαὸε

2082 1816 2176 1888 τὴν
2206 1815 2355 1875 πόλιν
2384 1818 2576 1875 αὐτῶν.
2603 1815 2933 1896 Τιμοφάνους
2969 1815 3071 1897 γὰρ
3099 1818 3203 1873 τῶν
3233 1815 3462 1896 εὐπόρων
3498 1816 3633 1883 τινος

2083 1903 2458 1970 καταλιπόντος
2485 1902 2577 1962 δύο
2606 1901 2921 1983 θυγατέρας,
2948 1908 2976 1963 ὁ
3001 1904 3301 1982 περιωσθεὶς
3323 1903 3411 1962 καὶ
3440 1905 3497 1962 οὗ
3533 1906 3631 1962 λα·

2086 1990 2192 2049 ὃὼν
2220 1993 2323 2058 τοῖς
2341 1989 2500 2050 υἱέσιν
2529 1992 2686 2049 αὐτοῦ
2718 1990 3000 2071 Δόξανδρος
3021 1983 3144 2071 ἦρξε
3170 1995 3261 2064 τῆς
3288 1990 3516 2058 στάσεως
3535 1994 3626 2050 καὶ

2084 2077 2199 2145 τοὺς
2219 2078 2515 2151 Ἀθηναίους
2543 2077 2811 2160 παρώξυνε
2827 2123 2844 2152 ,
2869 2076 3107 2159 πρόξενος
3125 2074 3197 2136 ὢν
3218 2083 3307 2151 τῆς
3332 2077 3548 2146 πόλεως.

2162 2169 2251 2227 Ib.
2272 2170 2359 2224 111
2378 2210 2394 2237 ,
2431 2167 2465 2224 8
2485 2210 2501 2239 ,
2535 2175 2563 2235 4
2604 2188 2618 2223 :
2648 2169 3012 2225 Athenienses
3034 2169 3290 2239 Lesbi05‚
3311 2170 3396 2224 uti
3418 2166 3635 2225 Samios

2086 2266 2140 2312 et
2170 2257 2338 2313 Chios
2358 2254 2711 2313 ἐταπείνωσαν
2734 2251 2878 2333 παρὰ
2905 2253 2996 2319 τὰς
3020 2253 3291 2326 συνθήκας.
3317 2255 3341 2332 ]

2590 2378 3124 2456 [ΑΝΤΙΣΣΑΙΩΝ]

2766 2490 2953 2569 [173]

2164 2604 2186 2681 [
2216 2607 2444 2661 Aristot.
2489 2607 2612 2661 Pol.
2657 2610 2727 2678 V,
2761 2625 2793 2661 2
2813 2649 2829 2676 ,
2871 2627 2931 2663 11
2968 2627 2981 2662 :
3009 2604 3322 2664 Ἀντισσαῖοι
3348 2605 3459 2672 τοὺς
3486 2604 3628 2667 Χίων

2086 2690 2316 2770 φυγάδας
2339 2690 2687 2768 εἰσδεξάμενοι
2712 2690 2798 2749 διὰ
2821 2690 2996 2770 μάχης
3023 2687 3320 2774 affinium]

2169 3062 2276 3139 [Id.
2296 3065 2417 3123 Pol.
2434 3068 2501 3135 V,
2522 3064 2580 3135 5,
2614 3084 2638 3120 1
2653 3084 2676 3120 1
2703 3083 2718 3120 t
2741 3063 2945 3123 Πολλαὶ
2958 3062 3113 3122 δὲκαὶ
3133 3062 3281 3120 διὰτὸ
3294 3062 3423 3140 ἄγαν
3441 3064 3629 3122 δεσπο-

2153 3224 2293 3275 Multi
2309 3227 2452 3274 etiam
2477 3226 2730 3289 propterea
2747 3225 2877 3289 quod
2896 3239 3098 3290 corpore
3117 3226 3315 3276 verbera
3331 3226 3632 3288 pertulissent

2086 3302 2225 3364 irati,
2245 3303 2477 3365 tanquam
2510 3304 2708 3365 accepta
2744 3304 3064 3367 contumelia,
3088 3316 3304 3354 summos
3335 3302 3638 3367 magistratus

2085 3381 2134 3429 et
2151 3378 2389 3442 principes
2410 3392 2523 3429 cum
2554 3379 2683 3444 regia
2699 3381 2940 3450 potestate
2962 3381 3047 3430 aut
3068 3380 3351 3431 occiderunt
3374 3383 3459 3431 aut
3483 3380 3636 3430 adorti

2084 3458 2214 3506 sunt.
2253 3458 2317 3507 Ut
2340 3457 2579 3518 Mytilenis
2605 3457 2863 3520 Megscloe,
2892 3457 3018 3507 sacta
3050 3470 3161 3507 cum
3195 3457 3363 3508 amicis
3393 3458 3637 3521 conspira-

2085 3534 2217 3583 tione
2228 3569 2243 3596 ‚
2265 3533 2560 3584 Penthilidas
2584 3534 2668 3597 qui
2685 3534 3039 3584 circumeuntes
3056 3534 3206 3584 clavis
3224 3546 3467 3597 quemque
3484 3535 3642 3585 caede·

2085 3610 2225 3672 bant,
2255 3609 2514 3661 interemit.
2553 3613 2615 3661 Et
2637 3613 2802 3674 postea
2823 3610 3030 3663 smerdis
3064 3610 3366 3673 Penthilum,
3394 3611 3544 3674 plagis
3578 3613 3644 3661 ab

2085 3700 2143 3738 eo
2170 3687 2377 3750 acceptis
2403 3690 2452 3739 et
2468 3687 2531 3738 ab
2557 3701 2714 3738 uxore
2731 3689 3007 3751 extractus,
3030 3686 3237 3736 necavit.

2148 3764 2434 3827 Mytilenaeis
2457 3766 2569 3815 nata
2592 3779 2654 3816 ex
2689 3764 2859 3828 puellis
2875 3764 3003 3813 orbis
3028 3764 3078 3812 et
3100 3764 3292 3825 patrum
3325 3762 3637 3825 locupletium

2087 3840 2381 3905 hiet-edibus,
2403 3841 2602 3904 seditio,
2625 3841 2890 3891 multorum
2907 3838 3144 3888 malorum
3174 3840 3224 3887 et
3239 3837 3350 3887 belli
3368 3851 3477 3888 cum
3498 3841 3640 3891 Athe·

2086 3920 2331 3971 aiensibus
2350 3921 2558 3985 suscepti
2570 3958 2585 3983 ,
2610 3921 2661 3970 in
2683 3933 2781 3983 quo
2804 3918 2982 3968 Pacbes
2999 3916 3357 3968 Atheniensium
3377 3917 3636 3980 imperator

2087 3997 2256 4048 urbem
2281 3998 2425 4062 cepit,
2440 3998 2725 4062 principium
2743 3995 2846 4045 suit
2874 3997 2996 4044 Nam
3009 4006 3161 4056 quum
3185 3992 3506 4058 Timophanes
3522 3998 3634 4061 qui·.

2086 4073 2217 4138 dam,
2233 4087 2359 4124 unus
2385 4088 2448 4126 ex
2465 4074 2814 4139 locupletibus,
2839 4070 2958 4121 duas
2979 4070 3102 4121 filias
3125 4071 3406 4134 superstites
3424 4073 3640 4137 reliquis·

2085 4154 2189 4216 set,
2227 4153 2580 4217 Doxanderque
2605 4153 2689 4216 qui
2718 4163 2800 4201 eas
2833 4149 2945 4201 tiliis
2975 4149 3075 4200 suis
3106 4163 3283 4200 uxores
3309 4151 3635 4216 poposcisset,

2087 4232 2324 4294 repulsam
2360 4230 2575 4294 tulisset,
2604 4229 2850 4282 seditionis
2884 4231 3057 4279 auctor
3095 4228 3214 4291 suit,
3252 4231 3302 4279 et
3331 4230 3646 4282 Athenienses

2087 4311 2255 4358 contra
2269 4308 2474 4372 patriam
2499 4308 2783 4369 concitavit,
2803 4318 3012 4370 quorum
3038 4305 3245 4356 civitatis
3262 4308 3365 4357 erat
3381 4319 3638 4369 proxenus.

2148 4385 2457 4436 Athenienses
2481 4384 2702 4446 Lesbios,
2731 4386 2788 4434 ut
2826 4383 3014 4434 Samios
3038 4384 3088 4433 et
3111 4382 3262 4435 Chios
3296 4385 3464 4435 contra
3501 4388 3646 4447 pacta

2087 4462 2435 4524 depresserunt.
2457 4460 2481 4525 ]

2539 4554 3183 4628 [ANTISSAEORUM.]

2776 4670 2942 4741 [¹⁷³]

2149 4770 2394 4835 [antimi
2406 4770 2636 4822 chiorum
2653 4771 2877 4822 exuioem
2895 4773 3140 4823 civitatem
3155 4757 3529 4836 receptos'signis
3546 4770 3637 4822 001-

2088 4849 2196 4899 latis
2216 4847 2475 4910 eiecerunt.
2499 4847 2521 4912 1

2646 4933 3081 5011 [emotum]

2808 5062 2868 5112 17
2880 5062 2927 5111 4.

2146 5156 2349 5222 [Multae
2365 5155 2664 5220 oligsrcbioe,
2691 5058 2807 5220 quii
2826 5057 2971 5206 nimi]s
2992 5158 3129 5207 erant
3156 5169 3328 5218 saevae,
3350 5157 3398 5205 et
3420 5154 3643 5204 dom‘no-
