4016 5916
535 439 1279 556 EUDEMUS
1343 443 1939 560 PARIUS.
2003 447 2821 567 DEMOCLES
2884 455 3850 578 PYGELENSIS

915 682 2154 800 AMELESAGORAS
2235 686 3469 814 CHALCEDONIUS.

2223 962 2270 973 e·—

682 1167 995 1225 Eudemum
1043 1169 1265 1222 Parium
1310 1186 1375 1221 ex
1428 1186 1544 1221 uno
1591 1169 1850 1222 novimus
1884 1168 2158 1241 Dionysio

598 1260 635 1313 l.
654 1260 688 1312 l.
713 1256 784 1335 (ν.
800 1276 861 1329 p.
894 1256 1003 1331 16).
1026 1279 1049 1303 α
1076 1255 1247 1328 Apud
1265 1253 1610 1309 Clementem
1630 1252 1951 1322 Strom.V1,
1969 1274 2027 1327 p.
2044 1256 2152 1324 267

597 1355 942 1399 memoratur
964 1340 1247 1397 Eudemus
1264 1343 1511 1410 Naoee‘m,
1533 1359 1704 1414 quem
1724 1342 2014 1397 historiam
2042 1342 2158 1397 edi-

597 1432 737 1487 disse
746 1433 843 1500 ait,
856 1431 952 1499 sed
964 1448 1084 1486 eam
1095 1449 1164 1485 ex
1174 1430 1515 1504 Melesagora
1529 1431 1945 1502 transcripsisse.
1973 1431 2154 1484 Porro

596 1521 685 1574 vel
704 1522 997 1593 ignoratur
1010 1517 1179 1588 hujus
1210 1528 1364 1584 aetas,
1395 1517 1484 1572 vel
1513 1516 1665 1571 idem
1687 1526 1766 1571 est
1792 1528 1961 1589 atque
1980 1514 2156 1572 Eude-

2580 1174 2969 1231 DEMOCLES
3002 1177 3460 1238 PYGELENSIS.

2335 1338 2356 1361 c·
2387 1314 2632 1384 Quartus
2654 1314 2670 1392 (
2692 1335 2890 1381 eorum
2917 1338 3060 1392 quos
3083 1324 3386 1396 Dionysius
3414 1328 3543 1382 Ilal.
3571 1330 3612 1383 l.
3638 1331 3678 1384 l.
3719 1349 3822 1386 re—

2248 1401 2469 1478 censet)
2518 1414 2601 1457 est
2622 1406 2918 1462 Democlae
2959 1410 2989 1465 ὁ
3018 1408 3317 1484 Φυγελεύς,
3362 1425 3427 1468 ut
3461 1417 3700 1488 quidem
3754 1420 3816 1472 in

2247 1490 2508 1544 omnibus
2520 1493 2771 1564 Dionysii
2791 1494 3081 1559 codicibus
3103 1498 3306 1572 legitur
3323 1520 3340 1568 ;
3365 1501 3463 1557 sed
3487 1521 3622 1559 vera
3641 1506 3819 1559 lectio

594 1627 718 1663 mus
737 1609 937 1663 Parius.
970 1606 1108 1661 Mihi
1131 1604 1362 1678 quidem
1383 1604 1533 1659 idem
1557 1604 1781 1659 videtur
1808 1623 1821 1657 ε
1847 1622 2048 1678 nempe
2071 1606 2159 1658 vi-
2246 1587 2328 1629 ω
2363 1575 2661 1650 Φυῖαλεύς·
2693 1581 2834 1634 Nam
2869 1581 2941 1636 de
2966 1584 3149 1654 prima
3177 1587 3411 1658 quidem
3446 1591 3660 1662 Syllaba
3695 1591 3846 1646 dis--

597 1698 789 1750 vinitas
813 1696 922 1749 loci
951 1695 1174 1759 fecerit,
1205 1703 1269 1747 ut
1290 1693 1383 1747 alii
1412 1693 1674 1760 Naxium,
1697 1694 1792 1748 alii
1816 1694 2041 1747 Parium
2061 1712 2157 1746 vo-

596 1794 804 1839 carent.
840 1808 863 1833 ι»
894 1782 1020 1839 Haec
1042 1782 1256 1836 Vossius
1279 1777 1446 1853 (Hist.
1469 1780 1565 1835 Gr.
1590 1799 1650 1853 p.
1686 1780 1826 1853 440)
1856 1791 2040 1848 recte,
2069 1783 2152 1834 uti

594 1871 837 1927 videtur.
875 1870 1060 1925 Verba
1086 1866 1389 1924 Clementis
1422 1868 1538 1921 haec
1571 1877 1700 1922 sunt
1732 1885 1746 1920 t
1780 1864 2152 1943 Μελεσαγόρου

595 1956 696 2036 γὰρ
725 1956 909 2036 ἔκλεψε
938 1954 1157 2034 Γοργίας
1177 1958 1223 2010 δ’
1252 1952 1515 2017 Λεοντῖνος
1540 1951 1631 2009 καὶ
1656 1950 1941 2029 Εὔδημος-ὁ
1963 1952 2151 2019 Νάξιος

595 2047 642 2102 οἱ
665 2044 932 2123 ἱστορικοί.
963 2047 1143 2100 Miror
1167 2044 1437 2118 Gorgiam
1459 2042 1790 2097 historicum
1806 2082 1821 2109 ,
1854 2054 2023 2114 atque
2045 2060 2147 2096 eo·-

595 2136 724 2188 dem
738 2134 866 2206 jure
893 2135 1059 2188 etiam
1086 2130 1402 2187 Eudemum
1428 2147 1619 2187 rerum
1652 2129 2024 2221 scriptoribus
2050 2148 2151 2184 ac·-

594 2224 805 2277 censeri
833 2223 1115 2294 suspicans
1155 2220 1343 2274 nescio
1368 2237 1439 2272 an
1480 2213 1754 2289 Εὔδημος,
1787 2234 1995 2271 nomen
2026 2217 2150 2271 fre-

592 2310 1012 2381 quentissimum
1028 2348 1043 2373 ,
1066 2317 1398 2378 corruptum
1422 2307 1573 2359 sitex
1610 2300 1794 2378 Εὐήνῳ
1814 2344 1830 2369 ,
1868 2300 2039 2357 Pario
2056 2322 2151 2359 so-

591 2397 806 2469 phista,
837 2393 1109 2459 SocratiS,
1143 2404 1209 2447 ut
1230 2392 1487 2446 nonnulli
1519 2390 1814 2457 dicebant,
1858 2392 2145 2463 magistro.

589 2485 740 2537 Num
790 2480 929 2555 quid
966 2480 1218 2534 historici
1271 2478 1585 2551 argumenti
1633 2473 1887 2542 EuenuS,
1938 2476 2148 2530 Philisti

592 2571 872 2637 historici,
901 2579 966 2623 ut
993 2565 1331 2638 quibusdam
1374 2564 1584 2638 placuit
1601 2604 1617 2633 ,
1645 2574 1982 2637 praeceptor,
2014 2565 2153 2617 scri-

590 2659 793 2730 pserit,
827 2655 1014 2710 dicere
1037 2672 1154 2708 non
1186 2652 1403 2719 habeO,
1426 2668 1609 2722 neque
1633 2662 1818 2704 tamen
1844 2668 1931 2704 res
1953 2650 2025 2705 ab
2055 2653 2145 2704 in-

586 2746 759 2818 genio
782 2742 1157 2813 sophistarum
1179 2739 1468 2794 abhorret.

673 2828 850 2884 Clem.
872 2829 961 2881 Al.
984 2824 1190 2880 Strom.
1204 2825 1244 2878 l.
1263 2826 1301 2878 l.
1327 2843 1341 2878 ε
1362 2819 1449 2880 Τὰ
1463 2819 1710 2881 Ἡσιόδου
1726 2820 2057 2896 μετήλλαξαν
2073 2824 2143 2887 εἷς

593 2913 746 2982 πεζὸν
773 2911 923 2992 λόγον
963 2911 1052 2970 καὶ
1094 2913 1164 2976 ὼς
1207 2908 1314 2968 ἴδια
1344 2906 1619 2988 ἐξήνεγκαν
1668 2907 1911 2984 Εὔμηλός
1957 2932 2016 2967 τε
2052 2910 2144 2968 καὶ

596 2999 949 3064 Ἀκουσίλαος.
1003 3001 1095 3056 Ad
1136 3019 1260 3073 quae
1320 3001 1777 3054 iVestermannus
1822 2999 1839 3074 (
1882 3001 1941 3053 in
1989 3003 2146 3055 Voss

596 3091 733 3147 llist.
754 3110 815 3164 p.
844 3089 918 3162 6)
953 3108 967 3142 :
1002 3113 1018 3136 .
1057 3085 1177 3141 Hoc
1206 3087 1334 3141 loco
1364 3098 1461 3141 aut
1486 3086 1561 3141 de
1594 3087 1704 3141 alio
1738 3084 1976 3144 Eumelo
2001 3090 2150 3161 cogi·

595 3177 853 3244 tandum,
885 3187 982 3231 ant
1006 3171 1247 3249 Εὔμηλος
1276 3175 1334 3228 in
1364 3169 1602 3247 Εὔδημος
1628 3174 1963 3229 mutandum
1991 3187 2090 3232 cst.
2116 3198 2140 3224 n

592 3268 722 3321 'Non
740 3264 912 3320 credo
956 3282 969 3317 :
1001 3265 1115 3318 imo
1140 3280 1209 3316 ex
1235 3272 1431 3316 nostro
1452 3262 1580 3316 loco
1609 3272 1665 3316 et
1696 3280 1765 3317 ex
1789 3262 1975 3317 verbis
1994 3260 2147 3317 Pau-

592 3354 757 3408 saniae
781 3353 862 3423 ΙΙ,
909 3371 931 3407 1
957 3394 972 3419 ,
1008 3371 1027 3405 1
1067 3371 1078 3404 z
1110 3345 1406 3423 Εὔμηλος..
1433 3345 1487 3412 ὃς
1510 3343 1601 3404 καὶ
1632 3344 1734 3417 ἔπη
1759 3345 1967 3424 λέγεται
1996 3352 2147 3419 ποιῆ-

592 3460 703 3509 σαι,
726 3437 881 3516 φησὶν
903 3439 956 3494 ἐν
998 3440 1062 3512 τῇ
1105 3433 1348 3515 Κορινθίᾳ
1377 3436 1652 3513 συγγραφῇ
1689 3435 1707 3510 (
1731 3435 1775 3492 εἷ
1804 3433 1866 3502 δὴ
1898 3434 2146 3511 Εὐμήλου

589 3548 648 3602 γε
676 3529 711 3596 ἡ
735 3522 1042 3603 συγγραφή)
1075 3521 1306 3603 Ἐφύραν
1326 3523 1464 3592 κτλ.,
1491 3534 1648 3597 patet
1662 3524 1977 3596 prosarium
2008 3543 2151 3597 opus

588 3615 694 3670 sub
743 3611 960 3669 Eumeli
1002 3614 1233 3668 nomine
1261 3612 1651 3668 circumlatum
1692 3627 1833 3677 esse,
1873 3611 1955 3664 uti
1995 3622 2149 3665 recte

588 3703 777 3757 statuit
825 3700 1231 3758 Markscheffel.
1285 3702 1341 3754 in
1402 3696 1632 3755 Hesiodi
1681 3709 1788 3753 etc.
1841 3698 2039 3771 fragm.
2085 3716 2145 3770 p.

591 3789 706 3846 223
734 3808 861 3862 sqq.
888 3790 1172 3861 Reliquias
1199 3788 1365 3858 hujus
1402 3788 1588 3859 operis
1623 3786 1754 3839 vide
1773 3804 1868 3856 ap.
1898 3785 2140 3839 eundem

587 3898 647 3952 P·
672 3878 783 3952 397
813 3895 939 3951 sqq·
969 3871 1035 3952 (*)

650 4080 711 4140 (*)
749 4097 772 4122 «
802 4077 968 4128 Varias
1000 4074 1269 4124 historiolas
1303 4085 1365 4122 ex
1393 4070 1609 4120 Eudemo
1651 4071 1811 4119 nescio
1837 4083 1937 4131 quo
1974 4072 2141 4119 narrat

587 4151 800 4200 „Elianus
817 4148 866 4197 in
881 4146 1085 4197 Historia
1104 4143 1415 4203 Animalium,
1439 4144 1494 4191 ut
1511 4144 1603 4203 111,
1636 4147 1720 4201 21,
1741 4140 1803 4189 de
1815 4140 1953 4190 leone
1970 4140 2148 4189 leaena·

584 4233 682 4282 que
728 4231 889 4268 ursam
928 4216 1130 4266 mirifice
1154 4213 1495 4263 ulciscentibus
1518 4213 1582 4262 ob
1622 4210 1896 4260 catulorum
1929 4210 2143 4272 caedem3

588 4293 703 4338 item
724 4291 791 4338 tv
804 4325 820 4349 ,
846 4293 893 4348 8,
908 4286 970 4337 de
986 4284 1220 4348 supplicio
1236 4282 1370 4346 quod
1394 4282 1556 4345 pullus
1580 4281 1807 4332 sumserit
1819 4279 1881 4328 de
1898 4281 2145 4341 equisone,

585 4360 702 4420 quia
724 4371 899 4420 equam
931 4356 1140 4416 {missen
1163 4355 1214 4404 et
1232 4352 1446 4413 eiusdem
1469 4351 1578 4401 libri
1605 4363 1710 4413 cap.
1740 4354 1800 4400 45
1820 4350 1882 4399 de
1909 4350 2048 4400 leone
2068 4350 2143 4399 ul-

587 4428 793 4477 ciscente
807 4427 940 4476 canis
957 4423 1312 4476 contubernalis
1324 4422 1397 4472 sui
1412 4421 1596 4471 coedem
1613 4420 1675 4469 ab
1692 4433 1804 4470 ursa
1822 4422 2078 4482 patratam,
2098 4423 2146 4468 et

587 4510 695 4559 cap.
715 4502 774 4554 43
788 4496 850 4545 de
863 4496 973 4546 teris
990 4496 1178 4557 Libycis
1196 4492 1498 4543 undecimam
1509 4503 1753 4570 quamque
1770 4488 1946 4572 praedze
1961 4492 2144 4552 partem

587 4565 968 4629 relinquentibus
1001 4565 1262 4622 intactam;
1293 4563 1343 4612 et
1382 4575 1427 4610 c.
1469 4567 1527 4610 56
1550 4558 1610 4608 de
1634 4558 1786 4608 vitulo
1812 4571 1999 4608 manno
2014 4595 2032 4621 ,
2060 4572 2146 4622 qui

587 4649 752 4684 amore
776 4635 955 4684 exarsit
985 4634 1204 4698 spongias
1226 4631 1479 4696 piscantis3
1500 4632 1550 4679 et
1570 4632 1612 4678 V
1626 4664 1642 4694 ,
1662 4633 1688 4677 7
1724 4629 1785 4678 de
1801 4628 1940 4678 siniia
1962 4642 1993 4677 a
2019 4642 2150 4678 sum·

588 4719 682 4755 mae
704 4704 889 4754 arboris
920 4717 1055 4753 ramo
1087 4702 1387 4765 dependente
1405 4703 1552 4763 atque
1574 4699 1640 4748 ita
1660 4712 1713 4748 se
1734 4701 1901 4748 tuente
1918 4697 2147 4748 adversus

590 4778 704 4826 seles
732 4775 892 4837 (Adde
908 4778 1006 4837 111,
1028 4782 1088 4824 20
1106 4778 1154 4824 et
1174 4772 1387 4835 Apostol.
1415 4776 1487 4834 V,
1507 4777 1587 4821 96.
1612 4773 1707 4832 lx„
1726 4775 1801 4850 27..
1828 4771 1945 4831 xn,
1964 4774 2013 4849 95
2036 4771 2143 4830 xx,

590 4849 693 4908 ³9).
718 4867 742 4889 ι»
760 4848 905 4896 Voss.
926 4859 975 4908 p.
1001 4849 1092 4894 440
1118 4843 1193 4892 ed.
1229 4846 1492 4894 westerm.
1512 4845 1635 4900 Quoe
1656 4852 1818 4922 omnia
1840 4839 2065 4920 'luserint
2082 4852 2146 4888 ex

566 4916 733 4979 ‘opere
763 4914 965 4967 AElianei
1000 4913 1159 4963 simili.
1188 4914 1338 4962 'Certe
1369 4925 1398 4961 a
1419 4915 1593 4963 Nostro
1610 4911 1837 4960 historico
1866 4909 2024 4989 aliena
2042 4920 2145 4989 esse

589 4986 799 5036 dubitari
824 4986 905 5034 νὴ
936 4987 1107 5047 potest.
1142 4986 1429 5046 Quanquam
1459 4982 1520 5030 ad
1542 4982 1675 5030 hune
1711 4980 1799 5028 ista
1828 4978 2048 5027 retulisse
2075 4991 2147 5026 vi-

2246 1675 2480 1736 crepant
2511 1666 2838 1738 scriptores,
2870 1670 3001 1741 quia
3027 1672 3120 1724 alii
3158 1671 3434 1749 Φυγᾶλεια
3465 1679 3720 1747 malunt,
3753 1693 3820 1734 ut

2246 1749 2447 1822 Polyb.
2472 1752 2570 1820 lv,
2607 1750 2663 1820 3,
2697 1751 2752 1820 5,
2774 1755 2867 1808 alii
2886 1753 3173 1832 Φιγάλεια,
3203 1771 3268 1814 ut
3285 1762 3536 1818 Rhianus
3554 1767 3616 1819 in
3643 1767 3808 1821 Mes-

2243 1838 2473 1893 seniacis
2510 1839 2795 1911 Stephano
2817 1853 2979 1911 teste,
3015 1845 3119 1899 “alii
3159 1847 3296 1901 item
3321 1848 3600 1925 Φιγαλία,
3640 1866 3707 1908 ut
3733 1867 3820 1909 est

2243 1924 2396 1995 apud
2425 1926 2666 1982 eundem
2686 1929 3048 2001 Stephanum,
3074 1933 3167 1987 alii
3184 1933 3444 2009 Φιγαλία,
3466 1951 3532 1992 ut
3552 1951 3636 1995 est
3654 1943 3813 2015 apud

2243 2012 2448 2066 Athen.
2474 2014 2591 2083 XI,
2613 2033 2673 2087 p.
2709 2015 2842 2084 465,
2867 2019 2952 2087 D3
2994 2025 3129 2093 479,
3161 2022 3223 2077 C.
3256 2022 3367 2080 Sed
3403 2034 3591 2100 tamen
3617 2028 3692 2083 de
3724 2048 3821 2085 se—

2244 2099 2430 2154 cunda
2457 2103 2637 2155 vocali
2659 2122 2852 2158 omnes
2869 2107 3210 2180 conspirant.
3241 2134 3264 2159 »
3297 2112 3428 2165 Haec
3448 2116 3678 2171 Vossius
3700 2120 3714 2193 ί
3733 2120 3823 2173 De

2243 2183 2384 2240 nist.
2407 2205 2516 2260 ‚gin
2547 2206 2606 2260 p.
2652 2208 2724 2244 22
2755 2190 2847 2245 ed.
2869 2194 3135 2251 VVestrm.
3161 2194 3388 2268 ),'cujus
3426 2198 3664 2257 decreto
3707 2205 3816 2258 viri

2244 2270 2412 2327 docti·
2440 2277 2861 2347 acquieverunt.
2898 2276 3011 2334 Sed
3037 2282 3243 2336 mirum
3271 2296 3353 2338 est
3392 2286 3540 2342 inter
3575 2290 3813 2346 Ionicos

2241 2362 2514 2415 nascentis
2530 2361 3014 2439 historiographiae
3035 2370 3338 2443 scriptores
3360 2386 3591 2445 repente
3613 2394 3813 2433 exsur-

2242 2464 2375 2520 gere
2413 2449 2597 2503 virum
2638 2469 2670 2505 e
2709 2452 2892 2507 media
2940 2456 3247 2511 oriundum
3270 2459 3533 2514 Arcadia.
3567 2464 3810 2519 Accedit

2243 2534 2402 2606 quod
2423 2533 2495 2589 dc
2512 2538 2679 2592 rebus
2697 2541 2869 2594 Ioniae
2891 2543 3187 2598 Democles
3204 2547 3456 2619 scripsit,
3483 2550 3566 2603 uti
3587 2552 3812 2625 colligis

2244 2639 2312 2675 ex
2362 2624 2562 2692 unico,
2609 2626 2766 2697 quod
2810 2642 3089 2701 superest,
3146 2631 3481 2705 fragmenm.
3529 2637 3717 2710 Igitur
3765 2641 3809 2693 si

2242 2708 2382 2779 quid
2410 2712 2762 2782 mutandum,
2783 2717 3103 2788 scripserim
3124 2714 3389 2794 Πυγελεύς
3415 2723 3497 2795 (v,
3525 2724 3801 2797 Xenoph.

2246 2791 2389 2849 Hell.
2421 2798 2476 2866 1,
2516 2817 2547 2851 2
2566 2840 2581 2865 ,
2612 2817 2643 2853 2
2666 2820 2681 2868 ;
2724 2801 3080 2877 Theopomp.
3132 2805 3203 2859 fr.
3241 2806 3349 2875 623
3393 2809 3598 2865 Strabo
3647 2813 3805 2877 xlv,

2239 2900 2301 2954 p.
2318 2882 2463 2957 6393
2483 2885 2749 2958 Stephan.
2774 2890 2885 2963 Byz
2900 2909 2945 2945 s.
2969 2890 3072 2967 iz).
3095 2890 3207 2947 Sed
3227 2911 3298 2948 ne
3316 2895 3429 2949 hoc
3453 2898 3686 2969 quidem
3711 2920 3811 2954 ne-

2244 2973 2537 3026 cessarium
2563 2986 2662 3029 est.
2685 2978 2827 3031 'Nam
2854 2975 3068 3053 Πύγελα
3095 2982 3372 3053 oppidum
3392 2984 3462 3038 ab
3487 2986 3605 3040 aliis
3623 2988 3814 3042 minus

2245 3058 2430 3114 ionice
2453 3059 2552 3115 sed
2575 3060 2863 3118 decentius
2887 3067 3214 3122 nominatur
3236 3065 3479 3144 Φύγελα.
3502 3071 3649 3127 Vid.·
3666 3071 3814 3146 Scy-

2243 3145 2333 3199 lax
2355 3165 2415 3218 p.
2438 3165 2545 3201 221
2583 3147 2676 3203 ed.
2705 3151 2914 3222 Clam„
2959 3155 3109 3209 Mela
3130 3155 3189 3224 1,
3227 3174 3318 3226 17,
3349 3175 3383 3210 2
3413 3168 3469 3213 et
3489 3159 3704 3214 Plinius
3733 3159 3806 3215 Η.

2245 3234 2313 3286 N.
2340 3235 2406 3302 V,
2431 3253 2527 3307 29,
2556 3234 2618 3289 31
2634 3277 2650 3302 ,
2671 3236 2772 3292 ubi
2794 3238 2917 3294 haec
2941 3258 2955 3294 z
2983 3243 3055 3295 In
3077 3260 3318 3316 oraquoe
3339 3245 3588 3316 Dvgilia
3605 3251 3808 3320 appel-

2248 3320 2410 3387 latur,
2449 3322 2646 3376 Cessas
2669 3332 2873 3383 amnis.
2893 3329 3071 3400 Rege'o
3092 3330 3345 3384 omnibus
3363 3332 3595 3387 Ionibus
3611 3343 3798 3400 sacta,

2243 3418 2302 3460 et
2327 3408 2449 3461 Ideo
2480 3411 2752 3466 Panionia
2774 3416 3088 3487 appellata.
3112 3417 3293 3471 Jtcrta
3334 3439 3373 3472 a
3386 3416 3647 3490 fugitivis·
3671 3439 3808 3476 con-

2241 3494 2412 3548 ditum
2441 3495 2553 3569 (teti
2573 3517 2772 3553 nomen
2790 3504 2993 3556 indicio
3015 3515 3097 3558 est
3120 3503 3136 3578 )
3162 3504 3418 3577 Pltjgela
3428 3504 3558 3576 suit
3586 3520 3646 3561 et
3671 3510 3808 3564 Ma·

2241 3581 2539 3637 ramesiam
2567 3590 2849 3659 oppidum.

3008 3689 3029 3724 ι

2322 3764 2522 3820 Strabo
2546 3768 2591 3837 1,
2633 3786 2693 3841 p.
2743 3767 2818 3824 58
2860 3790 2874 3825 ε
2906 3770 3278 3846 Μιμνήσκεται
3313 3772 3368 3831 δὲ
3399 3773 3740 3854 (Δημήτριος
3777 3781 3810 3834 ὁ

2243 3846 2505 3927 Σκήψιος)
2531 3850 2656 3930 πρὸς
2682 3858 2850 3912 ταῦτα
2875 3860 2977 3915 τῶν
2998 3859 3101 3918 ὑπὸ
3128 3855 3460 3937 Δημοκλέους
3481 3861 3802 3937 λεγομένων,

2236 3933 2481 4010 ’σεισμούς
2509 3960 2647 4004 τινας
2676 3942 2961 4018 μεγάλους,
2983 3945 3103 4014 τοὺς
3136 3945 3229 4024 μὲν
3253 3947 3423 4006 πάλαι
3449 3948 3570 4027 περὶ
3603 3950 3806 4008 Λυδίαν

2239 4021 2539 4098 γενομένους
2589 4025 2679 4082 καὶ
2732 4026 2937 4088 Ἰωνίαν
2986 4033 3144 4114 μέχρι
3198 4037 3290 4104 τῆς
3346 4034 3599 4114 Τρῳάδῡς
3663 4037 3808 4095 {⁶²0-

2241 4113 2473 4187 ροῧντος,
2504 4113 2590 4192 ὑφ’
2632 4103 2704 4170 ὧν
2732 4115 2823 4172 καὶ
2846 4120 3027 4195 κῶμαι
3057 4121 3418 4191 κατεπόθησαν
3450 4121 3540 4179 καὶ
3573 4121 3808 4190 Σίπυλος

2238 4196 2570 4278 κατεστρᾶφη
2600 4198 2737 4257 κατὰ
2756 4200 2851 4270 τὴν
2878 4206 3155 4266 Ταντάλου
3183 4206 3450 4286 βασιλείαν
3473 4208 3563 4267 καὶ
3592 4209 3644 4278 ἐξ
3667 4212 3804 4269 ἐλῶν

2239 4282 2418 4359 λίμναι
2444 4285 2670 4361 ἐγίνοντο
2686 4331 2702 4358 ,
2721 4288 2786 4317 ⁴*
2813 4291 2909 4362 τὴν
2939 4291 2993 4351 δὲ
3012 4297 3206 4375 Τροίαν
3232 4294 3486 4354 ἐπέκλυσε
3514 4301 3677 4374 κῦμα.

2235 4419 2377 4470 detur
2391 4425 2655 4476 creuzerus
2669 4426 2719 4474 in
2733 4429 2867 4479 msc.
2885 4434 3076 4496 Kunst,
3094 4447 3144 4496 p.
3156 4436 3264 4496 274,
3279 4431 3357 4483 ed.
3377 4437 3516 4496 1845,
3528 4434 3612 4484 ubi
3626 4434 3690 4485 de
3702 4439 3808 4487 Eu·
3838 4443 3854 4458 ·

2236 4490 2382 4541 demo
2398 4495 2555 4544 Pario
2572 4496 2716 4545 babet
2731 4498 2836 4547 haec
2857 4517 2870 4548 ε
2897 4520 2920 4543 α
2940 4506 3222 4565 Fragmenta
3237 4503 3358 4552 sehr
3375 4506 3534 4564 niele,
3553 4506 3674 4554 aber
3686 4520 3804 4558 zum

2235 4560 2371 4611 Theil
2389 4560 2499 4612 dem
2529 4565 2770 4616 Eudemus
2785 4582 2884 4619 von
2898 4574 3059 4623 Naxos
3074 4572 3360 4636 angehoerig,
3402 4573 3501 4623 und
3518 4574 3650 4624 daun
3668 4577 3801 4627 wohl

2235 4644 2294 4678 zu
2314 4634 2677 4685 untersebeiden
2701 4649 2813 4686 vom
2836 4641 3180 4703 Peripatetiker
3193 4642 3464 4706 Eudemus,
3484 4644 3572 4694 der
3595 4647 3710 4695 sehr
3728 4649 3803 4696 ott

2235 4702 2487 4762 angelum-t
2517 4705 2657 4754 wird.
2689 4726 2711 4750 n
2744 4708 3115 4771 Peripateticum
3146 4712 3388 4763 Rhodium
3403 4751 3417 4774 ,
3452 4714 3540 4776 qui
3569 4715 3768 4777 physica
3783 4754 3799 4776 ,

2235 4771 2576 4823 mathematica
2594 4777 2644 4824 et
2663 4777 2949 4841 astrologica
2970 4783 3185 4845 scripsit,
3215 4795 3329 4832 oum
3360 4787 3538 4833 Nostro
3571 4786 3704 4834 baud
3729 4788 3800 4835 sa-

2240 4842 2334 4891 cile
2353 4845 2647 4896 confundere
2670 4846 2800 4899 licet.
2820 4852 2894 4901 De
2912 4853 3107 4915 reliquis
3123 4854 3352 4904 Eudemis
3366 4855 3666 4917 rhetoribus,
3693 4871 3801 4906 ine·

2232 4910 2350 4961 dicis
2362 4950 2376 4973 ,
2395 4913 2525 4976 aliis,
2547 4918 2629 4978 qui
2653 4929 2684 4965 a
2697 4918 2836 4970 nobis
2849 4934 3046 4983 prorsus
3063 4924 3206 4973 alieni
3233 4927 3348 4974 sunt
3359 4962 3374 4987 ,
3389 4925 3502 4975 vide
3519 4926 3797 4976 Fabricium

2232 4980 2278 5029 in
2306 4982 2425 5031 Bibl.
2445 4987 2531 5034 Gr.

1339 5137 1386 5187 1.

654 5223 885 5271 Memorat
912 5219 1180 5270 Demetrius
1196 5218 1417 5281 Scepsius
1434 5230 1490 5267 ea
1507 5229 1618 5278 quae
1641 5230 1669 5263 a
1698 5213 1921 5264 Democle
1943 5225 2144 5262 narran-

2232 5131 2380 5192 Lydia
2408 5133 2603 5185 suerunt
2619 5138 2670 5185 et
2689 5137 2821 5186 Ionia
2847 5153 3003 5203 usque
3028 5141 3089 5191 ad
3115 5142 3580 5205 Troadem,qulbus
3609 5149 3660 5194 et
3691 5143 3799 5208 pagi

2232 5212 2346 5260 sunt
2365 5211 2575 5275 absorpti
2594 5217 2644 5263 et
2661 5215 2852 5277 Sipylus
2868 5231 3032 5268 eversa
3053 5225 3279 5281 regnante
3295 5223 3498 5271 Tantalo
3517 5260 3531 5282 ,
3547 5225 3598 5272 et
3623 5238 3689 5272 ex
3718 5240 3798 5286 pa-

586 5303 689 5361 tui·‚
712 5303 852 5349 terrm
881 5299 1105 5348 nimirum
1124 5295 1357 5360 quosdam
1378 5296 1592 5357 ingentes
1620 5295 1806 5351 «notus,
1833 5294 1915 5354 qui
1949 5291 2063 5339 olim
2097 5291 2145 5340 in
2237 5290 2424 5340 indibus
2447 5293 2578 5341 lacus
2594 5292 2750 5354 magni
2770 5294 2904 5358 facti,
2925 5297 2975 5324 *¹*
2998 5298 3287 5360 Trojamque
3313 5299 3489 5349 nnc-tus
3512 5299 3790 5351 inundant,
