<?xml version="1.0" encoding="UTF-8"?>
<!DOCTYPE html PUBLIC "-//W3C//DTD XHTML 1.0 Transitional//EN"
    "http://www.w3.org/TR/xhtml1/DTD/xhtml1-transitional.dtd">
<html xmlns="http://www.w3.org/1999/xhtml" xml:lang="en" lang="en">
 <head>
  <title>
</title>
<meta http-equiv="Content-Type" content="text/html;charset=utf-8" />
  <meta name='ocr-system' content='tesseract 3.04.00' />
  <meta name='ocr-capabilities' content='ocr_page ocr_carea ocr_par ocr_line ocrx_word'/>
</head>
<body>
  <div class='ocr_page' id='page_1' title='image "./fragmentahistor00mgoog_0414.png"; bbox 0 0 4016 5916; ppageno 0'>
   <div class='ocr_carea' id='block_1_1' title="bbox 510 455 624 507">
    <p class='ocr_par' dir='ltr' id='par_1_1' title="bbox 510 455 624 507">
     <span class='ocr_line' id='line_1_1' title="bbox 510 455 624 507; baseline 0.009 -1"><span class='ocrx_word' id='word_1_1' title='bbox 510 455 624 507; x_wconf 72' lang='lat'><strong>⁸5⁴</strong></span> 
     </span>
    </p>
   </div>
   <div class='ocr_carea' id='block_1_2' title="bbox 1257 595 1315 632">
    <p class='ocr_par' dir='ltr' id='par_1_2' title="bbox 1257 595 1315 632">
     <span class='ocr_line' id='line_1_2' title="bbox 1257 595 1315 632; baseline -0.017 0"><span class='ocrx_word' id='word_1_2' title='bbox 1257 595 1315 632; x_wconf 74' lang='lat'><strong>2.</strong></span> 
     </span>
    </p>
   </div>
   <div class='ocr_carea' id='block_1_3' title="bbox 590 692 2067 879">
    <p class='ocr_par' dir='ltr' id='par_1_3' title="bbox 590 692 2067 879">
     <span class='ocr_line' id='line_1_3' title="bbox 966 692 1611 749; baseline 0.005 -3"><span class='ocrx_word' id='word_1_3' title='bbox 966 693 1012 746; x_wconf 87' lang='lat' dir='ltr'><strong>E</strong></span> <span class='ocrx_word' id='word_1_4' title='bbox 1054 692 1277 748; x_wconf 80' lang='lat' dir='ltr'>LIBRO</span> <span class='ocrx_word' id='word_1_5' title='bbox 1321 692 1611 749; x_wconf 87' lang='lat' dir='ltr'><strong>TERTIO.</strong></span> 
     </span>
     <span class='ocr_line' id='line_1_4' title="bbox 590 802 2067 879; baseline -0.001 -19"><span class='ocrx_word' id='word_1_6' title='bbox 590 805 921 861; x_wconf 84' lang='lat' dir='ltr'><strong>Plutarchus</strong></span> <span class='ocrx_word' id='word_1_7' title='bbox 940 806 1053 860; x_wconf 89' lang='lat' dir='ltr'><strong>Vit.</strong></span> <span class='ocrx_word' id='word_1_8' title='bbox 1092 806 1175 879; x_wconf 84' lang='lat' dir='ltr'><strong>X,</strong></span> <span class='ocrx_word' id='word_1_9' title='bbox 1206 806 1363 861; x_wconf 85' lang='lat' dir='ltr'><strong>Orat.</strong></span> <span class='ocrx_word' id='word_1_10' title='bbox 1389 823 1449 876; x_wconf 88' lang='lat' dir='ltr'><strong>p.</strong></span> <span class='ocrx_word' id='word_1_11' title='bbox 1484 803 1617 874; x_wconf 80' lang='grc'><strong>849,</strong></span> <span class='ocrx_word' id='word_1_12' title='bbox 1645 804 1687 859; x_wconf 92' lang='lat' dir='ltr'>C</span> <span class='ocrx_word' id='word_1_13' title='bbox 1715 802 1787 860; x_wconf 90' lang='lat' dir='ltr'><strong>de</strong></span> <span class='ocrx_word' id='word_1_14' title='bbox 1814 805 2067 877; x_wconf 82' lang='lat' dir='ltr'><strong>Hyperi-</strong></span> 
     </span>
    </p>
   </div>
   <div class='ocr_carea' id='block_1_4' title="bbox 1658 445 2542 510">
    <p class='ocr_par' dir='ltr' id='par_1_4' title="bbox 1658 445 2542 510">
     <span class='ocr_line' id='line_1_5' title="bbox 1658 445 2542 510; baseline 0.005 -7"><span class='ocrx_word' id='word_1_15' title='bbox 1658 445 2045 506; x_wconf 85' lang='lat' dir='ltr'>DIODORUS</span> <span class='ocrx_word' id='word_1_16' title='bbox 2086 447 2542 510; x_wconf 84' lang='lat' dir='ltr'><strong>PERIEGETA.</strong></span> 
     </span>
    </p>
   </div>
   <div class='ocr_carea' id='block_1_5' title="bbox 2160 569 3726 660">
    <p class='ocr_par' dir='ltr' id='par_1_5' title="bbox 2160 569 3726 660">
     <span class='ocr_line' id='line_1_6' title="bbox 2160 569 3726 660; baseline 0.011 -25"><span class='ocrx_word' id='word_1_17' title='bbox 2160 576 2309 645; x_wconf 85' lang='grc' dir='ltr'>νείοις</span> <span class='ocrx_word' id='word_1_18' title='bbox 2338 569 2605 657; x_wconf 77' lang='grc' dir='ltr'>μνήμασιν</span> <span class='ocrx_word' id='word_1_19' title='bbox 2623 584 2696 640; x_wconf 82' lang='lat' dir='ltr'><strong>ad</strong></span> <span class='ocrx_word' id='word_1_20' title='bbox 2713 586 2944 641; x_wconf 87' lang='lat' dir='ltr'><strong>Meliten</strong></span> <span class='ocrx_word' id='word_1_21' title='bbox 2971 598 3193 660; x_wconf 87' lang='lat' dir='ltr'><strong>portam</strong></span> <span class='ocrx_word' id='word_1_22' title='bbox 3218 589 3333 644; x_wconf 86' lang='lat' dir='ltr'><strong>sitis</strong></span> <span class='ocrx_word' id='word_1_23' title='bbox 3353 609 3542 647; x_wconf 83' lang='lat' dir='ltr'><strong>sermo</strong></span> <span class='ocrx_word' id='word_1_24' title='bbox 3563 604 3726 652; x_wconf 81' lang='lat' dir='ltr'><strong>erat.</strong></span> 
     </span>
    </p>
   </div>
   <div class='ocr_carea' id='block_1_6' title="bbox 2239 697 3742 887">
    <p class='ocr_par' dir='ltr' id='par_1_6' title="bbox 2239 697 3742 887">
     <span class='ocr_line' id='line_1_7' title="bbox 2913 697 2968 758; baseline 0.036 -2"><span class='ocrx_word' id='word_1_25' title='bbox 2913 697 2968 758; x_wconf 81' lang='lat'><strong>5.</strong></span> 
     </span>
     <span class='ocr_line' id='line_1_8' title="bbox 2239 798 3742 887; baseline 0.008 -34"><span class='ocrx_word' id='word_1_26' title='bbox 2239 798 2536 858; x_wconf 76' lang='lat' dir='ltr'><strong>Athenaeus</strong></span> <span class='ocrx_word' id='word_1_27' title='bbox 2561 800 2723 871; x_wconf 82' lang='lat' dir='ltr'><strong>xm,</strong></span> <span class='ocrx_word' id='word_1_28' title='bbox 2739 819 2802 874; x_wconf 88' lang='lat' dir='ltr'><strong>p.</strong></span> <span class='ocrx_word' id='word_1_29' title='bbox 2824 798 2954 875; x_wconf 84' lang='lat'>591,</span> <span class='ocrx_word' id='word_1_30' title='bbox 2984 806 3069 858; x_wconf 90' lang='lat' dir='ltr'><strong>D:</strong></span> <span class='ocrx_word' id='word_1_31' title='bbox 3099 800 3483 881; x_wconf 76' lang='grc' dir='ltr'>Ἀριστογείτων</span> <span class='ocrx_word' id='word_1_32' title='bbox 3499 806 3548 862; x_wconf 84' lang='grc' dir='ltr'><strong>δ’</strong></span> <span class='ocrx_word' id='word_1_33' title='bbox 3575 809 3634 864; x_wconf 81' lang='grc' dir='ltr'><strong>ἐν</strong></span> <span class='ocrx_word' id='word_1_34' title='bbox 3655 809 3742 887; x_wconf 75' lang='grc' dir='ltr'><strong>τῷ</strong></span> 
     </span>
    </p>
   </div>
   <div class='ocr_carea' id='block_1_7' title="bbox 510 878 3735 968">
    <p class='ocr_par' dir='ltr' id='par_1_7' title="bbox 510 878 3735 968">
     <span class='ocr_line' id='line_1_9' title="bbox 510 878 3735 968; baseline 0 -19"><span class='ocrx_word' id='word_1_35' title='bbox 510 895 595 950; x_wconf 83' lang='lat' dir='ltr'><strong>dis</strong></span> <span class='ocrx_word' id='word_1_36' title='bbox 622 895 747 947; x_wconf 84' lang='lat' dir='ltr'><strong>vitae</strong></span> <span class='ocrx_word' id='word_1_37' title='bbox 769 890 880 947; x_wconf 85' lang='lat' dir='ltr'><strong>fine</strong></span> <span class='ocrx_word' id='word_1_38' title='bbox 906 903 1207 966; x_wconf 88' lang='lat' dir='ltr'><strong>postquam</strong></span> <span class='ocrx_word' id='word_1_39' title='bbox 1233 891 1528 964; x_wconf 89' lang='lat' dir='ltr'><strong>Hermippi</strong></span> <span class='ocrx_word' id='word_1_40' title='bbox 1555 892 1934 946; x_wconf 82' lang='lat' dir='ltr'><strong>narrationem</strong></span> <span class='ocrx_word' id='word_1_41' title='bbox 1956 909 2063 963; x_wconf 85' lang='lat' dir='ltr'><strong>ap-</strong></span> <span class='ocrx_word' id='word_1_42' title='bbox 2164 880 2315 941; x_wconf 79' lang='grc' dir='ltr'>Κατὰ</span> <span class='ocrx_word' id='word_1_43' title='bbox 2337 881 2551 963; x_wconf 79' lang='grc' dir='ltr'>Φρύνης</span> <span class='ocrx_word' id='word_1_44' title='bbox 2575 882 2634 943; x_wconf 79' lang='grc' dir='ltr'><strong>τὸ</strong></span> <span class='ocrx_word' id='word_1_45' title='bbox 2658 883 2831 963; x_wconf 88' lang='grc' dir='ltr'>κύριον</span> <span class='ocrx_word' id='word_1_46' title='bbox 2855 887 3014 958; x_wconf 72' lang='grc' dir='ltr'>αὐτῆς</span> <span class='ocrx_word' id='word_1_47' title='bbox 3032 909 3185 965; x_wconf 84' lang='grc' dir='ltr'>φησιν</span> <span class='ocrx_word' id='word_1_48' title='bbox 3213 878 3343 948; x_wconf 78' lang='grc' dir='ltr'>εἶναι</span> <span class='ocrx_word' id='word_1_49' title='bbox 3365 889 3535 968; x_wconf 80' lang='grc' dir='ltr'>ὄνομα</span> <span class='ocrx_word' id='word_1_50' title='bbox 3564 896 3735 964; x_wconf 77' lang='grc' dir='ltr'>Μνη-</span> 
     </span>
    </p>
   </div>
   <div class='ocr_carea' id='block_1_8' title="bbox 464 975 2073 2944">
    <p class='ocr_par' dir='ltr' id='par_1_8' title="bbox 507 975 2070 1573">
     <span class='ocr_line' id='line_1_10' title="bbox 507 975 2066 1054; baseline -0.001 -20"><span class='ocrx_word' id='word_1_51' title='bbox 507 991 798 1054; x_wconf 82' lang='lat' dir='ltr'><strong>posuerat,</strong></span> <span class='ocrx_word' id='word_1_52' title='bbox 821 981 1010 1054; x_wconf 87' lang='lat' dir='ltr'><strong>pergit</strong></span> <span class='ocrx_word' id='word_1_53' title='bbox 1041 997 1054 1034; x_wconf 75' lang='lat' dir='ltr'>z</span> <span class='ocrx_word' id='word_1_54' title='bbox 1080 977 1150 1036; x_wconf 80' lang='grc' dir='ltr'><strong>Οἱ</strong></span> <span class='ocrx_word' id='word_1_55' title='bbox 1170 976 1215 1033; x_wconf 89' lang='grc' dir='ltr'><strong>δ’</strong></span> <span class='ocrx_word' id='word_1_56' title='bbox 1242 976 1296 1034; x_wconf 84' lang='grc' dir='ltr'><strong>ἐν</strong></span> <span class='ocrx_word' id='word_1_57' title='bbox 1322 975 1587 1041; x_wconf 83' lang='grc' dir='ltr'>Κλεωναῖς</span> <span class='ocrx_word' id='word_1_58' title='bbox 1616 977 1889 1033; x_wconf 82' lang='grc' dir='ltr'>ἀποθανεῖν</span> <span class='ocrx_word' id='word_1_59' title='bbox 1911 975 2066 1034; x_wconf 83' lang='grc' dir='ltr'>αὐτὸν</span> 
     </span>
     <span class='ocr_line' id='line_1_11' title="bbox 508 1061 2067 1144; baseline -0.003 -18"><span class='ocrx_word' id='word_1_60' title='bbox 508 1065 746 1144; x_wconf 84' lang='grc' dir='ltr'>λέγουσιν</span> <span class='ocrx_word' id='word_1_61' title='bbox 769 1063 1070 1143; x_wconf 76' lang='grc' dir='ltr'>ἀπαχθέντα</span> <span class='ocrx_word' id='word_1_62' title='bbox 1097 1062 1230 1137; x_wconf 75' lang='grc' dir='ltr'>μετὰ</span> <span class='ocrx_word' id='word_1_63' title='bbox 1262 1066 1367 1120; x_wconf 83' lang='grc' dir='ltr'><strong>τῶν</strong></span> <span class='ocrx_word' id='word_1_64' title='bbox 1403 1061 1608 1135; x_wconf 84' lang='grc' dir='ltr'>ἄλλων,</span> <span class='ocrx_word' id='word_1_65' title='bbox 1629 1062 1758 1121; x_wconf 79' lang='grc' dir='ltr'>ὅπου</span> <span class='ocrx_word' id='word_1_66' title='bbox 1778 1065 2067 1138; x_wconf 86' lang='grc' dir='ltr'>γλωττοτο·</span> 
     </span>
     <span class='ocr_line' id='line_1_12' title="bbox 512 1148 2070 1231; baseline -0.002 -19"><span class='ocrx_word' id='word_1_67' title='bbox 512 1158 742 1231; x_wconf 77' lang='grc' dir='ltr'>μηθῆναι</span> <span class='ocrx_word' id='word_1_68' title='bbox 764 1181 765 1184; x_wconf 53' lang='grc'><strong>“</strong></span> <span class='ocrx_word' id='word_1_69' title='bbox 787 1152 878 1211; x_wconf 69' lang='grc' dir='ltr'><strong>καὶ</strong></span> <span class='ocrx_word' id='word_1_70' title='bbox 912 1153 1260 1230; x_wconf 68' lang='grc' dir='ltr'>διαφθαρῆναι</span> <span class='ocrx_word' id='word_1_71' title='bbox 1290 1149 1346 1209; x_wconf 82' lang='grc' dir='ltr'><strong>ὃν</strong></span> <span class='ocrx_word' id='word_1_72' title='bbox 1382 1148 1689 1230; x_wconf 84' lang='grc' dir='ltr'>προείρηται</span> <span class='ocrx_word' id='word_1_73' title='bbox 1710 1150 1929 1228; x_wconf 84' lang='grc' dir='ltr'>τρόπον,</span> <span class='ocrx_word' id='word_1_74' title='bbox 1952 1149 2070 1218; x_wconf 77' lang='grc' dir='ltr'>τοὺς</span> 
     </span>
     <span class='ocr_line' id='line_1_13' title="bbox 511 1237 2069 1318; baseline -0.005 -13"><span class='ocrx_word' id='word_1_75' title='bbox 511 1244 560 1305; x_wconf 83' lang='grc' dir='ltr'><strong>δ’</strong></span> <span class='ocrx_word' id='word_1_76' title='bbox 579 1241 793 1309; x_wconf 79' lang='grc' dir='ltr'><strong>οἰκείους</strong></span> <span class='ocrx_word' id='word_1_77' title='bbox 812 1238 881 1300; x_wconf 72' lang='grc' dir='ltr'><strong>τὰ</strong></span> <span class='ocrx_word' id='word_1_78' title='bbox 905 1242 1036 1299; x_wconf 82' lang='grc' dir='ltr'>ὀστᾶ</span> <span class='ocrx_word' id='word_1_79' title='bbox 1061 1237 1321 1305; x_wconf 67' lang='grc' dir='ltr'>λαὸόντας</span> <span class='ocrx_word' id='word_1_80' title='bbox 1340 1239 1504 1318; x_wconf 79' lang='grc' dir='ltr'>θάψαι</span> <span class='ocrx_word' id='word_1_81' title='bbox 1523 1262 1582 1317; x_wconf 88' lang='grc' dir='ltr'>γε</span> <span class='ocrx_word' id='word_1_82' title='bbox 1607 1237 1719 1314; x_wconf 81' lang='grc' dir='ltr'><strong>ἅμα</strong></span> <span class='ocrx_word' id='word_1_83' title='bbox 1740 1240 1844 1305; x_wconf 75' lang='grc' dir='ltr'>τοῖς</span> <span class='ocrx_word' id='word_1_84' title='bbox 1863 1243 2069 1317; x_wconf 80' lang='grc' dir='ltr'>γονεῧσι</span> 
     </span>
     <span class='ocr_line' id='line_1_14' title="bbox 508 1324 2068 1410; baseline -0.001 -23"><span class='ocrx_word' id='word_1_85' title='bbox 508 1329 609 1410; x_wconf 84' lang='grc' dir='ltr'><strong>πρὸ</strong></span> <span class='ocrx_word' id='word_1_86' title='bbox 644 1333 747 1387; x_wconf 82' lang='grc' dir='ltr'><strong>τῶν</strong></span> <span class='ocrx_word' id='word_1_87' title='bbox 785 1327 1050 1388; x_wconf 83' lang='grc' dir='ltr'>Ἱππάδων</span> <span class='ocrx_word' id='word_1_88' title='bbox 1078 1328 1288 1400; x_wconf 78' lang='grc' dir='ltr'>πυλῶν,</span> <span class='ocrx_word' id='word_1_89' title='bbox 1328 1324 1397 1393; x_wconf 83' lang='grc' dir='ltr'>ὥς</span> <span class='ocrx_word' id='word_1_90' title='bbox 1425 1349 1552 1408; x_wconf 80' lang='grc' dir='ltr'>φησι</span> <span class='ocrx_word' id='word_1_91' title='bbox 1599 1326 1854 1407; x_wconf 84' lang='grc' dir='ltr'>Διόδωρος</span> <span class='ocrx_word' id='word_1_92' title='bbox 1892 1329 1945 1385; x_wconf 85' lang='grc' dir='ltr'><strong>ἐν</strong></span> <span class='ocrx_word' id='word_1_93' title='bbox 1991 1331 2068 1408; x_wconf 78' lang='grc' dir='ltr'><strong>τῷ</strong></span> 
     </span>
     <span class='ocr_line' id='line_1_15' title="bbox 508 1412 2068 1495; baseline -0.003 -18"><span class='ocrx_word' id='word_1_94' title='bbox 508 1416 556 1493; x_wconf 86' lang='grc' dir='ltr'><strong>γ’</strong></span> <span class='ocrx_word' id='word_1_95' title='bbox 588 1415 724 1495; x_wconf 70' lang='grc' dir='ltr'>Περὶ</span> <span class='ocrx_word' id='word_1_96' title='bbox 761 1413 1071 1492; x_wconf 81' lang='grc' dir='ltr'>μνημάτων.</span> <span class='ocrx_word' id='word_1_97' title='bbox 1105 1412 1238 1475; x_wconf 77' lang='grc' dir='ltr'>Νυνὶ</span> <span class='ocrx_word' id='word_1_98' title='bbox 1277 1413 1330 1471; x_wconf 84' lang='grc' dir='ltr'><strong>δὲ</strong></span> <span class='ocrx_word' id='word_1_99' title='bbox 1366 1414 1772 1493; x_wconf 79' lang='grc' dir='ltr'>κατερήρειπται</span> <span class='ocrx_word' id='word_1_100' title='bbox 1795 1413 1853 1472; x_wconf 83' lang='grc' dir='ltr'><strong>τὸ</strong></span> <span class='ocrx_word' id='word_1_101' title='bbox 1882 1419 2068 1492; x_wconf 69' lang='grc' dir='ltr'>μνῆμα</span> 
     </span>
     <span class='ocr_line' id='line_1_16' title="bbox 509 1501 995 1573; baseline -0.004 -11"><span class='ocrx_word' id='word_1_102' title='bbox 509 1503 598 1563; x_wconf 85' lang='grc' dir='ltr'><strong>καί</strong></span> <span class='ocrx_word' id='word_1_103' title='bbox 628 1504 764 1560; x_wconf 82' lang='grc' dir='ltr'>ἐστιν</span> <span class='ocrx_word' id='word_1_104' title='bbox 788 1501 995 1573; x_wconf 85' lang='grc' dir='ltr'>ἄδηλον.</span> 
     </span>
    </p>

    <p class='ocr_par' dir='ltr' id='par_1_9' title="bbox 508 1587 2070 2175">
     <span class='ocr_line' id='line_1_17' title="bbox 590 1587 2069 1669; baseline -0.003 -21"><span class='ocrx_word' id='word_1_105' title='bbox 590 1589 686 1669; x_wconf 85' lang='grc' dir='ltr'>γε]</span> <span class='ocrx_word' id='word_1_106' title='bbox 710 1616 733 1640; x_wconf 73' lang='grc' dir='ltr'>ιι</span> <span class='ocrx_word' id='word_1_107' title='bbox 752 1612 808 1646; x_wconf 87' lang='grc' dir='ltr'><strong>τε</strong></span> <span class='ocrx_word' id='word_1_108' title='bbox 826 1609 919 1666; x_wconf 73' lang='lat' dir='ltr'><strong>vg.</strong></span> <span class='ocrx_word' id='word_1_109' title='bbox 936 1632 953 1662; x_wconf 90' lang='lat'>,</span> <span class='ocrx_word' id='word_1_110' title='bbox 972 1590 1129 1664; x_wconf 91' lang='lat' dir='ltr'><strong>quod</strong></span> <span class='ocrx_word' id='word_1_111' title='bbox 1149 1601 1244 1646; x_wconf 85' lang='lat' dir='ltr'><strong>aut</strong></span> <span class='ocrx_word' id='word_1_112' title='bbox 1265 1589 1565 1645; x_wconf 87' lang='lat' dir='ltr'><strong>delendum</strong></span> <span class='ocrx_word' id='word_1_113' title='bbox 1585 1631 1600 1659; x_wconf 94' lang='lat'>,</span> <span class='ocrx_word' id='word_1_114' title='bbox 1632 1601 1727 1645; x_wconf 90' lang='lat' dir='ltr'><strong>aut</strong></span> <span class='ocrx_word' id='word_1_115' title='bbox 1749 1602 1877 1645; x_wconf 89' lang='lat' dir='ltr'><strong>ante</strong></span> <span class='ocrx_word' id='word_1_116' title='bbox 1905 1587 2069 1668; x_wconf 82' lang='grc' dir='ltr'>θάψαι</span> 
     </span>
     <span class='ocr_line' id='line_1_18' title="bbox 511 1671 2066 1752; baseline 0.001 -16"><span class='ocrx_word' id='word_1_117' title='bbox 511 1671 838 1736; x_wconf 76' lang='lat' dir='ltr'><strong>addendum</strong></span> <span class='ocrx_word' id='word_1_118' title='bbox 859 1673 1075 1752; x_wconf 89' lang='grc' dir='ltr'>κομίσαι</span> <span class='ocrx_word' id='word_1_119' title='bbox 1090 1676 1159 1741; x_wconf 82' lang='grc' dir='ltr'><strong>εἷς</strong></span> <span class='ocrx_word' id='word_1_120' title='bbox 1177 1672 1390 1745; x_wconf 77' lang='grc' dir='ltr'>Ἀθήνας</span> <span class='ocrx_word' id='word_1_121' title='bbox 1405 1678 1617 1732; x_wconf 87' lang='lat' dir='ltr'><strong>censuit</strong></span> <span class='ocrx_word' id='word_1_122' title='bbox 1629 1678 1903 1734; x_wconf 83' lang='lat' dir='ltr'><strong>Frankius</strong></span> <span class='ocrx_word' id='word_1_123' title='bbox 1917 1680 2066 1738; x_wconf 78' lang='lat' dir='ltr'><strong>Anu.</strong></span> 
     </span>
     <span class='ocr_line' id='line_1_19' title="bbox 508 1763 2064 1843; baseline -0.001 -21"><span class='ocrx_word' id='word_1_124' title='bbox 508 1768 649 1843; x_wconf 84' lang='lat' dir='ltr'><strong>phil.</strong></span> <span class='ocrx_word' id='word_1_125' title='bbox 681 1785 781 1837; x_wconf 71' lang='grc' dir='ltr'>ια,</span> <span class='ocrx_word' id='word_1_126' title='bbox 806 1784 862 1840; x_wconf 91' lang='lat' dir='ltr'><strong>p.</strong></span> <span class='ocrx_word' id='word_1_127' title='bbox 894 1765 1030 1821; x_wconf 73' lang='lat'><strong>231.</strong></span> <span class='ocrx_word' id='word_1_128' title='bbox 1064 1790 1088 1813; x_wconf 76' lang='grc' dir='ltr'>υ</span> <span class='ocrx_word' id='word_1_129' title='bbox 1127 1766 1620 1824; x_wconf 79' lang='lat' dir='ltr'><strong>Westermann.in</strong></span> <span class='ocrx_word' id='word_1_130' title='bbox 1638 1765 1816 1843; x_wconf 89' lang='grc' dir='ltr'>Βιογρ.</span> <span class='ocrx_word' id='word_1_131' title='bbox 1839 1783 1901 1839; x_wconf 88' lang='lat' dir='ltr'><strong>p.</strong></span> <span class='ocrx_word' id='word_1_132' title='bbox 1929 1763 2064 1821; x_wconf 82' lang='lat'><strong>313.</strong></span> 
     </span>
     <span class='ocr_line' id='line_1_20' title="bbox 510 1849 2067 1931; baseline -0.003 -20"><span class='ocrx_word' id='word_1_133' title='bbox 510 1849 901 1931; x_wconf 87' lang='grc' dir='ltr'>-Διόδωρος]</span> <span class='ocrx_word' id='word_1_134' title='bbox 944 1851 1248 1912; x_wconf 83' lang='lat' dir='ltr'><strong>Ruhnken.</strong></span> <span class='ocrx_word' id='word_1_135' title='bbox 1290 1853 1436 1926; x_wconf 73' lang='lat' dir='ltr'><strong>Hist.</strong></span> <span class='ocrx_word' id='word_1_136' title='bbox 1466 1853 1587 1908; x_wconf 85' lang='lat' dir='ltr'><strong>crit.</strong></span> <span class='ocrx_word' id='word_1_137' title='bbox 1618 1871 1705 1909; x_wconf 88' lang='lat' dir='ltr'><strong>or.</strong></span> <span class='ocrx_word' id='word_1_138' title='bbox 1749 1871 1812 1926; x_wconf 89' lang='lat' dir='ltr'><strong>p.</strong></span> <span class='ocrx_word' id='word_1_139' title='bbox 1847 1850 1922 1907; x_wconf 87' lang='lat'><strong>86</strong></span> <span class='ocrx_word' id='word_1_140' title='bbox 1955 1870 2067 1925; x_wconf 89' lang='lat' dir='ltr'><strong>pro</strong></span> 
     </span>
     <span class='ocr_line' id='line_1_21' title="bbox 509 1937 2066 2021; baseline -0.001 -24"><span class='ocrx_word' id='word_1_141' title='bbox 509 1943 663 2019; x_wconf 77' lang='lat' dir='ltr'><strong>vulg.</strong></span> <span class='ocrx_word' id='word_1_142' title='bbox 716 1937 1048 2021; x_wconf 79' lang='grc' dir='ltr'>Ἡλιόδωρος.</span> <span class='ocrx_word' id='word_1_143' title='bbox 1090 1972 1173 1984; x_wconf 92' lang='grc'>-</span> <span class='ocrx_word' id='word_1_144' title='bbox 1217 1943 1351 2013; x_wconf 83' lang='lat' dir='ltr'><strong>Quae</strong></span> <span class='ocrx_word' id='word_1_145' title='bbox 1392 1950 1706 2014; x_wconf 87' lang='lat' dir='ltr'><strong>sequuntur</strong></span> <span class='ocrx_word' id='word_1_146' title='bbox 1752 1939 2066 2015; x_wconf 80' lang='lat' dir='ltr'><strong>fragmenta</strong></span> 
     </span>
     <span class='ocr_line' id='line_1_22' title="bbox 513 2024 2070 2112; baseline -0.003 -26"><span class='ocrx_word' id='word_1_147' title='bbox 513 2028 708 2107; x_wconf 80' lang='lat'>(3-5)</span> <span class='ocrx_word' id='word_1_148' title='bbox 761 2049 831 2086; x_wconf 81' lang='lat' dir='ltr'><strong>ex</strong></span> <span class='ocrx_word' id='word_1_149' title='bbox 853 2031 1055 2087; x_wconf 87' lang='lat' dir='ltr'><strong>eodem</strong></span> <span class='ocrx_word' id='word_1_150' title='bbox 1087 2024 1222 2110; x_wconf 80' lang='grc' dir='ltr'>Περὶ</span> <span class='ocrx_word' id='word_1_151' title='bbox 1246 2026 1537 2106; x_wconf 82' lang='grc' dir='ltr'>μνημάτων</span> <span class='ocrx_word' id='word_1_152' title='bbox 1565 2046 1738 2112; x_wconf 84' lang='lat' dir='ltr'><strong>opere</strong></span> <span class='ocrx_word' id='word_1_153' title='bbox 1760 2029 1933 2101; x_wconf 85' lang='lat' dir='ltr'><strong>petita</strong></span> <span class='ocrx_word' id='word_1_154' title='bbox 1956 2044 2070 2082; x_wconf 88' lang='lat' dir='ltr'><strong>esse</strong></span> 
     </span>
     <span class='ocr_line' id='line_1_23' title="bbox 512 2137 1221 2175; baseline -0.011 0"><span class='ocrx_word' id='word_1_155' title='bbox 512 2137 731 2175; x_wconf 87' lang='lat' dir='ltr'><strong>censeo.</strong></span> <span class='ocrx_word' id='word_1_156' title='bbox 1207 2161 1221 2174; x_wconf 85' lang='grc'><strong>,</strong></span> 
     </span>
    </p>

    <p class='ocr_par' dir='ltr' id='par_1_10' title="bbox 1259 2230 1317 2289">
     <span class='ocr_line' id='line_1_24' title="bbox 1259 2230 1317 2289; baseline 0.052 -3"><span class='ocrx_word' id='word_1_157' title='bbox 1259 2230 1317 2289; x_wconf 83' lang='grc'>3.</span> 
     </span>
    </p>

    <p class='ocr_par' dir='ltr' id='par_1_11' title="bbox 464 2331 2073 2944">
     <span class='ocr_line' id='line_1_25' title="bbox 591 2331 2069 2406; baseline -0.005 -12"><span class='ocrx_word' id='word_1_158' title='bbox 591 2338 879 2394; x_wconf 78' lang='lat' dir='ltr'><strong>Plutarch.</strong></span> <span class='ocrx_word' id='word_1_159' title='bbox 906 2338 1069 2395; x_wconf 81' lang='lat' dir='ltr'><strong>Thes,</strong></span> <span class='ocrx_word' id='word_1_160' title='bbox 1104 2355 1156 2391; x_wconf 89' lang='lat' dir='ltr'><strong>c.</strong></span> <span class='ocrx_word' id='word_1_161' title='bbox 1196 2334 1269 2391; x_wconf 88' lang='grc'><strong>36</strong></span> <span class='ocrx_word' id='word_1_162' title='bbox 1306 2354 1318 2391; x_wconf 83' lang='lat'><em>=</em></span> <span class='ocrx_word' id='word_1_163' title='bbox 1351 2331 1555 2392; x_wconf 84' lang='grc' dir='ltr'>Θυσίαν</span> <span class='ocrx_word' id='word_1_164' title='bbox 1585 2331 1641 2391; x_wconf 81' lang='grc' dir='ltr'><strong>δὲ</strong></span> <span class='ocrx_word' id='word_1_165' title='bbox 1666 2335 1899 2390; x_wconf 71' lang='grc' dir='ltr'>ποιοῦσιν</span> <span class='ocrx_word' id='word_1_166' title='bbox 1927 2332 2069 2406; x_wconf 79' lang='grc' dir='ltr'>αὐτῷ</span> 
     </span>
     <span class='ocr_line' id='line_1_26' title="bbox 510 2409 2071 2503; baseline -0.005 -21"><span class='ocrx_word' id='word_1_167' title='bbox 510 2427 587 2503; x_wconf 81' lang='grc' dir='ltr'><strong>τῷ</strong></span> <span class='ocrx_word' id='word_1_168' title='bbox 602 2424 804 2502; x_wconf 81' lang='grc' dir='ltr'>Θησεῖ)</span> <span class='ocrx_word' id='word_1_169' title='bbox 826 2423 920 2494; x_wconf 74' lang='grc' dir='ltr'><strong>τὴν</strong></span> <span class='ocrx_word' id='word_1_170' title='bbox 942 2421 1192 2500; x_wconf 76' lang='grc' dir='ltr'>μεγίστην</span> <span class='ocrx_word' id='word_1_171' title='bbox 1217 2420 1373 2500; x_wconf 79' lang='grc' dir='ltr'>ὀγδόῃ</span> <span class='ocrx_word' id='word_1_172' title='bbox 1392 2422 1779 2500; x_wconf 81' lang='grc' dir='ltr'>Πυανεψιῶνος,</span> <span class='ocrx_word' id='word_1_173' title='bbox 1809 2409 1912 2495; x_wconf 64' lang='grc' dir='ltr'><strong>ἕνῇ</strong></span> <span class='ocrx_word' id='word_1_174' title='bbox 1936 2416 2071 2494; x_wconf 79' lang='grc' dir='ltr'>μετὰ</span> 
     </span>
     <span class='ocr_line' id='line_1_27' title="bbox 510 2504 2070 2588; baseline -0.005 -19"><span class='ocrx_word' id='word_1_175' title='bbox 510 2514 614 2570; x_wconf 81' lang='grc' dir='ltr'><strong>τῶν</strong></span> <span class='ocrx_word' id='word_1_176' title='bbox 648 2510 834 2581; x_wconf 77' lang='grc' dir='ltr'>ἠιθέων</span> <span class='ocrx_word' id='word_1_177' title='bbox 871 2511 931 2568; x_wconf 77' lang='grc' dir='ltr'>ἐκ</span> <span class='ocrx_word' id='word_1_178' title='bbox 960 2508 1175 2588; x_wconf 79' lang='grc' dir='ltr'>Κρήτης</span> <span class='ocrx_word' id='word_1_179' title='bbox 1213 2510 1517 2580; x_wconf 74' lang='grc' dir='ltr'>ἐπανῆλθεν.</span> <span class='ocrx_word' id='word_1_180' title='bbox 1562 2509 1642 2568; x_wconf 83' lang='grc' dir='ltr'><strong>Οὐ</strong></span> <span class='ocrx_word' id='word_1_181' title='bbox 1673 2506 1777 2583; x_wconf 77' lang='grc' dir='ltr'><strong>μὴν</strong></span> <span class='ocrx_word' id='word_1_182' title='bbox 1813 2507 1950 2564; x_wconf 78' lang='grc' dir='ltr'>ἀλλὰ</span> <span class='ocrx_word' id='word_1_183' title='bbox 1978 2504 2070 2562; x_wconf 83' lang='grc' dir='ltr'><strong>καὶ</strong></span> 
     </span>
     <span class='ocr_line' id='line_1_28' title="bbox 509 2592 2070 2676; baseline -0.005 -19"><span class='ocrx_word' id='word_1_184' title='bbox 509 2607 623 2665; x_wconf 83' lang='grc' dir='ltr'>ταῖς</span> <span class='ocrx_word' id='word_1_185' title='bbox 651 2598 832 2665; x_wconf 84' lang='grc' dir='ltr'>ἄλλαις</span> <span class='ocrx_word' id='word_1_186' title='bbox 859 2596 1062 2676; x_wconf 75' lang='grc' dir='ltr'>ὀγδόαις</span> <span class='ocrx_word' id='word_1_187' title='bbox 1095 2599 1316 2673; x_wconf 80' lang='grc' dir='ltr'>τιμῶσιν</span> <span class='ocrx_word' id='word_1_188' title='bbox 1346 2595 1528 2667; x_wconf 82' lang='grc' dir='ltr'>αὐτὸν,</span> <span class='ocrx_word' id='word_1_189' title='bbox 1562 2593 1595 2665; x_wconf 83' lang='grc' dir='ltr'>ἢ</span> <span class='ocrx_word' id='word_1_190' title='bbox 1642 2592 1727 2652; x_wconf 74' lang='grc' dir='ltr'>διὰ</span> <span class='ocrx_word' id='word_1_191' title='bbox 1763 2592 1822 2651; x_wconf 77' lang='grc' dir='ltr'><strong>τὸ</strong></span> <span class='ocrx_word' id='word_1_192' title='bbox 1865 2595 2070 2673; x_wconf 80' lang='grc' dir='ltr'>πρῶτον</span> 
     </span>
     <span class='ocr_line' id='line_1_29' title="bbox 511 2679 2068 2765; baseline -0.004 -21"><span class='ocrx_word' id='word_1_193' title='bbox 511 2687 572 2744; x_wconf 75' lang='grc' dir='ltr'>ἐκ</span> <span class='ocrx_word' id='word_1_194' title='bbox 595 2688 875 2763; x_wconf 78' lang='grc' dir='ltr'>Τροιζῆνος</span> <span class='ocrx_word' id='word_1_195' title='bbox 897 2683 1173 2765; x_wconf 65' lang='grc' dir='ltr'>ἀφικέσθαι</span> <span class='ocrx_word' id='word_1_196' title='bbox 1200 2687 1266 2759; x_wconf 82' lang='grc' dir='ltr'><strong>τῇ</strong></span> <span class='ocrx_word' id='word_1_197' title='bbox 1287 2682 1449 2761; x_wconf 67' lang='grc' dir='ltr'>ὀγδόη</span> <span class='ocrx_word' id='word_1_198' title='bbox 1466 2687 1557 2740; x_wconf 72' lang='grc' dir='ltr'><strong>τοῦ</strong></span> <span class='ocrx_word' id='word_1_199' title='bbox 1580 2679 2068 2756; x_wconf 69' lang='grc' dir='ltr'>Ἐκατομὸαιῶνος,</span> 
     </span>
     <span class='ocr_line' id='line_1_30' title="bbox 514 2766 2073 2851; baseline -0.004 -20"><span class='ocrx_word' id='word_1_200' title='bbox 514 2777 585 2839; x_wconf 80' lang='grc' dir='ltr'>ὣς</span> <span class='ocrx_word' id='word_1_201' title='bbox 610 2773 850 2851; x_wconf 78' lang='grc' dir='ltr'>ἱστόρηκε</span> <span class='ocrx_word' id='word_1_202' title='bbox 879 2772 1133 2849; x_wconf 84' lang='grc' dir='ltr'>Διόδωρος</span> <span class='ocrx_word' id='word_1_203' title='bbox 1156 2774 1182 2827; x_wconf 79' lang='grc' dir='ltr'>ὁ</span> <span class='ocrx_word' id='word_1_204' title='bbox 1210 2768 1555 2849; x_wconf 77' lang='grc' dir='ltr'>περιηγητής·</span> <span class='ocrx_word' id='word_1_205' title='bbox 1578 2767 1613 2840; x_wconf 78' lang='grc' dir='ltr'>ἢ</span> <span class='ocrx_word' id='word_1_206' title='bbox 1643 2767 1932 2844; x_wconf 85' lang='grc' dir='ltr'>νομίζοντες</span> <span class='ocrx_word' id='word_1_207' title='bbox 1960 2766 2073 2824; x_wconf 76' lang='grc' dir='ltr'>ἑτέ-</span> 
     </span>
     <span class='ocr_line' id='line_1_31' title="bbox 464 2855 2065 2944; baseline -0.004 -27"><span class='ocrx_word' id='word_1_208' title='bbox 464 2937 468 2944; x_wconf 15' lang='grc' dir='ltr'><strong><em>ἡ</em></strong></span> <span class='ocrx_word' id='word_1_209' title='bbox 516 2883 604 2939; x_wconf 88' lang='grc' dir='ltr'><strong>ρου</strong></span> <span class='ocrx_word' id='word_1_210' title='bbox 631 2862 830 2937; x_wconf 72' lang='grc' dir='ltr'>μᾶλλον</span> <span class='ocrx_word' id='word_1_211' title='bbox 852 2857 1030 2937; x_wconf 69' lang='grc' dir='ltr'>ἐκείνῳ</span> <span class='ocrx_word' id='word_1_212' title='bbox 1053 2857 1334 2937; x_wconf 78' lang='grc' dir='ltr'>προσήκειν</span> <span class='ocrx_word' id='word_1_213' title='bbox 1371 2855 1458 2914; x_wconf 80' lang='grc' dir='ltr'><strong>τὸν</strong></span> <span class='ocrx_word' id='word_1_214' title='bbox 1490 2856 1706 2936; x_wconf 82' lang='grc' dir='ltr'>ἀριθμὸν</span> <span class='ocrx_word' id='word_1_215' title='bbox 1733 2859 1911 2913; x_wconf 74' lang='grc' dir='ltr'>τοῦτον</span> <span class='ocrx_word' id='word_1_216' title='bbox 1946 2856 2065 2912; x_wconf 88' lang='grc' dir='ltr'>κτλ.</span> 
     </span>
    </p>
   </div>
   <div class='ocr_carea' id='block_1_9' title="bbox 1260 2970 1315 3030">
    <p class='ocr_par' dir='ltr' id='par_1_12' title="bbox 1260 2970 1315 3030">
     <span class='ocr_line' id='line_1_32' title="bbox 1260 2970 1315 3030; baseline 0 -12"><span class='ocrx_word' id='word_1_217' title='bbox 1260 2970 1315 3030; x_wconf 77' lang='grc' dir='ltr'>ι..</span> 
     </span>
    </p>
   </div>
   <div class='ocr_carea' id='block_1_10' title="bbox 515 3055 2077 3759">
    <p class='ocr_par' dir='ltr' id='par_1_13' title="bbox 515 3055 2077 3759">
     <span class='ocr_line' id='line_1_33' title="bbox 593 3055 2073 3144; baseline -0.005 -15"><span class='ocrx_word' id='word_1_218' title='bbox 593 3071 877 3129; x_wconf 82' lang='lat' dir='ltr'><strong>Plutarch.</strong></span> <span class='ocrx_word' id='word_1_219' title='bbox 903 3071 1124 3128; x_wconf 86' lang='lat' dir='ltr'><strong>Cimon.</strong></span> <span class='ocrx_word' id='word_1_220' title='bbox 1171 3089 1222 3126; x_wconf 89' lang='lat' dir='ltr'><strong>c.</strong></span> <span class='ocrx_word' id='word_1_221' title='bbox 1267 3069 1335 3126; x_wconf 84' lang='lat'><strong>16</strong></span> <span class='ocrx_word' id='word_1_222' title='bbox 1365 3086 1381 3127; x_wconf 71' lang='grc' dir='ltr'>ι</span> <span class='ocrx_word' id='word_1_223' title='bbox 1410 3057 1518 3126; x_wconf 54' lang='grc' dir='ltr'><strong>ςἨν</strong></span> <span class='ocrx_word' id='word_1_224' title='bbox 1550 3065 1642 3142; x_wconf 81' lang='grc' dir='ltr'><strong>μὲν</strong></span> <span class='ocrx_word' id='word_1_225' title='bbox 1671 3055 1758 3125; x_wconf 73' lang='grc' dir='ltr'><strong>οῧν</strong></span> <span class='ocrx_word' id='word_1_226' title='bbox 1789 3066 1882 3123; x_wconf 79' lang='grc' dir='ltr'>ἀπ’</span> <span class='ocrx_word' id='word_1_227' title='bbox 1908 3067 2073 3144; x_wconf 78' lang='grc' dir='ltr'>ἀρχῆς</span> 
     </span>
     <span class='ocr_line' id='line_1_34' title="bbox 517 3150 2071 3237; baseline -0.003 -25"><span class='ocrx_word' id='word_1_228' title='bbox 517 3153 810 3237; x_wconf 74' lang='grc' dir='ltr'>φιλολάκων</span> <span class='ocrx_word' id='word_1_229' title='bbox 825 3176 838 3190; x_wconf 86' lang='grc'><em>·</em></span> <span class='ocrx_word' id='word_1_230' title='bbox 857 3153 948 3213; x_wconf 80' lang='grc' dir='ltr'><strong>καὶ</strong></span> <span class='ocrx_word' id='word_1_231' title='bbox 974 3158 1074 3212; x_wconf 82' lang='grc' dir='ltr'><strong>τῶν</strong></span> <span class='ocrx_word' id='word_1_232' title='bbox 1102 3177 1159 3232; x_wconf 91' lang='grc' dir='ltr'>γε</span> <span class='ocrx_word' id='word_1_233' title='bbox 1182 3152 1381 3212; x_wconf 79' lang='grc' dir='ltr'>παίδων</span> <span class='ocrx_word' id='word_1_234' title='bbox 1404 3156 1505 3211; x_wconf 80' lang='grc' dir='ltr'><strong>τῶν</strong></span> <span class='ocrx_word' id='word_1_235' title='bbox 1529 3150 1755 3229; x_wconf 82' lang='grc' dir='ltr'>διδύμων</span> <span class='ocrx_word' id='word_1_236' title='bbox 1788 3150 1875 3209; x_wconf 81' lang='grc' dir='ltr'><strong>τὸν</strong></span> <span class='ocrx_word' id='word_1_237' title='bbox 1898 3150 2071 3231; x_wconf 79' lang='grc' dir='ltr'>ἕτερον</span> 
     </span>
     <span class='ocr_line' id='line_1_35' title="bbox 518 3237 2067 3321; baseline -0.005 -18"><span class='ocrx_word' id='word_1_238' title='bbox 518 3241 929 3318; x_wconf 86' lang='grc' dir='ltr'>Λακεδαιμόνιον</span> <span class='ocrx_word' id='word_1_239' title='bbox 957 3242 1226 3319; x_wconf 81' lang='grc' dir='ltr'>ὠνόμασε,</span> <span class='ocrx_word' id='word_1_240' title='bbox 1245 3238 1331 3301; x_wconf 74' lang='grc' dir='ltr'><strong>τὸν</strong></span> <span class='ocrx_word' id='word_1_241' title='bbox 1354 3242 1399 3299; x_wconf 89' lang='grc' dir='ltr'><strong>δ’</strong></span> <span class='ocrx_word' id='word_1_242' title='bbox 1421 3237 1589 3321; x_wconf 79' lang='grc' dir='ltr'>ἕτερον</span> <span class='ocrx_word' id='word_1_243' title='bbox 1624 3238 1830 3299; x_wconf 81' lang='grc' dir='ltr'>Ἠλεῖον</span> <span class='ocrx_word' id='word_1_244' title='bbox 1849 3284 1866 3314; x_wconf 81' lang='lat'>,</span> <span class='ocrx_word' id='word_1_245' title='bbox 1890 3241 1949 3297; x_wconf 83' lang='grc' dir='ltr'>ἐκ</span> <span class='ocrx_word' id='word_1_246' title='bbox 1977 3262 2067 3315; x_wconf 89' lang='grc' dir='ltr'>γυ-</span> 
     </span>
     <span class='ocr_line' id='line_1_36' title="bbox 516 3324 2075 3409; baseline -0.003 -22"><span class='ocrx_word' id='word_1_247' title='bbox 516 3329 690 3396; x_wconf 85' lang='grc' dir='ltr'>ναικὸς</span> <span class='ocrx_word' id='word_1_248' title='bbox 714 3330 855 3409; x_wconf 80' lang='grc' dir='ltr'>αὐτῷ</span> <span class='ocrx_word' id='word_1_249' title='bbox 887 3328 1195 3406; x_wconf 73' lang='grc' dir='ltr'>Κλειτορίας</span> <span class='ocrx_word' id='word_1_250' title='bbox 1224 3327 1555 3408; x_wconf 85' lang='grc' dir='ltr'>γενομένους,</span> <span class='ocrx_word' id='word_1_251' title='bbox 1583 3330 1652 3393; x_wconf 80' lang='grc' dir='ltr'>ὡς</span> <span class='ocrx_word' id='word_1_252' title='bbox 1680 3324 2075 3406; x_wconf 75' lang='grc' dir='ltr'>Στησίμὸροτος</span> 
     </span>
     <span class='ocr_line' id='line_1_37' title="bbox 515 3415 2076 3498; baseline -0.004 -23"><span class='ocrx_word' id='word_1_253' title='bbox 515 3420 733 3498; x_wconf 75' lang='grc' dir='ltr'>ἱστορεῖ·</span> <span class='ocrx_word' id='word_1_254' title='bbox 768 3416 844 3474; x_wconf 75' lang='grc' dir='ltr'>διὸ</span> <span class='ocrx_word' id='word_1_255' title='bbox 866 3417 1117 3483; x_wconf 85' lang='grc' dir='ltr'>πολλάκις</span> <span class='ocrx_word' id='word_1_256' title='bbox 1135 3419 1221 3475; x_wconf 80' lang='grc' dir='ltr'><strong>τὸν</strong></span> <span class='ocrx_word' id='word_1_257' title='bbox 1242 3415 1506 3496; x_wconf 86' lang='grc' dir='ltr'>Περικλέα</span> <span class='ocrx_word' id='word_1_258' title='bbox 1537 3415 1597 3474; x_wconf 81' lang='grc' dir='ltr'><strong>τὸ</strong></span> <span class='ocrx_word' id='word_1_259' title='bbox 1629 3417 1868 3494; x_wconf 80' lang='grc' dir='ltr'>μητρῷον</span> <span class='ocrx_word' id='word_1_260' title='bbox 1903 3415 2076 3479; x_wconf 86' lang='grc' dir='ltr'>αὐτοῖς</span> 
     </span>
     <span class='ocr_line' id='line_1_38' title="bbox 517 3500 2075 3586; baseline -0.002 -24"><span class='ocrx_word' id='word_1_261' title='bbox 517 3503 661 3582; x_wconf 83' lang='grc' dir='ltr'>γένος</span> <span class='ocrx_word' id='word_1_262' title='bbox 689 3503 965 3574; x_wconf 82' lang='grc' dir='ltr'>ὀνειδίζειν.</span> <span class='ocrx_word' id='word_1_263' title='bbox 993 3504 1249 3586; x_wconf 84' lang='grc' dir='ltr'>Διόδωρος</span> <span class='ocrx_word' id='word_1_264' title='bbox 1270 3506 1315 3562; x_wconf 80' lang='grc' dir='ltr'><strong>δ’</strong></span> <span class='ocrx_word' id='word_1_265' title='bbox 1337 3508 1364 3562; x_wconf 86' lang='grc' dir='ltr'>ὁ</span> <span class='ocrx_word' id='word_1_266' title='bbox 1385 3502 1719 3583; x_wconf 79' lang='grc' dir='ltr'>Περιηγητὴς</span> <span class='ocrx_word' id='word_1_267' title='bbox 1746 3502 1837 3561; x_wconf 78' lang='grc' dir='ltr'><strong>καὶ</strong></span> <span class='ocrx_word' id='word_1_268' title='bbox 1866 3500 2075 3567; x_wconf 80' lang='grc' dir='ltr'>τούτους</span> 
     </span>
     <span class='ocr_line' id='line_1_39' title="bbox 519 3586 2077 3672; baseline -0.003 -23"><span class='ocrx_word' id='word_1_269' title='bbox 519 3591 648 3672; x_wconf 77' lang='grc' dir='ltr'>φησὶ</span> <span class='ocrx_word' id='word_1_270' title='bbox 675 3591 764 3651; x_wconf 79' lang='grc' dir='ltr'><strong>καὶ</strong></span> <span class='ocrx_word' id='word_1_271' title='bbox 799 3591 885 3651; x_wconf 72' lang='grc' dir='ltr'><strong>τὸν</strong></span> <span class='ocrx_word' id='word_1_272' title='bbox 927 3592 1096 3671; x_wconf 87' lang='grc' dir='ltr'>τρίτον</span> <span class='ocrx_word' id='word_1_273' title='bbox 1132 3597 1234 3651; x_wconf 81' lang='grc' dir='ltr'><strong>τῶν</strong></span> <span class='ocrx_word' id='word_1_274' title='bbox 1282 3592 1522 3669; x_wconf 84' lang='grc' dir='ltr'>Κίμωνος</span> <span class='ocrx_word' id='word_1_275' title='bbox 1551 3594 1671 3649; x_wconf 79' lang='grc' dir='ltr'>υἱῶν</span> <span class='ocrx_word' id='word_1_276' title='bbox 1713 3590 1987 3651; x_wconf 85' lang='grc' dir='ltr'>Θεσσαλὸν</span> <span class='ocrx_word' id='word_1_277' title='bbox 2025 3586 2077 3656; x_wconf 81' lang='grc' dir='ltr'><strong>ἐξ</strong></span> 
     </span>
     <span class='ocr_line' id='line_1_40' title="bbox 520 3674 2073 3759; baseline -0.005 -21"><span class='ocrx_word' id='word_1_278' title='bbox 520 3679 772 3750; x_wconf 84' lang='grc' dir='ltr'>Ἰσοδίκης</span> <span class='ocrx_word' id='word_1_279' title='bbox 790 3683 1051 3759; x_wconf 81' lang='grc' dir='ltr'>γεγονέναι</span> <span class='ocrx_word' id='word_1_280' title='bbox 1070 3686 1162 3752; x_wconf 71' lang='grc' dir='ltr'><strong>τῆς</strong></span> <span class='ocrx_word' id='word_1_281' title='bbox 1183 3679 1583 3758; x_wconf 81' lang='grc' dir='ltr'>Εὐρυπτολέμου</span> <span class='ocrx_word' id='word_1_282' title='bbox 1603 3684 1694 3736; x_wconf 79' lang='grc' dir='ltr'><strong>τοῦ</strong></span> <span class='ocrx_word' id='word_1_283' title='bbox 1721 3674 2073 3756; x_wconf 83' lang='grc' dir='ltr'>Μεγακλέους.</span> 
     </span>
    </p>
   </div>
   <div class='ocr_carea' id='block_1_11' title="bbox 600 3768 2108 3855">
    <p class='ocr_par' dir='ltr' id='par_1_14' title="bbox 600 3768 2108 3855">
     <span class='ocr_line' id='line_1_41' title="bbox 600 3768 2108 3855; baseline -0.003 -30"><span class='ocrx_word' id='word_1_284' title='bbox 600 3768 730 3825; x_wconf 83' lang='lat' dir='ltr'><strong>llaec</strong></span> <span class='ocrx_word' id='word_1_285' title='bbox 746 3787 815 3824; x_wconf 89' lang='lat' dir='ltr'><strong>eo</strong></span> <span class='ocrx_word' id='word_1_286' title='bbox 832 3770 961 3826; x_wconf 88' lang='lat' dir='ltr'><strong>loco</strong></span> <span class='ocrx_word' id='word_1_287' title='bbox 974 3770 1264 3827; x_wconf 83' lang='lat' dir='ltr'><strong>Diodorus</strong></span> <span class='ocrx_word' id='word_1_288' title='bbox 1279 3770 1627 3845; x_wconf 88' lang='lat' dir='ltr'><strong>exposuerit,</strong></span> <span class='ocrx_word' id='word_1_289' title='bbox 1646 3788 1761 3843; x_wconf 91' lang='lat' dir='ltr'><strong>quo</strong></span> <span class='ocrx_word' id='word_1_290' title='bbox 1791 3769 1863 3824; x_wconf 88' lang='lat' dir='ltr'><strong>de</strong></span> <span class='ocrx_word' id='word_1_291' title='bbox 1889 3768 2075 3841; x_wconf 83' lang='grc' dir='ltr'>Κιμω-</span> <span class='ocrx_word' id='word_1_292' title='bbox 2101 3850 2108 3855; x_wconf 31' lang='lat'><strong><em>¹</em></strong></span> 
     </span>
    </p>
   </div>
   <div class='ocr_carea' id='block_1_12' title="bbox 1267 3942 1299 3991">
    <p class='ocr_par' dir='ltr' id='par_1_15' title="bbox 1267 3942 1299 3991">
     <span class='ocr_line' id='line_1_42' title="bbox 1267 3942 1299 3991; baseline 0 0"><span class='ocrx_word' id='word_1_293' title='bbox 1267 3942 1299 3991; x_wconf 81' lang='lat'><strong>2</strong></span> 
     </span>
    </p>
   </div>
   <div class='ocr_carea' id='block_1_13' title="bbox 954 4042 1616 4103">
    <p class='ocr_par' dir='ltr' id='par_1_16' title="bbox 954 4042 1616 4103">
     <span class='ocr_line' id='line_1_43' title="bbox 954 4042 1616 4103; baseline -0.005 0"><span class='ocrx_word' id='word_1_294' title='bbox 954 4042 1003 4103; x_wconf 83' lang='lat' dir='ltr'>E</span> <span class='ocrx_word' id='word_1_295' title='bbox 1046 4042 1275 4101; x_wconf 85' lang='lat' dir='ltr'><strong>LIBRO</strong></span> <span class='ocrx_word' id='word_1_296' title='bbox 1315 4042 1616 4101; x_wconf 81' lang='lat' dir='ltr'><strong>TERTIO.</strong></span> 
     </span>
    </p>
   </div>
   <div class='ocr_carea' id='block_1_14' title="bbox 519 4149 2082 5129">
    <p class='ocr_par' dir='ltr' id='par_1_17' title="bbox 519 4149 2081 4510">
     <span class='ocr_line' id='line_1_44' title="bbox 519 4149 2078 4218; baseline -0.002 -17"><span class='ocrx_word' id='word_1_297' title='bbox 519 4154 528 4167; x_wconf 80' lang='grc'><strong>’</strong></span> <span class='ocrx_word' id='word_1_298' title='bbox 583 4150 674 4201; x_wconf 78' lang='lat' dir='ltr'><strong>Alii</strong></span> <span class='ocrx_word' id='word_1_299' title='bbox 683 4150 810 4218; x_wconf 74' lang='lat' dir='ltr'><strong>apud</strong></span> <span class='ocrx_word' id='word_1_300' title='bbox 824 4151 1025 4201; x_wconf 75' lang='lat' dir='ltr'><strong>Cleonas</strong></span> <span class='ocrx_word' id='word_1_301' title='bbox 1036 4150 1321 4215; x_wconf 78' lang='lat' dir='ltr'><strong>Hyperidem</strong></span> <span class='ocrx_word' id='word_1_302' title='bbox 1332 4152 1483 4213; x_wconf 76' lang='lat' dir='ltr'><strong>aiunt,</strong></span> <span class='ocrx_word' id='word_1_303' title='bbox 1497 4164 1555 4201; x_wconf 86' lang='lat' dir='ltr'><strong>eo</strong></span> <span class='ocrx_word' id='word_1_304' title='bbox 1564 4165 1674 4200; x_wconf 85' lang='lat' dir='ltr'><strong>cum</strong></span> <span class='ocrx_word' id='word_1_305' title='bbox 1686 4152 1790 4200; x_wconf 85' lang='lat' dir='ltr'><strong>aliis</strong></span> <span class='ocrx_word' id='word_1_306' title='bbox 1799 4149 2078 4209; x_wconf 78' lang='lat' dir='ltr'><strong>abductum,</strong></span> 
     </span>
     <span class='ocr_line' id='line_1_45' title="bbox 521 4227 2081 4292; baseline -0.001 -15"><span class='ocrx_word' id='word_1_307' title='bbox 521 4227 683 4291; x_wconf 80' lang='lat' dir='ltr'><strong>lingua</strong></span> <span class='ocrx_word' id='word_1_308' title='bbox 696 4231 972 4279; x_wconf 80' lang='lat' dir='ltr'><strong>truncatum</strong></span> <span class='ocrx_word' id='word_1_309' title='bbox 982 4229 1192 4292; x_wconf 85' lang='lat' dir='ltr'><strong>periisse,</strong></span> <span class='ocrx_word' id='word_1_310' title='bbox 1204 4243 1260 4278; x_wconf 83' lang='lat' dir='ltr'><strong>eo</strong></span> <span class='ocrx_word' id='word_1_311' title='bbox 1271 4242 1368 4291; x_wconf 91' lang='lat' dir='ltr'><strong>quo</strong></span> <span class='ocrx_word' id='word_1_312' title='bbox 1385 4229 1568 4279; x_wconf 86' lang='lat' dir='ltr'><strong>dietum</strong></span> <span class='ocrx_word' id='word_1_313' title='bbox 1583 4230 1655 4279; x_wconf 68' lang='lat' dir='ltr'><strong>est</strong></span> <span class='ocrx_word' id='word_1_314' title='bbox 1665 4227 1809 4277; x_wconf 88' lang='lat' dir='ltr'><strong>modo</strong></span> <span class='ocrx_word' id='word_1_315' title='bbox 1827 4242 1838 4274; x_wconf 76' lang='grc' dir='ltr'>ε</span> <span class='ocrx_word' id='word_1_316' title='bbox 1856 4230 2081 4289; x_wconf 80' lang='lat' dir='ltr'><strong>cognatos</strong></span> 
     </span>
     <span class='ocr_line' id='line_1_46' title="bbox 524 4304 2077 4367; baseline -0.001 -14"><span class='ocrx_word' id='word_1_317' title='bbox 524 4309 685 4354; x_wconf 83' lang='lat' dir='ltr'><strong>autem</strong></span> <span class='ocrx_word' id='word_1_318' title='bbox 719 4318 826 4355; x_wconf 83' lang='lat' dir='ltr'><strong>ossa</strong></span> <span class='ocrx_word' id='word_1_319' title='bbox 856 4306 1132 4363; x_wconf 82' lang='lat' dir='ltr'><strong>abstulisse,</strong></span> <span class='ocrx_word' id='word_1_320' title='bbox 1166 4310 1313 4367; x_wconf 85' lang='lat' dir='ltr'><strong>atque</strong></span> <span class='ocrx_word' id='word_1_321' title='bbox 1343 4305 1615 4356; x_wconf 80' lang='lat' dir='ltr'><strong>humavisse</strong></span> <span class='ocrx_word' id='word_1_322' title='bbox 1645 4304 1787 4367; x_wconf 80' lang='lat' dir='ltr'><strong>juxta</strong></span> <span class='ocrx_word' id='word_1_323' title='bbox 1826 4308 2077 4367; x_wconf 81' lang='lat' dir='ltr'><strong>parentum</strong></span> 
     </span>
     <span class='ocr_line' id='line_1_47' title="bbox 523 4380 2080 4447; baseline -0.001 -15"><span class='ocrx_word' id='word_1_324' title='bbox 523 4380 778 4445; x_wconf 73' lang='lat' dir='ltr'><strong>reliquias,</strong></span> <span class='ocrx_word' id='word_1_325' title='bbox 800 4385 913 4433; x_wconf 83' lang='lat' dir='ltr'><strong>ante</strong></span> <span class='ocrx_word' id='word_1_326' title='bbox 930 4385 1118 4447; x_wconf 78' lang='lat' dir='ltr'><strong>portam</strong></span> <span class='ocrx_word' id='word_1_327' title='bbox 1153 4382 1417 4446; x_wconf 84' lang='lat' dir='ltr'><strong>Hippadem</strong></span> <span class='ocrx_word' id='word_1_328' title='bbox 1446 4383 1551 4433; x_wconf 80' lang='lat' dir='ltr'><strong>sive</strong></span> <span class='ocrx_word' id='word_1_329' title='bbox 1580 4385 1852 4446; x_wconf 59' lang='lat' dir='ltr'><strong>equestrem</strong></span> <span class='ocrx_word' id='word_1_330' title='bbox 1873 4385 2080 4432; x_wconf 83' lang='lat' dir='ltr'><strong>:auctor</strong></span> 
     </span>
     <span class='ocr_line' id='line_1_48' title="bbox 525 4457 1544 4510; baseline 0.001 -2"><span class='ocrx_word' id='word_1_331' title='bbox 525 4457 764 4509; x_wconf 84' lang='lat' dir='ltr'><strong>Diodorus</strong></span> <span class='ocrx_word' id='word_1_332' title='bbox 797 4457 921 4509; x_wconf 84' lang='lat' dir='ltr'><strong>libro</strong></span> <span class='ocrx_word' id='word_1_333' title='bbox 945 4463 1016 4510; x_wconf 87' lang='lat' dir='ltr'><strong>De</strong></span> <span class='ocrx_word' id='word_1_334' title='bbox 1037 4460 1361 4510; x_wconf 82' lang='lat' dir='ltr'><strong>monumentis</strong></span> <span class='ocrx_word' id='word_1_335' title='bbox 1383 4461 1544 4510; x_wconf 87' lang='lat' dir='ltr'><strong>tertio.</strong></span> 
     </span>
    </p>

    <p class='ocr_par' dir='ltr' id='par_1_18' title="bbox 525 4623 2082 5129">
     <span class='ocr_line' id='line_1_49' title="bbox 585 4623 2082 4674; baseline 0.001 -3"><span class='ocrx_word' id='word_1_336' title='bbox 585 4624 783 4671; x_wconf 84' lang='lat' dir='ltr'><strong>Sacrum</strong></span> <span class='ocrx_word' id='word_1_337' title='bbox 820 4623 1088 4672; x_wconf 80' lang='lat' dir='ltr'><strong>maximum</strong></span> <span class='ocrx_word' id='word_1_338' title='bbox 1120 4624 1290 4673; x_wconf 80' lang='lat' dir='ltr'><strong>Thesei</strong></span> <span class='ocrx_word' id='word_1_339' title='bbox 1330 4624 1558 4674; x_wconf 82' lang='lat' dir='ltr'><strong>exhibent</strong></span> <span class='ocrx_word' id='word_1_340' title='bbox 1578 4626 1750 4673; x_wconf 80' lang='lat' dir='ltr'><strong>octavo</strong></span> <span class='ocrx_word' id='word_1_341' title='bbox 1791 4623 1869 4673; x_wconf 80' lang='lat' dir='ltr'><strong>die</strong></span> <span class='ocrx_word' id='word_1_342' title='bbox 1903 4623 2082 4672; x_wconf 83' lang='lat' dir='ltr'><strong>mensis</strong></span> 
     </span>
     <span class='ocr_line' id='line_1_50' title="bbox 528 4698 2081 4765; baseline 0.003 -20"><span class='ocrx_word' id='word_1_343' title='bbox 528 4698 887 4763; x_wconf 74' lang='lat' dir='ltr'><strong>Pyaneps&#39;ionis,</strong></span> <span class='ocrx_word' id='word_1_344' title='bbox 909 4713 1005 4762; x_wconf 89' lang='lat' dir='ltr'><strong>quo</strong></span> <span class='ocrx_word' id='word_1_345' title='bbox 1028 4714 1090 4750; x_wconf 81' lang='lat' dir='ltr'><strong>ex</strong></span> <span class='ocrx_word' id='word_1_346' title='bbox 1110 4703 1252 4751; x_wconf 85' lang='lat' dir='ltr'><strong>Creta</strong></span> <span class='ocrx_word' id='word_1_347' title='bbox 1279 4700 1419 4751; x_wconf 87' lang='lat' dir='ltr'><strong>rediit</strong></span> <span class='ocrx_word' id='word_1_348' title='bbox 1447 4714 1559 4763; x_wconf 77' lang='lat' dir='ltr'><strong>cum</strong></span> <span class='ocrx_word' id='word_1_349' title='bbox 1583 4700 1924 4765; x_wconf 80' lang='lat' dir='ltr'><strong>impuberibus.</strong></span> <span class='ocrx_word' id='word_1_350' title='bbox 1947 4702 2081 4751; x_wconf 80' lang='lat' dir='ltr'><strong>Atta·</strong></span> 
     </span>
     <span class='ocr_line' id='line_1_51' title="bbox 528 4773 2082 4842; baseline 0.004 -21"><span class='ocrx_word' id='word_1_351' title='bbox 528 4786 638 4823; x_wconf 84' lang='lat' dir='ltr'><strong>men</strong></span> <span class='ocrx_word' id='word_1_352' title='bbox 669 4773 873 4824; x_wconf 86' lang='lat' dir='ltr'><strong>aliorum</strong></span> <span class='ocrx_word' id='word_1_353' title='bbox 911 4779 1057 4826; x_wconf 84' lang='lat' dir='ltr'><strong>etiam</strong></span> <span class='ocrx_word' id='word_1_354' title='bbox 1093 4779 1329 4828; x_wconf 87' lang='lat' dir='ltr'><strong>mensium</strong></span> <span class='ocrx_word' id='word_1_355' title='bbox 1370 4782 1542 4828; x_wconf 82' lang='lat' dir='ltr'><strong>octavo</strong></span> <span class='ocrx_word' id='word_1_356' title='bbox 1567 4791 1762 4842; x_wconf 85' lang='lat' dir='ltr'><strong>quoque</strong></span> <span class='ocrx_word' id='word_1_357' title='bbox 1796 4776 1874 4827; x_wconf 89' lang='lat' dir='ltr'><strong>die</strong></span> <span class='ocrx_word' id='word_1_358' title='bbox 1914 4778 2082 4827; x_wconf 82' lang='lat' dir='ltr'><strong>colunt</strong></span> 
     </span>
     <span class='ocr_line' id='line_1_52' title="bbox 526 4850 2079 4917; baseline 0.004 -19"><span class='ocrx_word' id='word_1_359' title='bbox 526 4862 664 4913; x_wconf 79' lang='lat' dir='ltr'><strong>eum3</strong></span> <span class='ocrx_word' id='word_1_360' title='bbox 688 4850 766 4900; x_wconf 80' lang='lat' dir='ltr'><strong>vel</strong></span> <span class='ocrx_word' id='word_1_361' title='bbox 785 4852 914 4913; x_wconf 89' lang='lat' dir='ltr'><strong>quod</strong></span> <span class='ocrx_word' id='word_1_362' title='bbox 932 4854 1143 4917; x_wconf 87' lang='lat' dir='ltr'><strong>primum</strong></span> <span class='ocrx_word' id='word_1_363' title='bbox 1178 4868 1236 4904; x_wconf 83' lang='lat' dir='ltr'><strong>ex</strong></span> <span class='ocrx_word' id='word_1_364' title='bbox 1260 4859 1487 4906; x_wconf 65' lang='lat' dir='ltr'><strong>Troezene</strong></span> <span class='ocrx_word' id='word_1_365' title='bbox 1509 4859 1681 4906; x_wconf 76' lang='lat' dir='ltr'><strong>octavo</strong></span> <span class='ocrx_word' id='word_1_366' title='bbox 1718 4855 2079 4906; x_wconf 78' lang='lat' dir='ltr'><strong>Hecatombaeo·</strong></span> 
     </span>
     <span class='ocr_line' id='line_1_53' title="bbox 526 4927 2078 4998; baseline 0.005 -23"><span class='ocrx_word' id='word_1_367' title='bbox 526 4927 627 4988; x_wconf 83' lang='lat' dir='ltr'><strong>nis,</strong></span> <span class='ocrx_word' id='word_1_368' title='bbox 646 4928 703 4976; x_wconf 89' lang='lat' dir='ltr'><strong>ut</strong></span> <span class='ocrx_word' id='word_1_369' title='bbox 720 4929 964 4980; x_wconf 75' lang='lat' dir='ltr'><strong>memoriae</strong></span> <span class='ocrx_word' id='word_1_370' title='bbox 984 4930 1177 4981; x_wconf 80' lang='lat' dir='ltr'><strong>tradidit</strong></span> <span class='ocrx_word' id='word_1_371' title='bbox 1208 4933 1447 4985; x_wconf 88' lang='lat' dir='ltr'><strong>Diodorus</strong></span> <span class='ocrx_word' id='word_1_372' title='bbox 1469 4934 1755 4997; x_wconf 76' lang='lat' dir='ltr'><strong>periegetes,</strong></span> <span class='ocrx_word' id='word_1_373' title='bbox 1788 4933 2078 4998; x_wconf 86' lang='lat' dir='ltr'><strong>appulisset,</strong></span> 
     </span>
     <span class='ocr_line' id='line_1_54' title="bbox 525 5002 2080 5072; baseline 0.006 -21"><span class='ocrx_word' id='word_1_374' title='bbox 525 5003 601 5051; x_wconf 73' lang='lat' dir='ltr'><strong>vei</strong></span> <span class='ocrx_word' id='word_1_375' title='bbox 625 5002 759 5065; x_wconf 81' lang='lat' dir='ltr'><strong>quod</strong></span> <span class='ocrx_word' id='word_1_376' title='bbox 783 5003 843 5053; x_wconf 76' lang='lat' dir='ltr'><strong>ad</strong></span> <span class='ocrx_word' id='word_1_377' title='bbox 871 5005 1006 5056; x_wconf 85' lang='lat' dir='ltr'><strong>illum</strong></span> <span class='ocrx_word' id='word_1_378' title='bbox 1042 5010 1282 5072; x_wconf 66' lang='lat' dir='ltr'><strong>praecipue</strong></span> <span class='ocrx_word' id='word_1_379' title='bbox 1316 5010 1571 5061; x_wconf 79' lang='lat' dir='ltr'><strong>convenire</strong></span> <span class='ocrx_word' id='word_1_380' title='bbox 1593 5012 1919 5061; x_wconf 82' lang='lat' dir='ltr'><strong>existimarent</strong></span> <span class='ocrx_word' id='word_1_381' title='bbox 1947 5011 2080 5061; x_wconf 83' lang='lat' dir='ltr'><strong>hunc</strong></span> 
     </span>
     <span class='ocr_line' id='line_1_55' title="bbox 525 5091 798 5129; baseline 0.004 -1"><span class='ocrx_word' id='word_1_382' title='bbox 525 5091 798 5129; x_wconf 85' lang='lat' dir='ltr'><strong>numerum.</strong></span> 
     </span>
    </p>
   </div>
   <div class='ocr_carea' id='block_1_15' title="bbox 587 5171 2078 5306">
    <p class='ocr_par' dir='ltr' id='par_1_19' title="bbox 587 5171 2078 5306">
     <span class='ocr_line' id='line_1_56' title="bbox 587 5171 2078 5306; baseline 0.007 -13"><span class='ocrx_word' id='word_1_383' title='bbox 587 5241 700 5293; x_wconf 82' lang='lat' dir='ltr'><strong>Fuit</strong></span> <span class='ocrx_word' id='word_1_384' title='bbox 717 5243 886 5294; x_wconf 85' lang='lat' dir='ltr'><strong>Cimon</strong></span> <span class='ocrx_word' id='word_1_385' title='bbox 902 5245 1001 5306; x_wconf 77' lang='lat' dir='ltr'><strong>iam</strong></span> <span class='ocrx_word' id='word_1_386' title='bbox 1022 5247 1128 5297; x_wconf 84' lang='lat' dir='ltr'><strong>inde</strong></span> <span class='ocrx_word' id='word_1_387' title='bbox 1146 5248 1207 5297; x_wconf 81' lang='lat' dir='ltr'><strong>ab</strong></span> <span class='ocrx_word' id='word_1_388' title='bbox 1236 5171 1370 5300; x_wconf 35' lang='lat' dir='ltr'><strong>initio</strong></span> <span class='ocrx_word' id='word_1_389' title='bbox 1393 5250 1864 5303; x_wconf 81' lang='lat' dir='ltr'><strong>Lacedaemoniorum</strong></span> <span class='ocrx_word' id='word_1_390' title='bbox 1894 5253 2078 5304; x_wconf 86' lang='lat' dir='ltr'><strong>studio-</strong></span> 
     </span>
    </p>
   </div>
   <div class='ocr_carea' id='block_1_16' title="bbox 2159 968 3738 1310">
    <p class='ocr_par' dir='ltr' id='par_1_20' title="bbox 2159 968 3738 1310">
     <span class='ocr_line' id='line_1_57' title="bbox 2161 968 3738 1057; baseline 0.008 -31"><span class='ocrx_word' id='word_1_391' title='bbox 2161 968 2403 1047; x_wconf 79' lang='grc' dir='ltr'>σαρέτην.</span> <span class='ocrx_word' id='word_1_392' title='bbox 2424 972 2541 1032; x_wconf 79' lang='grc' dir='ltr'>Οὐκ</span> <span class='ocrx_word' id='word_1_393' title='bbox 2563 972 2731 1049; x_wconf 76' lang='grc' dir='ltr'>ἀγνοῶ</span> <span class='ocrx_word' id='word_1_394' title='bbox 2750 971 2805 1031; x_wconf 83' lang='grc' dir='ltr'><strong>δὲ</strong></span> <span class='ocrx_word' id='word_1_395' title='bbox 2838 972 2917 1031; x_wconf 78' lang='grc' dir='ltr'><strong>ὅτι</strong></span> <span class='ocrx_word' id='word_1_396' title='bbox 2933 972 3020 1032; x_wconf 81' lang='grc' dir='ltr'><strong>τὸν</strong></span> <span class='ocrx_word' id='word_1_397' title='bbox 3063 976 3472 1057; x_wconf 70' lang='grc' dir='ltr'>ἐπιγραφόμενον</span> <span class='ocrx_word' id='word_1_398' title='bbox 3498 980 3624 1037; x_wconf 81' lang='grc' dir='ltr'>κατ’</span> <span class='ocrx_word' id='word_1_399' title='bbox 3641 984 3738 1038; x_wconf 84' lang='grc' dir='ltr'><strong>αὐ-</strong></span> 
     </span>
     <span class='ocr_line' id='line_1_58' title="bbox 2159 1056 3736 1143; baseline 0.007 -27"><span class='ocrx_word' id='word_1_400' title='bbox 2159 1060 2251 1128; x_wconf 80' lang='grc' dir='ltr'><strong>τῆς</strong></span> <span class='ocrx_word' id='word_1_401' title='bbox 2283 1056 2472 1117; x_wconf 81' lang='grc' dir='ltr'>Εὐθίου</span> <span class='ocrx_word' id='word_1_402' title='bbox 2494 1057 2645 1136; x_wconf 87' lang='grc' dir='ltr'>λόγον</span> <span class='ocrx_word' id='word_1_403' title='bbox 2675 1058 2931 1139; x_wconf 89' lang='grc' dir='ltr'>Διόδωρος</span> <span class='ocrx_word' id='word_1_404' title='bbox 2961 1065 2990 1120; x_wconf 79' lang='grc' dir='ltr'><strong>ὁ</strong></span> <span class='ocrx_word' id='word_1_405' title='bbox 3018 1062 3337 1143; x_wconf 72' lang='grc' dir='ltr'>περιηγητὴς</span> <span class='ocrx_word' id='word_1_406' title='bbox 3361 1065 3736 1143; x_wconf 82' lang='grc' dir='ltr'>Ἀναξιμένους</span> 
     </span>
     <span class='ocr_line' id='line_1_59' title="bbox 2160 1135 3728 1230; baseline 0.007 -28"><span class='ocrx_word' id='word_1_407' title='bbox 2160 1144 2314 1225; x_wconf 82' lang='grc' dir='ltr'>φησὶν</span> <span class='ocrx_word' id='word_1_408' title='bbox 2338 1135 2486 1204; x_wconf 76' lang='grc' dir='ltr'>εἶναι.</span> <span class='ocrx_word' id='word_1_409' title='bbox 2517 1150 2585 1206; x_wconf 87' lang='lat' dir='ltr'><strong>V.</strong></span> <span class='ocrx_word' id='word_1_410' title='bbox 2611 1151 3024 1207; x_wconf 82' lang='lat' dir='ltr'><strong>Westermann.</strong></span> <span class='ocrx_word' id='word_1_411' title='bbox 3055 1151 3254 1211; x_wconf 71' lang='lat' dir='ltr'><strong>Gesch.</strong></span> <span class='ocrx_word' id='word_1_412' title='bbox 3279 1155 3339 1210; x_wconf 84' lang='lat' dir='ltr'><strong>d.</strong></span> <span class='ocrx_word' id='word_1_413' title='bbox 3364 1175 3450 1230; x_wconf 82' lang='lat' dir='ltr'><strong>gr.</strong></span> <span class='ocrx_word' id='word_1_414' title='bbox 3479 1159 3728 1213; x_wconf 59' lang='lat' dir='ltr'><strong>Bet-ede.</strong></span> 
     </span>
     <span class='ocr_line' id='line_1_60' title="bbox 2162 1233 3554 1310; baseline 0.006 -20"><span class='ocrx_word' id='word_1_415' title='bbox 2162 1233 2234 1300; x_wconf 84' lang='grc'><strong>54</strong></span> <span class='ocrx_word' id='word_1_416' title='bbox 2250 1278 2267 1304; x_wconf 92' lang='grc'><strong>,</strong></span> <span class='ocrx_word' id='word_1_417' title='bbox 2295 1234 2389 1293; x_wconf 85' lang='grc'>35.</span> <span class='ocrx_word' id='word_1_418' title='bbox 2409 1238 2496 1292; x_wconf 89' lang='lat' dir='ltr'><strong>De</strong></span> <span class='ocrx_word' id='word_1_419' title='bbox 2518 1237 2753 1310; x_wconf 78' lang='lat' dir='ltr'><strong>Phrynae</strong></span> <span class='ocrx_word' id='word_1_420' title='bbox 2775 1250 3145 1296; x_wconf 86' lang='lat' dir='ltr'><strong>monumento</strong></span> <span class='ocrx_word' id='word_1_421' title='bbox 3172 1243 3300 1298; x_wconf 82' lang='lat' dir='ltr'><strong>satis</strong></span> <span class='ocrx_word' id='word_1_422' title='bbox 3318 1253 3554 1298; x_wconf 84' lang='lat' dir='ltr'><strong>constat.</strong></span> 
     </span>
    </p>
   </div>
   <div class='ocr_carea' id='block_1_17' title="bbox 2577 1367 3292 1678">
    <p class='ocr_par' dir='ltr' id='par_1_21' title="bbox 2577 1367 3292 1678">
     <span class='ocr_line' id='line_1_61' title="bbox 2577 1367 3292 1433; baseline 0.011 -9"><span class='ocrx_word' id='word_1_423' title='bbox 2577 1367 2757 1426; x_wconf 87' lang='grc' dir='ltr'>ΠΕΡΙ</span> <span class='ocrx_word' id='word_1_424' title='bbox 2802 1368 2954 1426; x_wconf 87' lang='grc' dir='ltr'><strong>ΤΩΝ</strong></span> <span class='ocrx_word' id='word_1_425' title='bbox 3006 1371 3292 1433; x_wconf 61' lang='lat' dir='ltr'><strong>Antiati..</strong></span> 
     </span>
     <span class='ocr_line' id='line_1_62' title="bbox 2702 1497 3172 1579; baseline 0.011 -24"><span class='ocrx_word' id='word_1_426' title='bbox 2702 1497 2765 1555; x_wconf 91' lang='grc' dir='ltr'><strong>α’.</strong></span> <span class='ocrx_word' id='word_1_427' title='bbox 2814 1498 3172 1579; x_wconf 83' lang='grc' dir='ltr'>Ἐρεχθηίς.</span> 
     </span>
     <span class='ocr_line' id='line_1_63' title="bbox 2908 1622 2964 1678; baseline 0 0"><span class='ocrx_word' id='word_1_428' title='bbox 2908 1622 2964 1678; x_wconf 91' lang='grc'><strong>6.</strong></span> 
     </span>
    </p>
   </div>
   <div class='ocr_carea' id='block_1_18' title="bbox 2156 1751 3741 3840">
    <p class='ocr_par' dir='ltr' id='par_1_22' title="bbox 2158 1751 3727 1918">
     <span class='ocr_line' id='line_1_64' title="bbox 2238 1751 3727 1838; baseline 0.006 -30"><span class='ocrx_word' id='word_1_429' title='bbox 2238 1754 2610 1826; x_wconf 85' lang='lat' dir='ltr'><strong>Harpocratio</strong></span> <span class='ocrx_word' id='word_1_430' title='bbox 2641 1770 2656 1809; x_wconf 74' lang='lat'>2</span> <span class='ocrx_word' id='word_1_431' title='bbox 2691 1751 2995 1827; x_wconf 79' lang='grc' dir='ltr'>Εὐωνυμεῒς</span> <span class='ocrx_word' id='word_1_432' title='bbox 3100 1752 3262 1830; x_wconf 82' lang='grc' dir='ltr'>δῆμός</span> <span class='ocrx_word' id='word_1_433' title='bbox 3293 1755 3405 1813; x_wconf 74' lang='grc' dir='ltr'>ἔστι</span> <span class='ocrx_word' id='word_1_434' title='bbox 3436 1758 3530 1826; x_wconf 72' lang='grc' dir='ltr'><strong>τῆς</strong></span> <span class='ocrx_word' id='word_1_435' title='bbox 3557 1756 3727 1838; x_wconf 79' lang='grc' dir='ltr'>Ἐρε-</span> 
     </span>
     <span class='ocr_line' id='line_1_65' title="bbox 2158 1835 3544 1918; baseline 0.001 -22"><span class='ocrx_word' id='word_1_436' title='bbox 2158 1836 2368 1917; x_wconf 85' lang='grc' dir='ltr'>χθηίδος</span> <span class='ocrx_word' id='word_1_437' title='bbox 2388 1882 2404 1910; x_wconf 90' lang='grc'><strong>,</strong></span> <span class='ocrx_word' id='word_1_438' title='bbox 2435 1835 2505 1904; x_wconf 81' lang='grc' dir='ltr'>ὥς</span> <span class='ocrx_word' id='word_1_439' title='bbox 2537 1860 2666 1912; x_wconf 82' lang='grc' dir='ltr'>φησι</span> <span class='ocrx_word' id='word_1_440' title='bbox 2687 1840 2965 1918; x_wconf 84' lang='grc' dir='ltr'>Διόδωρος.</span> <span class='ocrx_word' id='word_1_441' title='bbox 3537 1859 3544 1864; x_wconf 91' lang='grc'><em>·</em></span> 
     </span>
    </p>

    <p class='ocr_par' dir='ltr' id='par_1_23' title="bbox 2156 1925 3740 3751">
     <span class='ocr_line' id='line_1_66' title="bbox 2238 1925 3736 2010; baseline 0.004 -26"><span class='ocrx_word' id='word_1_442' title='bbox 2238 1926 2322 1984; x_wconf 85' lang='lat' dir='ltr'><strong>Cf.</strong></span> <span class='ocrx_word' id='word_1_443' title='bbox 2352 1927 2619 2001; x_wconf 86' lang='lat' dir='ltr'><strong>Stephan.</strong></span> <span class='ocrx_word' id='word_1_444' title='bbox 2645 1927 2779 2001; x_wconf 82' lang='lat' dir='ltr'><strong>Byz.</strong></span> <span class='ocrx_word' id='word_1_445' title='bbox 2801 1948 2857 1982; x_wconf 65' lang='grc' dir='ltr'><strong>τ.</strong></span> <span class='ocrx_word' id='word_1_446' title='bbox 2892 1927 3176 2004; x_wconf 85' lang='grc' dir='ltr'>Εὐωνυμία</span> <span class='ocrx_word' id='word_1_447' title='bbox 3207 1949 3221 1985; x_wconf 88' lang='lat'><strong>:</strong></span> <span class='ocrx_word' id='word_1_448' title='bbox 3248 1925 3410 1989; x_wconf 84' lang='grc' dir='ltr'>Ἔστι</span> <span class='ocrx_word' id='word_1_449' title='bbox 3439 1930 3531 1989; x_wconf 78' lang='grc' dir='ltr'><strong>καὶ</strong></span> <span class='ocrx_word' id='word_1_450' title='bbox 3555 1932 3736 2010; x_wconf 70' lang='grc' dir='ltr'>δῆμος</span> 
     </span>
     <span class='ocr_line' id='line_1_67' title="bbox 2161 2011 3722 2099; baseline 0.003 -25"><span class='ocrx_word' id='word_1_451' title='bbox 2161 2011 2438 2084; x_wconf 80' lang='grc' dir='ltr'>Ἀθηναίων</span> <span class='ocrx_word' id='word_1_452' title='bbox 2459 2011 2563 2071; x_wconf 77' lang='grc' dir='ltr'>ἀπὸ</span> <span class='ocrx_word' id='word_1_453' title='bbox 2583 2011 2871 2090; x_wconf 79' lang='grc' dir='ltr'>Εὐωνύμου</span> <span class='ocrx_word' id='word_1_454' title='bbox 2890 2018 2980 2073; x_wconf 73' lang='grc' dir='ltr'><strong>τοῦ</strong></span> <span class='ocrx_word' id='word_1_455' title='bbox 3007 2018 3050 2075; x_wconf 84' lang='grc' dir='ltr'><strong>Γ</strong></span> <span class='ocrx_word' id='word_1_456' title='bbox 3051 2019 3113 2086; x_wconf 73' lang='grc' dir='ltr'>ἧς</span> <span class='ocrx_word' id='word_1_457' title='bbox 3126 2014 3215 2074; x_wconf 83' lang='grc' dir='ltr'><strong>καὶ</strong></span> <span class='ocrx_word' id='word_1_458' title='bbox 3232 2018 3472 2094; x_wconf 77' lang='grc' dir='ltr'>Οὐρανοῦ</span> <span class='ocrx_word' id='word_1_459' title='bbox 3489 2017 3521 2089; x_wconf 82' lang='grc' dir='ltr'>ἢ</span> <span class='ocrx_word' id='word_1_460' title='bbox 3548 2022 3722 2099; x_wconf 70' lang='grc' dir='ltr'>Κηφι·</span> 
     </span>
     <span class='ocr_line' id='line_1_68' title="bbox 2160 2099 3723 2183; baseline 0.004 -24"><span class='ocrx_word' id='word_1_461' title='bbox 2160 2107 2275 2162; x_wconf 80' lang='grc' dir='ltr'>σοῦ.</span> <span class='ocrx_word' id='word_1_462' title='bbox 2299 2101 2368 2162; x_wconf 86' lang='grc' dir='ltr'>Ὃ</span> <span class='ocrx_word' id='word_1_463' title='bbox 2385 2099 2612 2177; x_wconf 67' lang='grc' dir='ltr'>δημότης</span> <span class='ocrx_word' id='word_1_464' title='bbox 2633 2102 2962 2174; x_wconf 81' lang='grc' dir='ltr'>Εὐωνυμεύς.</span> <span class='ocrx_word' id='word_1_465' title='bbox 2982 2102 3068 2163; x_wconf 82' lang='grc' dir='ltr'><strong>Τὰ</strong></span> <span class='ocrx_word' id='word_1_466' title='bbox 3090 2102 3279 2162; x_wconf 79' lang='grc' dir='ltr'>τοπικὰ</span> <span class='ocrx_word' id='word_1_467' title='bbox 3299 2103 3352 2172; x_wconf 80' lang='grc' dir='ltr'><strong>ἐξ</strong></span> <span class='ocrx_word' id='word_1_468' title='bbox 3371 2106 3723 2183; x_wconf 76' lang='grc' dir='ltr'>Εὐωνυμέων.</span> 
     </span>
     <span class='ocr_line' id='line_1_69' title="bbox 2161 2187 3726 2270; baseline 0.003 -21"><span class='ocrx_word' id='word_1_469' title='bbox 2161 2187 2385 2266; x_wconf 79' lang='grc' dir='ltr'>Λέγεται</span> <span class='ocrx_word' id='word_1_470' title='bbox 2404 2188 2494 2247; x_wconf 83' lang='grc' dir='ltr'><strong>καὶ</strong></span> <span class='ocrx_word' id='word_1_471' title='bbox 2518 2192 2544 2247; x_wconf 79' lang='grc' dir='ltr'>ὁ</span> <span class='ocrx_word' id='word_1_472' title='bbox 2568 2189 2729 2264; x_wconf 73' lang='grc' dir='ltr'>δῆμος</span> <span class='ocrx_word' id='word_1_473' title='bbox 2757 2188 3060 2266; x_wconf 80' lang='grc' dir='ltr'>Εὐώνυμος.</span> <span class='ocrx_word' id='word_1_474' title='bbox 3083 2195 3442 2266; x_wconf 73' lang='lat' dir='ltr'><strong>Euonymum</strong></span> <span class='ocrx_word' id='word_1_475' title='bbox 3472 2198 3726 2270; x_wconf 79' lang='lat' dir='ltr'><strong>Cephissi</strong></span> 
     </span>
     <span class='ocr_line' id='line_1_70' title="bbox 2160 2276 3720 2353; baseline 0.005 -21"><span class='ocrx_word' id='word_1_476' title='bbox 2160 2279 2336 2333; x_wconf 87' lang='lat' dir='ltr'><strong>filium</strong></span> <span class='ocrx_word' id='word_1_477' title='bbox 2365 2277 2584 2334; x_wconf 82' lang='lat' dir='ltr'><strong>Aulidis</strong></span> <span class='ocrx_word' id='word_1_478' title='bbox 2621 2290 2842 2351; x_wconf 85' lang='lat' dir='ltr'><strong>patrem</strong></span> <span class='ocrx_word' id='word_1_479' title='bbox 2886 2281 3198 2353; x_wconf 80' lang='lat' dir='ltr'><strong>Stephanus</strong></span> <span class='ocrx_word' id='word_1_480' title='bbox 3237 2281 3408 2336; x_wconf 84' lang='lat' dir='ltr'><strong>habet</strong></span> <span class='ocrx_word' id='word_1_481' title='bbox 3437 2301 3490 2337; x_wconf 77' lang='grc' dir='ltr'><strong>ν.</strong></span> <span class='ocrx_word' id='word_1_482' title='bbox 3534 2276 3720 2350; x_wconf 76' lang='grc' dir='ltr'>Αῧλις.</span> 
     </span>
     <span class='ocr_line' id='line_1_71' title="bbox 2160 2363 3726 2450; baseline 0.006 -29"><span class='ocrx_word' id='word_1_483' title='bbox 2160 2366 2403 2438; x_wconf 80' lang='lat' dir='ltr'><strong>Hesych.</strong></span> <span class='ocrx_word' id='word_1_484' title='bbox 2435 2384 2490 2423; x_wconf 89' lang='lat' dir='ltr'><strong>v.</strong></span> <span class='ocrx_word' id='word_1_485' title='bbox 2525 2363 2809 2439; x_wconf 85' lang='grc' dir='ltr'>Εὐώνυμον</span> <span class='ocrx_word' id='word_1_486' title='bbox 2833 2383 2848 2425; x_wconf 88' lang='lat'>:</span> <span class='ocrx_word' id='word_1_487' title='bbox 2876 2365 2986 2423; x_wconf 85' lang='grc' dir='ltr'><strong>Καὶ</strong></span> <span class='ocrx_word' id='word_1_488' title='bbox 3031 2365 3194 2442; x_wconf 69' lang='grc' dir='ltr'>δῆμος</span> <span class='ocrx_word' id='word_1_489' title='bbox 3233 2368 3397 2445; x_wconf 81' lang='grc' dir='ltr'>φυλῆς</span> <span class='ocrx_word' id='word_1_490' title='bbox 3433 2372 3529 2437; x_wconf 72' lang='grc' dir='ltr'><strong>τῆς</strong></span> <span class='ocrx_word' id='word_1_491' title='bbox 3559 2369 3726 2450; x_wconf 78' lang='grc' dir='ltr'>Ἔρε-</span> 
     </span>
     <span class='ocr_line' id='line_1_72' title="bbox 2159 2451 3724 2539; baseline 0.006 -31"><span class='ocrx_word' id='word_1_492' title='bbox 2159 2451 2386 2529; x_wconf 78' lang='grc' dir='ltr'>χθηίδος.</span> <span class='ocrx_word' id='word_1_493' title='bbox 2416 2454 2619 2527; x_wconf 88' lang='lat' dir='ltr'><strong>Steph.</strong></span> <span class='ocrx_word' id='word_1_494' title='bbox 2649 2456 2778 2526; x_wconf 62' lang='grc' dir='ltr'><strong>ΒΨ.</strong></span> <span class='ocrx_word' id='word_1_495' title='bbox 2800 2474 2856 2509; x_wconf 74' lang='lat' dir='ltr'><strong>v.</strong></span> <span class='ocrx_word' id='word_1_496' title='bbox 2889 2451 3055 2512; x_wconf 85' lang='grc' dir='ltr'>Βέννα</span> <span class='ocrx_word' id='word_1_497' title='bbox 3088 2474 3103 2514; x_wconf 87' lang='lat'>:</span> <span class='ocrx_word' id='word_1_498' title='bbox 3128 2456 3197 2513; x_wconf 81' lang='grc' dir='ltr'><strong>Οἱ</strong></span> <span class='ocrx_word' id='word_1_499' title='bbox 3218 2452 3310 2530; x_wconf 80' lang='grc' dir='ltr'><strong>μὲν</strong></span> <span class='ocrx_word' id='word_1_500' title='bbox 3336 2452 3439 2534; x_wconf 76' lang='grc' dir='ltr'>γὰρ</span> <span class='ocrx_word' id='word_1_501' title='bbox 3465 2457 3522 2513; x_wconf 83' lang='grc' dir='ltr'><strong>ἐν</strong></span> <span class='ocrx_word' id='word_1_502' title='bbox 3554 2457 3724 2539; x_wconf 64' lang='grc' dir='ltr'>Βὲννα</span> 
     </span>
     <span class='ocr_line' id='line_1_73' title="bbox 2163 2538 3732 2622; baseline 0.006 -27"><span class='ocrx_word' id='word_1_503' title='bbox 2163 2540 2345 2614; x_wconf 82' lang='lat' dir='ltr'><strong>(curia</strong></span> <span class='ocrx_word' id='word_1_504' title='bbox 2372 2540 2608 2617; x_wconf 80' lang='lat' dir='ltr'><strong>Ephesi)</strong></span> <span class='ocrx_word' id='word_1_505' title='bbox 2641 2538 2864 2613; x_wconf 84' lang='grc' dir='ltr'>Βέννιοι,</span> <span class='ocrx_word' id='word_1_506' title='bbox 2893 2544 2940 2599; x_wconf 80' lang='grc' dir='ltr'>οἱ</span> <span class='ocrx_word' id='word_1_507' title='bbox 2973 2540 3016 2599; x_wconf 80' lang='grc' dir='ltr'><strong>δ’</strong></span> <span class='ocrx_word' id='word_1_508' title='bbox 3045 2542 3098 2598; x_wconf 79' lang='grc' dir='ltr'><strong>ἐν</strong></span> <span class='ocrx_word' id='word_1_509' title='bbox 3129 2540 3404 2622; x_wconf 82' lang='grc' dir='ltr'>Εὐωνύμῳ</span> <span class='ocrx_word' id='word_1_510' title='bbox 3440 2548 3537 2615; x_wconf 75' lang='grc' dir='ltr'><strong>τῆς</strong></span> <span class='ocrx_word' id='word_1_511' title='bbox 3558 2544 3732 2604; x_wconf 79' lang='grc' dir='ltr'>Ἄττι-</span> 
     </span>
     <span class='ocr_line' id='line_1_74' title="bbox 2156 2625 3726 2706; baseline 0.005 -23"><span class='ocrx_word' id='word_1_512' title='bbox 2156 2630 2257 2697; x_wconf 77' lang='grc' dir='ltr'>κῆς</span> <span class='ocrx_word' id='word_1_513' title='bbox 2279 2625 2571 2702; x_wconf 85' lang='grc' dir='ltr'>Εὐώνυμοι.</span> <span class='ocrx_word' id='word_1_514' title='bbox 2598 2628 2848 2685; x_wconf 83' lang='lat' dir='ltr'><strong>Alteram</strong></span> <span class='ocrx_word' id='word_1_515' title='bbox 2880 2631 3150 2700; x_wconf 84' lang='lat' dir='ltr'><strong>formam,</strong></span> <span class='ocrx_word' id='word_1_516' title='bbox 3185 2629 3533 2706; x_wconf 81' lang='grc' dir='ltr'>Εὐωνυμεύς,</span> <span class='ocrx_word' id='word_1_517' title='bbox 3561 2647 3726 2694; x_wconf 82' lang='lat' dir='ltr'><strong>tuen·</strong></span> 
     </span>
     <span class='ocr_line' id='line_1_75' title="bbox 2163 2717 3730 2793; baseline 0.005 -23"><span class='ocrx_word' id='word_1_518' title='bbox 2163 2727 2255 2770; x_wconf 89' lang='lat' dir='ltr'><strong>tur</strong></span> <span class='ocrx_word' id='word_1_519' title='bbox 2295 2719 2592 2772; x_wconf 82' lang='lat' dir='ltr'><strong>Anacreon</strong></span> <span class='ocrx_word' id='word_1_520' title='bbox 2620 2717 2680 2771; x_wconf 88' lang='lat' dir='ltr'><strong>in</strong></span> <span class='ocrx_word' id='word_1_521' title='bbox 2715 2718 2947 2776; x_wconf 84' lang='lat' dir='ltr'><strong>Anthol.</strong></span> <span class='ocrx_word' id='word_1_522' title='bbox 2994 2719 3168 2775; x_wconf 85' lang='lat' dir='ltr'><strong>Palat.</strong></span> <span class='ocrx_word' id='word_1_523' title='bbox 3197 2721 3309 2790; x_wconf 86' lang='lat' dir='ltr'><strong>VI,</strong></span> <span class='ocrx_word' id='word_1_524' title='bbox 3353 2738 3412 2793; x_wconf 89' lang='lat' dir='ltr'><strong>p.</strong></span> <span class='ocrx_word' id='word_1_525' title='bbox 3455 2721 3600 2790; x_wconf 86' lang='grc'><strong>346,</strong></span> <span class='ocrx_word' id='word_1_526' title='bbox 3649 2723 3685 2778; x_wconf 87' lang='grc'>3</span> <span class='ocrx_word' id='word_1_527' title='bbox 3709 2765 3730 2792; x_wconf 85' lang='grc'><strong>,</strong></span> 
     </span>
     <span class='ocr_line' id='line_1_76' title="bbox 2161 2803 3724 2880; baseline 0.004 -20"><span class='ocrx_word' id='word_1_528' title='bbox 2161 2803 2448 2860; x_wconf 84' lang='lat' dir='ltr'><strong>AEschines</strong></span> <span class='ocrx_word' id='word_1_529' title='bbox 2469 2822 2531 2877; x_wconf 91' lang='lat' dir='ltr'><strong>p.</strong></span> <span class='ocrx_word' id='word_1_530' title='bbox 2565 2803 2631 2873; x_wconf 84' lang='lat'><strong>8,</strong></span> <span class='ocrx_word' id='word_1_531' title='bbox 2669 2807 2776 2878; x_wconf 76' lang='lat'><strong>183</strong></span> <span class='ocrx_word' id='word_1_532' title='bbox 2804 2808 3068 2880; x_wconf 87' lang='lat' dir='ltr'><strong>Inscript.</strong></span> <span class='ocrx_word' id='word_1_533' title='bbox 3105 2825 3196 2880; x_wconf 90' lang='lat' dir='ltr'><strong>ap.</strong></span> <span class='ocrx_word' id='word_1_534' title='bbox 3225 2808 3456 2864; x_wconf 80' lang='lat' dir='ltr'><strong>Boeckh.</strong></span> <span class='ocrx_word' id='word_1_535' title='bbox 3481 2809 3544 2866; x_wconf 88' lang='lat' dir='ltr'><strong>C.</strong></span> <span class='ocrx_word' id='word_1_536' title='bbox 3571 2811 3622 2864; x_wconf 88' lang='grc' dir='ltr'>Ι.</span> <span class='ocrx_word' id='word_1_537' title='bbox 3657 2812 3724 2876; x_wconf 88' lang='lat'><strong>1,</strong></span> 
     </span>
     <span class='ocr_line' id='line_1_77' title="bbox 2162 2893 3731 2971; baseline 0.005 -25"><span class='ocrx_word' id='word_1_538' title='bbox 2162 2911 2219 2950; x_wconf 89' lang='lat' dir='ltr'><strong>n.</strong></span> <span class='ocrx_word' id='word_1_539' title='bbox 2258 2898 2396 2963; x_wconf 74' lang='lat'><strong>142,</strong></span> <span class='ocrx_word' id='word_1_540' title='bbox 2435 2898 2539 2956; x_wconf 86' lang='grc'><strong>144</strong></span> <span class='ocrx_word' id='word_1_541' title='bbox 2573 2902 2679 2949; x_wconf 88' lang='lat' dir='ltr'><strong>etc.</strong></span> <span class='ocrx_word' id='word_1_542' title='bbox 2703 2924 2784 2934; x_wconf 92' lang='lat'>—</span> <span class='ocrx_word' id='word_1_543' title='bbox 2811 2893 3071 2948; x_wconf 85' lang='lat' dir='ltr'><strong>Ceterum</strong></span> <span class='ocrx_word' id='word_1_544' title='bbox 3099 2913 3223 2967; x_wconf 83' lang='lat' dir='ltr'><strong>quae</strong></span> <span class='ocrx_word' id='word_1_545' title='bbox 3249 2893 3321 2950; x_wconf 89' lang='lat' dir='ltr'><strong>de</strong></span> <span class='ocrx_word' id='word_1_546' title='bbox 3346 2896 3578 2971; x_wconf 77' lang='lat' dir='ltr'><strong>singulis</strong></span> <span class='ocrx_word' id='word_1_547' title='bbox 3611 2896 3731 2954; x_wconf 89' lang='lat' dir='ltr'><strong>de·-</strong></span> 
     </span>
     <span class='ocr_line' id='line_1_78' title="bbox 2163 2980 3722 3057; baseline 0.003 -21"><span class='ocrx_word' id='word_1_548' title='bbox 2163 2983 2266 3036; x_wconf 88' lang='lat' dir='ltr'><strong>mis</strong></span> <span class='ocrx_word' id='word_1_549' title='bbox 2290 2980 2601 3054; x_wconf 79' lang='lat' dir='ltr'><strong>Stephanus</strong></span> <span class='ocrx_word' id='word_1_550' title='bbox 2627 2982 2758 3054; x_wconf 77' lang='lat' dir='ltr'><strong>Byz.</strong></span> <span class='ocrx_word' id='word_1_551' title='bbox 2777 3024 2793 3052; x_wconf 95' lang='lat'>,</span> <span class='ocrx_word' id='word_1_552' title='bbox 2816 2983 3015 3038; x_wconf 85' lang='lat' dir='ltr'><strong>Suidas</strong></span> <span class='ocrx_word' id='word_1_553' title='bbox 3030 3024 3045 3052; x_wconf 93' lang='lat'>,</span> <span class='ocrx_word' id='word_1_554' title='bbox 3080 2984 3312 3038; x_wconf 88' lang='lat' dir='ltr'><strong>Photius</strong></span> <span class='ocrx_word' id='word_1_555' title='bbox 3329 3026 3346 3057; x_wconf 87' lang='lat'>‚</span> <span class='ocrx_word' id='word_1_556' title='bbox 3373 2984 3688 3057; x_wconf 76' lang='lat' dir='ltr'><strong>Hesychius</strong></span> <span class='ocrx_word' id='word_1_557' title='bbox 3706 3029 3722 3055; x_wconf 93' lang='lat'><strong>,</strong></span> 
     </span>
     <span class='ocr_line' id='line_1_79' title="bbox 2163 3069 3732 3145; baseline 0.004 -22"><span class='ocrx_word' id='word_1_558' title='bbox 2163 3069 2255 3124; x_wconf 90' lang='lat' dir='ltr'><strong>alii</strong></span> <span class='ocrx_word' id='word_1_559' title='bbox 2292 3070 2638 3143; x_wconf 80' lang='lat' dir='ltr'><strong>grammatici</strong></span> <span class='ocrx_word' id='word_1_560' title='bbox 2669 3070 2963 3138; x_wconf 87' lang='lat' dir='ltr'><strong>exhibent,</strong></span> <span class='ocrx_word' id='word_1_561' title='bbox 3010 3080 3241 3126; x_wconf 85' lang='lat' dir='ltr'><strong>enotare</strong></span> <span class='ocrx_word' id='word_1_562' title='bbox 3282 3089 3400 3127; x_wconf 86' lang='lat' dir='ltr'><strong>non</strong></span> <span class='ocrx_word' id='word_1_563' title='bbox 3440 3084 3523 3127; x_wconf 86' lang='lat' dir='ltr'><strong>est</strong></span> <span class='ocrx_word' id='word_1_564' title='bbox 3556 3073 3732 3145; x_wconf 85' lang='lat' dir='ltr'><strong>hujus</strong></span> 
     </span>
     <span class='ocr_line' id='line_1_80' title="bbox 2164 3155 3734 3233; baseline 0.005 -24"><span class='ocrx_word' id='word_1_565' title='bbox 2164 3156 2305 3212; x_wconf 87' lang='lat' dir='ltr'><strong>loci.</strong></span> <span class='ocrx_word' id='word_1_566' title='bbox 2352 3158 2649 3211; x_wconf 85' lang='lat' dir='ltr'><strong>Lectorem</strong></span> <span class='ocrx_word' id='word_1_567' title='bbox 2697 3156 2891 3230; x_wconf 82' lang='lat' dir='ltr'><strong>relego</strong></span> <span class='ocrx_word' id='word_1_568' title='bbox 2921 3155 2995 3210; x_wconf 85' lang='lat' dir='ltr'><strong>ad</strong></span> <span class='ocrx_word' id='word_1_569' title='bbox 3038 3157 3346 3213; x_wconf 88' lang='lat' dir='ltr'><strong>Meursium</strong></span> <span class='ocrx_word' id='word_1_570' title='bbox 3381 3159 3470 3212; x_wconf 88' lang='lat' dir='ltr'><strong>De</strong></span> <span class='ocrx_word' id='word_1_571' title='bbox 3497 3164 3734 3233; x_wconf 77' lang='lat' dir='ltr'><strong>populis</strong></span> 
     </span>
     <span class='ocr_line' id='line_1_81' title="bbox 2164 3241 3734 3314; baseline 0.004 -18"><span class='ocrx_word' id='word_1_572' title='bbox 2164 3247 2385 3309; x_wconf 77' lang='lat' dir='ltr'><strong>Atticis,</strong></span> <span class='ocrx_word' id='word_1_573' title='bbox 2414 3241 2489 3297; x_wconf 89' lang='lat' dir='ltr'><strong>ad</strong></span> <span class='ocrx_word' id='word_1_574' title='bbox 2507 3242 2723 3299; x_wconf 89' lang='lat' dir='ltr'><strong>Corsini</strong></span> <span class='ocrx_word' id='word_1_575' title='bbox 2741 3241 2933 3299; x_wconf 84' lang='lat' dir='ltr'><strong>Fastos</strong></span> <span class='ocrx_word' id='word_1_576' title='bbox 2950 3244 3066 3299; x_wconf 84' lang='lat' dir='ltr'><strong>Att.</strong></span> <span class='ocrx_word' id='word_1_577' title='bbox 3090 3253 3225 3299; x_wconf 88' lang='lat' dir='ltr'><strong>tom.</strong></span> <span class='ocrx_word' id='word_1_578' title='bbox 3247 3243 3304 3313; x_wconf 89' lang='lat'><strong>1,</strong></span> <span class='ocrx_word' id='word_1_579' title='bbox 3326 3243 3456 3301; x_wconf 81' lang='lat' dir='ltr'><strong>diss,</strong></span> <span class='ocrx_word' id='word_1_580' title='bbox 3491 3244 3548 3314; x_wconf 86' lang='lat'><strong>5,</strong></span> <span class='ocrx_word' id='word_1_581' title='bbox 3575 3257 3632 3300; x_wconf 83' lang='lat' dir='ltr'><strong>et</strong></span> <span class='ocrx_word' id='word_1_582' title='bbox 3655 3248 3734 3303; x_wconf 88' lang='lat' dir='ltr'><strong>li-</strong></span> 
     </span>
     <span class='ocr_line' id='line_1_82' title="bbox 2163 3328 3732 3405; baseline 0.002 -22"><span class='ocrx_word' id='word_1_583' title='bbox 2163 3328 2331 3383; x_wconf 90' lang='lat' dir='ltr'><strong>brum</strong></span> <span class='ocrx_word' id='word_1_584' title='bbox 2359 3328 2424 3386; x_wconf 94' lang='lat' dir='ltr'><strong>G.</strong></span> <span class='ocrx_word' id='word_1_585' title='bbox 2448 3330 2517 3383; x_wconf 91' lang='lat' dir='ltr'><strong>L.</strong></span> <span class='ocrx_word' id='word_1_586' title='bbox 2551 3328 2880 3385; x_wconf 87' lang='lat' dir='ltr'><strong>Grotefendi</strong></span> <span class='ocrx_word' id='word_1_587' title='bbox 2905 3330 2992 3383; x_wconf 88' lang='lat' dir='ltr'><strong>De</strong></span> <span class='ocrx_word' id='word_1_588' title='bbox 3017 3328 3196 3384; x_wconf 75' lang='lat' dir='ltr'><strong>demis</strong></span> <span class='ocrx_word' id='word_1_589' title='bbox 3225 3349 3274 3387; x_wconf 86' lang='lat' dir='ltr'><strong>s.</strong></span> <span class='ocrx_word' id='word_1_590' title='bbox 3289 3330 3474 3405; x_wconf 58' lang='lat' dir='ltr'><strong>pagis·</strong></span> <span class='ocrx_word' id='word_1_591' title='bbox 3514 3336 3732 3386; x_wconf 77' lang='lat' dir='ltr'><strong>Atticoe</strong></span> 
     </span>
     <span class='ocr_line' id='line_1_83' title="bbox 2170 3413 3731 3490; baseline -0.001 -18"><span class='ocrx_word' id='word_1_592' title='bbox 2170 3414 2460 3490; x_wconf 80' lang='lat' dir='ltr'><strong>(Goetting.</strong></span> <span class='ocrx_word' id='word_1_593' title='bbox 2492 3413 2661 3489; x_wconf 81' lang='lat'>1829,</span> <span class='ocrx_word' id='word_1_594' title='bbox 2691 3417 2725 3471; x_wconf 82' lang='grc' dir='ltr'>ὅ</span> <span class='ocrx_word' id='word_1_595' title='bbox 2746 3415 2762 3490; x_wconf 95' lang='grc'>)</span> <span class='ocrx_word' id='word_1_596' title='bbox 2782 3455 2798 3483; x_wconf 92' lang='grc'><strong>,</strong></span> <span class='ocrx_word' id='word_1_597' title='bbox 2824 3426 2881 3470; x_wconf 90' lang='lat' dir='ltr'><strong>et</strong></span> <span class='ocrx_word' id='word_1_598' title='bbox 2902 3414 2974 3470; x_wconf 86' lang='lat' dir='ltr'><strong>ad</strong></span> <span class='ocrx_word' id='word_1_599' title='bbox 2994 3415 3261 3488; x_wconf 87' lang='lat' dir='ltr'><strong>Stephan.</strong></span> <span class='ocrx_word' id='word_1_600' title='bbox 3302 3417 3604 3486; x_wconf 84' lang='lat' dir='ltr'><strong>Thesaur.,</strong></span> <span class='ocrx_word' id='word_1_601' title='bbox 3629 3417 3731 3471; x_wconf 83' lang='lat' dir='ltr'><strong>ubi</strong></span> 
     </span>
     <span class='ocr_line' id='line_1_84' title="bbox 2165 3501 3732 3577; baseline -0.001 -18"><span class='ocrx_word' id='word_1_602' title='bbox 2165 3501 2494 3559; x_wconf 85' lang='lat' dir='ltr'><strong>Dindorfius</strong></span> <span class='ocrx_word' id='word_1_603' title='bbox 2529 3503 2685 3558; x_wconf 89' lang='lat' dir='ltr'><strong>locos</strong></span> <span class='ocrx_word' id='word_1_604' title='bbox 2711 3512 2850 3557; x_wconf 82' lang='lat' dir='ltr'><strong>vett.</strong></span> <span class='ocrx_word' id='word_1_605' title='bbox 2898 3513 2954 3557; x_wconf 87' lang='lat' dir='ltr'><strong>et</strong></span> <span class='ocrx_word' id='word_1_606' title='bbox 2983 3502 3376 3575; x_wconf 86' lang='lat' dir='ltr'><strong>inscriptiones</strong></span> <span class='ocrx_word' id='word_1_607' title='bbox 3412 3502 3530 3557; x_wconf 86' lang='lat' dir='ltr'><strong>hue</strong></span> <span class='ocrx_word' id='word_1_608' title='bbox 3551 3504 3732 3577; x_wconf 81' lang='lat' dir='ltr'><strong>perti-</strong></span> 
     </span>
     <span class='ocr_line' id='line_1_85' title="bbox 2166 3587 3740 3657; baseline 0 -13"><span class='ocrx_word' id='word_1_609' title='bbox 2166 3601 2360 3645; x_wconf 88' lang='lat' dir='ltr'><strong>nentes</strong></span> <span class='ocrx_word' id='word_1_610' title='bbox 2409 3588 2697 3646; x_wconf 85' lang='lat' dir='ltr'><strong>indicavit.</strong></span> <span class='ocrx_word' id='word_1_611' title='bbox 2726 3591 2794 3645; x_wconf 84' lang='lat' dir='ltr'><strong>V.</strong></span> <span class='ocrx_word' id='word_1_612' title='bbox 2848 3590 3015 3647; x_wconf 83' lang='lat' dir='ltr'><strong>etiam</strong></span> <span class='ocrx_word' id='word_1_613' title='bbox 3050 3587 3383 3646; x_wconf 85' lang='lat' dir='ltr'><strong>Grotesend.</strong></span> <span class='ocrx_word' id='word_1_614' title='bbox 3403 3590 3463 3643; x_wconf 89' lang='lat' dir='ltr'><strong>in</strong></span> <span class='ocrx_word' id='word_1_615' title='bbox 3493 3590 3740 3657; x_wconf 77' lang='lat' dir='ltr'><strong>Paulr’s</strong></span> 
     </span>
     <span class='ocr_line' id='line_1_86' title="bbox 2168 3675 2948 3751; baseline -0.004 -19"><span class='ocrx_word' id='word_1_616' title='bbox 2168 3679 2314 3732; x_wconf 83' lang='lat' dir='ltr'><strong>Real</strong></span> <span class='ocrx_word' id='word_1_617' title='bbox 2328 3678 2612 3751; x_wconf 67' lang='lat' dir='ltr'><strong>enqy‘clop.</strong></span> <span class='ocrx_word' id='word_1_618' title='bbox 2644 3694 2703 3730; x_wconf 76' lang='lat' dir='ltr'><strong>V.</strong></span> <span class='ocrx_word' id='word_1_619' title='bbox 2735 3675 2948 3730; x_wconf 63' lang='lat' dir='ltr'><strong>Azeika.</strong></span> 
     </span>
    </p>

    <p class='ocr_par' dir='ltr' id='par_1_24' title="bbox 2248 3758 3741 3840">
     <span class='ocr_line' id='line_1_87' title="bbox 2248 3758 3741 3840; baseline -0.001 -20"><span class='ocrx_word' id='word_1_620' title='bbox 2248 3764 2339 3820; x_wconf 89' lang='lat' dir='ltr'><strong>Id.</strong></span> <span class='ocrx_word' id='word_1_621' title='bbox 2372 3760 2749 3838; x_wconf 72' lang='grc' dir='ltr'>εΘημακεύς...</span> <span class='ocrx_word' id='word_1_622' title='bbox 2775 3761 2934 3837; x_wconf 76' lang='grc' dir='ltr'>δῆμός</span> <span class='ocrx_word' id='word_1_623' title='bbox 2963 3761 3071 3819; x_wconf 81' lang='grc' dir='ltr'>ἐστι</span> <span class='ocrx_word' id='word_1_624' title='bbox 3097 3762 3259 3840; x_wconf 69' lang='grc' dir='ltr'>φυλῆς</span> <span class='ocrx_word' id='word_1_625' title='bbox 3285 3758 3741 3840; x_wconf 73' lang='grc' dir='ltr'>τ’ἧςἚρεχθηίδος</span> 
     </span>
    </p>
   </div>
   <div class='ocr_carea' id='block_1_19' title="bbox 2167 3928 3744 4779">
    <p class='ocr_par' dir='ltr' id='par_1_25' title="bbox 2167 3928 3742 4379">
     <span class='ocr_line' id='line_1_88' title="bbox 2169 3928 3736 3992; baseline -0.001 -12"><span class='ocrx_word' id='word_1_626' title='bbox 2169 3944 2265 3980; x_wconf 89' lang='lat' dir='ltr'><strong>sus.</strong></span> <span class='ocrx_word' id='word_1_627' title='bbox 2289 3932 2348 3978; x_wconf 77' lang='lat' dir='ltr'><strong>Et</strong></span> <span class='ocrx_word' id='word_1_628' title='bbox 2373 3932 2537 3979; x_wconf 83' lang='lat' dir='ltr'><strong>narrat</strong></span> <span class='ocrx_word' id='word_1_629' title='bbox 2568 3928 2937 3990; x_wconf 71' lang='lat' dir='ltr'><strong>StaeimbrotuS,</strong></span> <span class='ocrx_word' id='word_1_630' title='bbox 2961 3928 3150 3978; x_wconf 88' lang='lat' dir='ltr'><strong>duobus</strong></span> <span class='ocrx_word' id='word_1_631' title='bbox 3172 3940 3281 3979; x_wconf 87' lang='lat' dir='ltr'><strong>eum</strong></span> <span class='ocrx_word' id='word_1_632' title='bbox 3303 3929 3517 3992; x_wconf 85' lang='lat' dir='ltr'><strong>gemellis</strong></span> <span class='ocrx_word' id='word_1_633' title='bbox 3547 3930 3639 3979; x_wconf 88' lang='lat' dir='ltr'><strong>sibi</strong></span> <span class='ocrx_word' id='word_1_634' title='bbox 3671 3944 3736 3980; x_wconf 74' lang='lat' dir='ltr'><strong>ex</strong></span> 
     </span>
     <span class='ocr_line' id='line_1_89' title="bbox 2168 4005 3731 4068; baseline 0 -11"><span class='ocrx_word' id='word_1_635' title='bbox 2168 4007 2364 4057; x_wconf 83' lang='lat' dir='ltr'><strong>Clitoria</strong></span> <span class='ocrx_word' id='word_1_636' title='bbox 2383 4020 2534 4057; x_wconf 87' lang='lat' dir='ltr'><strong>uxore</strong></span> <span class='ocrx_word' id='word_1_637' title='bbox 2554 4005 2693 4068; x_wconf 85' lang='lat' dir='ltr'><strong>natis,</strong></span> <span class='ocrx_word' id='word_1_638' title='bbox 2705 4006 2842 4056; x_wconf 79' lang='lat' dir='ltr'><strong>alteri</strong></span> <span class='ocrx_word' id='word_1_639' title='bbox 2868 4005 3248 4068; x_wconf 65' lang='lat' dir='ltr'><strong>LacedaemoniO,</strong></span> <span class='ocrx_word' id='word_1_640' title='bbox 3263 4007 3378 4056; x_wconf 73' lang='lat' dir='ltr'><strong>Eleo</strong></span> <span class='ocrx_word' id='word_1_641' title='bbox 3392 4006 3531 4056; x_wconf 85' lang='lat' dir='ltr'><strong>alteri</strong></span> <span class='ocrx_word' id='word_1_642' title='bbox 3552 4021 3731 4057; x_wconf 80' lang='lat' dir='ltr'><strong>nomen</strong></span> 
     </span>
     <span class='ocr_line' id='line_1_90' title="bbox 2170 4081 3730 4146; baseline 0.001 -14"><span class='ocrx_word' id='word_1_643' title='bbox 2170 4083 2380 4146; x_wconf 85' lang='lat' dir='ltr'><strong>posuisse</strong></span> <span class='ocrx_word' id='word_1_644' title='bbox 2392 4119 2407 4145; x_wconf 89' lang='lat'>,</span> <span class='ocrx_word' id='word_1_645' title='bbox 2423 4082 2627 4145; x_wconf 85' lang='lat' dir='ltr'><strong>ideoque</strong></span> <span class='ocrx_word' id='word_1_646' title='bbox 2640 4081 2698 4132; x_wconf 91' lang='lat' dir='ltr'><strong>iis</strong></span> <span class='ocrx_word' id='word_1_647' title='bbox 2716 4081 2948 4132; x_wconf 87' lang='lat' dir='ltr'><strong>Periclem</strong></span> <span class='ocrx_word' id='word_1_648' title='bbox 2965 4094 3092 4143; x_wconf 68' lang='lat' dir='ltr'><strong>saepe</strong></span> <span class='ocrx_word' id='word_1_649' title='bbox 3109 4087 3378 4131; x_wconf 89' lang='lat' dir='ltr'><strong>maternum</strong></span> <span class='ocrx_word' id='word_1_650' title='bbox 3392 4094 3545 4143; x_wconf 84' lang='lat' dir='ltr'><strong>genus</strong></span> <span class='ocrx_word' id='word_1_651' title='bbox 3559 4096 3730 4145; x_wconf 75' lang='lat' dir='ltr'><strong>expro-</strong></span> 
     </span>
     <span class='ocr_line' id='line_1_91' title="bbox 2167 4160 3742 4224; baseline 0.001 -13"><span class='ocrx_word' id='word_1_652' title='bbox 2167 4162 2396 4212; x_wconf 82' lang='lat' dir='ltr'><strong>bravisse.</strong></span> <span class='ocrx_word' id='word_1_653' title='bbox 2424 4161 2661 4211; x_wconf 87' lang='lat' dir='ltr'><strong>Diodorus</strong></span> <span class='ocrx_word' id='word_1_654' title='bbox 2697 4161 2959 4224; x_wconf 82' lang='lat' dir='ltr'><strong>Periegetes</strong></span> <span class='ocrx_word' id='word_1_655' title='bbox 2993 4163 3042 4211; x_wconf 88' lang='lat' dir='ltr'><strong>et</strong></span> <span class='ocrx_word' id='word_1_656' title='bbox 3078 4160 3167 4211; x_wconf 83' lang='lat' dir='ltr'><strong>bos</strong></span> <span class='ocrx_word' id='word_1_657' title='bbox 3207 4163 3256 4209; x_wconf 91' lang='lat' dir='ltr'><strong>et</strong></span> <span class='ocrx_word' id='word_1_658' title='bbox 3291 4161 3486 4210; x_wconf 87' lang='lat' dir='ltr'><strong>tertium</strong></span> <span class='ocrx_word' id='word_1_659' title='bbox 3533 4164 3742 4212; x_wconf 83' lang='lat' dir='ltr'><strong>nomine</strong></span> 
     </span>
     <span class='ocr_line' id='line_1_92' title="bbox 2167 4236 3731 4302; baseline 0.001 -14"><span class='ocrx_word' id='word_1_660' title='bbox 2167 4238 2468 4298; x_wconf 64' lang='lat' dir='ltr'><strong>Thessalum,</strong></span> <span class='ocrx_word' id='word_1_661' title='bbox 2489 4252 2550 4288; x_wconf 85' lang='lat' dir='ltr'><strong>ex</strong></span> <span class='ocrx_word' id='word_1_662' title='bbox 2573 4237 2754 4288; x_wconf 85' lang='lat' dir='ltr'><strong>lsodica</strong></span> <span class='ocrx_word' id='word_1_663' title='bbox 2772 4237 2959 4288; x_wconf 81' lang='lat' dir='ltr'><strong>Cimoni</strong></span> <span class='ocrx_word' id='word_1_664' title='bbox 2986 4239 3124 4287; x_wconf 85' lang='lat' dir='ltr'><strong>natos</strong></span> <span class='ocrx_word' id='word_1_665' title='bbox 3159 4237 3327 4299; x_wconf 78' lang='lat' dir='ltr'><strong>refert,</strong></span> <span class='ocrx_word' id='word_1_666' title='bbox 3350 4236 3450 4286; x_wconf 81' lang='lat' dir='ltr'><strong>fllia</strong></span> <span class='ocrx_word' id='word_1_667' title='bbox 3484 4241 3731 4302; x_wconf 71' lang='lat' dir='ltr'><strong>Eurypto·</strong></span> 
     </span>
     <span class='ocr_line' id='line_1_93' title="bbox 2167 4316 2725 4379; baseline -0.005 -11"><span class='ocrx_word' id='word_1_668' title='bbox 2167 4317 2306 4377; x_wconf 87' lang='lat' dir='ltr'><strong>lemi,</strong></span> <span class='ocrx_word' id='word_1_669' title='bbox 2328 4316 2546 4379; x_wconf 81' lang='lat' dir='ltr'><strong>Megaclis</strong></span> <span class='ocrx_word' id='word_1_670' title='bbox 2566 4318 2725 4378; x_wconf 86' lang='lat' dir='ltr'><strong>nepte.</strong></span> 
     </span>
    </p>

    <p class='ocr_par' dir='ltr' id='par_1_26' title="bbox 2169 4482 3744 4779">
     <span class='ocr_line' id='line_1_94' title="bbox 2183 4482 3736 4545; baseline -0.001 -12"><span class='ocrx_word' id='word_1_671' title='bbox 2183 4534 2194 4544; x_wconf 75' lang='grc'><strong>,</strong></span> <span class='ocrx_word' id='word_1_672' title='bbox 2229 4483 2517 4545; x_wconf 75' lang='lat' dir='ltr'><strong>Aristogiton</strong></span> <span class='ocrx_word' id='word_1_673' title='bbox 2535 4482 2585 4532; x_wconf 88' lang='lat' dir='ltr'><strong>in</strong></span> <span class='ocrx_word' id='word_1_674' title='bbox 2602 4484 2724 4532; x_wconf 86' lang='lat' dir='ltr'><strong>orat.</strong></span> <span class='ocrx_word' id='word_1_675' title='bbox 2746 4484 2912 4532; x_wconf 77' lang='lat' dir='ltr'><strong>eontra</strong></span> <span class='ocrx_word' id='word_1_676' title='bbox 2929 4482 3151 4545; x_wconf 82' lang='lat' dir='ltr'><strong>Phrynen</strong></span> <span class='ocrx_word' id='word_1_677' title='bbox 3169 4482 3284 4532; x_wconf 87' lang='lat' dir='ltr'><strong>dicit</strong></span> <span class='ocrx_word' id='word_1_678' title='bbox 3306 4482 3556 4545; x_wconf 82' lang='lat' dir='ltr'><strong>proprium</strong></span> <span class='ocrx_word' id='word_1_679' title='bbox 3577 4483 3736 4544; x_wconf 68' lang='lat' dir='ltr'><strong>Phry-</strong></span> 
     </span>
     <span class='ocr_line' id='line_1_95' title="bbox 2173 4558 3736 4621; baseline 0.001 -12"><span class='ocrx_word' id='word_1_680' title='bbox 2173 4573 2263 4609; x_wconf 82' lang='lat' dir='ltr'><strong>nes</strong></span> <span class='ocrx_word' id='word_1_681' title='bbox 2310 4573 2486 4611; x_wconf 90' lang='lat' dir='ltr'><strong>nomen</strong></span> <span class='ocrx_word' id='word_1_682' title='bbox 2512 4573 2614 4610; x_wconf 81' lang='lat' dir='ltr'><strong>esse</strong></span> <span class='ocrx_word' id='word_1_683' title='bbox 2648 4562 2961 4610; x_wconf 80' lang='lat' dir='ltr'><strong>Mnesareten.</strong></span> <span class='ocrx_word' id='word_1_684' title='bbox 3001 4562 3224 4610; x_wconf 86' lang='lat' dir='ltr'><strong>ceterum</strong></span> <span class='ocrx_word' id='word_1_685' title='bbox 3262 4558 3394 4609; x_wconf 84' lang='lat' dir='ltr'><strong>haud</strong></span> <span class='ocrx_word' id='word_1_686' title='bbox 3416 4560 3590 4621; x_wconf 79' lang='lat' dir='ltr'><strong>ignoro</strong></span> <span class='ocrx_word' id='word_1_687' title='bbox 3621 4574 3736 4610; x_wconf 79' lang='lat' dir='ltr'><strong>ora·</strong></span> 
     </span>
     <span class='ocr_line' id='line_1_96' title="bbox 2169 4637 3744 4699; baseline 0.001 -13"><span class='ocrx_word' id='word_1_688' title='bbox 2169 4637 2348 4687; x_wconf 87' lang='lat' dir='ltr'><strong>tionem</strong></span> <span class='ocrx_word' id='word_1_689' title='bbox 2376 4641 2542 4689; x_wconf 80' lang='lat' dir='ltr'><strong>eontra</strong></span> <span class='ocrx_word' id='word_1_690' title='bbox 2572 4650 2708 4699; x_wconf 84' lang='lat' dir='ltr'><strong>eam,</strong></span> <span class='ocrx_word' id='word_1_691' title='bbox 2732 4649 2844 4699; x_wconf 79' lang='lat' dir='ltr'><strong>quae</strong></span> <span class='ocrx_word' id='word_1_692' title='bbox 2869 4638 3059 4687; x_wconf 78' lang='lat' dir='ltr'><strong>Euthiae</strong></span> <span class='ocrx_word' id='word_1_693' title='bbox 3077 4637 3228 4687; x_wconf 87' lang='lat' dir='ltr'><strong>tribui</strong></span> <span class='ocrx_word' id='word_1_694' title='bbox 3247 4639 3398 4698; x_wconf 84' lang='lat' dir='ltr'><strong>solet,</strong></span> <span class='ocrx_word' id='word_1_695' title='bbox 3421 4638 3485 4687; x_wconf 88' lang='lat' dir='ltr'><strong>ab</strong></span> <span class='ocrx_word' id='word_1_696' title='bbox 3516 4638 3744 4687; x_wconf 74' lang='lat' dir='ltr'><strong>Diodoro</strong></span> 
     </span>
     <span class='ocr_line' id='line_1_97' title="bbox 2170 4714 3017 4779; baseline -0.001 -13"><span class='ocrx_word' id='word_1_697' title='bbox 2170 4716 2411 4779; x_wconf 78' lang='lat' dir='ltr'><strong>Periegeta</strong></span> <span class='ocrx_word' id='word_1_698' title='bbox 2430 4715 2734 4768; x_wconf 74' lang='lat' dir='ltr'><strong>Anaximenis</strong></span> <span class='ocrx_word' id='word_1_699' title='bbox 2754 4728 2856 4765; x_wconf 82' lang='lat' dir='ltr'><strong>esse</strong></span> <span class='ocrx_word' id='word_1_700' title='bbox 2877 4714 3017 4765; x_wconf 81' lang='lat' dir='ltr'><strong>tradi.</strong></span> 
     </span>
    </p>
   </div>
   <div class='ocr_carea' id='block_1_20' title="bbox 2581 4821 3307 4998">
    <p class='ocr_par' dir='ltr' id='par_1_27' title="bbox 2581 4821 3307 4998">
     <span class='ocr_line' id='line_1_98' title="bbox 2581 4821 3307 4881; baseline -0.001 0"><span class='ocrx_word' id='word_1_701' title='bbox 2581 4822 2680 4881; x_wconf 84' lang='lat' dir='ltr'><strong>DE</strong></span> <span class='ocrx_word' id='word_1_702' title='bbox 2724 4822 2949 4881; x_wconf 84' lang='lat' dir='ltr'><strong>PAGlS</strong></span> <span class='ocrx_word' id='word_1_703' title='bbox 2991 4821 3307 4881; x_wconf 84' lang='lat' dir='ltr'><strong>ATTICIS.</strong></span> 
     </span>
     <span class='ocr_line' id='line_1_99' title="bbox 2919 4948 2952 4998; baseline 0 0"><span class='ocrx_word' id='word_1_704' title='bbox 2919 4948 2952 4998; x_wconf 78' lang='lat'><strong>6</strong></span> 
     </span>
    </p>
   </div>
   <div class='ocr_carea' id='block_1_21' title="bbox 2231 5053 3744 5239">
    <p class='ocr_par' dir='ltr' id='par_1_28' title="bbox 2231 5053 3744 5239">
     <span class='ocr_line' id='line_1_100' title="bbox 2725 5053 3164 5116; baseline -0.007 -2"><span class='ocrx_word' id='word_1_705' title='bbox 2725 5053 3164 5116; x_wconf 74' lang='lat' dir='ltr'><strong>ERECTHEIS.</strong></span> 
     </span>
     <span class='ocr_line' id='line_1_101' title="bbox 2231 5172 3744 5239; baseline 0.001 -15"><span class='ocrx_word' id='word_1_706' title='bbox 2231 5178 2603 5238; x_wconf 78' lang='lat' dir='ltr'><strong>Euonymenses.</strong></span> <span class='ocrx_word' id='word_1_707' title='bbox 2635 5178 2965 5239; x_wconf 76' lang='lat' dir='ltr'><strong>Euonymus,</strong></span> <span class='ocrx_word' id='word_1_708' title='bbox 3001 5186 3149 5238; x_wconf 82' lang='lat' dir='ltr'><strong>pagus</strong></span> <span class='ocrx_word' id='word_1_709' title='bbox 3178 5172 3511 5225; x_wconf 79' lang='lat' dir='ltr'><strong>Erechtheidis</strong></span> <span class='ocrx_word' id='word_1_710' title='bbox 3541 5174 3744 5239; x_wconf 67' lang='lat' dir='ltr'><strong>tribus,</strong></span> 
     </span>
    </p>
   </div>
   <div class='ocr_carea' id='block_1_22' title="bbox 2127 5253 2605 5334">
    <p class='ocr_par' dir='ltr' id='par_1_29' title="bbox 2127 5253 2605 5334">
     <span class='ocr_line' id='line_1_102' title="bbox 2127 5253 2605 5334; baseline 0 -31"><span class='ocrx_word' id='word_1_711' title='bbox 2127 5326 2136 5331; x_wconf 28' lang='grc'>1</span> <span class='ocrx_word' id='word_1_712' title='bbox 2170 5253 2240 5334; x_wconf 81' lang='lat' dir='ltr'><strong>uti</strong></span> <span class='ocrx_word' id='word_1_713' title='bbox 2264 5254 2330 5331; x_wconf 84' lang='lat' dir='ltr'><strong>ait</strong></span> <span class='ocrx_word' id='word_1_714' title='bbox 2351 5253 2605 5305; x_wconf 88' lang='lat' dir='ltr'><strong>Diodorus.</strong></span> 
     </span>
    </p>
   </div>
  </div>
 </body>
</html>
