4016 5916
478 440 592 494 {42

459 562 664 626 ’Ἄντων
683 558 745 636 ἧν
772 563 938 641 ὄνομα
967 565 1041 644 τῷ
1062 562 1273 642 ἐραστῇ,
1304 564 1379 641 τῷ
1408 558 1462 618 δὲ
1486 560 1730 641 ἐρωμένῳ
1750 561 2021 632 Φίλιστος,

456 657 539 719 ὡς
568 656 621 711 ἐν
649 656 753 719 τοῖς
781 650 975 717 Αἰτίοις
997 648 1259 715 Διονύσιος
1281 652 1309 706 ὁ
1338 647 1556 720 ποιητὴς
1582 648 1844 728 ἱστόρησε.

553 745 734 799 Allata
767 741 969 816 procul
1003 739 1179 795 dubio
1213 758 1243 794 e
1271 750 1465 794 nostro
1506 739 1804 794 Aristotele
1841 735 2025 792 ssuxe-

473 842 641 905 runt,
700 848 1022 903 quanquam
1081 830 1219 885 alius
1251 827 1605 895 Aristoteles,
1651 826 2027 882 Chalcidensis

473 920 686 993 patria,
723 915 794 972 de
822 916 990 971 rebus
1027 916 1252 971 Euboeae
1298 915 1508 969 librum
1533 914 1859 987 scripserat,
1893 924 2026 967 teste

472 1005 920 1080 Harpocratione
943 1022 998 1058 V.
1024 997 1282 1082 Ἄργουρα
1316 1020 1331 1059 :
1362 997 1521 1058 Ἔστι
1539 997 1595 1056 δὲ
1621 997 1770 1064 πόλις
1799 1001 1891 1067 τῆς
1917 999 2028 1056 Εὐ-

472 1096 617 1163 ὅοίας
638 1100 690 1155 ἐν
711 1100 774 1176 τῇ
798 1096 1096 1173 Χαλκιδικῇ
1121 1091 1356 1171 κειμένη,
1377 1096 1447 1160 ὡς
1467 1090 1824 1171 Ἀριστοτέλης
1843 1095 1870 1149 ὁ
1886 1093 2029 1151 Χαλ-

455 1182 639 1250 κιδεὺς
672 1186 722 1242 ἐν
752 1187 826 1262 τῷ
858 1182 989 1263 Περὶ
1021 1181 1245 1249 Εὐόοίας
1287 1182 1405 1258 (Cf.
1439 1182 1633 1256 steph.
1673 1184 1807 1255 Byz.
1837 1200 1879 1239 s,
1918 1200 1972 1235 v·
2011 1197 2026 1236 ε

472 1270 646 1337 Τόπος
675 1269 929 1341 Εὖὸοίας,
952 1270 1079 1328 ὅπου
1110 1271 1250 1328 δοκεῖ
1271 1269 1358 1327 τὸν
1385 1268 1667 1341 Πανόπτην
1693 1267 1896 1347 Ἑρμῆς
1933 1288 2029 1322 πε·

471 1358 789 1439 φονευκέναι.
829 1359 1169 1434 Apollodor.
1209 1365 1277 1417 fr.
1314 1356 1709 1434 152).Sch01.
1760 1356 2029 1429 Apollom

471 1448 581 1505 Rh.
622 1450 680 1516 Ῑ,
714 1445 826 1503 558
858 1464 872 1505 :
914 1443 1137 1510 Σουΐδας
1161 1442 1252 1501 καὶ
1272 1441 1646 1523 Ἀριστοτέλης,
1676 1443 1723 1501 οἱ
1757 1438 1879 1518 περὶ
1915 1441 2023 1498 Εὐ-

459 1532 618 1599 -6οίας
644 1529 1204 1612 πεπραγματευμένοι,
1250 1542 1305 1588 et
1359 1535 1451 1588 alii
1481 1531 1656 1606 (quos
1698 1550 1752 1585 v.
1793 1532 1853 1584 in
1888 1535 1952 1588 l‘r.
1994 1528 2029 1582 6

475 1624 731 1696 Dionysii
758 1620 1172 1696 Chalcidensis)
1207 1620 1279 1676 de
1313 1632 1491 1676 matre
1522 1619 1749 1674 Achillis
1774 1619 1935 1673 aliter
1967 1636 2031 1671 ac

460 1710 641 1784 .vulgo
669 1707 733 1764 fit
771 1719 1036 1764 statuunt.
1071 1710 1325 1764 Fortasse
1352 1708 1677 1763 Aristoteles
1705 1704 2033 1762 Chalciden-

455 1798 541 1851 sis
569 1808 688 1852 erat
726 1797 883 1870 Pepli
920 1808 1138 1851 auctor.

1159 1937 1348 2017 [ma]

556 2078 746 2156 [Arist.
760 2080 960 2148 Potv,
992 2077 1023 2133 3
1043 2119 1059 2147 ,
1080 2079 1115 2134 6
1144 2097 1158 2136 ε
1179 2075 1273 2136 Ἐν
1294 2073 1519 2135 Χαλκίδι
1535 2073 1707 2143 Φόξον
1735 2073 1823 2133 τὸν
1846 2071 2033 2152 τύραν·

461 2186 561 2223 ’νον
593 2161 726 2241 μετὰ
761 2167 862 2222 τῶν
901 2154 1175 2243 γνωρίμων
1203 2166 1231 2222 ὁ
1258 2164 1419 2241 δῆμος
1457 2160 1655 2221 ἀνελὼν
1694 2160 1838 2229 εὐθὺς
1864 2160 2035 2241 εἴχετο

465 2256 564 2323 τῆς
592 2249 875 2318 πολιτείας.
1369 2290 1378 2297 -

555 2346 623 2411 V,
666 2360 734 2398 10
754 2387 770 2413 ,
797 2342 829 2397 3
861 2359 874 2400 ε
911 2337 1329 2418 (Μεταὸάλλει)
1361 2337 1451 2395 καὶ
1480 2339 1549 2404 εἰς
1565 2335 1882 2417 ’ὀλιγαρχίαν
1916 2339 2032 2415 (τυ·

463 2426 676 2507 ραννίς)
700 2472 718 2502 ,
747 2424 925 2507 ὥσπερ
952 2433 985 2498 ἡ
1010 2429 1063 2485 ἐν
1091 2425 1317 2487 Χαλκίδι
1347 2430 1380 2497 ἡ
1409 2425 1806 2497 Ἀντιλέοντος.]

556 2517 637 2574 De
668 2518 976 2593 oligarchia
999 2518 1450 2573 Chalcidensium
1480 2516 1553 2570 cf.
1585 2515 1653 2570 fr.
1695 2533 1826 2589 109.

1000 2675 1507 2752 [semmam]

1155 2842 1360 2968 [109-l⁸

555 3001 752 3078 [Arist.
781 3005 909 3061 Pol.
947 3005 1041 3074 lv,
1070 3004 1126 3073 3,
1158 3023 1189 3060 2
1229 3023 1243 3062 τ
1276 3002 1399 3064 Ἐπὶ
1432 3006 1534 3061 τῶν
1563 3003 1798 3084 ἀρχαίων
1825 3004 2028 3085 χρόνων

461 3088 617 3153 ὅσαις
644 3085 856 3146 πόλεσιν
888 3091 939 3146 ἐν
969 3090 1073 3154 τοῖς
1095 3088 1274 3156 ἵπποις
1314 3095 1342 3160 ἡ
1368 3087 1584 3167 δύναμις
1610 3084 1692 3162 ἦν,
1728 3091 2028 3172 ὀλιγαρχίαι

467 3173 617 3255 παρὰ
646 3173 841 3240 τούτοις
864 3166 1017 3246 ἦσαν.
1047 3176 1316 3256 Ἐχρῶντο
1352 3177 1406 3236 δὲ
1444 3178 1571 3257 πρὸς
1597 3176 1712 3246 τοὺς
1747 3179 2024 3256 πολεμίους

473 3341 729 3402 Dionysius
750 3344 890 3403 poeta
914 3342 961 3390 in
995 3343 1158 3405 AEtiis,
1184 3345 1420 3393 Anionem
1446 3345 1700 3407 amatoris,
1736 3347 1902 3395 amasii
1939 3360 2030 3396 no·

473 3431 583 3477 men
606 3418 860 3468 Philistum
879 3420 1056 3482 prodit.

533 3487 774 3551 [Argura,
816 3490 1010 3539 Euboeae
1048 3490 1164 3540 urbs
1199 3491 1249 3540 in
1290 3491 1672 3543 Chalcidensium
1718 3493 1934 3558 regione,
1974 3497 2031 3545 ut

472 3566 752 3618 Aristoteles
774 3569 1098 3621 Chalcidensis
1119 3570 1186 3619 ait
1208 3570 1257 3619 in
1276 3570 1400 3620 libro
1419 3575 1490 3622 De
1511 3574 1735 3638 Euboea.]

1159 3687 1323 3758 [¹⁰8-l

533 3796 793 3860 [Chalcide
815 3800 1037 3863 populus,
1060 3815 1212 3863 quum
1238 3803 1458 3855 Pboxum
1480 3807 1740 3868 tyrannum
1776 3822 1888 3858 cum
1907 3810 2028 3860 illu-

469 3873 648 3923 stribus
679 3877 729 3924 et
759 3875 898 3924 claris
920 3876 1037 3926 viris
1071 3880 1356 3942 sustulisset,
1385 3884 1614 3932 continuo
1645 3897 1696 3934 se
1718 3884 1777 3934 ad
1813 3887 2028 3949 politiam

465 3950 673 4000 contulit
695 3954 842 4014 atque
859 3953 1162 4018 applicavit]

534 4028 866 4092 [Transfertur
883 4034 1103 4093 tyrannis
1118 4036 1167 4084 et
1201 4035 1249 4084 in
1273 4036 1606 4102 oligarcliiam,
1640 4044 1696 4092 ut
1719 4042 1768 4091 in
1802 4044 2029 4096 Chalcide

468 4107 685 4168 tyrannis
708 4108 1038 4173 Antileontis]

930 4227 1575 4318 [ssassrsissNs1UM.]

1159 4364 1327 4434 [109.]

529 4486 731 4550 [Priscis
768 4490 860 4540 illis
886 4493 1209 4556 temporibus,
1235 4498 1412 4561 quibus
1445 4501 1723 4554 civitatibus
1739 4507 1950 4568 potentia
1976 4507 2027 4558 in

455 4564 681 4625 -cquitatu
702 4568 1014 4630 consistebat,
1036 4573 1164 4634 apud
1182 4572 1266 4623 lias
1283 4580 1420 4626 erant
1438 4578 1727 4641 oligarcbiae.
1751 4584 2025 4634 Utebantur

468 4642 632 4687 autem
656 4641 792 4702 equis
814 4642 861 4691 iu
886 4644 1046 4696 hostes
1061 4662 1184 4710 quos
1211 4651 1451 4703 habebant
1473 4656 1725 4718 finitimos,
1752 4673 1801 4709 v.
1831 4675 1876 4724 g.
1905 4665 2023 4712 Ere-

471 4717 667 4764 trienses
684 4718 730 4765 et
747 4718 1107 4784 Chalcidenses,
1133 4730 1182 4775 et
1204 4731 1444 4792 Magnetes
1468 4734 1552 4796 qui
1573 4736 1873 4788 Maeandrum
1886 4751 2023 4789 acco·

469 4790 632 4838 lebant
658 4794 864 4843 etmulti
887 4797 964 4846 alii
987 4801 1109 4850 Asiae
1129 4805 1341 4870 populi.]

535 4874 797 4939 [oriuntur
818 4881 962 4932 etiam
982 4887 1233 4940 seditiones
1251 4906 1312 4942 ex
1333 4898 1515 4948 mutuis
1533 4900 1727 4951 offensis
1748 4915 1868 4965 quas
1884 4906 2025 4967 pauci

465 4952 773 5005 dominantes
795 4958 920 5008 inter
953 4975 1005 5011 se
1031 4972 1285 5031 exercent,
1327 4972 1443 5024 dum
1484 4979 1778 5030 matrimonii
1814 4982 2022 5045 judicio-

473 5044 642 5082 rumve
660 5047 803 5085 causa
825 5038 1091 5093 simultates
1112 5059 1196 5106 per
1219 5049 1448 5104 sactiones
1469 5057 1764 5121 suscipiunt,
1788 5073 1838 5110 V.
1867 5075 1939 5124 gr.
1960 5076 2025 5113 ex

463 5121 616 5160 causa
653 5114 851 5176 nuptiali
889 5118 1143 5173 seditiones
1170 5139 1289 5187 quas
1328 5137 1441 5181 ante
1471 5135 1705 5198 diximus,
1733 5141 1852 5188 ortae
1888 5146 2020 5193 sunt.

1579 428 2080 489 ARISTOTELIS
2128 430 2625 490 FRAGMENTA.

2113 558 2289 627 ἵπποις
2303 560 2429 640 πρὸς
2443 558 2557 628 τοὺς
2578 559 2959 638 ἀστυγείτονας,
2982 555 3086 621 οἶον
3100 563 3381 644 Ἐρετριεῖς
3403 566 3494 624 καὶ
3516 570 3670 627 Χαλ·

2117 648 2273 712 κιδεῖς
2299 648 2388 705 καὶ
2417 647 2694 724 Μάγνητες
2726 649 2774 706 οἱ
2804 648 2888 706 ἐπὶ
2922 649 3212 733 Μαιάνδρῳ
3238 652 3328 710 καὶ
3355 657 3459 711 τῶν
3496 655 3672 713 ἄλλων

2121 735 2306 793 πολλοὶ
2330 732 2448 813 περὶ
2469 733 2563 804 τὴν
2599 733 2794 795 Ἀσίαν.

2194 825 2318 881 Pol.
2344 827 2411 893 V,
2431 823 2483 893 5,
2520 842 2622 878 10:
2657 822 2896 881 Γίνονται
2924 821 2979 882 δὲ
3012 824 3221 891 στάσεις
3253 826 3342 884 καὶ
3366 829 3424 886 ἐκ
3453 834 3543 886 τοῦ
3568 854 3678 887 πε-

2118 913 2415 989 ριωθεῖσθαι
2448 906 2658 989 ,ἑτέρους
2704 909 2787 991 ὑφ’
2824 910 3012 991 ἑτέρων
3049 916 3153 970 τῶν
3201 916 3253 971 ἐν
3288 918 3354 993 τῇ
3392 917 3672 999 ὀλιγαρχία

2118 999 2312 1074 αὐτῶν,
2353 996 2444 1054 καὶ
2479 997 2989 1066 καταστασιάζεσθαι
3028 999 3164 1058 κατὰ
3203 1000 3404 1079 γάμους
3433 1002 3466 1075 ἢ
3500 1003 3672 1072 δίκας·

2124 1075 2230 1144 οἷον
2262 1086 2320 1143 ἐκ
2347 1089 2574 1163 γαμικῆς
2600 1084 2693 1161 μὲν
2719 1085 2888 1152 αἰτίας
2908 1088 2963 1145 αἱ
2988 1085 3259 1167 εἰρημέναι
3281 1090 3529 1170 πρότερον
3551 1114 3562 1126 ·
3589 1093 3680 1151 καὶ
3785 1096 3791 1101 ’

2117 1172 2210 1245 τὴν
2241 1174 2293 1232 ἐν
2319 1171 2563 1252 Ἐρετρίᾳ
2584 1174 2630 1230 δ’
2658 1172 2966 1253 ὀλιγαρχίαν
2991 1174 3085 1245 τὴν
3123 1178 3225 1234 τῶν
3251 1174 3456 1237 ἱππέων
3481 1179 3676 1256 Δια-γά.

2120 1283 2211 1340 ρας
2236 1257 2515 1319 κατέλυσεν
2544 1259 2803 1330 ἀδικηθεὶς
2821 1261 2941 1341 περὶ
2965 1260 3153 1339 γάμον.
3182 1262 3204 1341 ]
3234 1266 3318 1323 Cf.
3356 1266 3427 1323 de
3457 1268 3676 1323 Eretria

2120 1351 2189 1405 fr.
2226 1349 2351 1405 106.

2694 1477 3105 1560 [ΩΡΕΙΤΩΝ]

2775 1619 2916 1697 [109
2946 1627 3015 1691 a.]

2203 1782 2404 1860 [Arist.
2431 1783 2557 1840 Pol.
2587 1786 2655 1856 V,
2687 1801 2742 1853 a,
2787 1802 2823 1857 9
2867 1801 2881 1841 τ
2928 1781 3334 1842 Μεταὸάλλουσι
3369 1784 3412 1843 δ’
3442 1788 3495 1843 αἱ
3525 1788 3678 1844 πολι-

2121 1878 2256 1928 τεῖαι
2288 1867 2377 1926 καὶ
2406 1867 2526 1926 ἄνευ
2557 1866 2856 1932 στάσεως...
2898 1867 2961 1925 δι’
2984 1869 3279 1949 ὀλιγωρίαν,
3305 1869 3429 1929 ὅταν
3457 1870 3679 1931 ἐάσωσιν

2123 1959 2194 2023 εἷς
2216 1952 2308 2023 τὰς
2336 1952 2502 2035 ἀρχὰς
2531 1954 2623 2021 τὰς
2660 1953 2838 2034 κυρίας
2882 1954 3125 2034 παριέναι
3147 1954 3264 2023 τοὺς
3291 1955 3366 2034 μὴ
3410 1961 3499 2028 τῆς
3522 1961 3680 2016 πολι-

2121 2043 2261 2110 τείας
2302 2042 2502 2124 φίλους,
2538 2040 2715 2120 ὥσπερ
2745 2043 2795 2099 ἐν
2827 2040 3003 2122 Ὠρεῷ
3039 2041 3297 2115 κατελύθη
3321 2048 3354 2116 ἡ
3390 2046 3670 2124 ὀλιγαρχία

2123 2135 2223 2191 τῶν
2271 2128 2535 2211 ἀρχόντων
2572 2127 2846 2208 γενομένου
2890 2128 3353 2212 Ἡρακλεοδώρου,
3385 2131 3436 2198 ὃς
3462 2131 3512 2200 ἐξ
3551 2135 3667 2190 ὀλι-

2122 2219 2346 2299 γαρχίας
2372 2215 2635 2276 πολιτείαν
2655 2217 2744 2274 καὶ
2767 2216 3121 2297 δημοκρατίαν
3140 2218 3539 2279 κατεσκεύασεν.
3566 2221 3592 2300 ]

2661 2354 3143 2435 [ΕΣΤΙΑΙΕΩΝ.]

2783 2501 2919 2579 [109
2938 2502 3024 2581 b.]

2207 2658 2318 2736 [td.
2345 2659 2467 2717 Pol.
2493 2662 2562 2730 V,
2598 2659 2653 2731 3,
2681 2680 2713 2716 2
2742 2656 2959 2726 τὍλως
2980 2658 3033 2717 δὲ
3058 2661 3113 2717 αἱ
3132 2663 3237 2718 τῶν
3251 2660 3523 2741 γνωρίμων
3553 2662 3681 2721 στά·

2125 2769 2230 2812 σεις
2267 2745 2643 2804 συναπολαύειν
2668 2752 2875 2806 ποιοῦσι
2902 2747 2991 2805 καὶ
3018 2744 3112 2817 τὴν
3136 2745 3262 2819 δ’λην
3290 2748 3438 2807 πόλιν
3458 2769 3472 2784 ·
3496 2740 3598 2809 οἷον
3624 2751 3677 2808 ἐν

2128 2832 2374 2913 Ἑστιαίᾳ
2405 2831 2597 2906 συνέὸη
2645 2835 2778 2910 μετὰ
2805 2834 2872 2894 τὰ
2898 2834 3113 2907 Μηδικὰ
3133 2880 3148 2907 ,
3183 2835 3270 2894 δύο
3296 2836 3527 2916 ἀδελφῶν
3553 2838 3677 2917 περὶ

2126 2924 2217 2992 τῆς
2239 2916 2488 3003 πατρῴας
2514 2926 2675 3000 νομῆς
2700 2921 3056 3003 διενεχθέντων
3085 2942 3100 2956 ·
3120 2927 3147 2982 ὁ
3167 2923 3260 3001 μὲν
3282 2921 3381 3004 γὰρ
3406 2923 3677 3004 ἀπορώτε-

2126 3032 2209 3089 ρος
2228 3053 2245 3084 ,
2276 3012 2345 3076 ὡς
2364 3013 2458 3067 οὐκ
2480 3010 2852 3090 ἀποφαίνοντος
2886 3011 3100 3091 θατέρου
3130 3010 3220 3083 τὴν
3245 3012 3421 3071 οὐσίαν
3447 3012 3562 3071 οὐδὲ
3587 3012 3677 3073 τὸν

2124 3095 2405 3174 θησαυρὸν,
2438 3093 2495 3154 δν
2519 3088 2663 3176 εὗρεν
2696 3101 2723 3155 ὃ
2746 3095 2942 3178 πατὴρ,
2969 3099 3256 3180 προσήγετο
3299 3098 3413 3167 τοὺς
3455 3101 3679 3177 δημοτι-

2123 3180 2266 3255 κοὺς,
2292 3186 2321 3240 ὁ
2348 3183 2392 3240 δ’
2421 3182 2591 3264 ἕτερος
2609 3183 2745 3264 ἔχων
2771 3186 2951 3246 οὖσίαν
2981 3185 3183 3257 πολλὴν
3206 3185 3320 3253 τοὺς
3349 3187 3612 3267 εὐπόρους.
3653 3190 3677 3269 ]

2123 3348 2442 3409 Oligarrliiam
2463 3363 2607 3410 porro
2626 3351 2942 3400 Eretriensem
2956 3388 2971 3413 ,
3001 3366 3148 3414 quam
3170 3354 3353 3416 equites
3375 3353 3677 3416 obtinebant,

2122 3424 2346 3488 Diagoras
2372 3427 2594 3490 sustulit,
2615 3430 2814 3490 accepta
2834 3429 3006 3491 injuria
3023 3428 3072 3477 in
3092 3430 3281 3492 negotio
3306 3431 3648 3495 matrimonii.]

2638 3560 3149 3639 [munaum

2785 3701 2907 3766 [109
2931 3698 3000 3769 al

2184 3817 2472 3880 [Mutantur
2495 3832 2637 3881 porro
2681 3820 2959 3882 respublicae
2997 3820 3142 3870 etiam
3174 3820 3276 3869 sine
3316 3820 3553 3871 seditione
3590 3835 3667 3883 pei

2122 3895 2384 3956 incuriam,
2411 3909 2564 3958 quum
2600 3910 2683 3946 eos
2716 3897 2796 3960 qui
2820 3910 2848 3945 a
2882 3897 3155 3960 reipublicoe
3193 3896 3346 3945 torma
3381 3897 3538 3946 alieno
3557 3903 3675 3948 sunt

2117 3971 2279 4021 animo
2293 3972 2355 4022 ad
2374 3973 2687 4036 amplissimos
2700 3973 2997 4036 magistratus
3016 3973 3263 4036 pervenire
3281 3974 3443 4022 sinunt
3467 3992 3479 4022 ι
3502 3988 3676 4036 quem-

2117 4051 2379 4101 admodum
2411 4054 2523 4102 orei
2547 4054 2735 4103 sublata
2769 4052 3024 4114 oltgarchia
3061 4055 3133 4101 est
3165 4065 3222 4101 eo
3244 4051 3375 4115 quod
3412 4053 3673 4102 Heracleo-

2119 4129 2266 4179 dorus
2304 4129 2354 4178 in
2399 4132 2662 4192 praetorum
2697 4129 2947 4190 collegium
2985 4131 3239 4192 cooptatus
3266 4130 3451 4191 suerat,
3489 4130 3573 4192 qui
3612 4144 3676 4180 ex

2119 4206 2377 4270 oligarchia
2396 4209 2610 4271 politiam
2635 4210 2685 4258 et
2703 4207 3045 4258 democratiam
3074 4208 3204 4258 fecit.
3227 4208 3245 4273 ]

2559 4331 3201 4401 [ΗΕεΤυεΕΝειυΜ.
3223 4330 3243 4408 ]

2780 4479 2901 4549 {¹⁰9
2935 4478 3011 4547 b.]

2179 4600 2415 4664 [Omnino
2438 4604 2599 4652 autem
2638 4606 2942 4667 optimatium
2975 4604 3229 4656 seditiones
3246 4606 3401 4653 totam
3422 4605 3668 4653 civitatem

2115 4678 2165 4727 in
2200 4679 2399 4730 eandem
2420 4681 2636 4731 fraudem
2657 4684 2856 4735 trabunt
2878 4706 2889 4734 ε
2913 4686 3054 4747 quale
3072 4684 3190 4733 illud
3215 4686 3285 4732 est
3305 4683 3436 4746 quod
3462 4682 3674 4732 Hestiaeae

2115 4758 2287 4808 accidit
2310 4761 2416 4822 post
2440 4759 2620 4811 bellum
2655 4763 2923 4826 Medicum,
2954 4766 3066 4813 nato
3102 4762 3225 4812 inter
3266 4761 3390 4812 duos
3424 4764 3586 4812 fratres
3616 4760 3677 4811 de

2116 4835 2351 4886 bonorum
2371 4841 2678 4901 paternorum
2706 4840 2943 4891 divisione
2961 4840 3172 4891 dissidio,
3206 4844 3329 4891 Nam
3348 4840 3414 4900 is,
3447 4849 3585 4902 cinus
3603 4853 3678 4890 res

2115 4913 2355 4963 familiaris
2380 4917 2481 4965 erat
2507 4917 2769 4978 angustior,
2790 4932 2943 4980 quum
2967 4919 3088 4967 alter
3113 4931 3216 4967 rem
3235 4929 3264 4966 a
3300 4920 3436 4980 patre
3464 4917 3674 4966 relic-tam

2114 5003 2209 5040 non
2242 4991 2514 5051 exhiberet,
2535 5006 2690 5055 neque
2710 4995 3023 5056 thesaurum,
3056 5005 3203 5057 quem
3238 4997 3375 5057 pater
3399 4994 3675 5055 invenerat,

2113 5067 2371 5130 proferret,
2386 5069 2639 5131 populares
2650 5071 2739 5118 sibi
2756 5071 2975 5133 adjunxit
2994 5087 3009 5133 ;
3032 5072 3153 5121 alter
3172 5071 3241 5121 rei
3257 5071 3504 5121 familiaris
3523 5070 3675 5133 copiis

2113 5144 2388 5206 abundans,
2416 5146 2724 5212 locupleta]
