4016 5916
557 305 669 354 5⁴ss

553 430 790 497 habens,
831 449 948 484 non
980 433 1222 504 pertinet
1256 430 1327 485 ad
1364 432 1605 486 nominis
1638 433 2097 509 explicationem,

553 517 648 572 sed
673 520 927 572 notitiam
949 518 1272 574 historicam
1297 520 1547 573 continet
1574 518 1646 574 de
1674 520 1958 591 inusitata,
1990 540 2102 596 qua

555 606 780 679 insignis
837 616 1033 661 auctor
1082 605 1347 678 dynastiae
1398 607 1798 681 Memphiticae,
1852 611 2105 682 corporis

553 695 905 764 proceritate.
941 695 1268 749 Accuratius
1299 710 1416 748 rem
1441 703 1663 748 servant
1695 705 1956 768 excerpta
1980 698 2105 752 Ma-

553 779 891 836 nethoniana
908 822 924 850 ,
953 782 1157 854 quibus
1177 779 1463 836 Sesochris
1485 798 1583 836 rex
1612 782 1863 854 quinque
1885 783 2105 839 cubitos

554 878 608 921 et
632 876 742 922 tres
763 870 979 941 palmos
1005 869 1147 923 altus
1183 867 1345 923 fuisse
1373 877 1656 925 narratur.
1688 900 1764 909 —
1791 871 1916 925 Jam
1952 889 2100 942 quo-

551 954 725 1009 modo
767 956 972 1009 factum
1012 956 1114 1023 sit,
1152 964 1215 1008 ut
1258 954 1522 1009 Manetho
1565 956 1776 1028 primos
1816 974 1991 1011 annos
2030 957 2103 1026 78

553 1042 712 1113 hujus
731 1042 994 1115 dynastiae
1016 1043 1160 1097 inter
1187 1041 1329 1097 duos
1345 1059 1503 1115 reges
1530 1041 1852 1110 distribuat,
1878 1053 1933 1098 et
1955 1062 2105 1116 prae-

554 1140 701 1184 terea
725 1131 891 1184 etiam
911 1130 1135 1184 tertium
1156 1146 1347 1202 regem
1381 1128 1769 1183 Necherochin
1796 1145 1924 1183 cum
1950 1132 2106 1184 annis

554 1218 627 1272 28
640 1217 977 1286 introducat,
994 1235 1195 1290 parum
1213 1216 1406 1289 liquet.
1424 1215 1697 1271 Cleeneoes
1714 1215 1939 1271 sortasse
1955 1216 2103 1272 idem

551 1315 633 1357 est
662 1305 759 1376 qui
793 1304 1143 1359 Sator-cheres
1159 1344 1175 1371 ,
1201 1302 1527 1358 abbreviato
1554 1303 1816 1371 nomine,
1846 1313 1901 1358 et
1928 1303 2106 1358 inter-

549 1392 726 1463 posita
776 1392 935 1448 litera
977 1410 1015 1444 n
1063 1388 1162 1465 (ut
1180 1391 1241 1443 in
1285 1391 1627 1443 Ra-n-seser
1667 1406 1774 1461 pro
1819 1389 2099 1448 Ba-seser.

465 1487 469 1491 '
551 1479 715 1533 Buris.
750 1497 808 1551 p.
844 1478 980 1552 69).
1010 1476 1385 1533 Necherochis
1426 1494 1538 1531 una
1568 1494 1697 1530 cum
1718 1476 1975 1530 Sesochri
2004 1495 2101 1531 re-

548 1567 819 1637 gnaverit.
859 1567 1127 1619 Praeterea
1156 1564 1463 1618 Bunsenius
1499 1561 1586 1636 (p.
1619 1561 1760 1636 105)
1796 1563 2103 1634 suspicatur

550 1653 942 1707 Sesorcherem
979 1652 1208 1707 sortasse
1253 1651 1497 1706 eundem
1538 1668 1651 1705 esse
1690 1669 1819 1706 cum
1856 1650 2101 1706 Uchoreo

550 1757 717 1810 quem
757 1739 1043 1795 Diodorus
1099 1740 1195 1816 (1,
1246 1739 1356 1807 50,
1405 1737 1477 1811 3)
1517 1755 1709 1811 regem
1745 1755 1778 1793 a
1820 1738 1999 1793 Busiri
2044 1741 2101 1793 11

549 1838 809 1883 octavum
831 1827 993 1883 fuisse
1009 1869 1026 1896 ,
1055 1837 1224 1900 atque
1248 1827 1536 1899 Memphin
1564 1824 1879 1880 condidisse
1902 1825 2094 1885 tradit.

546 1915 716 1987 Quod
758 1916 804 1970 si
842 1924 951 1984 est,
992 1915 1103 1970 huc
1136 1915 1445 1989 pertineret
1486 1911 1642 1967 haud
1680 1912 1849 1967 dubie
1892 1930 2101 1967 nomen

546 1998 1062 2070 U-SESER-KET,
1106 2001 1264 2075 quod
1301 2001 1534 2073 Lepsius
1569 2001 1629 2053 in
1670 2017 1869 2073 campo
1906 2001 2098 2074 sepul-

546 2091 681 2147 crali
709 2091 782 2147 ad
814 2089 1134 2164 pyramides
1158 2089 1479 2147 Gizehianas
1506 2088 1716 2162 reperit
1758 2085 1876 2166 (Cf.
1911 2097 2095 2142 tamen

543 2190 665 2236 not.
691 2179 764 2234 ad
787 2179 918 2252 dyn.
943 2177 1051 2255 V).

625 2265 896 2321 Praeterea
917 2264 990 2321 ad
1014 2263 1197 2339 prima
1218 2264 1336 2319 haec
1360 2261 1622 2336 dynastiae
1645 2263 1818 2317 tertiae
1839 2270 2095 2335 tempora

540 2351 836 2407 referenda
858 2362 1043 2407 censet
1068 2369 1266 2426 regum
1293 2352 1522 2405 nomina
1543 2353 1686 2405 Asss
1725 2359 1782 2404 et
1809 2354 2092 2419 Asnsnrr,

542 2457 789 2511 quorum
810 2439 955 2494 illud
992 2451 1255 2513 quartum
1289 2449 1370 2493 est
1391 2440 1453 2494 in
1477 2436 1618 2493 serie
1640 2455 1839 2512 regum
1879 2435 2093 2495 Carna-

541 2527 698 2581 ciana
715 2566 732 2594 ,
761 2526 1075 2582 hoc·exstat
1102 2527 1162 2579 in
1188 2524 1642 2597 inscriptionibus
1668 2522 2052 2597 sepulcrorum
2073 2563 2088 2591 ,

541 2631 663 2685 quae
686 2630 864 2687 prope
889 2612 1207 2687 pyramides
1229 2612 1549 2668 Gizehianas
1570 2612 1673 2666 sita
1693 2618 1838 2667 sunt.
1866 2609 1949 2668 Cf.
1978 2629 2090 2665 no-

543 2712 654 2755 tam
676 2701 748 2756 de
766 2719 899 2774 rege
919 2701 1174 2773 septim0.
1678 2712 1687 2722 ·
1803 2766 1809 2772 .

616 2791 671 2844 11
701 2801 756 2843 et
784 2791 889 2845 111.
920 2790 1244 2859 Sequuntur
1282 2805 1370 2858 ap.
1403 2787 1803 2842 Manethonem
1831 2805 1848 2842 ε
1895 2788 2091 2843 Tosor-

539 2877 662 2932 thos
695 2895 788 2932 an.
832 2892 906 2947 29
944 2884 1001 2929 et
1042 2876 1226 2945 Tyr-eis
1269 2892 1358 2930 an.
1401 2891 1455 2941 7.
1503 2872 1638 2944 Quae
1675 2874 2088 2930 accommodari

539 2964 698 3018 facile
729 2961 1161 3017 Eratosthenicis
1193 2970 1449 3034 possunt,
1488 2960 1661 3015 modo
1703 2961 1959 3016 ordinem
1998 2981 2090 3018 re·-

532 3067 669 3121 gum
697 3050 952 3102 invertas.
1034 3045 1322 3101 Secundus
1343 3045 1637 3118 ponendus
1660 3048 1852 3119 Tyreis
1882 3065 1974 3102 an.
2012 3067 2041 3118 7
2069 3091 2084 3117 ,

536 3137 626 3191 cui
671 3155 761 3209 ap.
802 3136 952 3189 Erat.
994 3131 1295 3206 respondet
1346 3132 1597 3187 Stoichos
1641 3130 1836 3211 (Ares)
1878 3154 1971 3193 cm,
2016 3136 2086 3210 63

535 3223 740 3278 deinde
764 3223 958 3276 tertius
988 3220 1291 3275 Tosorthos
1318 3238 1408 3274 an.
1440 3239 1513 3293 29
1531 3262 1546 3289 ,
1579 3223 1677 3293 qui
1705 3240 1791 3295 ap.
1823 3224 1971 3280 Erat.
2008 3235 2090 3278 est

539 3312 848 3367 Goso'rmies
873 3328 965 3365 an.
996 3311 1090 3367 30.

612 3402 687 3455 11.
731 3401 953 3454 Nomen
989 3398 1136 3470 regis
1171 3395 1402 3451 secundi
1438 3397 1829 3452 Eratosthenes
1869 3416 1899 3453 a
1928 3399 2084 3454 Bun-

532 3489 686 3543 senio
711 3486 1036 3541 emendatus
1061 3486 1458 3557 interpretatur
1472 3501 1612 3538 voce
1634 3481 1908 3553 ἡλιόθετος.
1940 3487 2084 3541 Hinc

532 3577 835 3630 Bunsenius
866 3574 1079 3647 colligit
1118 3590 1328 3626 nomen
1365 3572 1690 3645 AEgyptium
1726 3574 1819 3627 vix
1840 3575 2083 3647 potuisse

531 3662 684 3718 aliud
712 3680 824 3718 esse
852 3662 956 3716 nisi
982 3680 995 3714 ε
1027 3660 1434 3714 TET-KE-RA
1451 3699 1467 3728 ,
1495 3658 1652 3731 quod
1674 3658 1749 3714 ad
1766 3660 2085 3732 pyramides

530 3752 590 3804 in
610 3750 995 3823 sepulcrorum
1008 3746 1461 3820 inscriptionibus
1474 3756 1761 3820 repertum
1777 3756 1872 3803 est.
1893 3748 2083 3804 Graece

529 3838 699 3894 scribi
739 3837 926 3911 potuit
964 3834 1319 3889 Tei-che-res
1345 3844 1442 3889 aut
1484 3834 1796 3907 Ty-ke-res.
1833 3836 1954 3890 Hoc
1984 3835 2083 3890 de-

530 3925 670 3980 disse
695 3924 921 3979 videtur
947 3923 1208 3978 Manetho
1226 3963 1242 3991 ,
1268 3923 1329 3976 in
1365 3920 1521 3993 cujus
1543 3921 1821 3976 laterculis
1841 3922 2082 3977 mediam

528 4012 796 4085 syllabam
818 4011 885 4065 ke
918 4010 1102 4066 scriba
1140 4011 1419 4078 omiserit3
1450 4009 1682 4063 alteram
1714 4007 1951 4062 sormam
1975 4027 2083 4081 po-

526 4100 697 4154 suerit
721 4098 1128 4166 Eratosthenes,
1154 4096 1431 4170 siquidem
1451 4095 1747 4169 probabile
1771 4094 2082 4150 admodum

526 4196 605 4241 est
627 4204 792 4241 voces
804 4186 1058 4241 Stoichos
1077 4194 1133 4240 et
1153 4188 1295 4239 Ares
1311 4183 1466 4258 apud
1487 4183 1809 4257 syncellum
1828 4184 1887 4236 iu
1908 4202 2081 4238 unum

526 4292 735 4329 nomen
762 4273 1058 4329 Toichaoes
1081 4270 1497 4346 conjungendas
1524 4287 1657 4327 esse.
1685 4271 1934 4325 Fortasse
1968 4270 2080 4323 huc

526 4363 806 4434 pertinent
845 4362 1013 4415 etiam
1055 4359 1225 4415 verba
1270 4354 1449 4434 τοιγὰρ
1498 4353 1727 4432 ἄμαχος,
1768 4374 1889 4428 quae
1927 4357 2079 4430 apud

531 4449 849 4521 Syncellum
878 4447 1046 4522 primi
1066 4446 1211 4521 regis
1228 4445 1445 4500 nomini
1465 4454 1673 4499 temere
1692 4440 2075 4517 praefiguntur.

524 4539 639 4591 Aut
679 4537 829 4591 enim
866 4537 1037 4590 latere
1067 4535 1128 4588 in
1167 4535 1232 4589 iis
1266 4531 1491 4588 videtur
1530 4549 1739 4586 nomen
1783 4529 2079 4586 Toicleares

525 4640 652 4677 cum
677 4623 944 4677 liberiore
976 4624 1470 4695 interpretamento
1509 4615 1713 4694 ἄμαχος
1731 4660 1748 4693 ,
1778 4629 1873 4674 aut
1895 4615 2073 4695 τοιγὰρ

522 4710 797 4783 particula
819 4728 998 4784 graeca
1023 4708 1192 4764 fuerit
1211 4749 1228 4778 ,
1255 4725 1365 4781 qua
1389 4707 1636 4762 indicare
1660 4717 1857 4761 auctor
1894 4706 2076 4761 voluit

520 4815 716 4852 vocem
738 4794 996 4863 ἡλιόθετος
1014 4797 1091 4850 ita
1110 4793 1544 4869 intelligendam,
1567 4805 1630 4847 ut
1650 4791 1924 4868 significet
1941 4788 2074 4866 ἅμα·

519 4900 610 4958 χος
641 4886 841 4957 (Buns.
865 4902 925 4957 p.
960 4890 1029 4953 74
1052 4883 1095 4959 ).
1119 4881 1239 4938 Hoc
1259 4893 1444 4937 tamen
1464 4882 1649 4936 minus
1660 4880 1976 4955 probabile.

597 4973 706 5026 111.
750 4974 925 5027 Tertii
945 4973 1097 5047 regis
1123 4973 1353 5027 nomina
1378 4972 1709 5039 Gosormt'es,
1748 4969 2058 5038 Tosorthos,

531 5057 798 5113 S'esortleos
817 5057 1140 5115 reducenda
1165 5069 1295 5115 sunt
1321 5057 1394 5115 ad
1418 5077 1629 5114 nomen
1652 5077 1668 5112 z

1655 297 2154 359 MANETHONIS
2198 300 2666 363 SEBENNYTAE

2555 439 2848 496 Sesortosis
2887 440 3114 510 (SeScR
3122 443 3322 498 TeSeN
3344 441 3396 518 ).

2272 607 2323 660 Is
2346 615 2542 661 auctor
2572 608 2704 661 artis
2729 606 2959 661 medicae
2980 606 3113 676 fuit,
3149 608 3495 682 primusque
3523 609 3806 668 aedifica-

2190 687 2275 744 vit
2315 688 2509 757 ξεστοῖς
2538 690 2695 756 λίθοις
2722 711 2763 747 s.
2807 692 3009 748 dolatis
3041 694 3322 769 lapidibus
3353 695 3808 771 quadrangulis

2199 775 2299 851 (V.
2339 778 2574 838 Bunsen.
2606 799 2664 853 p.
2697 778 2767 835 83
2789 797 2917 852 sqq.
2937 778 2977 855 ).
3005 780 3140 852 Quae
3165 781 3469 838 adduntur
3491 802 3602 857 ap.
3637 787 3806 858 Syn-

2195 866 2396 921 cellum
2436 862 2570 922 ἀλλὰ
2605 863 2694 921 καὶ
2729 867 2931 944 γραφῆς
2968 865 3292 941 ἐπεμελήθη,
3328 869 3647 943 interpres
3677 873 3805 927 Eu-

2193 954 2332 1008 sebii
2353 958 2586 1012 Armen.
2613 953 2803 1008 reddit
2821 953 3005 1009 verbis
3033 957 3183 1011 libris
3199 969 3498 1031 praeterea
3521 961 3806 1015 scriben-

2193 1043 2276 1095 dis
2291 1061 2478 1096 curam
2500 1042 2782 1115 impendit,
2815 1059 2988 1113 quum
3004 1061 3189 1099 sensus
3209 1044 3418 1119 procul
3448 1044 3663 1102 dubio
3686 1050 3762 1103 sit
3787 1069 3800 1102 τ

2194 1134 2361 1182 etiam
2387 1129 2456 1182 de
2481 1125 2756 1181 scribendi
2778 1139 2898 1182 arte
2926 1133 3148 1184 meritus
3168 1142 3267 1188 est.
3297 1132 3580 1188 Fortasse
3613 1135 3801 1210 igitur

2199 1216 2496 1271 Sesortosis
2514 1216 2673 1290 signa
2699 1215 3119 1290 hieroglyphica
3148 1230 3694 1275 monumentorum
3727 1223 3804 1278 ad

2192 1303 2554 1375 simpliciores
2593 1301 2793 1356 ductus
2829 1302 3077 1377 redegit,
3100 1315 3267 1377 atque
3299 1305 3380 1360 sic
3420 1316 3658 1362 auctor
3697 1329 3800 1364 ex-

2193 1391 2329 1443 stitit
2368 1391 2654 1464 scripturae
2690 1391 2935 1464 generi5‚
2977 1391 3133 1463 qnod
3159 1393 3510 1447 hieraticum
3561 1411 3796 1452 vocant

2198 1465 2399 1550 (BunS.
2425 1497 2485 1551 p.
2516 1476 2587 1534 85
2617 1475 2660 1553 ).
2704 1508 2781 1520 --
2810 1479 2989 1532 Porro
3016 1480 3333 1534 Sesortosin
3361 1492 3651 1537 nostrum
3681 1505 3796 1539 no-

2195 1574 2308 1618 tare
2333 1563 2559 1618 ¹videtur
2581 1564 2932 1618 Dicaearchus
2951 1565 3101 1637 apud
3119 1566 3296 1620 schol.
3324 1568 3533 1640 Apoll.
3569 1571 3788 1630 Rhod,

2193 1652 2285 1720 IV,
2312 1670 2422 1720 272
2441 1690 2457 1720 ,
2491 1649 2969 1705 ub'iSesonchosin
3010 1653 3086 1706 ait
3119 1648 3304 1727 νόμους
3330 1652 3650 1712 τεθεικέναι
3682 1682 3790 1732 μη-

2194 1734 2311 1792 δένα
2350 1735 2603 1794 ἐκλείπειν
2642 1733 2735 1804 τὴν
2775 1734 3021 1816 πατρῴαν
3068 1735 3280 1816 τέχνην·
3323 1736 3418 1794 καὶ
3465 1745 3702 1818 πρῶτον
3733 1743 3786 1804 δὲ

2192 1820 2465 1899 εὑρηκέναι
2505 1820 2681 1879 ἵππων
2727 1820 3020 1881 ἀναὸαίνειν
3070 1823 3360 1903 ἄνθρωπον.
3418 1827 3605 1886 Certe
3659 1852 3783 1889 non

2188 1911 2430 1984 potuisse
2456 1910 2841 1966 Dicaearchum
2876 1914 3120 1987 cogitare
3154 1912 3226 1968 de
3253 1915 3579 1970 Sesostride
3615 1921 3779 1976 cele-

2189 1998 2437 2052 berrimo
2471 1997 2570 2053 illo
2597 1997 2870 2053 bellatore
2918 2008 3174 2072 tempora
3214 1997 3447 2058 docent.
3477 2003 3636 2058 Nam
3667 2007 3779 2061 Se-

2187 2085 2470 2140 sonchosis
2490 2084 2582 2140 hic
2606 2087 2764 2141 annis
2781 2086 2977 2141 vixisse
2999 2085 3150 2140 2500
3176 2095 3303 2141 ante
3328 2088 3562 2157 Troica,
3587 2097 3778 2148 omni-

2192 2190 2387 2248 noque
2451 2174 2665 2246 primus
2717 2173 3113 2248 AEgyptiorum
3179 2191 3279 2229 rex
3333 2185 3469 2249 post
3544 2177 3774 2238 tiorum

2187 2253 2545 2315 deum'suisse
2572 2251 2833 2315 narratur
2858 2261 2963 2334 (ex
2991 2260 3294 2316 traditione
3318 2263 3766 2347 Memphitica).

2268 2348 2368 2404 IV.
2393 2347 2668 2418 Quartum
2702 2365 2890 2422 regem
2919 2347 3312 2403 Eratosthenes
3344 2354 3525 2422 ponit
3557 2354 3769 2412 Manen

2183 2434 2220 2492 i.
2245 2452 2295 2491 e.
2319 2432 2599 2510 ἡλιόδωρον
2633 2432 2779 2511 (ma,
2812 2433 2977 2504 dare3
2998 2452 3081 2500 re,
3110 2432 3254 2509 sol).
3284 2435 3420 2490 Non
3445 2443 3768 2513 respondet

2182 2540 2390 2577 nomen
2416 2522 2762 2577 Manethonis
2798 2520 3117 2576 Mesochre’s.
3162 2523 3477 2580 Bunsenius
3511 2526 3609 2601 (p.
3660 2533 3760 2604 74)

2183 2611 2353 2684 igitur
2376 2610 2451 2665 ita
2478 2609 2595 2665 haec
2636 2609 2986 2688 expedienda
3015 2610 3224 2666 statuit.
3270 2611 3487 2683 Mares,
3540 2618 3651 2685 ait,
3683 2631 3762 2674 est

2183 2715 2497 2773 cognomen
2539 2697 2714 2772 regis,
2765 2696 2924 2769 quod
2971 2695 3361 2752 Eratosthenes
3400 2703 3606 2772 posuit
3652 2724 3757 2778 pro

2182 2785 2408 2840 nomine
2442 2783 2690 2853 familiae,
2732 2785 3002 2857 quoniam
3036 2784 3146 2838 hoc
3185 2783 3302 2856 jam
3348 2804 3694 2847 occurrerat
3739 2813 3754 2849 ;

2181 2892 2310 2928 nam
2332 2871 2639 2928 Mesochrt's
2659 2871 3010 2926 Manethonis
3032 2869 3184 2925 idem
3208 2889 3425 2926 nomen
3455 2886 3574 2944 est,
3602 2881 3756 2952 quod

2180 2965 2238 3017 in
2268 2958 2726 3018 antecedentibus
2756 2961 2959 3015 rectius
2986 2969 3184 3015 auctor
3229 2961 3542 3034 scripserat
3580 2966 3752 3023 Seso-

2179 3049 2326 3103 cIm‘s
2354 3046 2788 3127 (Sesorclzeres).
2826 3049 3022 3120 Itaque
3057 3056 3324 3120 quartum
3365 3066 3571 3125 regem
3612 3074 3752 3109 nan-

2179 3138 2436 3192 ciscimur
2469 3133 2827 3190 Sesorclaeeren
2862 3135 2919 3188 11
2966 3136 3304 3208 cognomine
3348 3137 3572 3195 Mares.
3610 3143 3748 3195 Anni

2178 3224 2338 3297 regni
2380 3221 2534 3296 apud
2561 3222 2956 3276 Manethonem
2994 3232 3125 3276 sunt
3179 3241 3282 3291 173
3327 3221 3570 3281 sortasse
3614 3230 3746 3282 olim

2178 3311 2340 3366 fuisse
2376 3328 2463 3365 an.
2506 3328 2601 3379 27,
2646 3307 2819 3381 quod·
2842 3309 3082 3382 spatium
3127 3311 3395 3382 proxime
3451 3312 3745 3370 accederet

2177 3398 2248 3453 ad
2271 3396 2649 3453 Eratosthenis
2669 3414 2844 3451 annos
2869 3396 2940 3451 26
2959 3437 2975 3465 ,
2998 3398 3239 3451 Bunsen.
3264 3400 3611 3471 suspicatur.

2263 3485 2606 3541 Sesorcheris
2629 3486 2716 3552 ll,
2752 3485 3030 3539 Bunsenio
3049 3481 3244 3555 judice
3285 3486 3381 3558 (p.
3430 3486 3568 3563 88),
3594 3489 3743 3561 apud

2173 3573 2494 3629 Diodorum
2519 3571 2804 3644 Sca-sydus,
2841 3572 2901 3625 in
2926 3569 3206 3627 Herodoti
3227 3568 3341 3647 (11,
3373 3572 3510 3647 136)
3540 3576 3744 3631 codici·

2173 3660 2280 3716 bus
2309 3659 2543 3733 Asychis
2568 3658 2899 3733 appellatur.
2933 3662 3014 3713 Ac
3041 3657 3334 3713 Diodorus
3366 3659 3604 3733 quidem
3646 3666 3734 3733 (Ι,

2175 3753 2271 3821 94,
2298 3746 2348 3819 3)
2366 3757 2666 3821 postquam
2681 3744 2752 3799 de
2769 3745 2953 3799 Mnevi
2974 3743 3212 3814 dixerat,
3234 3756 3526 3820 tamquam
3549 3767 3739 3804 secun·

2174 3835 2310 3889 dum
2341 3835 2566 3909 AEgypti
2593 3832 2964 3909 legislatorem
2982 3841 3257 3888 memorat
3287 3833 3550 3911 Σάσυχιν,
3575 3832 3737 3910 ἄνδρα

2173 3918 2374 3976 συνέσει
2398 3918 2700 3999 διαφέροντα
2718 3936 2732 3950 ·
2755 3923 2933 3975 τοῦτον
2964 3916 3016 3987 δὲ
3044 3917 3172 3996 πρὸς
3195 3924 3302 3984 τοῖς
3326 3920 3622 3999 ὓπᾶρχουσι
3643 3920 3736 3979 νό-

2174 4027 2287 4082 μοις
2308 4003 2440 4063 ἅλλα
2461 4029 2517 4063 τε
2539 4009 2836 4086 προσθεῖναι
2856 4002 2943 4062 καὶ
2963 4002 3027 4060 τὰ
3046 4004 3165 4080 περὶ
3185 4001 3280 4073 τὴν
3301 4007 3408 4061 τῶν
3427 4009 3556 4061 Θεῶν
3573 4007 3736 4081 τιμὴν

2170 4091 2551 4166 ἐπιμελέστατα
2578 4088 2831 4158 ἐπιτάξαι·
2862 4089 3068 4169 εὑρετὴν
3093 4089 3146 4146 δὲ
3171 4089 3263 4146 καὶ
3290 4094 3387 4161 τῆς
3409 4093 3732 4171 γεωμετρίας

2170 4178 2405 4257 γενέσθαι
2431 4179 2520 4238 καὶ
2544 4177 2636 4249 τὴν
2662 4181 2760 4235 τῶν
2784 4178 2904 4257 περὶ
2941 4180 3041 4236 τῶν
3068 4176 3273 4255 ἄστρων
3297 4178 3521 4255 θεωρίαν
3552 4200 3608 4237 τε
3636 4183 3728 4239 καὶ

2171 4266 2534 4347 παρατήρησιν
2573 4263 2773 4332 διδάξαι
2815 4262 2931 4331 τοὺς
2959 4264 3258 4344 ἐγχωρίους.
3300 4300 3381 4309 -
3413 4269 3584 4343 Apud
3614 4272 3728 4327 He·

2169 4357 2438 4413 rodotum
2481 4375 2590 4431 pro
2640 4352 2866 4431 Σάσυχις
2901 4354 3107 4430 legitur
3131 4346 3374 4432 Ἄσυχις,
3413 4358 3729 4415 scribarum

2170 4446 2363 4519 culpa,
2391 4445 2478 4499 uti
2499 4443 2722 4498 videtur
2747 4441 2948 4514 (verba
2972 4451 3100 4496 sunt
3132 4459 3146 4495 ε
3179 4437 3333 4497 Μετὰ
3355 4439 3410 4497 δὲ
3434 4443 3727 4520 Μυκερῖνον

2167 4531 2399 4607 γενέσθαι
2437 4527 2706 4605 Αἰγύπτου
2748 4524 2966 4606 βασιλέα
3008 4526 3181 4602 ἔλεγον
3221 4528 3269 4583 οἱ
3292 4526 3429 4604 ἱρέες
3451 4525 3720 4607 Ἄσυχιν).

2167 4623 2306 4676 Nam
2332 4618 2574 4675 eundem
2602 4634 2714 4672 esse
2734 4634 2861 4671 cum
2883 4617 3106 4688 Sasychi
3131 4615 3430 4672 Diodorco
3457 4618 3593 4673 inde
3617 4620 3727 4674 col·

2165 4709 2327 4783 ligaS,
2357 4705 2512 4780 quod
2537 4705 2688 4759 hunc
2708 4720 2934 4776 quoque
2958 4703 3332 4778 legislatorem
3353 4704 3520 4759 fuisse
3541 4709 3724 4780 arguit

2166 4796 2272 4863 lex,
2292 4793 2546 4867 quamde
2574 4812 2680 4848 aere
2699 4792 2879 4846 alieno
2895 4792 3022 4845 tulit
3043 4791 3340 4865 (Herodot,
3373 4792 3411 4848 1.
3441 4792 3527 4867 1.).
3553 4794 3722 4863 Quod

2165 4901 2299 4938 vero
2322 4881 2595 4955 Mycerini
2622 4896 2900 4935 successor
2922 4876 3149 4947 dicitur,
3183 4894 3348 4933 error
3371 4889 3454 4932 est
3477 4881 3722 4933 auctoris

2161 4970 2249 5024 vel
2299 4970 2461 5024 etiam
2507 4977 2746 5041 exegetae
2788 4965 3058 5038 AEgyptii.
3089 4966 3226 5019 Nam
3251 4974 3306 5018 et
3352 4975 3722 5020 monumenta

2160 5056 2291 5111 huic
2317 5055 2598 5110 sententiae
2621 5054 2899 5107 contraria
2929 5064 3085 5120 sunt,
3118 5062 3173 5106 et
3201 5069 3361 5106 causa
3386 5054 3601 5106 erroris
3624 5069 3718 5106 ex.
