4016 5916
540 415 651 465 3⁰8

540 529 1159 610 μασώμενοςπονήσειεν,
1189 532 1246 589 οὗ
1288 527 1499 588 πώποτε
1528 527 1582 587 δὲ
1616 527 1709 599 τὴν
1736 536 1890 608 χεῖρα
1918 551 2089 586 κατω·

538 623 671 701 τέρω
693 624 782 677 τοῦ
811 619 1048 698 ὀμφαλοῦ
1071 615 1497 696 προενέγκασθαι.

1271 762 1357 820 14.

622 898 777 957 Idem
791 901 1006 973 xl1,p.
1024 898 1160 971 548,
1181 900 1223 953 B
1240 918 1254 953 :
1269 892 1404 973 Περὶ
1424 892 1478 952 δὲ
1494 892 1807 972 Ἀναξάρχου
1829 891 2101 971 Κλέαρχος

541 990 569 1045 ὁ
597 984 790 1052 Σολεὺς
814 987 866 1042 ἐν
891 984 1118 1064 πέμπτῳ
1143 984 1279 1042 Βίων
1303 981 1436 1041 οὕτω
1462 981 1673 1060 γράφει·
1709 1007 1735 1032 α
1759 983 1883 1040 Τῶν
1904 981 2099 1040 Εὐδαι-

544 1076 768 1150 μονικῶν
796 1074 1129 1149 καλουμένων
1159 1069 1492 1150 Ἀναξάρχῳ,
1515 1068 1601 1126 διὰ
1628 1067 1724 1140 τὴν
1752 1071 1854 1127 τῶν
1876 1090 2101 1147 χορηγη-

543 1159 743 1218 σάντων
785 1157 999 1237 ἄγνοιαν
1040 1155 1419 1237 περιπεσούσης
1469 1154 1734 1234 ἐξουσίας,
1780 1153 1950 1233 γυμνὴ
2007 1153 2101 1231 μὲν

542 1246 759 1327 ᾠνοχόει
785 1244 1038 1316 παιδίσκη
1073 1243 1364 1324 πρόσηὸος,
1391 1247 1425 1314 ἡ
1467 1245 1801 1348 προκριθεῖσα
1844 1241 2100 1321 διαφέρειν

543 1331 655 1413 ὥρα
695 1335 798 1390 τῶν
841 1332 1033 1405 ἄλλων,
1069 1331 1401 1409 ἀνασύρουσα
1429 1328 1557 1408 πρὸς
1588 1330 1830 1399 ἀλήθειαν
1870 1327 1965 1399 τὴν
1996 1332 2101 1387 τῶν

546 1417 705 1487 οὕτως
729 1422 862 1499 αὐτῇ
886 1417 1194 1529 χρωμένων
1205 1415 1480 1497 α’κρασίαν.
1516 1415 1588 1476 ‘O
1609 1413 1663 1473 δὲ
1687 1438 1972 1492 σιτοποιος,
1988 1437 2104 1493 χει·

550 1506 743 1585 ρῖδας’
715 1530 738 1564 ε
740 1530 849 1585 χων
876 1507 965 1565 και
985 1529 1105 1586 περι
1126 1510 1200 1586 τῶ
1220 1502 1443 1579 στόματι
1462 1503 1723 1581 κημὸν,.
1670 1502 1727 1561 ἔτ
1733 1502 1842 1582 ριὸε
1862 1502 1920 1559 τὸ
1941 1502 2103 1574 σταῖς,

545 1592 630 1651 ἵνα
657 1594 788 1670 μήτε
809 1591 962 1673 ἱδρὼς
983 1591 1239 1672 ἐπιρρέοι,
1266 1584 1398 1669 μήτε
1420 1613 1524 1656 τοις
1544 1589 1841 1671 φυράμασιν
1863 1592 1890 1647 ὃ
1911 1587 2103 1668 τρίὸων

547 1680 830 1759 ἐμπνέοι.

629 1774 844 1826 Locum
895 1770 1130 1826 Zenobii
1188 1768 1322 1844 (111,
1378 1765 1476 1844 41)
1533 1766 1638 1822 ubi
1701 1767 1999 1824 Clearchus
2053 1765 2104 1823 ἐν

548 1855 775 1935 πέμπτῳ
804 1857 1066 1913 laudatur
1106 1857 1178 1912 de
1222 1874 1313 1924 re,
1365 1873 1535 1928 quam
1585 1873 1654 1910 ex
1703 1855 1851 1911 libro
1899 1863 2104 1927 quarto

550 1946 846 2000 Athenaeus
874 1954 1087 2012 narrat,
1113 1943 1244 1999 vide
1270 1961 1436 2016 supra
1468 1943 1539 1999 sr.
1574 1939 1628 1999 5.

985 2100 1031 2157 E
1072 2098 1301 2158 LIBRO
1344 2097 1677 2157 OCTAVO.

1287 2245 1380 2302 15.

630 2386 789 2442 Idem
809 2387 924 2442 XII
944 2428 960 2456 ,
984 2404 1046 2460 p.
1083 2382 1229 2454 548,
1253 2386 1341 2440 D.
1367 2381 1528 2460 Πόσω
1550 2379 1650 2460 γαρ
1673 2381 1863 2439 τούτων
1893 2378 2108 2459 βελτίων

555 2469 776 2552 Γοργίας
804 2473 832 2528 ὁ
856 2472 1153 2540 Λεοντῖνος,
1190 2491 1308 2549 περι
1332 2458 1391 2525 οὗ
1417 2489 1571 2545 φησιν
1602 2469 1629 2524 ὁ
1657 2489 1811 2532 αυτος
1839 2466 2111 2544 Κλέαρχος
2135 2535 2146 2546 ὓ

555 2562 608 2618 ἐν
630 2562 703 2637 τῶ
725 2555 890 2636 ὀγδόῳ
917 2559 1020 2614 τῶν
1041 2555 1198 2628 Βίων,
1227 2555 1305 2612 ὅτι
1330 2552 1415 2612 διὰ
1439 2553 1498 2611 τὸ
1524 2552 1796 2635 σωφρόνως
1814 2557 1904 2625 ζῆν
1925 2553 2109 2632 σχεδὸν

554 2644 869 2721 ὀγδοήκοντα
909 2642 1000 2712 ἔτη
1038 2666 1114 2721 τῳ
1155 2649 1355 2721 φρονεῖν
1398 2639 1698 2700 συνεδίωσε.
1740 2641 1847 2699 Καὶ
1888 2641 1999 2697 ἐπεί
2037 2663 2113 2705 τις

558 2729 710 2789 αὐτὸν
740 2729 926 2807 ἤρετο,
954 2728 1055 2786 τίνι
1082 2727 1253 2806 διαίτῃ
1276 2726 1544 2806 χρώμενος
1565 2725 1724 2791 οὕτως
1754 2726 1994 2802 ἐμμελῶς
2021 2726 2111 2784 καὶ

560 2816 692 2893 μετὰ
710 2814 997 2885 αἰσθήσεως
1011 2818 1252 2871 τοσοῦτον
1267 2810 1451 2892 χρόνον
1469 2814 1685 2884 ζήσειεν,
1693 2811 1859 2870 Οὔδὲν
1875 2810 2109 2884 πώποτε,

559 2894 720 2975 εἶπεν,
748 2903 934 2973 ἡδονῆς
962 2898 1131 2958 ἕνεκεν
1158 2898 1377 2979 πράξας.

557 3160 645 3197 ore
686 3147 865 3210 cepisse
883 3184 898 3209 ,
918 3160 980 3196 ue
1008 3145 1279 3196 mandendo
1304 3145 1578 3209 fatigaretur
1603 3165 1616 3196 ε
1656 3144 1959 3208 eundemque
1981 3118 2108 3194 nun-

555 3238 702 3289 quam
722 3227 843 3276 intra
861 3226 1142 3279 umbilicum
1164 3225 1418 3289 protulisse
1434 3238 1648 3275 manum.

1300 3358 1387 3409 14.

619 3495 688 3542 De
707 3492 990 3543 Anaxarcho
1012 3505 1128 3541 vero
1158 3491 1419 3555 Clearchus
1437 3490 1667 3554 Solensis,
1693 3492 1910 3539 vitarum
1935 3492 2108 3553 quinto

556 3570 697 3633 libro,
721 3569 789 3619 ita
806 3567 1001 3620 scribitz
1025 3588 1050 3613 ι
1071 3568 1370 3630 Anaxarcho,
1391 3581 1454 3617 ex
1479 3580 1648 3618 eorum
1668 3580 1870 3617 numero
1897 3567 2109 3630 pbiloso-

558 3650 795 3713 phorum,
826 3649 911 3712 qui
949 3647 1278 3699 Eudoemonici
1309 3649 1426 3697 sunt
1459 3646 1712 3710 appellati,
1740 3649 1997 3710 postquam
2027 3661 2113 3709 per

557 3739 724 3777 eorum
743 3725 1015 3787 stultitiam,
1042 3724 1127 3787 qui
1145 3737 1257 3775 eum
1279 3737 1364 3774 sua
1381 3723 1733 3787 magnificentia
1759 3726 2110 3784 sustentarunt,

557 3817 671 3866 opes
683 3805 755 3853 est
767 3804 1067 3864 consecutus,
1089 3800 1254 3850 vinum
1274 3800 1503 3850 fundebat
1513 3799 1642 3849 nuda
1656 3800 1812 3863 puella
1828 3801 2112 3865 pubescenS,

556 3893 667 3943 quae
685 3879 838 3929 forma
865 3878 1034 3928 ceteris
1052 3880 1278 3940 pransura
1294 3877 1567 3939 videbatur,
1593 3877 1781 3927 nudans
1798 3878 1877 3926 illa
1892 3913 1906 3936 ,
1941 3891 2113 3927 verum

555 3961 594 4009 si
612 3959 789 4022 quaeris
801 3996 816 4020 ,
833 3971 1000 4008 eorum
1017 3956 1410 4006 incontinentiam
1429 3955 1513 4018 qui
1531 3968 1587 4005 ea
1600 3955 1662 4004 ad
1678 3955 1774 4005 hoc
1792 3955 2112 4005 ministerium

558 4037 785 4098 usisunt.
812 4033 1032 4096 Ejusdem
1053 4034 1203 4097 pistor
1221 4032 1488 4082 manicatus
1502 4034 1551 4082 et
1570 4044 1654 4081 ore
1672 4030 1928 4094 capistrato
1949 4032 2113 4082 sarium

559 4126 761 4163 massam
785 4111 1050 4174 subigebat,
1065 4123 1128 4160 ne
1147 4109 1294 4160 sudor
1314 4108 1499 4158 stillans
1516 4106 1763 4169 influeret,
1781 4120 1902 4158 neve
1923 4108 2115 4171 pinsens

560 4190 713 4239 halitu
737 4201 825 4238 suo
842 4188 1028 4238 afflaret
1045 4186 1266 4236 farinam.
1284 4204 1311 4229 s

995 4336 1040 4394 Ε
1080 4333 1310 4394 LIBRO
1351 4332 1678 4393 OCTAVO.

1290 4498 1374 4550 15.

624 4628 816 4687 Quanto
849 4625 926 4675 his
960 4624 1129 4675 melior
1168 4623 1365 4687 Gorgias
1406 4624 1695 4674 Leontinus!
1741 4621 1801 4672 de
1844 4636 1944 4686 quo
1986 4623 2115 4674 idem

561 4705 852 4769 Clearchus,
883 4706 1058 4755 octavo
1088 4702 1211 4754 libro
1242 4703 1461 4753 Vitarum
1478 4740 1494 4766 ,
1518 4702 1587 4753 ait
1618 4722 1631 4753 ι
1657 4721 1682 4746 α
1707 4702 1835 4760 Quia
1865 4701 2116 4754 moderate

565 4782 714 4844 vixit,
738 4781 837 4832 rere
866 4780 1110 4844 octoginta
1134 4792 1285 4831 annos
1308 4779 1360 4830 in
1378 4780 1647 4842 prudentias
1674 4779 1903 4829 convictu
1922 4782 2113 4831 transe-

563 4861 664 4924 git3
689 4872 747 4910 ac
776 4860 817 4909 si
847 4859 1042 4923 quaudo
1068 4872 1131 4910 ex
1164 4872 1223 4911 eo
1250 4861 1487 4923 quaereret
1503 4859 1739 4922 quispiam
1752 4895 1768 4920 ,
1802 4872 1898 4921 qua
1920 4857 2116 4908 vivendi

567 4941 751 4991 ratione
775 4950 917 5001 usus,
937 4937 1005 4987 ita
1030 4938 1282 4989 commode
1300 4942 1351 4989 et
1370 4937 1563 5001 integris
1593 4938 1817 4987 omnibus
1834 4938 2051 4989 sensibus
2069 4937 2118 4987 in

566 5022 669 5070 tam
687 5018 913 5082 provecta
939 5018 1081 5066 aetate
1100 5016 1250 5065 vitam
1269 5016 1580 5078 transigeret?
1603 5013 1885 5078 respondere
1898 5014 2082 5067 soleba
2103 5033 2117 5066 ι

567 5095 694 5148 Nihil
718 5105 931 5158 unquam
955 5092 1213 5156 voluptatis
1238 5105 1383 5143 causa
1401 5091 1597 5143 faciens.
1626 5110 1653 5138 ιι

1746 398 2125 458 CLEARCHI
2170 396 2528 458 SOLENsls

2599 568 2646 627 E
2691 566 2936 627 LIBRls
2965 566 3340 628 INCERTIS.

2924 726 2944 762 1
2955 705 3014 764 6.

2267 842 2564 896 Athenaeus
2589 841 2723 896 VIII
2742 880 2756 908 ,
2787 858 2850 913 p.
2885 831 2993 903 344
3018 879 3036 911 ,
3067 839 3110 894 C
3139 856 3153 892 ε
3191 835 3463 913 Κλέαρχος
3491 833 3548 892 δὲ
3577 837 3636 892 ἐν
3657 838 3777 902 τοῖς

2192 924 2323 1002 Περὶ
2369 922 2494 1002 βίων
2531 921 2769 1005 φίλιχθύν
2819 944 2935 979 τινα
2985 919 3315 998 ἀναγράφων,
3356 922 3511 1001 φησὶν
3562 919 3770 987 οὕτως·

2193 1010 2458 1090 ιΤέχνων
2487 1013 2514 1069 ὁ
2552 1008 2775 1076 παλαιὸς
2817 1007 3076 1084 αυλητὴς,
3111 1007 3331 1087 Χάρμου
3379 1031 3470 1066 του
3521 1010 3772 1078 αυλητοῧ

2191 1096 2613 1169 τελευτήσαντος,
2651 1088 2737 1174 (ἦν
2771 1095 2824 1154 δὲ
2863 1095 3138 1175 φίλιχθυς,)
3166 1094 3490 1175 ἀποπυρίδας
3536 1094 3628 1153 ἐπι
3672 1100 3767 1155 τοὶ

2191 1185 2460 1261 μνήματος
2483 1183 2709 1260 ἐνήγιζεν
2739 1185 2943 1261 αὐτῷ..

2270 1274 2429 1329 Idem
2449 1275 2500 1349 1,
2520 1292 2582 1348 p.
2609 1278 2663 1344 4,
2680 1276 2729 1330 Α
2757 1290 2772 1328 :
2800 1242 3072 1350 Κλέαρχός
3091 1292 3217 1350 φησι
3234 1267 3456 1347 Χάρμον
3473 1267 3562 1327 τὸν
3581 1271 3777 1349 Συρα-

2191 1359 2363 1418 κόσιον
2387 1357 2717 1439 ευτρεπίσθαι
2749 1357 2978 1437 στιχίδια
3010 1355 3101 1416 καὶ
3127 1355 3411 1435 παροιμίας
3441 1357 3513 1422 εἰς
3536 1352 3774 1414 ἕκαστον

2191 1449 2294 1504 τῶν
2346 1449 2399 1504 ἐν
2448 1468 2554 1512 τοις
2586 1444 2822 1519 δείπνοις
2865 1443 3313 1573 παρατιθεμένων.
3375 1444 3468 1510 Εἰς
3519 1441 3619 1520 μὲν
3680 1440 3775 1502 τὸν

2193 1531 2362 1613 ἷχθυν,

2375 1657 2514 1705 Ἥκω
2531 1656 2679 1704 λιπὼν
2695 1656 2882 1717 Αἰγαῖον
2902 1653 3102 1716 ἁλμυρὸν
3123 1653 3288 1715 βάθος·

2195 1760 2266 1826 εἷς
2295 1758 2347 1816 δὲ
2377 1756 2492 1825 τοὺς
2525 1756 2785 1838 κήρυκας,

2379 1879 2592 1942 Χαίρετε,
2619 1878 2839 1940 κήρυκες,
2864 1877 2971 1933 Διὸς
2994 1877 3180 1939 ἄγγελοι
3199 1890 3214 1905 ·

2197 1989 2267 2054 εἷς
2294 1987 2347 2045 δὲ
2376 1985 2469 2057 τὴν
2500 1984 2714 2066 χορδὴν,

2381 2106 2571 2156 Ἐλικτὰ
2585 2143 2598 2166 ,
2615 2107 2778 2155 κούδὲν
2803 2108 2926 2168 ὑγιές
2940 2119 2953 2131 ·

2200 2215 2269 2278 εἷς
2298 2212 2351 2271 δὲ
2378 2210 2469 2284 τὴν
2497 2209 2885 2288 ὠνθυλευμένην
2909 2208 3146 2282 τευθίδα,

2383 2335 2509 2396 Σῡφῆ
2522 2370 2538 2395 2
2554 2334 2673 2396 60φῆ
2692 2332 2752 2381 ⁶²3
2764 2345 2776 2358 ‘

2202 2443 2272 2508 εἷς
2297 2440 2349 2499 δὲ
2378 2439 2437 2498 τὸ
2463 2441 2514 2497 ἐν
2544 2440 2648 2504 τοῖς
2671 2442 2880 2518 ἑψητοῖς
2905 2439 3117 2516 ὡραῖον,

2388 2560 2490 2609 Οὐκ
2518 2558 2599 2606 ἀπ’
2618 2558 2731 2620 ἐμοῦ
2750 2555 2993 2613 σκεδάσεις
3014 2555 3181 2618 ὀχλον;

2204 2665 2273 2729 εἷς
2301 2661 2355 2720 δὲ
2383 2661 2477 2734 τὴν
2508 2658 2930 2740 ἀποδεδαρμένην
2956 2658 3195 2738 ἔγχελυν,

2392 2784 2463 2832 Οὐ
2484 2781 2904 2848 προκαλυπτομένα
2929 2779 3275 2843 βοστρυχώδεα.

2205 2888 2481 2953 Τοιούτους
2501 2887 2720 2953 πολλούς
2738 2908 2864 2967 φησι
2887 2888 2962 2966 τῷ
2986 2882 3285 2965 Λαρηνσίου
3306 2890 3547 2963 παρεῖναι
3575 2879 3778 2964 δείπνῳ

2204 2977 2382 3056 ὥσπερ
2412 2974 2677 3053 συμὸολὸις
2708 2974 3013 3052 κομίζοντας
3042 2971 3108 3029 τὰ
3137 2971 3242 3030 ἀπὸ
3268 2974 3370 3029 τῶν
3399 2970 3780 3049 στρωματοδέ-

2614 3162 2660 3221 Ε
2705 3159 2947 3220 LIBRIS
2993 3158 3360 3218 INCERTIS.

2923 3294 3008 3345 16.

2261 3397 2522 3447 Clearchus
2549 3396 2599 3445 in
2617 3395 2835 3445 vitarum
2855 3395 2989 3444 libris
3005 3432 3019 3455 ‚
3039 3392 3239 3456 piscium
3260 3392 3507 3441 lurconem
3526 3389 3774 3453 quendam

2198 3488 2486 3536 memorans,
2498 3475 2564 3524 ita
2581 3473 2777 3525 scribit:
2804 3493 2829 3516 α
2853 3473 3083 3523 Technon
3098 3472 3215 3522 olim
3232 3471 3425 3531 tibicen,
3446 3482 3601 3532 quum
3618 3481 3646 3519 e
3668 3469 3776 3519 vita

2198 3552 2474 3602 excessisset
2502 3551 2745 3603 Charmon
2782 3550 2957 3600 tibicen
2971 3587 2986 3610 ,
3022 3549 3105 3612 qui
3141 3551 3364 3598 strenuus
3386 3546 3543 3596 fuerat
3574 3545 3773 3596 obsonii

2199 3633 2410 3691 vorator,
2434 3629 2707 3694 apopyride,
2727 3630 2781 3693 (i.
2800 3643 2845 3680 e.
2864 3629 3066 3693 piscium
3087 3626 3320 3690 sartagine
3342 3624 3552 3687 fervida)
3576 3626 3776 3675 tumulo

2200 3712 2377 3774 ingesta
2393 3709 2664 3774 parentavit
2683 3711 2895 3759 mortuo.

2261 3790 2523 3841 Clearchus
2540 3787 2701 3849 refert,
2723 3788 2989 3837 Charmum
3013 3785 3316 3847 Syracusium
3340 3780 3590 3844 quibusvis
3604 3780 3771 3830 sercu-

2200 3866 2258 3916 lis
2279 3868 2328 3915 iu
2355 3878 2492 3916 coena
2518 3863 2747 3928 appositis
2781 3863 3047 3913 versiculos
3078 3860 3310 3923 quosdam
3331 3859 3379 3906 et
3401 3854 3568 3917 adagia
3603 3855 3778 3917 lepido

2199 3938 2603 3990 accommodasse.
2626 3937 2786 3987 Veluti
2812 3936 3047 3999 piscibus:

2308 4039 2477 4085 Adsum
2496 4039 2656 4085 relicto
2669 4041 2815 4094 AEgaeo
2832 4038 2944 4082 salso
2957 4038 3132 4095 pelago.

2202 4132 2420 4183 Buccinis
2446 4131 2640 4182 conchis
2669 4142 2791 4193 quas
2809 4128 3088 4192 κήρυκαςῌ.
3109 4141 3153 4177 e.
3177 4124 3440 4189 praecones)
3472 4120 3635 4172 Graeci
3662 4133 3764 4172 vo·

2201 4213 2314 4260 cant
2335 4229 2349 4259 t

2309 4303 2507 4355 salvete,
2528 4311 2763 4359 precones
2775 4333 2788 4354 ,
2807 4302 2935 4345 Jovis
2953 4299 3129 4345 nuntii!

2204 4385 2450 4438 Flexuosis
2467 4398 2699 4449 agnorum
2717 4386 2803 4435 aut
2822 4383 3074 4434 hoedorum
3097 4382 3300 4433 lactibus
3326 4400 3338 4429 z

2310 4480 2527 4524 Tortuosa
2543 4477 2727 4534 sanique
2745 4475 2884 4522 nihil!

2207 4575 2403 4639 Loligini
2418 4574 2656 4638 exquisita
2673 4574 2777 4624 arte
2793 4575 2972 4637 paratae
2992 4590 3006 4620 t

2313 4675 2495 4733 sapiens
2522 4677 2572 4720 tu
2588 4673 2769 4730 quidem
2784 4705 2798 4726 ,
2823 4671 2996 4728 sapiens
3011 4672 3082 4714 est

2211 4769 2516 4820 salsamento
2538 4781 2601 4817 ex
2623 4766 2822 4816 minutis
2840 4762 3077 4827 pisciculis
3101 4780 3113 4809 .-

2315 4871 2478 4915 Nonne
2491 4879 2516 4913 a
2533 4878 2606 4914 me
2626 4866 2806 4914 turbam
2822 4863 3053 4922 dispelloe?

2210 4961 2442 5025 Anguilioe
2465 4959 2725 5012 excoriatoe
2749 4977 2765 5009 z

2318 5064 2421 5108 Non
2439 5061 2584 5107 velata
2608 5064 2782 5108 teneras
2797 5057 3223 5105 cincinnisornatas
3240 5061 3395 5108 genas.

2210 5146 2351 5198 Tales
2373 5146 2579 5209 multos,
2600 5144 2685 5208 ait,
2705 5142 2973 5195 intermisse
2995 5136 3204 5192 Larensii
3234 5146 3388 5186 coenae
3402 5169 3419 5195 ‚
3448 5131 3534 5196 qui
3552 5144 3582 5183 e
3618 5132 3779 5185 colb-
