<?xml version="1.0" encoding="UTF-8"?>
<!DOCTYPE html PUBLIC "-//W3C//DTD XHTML 1.0 Transitional//EN"
    "http://www.w3.org/TR/xhtml1/DTD/xhtml1-transitional.dtd">
<html xmlns="http://www.w3.org/1999/xhtml" xml:lang="en" lang="en">
 <head>
  <title>
</title>
<meta http-equiv="Content-Type" content="text/html;charset=utf-8" />
  <meta name='ocr-system' content='tesseract 3.04.00' />
  <meta name='ocr-capabilities' content='ocr_page ocr_carea ocr_par ocr_line ocrx_word'/>
</head>
<body>
  <div class='ocr_page' id='page_1' title='image "./fragmentahistor00mgoog/fragmentahistor00mgoog_0269.png"; bbox 0 0 4016 5916; ppageno 0'>
   <div class='ocr_carea' id='block_1_1' title="bbox 1415 346 2200 413">
    <p class='ocr_par' dir='ltr' id='par_1_1' title="bbox 1415 346 2200 413">
     <span class='ocr_line' id='line_1_1' title="bbox 1415 346 2200 413; baseline 0.009 -9"><span class='ocrx_word' id='word_1_1' title='bbox 1415 346 1513 404; x_wconf 84' lang='lat' dir='ltr'><strong>DE</strong></span> <span class='ocrx_word' id='word_1_2' title='bbox 1554 346 1798 407; x_wconf 87' lang='lat' dir='ltr'>REBUS</span> <span class='ocrx_word' id='word_1_3' title='bbox 1840 348 2200 413; x_wconf 78' lang='lat' dir='ltr'><strong>PUBLICIS.</strong></span> 
     </span>
    </p>
   </div>
   <div class='ocr_carea' id='block_1_2' title="bbox 419 471 1882 554">
    <p class='ocr_par' dir='ltr' id='par_1_2' title="bbox 419 471 1882 554">
     <span class='ocr_line' id='line_1_2' title="bbox 419 471 1882 554; baseline 0.001 -21"><span class='ocrx_word' id='word_1_4' title='bbox 419 493 462 533; x_wconf 82' lang='lat'><strong>8.</strong></span> <span class='ocrx_word' id='word_1_5' title='bbox 504 471 816 553; x_wconf 71' lang='grc' dir='ltr'>Ἀριστείδης</span> <span class='ocrx_word' id='word_1_6' title='bbox 841 475 1135 551; x_wconf 79' lang='grc' dir='ltr'>ἐπεμελεῖτο</span> <span class='ocrx_word' id='word_1_7' title='bbox 1159 477 1413 551; x_wconf 78' lang='grc' dir='ltr'>γυναικῶν</span> <span class='ocrx_word' id='word_1_8' title='bbox 1438 477 1732 554; x_wconf 76' lang='grc' dir='ltr'>εὐκοσμίας.</span> <span class='ocrx_word' id='word_1_9' title='bbox 1774 478 1882 538; x_wconf 82' lang='grc' dir='ltr'><strong>Καὶ</strong></span> 
     </span>
    </p>
   </div>
   <div class='ocr_carea' id='block_1_3' title="bbox 3411 376 3524 427">
    <p class='ocr_par' dir='ltr' id='par_1_3' title="bbox 3411 376 3524 427">
     <span class='ocr_line' id='line_1_3' title="bbox 3411 376 3524 427; baseline 0.018 -3"><span class='ocrx_word' id='word_1_10' title='bbox 3411 376 3524 427; x_wconf 72' lang='grc'><strong>215</strong></span> 
     </span>
    </p>
   </div>
   <div class='ocr_carea' id='block_1_4' title="bbox 2035 481 3526 548">
    <p class='ocr_par' dir='ltr' id='par_1_4' title="bbox 2035 481 3526 548">
     <span class='ocr_line' id='line_1_4' title="bbox 2035 481 3526 548; baseline 0.012 -19"><span class='ocrx_word' id='word_1_11' title='bbox 2035 486 2080 529; x_wconf 93' lang='grc'><strong>3.</strong></span> <span class='ocrx_word' id='word_1_12' title='bbox 2138 481 2362 532; x_wconf 78' lang='lat' dir='ltr'><strong>Aristides</strong></span> <span class='ocrx_word' id='word_1_13' title='bbox 2420 497 2589 534; x_wconf 86' lang='lat' dir='ltr'><strong>curam</strong></span> <span class='ocrx_word' id='word_1_14' title='bbox 2626 487 2819 548; x_wconf 76' lang='lat' dir='ltr'>gerebat</span> <span class='ocrx_word' id='word_1_15' title='bbox 2865 490 3122 541; x_wconf 85' lang='lat' dir='ltr'><strong>mulierum</strong></span> <span class='ocrx_word' id='word_1_16' title='bbox 3166 493 3418 545; x_wconf 77' lang='lat' dir='ltr'><strong>decentirc.</strong></span> <span class='ocrx_word' id='word_1_17' title='bbox 3467 500 3526 547; x_wconf 78' lang='lat' dir='ltr'><strong>Et</strong></span> 
     </span>
    </p>
   </div>
   <div class='ocr_carea' id='block_1_5' title="bbox 330 557 3522 650">
    <p class='ocr_par' dir='ltr' id='par_1_5' title="bbox 330 557 3522 650">
     <span class='ocr_line' id='line_1_5' title="bbox 330 557 3522 650; baseline 0.006 -33"><span class='ocrx_word' id='word_1_18' title='bbox 330 557 395 618; x_wconf 80' lang='grc' dir='ltr'><strong>τὸ</strong></span> <span class='ocrx_word' id='word_1_19' title='bbox 423 558 643 619; x_wconf 80' lang='grc' dir='ltr'>παλαιὸν</span> <span class='ocrx_word' id='word_1_20' title='bbox 673 557 810 640; x_wconf 76' lang='grc' dir='ltr'>ὕδωρ</span> <span class='ocrx_word' id='word_1_21' title='bbox 839 559 1009 621; x_wconf 80' lang='grc' dir='ltr'>ἔπινον</span> <span class='ocrx_word' id='word_1_22' title='bbox 1038 565 1082 619; x_wconf 73' lang='grc' dir='ltr'><strong>οἱ</strong></span> <span class='ocrx_word' id='word_1_23' title='bbox 1111 562 1324 635; x_wconf 83' lang='grc' dir='ltr'>παῖδες,</span> <span class='ocrx_word' id='word_1_24' title='bbox 1353 562 1441 621; x_wconf 80' lang='grc' dir='ltr'><strong>καὶ</strong></span> <span class='ocrx_word' id='word_1_25' title='bbox 1468 565 1521 621; x_wconf 82' lang='grc' dir='ltr'><strong>αί</strong></span> <span class='ocrx_word' id='word_1_26' title='bbox 1546 562 1697 643; x_wconf 82' lang='grc' dir='ltr'>κόραι</span> <span class='ocrx_word' id='word_1_27' title='bbox 1723 565 1879 645; x_wconf 77' lang='grc' dir='ltr'>μέχρι</span> <span class='ocrx_word' id='word_1_28' title='bbox 1969 573 2233 636; x_wconf 78' lang='lat' dir='ltr'><strong>antiquitus</strong></span> <span class='ocrx_word' id='word_1_29' title='bbox 2286 589 2462 638; x_wconf 86' lang='lat' dir='ltr'><strong>aquam</strong></span> <span class='ocrx_word' id='word_1_30' title='bbox 2512 577 2740 629; x_wconf 76' lang='lat' dir='ltr'><strong>bibebant</strong></span> <span class='ocrx_word' id='word_1_31' title='bbox 2791 582 2923 643; x_wconf 86' lang='lat' dir='ltr'><strong>pueri</strong></span> <span class='ocrx_word' id='word_1_32' title='bbox 2965 585 3012 633; x_wconf 90' lang='lat' dir='ltr'><strong>et</strong></span> <span class='ocrx_word' id='word_1_33' title='bbox 3059 584 3230 645; x_wconf 75' lang='lat' dir='ltr'><strong>puellm</strong></span> <span class='ocrx_word' id='word_1_34' title='bbox 3267 600 3418 650; x_wconf 85' lang='lat' dir='ltr'><strong>usqne</strong></span> <span class='ocrx_word' id='word_1_35' title='bbox 3461 588 3522 637; x_wconf 86' lang='lat' dir='ltr'><strong>ad</strong></span> 
     </span>
    </p>
   </div>
   <div class='ocr_carea' id='block_1_6' title="bbox 324 671 1878 1339">
    <p class='ocr_par' dir='ltr' id='par_1_6' title="bbox 332 671 506 725">
     <span class='ocr_line' id='line_1_6' title="bbox 332 671 506 725; baseline -0.006 0"><span class='ocrx_word' id='word_1_36' title='bbox 332 671 506 725; x_wconf 70' lang='grc' dir='ltr'>ταμου</span> 
     </span>
    </p>

    <p class='ocr_par' dir='ltr' id='par_1_7' title="bbox 334 733 1877 983">
     <span class='ocr_line' id='line_1_7' title="bbox 412 733 1877 804; baseline 0.001 -10"><span class='ocrx_word' id='word_1_37' title='bbox 412 752 455 794; x_wconf 73' lang='grc'>4.</span> <span class='ocrx_word' id='word_1_38' title='bbox 498 734 620 795; x_wconf 81' lang='grc' dir='ltr'>Ἐπὶ</span> <span class='ocrx_word' id='word_1_39' title='bbox 648 733 704 793; x_wconf 73' lang='grc' dir='ltr'><strong>δὲ</strong></span> <span class='ocrx_word' id='word_1_40' title='bbox 730 736 833 802; x_wconf 82' lang='grc' dir='ltr'>τοῖς</span> <span class='ocrx_word' id='word_1_41' title='bbox 859 736 1166 795; x_wconf 78' lang='grc' dir='ltr'>τελευτῶσιν</span> <span class='ocrx_word' id='word_1_42' title='bbox 1198 734 1341 794; x_wconf 70' lang='grc' dir='ltr'>οὐδέν</span> <span class='ocrx_word' id='word_1_43' title='bbox 1371 738 1482 795; x_wconf 68' lang='grc' dir='ltr'>ἐστι</span> <span class='ocrx_word' id='word_1_44' title='bbox 1508 736 1688 804; x_wconf 74' lang='grc' dir='ltr'>πένθος</span> <span class='ocrx_word' id='word_1_45' title='bbox 1711 740 1761 797; x_wconf 80' lang='grc' dir='ltr'><strong>ἐν</strong></span> <span class='ocrx_word' id='word_1_46' title='bbox 1790 740 1877 797; x_wconf 74' lang='grc' dir='ltr'><strong>ἀν·</strong></span> 
     </span>
     <span class='ocr_line' id='line_1_8' title="bbox 334 820 1877 904; baseline 0.004 -25"><span class='ocrx_word' id='word_1_47' title='bbox 334 821 484 901; x_wconf 79' lang='grc' dir='ltr'>δράσι</span> <span class='ocrx_word' id='word_1_48' title='bbox 511 822 631 904; x_wconf 83' lang='grc' dir='ltr'>περὶ</span> <span class='ocrx_word' id='word_1_49' title='bbox 658 825 851 893; x_wconf 78' lang='grc' dir='ltr'>ἐσθῆτα</span> <span class='ocrx_word' id='word_1_50' title='bbox 878 820 910 894; x_wconf 82' lang='grc' dir='ltr'>ἢ</span> <span class='ocrx_word' id='word_1_51' title='bbox 945 822 1158 902; x_wconf 68' lang='grc' dir='ltr'>κουράν·</span> <span class='ocrx_word' id='word_1_52' title='bbox 1197 823 1357 901; x_wconf 84' lang='grc' dir='ltr'>μητρὶ</span> <span class='ocrx_word' id='word_1_53' title='bbox 1384 822 1464 899; x_wconf 79' lang='grc' dir='ltr'><strong>δὲ,</strong></span> <span class='ocrx_word' id='word_1_54' title='bbox 1492 824 1607 883; x_wconf 83' lang='grc' dir='ltr'><strong>νέου</strong></span> <span class='ocrx_word' id='word_1_55' title='bbox 1630 824 1877 897; x_wconf 77' lang='grc' dir='ltr'>τελευτή-</span> 
     </span>
     <span class='ocr_line' id='line_1_9' title="bbox 334 909 811 983; baseline 0.008 -17"><span class='ocrx_word' id='word_1_56' title='bbox 334 931 515 977; x_wconf 89' lang='grc' dir='ltr'>σαντος</span> <span class='ocrx_word' id='word_1_57' title='bbox 527 956 543 983; x_wconf 91' lang='grc'>,</span> <span class='ocrx_word' id='word_1_58' title='bbox 568 909 811 978; x_wconf 70' lang='grc' dir='ltr'>ἐνιαυτός.</span> 
     </span>
    </p>

    <p class='ocr_par' dir='ltr' id='par_1_8' title="bbox 324 995 1878 1339">
     <span class='ocr_line' id='line_1_10' title="bbox 412 995 1876 1080; baseline 0.002 -26"><span class='ocrx_word' id='word_1_59' title='bbox 412 1017 454 1055; x_wconf 76' lang='lat'><strong>5.</strong></span> <span class='ocrx_word' id='word_1_60' title='bbox 497 995 676 1069; x_wconf 79' lang='grc' dir='ltr'>Οὔσης</span> <span class='ocrx_word' id='word_1_61' title='bbox 700 996 753 1054; x_wconf 83' lang='grc' dir='ltr'><strong>δὲ</strong></span> <span class='ocrx_word' id='word_1_62' title='bbox 797 1000 1018 1073; x_wconf 73' lang='grc' dir='ltr'>ὑγιεινῆς</span> <span class='ocrx_word' id='word_1_63' title='bbox 1061 1000 1152 1068; x_wconf 74' lang='grc' dir='ltr'><strong>τῆς</strong></span> <span class='ocrx_word' id='word_1_64' title='bbox 1188 996 1346 1068; x_wconf 77' lang='grc' dir='ltr'>νήσου</span> <span class='ocrx_word' id='word_1_65' title='bbox 1387 996 1477 1055; x_wconf 78' lang='grc' dir='ltr'><strong>καὶ</strong></span> <span class='ocrx_word' id='word_1_66' title='bbox 1517 999 1747 1080; x_wconf 80' lang='grc' dir='ltr'>εὖγήρων</span> <span class='ocrx_word' id='word_1_67' title='bbox 1774 1002 1876 1057; x_wconf 83' lang='grc' dir='ltr'><strong>τῶν</strong></span> 
     </span>
     <span class='ocr_line' id='line_1_11' title="bbox 333 1082 1878 1164; baseline 0.005 -26"><span class='ocrx_word' id='word_1_68' title='bbox 333 1082 640 1162; x_wconf 74' lang='grc' dir='ltr'>ἀνθρώπων,</span> <span class='ocrx_word' id='word_1_69' title='bbox 670 1083 898 1160; x_wconf 77' lang='grc' dir='ltr'>μάλιστα</span> <span class='ocrx_word' id='word_1_70' title='bbox 928 1082 981 1142; x_wconf 80' lang='grc' dir='ltr'><strong>δὲ</strong></span> <span class='ocrx_word' id='word_1_71' title='bbox 1008 1086 1112 1142; x_wconf 81' lang='grc' dir='ltr'><strong>τῶν</strong></span> <span class='ocrx_word' id='word_1_72' title='bbox 1145 1087 1433 1162; x_wconf 81' lang='grc' dir='ltr'>γυναικῶν,</span> <span class='ocrx_word' id='word_1_73' title='bbox 1462 1088 1517 1143; x_wconf 78' lang='grc' dir='ltr'><strong>οὗ</strong></span> <span class='ocrx_word' id='word_1_74' title='bbox 1548 1085 1878 1164; x_wconf 82' lang='grc' dir='ltr'>περιμένουσι</span> 
     </span>
     <span class='ocr_line' id='line_1_12' title="bbox 324 1169 1878 1254; baseline 0.004 -28"><span class='ocrx_word' id='word_1_75' title='bbox 324 1170 526 1249; x_wconf 81' lang='grc' dir='ltr'>γεραιοὶ</span> <span class='ocrx_word' id='word_1_76' title='bbox 552 1173 819 1243; x_wconf 77' lang='grc' dir='ltr'>τελευτᾶν,</span> <span class='ocrx_word' id='word_1_77' title='bbox 847 1169 983 1229; x_wconf 71' lang='grc' dir='ltr'>ἀλλὰ</span> <span class='ocrx_word' id='word_1_78' title='bbox 1023 1172 1144 1250; x_wconf 76' lang='grc' dir='ltr'>πρὶν</span> <span class='ocrx_word' id='word_1_79' title='bbox 1175 1173 1458 1243; x_wconf 76' lang='grc' dir='ltr'>ἀσθενῆσαι</span> <span class='ocrx_word' id='word_1_80' title='bbox 1501 1172 1535 1243; x_wconf 82' lang='grc' dir='ltr'>ἢ</span> <span class='ocrx_word' id='word_1_81' title='bbox 1568 1174 1878 1254; x_wconf 73' lang='grc' dir='ltr'>πηρωθῆναί</span> 
     </span>
     <span class='ocr_line' id='line_1_13' title="bbox 330 1255 1793 1339; baseline 0.005 -27"><span class='ocrx_word' id='word_1_82' title='bbox 330 1279 379 1313; x_wconf 81' lang='grc' dir='ltr'><strong>τι</strong></span> <span class='ocrx_word' id='word_1_83' title='bbox 398 1300 415 1329; x_wconf 89' lang='grc'>,</span> <span class='ocrx_word' id='word_1_84' title='bbox 446 1260 493 1315; x_wconf 75' lang='grc' dir='ltr'><strong>οἱ</strong></span> <span class='ocrx_word' id='word_1_85' title='bbox 518 1256 612 1334; x_wconf 81' lang='grc' dir='ltr'><strong>μὲν</strong></span> <span class='ocrx_word' id='word_1_86' title='bbox 644 1258 879 1335; x_wconf 75' lang='grc' dir='ltr'>μήκωνι,</span> <span class='ocrx_word' id='word_1_87' title='bbox 902 1260 950 1316; x_wconf 82' lang='grc' dir='ltr'><strong>οῖ</strong></span> <span class='ocrx_word' id='word_1_88' title='bbox 975 1256 1027 1316; x_wconf 83' lang='grc' dir='ltr'><strong>δὲ</strong></span> <span class='ocrx_word' id='word_1_89' title='bbox 1057 1255 1254 1339; x_wconf 79' lang='grc' dir='ltr'>κωνείῳ</span> <span class='ocrx_word' id='word_1_90' title='bbox 1276 1257 1483 1325; x_wconf 73' lang='grc' dir='ltr'>ἑαυτοὺς</span> <span class='ocrx_word' id='word_1_91' title='bbox 1512 1258 1793 1337; x_wconf 74' lang='grc' dir='ltr'>ἐξάγουσιν.</span> 
     </span>
    </p>
   </div>
   <div class='ocr_carea' id='block_1_7' title="bbox 876 1423 1318 1484">
    <p class='ocr_par' dir='ltr' id='par_1_9' title="bbox 876 1423 1318 1484">
     <span class='ocr_line' id='line_1_14' title="bbox 876 1423 1318 1484; baseline 0 -2"><span class='ocrx_word' id='word_1_92' title='bbox 876 1423 948 1482; x_wconf 88' lang='lat' dir='ltr'><strong>X.</strong></span> <span class='ocrx_word' id='word_1_93' title='bbox 994 1425 1318 1484; x_wconf 77' lang='grc' dir='ltr'>ΣΑΜΙΩΝ.</span> 
     </span>
    </p>
   </div>
   <div class='ocr_carea' id='block_1_8' title="bbox 322 1576 1871 2187">
    <p class='ocr_par' dir='ltr' id='par_1_10' title="bbox 325 1576 1871 1925">
     <span class='ocr_line' id='line_1_15' title="bbox 406 1576 1871 1665; baseline 0.001 -21"><span class='ocrx_word' id='word_1_94' title='bbox 406 1585 587 1659; x_wconf 73' lang='grc' dir='ltr'>Σάμον</span> <span class='ocrx_word' id='word_1_95' title='bbox 623 1582 798 1661; x_wconf 80' lang='grc' dir='ltr'>τὸμὲν</span> <span class='ocrx_word' id='word_1_96' title='bbox 839 1583 889 1652; x_wconf 71' lang='grc' dir='ltr'><strong>ἐξ</strong></span> <span class='ocrx_word' id='word_1_97' title='bbox 921 1587 1083 1665; x_wconf 68' lang='grc' dir='ltr'>ἀρχῆς</span> <span class='ocrx_word' id='word_1_98' title='bbox 1120 1584 1318 1665; x_wconf 75' lang='grc' dir='ltr'>ἐρήμην</span> <span class='ocrx_word' id='word_1_99' title='bbox 1353 1576 1510 1642; x_wconf 63' lang='grc' dir='ltr'>οὖσαν</span> <span class='ocrx_word' id='word_1_100' title='bbox 1538 1586 1746 1664; x_wconf 81' lang='grc' dir='ltr'>λέγεται</span> <span class='ocrx_word' id='word_1_101' title='bbox 1775 1613 1871 1646; x_wconf 84' lang='grc' dir='ltr'><strong>κα-</strong></span> 
     </span>
     <span class='ocr_line' id='line_1_16' title="bbox 326 1670 1871 1753; baseline 0.002 -24"><span class='ocrx_word' id='word_1_102' title='bbox 326 1670 494 1750; x_wconf 70' lang='grc' dir='ltr'>τέχειν</span> <span class='ocrx_word' id='word_1_103' title='bbox 525 1673 720 1743; x_wconf 79' lang='grc' dir='ltr'>πλῆθος</span> <span class='ocrx_word' id='word_1_104' title='bbox 748 1671 936 1751; x_wconf 84' lang='grc' dir='ltr'>θηρίων</span> <span class='ocrx_word' id='word_1_105' title='bbox 969 1672 1200 1749; x_wconf 77' lang='grc' dir='ltr'>μεγάλην</span> <span class='ocrx_word' id='word_1_106' title='bbox 1228 1670 1400 1753; x_wconf 75' lang='grc' dir='ltr'>φωνὴν</span> <span class='ocrx_word' id='word_1_107' title='bbox 1435 1671 1712 1753; x_wconf 69' lang='grc' dir='ltr'>ἀφιέντων·</span> <span class='ocrx_word' id='word_1_108' title='bbox 1748 1676 1871 1732; x_wconf 78' lang='grc' dir='ltr'>ἐκα-</span> 
     </span>
     <span class='ocr_line' id='line_1_17' title="bbox 325 1753 1868 1839; baseline 0.003 -24"><span class='ocrx_word' id='word_1_109' title='bbox 325 1761 503 1823; x_wconf 80' lang='grc' dir='ltr'>λοῦντο</span> <span class='ocrx_word' id='word_1_110' title='bbox 524 1758 578 1818; x_wconf 72' lang='grc' dir='ltr'><strong>δὲ</strong></span> <span class='ocrx_word' id='word_1_111' title='bbox 606 1757 673 1818; x_wconf 78' lang='grc' dir='ltr'><strong>τὰ</strong></span> <span class='ocrx_word' id='word_1_112' title='bbox 696 1758 847 1839; x_wconf 84' lang='grc' dir='ltr'>θηρία</span> <span class='ocrx_word' id='word_1_113' title='bbox 871 1753 1062 1831; x_wconf 78' lang='grc' dir='ltr'>νηίδες,</span> <span class='ocrx_word' id='word_1_114' title='bbox 1089 1762 1122 1829; x_wconf 78' lang='grc' dir='ltr'>ἡ</span> <span class='ocrx_word' id='word_1_115' title='bbox 1144 1756 1196 1817; x_wconf 81' lang='grc' dir='ltr'><strong>δὲ</strong></span> <span class='ocrx_word' id='word_1_116' title='bbox 1220 1763 1374 1832; x_wconf 77' lang='grc' dir='ltr'>νῆσος</span> <span class='ocrx_word' id='word_1_117' title='bbox 1398 1759 1660 1839; x_wconf 86' lang='grc' dir='ltr'>Παρθενία</span> <span class='ocrx_word' id='word_1_118' title='bbox 1677 1805 1694 1834; x_wconf 92' lang='grc'>,</span> <span class='ocrx_word' id='word_1_119' title='bbox 1721 1760 1868 1820; x_wconf 78' lang='grc' dir='ltr'>ὕστε·</span> 
     </span>
     <span class='ocr_line' id='line_1_18' title="bbox 330 1845 775 1925; baseline -0.004 -20"><span class='ocrx_word' id='word_1_120' title='bbox 330 1869 412 1925; x_wconf 84' lang='grc' dir='ltr'><strong>ρον</strong></span> <span class='ocrx_word' id='word_1_121' title='bbox 436 1845 489 1905; x_wconf 74' lang='grc' dir='ltr'><strong>δὲ</strong></span> <span class='ocrx_word' id='word_1_122' title='bbox 514 1850 775 1925; x_wconf 79' lang='grc' dir='ltr'>Δρυοῧσα.</span> 
     </span>
    </p>

    <p class='ocr_par' dir='ltr' id='par_1_11' title="bbox 322 1924 1867 2187">
     <span class='ocr_line' id='line_1_19' title="bbox 401 1924 1865 2014; baseline 0.003 -24"><span class='ocrx_word' id='word_1_123' title='bbox 401 1952 445 1990; x_wconf 79' lang='lat'><strong>2.</strong></span> <span class='ocrx_word' id='word_1_124' title='bbox 491 1931 834 1994; x_wconf 74' lang='grc' dir='ltr'>Ἐὃασίλευσε</span> <span class='ocrx_word' id='word_1_125' title='bbox 855 1933 899 1990; x_wconf 83' lang='grc' dir='ltr'><strong>δ’</strong></span> <span class='ocrx_word' id='word_1_126' title='bbox 921 1934 1089 1990; x_wconf 78' lang='grc' dir='ltr'>αὐτῶν</span> <span class='ocrx_word' id='word_1_127' title='bbox 1111 1932 1370 2009; x_wconf 80' lang='grc' dir='ltr'>Ἀγκαῖος,</span> <span class='ocrx_word' id='word_1_128' title='bbox 1392 1935 1480 2014; x_wconf 71' lang='grc' dir='ltr'><strong>ἀφ’</strong></span> <span class='ocrx_word' id='word_1_129' title='bbox 1503 1924 1562 1993; x_wconf 66' lang='grc' dir='ltr'><strong>οὗ</strong></span> <span class='ocrx_word' id='word_1_130' title='bbox 1582 1933 1671 2001; x_wconf 75' lang='grc' dir='ltr'><strong>τὰς</strong></span> <span class='ocrx_word' id='word_1_131' title='bbox 1692 1931 1865 2013; x_wconf 78' lang='grc' dir='ltr'>ἆμπέ·</span> 
     </span>
     <span class='ocr_line' id='line_1_20' title="bbox 324 2018 1867 2100; baseline 0.003 -23"><span class='ocrx_word' id='word_1_132' title='bbox 324 2020 444 2087; x_wconf 86' lang='grc' dir='ltr'>λους</span> <span class='ocrx_word' id='word_1_133' title='bbox 471 2023 498 2079; x_wconf 79' lang='grc' dir='ltr'>ὁ</span> <span class='ocrx_word' id='word_1_134' title='bbox 528 2019 764 2100; x_wconf 77' lang='grc' dir='ltr'>θεράπων</span> <span class='ocrx_word' id='word_1_135' title='bbox 792 2018 1023 2100; x_wconf 74' lang='grc' dir='ltr'>φυτεύων</span> <span class='ocrx_word' id='word_1_136' title='bbox 1046 2020 1173 2100; x_wconf 81' lang='grc' dir='ltr'>φησί</span> <span class='ocrx_word' id='word_1_137' title='bbox 1192 2040 1206 2055; x_wconf 86' lang='grc'><em>·</em></span> <span class='ocrx_word' id='word_1_138' title='bbox 1236 2022 1452 2079; x_wconf 80' lang='grc' dir='ltr'>Πολλὰ</span> <span class='ocrx_word' id='word_1_139' title='bbox 1493 2022 1728 2098; x_wconf 77' lang='grc' dir='ltr'>μεταξὺ</span> <span class='ocrx_word' id='word_1_140' title='bbox 1758 2022 1867 2082; x_wconf 76' lang='grc' dir='ltr'>πέ-</span> 
     </span>
     <span class='ocr_line' id='line_1_21' title="bbox 322 2107 1338 2187; baseline 0.001 -21"><span class='ocrx_word' id='word_1_141' title='bbox 322 2110 417 2167; x_wconf 87' lang='grc' dir='ltr'><strong>λει</strong></span> <span class='ocrx_word' id='word_1_142' title='bbox 444 2107 699 2175; x_wconf 79' lang='grc' dir='ltr'>κύλικος</span> <span class='ocrx_word' id='word_1_143' title='bbox 721 2109 829 2167; x_wconf 81' lang='grc' dir='ltr'><strong>καὶ</strong></span> <span class='ocrx_word' id='word_1_144' title='bbox 846 2108 1097 2187; x_wconf 84' lang='grc' dir='ltr'>χείλεος</span> <span class='ocrx_word' id='word_1_145' title='bbox 1125 2108 1338 2187; x_wconf 76' lang='grc' dir='ltr'>ἄκρου.</span> 
     </span>
    </p>
   </div>
   <div class='ocr_carea' id='block_1_9' title="bbox 1969 660 3518 920">
    <p class='ocr_par' dir='ltr' id='par_1_12' title="bbox 1969 660 3518 920">
     <span class='ocr_line' id='line_1_22' title="bbox 1969 660 2178 712; baseline 0.019 -4"><span class='ocrx_word' id='word_1_146' title='bbox 1969 673 2035 709; x_wconf 93' lang='lat' dir='ltr'><strong>nn</strong></span> <span class='ocrx_word' id='word_1_147' title='bbox 2071 660 2178 712; x_wconf 74' lang='lat' dir='ltr'><strong>tias.</strong></span> 
     </span>
     <span class='ocr_line' id='line_1_23' title="bbox 2030 674 3518 825; baseline 0.011 -29"><span class='ocrx_word' id='word_1_148' title='bbox 2030 674 2076 796; x_wconf 70' lang='lat' dir='ltr'><strong>4p.</strong></span> <span class='ocrx_word' id='word_1_149' title='bbox 2098 750 2357 799; x_wconf 74' lang='lat' dir='ltr'><strong>Defunctos</strong></span> <span class='ocrx_word' id='word_1_150' title='bbox 2374 751 2462 799; x_wconf 74' lang='lat' dir='ltr'><strong>viri</strong></span> <span class='ocrx_word' id='word_1_151' title='bbox 2483 765 2581 801; x_wconf 90' lang='lat' dir='ltr'><strong>non</strong></span> <span class='ocrx_word' id='word_1_152' title='bbox 2600 753 2762 816; x_wconf 80' lang='lat' dir='ltr'><strong>lugent</strong></span> <span class='ocrx_word' id='word_1_153' title='bbox 2781 768 2937 819; x_wconf 89' lang='lat' dir='ltr'><strong>neque</strong></span> <span class='ocrx_word' id='word_1_154' title='bbox 2959 760 3092 807; x_wconf 78' lang='lat' dir='ltr'><strong>veste</strong></span> <span class='ocrx_word' id='word_1_155' title='bbox 3117 772 3273 821; x_wconf 87' lang='lat' dir='ltr'><strong>neque</strong></span> <span class='ocrx_word' id='word_1_156' title='bbox 3295 763 3518 825; x_wconf 80' lang='lat' dir='ltr'><strong>tonsura3</strong></span> 
     </span>
     <span class='ocr_line' id='line_1_24' title="bbox 1969 848 3268 920; baseline 0.01 -24"><span class='ocrx_word' id='word_1_157' title='bbox 1969 850 2123 897; x_wconf 89' lang='lat' dir='ltr'><strong>mater</strong></span> <span class='ocrx_word' id='word_1_158' title='bbox 2154 862 2266 898; x_wconf 80' lang='lat' dir='ltr'><strong>vero</strong></span> <span class='ocrx_word' id='word_1_159' title='bbox 2285 848 2564 901; x_wconf 75' lang='lat' dir='ltr'><strong>defunctum</strong></span> <span class='ocrx_word' id='word_1_160' title='bbox 2585 866 2786 915; x_wconf 88' lang='lat' dir='ltr'><strong>puerum</strong></span> <span class='ocrx_word' id='word_1_161' title='bbox 2805 855 2934 919; x_wconf 83' lang='lat' dir='ltr'><strong>luget</strong></span> <span class='ocrx_word' id='word_1_162' title='bbox 2964 869 3049 920; x_wconf 84' lang='lat' dir='ltr'><strong>per</strong></span> <span class='ocrx_word' id='word_1_163' title='bbox 3070 870 3268 909; x_wconf 88' lang='lat' dir='ltr'><strong>annum.</strong></span> 
     </span>
    </p>
   </div>
   <div class='ocr_carea' id='block_1_10' title="bbox 1964 1001 3520 1339">
    <p class='ocr_par' dir='ltr' id='par_1_13' title="bbox 1964 1001 3520 1339">
     <span class='ocr_line' id='line_1_25' title="bbox 2029 1001 3520 1070; baseline 0.009 -21"><span class='ocrx_word' id='word_1_164' title='bbox 2029 1004 2075 1049; x_wconf 87' lang='lat'><strong>5.</strong></span> <span class='ocrx_word' id='word_1_165' title='bbox 2107 1001 2256 1051; x_wconf 88' lang='lat' dir='ltr'><strong>Porro</strong></span> <span class='ocrx_word' id='word_1_166' title='bbox 2274 1013 2425 1062; x_wconf 85' lang='lat' dir='ltr'><strong>quum</strong></span> <span class='ocrx_word' id='word_1_167' title='bbox 2447 1001 2648 1051; x_wconf 87' lang='lat' dir='ltr'><strong>salubris</strong></span> <span class='ocrx_word' id='word_1_168' title='bbox 2666 1001 2823 1054; x_wconf 89' lang='lat' dir='ltr'><strong>insula</strong></span> <span class='ocrx_word' id='word_1_169' title='bbox 2841 1006 2902 1054; x_wconf 80' lang='lat' dir='ltr'><strong>sit</strong></span> <span class='ocrx_word' id='word_1_170' title='bbox 2920 1008 2967 1055; x_wconf 84' lang='lat' dir='ltr'><strong>et</strong></span> <span class='ocrx_word' id='word_1_171' title='bbox 2987 1006 3048 1056; x_wconf 86' lang='lat' dir='ltr'><strong>ad</strong></span> <span class='ocrx_word' id='word_1_172' title='bbox 3067 1020 3285 1070; x_wconf 82' lang='lat' dir='ltr'><strong>magnam</strong></span> <span class='ocrx_word' id='word_1_173' title='bbox 3304 1010 3520 1064; x_wconf 77' lang='lat' dir='ltr'><strong>homines</strong></span> 
     </span>
     <span class='ocr_line' id='line_1_26' title="bbox 1965 1070 3517 1141; baseline 0.01 -24"><span class='ocrx_word' id='word_1_174' title='bbox 1965 1070 2157 1119; x_wconf 78' lang='lat' dir='ltr'><strong>aetatem</strong></span> <span class='ocrx_word' id='word_1_175' title='bbox 2171 1107 2185 1132; x_wconf 88' lang='lat'><strong>,</strong></span> <span class='ocrx_word' id='word_1_176' title='bbox 2209 1071 2433 1121; x_wconf 83' lang='lat' dir='ltr'><strong>mulieres</strong></span> <span class='ocrx_word' id='word_1_177' title='bbox 2451 1074 2661 1122; x_wconf 78' lang='lat' dir='ltr'>maxime</span> <span class='ocrx_word' id='word_1_178' title='bbox 2674 1110 2688 1134; x_wconf 87' lang='lat'><strong>,</strong></span> <span class='ocrx_word' id='word_1_179' title='bbox 2709 1076 3015 1137; x_wconf 81' lang='lat' dir='ltr'><strong>perveniant,</strong></span> <span class='ocrx_word' id='word_1_180' title='bbox 3037 1090 3132 1126; x_wconf 90' lang='lat' dir='ltr'><strong>non</strong></span> <span class='ocrx_word' id='word_1_181' title='bbox 3150 1084 3430 1141; x_wconf 84' lang='lat' dir='ltr'><strong>exspectant</strong></span> <span class='ocrx_word' id='word_1_182' title='bbox 3447 1095 3517 1133; x_wconf 77' lang='lat' dir='ltr'><strong>se·</strong></span> 
     </span>
     <span class='ocr_line' id='line_1_27' title="bbox 1964 1140 3520 1213; baseline 0.01 -26"><span class='ocrx_word' id='word_1_183' title='bbox 1964 1151 2049 1188; x_wconf 83' lang='lat' dir='ltr'><strong>nes</strong></span> <span class='ocrx_word' id='word_1_184' title='bbox 2068 1141 2180 1189; x_wconf 78' lang='lat' dir='ltr'><strong>vilae</strong></span> <span class='ocrx_word' id='word_1_185' title='bbox 2203 1140 2372 1201; x_wconf 82' lang='lat' dir='ltr'><strong>tinem,</strong></span> <span class='ocrx_word' id='word_1_186' title='bbox 2395 1142 2476 1191; x_wconf 83' lang='lat' dir='ltr'><strong>sed</strong></span> <span class='ocrx_word' id='word_1_187' title='bbox 2505 1145 2762 1204; x_wconf 86' lang='lat' dir='ltr'><strong>antequam</strong></span> <span class='ocrx_word' id='word_1_188' title='bbox 2791 1145 2916 1194; x_wconf 60' lang='lat' dir='ltr'><strong>vires</strong></span> <span class='ocrx_word' id='word_1_189' title='bbox 2946 1145 3171 1197; x_wconf 79' lang='lat' dir='ltr'><strong>deficiant</strong></span> <span class='ocrx_word' id='word_1_190' title='bbox 3200 1150 3275 1198; x_wconf 76' lang='lat' dir='ltr'><strong>vel</strong></span> <span class='ocrx_word' id='word_1_191' title='bbox 3308 1152 3520 1213; x_wconf 85' lang='lat' dir='ltr'><strong>corporis</strong></span> 
     </span>
     <span class='ocr_line' id='line_1_28' title="bbox 1964 1209 3517 1276; baseline 0.01 -21"><span class='ocrx_word' id='word_1_192' title='bbox 1964 1220 2074 1269; x_wconf 84' lang='lat' dir='ltr'><strong>pars</strong></span> <span class='ocrx_word' id='word_1_193' title='bbox 2095 1209 2252 1270; x_wconf 88' lang='lat' dir='ltr'><strong>aliqua</strong></span> <span class='ocrx_word' id='word_1_194' title='bbox 2286 1209 2580 1269; x_wconf 77' lang='lat' dir='ltr'><strong>debilitetur,</strong></span> <span class='ocrx_word' id='word_1_195' title='bbox 2615 1211 2785 1262; x_wconf 83' lang='lat' dir='ltr'><strong>hausto</strong></span> <span class='ocrx_word' id='word_1_196' title='bbox 2810 1214 2884 1263; x_wconf 76' lang='lat' dir='ltr'><strong>vel</strong></span> <span class='ocrx_word' id='word_1_197' title='bbox 2919 1227 3155 1276; x_wconf 77' lang='lat' dir='ltr'><strong>papavere</strong></span> <span class='ocrx_word' id='word_1_198' title='bbox 3187 1219 3263 1267; x_wconf 73' lang='lat' dir='ltr'><strong>vel</strong></span> <span class='ocrx_word' id='word_1_199' title='bbox 3286 1220 3441 1269; x_wconf 86' lang='lat' dir='ltr'><strong>cicuta</strong></span> <span class='ocrx_word' id='word_1_200' title='bbox 3465 1234 3517 1271; x_wconf 85' lang='lat' dir='ltr'><strong>se</strong></span> 
     </span>
     <span class='ocr_line' id='line_1_29' title="bbox 1964 1278 2462 1339; baseline 0.006 -14"><span class='ocrx_word' id='word_1_201' title='bbox 1964 1278 2050 1339; x_wconf 85' lang='lat' dir='ltr'><strong>ipsi</strong></span> <span class='ocrx_word' id='word_1_202' title='bbox 2072 1291 2097 1327; x_wconf 93' lang='lat' dir='ltr'><strong>e</strong></span> <span class='ocrx_word' id='word_1_203' title='bbox 2122 1278 2218 1327; x_wconf 65' lang='lat' dir='ltr'><strong>iila</strong></span> <span class='ocrx_word' id='word_1_204' title='bbox 2236 1278 2462 1328; x_wconf 87' lang='lat' dir='ltr'><strong>educunt.</strong></span> 
     </span>
    </p>
   </div>
   <div class='ocr_carea' id='block_1_11' title="bbox 2460 1416 3007 1495">
    <p class='ocr_par' dir='ltr' id='par_1_14' title="bbox 2460 1416 3007 1495">
     <span class='ocr_line' id='line_1_30' title="bbox 2460 1416 3007 1495; baseline 0.011 -21"><span class='ocrx_word' id='word_1_205' title='bbox 2460 1416 2534 1474; x_wconf 83' lang='lat' dir='ltr'><strong>x.</strong></span> <span class='ocrx_word' id='word_1_206' title='bbox 2582 1417 3007 1495; x_wconf 50' lang='lat' dir='ltr'><strong>santonum.</strong></span> 
     </span>
    </p>
   </div>
   <div class='ocr_carea' id='block_1_12' title="bbox 1955 1588 3512 2092">
    <p class='ocr_par' dir='ltr' id='par_1_15' title="bbox 1958 1588 3512 1912">
     <span class='ocr_line' id='line_1_31' title="bbox 2023 1588 3512 1657; baseline 0.007 -20"><span class='ocrx_word' id='word_1_207' title='bbox 2023 1591 2221 1637; x_wconf 81' lang='lat' dir='ltr'><strong>Samum</strong></span> <span class='ocrx_word' id='word_1_208' title='bbox 2244 1588 2406 1649; x_wconf 88' lang='lat' dir='ltr'><strong>initio,</strong></span> <span class='ocrx_word' id='word_1_209' title='bbox 2431 1600 2584 1651; x_wconf 89' lang='lat' dir='ltr'><strong>quum</strong></span> <span class='ocrx_word' id='word_1_210' title='bbox 2611 1588 2798 1639; x_wconf 86' lang='lat' dir='ltr'><strong>deserta</strong></span> <span class='ocrx_word' id='word_1_211' title='bbox 2831 1591 2990 1641; x_wconf 84' lang='lat' dir='ltr'><strong>adhuc</strong></span> <span class='ocrx_word' id='word_1_212' title='bbox 3018 1595 3166 1657; x_wconf 61' lang='lat' dir='ltr'><strong>esset,</strong></span> <span class='ocrx_word' id='word_1_213' title='bbox 3185 1596 3390 1646; x_wconf 74' lang='lat' dir='ltr'><strong>tenuisse</strong></span> <span class='ocrx_word' id='word_1_214' title='bbox 3410 1611 3512 1648; x_wconf 88' lang='lat' dir='ltr'><strong>nar·</strong></span> 
     </span>
     <span class='ocr_line' id='line_1_32' title="bbox 1962 1675 3512 1745; baseline 0.008 -22"><span class='ocrx_word' id='word_1_215' title='bbox 1962 1678 2072 1724; x_wconf 90' lang='lat' dir='ltr'><strong>rant</strong></span> <span class='ocrx_word' id='word_1_216' title='bbox 2089 1675 2358 1724; x_wconf 79' lang='lat' dir='ltr'><strong>belluarum</strong></span> <span class='ocrx_word' id='word_1_217' title='bbox 2388 1675 2747 1726; x_wconf 74' lang='lat' dir='ltr'><strong>multitudinem</strong></span> <span class='ocrx_word' id='word_1_218' title='bbox 2760 1714 2774 1737; x_wconf 86' lang='lat'><strong>,</strong></span> <span class='ocrx_word' id='word_1_219' title='bbox 2804 1691 2943 1729; x_wconf 72' lang='lat' dir='ltr'><strong>voces</strong></span> <span class='ocrx_word' id='word_1_220' title='bbox 2961 1680 3254 1730; x_wconf 80' lang='lat' dir='ltr'><strong>mittentium</strong></span> <span class='ocrx_word' id='word_1_221' title='bbox 3284 1682 3512 1745; x_wconf 81' lang='lat' dir='ltr'><strong>ingentes.</strong></span> 
     </span>
     <span class='ocr_line' id='line_1_33' title="bbox 1960 1762 3512 1834; baseline 0.006 -22"><span class='ocrx_word' id='word_1_222' title='bbox 1960 1762 2272 1812; x_wconf 72' lang='lat' dir='ltr'><strong>Vocabantur</strong></span> <span class='ocrx_word' id='word_1_223' title='bbox 2291 1762 2464 1812; x_wconf 65' lang='lat' dir='ltr'><strong>belluas</strong></span> <span class='ocrx_word' id='word_1_224' title='bbox 2492 1762 2690 1826; x_wconf 73' lang='lat' dir='ltr'><strong>NeideS,</strong></span> <span class='ocrx_word' id='word_1_225' title='bbox 2713 1764 2866 1814; x_wconf 83' lang='lat' dir='ltr'><strong>insula</strong></span> <span class='ocrx_word' id='word_1_226' title='bbox 2885 1779 3000 1816; x_wconf 72' lang='lat' dir='ltr'><strong>vero</strong></span> <span class='ocrx_word' id='word_1_227' title='bbox 3019 1769 3300 1831; x_wconf 84' lang='lat' dir='ltr'><strong>Parthenia,</strong></span> <span class='ocrx_word' id='word_1_228' title='bbox 3321 1773 3370 1821; x_wconf 90' lang='lat' dir='ltr'><strong>et</strong></span> <span class='ocrx_word' id='word_1_229' title='bbox 3389 1776 3512 1834; x_wconf 86' lang='lat' dir='ltr'><strong>post·</strong></span> 
     </span>
     <span class='ocr_line' id='line_1_34' title="bbox 1958 1849 2405 1912; baseline 0.004 -14"><span class='ocrx_word' id='word_1_230' title='bbox 1958 1849 2156 1899; x_wconf 89' lang='lat' dir='ltr'><strong>modum</strong></span> <span class='ocrx_word' id='word_1_231' title='bbox 2183 1853 2405 1912; x_wconf 76' lang='lat' dir='ltr'><strong>Dryussa.</strong></span> 
     </span>
    </p>

    <p class='ocr_par' dir='ltr' id='par_1_16' title="bbox 1955 1937 3507 2092">
     <span class='ocr_line' id='line_1_35' title="bbox 2020 1937 3507 2007; baseline 0.005 -19"><span class='ocrx_word' id='word_1_232' title='bbox 2020 1945 2065 1988; x_wconf 84' lang='lat'><strong>2.</strong></span> <span class='ocrx_word' id='word_1_233' title='bbox 2093 1937 2362 1988; x_wconf 87' lang='lat' dir='ltr'><strong>Samiorum</strong></span> <span class='ocrx_word' id='word_1_234' title='bbox 2378 1951 2463 1987; x_wconf 84' lang='lat' dir='ltr'><strong>rex</strong></span> <span class='ocrx_word' id='word_1_235' title='bbox 2477 1938 2569 1988; x_wconf 80' lang='lat' dir='ltr'><strong>ruit</strong></span> <span class='ocrx_word' id='word_1_236' title='bbox 2583 1942 2801 2001; x_wconf 76' lang='lat' dir='ltr'><strong>Ancaens,</strong></span> <span class='ocrx_word' id='word_1_237' title='bbox 2818 1952 2847 1989; x_wconf 88' lang='lat' dir='ltr'><strong>a</strong></span> <span class='ocrx_word' id='word_1_238' title='bbox 2861 1952 2958 2003; x_wconf 89' lang='lat' dir='ltr'><strong>quo</strong></span> <span class='ocrx_word' id='word_1_239' title='bbox 2972 1940 3153 1992; x_wconf 88' lang='lat' dir='ltr'><strong>dictum</strong></span> <span class='ocrx_word' id='word_1_240' title='bbox 3168 1946 3475 2007; x_wconf 75' lang='lat' dir='ltr'><strong>proverbium</strong></span> <span class='ocrx_word' id='word_1_241' title='bbox 3494 1966 3507 1996; x_wconf 73' lang='grc' dir='ltr'><strong>ε</strong></span> 
     </span>
     <span class='ocr_line' id='line_1_36' title="bbox 1955 2028 3198 2092; baseline 0.003 -14"><span class='ocrx_word' id='word_1_242' title='bbox 1955 2028 2134 2078; x_wconf 78' lang='lat' dir='ltr'><strong>Multa</strong></span> <span class='ocrx_word' id='word_1_243' title='bbox 2157 2032 2282 2079; x_wconf 80' lang='lat' dir='ltr'><strong>sunt</strong></span> <span class='ocrx_word' id='word_1_244' title='bbox 2300 2031 2352 2078; x_wconf 75' lang='lat' dir='ltr'><strong>in</strong></span> <span class='ocrx_word' id='word_1_245' title='bbox 2363 2032 2443 2078; x_wconf 82' lang='lat' dir='ltr'><strong>ter</strong></span> <span class='ocrx_word' id='word_1_246' title='bbox 2470 2029 2714 2092; x_wconf 80' lang='lat' dir='ltr'><strong>poculum</strong></span> <span class='ocrx_word' id='word_1_247' title='bbox 2733 2033 2784 2081; x_wconf 79' lang='lat' dir='ltr'><strong>et</strong></span> <span class='ocrx_word' id='word_1_248' title='bbox 2804 2043 3010 2081; x_wconf 80' lang='lat' dir='ltr'><strong>summa</strong></span> <span class='ocrx_word' id='word_1_249' title='bbox 3029 2033 3198 2084; x_wconf 82' lang='lat' dir='ltr'><strong>labra.</strong></span> 
     </span>
    </p>
   </div>
   <div class='ocr_carea' id='block_1_13' title="bbox 2017 2120 3508 2188">
    <p class='ocr_par' dir='ltr' id='par_1_17' title="bbox 2017 2120 3508 2188">
     <span class='ocr_line' id='line_1_37' title="bbox 2017 2120 3508 2188; baseline 0.007 -19"><span class='ocrx_word' id='word_1_250' title='bbox 2017 2124 2064 2169; x_wconf 83' lang='lat'><strong>3.</strong></span> <span class='ocrx_word' id='word_1_251' title='bbox 2100 2120 2238 2183; x_wconf 87' lang='lat' dir='ltr'><strong>Apud</strong></span> <span class='ocrx_word' id='word_1_252' title='bbox 2271 2120 2452 2170; x_wconf 85' lang='lat' dir='ltr'><strong>Samios</strong></span> <span class='ocrx_word' id='word_1_253' title='bbox 2480 2120 2702 2183; x_wconf 88' lang='lat' dir='ltr'><strong>apparuit</strong></span> <span class='ocrx_word' id='word_1_254' title='bbox 2744 2120 2951 2173; x_wconf 81' lang='lat' dir='ltr'><strong>hirundo</strong></span> <span class='ocrx_word' id='word_1_255' title='bbox 2984 2123 3126 2187; x_wconf 85' lang='lat' dir='ltr'><strong>alba,</strong></span> <span class='ocrx_word' id='word_1_256' title='bbox 3165 2125 3356 2188; x_wconf 84' lang='lat' dir='ltr'><strong>perdice</strong></span> <span class='ocrx_word' id='word_1_257' title='bbox 3378 2129 3508 2179; x_wconf 83' lang='lat' dir='ltr'><strong>hand</strong></span> 
     </span>
    </p>
   </div>
   <div class='ocr_carea' id='block_1_14' title="bbox 400 2193 2126 2278">
    <p class='ocr_par' dir='ltr' id='par_1_18' title="bbox 400 2193 2126 2278">
     <span class='ocr_line' id='line_1_38' title="bbox 400 2193 2126 2278; baseline 0.003 -21"><span class='ocrx_word' id='word_1_258' title='bbox 400 2216 445 2259; x_wconf 87' lang='grc'><strong>3.</strong></span> <span class='ocrx_word' id='word_1_259' title='bbox 485 2193 617 2257; x_wconf 68' lang='grc' dir='ltr'><strong>Ὀτι</strong></span> <span class='ocrx_word' id='word_1_260' title='bbox 645 2200 696 2256; x_wconf 79' lang='grc' dir='ltr'><strong>ἐν</strong></span> <span class='ocrx_word' id='word_1_261' title='bbox 725 2203 830 2264; x_wconf 84' lang='grc' dir='ltr'>τοῖς</span> <span class='ocrx_word' id='word_1_262' title='bbox 867 2196 1087 2274; x_wconf 83' lang='grc' dir='ltr'>Σαμίοις</span> <span class='ocrx_word' id='word_1_263' title='bbox 1126 2196 1285 2276; x_wconf 68' lang='grc' dir='ltr'>ἐφάνη</span> <span class='ocrx_word' id='word_1_264' title='bbox 1329 2199 1487 2271; x_wconf 70' lang='grc' dir='ltr'>λευκὴ</span> <span class='ocrx_word' id='word_1_265' title='bbox 1522 2197 1742 2278; x_wconf 81' lang='grc' dir='ltr'>χελιδὼν</span> <span class='ocrx_word' id='word_1_266' title='bbox 1772 2200 1865 2256; x_wconf 78' lang='grc' dir='ltr'><strong>οὐκ</strong></span> <span class='ocrx_word' id='word_1_267' title='bbox 1954 2212 2126 2261; x_wconf 86' lang='lat' dir='ltr'><strong>minor.</strong></span> 
     </span>
    </p>
   </div>
   <div class='ocr_carea' id='block_1_15' title="bbox 318 2282 829 2365">
    <p class='ocr_par' dir='ltr' id='par_1_19' title="bbox 318 2282 829 2365">
     <span class='ocr_line' id='line_1_39' title="bbox 318 2282 829 2365; baseline 0.004 -23"><span class='ocrx_word' id='word_1_268' title='bbox 318 2282 555 2343; x_wconf 74' lang='grc' dir='ltr'>ἐλάττων</span> <span class='ocrx_word' id='word_1_269' title='bbox 578 2283 829 2365; x_wconf 78' lang='grc' dir='ltr'>πέρδικος.</span> 
     </span>
    </p>
   </div>
   <div class='ocr_carea' id='block_1_16' title="bbox 2015 2299 3506 2363">
    <p class='ocr_par' dir='ltr' id='par_1_20' title="bbox 2015 2299 3506 2363">
     <span class='ocr_line' id='line_1_40' title="bbox 2015 2299 3506 2363; baseline 0.005 -13"><span class='ocrx_word' id='word_1_270' title='bbox 2015 2304 2062 2350; x_wconf 75' lang='lat'><strong>⁴.</strong></span> <span class='ocrx_word' id='word_1_271' title='bbox 2091 2299 2386 2363; x_wconf 81' lang='lat' dir='ltr'><strong>Pherecydes</strong></span> <span class='ocrx_word' id='word_1_272' title='bbox 2399 2300 2563 2362; x_wconf 76' lang='lat' dir='ltr'><strong>Syrius</strong></span> <span class='ocrx_word' id='word_1_273' title='bbox 2582 2315 2610 2350; x_wconf 90' lang='lat' dir='ltr'><strong>a</strong></span> <span class='ocrx_word' id='word_1_274' title='bbox 2630 2301 2859 2363; x_wconf 79' lang='lat' dir='ltr'><strong>pediculis</strong></span> <span class='ocrx_word' id='word_1_275' title='bbox 2875 2303 3137 2354; x_wconf 74' lang='lat' dir='ltr'><strong>devoratus</strong></span> <span class='ocrx_word' id='word_1_276' title='bbox 3155 2305 3205 2354; x_wconf 88' lang='lat' dir='ltr'><strong>in</strong></span> <span class='ocrx_word' id='word_1_277' title='bbox 3223 2309 3366 2357; x_wconf 88' lang='lat' dir='ltr'><strong>Samo</strong></span> <span class='ocrx_word' id='word_1_278' title='bbox 3380 2308 3506 2358; x_wconf 88' lang='lat' dir='ltr'><strong>diem</strong></span> 
     </span>
    </p>
   </div>
   <div class='ocr_carea' id='block_1_17' title="bbox 401 2368 3500 2454">
    <p class='ocr_par' dir='ltr' id='par_1_21' title="bbox 401 2368 3500 2454">
     <span class='ocr_line' id='line_1_41' title="bbox 401 2368 3500 2454; baseline 0.003 -20"><span class='ocrx_word' id='word_1_279' title='bbox 401 2389 445 2429; x_wconf 76' lang='lat'><strong>⁴·</strong></span> <span class='ocrx_word' id='word_1_280' title='bbox 490 2368 789 2450; x_wconf 70' lang='grc' dir='ltr'>Φερεκύδης</span> <span class='ocrx_word' id='word_1_281' title='bbox 822 2373 849 2428; x_wconf 75' lang='grc' dir='ltr'><strong>ὃ</strong></span> <span class='ocrx_word' id='word_1_282' title='bbox 895 2368 1082 2452; x_wconf 60' lang='grc' dir='ltr'>Σύριος</span> <span class='ocrx_word' id='word_1_283' title='bbox 1116 2370 1215 2431; x_wconf 59' lang='grc' dir='ltr'><strong>ὕπὸ</strong></span> <span class='ocrx_word' id='word_1_284' title='bbox 1256 2374 1473 2452; x_wconf 66' lang='grc' dir='ltr'>φθειρῶν</span> <span class='ocrx_word' id='word_1_285' title='bbox 1511 2370 1865 2452; x_wconf 67' lang='grc' dir='ltr'>καταὸρωθεὶς</span> <span class='ocrx_word' id='word_1_286' title='bbox 1951 2387 2097 2448; x_wconf 88' lang='lat' dir='ltr'><strong>obiit,</strong></span> <span class='ocrx_word' id='word_1_287' title='bbox 2118 2401 2215 2450; x_wconf 82' lang='lat' dir='ltr'><strong>qno</strong></span> <span class='ocrx_word' id='word_1_288' title='bbox 2239 2391 2455 2450; x_wconf 87' lang='lat' dir='ltr'><strong>tempore</strong></span> <span class='ocrx_word' id='word_1_289' title='bbox 2479 2389 2622 2437; x_wconf 90' lang='lat' dir='ltr'><strong>etiam</strong></span> <span class='ocrx_word' id='word_1_290' title='bbox 2643 2389 2948 2452; x_wconf 72' lang='lat' dir='ltr'><strong>Pythagorae,</strong></span> <span class='ocrx_word' id='word_1_291' title='bbox 2969 2390 3053 2454; x_wconf 86' lang='lat' dir='ltr'><strong>qni</strong></span> <span class='ocrx_word' id='word_1_292' title='bbox 3075 2392 3263 2442; x_wconf 81' lang='lat' dir='ltr'><strong>visurus</strong></span> <span class='ocrx_word' id='word_1_293' title='bbox 3282 2407 3394 2443; x_wconf 91' lang='lat' dir='ltr'><strong>eum</strong></span> <span class='ocrx_word' id='word_1_294' title='bbox 3423 2408 3500 2445; x_wconf 68' lang='lat' dir='ltr'><strong>ve·</strong></span> 
     </span>
    </p>
   </div>
   <div class='ocr_carea' id='block_1_18' title="bbox 323 2457 3507 2545">
    <p class='ocr_par' dir='ltr' id='par_1_22' title="bbox 323 2457 3507 2545">
     <span class='ocr_line' id='line_1_42' title="bbox 323 2457 3507 2545; baseline 0.005 -28"><span class='ocrx_word' id='word_1_295' title='bbox 323 2461 376 2516; x_wconf 76' lang='grc' dir='ltr'><strong>ἐν</strong></span> <span class='ocrx_word' id='word_1_296' title='bbox 414 2457 585 2538; x_wconf 74' lang='grc' dir='ltr'>Σάμῳ</span> <span class='ocrx_word' id='word_1_297' title='bbox 613 2458 969 2534; x_wconf 70' lang='grc' dir='ltr'>ἐτελεύτησεν,</span> <span class='ocrx_word' id='word_1_298' title='bbox 1003 2459 1086 2517; x_wconf 74' lang='grc' dir='ltr'><strong>ὅτε</strong></span> <span class='ocrx_word' id='word_1_299' title='bbox 1114 2459 1202 2518; x_wconf 83' lang='grc' dir='ltr'><strong>καὶ</strong></span> <span class='ocrx_word' id='word_1_300' title='bbox 1240 2457 1437 2517; x_wconf 81' lang='grc' dir='ltr'>ἐλθόντι</span> <span class='ocrx_word' id='word_1_301' title='bbox 1467 2459 1747 2539; x_wconf 75' lang='grc' dir='ltr'>Πυθαγόρα</span> <span class='ocrx_word' id='word_1_302' title='bbox 1775 2460 1862 2516; x_wconf 74' lang='grc' dir='ltr'><strong>τὸν</strong></span> <span class='ocrx_word' id='word_1_303' title='bbox 1952 2478 2115 2537; x_wconf 80' lang='lat' dir='ltr'><strong>nei-at,</strong></span> <span class='ocrx_word' id='word_1_304' title='bbox 2146 2475 2442 2524; x_wconf 84' lang='lat' dir='ltr'><strong>denudatum</strong></span> <span class='ocrx_word' id='word_1_305' title='bbox 2479 2488 2623 2524; x_wconf 88' lang='lat' dir='ltr'><strong>carne</strong></span> <span class='ocrx_word' id='word_1_306' title='bbox 2661 2476 2972 2526; x_wconf 83' lang='lat' dir='ltr'><strong>circumcirca</strong></span> <span class='ocrx_word' id='word_1_307' title='bbox 3006 2477 3209 2542; x_wconf 81' lang='lat' dir='ltr'><strong>digitum</strong></span> <span class='ocrx_word' id='word_1_308' title='bbox 3244 2495 3328 2542; x_wconf 88' lang='lat' dir='ltr'><strong>pcr</strong></span> <span class='ocrx_word' id='word_1_309' title='bbox 3354 2486 3507 2545; x_wconf 76' lang='lat' dir='ltr'><strong>portae</strong></span> 
     </span>
    </p>
   </div>
   <div class='ocr_carea' id='block_1_19' title="bbox 316 2543 1862 2712">
    <p class='ocr_par' dir='ltr' id='par_1_23' title="bbox 316 2543 1862 2712">
     <span class='ocr_line' id='line_1_43' title="bbox 316 2543 1604 2626; baseline 0 -23"><span class='ocrx_word' id='word_1_310' title='bbox 316 2544 570 2604; x_wconf 73' lang='grc' dir='ltr'>δάκτυλον</span> <span class='ocrx_word' id='word_1_311' title='bbox 597 2543 679 2603; x_wconf 71' lang='grc' dir='ltr'><strong>διὰ</strong></span> <span class='ocrx_word' id='word_1_312' title='bbox 704 2549 794 2616; x_wconf 69' lang='grc' dir='ltr'><strong>τῆς</strong></span> <span class='ocrx_word' id='word_1_313' title='bbox 811 2548 941 2617; x_wconf 78' lang='grc' dir='ltr'>ὀπῆς</span> <span class='ocrx_word' id='word_1_314' title='bbox 969 2545 1122 2615; x_wconf 79' lang='grc' dir='ltr'>ἔδειξε</span> <span class='ocrx_word' id='word_1_315' title='bbox 1146 2546 1604 2626; x_wconf 67' lang='grc' dir='ltr'>περιεψιλωμένον.</span> 
     </span>
     <span class='ocr_line' id='line_1_44' title="bbox 400 2626 1862 2712; baseline -0.002 -18"><span class='ocrx_word' id='word_1_316' title='bbox 400 2656 441 2695; x_wconf 79' lang='lat'><strong>5.</strong></span> <span class='ocrx_word' id='word_1_317' title='bbox 486 2633 729 2700; x_wconf 75' lang='grc' dir='ltr'>Αἴσωπος</span> <span class='ocrx_word' id='word_1_318' title='bbox 766 2633 819 2691; x_wconf 80' lang='grc' dir='ltr'><strong>δὲ</strong></span> <span class='ocrx_word' id='word_1_319' title='bbox 847 2638 874 2692; x_wconf 80' lang='grc' dir='ltr'>ὁ</span> <span class='ocrx_word' id='word_1_320' title='bbox 913 2633 1180 2712; x_wconf 81' lang='grc' dir='ltr'>λογοποιὸς</span> <span class='ocrx_word' id='word_1_321' title='bbox 1209 2636 1467 2709; x_wconf 71' lang='grc' dir='ltr'>εὐδοκίμει</span> <span class='ocrx_word' id='word_1_322' title='bbox 1506 2636 1640 2694; x_wconf 83' lang='grc' dir='ltr'>τότε.</span> <span class='ocrx_word' id='word_1_323' title='bbox 1676 2626 1780 2695; x_wconf 71' lang='grc' dir='ltr'><strong>Ἦν</strong></span> <span class='ocrx_word' id='word_1_324' title='bbox 1810 2633 1862 2691; x_wconf 82' lang='grc' dir='ltr'><strong>δὲ</strong></span> 
     </span>
    </p>
   </div>
   <div class='ocr_carea' id='block_1_20' title="bbox 1959 2562 3506 2713">
    <p class='ocr_par' dir='ltr' id='par_1_24' title="bbox 1959 2562 3506 2713">
     <span class='ocr_line' id='line_1_45' title="bbox 1959 2562 2420 2612; baseline 0 -1"><span class='ocrx_word' id='word_1_325' title='bbox 1959 2564 2171 2612; x_wconf 75' lang='lat' dir='ltr'><strong>toramen</strong></span> <span class='ocrx_word' id='word_1_326' title='bbox 2194 2562 2420 2611; x_wconf 84' lang='lat' dir='ltr'><strong>ostendit.</strong></span> 
     </span>
     <span class='ocr_line' id='line_1_46' title="bbox 2015 2650 3506 2713; baseline 0.004 -14"><span class='ocrx_word' id='word_1_327' title='bbox 2015 2656 2060 2699; x_wconf 85' lang='lat'><strong>5.</strong></span> <span class='ocrx_word' id='word_1_328' title='bbox 2097 2653 2300 2711; x_wconf 79' lang='lat' dir='ltr'><strong>AEsopns</strong></span> <span class='ocrx_word' id='word_1_329' title='bbox 2347 2650 2617 2699; x_wconf 76' lang='lat' dir='ltr'><strong>fabularum</strong></span> <span class='ocrx_word' id='word_1_330' title='bbox 2659 2654 2800 2713; x_wconf 85' lang='lat' dir='ltr'><strong>poeta</strong></span> <span class='ocrx_word' id='word_1_331' title='bbox 2850 2654 2954 2700; x_wconf 89' lang='lat' dir='ltr'><strong>tum</strong></span> <span class='ocrx_word' id='word_1_332' title='bbox 3003 2651 3219 2703; x_wconf 81' lang='lat' dir='ltr'><strong>florebat.</strong></span> <span class='ocrx_word' id='word_1_333' title='bbox 3258 2657 3305 2705; x_wconf 86' lang='lat' dir='ltr'><strong>ls</strong></span> <span class='ocrx_word' id='word_1_334' title='bbox 3343 2656 3506 2705; x_wconf 75' lang='lat' dir='ltr'><strong>&#39;Ilii-ax</strong></span> 
     </span>
    </p>
   </div>
   <div class='ocr_carea' id='block_1_21' title="bbox 320 2798 3505 2875">
    <p class='ocr_par' dir='ltr' id='par_1_25' title="bbox 320 2798 3505 2875">
     <span class='ocr_line' id='line_1_47' title="bbox 320 2798 3505 2875; baseline 0.001 -26"><span class='ocrx_word' id='word_1_335' title='bbox 320 2798 583 2863; x_wconf 69' lang='grc' dir='ltr'>ἀλεξητῆρα.</span> <span class='ocrx_word' id='word_1_336' title='bbox 628 2801 787 2861; x_wconf 77' lang='lat' dir='ltr'><strong>Pergit</strong></span> <span class='ocrx_word' id='word_1_337' title='bbox 822 2804 963 2863; x_wconf 82' lang='lat' dir='ltr'><strong>poeta</strong></span> <span class='ocrx_word' id='word_1_338' title='bbox 1013 2821 1025 2850; x_wconf 72' lang='grc' dir='ltr'><strong>ι</strong></span> <span class='ocrx_word' id='word_1_339' title='bbox 1060 2802 1208 2850; x_wconf 66' lang='lat' dir='ltr'><strong>Ais-:ev</strong></span> <span class='ocrx_word' id='word_1_340' title='bbox 1244 2800 1285 2850; x_wconf 83' lang='grc' dir='ltr'><strong>δ’</strong></span> <span class='ocrx_word' id='word_1_341' title='bbox 1322 2801 1349 2849; x_wconf 86' lang='grc' dir='ltr'><strong>ὅ</strong></span> <span class='ocrx_word' id='word_1_342' title='bbox 1385 2818 1439 2862; x_wconf 82' lang='grc' dir='ltr'><strong>γε</strong></span> <span class='ocrx_word' id='word_1_343' title='bbox 1474 2801 1645 2864; x_wconf 84' lang='grc' dir='ltr'>πατρὸς</span> <span class='ocrx_word' id='word_1_344' title='bbox 1685 2802 1858 2863; x_wconf 74' lang='grc' dir='ltr'>ἐφετμῇ</span> <span class='ocrx_word' id='word_1_345' title='bbox 1903 2799 1913 2875; x_wconf 71' lang='lat' dir='ltr'>J</span> <span class='ocrx_word' id='word_1_346' title='bbox 1961 2801 2126 2856; x_wconf 88' lang='grc' dir='ltr'>λους...</span> <span class='ocrx_word' id='word_1_347' title='bbox 2155 2799 2336 2864; x_wconf 80' lang='grc' dir='ltr'>ἄκρου]</span> <span class='ocrx_word' id='word_1_348' title='bbox 2360 2802 2509 2859; x_wconf 53' lang='lat' dir='ltr'><strong>AB&amp;</strong></span> <span class='ocrx_word' id='word_1_349' title='bbox 2532 2801 2598 2863; x_wconf 75' lang='grc' dir='ltr'><strong>ἐφ’</strong></span> <span class='ocrx_word' id='word_1_350' title='bbox 2622 2800 2678 2849; x_wconf 80' lang='grc' dir='ltr'><strong>οὗ</strong></span> <span class='ocrx_word' id='word_1_351' title='bbox 2701 2804 2731 2859; x_wconf 89' lang='grc' dir='ltr'>ἡ</span> <span class='ocrx_word' id='word_1_352' title='bbox 2764 2802 2983 2850; x_wconf 74' lang='grc' dir='ltr'>Πολλὰ...</span> <span class='ocrx_word' id='word_1_353' title='bbox 3022 2802 3166 2865; x_wconf 80' lang='grc' dir='ltr'>ἄκρου</span> <span class='ocrx_word' id='word_1_354' title='bbox 3183 2803 3410 2867; x_wconf 82' lang='grc' dir='ltr'>παροιμία</span> <span class='ocrx_word' id='word_1_355' title='bbox 3439 2806 3505 2867; x_wconf 80' lang='grc' dir='ltr'><strong>ἐρ·</strong></span> 
     </span>
    </p>
   </div>
   <div class='ocr_carea' id='block_1_22' title="bbox 316 2870 1857 2934">
    <p class='ocr_par' dir='ltr' id='par_1_26' title="bbox 316 2870 1857 2934">
     <span class='ocr_line' id='line_1_48' title="bbox 316 2870 1857 2934; baseline 0 -16"><span class='ocrx_word' id='word_1_356' title='bbox 316 2870 480 2931; x_wconf 76' lang='grc' dir='ltr'>Φθίην,</span> <span class='ocrx_word' id='word_1_357' title='bbox 505 2871 555 2917; x_wconf 82' lang='grc' dir='ltr'><strong>ἐν</strong></span> <span class='ocrx_word' id='word_1_358' title='bbox 581 2870 631 2919; x_wconf 68' lang='grc' dir='ltr'><strong>δὲ</strong></span> <span class='ocrx_word' id='word_1_359' title='bbox 662 2873 767 2933; x_wconf 74' lang='grc' dir='ltr'><strong>Κέῳ</strong></span> <span class='ocrx_word' id='word_1_360' title='bbox 790 2870 1137 2931; x_wconf 73' lang='grc' dir='ltr'>κατενάσσατο,</span> <span class='ocrx_word' id='word_1_361' title='bbox 1167 2870 1276 2919; x_wconf 86' lang='grc' dir='ltr'>λαὸν</span> <span class='ocrx_word' id='word_1_362' title='bbox 1307 2872 1492 2934; x_wconf 81' lang='grc' dir='ltr'>ἀγείρας</span> <span class='ocrx_word' id='word_1_363' title='bbox 1530 2871 1857 2933; x_wconf 84' lang='grc' dir='ltr'>Παρράσιον...</span> 
     </span>
    </p>
   </div>
   <div class='ocr_carea' id='block_1_23' title="bbox 1953 2869 3509 2935">
    <p class='ocr_par' dir='ltr' id='par_1_27' title="bbox 1953 2869 3509 2935">
     <span class='ocr_line' id='line_1_49' title="bbox 1953 2869 3509 2935; baseline 0.003 -19"><span class='ocrx_word' id='word_1_364' title='bbox 1953 2870 2060 2932; x_wconf 79' lang='grc' dir='ltr'>ρέθη</span> <span class='ocrx_word' id='word_1_365' title='bbox 2080 2869 2264 2930; x_wconf 76' lang='lat' dir='ltr'><strong>reliqui.</strong></span> <span class='ocrx_word' id='word_1_366' title='bbox 2285 2898 2347 2911; x_wconf 92' lang='grc'>-</span> <span class='ocrx_word' id='word_1_367' title='bbox 2366 2873 2410 2918; x_wconf 88' lang='grc'><strong>3.</strong></span> <span class='ocrx_word' id='word_1_368' title='bbox 2437 2870 2513 2917; x_wconf 76' lang='lat' dir='ltr'><strong>Cf.</strong></span> <span class='ocrx_word' id='word_1_369' title='bbox 2535 2869 2748 2917; x_wconf 83' lang='lat' dir='ltr'><strong>AElianns</strong></span> <span class='ocrx_word' id='word_1_370' title='bbox 2765 2871 2872 2918; x_wconf 76' lang='lat' dir='ltr'><strong>Nat.</strong></span> <span class='ocrx_word' id='word_1_371' title='bbox 2897 2876 2984 2920; x_wconf 88' lang='lat' dir='ltr'><strong>An.</strong></span> <span class='ocrx_word' id='word_1_372' title='bbox 3009 2873 3142 2920; x_wconf 83' lang='lat' dir='ltr'><strong>XVll</strong></span> <span class='ocrx_word' id='word_1_373' title='bbox 3158 2908 3173 2931; x_wconf 88' lang='lat'>,</span> <span class='ocrx_word' id='word_1_374' title='bbox 3195 2878 3284 2920; x_wconf 78' lang='lat'><strong>20:</strong></span> <span class='ocrx_word' id='word_1_375' title='bbox 3308 2872 3509 2935; x_wconf 75' lang='grc' dir='ltr'>Ἀριστο-</span> 
     </span>
    </p>
   </div>
   <div class='ocr_carea' id='block_1_24' title="bbox 320 2938 3508 3005">
    <p class='ocr_par' dir='ltr' id='par_1_28' title="bbox 320 2938 3508 3005">
     <span class='ocr_line' id='line_1_50' title="bbox 320 2938 3508 3005; baseline 0 -17"><span class='ocrx_word' id='word_1_376' title='bbox 320 2940 407 2988; x_wconf 61' lang='lat' dir='ltr'><strong>Ka}</strong></span> <span class='ocrx_word' id='word_1_377' title='bbox 437 2940 596 3002; x_wconf 82' lang='grc' dir='ltr'>βωμὸν</span> <span class='ocrx_word' id='word_1_378' title='bbox 632 2940 803 2999; x_wconf 80' lang='grc' dir='ltr'>ποίησε</span> <span class='ocrx_word' id='word_1_379' title='bbox 834 2941 980 3002; x_wconf 82' lang='grc' dir='ltr'>με’γαν</span> <span class='ocrx_word' id='word_1_380' title='bbox 1003 2941 1111 2998; x_wconf 85' lang='grc' dir='ltr'>Διὸς</span> <span class='ocrx_word' id='word_1_381' title='bbox 1133 2939 1359 3003; x_wconf 76' lang='grc' dir='ltr'>Ἰκμαίοιο</span> <span class='ocrx_word' id='word_1_382' title='bbox 1375 2976 1390 3002; x_wconf 91' lang='grc'>,</span> <span class='ocrx_word' id='word_1_383' title='bbox 1418 2942 1538 3004; x_wconf 78' lang='grc' dir='ltr'>Ἱερά</span> <span class='ocrx_word' id='word_1_384' title='bbox 1558 2940 1600 2990; x_wconf 83' lang='grc' dir='ltr'><strong>τ’</strong></span> <span class='ocrx_word' id='word_1_385' title='bbox 1619 2940 1670 2990; x_wconf 77' lang='grc' dir='ltr'><strong>εὖ</strong></span> <span class='ocrx_word' id='word_1_386' title='bbox 1694 2941 1862 3005; x_wconf 80' lang='grc' dir='ltr'>ἔρρεξεν</span> <span class='ocrx_word' id='word_1_387' title='bbox 1958 2939 2090 2997; x_wconf 87' lang='grc' dir='ltr'>τέλης</span> <span class='ocrx_word' id='word_1_388' title='bbox 2110 2939 2229 3001; x_wconf 79' lang='grc' dir='ltr'>λέγει</span> <span class='ocrx_word' id='word_1_389' title='bbox 2253 2938 2456 2998; x_wconf 83' lang='grc' dir='ltr'>γίνεσθαι</span> <span class='ocrx_word' id='word_1_390' title='bbox 2481 2939 2526 2986; x_wconf 79' lang='grc' dir='ltr'><strong>ἐν</strong></span> <span class='ocrx_word' id='word_1_391' title='bbox 2552 2938 2694 3000; x_wconf 81' lang='grc' dir='ltr'>Σάμῳ</span> <span class='ocrx_word' id='word_1_392' title='bbox 2717 2940 2882 2998; x_wconf 73' lang='grc' dir='ltr'>λευκὴν</span> <span class='ocrx_word' id='word_1_393' title='bbox 2907 2940 3141 3002; x_wconf 80' lang='grc' dir='ltr'>χελιδόνα·</span> <span class='ocrx_word' id='word_1_394' title='bbox 3161 2940 3398 3003; x_wconf 74' lang='grc' dir='ltr'>ταύτηςγε</span> <span class='ocrx_word' id='word_1_395' title='bbox 3417 2944 3508 3004; x_wconf 77' lang='grc' dir='ltr'><strong>μὴν</strong></span> 
     </span>
    </p>
   </div>
   <div class='ocr_carea' id='block_1_25' title="bbox 306 3008 1864 5097">
    <p class='ocr_par' dir='ltr' id='par_1_29' title="bbox 308 3008 1864 4813">
     <span class='ocr_line' id='line_1_51' title="bbox 313 3008 1862 3076; baseline 0.003 -21"><span class='ocrx_word' id='word_1_396' title='bbox 313 3008 365 3055; x_wconf 76' lang='grc' dir='ltr'><strong>ἐν</strong></span> <span class='ocrx_word' id='word_1_397' title='bbox 400 3009 578 3071; x_wconf 77' lang='grc' dir='ltr'>οὔρεσιν</span> <span class='ocrx_word' id='word_1_398' title='bbox 601 3009 760 3072; x_wconf 75' lang='grc' dir='ltr'>ἀστέρι</span> <span class='ocrx_word' id='word_1_399' title='bbox 794 3009 933 3072; x_wconf 85' lang='grc' dir='ltr'>κείνῳ</span> <span class='ocrx_word' id='word_1_400' title='bbox 960 3010 1152 3073; x_wconf 79' lang='grc' dir='ltr'>Σειρίῳ,</span> <span class='ocrx_word' id='word_1_401' title='bbox 1185 3011 1313 3072; x_wconf 75' lang='grc' dir='ltr'>αὐτῷ</span> <span class='ocrx_word' id='word_1_402' title='bbox 1344 3028 1394 3059; x_wconf 87' lang='grc' dir='ltr'><strong>τε</strong></span> <span class='ocrx_word' id='word_1_403' title='bbox 1422 3011 1618 3076; x_wconf 81' lang='grc' dir='ltr'>Κρονίδῃ</span> <span class='ocrx_word' id='word_1_404' title='bbox 1644 3014 1736 3072; x_wconf 91' lang='grc' dir='ltr'>Διὶ,</span> <span class='ocrx_word' id='word_1_405' title='bbox 1760 3016 1862 3060; x_wconf 83' lang='grc' dir='ltr'>τοῖο</span> 
     </span>
     <span class='ocr_line' id='line_1_52' title="bbox 323 3077 1864 3144; baseline 0.003 -18"><span class='ocrx_word' id='word_1_406' title='bbox 323 3077 362 3126; x_wconf 75' lang='grc' dir='ltr'><strong>δ’</strong></span> <span class='ocrx_word' id='word_1_407' title='bbox 389 3079 516 3137; x_wconf 70' lang='grc' dir='ltr'>ἕκητι</span> <span class='ocrx_word' id='word_1_408' title='bbox 555 3081 590 3129; x_wconf 86' lang='grc' dir='ltr'>Γ</span> <span class='ocrx_word' id='word_1_409' title='bbox 592 3084 697 3128; x_wconf 76' lang='grc' dir='ltr'>αἶαν</span> <span class='ocrx_word' id='word_1_410' title='bbox 724 3080 1029 3143; x_wconf 76' lang='grc' dir='ltr'>ἐπιψύχουσιν</span> <span class='ocrx_word' id='word_1_411' title='bbox 1062 3080 1242 3138; x_wconf 82' lang='grc' dir='ltr'>ἐτήσιαι</span> <span class='ocrx_word' id='word_1_412' title='bbox 1277 3082 1329 3128; x_wconf 85' lang='grc' dir='ltr'>ἐκ</span> <span class='ocrx_word' id='word_1_413' title='bbox 1369 3083 1475 3137; x_wconf 86' lang='grc' dir='ltr'>Διὸς</span> <span class='ocrx_word' id='word_1_414' title='bbox 1509 3080 1643 3144; x_wconf 73' lang='grc' dir='ltr'>αὖραι</span> <span class='ocrx_word' id='word_1_415' title='bbox 1672 3083 1864 3143; x_wconf 86' lang='grc' dir='ltr'>Ἤματα</span> 
     </span>
     <span class='ocr_line' id='line_1_53' title="bbox 318 3148 1860 3215; baseline 0.002 -18"><span class='ocrx_word' id='word_1_416' title='bbox 318 3148 690 3212; x_wconf 83' lang='grc' dir='ltr'>τεσσαράκοντα·</span> <span class='ocrx_word' id='word_1_417' title='bbox 728 3149 835 3213; x_wconf 80' lang='grc' dir='ltr'><strong>Κέῳ</strong></span> <span class='ocrx_word' id='word_1_418' title='bbox 859 3151 901 3198; x_wconf 81' lang='grc' dir='ltr'><strong>δ’</strong></span> <span class='ocrx_word' id='word_1_419' title='bbox 922 3150 988 3198; x_wconf 79' lang='grc' dir='ltr'><strong>ἔτι</strong></span> <span class='ocrx_word' id='word_1_420' title='bbox 1017 3155 1097 3198; x_wconf 82' lang='grc' dir='ltr'><strong>νῦν</strong></span> <span class='ocrx_word' id='word_1_421' title='bbox 1130 3153 1276 3215; x_wconf 81' lang='grc' dir='ltr'>ἱερῆες</span> <span class='ocrx_word' id='word_1_422' title='bbox 1304 3151 1546 3201; x_wconf 81' lang='grc' dir='ltr'>Ἁντολὲων</span> <span class='ocrx_word' id='word_1_423' title='bbox 1583 3151 1860 3215; x_wconf 78' lang='grc' dir='ltr'>προπάροιθε</span> 
     </span>
     <span class='ocr_line' id='line_1_54' title="bbox 320 3219 1860 3282; baseline 0.001 -14"><span class='ocrx_word' id='word_1_424' title='bbox 320 3219 465 3274; x_wconf 78' lang='grc' dir='ltr'>Κυνὸς</span> <span class='ocrx_word' id='word_1_425' title='bbox 486 3220 663 3281; x_wconf 73' lang='grc' dir='ltr'>ῥέζουσι</span> <span class='ocrx_word' id='word_1_426' title='bbox 681 3219 862 3278; x_wconf 78' lang='grc' dir='ltr'>θυηλάς.</span> <span class='ocrx_word' id='word_1_427' title='bbox 879 3219 955 3269; x_wconf 86' lang='lat' dir='ltr'><strong>ct&#39;.</strong></span> <span class='ocrx_word' id='word_1_428' title='bbox 979 3219 1199 3269; x_wconf 82' lang='lat' dir='ltr'><strong>clemens</strong></span> <span class='ocrx_word' id='word_1_429' title='bbox 1219 3220 1351 3269; x_wconf 76' lang='lat' dir='ltr'><strong>Alex.</strong></span> <span class='ocrx_word' id='word_1_430' title='bbox 1378 3223 1556 3270; x_wconf 88' lang='lat' dir='ltr'><strong>strom.</strong></span> <span class='ocrx_word' id='word_1_431' title='bbox 1580 3223 1644 3270; x_wconf 84' lang='lat' dir='ltr'><strong>vl</strong></span> <span class='ocrx_word' id='word_1_432' title='bbox 1664 3257 1679 3280; x_wconf 91' lang='lat'>‚</span> <span class='ocrx_word' id='word_1_433' title='bbox 1702 3234 1749 3282; x_wconf 92' lang='lat' dir='ltr'><strong>p.</strong></span> <span class='ocrx_word' id='word_1_434' title='bbox 1772 3225 1860 3270; x_wconf 81' lang='lat'><strong>75³</strong></span> 
     </span>
     <span class='ocr_line' id='line_1_55' title="bbox 320 3288 1860 3352; baseline 0.003 -16"><span class='ocrx_word' id='word_1_435' title='bbox 320 3290 447 3337; x_wconf 85' lang='lat' dir='ltr'><strong>Pott.</strong></span> <span class='ocrx_word' id='word_1_436' title='bbox 479 3288 659 3337; x_wconf 85' lang='lat' dir='ltr'><strong>Probus</strong></span> <span class='ocrx_word' id='word_1_437' title='bbox 686 3289 745 3338; x_wconf 87' lang='lat' dir='ltr'><strong>ad</strong></span> <span class='ocrx_word' id='word_1_438' title='bbox 778 3288 943 3350; x_wconf 80' lang='lat' dir='ltr'><strong>virgil.</strong></span> <span class='ocrx_word' id='word_1_439' title='bbox 972 3291 1143 3350; x_wconf 82' lang='lat' dir='ltr'><strong>Georg.</strong></span> <span class='ocrx_word' id='word_1_440' title='bbox 1170 3292 1219 3352; x_wconf 87' lang='lat'><strong>1,</strong></span> <span class='ocrx_word' id='word_1_441' title='bbox 1256 3294 1327 3339; x_wconf 78' lang='grc'><strong>14.</strong></span> <span class='ocrx_word' id='word_1_442' title='bbox 1358 3290 1524 3340; x_wconf 86' lang='lat' dir='ltr'><strong>Cicero</strong></span> <span class='ocrx_word' id='word_1_443' title='bbox 1548 3294 1617 3340; x_wconf 87' lang='lat' dir='ltr'><strong>De</strong></span> <span class='ocrx_word' id='word_1_444' title='bbox 1643 3290 1790 3339; x_wconf 74' lang='lat' dir='ltr'><strong>divin.</strong></span> <span class='ocrx_word' id='word_1_445' title='bbox 1815 3293 1860 3350; x_wconf 89' lang='lat' dir='ltr'><strong>l,</strong></span> 
     </span>
     <span class='ocr_line' id='line_1_56' title="bbox 315 3360 1863 3423; baseline 0.003 -18"><span class='ocrx_word' id='word_1_446' title='bbox 315 3363 372 3405; x_wconf 77' lang='lat'><strong>53</strong></span> <span class='ocrx_word' id='word_1_447' title='bbox 410 3376 423 3406; x_wconf 73' lang='grc' dir='ltr'><strong>ι</strong></span> <span class='ocrx_word' id='word_1_448' title='bbox 466 3360 580 3407; x_wconf 77' lang='lat' dir='ltr'><strong>Ceos</strong></span> <span class='ocrx_word' id='word_1_449' title='bbox 614 3361 903 3421; x_wconf 78' lang='lat' dir='ltr'><strong>accepimus</strong></span> <span class='ocrx_word' id='word_1_450' title='bbox 922 3362 1095 3408; x_wconf 78' lang='lat' dir='ltr'><strong>ortum</strong></span> <span class='ocrx_word' id='word_1_451' title='bbox 1122 3360 1381 3409; x_wconf 80' lang='lat' dir='ltr'><strong>caniculoe</strong></span> <span class='ocrx_word' id='word_1_452' title='bbox 1398 3363 1681 3423; x_wconf 79' lang='lat' dir='ltr'><strong>quotannis</strong></span> <span class='ocrx_word' id='word_1_453' title='bbox 1703 3361 1863 3409; x_wconf 82' lang='lat' dir='ltr'><strong>solere</strong></span> 
     </span>
     <span class='ocr_line' id='line_1_57' title="bbox 314 3428 1862 3492; baseline 0.003 -20"><span class='ocrx_word' id='word_1_454' title='bbox 314 3438 524 3476; x_wconf 79' lang='lat' dir='ltr'><strong>servare</strong></span> <span class='ocrx_word' id='word_1_455' title='bbox 554 3428 1004 3492; x_wconf 74' lang='lat' dir='ltr'><strong>couy&#39;ecearamque</strong></span> <span class='ocrx_word' id='word_1_456' title='bbox 1037 3441 1247 3490; x_wconf 80' lang='lat' dir='ltr'><strong>capere,</strong></span> <span class='ocrx_word' id='word_1_457' title='bbox 1278 3430 1537 3480; x_wconf 67' lang='lat' dir='ltr'><strong>uesci-ibit</strong></span> <span class='ocrx_word' id='word_1_458' title='bbox 1565 3428 1862 3478; x_wconf 72' lang='lat' dir='ltr'><strong>Heraclides</strong></span> 
     </span>
     <span class='ocr_line' id='line_1_58' title="bbox 322 3498 1858 3561; baseline 0.003 -17"><span class='ocrx_word' id='word_1_459' title='bbox 322 3499 586 3558; x_wconf 66' lang='lat' dir='ltr'><strong>Ponticam,</strong></span> <span class='ocrx_word' id='word_1_460' title='bbox 614 3498 913 3548; x_wconf 68' lang='lat' dir='ltr'><strong>salubrisne</strong></span> <span class='ocrx_word' id='word_1_461' title='bbox 941 3511 1013 3548; x_wconf 84' lang='lat' dir='ltr'><strong>an</strong></span> <span class='ocrx_word' id='word_1_462' title='bbox 1045 3500 1291 3561; x_wconf 71' lang='lat' dir='ltr'><strong>pestilens</strong></span> <span class='ocrx_word' id='word_1_463' title='bbox 1324 3511 1495 3550; x_wconf 75' lang='lat' dir='ltr'><strong>annus</strong></span> <span class='ocrx_word' id='word_1_464' title='bbox 1511 3499 1741 3561; x_wconf 76' lang='lat' dir='ltr'><strong>futurus</strong></span> <span class='ocrx_word' id='word_1_465' title='bbox 1773 3502 1858 3549; x_wconf 81' lang='lat' dir='ltr'><strong>sit.</strong></span> 
     </span>
     <span class='ocr_line' id='line_1_59' title="bbox 318 3566 1861 3632; baseline 0.003 -19"><span class='ocrx_word' id='word_1_466' title='bbox 318 3566 501 3616; x_wconf 58' lang='lat' dir='ltr'><strong>Mulie.</strong></span> <span class='ocrx_word' id='word_1_467' title='bbox 526 3570 648 3617; x_wconf 85' lang='lat' dir='ltr'><strong>Dor.</strong></span> <span class='ocrx_word' id='word_1_468' title='bbox 672 3570 719 3630; x_wconf 83' lang='lat' dir='ltr'><strong>l,</strong></span> <span class='ocrx_word' id='word_1_469' title='bbox 735 3581 784 3630; x_wconf 95' lang='lat' dir='ltr'><strong>p.</strong></span> <span class='ocrx_word' id='word_1_470' title='bbox 804 3571 913 3618; x_wconf 78' lang='lat'><strong>28¹.</strong></span> <span class='ocrx_word' id='word_1_471' title='bbox 931 3571 1053 3617; x_wconf 80' lang='lat'><strong>—3.</strong></span> <span class='ocrx_word' id='word_1_472' title='bbox 1080 3566 1380 3632; x_wconf 66' lang='grc' dir='ltr'>Ἀριστείδης]</span> <span class='ocrx_word' id='word_1_473' title='bbox 1401 3568 1755 3630; x_wconf 76' lang='lat' dir='ltr'><strong>Atheniensem,</strong></span> <span class='ocrx_word' id='word_1_474' title='bbox 1779 3568 1861 3631; x_wconf 85' lang='lat' dir='ltr'><strong>qui</strong></span> 
     </span>
     <span class='ocr_line' id='line_1_60' title="bbox 316 3635 1860 3701; baseline 0.001 -16"><span class='ocrx_word' id='word_1_475' title='bbox 316 3648 391 3685; x_wconf 73' lang='lat' dir='ltr'><strong>res</strong></span> <span class='ocrx_word' id='word_1_476' title='bbox 414 3635 676 3686; x_wconf 80' lang='lat' dir='ltr'><strong>insularum</strong></span> <span class='ocrx_word' id='word_1_477' title='bbox 696 3637 911 3696; x_wconf 82' lang='lat' dir='ltr'><strong>curavit,</strong></span> <span class='ocrx_word' id='word_1_478' title='bbox 930 3636 1151 3688; x_wconf 77' lang='lat' dir='ltr'><strong>Koelerus</strong></span> <span class='ocrx_word' id='word_1_479' title='bbox 1180 3642 1228 3687; x_wconf 88' lang='lat' dir='ltr'><strong>et</strong></span> <span class='ocrx_word' id='word_1_480' title='bbox 1259 3639 1479 3701; x_wconf 81' lang='lat' dir='ltr'><strong>Corayns</strong></span> <span class='ocrx_word' id='word_1_481' title='bbox 1501 3637 1860 3700; x_wconf 83' lang='lat' dir='ltr'><strong>intelligendum</strong></span> 
     </span>
     <span class='ocr_line' id='line_1_61' title="bbox 315 3706 1861 3772; baseline 0.003 -18"><span class='ocrx_word' id='word_1_482' title='bbox 315 3708 559 3768; x_wconf 80' lang='lat' dir='ltr'><strong>putarunt.</strong></span> <span class='ocrx_word' id='word_1_483' title='bbox 583 3710 642 3757; x_wconf 90' lang='lat' dir='ltr'><strong>At</strong></span> <span class='ocrx_word' id='word_1_484' title='bbox 654 3719 765 3769; x_wconf 76' lang='lat' dir='ltr'><strong>qum</strong></span> <span class='ocrx_word' id='word_1_485' title='bbox 782 3706 1012 3758; x_wconf 78' lang='lat' dir='ltr'><strong>Aristides</strong></span> <span class='ocrx_word' id='word_1_486' title='bbox 1025 3708 1104 3757; x_wconf 89' lang='lat' dir='ltr'><strong>ille</strong></span> <span class='ocrx_word' id='word_1_487' title='bbox 1122 3708 1169 3756; x_wconf 89' lang='lat' dir='ltr'><strong>in</strong></span> <span class='ocrx_word' id='word_1_488' title='bbox 1187 3707 1355 3756; x_wconf 68' lang='lat' dir='ltr'><strong>insulis</strong></span> <span class='ocrx_word' id='word_1_489' title='bbox 1368 3707 1562 3772; x_wconf 83' lang='lat' dir='ltr'><strong>agebat,</strong></span> <span class='ocrx_word' id='word_1_490' title='bbox 1578 3708 1702 3758; x_wconf 80' lang='lat' dir='ltr'><strong>alins</strong></span> <span class='ocrx_word' id='word_1_491' title='bbox 1721 3708 1861 3770; x_wconf 89' lang='lat' dir='ltr'><strong>plane</strong></span> 
     </span>
     <span class='ocr_line' id='line_1_62' title="bbox 312 3776 1860 3840; baseline 0.001 -14"><span class='ocrx_word' id='word_1_492' title='bbox 312 3776 493 3837; x_wconf 86' lang='lat' dir='ltr'><strong>generis</strong></span> <span class='ocrx_word' id='word_1_493' title='bbox 509 3777 660 3827; x_wconf 82' lang='lat' dir='ltr'><strong>erant.</strong></span> <span class='ocrx_word' id='word_1_494' title='bbox 680 3780 749 3826; x_wconf 87' lang='lat' dir='ltr'><strong>De</strong></span> <span class='ocrx_word' id='word_1_495' title='bbox 771 3779 977 3827; x_wconf 87' lang='lat' dir='ltr'><strong>Ceornm</strong></span> <span class='ocrx_word' id='word_1_496' title='bbox 995 3777 1257 3839; x_wconf 77' lang='lat' dir='ltr'><strong>legislatore</strong></span> <span class='ocrx_word' id='word_1_497' title='bbox 1267 3776 1461 3827; x_wconf 80' lang='lat' dir='ltr'><strong>aliunde</strong></span> <span class='ocrx_word' id='word_1_498' title='bbox 1482 3791 1579 3828; x_wconf 91' lang='lat' dir='ltr'><strong>non</strong></span> <span class='ocrx_word' id='word_1_499' title='bbox 1603 3779 1718 3828; x_wconf 90' lang='lat' dir='ltr'><strong>noto</strong></span> <span class='ocrx_word' id='word_1_500' title='bbox 1736 3780 1860 3840; x_wconf 83' lang='lat' dir='ltr'><strong>cogi-</strong></span> 
     </span>
     <span class='ocr_line' id='line_1_63' title="bbox 315 3845 1861 3910; baseline 0.003 -16"><span class='ocrx_word' id='word_1_501' title='bbox 315 3846 403 3895; x_wconf 89' lang='lat' dir='ltr'><strong>tari</strong></span> <span class='ocrx_word' id='word_1_502' title='bbox 437 3847 607 3908; x_wconf 85' lang='lat' dir='ltr'><strong>debet,</strong></span> <span class='ocrx_word' id='word_1_503' title='bbox 632 3845 723 3895; x_wconf 82' lang='lat' dir='ltr'><strong>nisi</strong></span> <span class='ocrx_word' id='word_1_504' title='bbox 747 3846 869 3895; x_wconf 78' lang='lat' dir='ltr'><strong>torte</strong></span> <span class='ocrx_word' id='word_1_505' title='bbox 890 3847 1217 3907; x_wconf 86' lang='lat' dir='ltr'><strong>reponendum</strong></span> <span class='ocrx_word' id='word_1_506' title='bbox 1241 3851 1313 3896; x_wconf 72' lang='lat' dir='ltr'><strong>est</strong></span> <span class='ocrx_word' id='word_1_507' title='bbox 1334 3847 1600 3910; x_wconf 75' lang='grc' dir='ltr'>Ἀρισταῖος.</span> <span class='ocrx_word' id='word_1_508' title='bbox 1627 3873 1685 3883; x_wconf 90' lang='grc'>-</span> <span class='ocrx_word' id='word_1_509' title='bbox 1705 3850 1785 3897; x_wconf 83' lang='grc' dir='ltr'><strong>καὶ</strong></span> <span class='ocrx_word' id='word_1_510' title='bbox 1807 3850 1861 3898; x_wconf 84' lang='grc' dir='ltr'><strong>τὸ</strong></span> 
     </span>
     <span class='ocr_line' id='line_1_64' title="bbox 313 3914 1861 3981; baseline 0.003 -18"><span class='ocrx_word' id='word_1_511' title='bbox 313 3914 545 3979; x_wconf 79' lang='grc' dir='ltr'>παλαιὸν]</span> <span class='ocrx_word' id='word_1_512' title='bbox 572 3917 630 3965; x_wconf 84' lang='grc' dir='ltr'><strong>τὸ</strong></span> <span class='ocrx_word' id='word_1_513' title='bbox 647 3916 846 3966; x_wconf 83' lang='grc' dir='ltr'>παλαιὸν</span> <span class='ocrx_word' id='word_1_514' title='bbox 873 3916 1002 3978; x_wconf 72' lang='grc' dir='ltr'>αῠρς</span> <span class='ocrx_word' id='word_1_515' title='bbox 1023 3919 1077 3966; x_wconf 86' lang='grc' dir='ltr'><strong>τὸ</strong></span> <span class='ocrx_word' id='word_1_516' title='bbox 1119 3919 1269 3981; x_wconf 84' lang='grc' dir='ltr'>παρὸν</span> <span class='ocrx_word' id='word_1_517' title='bbox 1286 3917 1399 3980; x_wconf 80' lang='lat' dir='ltr'><strong>cs9;</strong></span> <span class='ocrx_word' id='word_1_518' title='bbox 1428 3930 1541 3967; x_wconf 81' lang='lat' dir='ltr'><strong>mox</strong></span> <span class='ocrx_word' id='word_1_519' title='bbox 1564 3920 1608 3967; x_wconf 88' lang='lat' dir='ltr'><strong>oi</strong></span> <span class='ocrx_word' id='word_1_520' title='bbox 1633 3918 1791 3975; x_wconf 80' lang='grc' dir='ltr'>παῖδες</span> <span class='ocrx_word' id='word_1_521' title='bbox 1813 3923 1861 3968; x_wconf 82' lang='grc' dir='ltr'><strong>αἱ</strong></span> 
     </span>
     <span class='ocr_line' id='line_1_65' title="bbox 312 3983 1859 4048; baseline 0.005 -18"><span class='ocrx_word' id='word_1_522' title='bbox 312 3983 442 4046; x_wconf 78' lang='grc' dir='ltr'>κόραι</span> <span class='ocrx_word' id='word_1_523' title='bbox 461 3984 563 4047; x_wconf 75' lang='lat' dir='ltr'><strong>csy.</strong></span> <span class='ocrx_word' id='word_1_524' title='bbox 582 4011 648 4022; x_wconf 96' lang='lat'>—</span> <span class='ocrx_word' id='word_1_525' title='bbox 666 3983 807 4042; x_wconf 86' lang='lat' dir='ltr'><strong>Quod</strong></span> <span class='ocrx_word' id='word_1_526' title='bbox 822 3984 881 4034; x_wconf 84' lang='lat' dir='ltr'><strong>ad</strong></span> <span class='ocrx_word' id='word_1_527' title='bbox 903 3998 1005 4035; x_wconf 89' lang='lat' dir='ltr'><strong>rem</strong></span> <span class='ocrx_word' id='word_1_528' title='bbox 1024 3986 1088 4034; x_wconf 80' lang='lat' dir='ltr'><strong>ct.</strong></span> <span class='ocrx_word' id='word_1_529' title='bbox 1115 3986 1265 4047; x_wconf 81' lang='lat' dir='ltr'><strong>legem</strong></span> <span class='ocrx_word' id='word_1_530' title='bbox 1283 4000 1428 4048; x_wconf 89' lang='lat' dir='ltr'><strong>qnam</strong></span> <span class='ocrx_word' id='word_1_531' title='bbox 1450 3988 1631 4046; x_wconf 76' lang='lat' dir='ltr'><strong>LocriS,</strong></span> <span class='ocrx_word' id='word_1_532' title='bbox 1652 3989 1859 4037; x_wconf 84' lang='lat' dir='ltr'><strong>Ceornm</strong></span> 
     </span>
     <span class='ocr_line' id='line_1_66' title="bbox 314 4054 1859 4118; baseline 0.003 -16"><span class='ocrx_word' id='word_1_533' title='bbox 314 4055 540 4115; x_wconf 75' lang='lat' dir='ltr'><strong>cognatiS,</strong></span> <span class='ocrx_word' id='word_1_534' title='bbox 560 4055 747 4117; x_wconf 77' lang='lat' dir='ltr'><strong>scripsit</strong></span> <span class='ocrx_word' id='word_1_535' title='bbox 765 4054 997 4104; x_wconf 85' lang='lat' dir='ltr'><strong>Zaleucus</strong></span> <span class='ocrx_word' id='word_1_536' title='bbox 1021 4069 1098 4117; x_wconf 86' lang='lat' dir='ltr'><strong>ap.</strong></span> <span class='ocrx_word' id='word_1_537' title='bbox 1123 4056 1312 4107; x_wconf 88' lang='lat' dir='ltr'><strong>Diodor.</strong></span> <span class='ocrx_word' id='word_1_538' title='bbox 1333 4059 1415 4106; x_wconf 82' lang='lat' dir='ltr'><strong>xli</strong></span> <span class='ocrx_word' id='word_1_539' title='bbox 1432 4094 1445 4118; x_wconf 91' lang='lat'><em>,</em></span> <span class='ocrx_word' id='word_1_540' title='bbox 1473 4064 1549 4106; x_wconf 83' lang='lat'><strong>21.</strong></span> <span class='ocrx_word' id='word_1_541' title='bbox 1572 4083 1637 4094; x_wconf 92' lang='lat'><em>-</em></span> <span class='ocrx_word' id='word_1_542' title='bbox 1654 4060 1702 4106; x_wconf 82' lang='lat'><strong>4.</strong></span> <span class='ocrx_word' id='word_1_543' title='bbox 1720 4058 1793 4106; x_wconf 84' lang='grc' dir='ltr'>ἐπὶ</span> <span class='ocrx_word' id='word_1_544' title='bbox 1811 4059 1859 4107; x_wconf 78' lang='grc' dir='ltr'><strong>δὲ</strong></span> 
     </span>
     <span class='ocr_line' id='line_1_67' title="bbox 308 4122 1863 4190; baseline 0.003 -18"><span class='ocrx_word' id='word_1_545' title='bbox 308 4142 355 4172; x_wconf 86' lang='grc' dir='ltr'><strong>τ.</strong></span> <span class='ocrx_word' id='word_1_546' title='bbox 379 4126 473 4173; x_wconf 81' lang='grc' dir='ltr'>τελ.</span> <span class='ocrx_word' id='word_1_547' title='bbox 494 4122 513 4187; x_wconf 93' lang='grc'>]</span> <span class='ocrx_word' id='word_1_548' title='bbox 535 4127 692 4187; x_wconf 78' lang='lat' dir='ltr'><strong>ABG3</strong></span> <span class='ocrx_word' id='word_1_549' title='bbox 718 4125 765 4174; x_wconf 77' lang='grc' dir='ltr'><strong>ἐν</strong></span> <span class='ocrx_word' id='word_1_550' title='bbox 795 4125 940 4186; x_wconf 74' lang='grc' dir='ltr'>ταύτῃ</span> <span class='ocrx_word' id='word_1_551' title='bbox 970 4131 1027 4189; x_wconf 78' lang='grc' dir='ltr'><strong>τῇ</strong></span> <span class='ocrx_word' id='word_1_552' title='bbox 1067 4126 1196 4190; x_wconf 82' lang='grc' dir='ltr'>νήσῳ</span> <span class='ocrx_word' id='word_1_553' title='bbox 1218 4127 1294 4175; x_wconf 79' lang='grc' dir='ltr'>ἐπὶ</span> <span class='ocrx_word' id='word_1_554' title='bbox 1332 4132 1427 4182; x_wconf 82' lang='grc' dir='ltr'>τοῖς</span> <span class='ocrx_word' id='word_1_555' title='bbox 1463 4130 1556 4176; x_wconf 73' lang='grc' dir='ltr'>τελ.</span> <span class='ocrx_word' id='word_1_556' title='bbox 1592 4127 1778 4189; x_wconf 81' lang='lat' dir='ltr'><strong>reliqui.</strong></span> <span class='ocrx_word' id='word_1_557' title='bbox 1797 4154 1863 4164; x_wconf 96' lang='lat'>—</span> 
     </span>
     <span class='ocr_line' id='line_1_68' title="bbox 312 4192 1860 4258; baseline 0.002 -17"><span class='ocrx_word' id='word_1_558' title='bbox 312 4195 358 4241; x_wconf 80' lang='grc' dir='ltr'><strong>ἐν</strong></span> <span class='ocrx_word' id='word_1_559' title='bbox 378 4193 597 4257; x_wconf 66' lang='grc' dir='ltr'>ἀνδράσι]</span> <span class='ocrx_word' id='word_1_560' title='bbox 612 4205 709 4242; x_wconf 89' lang='lat' dir='ltr'><strong>om.</strong></span> <span class='ocrx_word' id='word_1_561' title='bbox 724 4192 868 4256; x_wconf 78' lang='lat' dir='ltr'><strong>absq.</strong></span> <span class='ocrx_word' id='word_1_562' title='bbox 885 4195 959 4243; x_wconf 86' lang='lat' dir='ltr'><strong>Ci&#39;.</strong></span> <span class='ocrx_word' id='word_1_563' title='bbox 981 4207 1086 4244; x_wconf 85' lang='lat' dir='ltr'><strong>mos</strong></span> <span class='ocrx_word' id='word_1_564' title='bbox 1105 4198 1362 4245; x_wconf 82' lang='lat' dir='ltr'><strong>Locrorum</strong></span> <span class='ocrx_word' id='word_1_565' title='bbox 1378 4197 1427 4245; x_wconf 87' lang='lat' dir='ltr'><strong>in</strong></span> <span class='ocrx_word' id='word_1_566' title='bbox 1444 4197 1611 4258; x_wconf 77' lang='lat' dir='ltr'><strong>fragm.</strong></span> <span class='ocrx_word' id='word_1_567' title='bbox 1632 4198 1778 4246; x_wconf 77' lang='lat' dir='ltr'><strong>XXX.</strong></span> <span class='ocrx_word' id='word_1_568' title='bbox 1798 4227 1860 4239; x_wconf 89' lang='lat'><em>-</em></span> 
     </span>
     <span class='ocr_line' id='line_1_69' title="bbox 312 4263 1854 4327; baseline 0.003 -14"><span class='ocrx_word' id='word_1_569' title='bbox 312 4271 358 4313; x_wconf 83' lang='lat'><strong>5.</strong></span> <span class='ocrx_word' id='word_1_570' title='bbox 378 4263 628 4327; x_wconf 75' lang='grc' dir='ltr'>τελευτᾶν]</span> <span class='ocrx_word' id='word_1_571' title='bbox 649 4263 863 4323; x_wconf 76' lang='grc' dir='ltr'>τελευτὴν</span> <span class='ocrx_word' id='word_1_572' title='bbox 882 4268 979 4326; x_wconf 83' lang='lat' dir='ltr'><strong>Pp.</strong></span> <span class='ocrx_word' id='word_1_573' title='bbox 1004 4267 1075 4314; x_wconf 88' lang='lat' dir='ltr'><strong>De</strong></span> <span class='ocrx_word' id='word_1_574' title='bbox 1097 4278 1149 4315; x_wconf 88' lang='lat' dir='ltr'><strong>re</strong></span> <span class='ocrx_word' id='word_1_575' title='bbox 1161 4267 1223 4315; x_wconf 88' lang='lat' dir='ltr'><strong>ct&#39;.</strong></span> <span class='ocrx_word' id='word_1_576' title='bbox 1248 4266 1464 4315; x_wconf 78' lang='lat' dir='ltr'><strong>AElianns</strong></span> <span class='ocrx_word' id='word_1_577' title='bbox 1481 4269 1540 4315; x_wconf 71' lang='lat' dir='ltr'><strong>V.</strong></span> <span class='ocrx_word' id='word_1_578' title='bbox 1560 4269 1621 4315; x_wconf 85' lang='lat' dir='ltr'><strong>H.</strong></span> <span class='ocrx_word' id='word_1_579' title='bbox 1644 4268 1732 4326; x_wconf 86' lang='lat'>111,</span> <span class='ocrx_word' id='word_1_580' title='bbox 1754 4271 1812 4316; x_wconf 82' lang='grc'><strong>37</strong></span> <span class='ocrx_word' id='word_1_581' title='bbox 1842 4288 1854 4318; x_wconf 84' lang='lat'><em>=</em></span> 
     </span>
     <span class='ocr_line' id='line_1_70' title="bbox 312 4333 1856 4402; baseline 0.002 -20"><span class='ocrx_word' id='word_1_582' title='bbox 312 4333 465 4396; x_wconf 72' lang='grc' dir='ltr'>Νόμος</span> <span class='ocrx_word' id='word_1_583' title='bbox 482 4335 580 4383; x_wconf 82' lang='grc' dir='ltr'>ἐστὶ</span> <span class='ocrx_word' id='word_1_584' title='bbox 608 4335 784 4383; x_wconf 74' lang='grc' dir='ltr'>Κείων·</span> <span class='ocrx_word' id='word_1_585' title='bbox 813 4337 857 4383; x_wconf 77' lang='grc' dir='ltr'><strong>οἱ</strong></span> <span class='ocrx_word' id='word_1_586' title='bbox 877 4335 999 4384; x_wconf 80' lang='grc' dir='ltr'>πάνυ</span> <span class='ocrx_word' id='word_1_587' title='bbox 1016 4334 1126 4399; x_wconf 82' lang='grc' dir='ltr'>παρ’</span> <span class='ocrx_word' id='word_1_588' title='bbox 1148 4336 1301 4392; x_wconf 81' lang='grc' dir='ltr'>αὐτοῖς</span> <span class='ocrx_word' id='word_1_589' title='bbox 1331 4335 1636 4400; x_wconf 80' lang='grc' dir='ltr'>γεγηρακότες</span> <span class='ocrx_word' id='word_1_590' title='bbox 1654 4371 1669 4396; x_wconf 86' lang='grc'>,</span> <span class='ocrx_word' id='word_1_591' title='bbox 1698 4339 1856 4402; x_wconf 84' lang='grc' dir='ltr'>ὥσπερ</span> 
     </span>
     <span class='ocr_line' id='line_1_71' title="bbox 310 4402 1856 4469; baseline 0 -16"><span class='ocrx_word' id='word_1_592' title='bbox 310 4405 385 4453; x_wconf 72' lang='grc' dir='ltr'>ἐπὶ</span> <span class='ocrx_word' id='word_1_593' title='bbox 408 4402 531 4467; x_wconf 76' lang='grc' dir='ltr'>ξενίᾳ</span> <span class='ocrx_word' id='word_1_594' title='bbox 556 4404 926 4466; x_wconf 76' lang='grc' dir='ltr'>παρακαλοῦντες</span> <span class='ocrx_word' id='word_1_595' title='bbox 951 4405 1142 4461; x_wconf 76' lang='grc' dir='ltr'>ἑαυτοὺς</span> <span class='ocrx_word' id='word_1_596' title='bbox 1170 4407 1201 4464; x_wconf 79' lang='grc' dir='ltr'><strong>ἦ</strong></span> <span class='ocrx_word' id='word_1_597' title='bbox 1228 4405 1304 4454; x_wconf 74' lang='grc' dir='ltr'>ἐπί</span> <span class='ocrx_word' id='word_1_598' title='bbox 1330 4422 1434 4455; x_wconf 87' lang='grc' dir='ltr'>τινα</span> <span class='ocrx_word' id='word_1_599' title='bbox 1453 4407 1753 4469; x_wconf 73' lang='grc' dir='ltr'>ἑορταστικὴν</span> <span class='ocrx_word' id='word_1_600' title='bbox 1780 4407 1856 4454; x_wconf 83' lang='grc' dir='ltr'>θυ-</span> 
     </span>
     <span class='ocr_line' id='line_1_72' title="bbox 310 4473 1847 4536; baseline 0.002 -15"><span class='ocrx_word' id='word_1_601' title='bbox 310 4473 439 4533; x_wconf 84' lang='grc' dir='ltr'>σίαν,</span> <span class='ocrx_word' id='word_1_602' title='bbox 469 4474 757 4530; x_wconf 79' lang='grc' dir='ltr'>συνελθόντες</span> <span class='ocrx_word' id='word_1_603' title='bbox 774 4474 855 4522; x_wconf 84' lang='grc' dir='ltr'><strong>καὶ</strong></span> <span class='ocrx_word' id='word_1_604' title='bbox 874 4475 1276 4536; x_wconf 68' lang='grc' dir='ltr'>στεφανωσάμενοι</span> <span class='ocrx_word' id='word_1_605' title='bbox 1295 4474 1480 4525; x_wconf 87' lang='grc' dir='ltr'>πίνουσι</span> <span class='ocrx_word' id='word_1_606' title='bbox 1500 4477 1710 4534; x_wconf 84' lang='grc' dir='ltr'>κώνειον,</span> <span class='ocrx_word' id='word_1_607' title='bbox 1733 4476 1847 4524; x_wconf 84' lang='grc' dir='ltr'>ὅταν</span> 
     </span>
     <span class='ocr_line' id='line_1_73' title="bbox 311 4545 1855 4610; baseline 0.001 -17"><span class='ocrx_word' id='word_1_608' title='bbox 311 4545 762 4599; x_wconf 76' lang='grc' dir='ltr'>ἐαυτοῖςσυνειδῶσιν</span> <span class='ocrx_word' id='word_1_609' title='bbox 780 4545 850 4593; x_wconf 87' lang='grc' dir='ltr'><strong>ὅτι</strong></span> <span class='ocrx_word' id='word_1_610' title='bbox 863 4545 973 4608; x_wconf 82' lang='grc' dir='ltr'>πρὸς</span> <span class='ocrx_word' id='word_1_611' title='bbox 984 4545 1041 4593; x_wconf 82' lang='grc' dir='ltr'><strong>τὰ</strong></span> <span class='ocrx_word' id='word_1_612' title='bbox 1056 4546 1167 4608; x_wconf 81' lang='grc' dir='ltr'>ἔργα</span> <span class='ocrx_word' id='word_1_613' title='bbox 1188 4547 1244 4595; x_wconf 76' lang='grc' dir='ltr'><strong>τὰ</strong></span> <span class='ocrx_word' id='word_1_614' title='bbox 1262 4551 1319 4609; x_wconf 78' lang='grc' dir='ltr'><strong>τῇ</strong></span> <span class='ocrx_word' id='word_1_615' title='bbox 1338 4547 1523 4610; x_wconf 77' lang='grc' dir='ltr'>πατρίδι</span> <span class='ocrx_word' id='word_1_616' title='bbox 1534 4548 1855 4596; x_wconf 79' lang='grc' dir='ltr'>λυσιτελοῦντα</span> 
     </span>
     <span class='ocr_line' id='line_1_74' title="bbox 312 4613 1855 4679; baseline 0.005 -19"><span class='ocrx_word' id='word_1_617' title='bbox 312 4613 531 4676; x_wconf 67' lang='grc' dir='ltr'>οἱχρηστοὶ</span> <span class='ocrx_word' id='word_1_618' title='bbox 558 4616 694 4674; x_wconf 77' lang='grc' dir='ltr'>εἶσιν,</span> <span class='ocrx_word' id='word_1_619' title='bbox 717 4614 1039 4677; x_wconf 78' lang='grc' dir='ltr'>ὑποληρούσης</span> <span class='ocrx_word' id='word_1_620' title='bbox 1068 4616 1159 4672; x_wconf 75' lang='grc' dir='ltr'>ἤδη</span> <span class='ocrx_word' id='word_1_621' title='bbox 1189 4632 1232 4664; x_wconf 89' lang='grc' dir='ltr'><strong>τι</strong></span> <span class='ocrx_word' id='word_1_622' title='bbox 1262 4616 1417 4673; x_wconf 76' lang='grc' dir='ltr'>αὐτοῖς</span> <span class='ocrx_word' id='word_1_623' title='bbox 1453 4619 1533 4665; x_wconf 84' lang='grc' dir='ltr'>καί</span> <span class='ocrx_word' id='word_1_624' title='bbox 1562 4621 1643 4675; x_wconf 80' lang='grc' dir='ltr'><strong>τῆς</strong></span> <span class='ocrx_word' id='word_1_625' title='bbox 1669 4617 1855 4679; x_wconf 77' lang='grc' dir='ltr'>γνώμης</span> 
     </span>
     <span class='ocr_line' id='line_1_75' title="bbox 310 4681 1854 4748; baseline 0.004 -19"><span class='ocrx_word' id='word_1_626' title='bbox 310 4683 386 4729; x_wconf 76' lang='grc' dir='ltr'><strong>διὰ</strong></span> <span class='ocrx_word' id='word_1_627' title='bbox 405 4683 485 4730; x_wconf 82' lang='grc' dir='ltr'><strong>τὸν</strong></span> <span class='ocrx_word' id='word_1_628' title='bbox 516 4682 697 4745; x_wconf 79' lang='grc' dir='ltr'>χρόνον.</span> <span class='ocrx_word' id='word_1_629' title='bbox 727 4681 898 4731; x_wconf 83' lang='lat' dir='ltr'><strong>Strabo</strong></span> <span class='ocrx_word' id='word_1_630' title='bbox 932 4682 1002 4742; x_wconf 83' lang='lat' dir='ltr'><strong>X,</strong></span> <span class='ocrx_word' id='word_1_631' title='bbox 1028 4696 1075 4745; x_wconf 87' lang='lat' dir='ltr'><strong>p.</strong></span> <span class='ocrx_word' id='word_1_632' title='bbox 1109 4685 1412 4746; x_wconf 75' lang='lat' dir='ltr'><strong>⁴853Valer.</strong></span> <span class='ocrx_word' id='word_1_633' title='bbox 1448 4688 1578 4736; x_wconf 75' lang='lat' dir='ltr'><strong>Max.</strong></span> <span class='ocrx_word' id='word_1_634' title='bbox 1614 4688 1656 4734; x_wconf 90' lang='lat' dir='ltr'><strong>ll</strong></span> <span class='ocrx_word' id='word_1_635' title='bbox 1675 4721 1689 4746; x_wconf 88' lang='lat'><strong>,</strong></span> <span class='ocrx_word' id='word_1_636' title='bbox 1717 4694 1773 4747; x_wconf 84' lang='lat'><strong>6,</strong></span> <span class='ocrx_word' id='word_1_637' title='bbox 1797 4693 1854 4748; x_wconf 82' lang='lat'><strong>83</strong></span> 
     </span>
     <span class='ocr_line' id='line_1_76' title="bbox 314 4750 946 4813; baseline -0.003 -13"><span class='ocrx_word' id='word_1_638' title='bbox 314 4750 537 4813; x_wconf 64' lang='lat' dir='ltr'><strong>stephan„</strong></span> <span class='ocrx_word' id='word_1_639' title='bbox 564 4754 671 4813; x_wconf 74' lang='lat' dir='ltr'><strong>Byz.</strong></span> <span class='ocrx_word' id='word_1_640' title='bbox 693 4764 744 4800; x_wconf 69' lang='grc' dir='ltr'><strong>ν.</strong></span> <span class='ocrx_word' id='word_1_641' title='bbox 764 4751 946 4806; x_wconf 82' lang='grc' dir='ltr'>Ἰουλίς.</span> 
     </span>
    </p>

    <p class='ocr_par' dir='ltr' id='par_1_30' title="bbox 306 4820 1858 5097">
     <span class='ocr_line' id='line_1_77' title="bbox 373 4820 1849 4885; baseline 0.004 -17"><span class='ocrx_word' id='word_1_642' title='bbox 373 4821 414 4867; x_wconf 78' lang='lat' dir='ltr'>X</span> <span class='ocrx_word' id='word_1_643' title='bbox 429 4856 442 4882; x_wconf 90' lang='lat'><em>,</em></span> <span class='ocrx_word' id='word_1_644' title='bbox 470 4826 512 4869; x_wconf 89' lang='grc'><strong>1.</strong></span> <span class='ocrx_word' id='word_1_645' title='bbox 535 4820 720 4885; x_wconf 78' lang='grc' dir='ltr'>νηίδες]</span> <span class='ocrx_word' id='word_1_646' title='bbox 758 4821 973 4870; x_wconf 74' lang='lat' dir='ltr'><strong>Finxerit</strong></span> <span class='ocrx_word' id='word_1_647' title='bbox 994 4821 1087 4870; x_wconf 88' lang='lat' dir='ltr'><strong>boc</strong></span> <span class='ocrx_word' id='word_1_648' title='bbox 1107 4835 1169 4872; x_wconf 80' lang='lat' dir='ltr'><strong>ex</strong></span> <span class='ocrx_word' id='word_1_649' title='bbox 1200 4823 1450 4884; x_wconf 81' lang='lat' dir='ltr'><strong>Engaeonis</strong></span> <span class='ocrx_word' id='word_1_650' title='bbox 1474 4823 1620 4873; x_wconf 86' lang='lat' dir='ltr'><strong>Samii</strong></span> <span class='ocrx_word' id='word_1_651' title='bbox 1644 4823 1849 4874; x_wconf 84' lang='lat' dir='ltr'><strong>historiis</strong></span> 
     </span>
     <span class='ocr_line' id='line_1_78' title="bbox 306 4889 1854 4954; baseline 0.004 -18"><span class='ocrx_word' id='word_1_652' title='bbox 306 4901 430 4949; x_wconf 75' lang='lat' dir='ltr'><strong>quas</strong></span> <span class='ocrx_word' id='word_1_653' title='bbox 446 4889 557 4939; x_wconf 79' lang='lat' dir='ltr'><strong>vide</strong></span> <span class='ocrx_word' id='word_1_654' title='bbox 579 4904 627 4952; x_wconf 87' lang='lat' dir='ltr'><strong>p.</strong></span> <span class='ocrx_word' id='word_1_655' title='bbox 657 4895 725 4942; x_wconf 81' lang='grc'><strong>16.</strong></span> <span class='ocrx_word' id='word_1_656' title='bbox 755 4890 909 4941; x_wconf 80' lang='lat' dir='ltr'><strong>Prisca</strong></span> <span class='ocrx_word' id='word_1_657' title='bbox 936 4891 1064 4942; x_wconf 85' lang='lat' dir='ltr'><strong>sami</strong></span> <span class='ocrx_word' id='word_1_658' title='bbox 1081 4892 1271 4941; x_wconf 84' lang='lat' dir='ltr'><strong>nomina</strong></span> <span class='ocrx_word' id='word_1_659' title='bbox 1289 4907 1352 4942; x_wconf 88' lang='lat' dir='ltr'><strong>ex</strong></span> <span class='ocrx_word' id='word_1_660' title='bbox 1381 4893 1629 4944; x_wconf 79' lang='lat' dir='ltr'><strong>Aristotele</strong></span> <span class='ocrx_word' id='word_1_661' title='bbox 1647 4894 1724 4954; x_wconf 83' lang='lat' dir='ltr'><strong>(fr.</strong></span> <span class='ocrx_word' id='word_1_662' title='bbox 1751 4893 1854 4954; x_wconf 81' lang='lat'>175)</span> 
     </span>
     <span class='ocr_line' id='line_1_79' title="bbox 312 4959 1857 5026; baseline 0.005 -20"><span class='ocrx_word' id='word_1_663' title='bbox 312 4963 545 5008; x_wconf 82' lang='lat' dir='ltr'><strong>memorat</strong></span> <span class='ocrx_word' id='word_1_664' title='bbox 581 4959 772 5010; x_wconf 75' lang='lat' dir='ltr'><strong>Plinius.</strong></span> <span class='ocrx_word' id='word_1_665' title='bbox 798 4985 864 4998; x_wconf 90' lang='lat'>—</span> <span class='ocrx_word' id='word_1_666' title='bbox 892 4968 939 5010; x_wconf 79' lang='lat'><strong>2.</strong></span> <span class='ocrx_word' id='word_1_667' title='bbox 985 4963 1200 5025; x_wconf 80' lang='grc' dir='ltr'>Ἀγκαῖος</span> <span class='ocrx_word' id='word_1_668' title='bbox 1243 4964 1344 5011; x_wconf 83' lang='grc' dir='ltr'>κτλ.</span> <span class='ocrx_word' id='word_1_669' title='bbox 1366 4962 1386 5026; x_wconf 96' lang='grc'>]</span> <span class='ocrx_word' id='word_1_670' title='bbox 1422 4966 1537 5012; x_wconf 80' lang='lat' dir='ltr'><strong>Haec</strong></span> <span class='ocrx_word' id='word_1_671' title='bbox 1565 4977 1757 5026; x_wconf 89' lang='lat' dir='ltr'><strong>qnoque</strong></span> <span class='ocrx_word' id='word_1_672' title='bbox 1796 4977 1857 5014; x_wconf 79' lang='lat' dir='ltr'><strong>ex</strong></span> 
     </span>
     <span class='ocr_line' id='line_1_80' title="bbox 310 5028 1858 5097; baseline 0.003 -19"><span class='ocrx_word' id='word_1_673' title='bbox 310 5028 559 5079; x_wconf 73' lang='lat' dir='ltr'><strong>Aristotele</strong></span> <span class='ocrx_word' id='word_1_674' title='bbox 581 5032 834 5080; x_wconf 74' lang='lat' dir='ltr'><strong>narrantur</strong></span> <span class='ocrx_word' id='word_1_675' title='bbox 856 5032 911 5080; x_wconf 77' lang='lat' dir='ltr'><strong>fr.</strong></span> <span class='ocrx_word' id='word_1_676' title='bbox 947 5036 1030 5083; x_wconf 77' lang='grc'><strong>176</strong></span> <span class='ocrx_word' id='word_1_677' title='bbox 1080 5061 1134 5074; x_wconf 83' lang='grc'><strong>-</strong></span> <span class='ocrx_word' id='word_1_678' title='bbox 1152 5034 1253 5093; x_wconf 70' lang='grc' dir='ltr'>περὶ</span> <span class='ocrx_word' id='word_1_679' title='bbox 1277 5033 1421 5095; x_wconf 77' lang='grc' dir='ltr'>(ὑπέρ</span> <span class='ocrx_word' id='word_1_680' title='bbox 1444 5038 1477 5082; x_wconf 76' lang='grc'><strong>,4</strong></span> <span class='ocrx_word' id='word_1_681' title='bbox 1496 5035 1511 5094; x_wconf 93' lang='grc'>)</span> <span class='ocrx_word' id='word_1_682' title='bbox 1527 5032 1581 5082; x_wconf 79' lang='grc' dir='ltr'><strong>οὗ</strong></span> <span class='ocrx_word' id='word_1_683' title='bbox 1605 5035 1689 5089; x_wconf 74' lang='grc' dir='ltr'><strong>τὰς</strong></span> <span class='ocrx_word' id='word_1_684' title='bbox 1711 5035 1858 5097; x_wconf 70' lang='grc' dir='ltr'>ἀμπέ-</span> 
     </span>
    </p>
   </div>
   <div class='ocr_carea' id='block_1_26' title="bbox 1940 3008 3508 5099">
    <p class='ocr_par' dir='ltr' id='par_1_31' title="bbox 1940 3008 3508 5099">
     <span class='ocr_line' id='line_1_81' title="bbox 1954 3008 3508 3074; baseline 0.001 -16"><span class='ocrx_word' id='word_1_685' title='bbox 1954 3009 2033 3058; x_wconf 55' lang='lat' dir='ltr'><strong>tas</strong></span> <span class='ocrx_word' id='word_1_686' title='bbox 2056 3027 2125 3066; x_wconf 87' lang='grc' dir='ltr'><strong>τις</strong></span> <span class='ocrx_word' id='word_1_687' title='bbox 2153 3010 2355 3070; x_wconf 80' lang='grc' dir='ltr'>κεντήσῃ</span> <span class='ocrx_word' id='word_1_688' title='bbox 2388 3008 2496 3064; x_wconf 79' lang='grc' dir='ltr'>τοὺς</span> <span class='ocrx_word' id='word_1_689' title='bbox 2533 3009 2822 3071; x_wconf 70' lang='grc' dir='ltr'>ὀφθαλμοὺς,</span> <span class='ocrx_word' id='word_1_690' title='bbox 2844 3009 3053 3067; x_wconf 84' lang='grc' dir='ltr'>γίνεσθαι</span> <span class='ocrx_word' id='word_1_691' title='bbox 3074 3011 3156 3072; x_wconf 74' lang='grc' dir='ltr'><strong>μὲν</strong></span> <span class='ocrx_word' id='word_1_692' title='bbox 3193 3012 3336 3069; x_wconf 81' lang='grc' dir='ltr'>αὐτὴν</span> <span class='ocrx_word' id='word_1_693' title='bbox 3357 3028 3508 3074; x_wconf 87' lang='grc' dir='ltr'>παρα·</span> 
     </span>
     <span class='ocr_line' id='line_1_82' title="bbox 1952 3079 3506 3145; baseline 0 -16"><span class='ocrx_word' id='word_1_694' title='bbox 1952 3085 2110 3142; x_wconf 85' lang='grc' dir='ltr'>χρῆμα</span> <span class='ocrx_word' id='word_1_695' title='bbox 2135 3079 2320 3142; x_wconf 75' lang='grc' dir='ltr'>τυφλήν.</span> <span class='ocrx_word' id='word_1_696' title='bbox 2392 3080 2522 3127; x_wconf 81' lang='grc' dir='ltr'>Μετὰ</span> <span class='ocrx_word' id='word_1_697' title='bbox 2544 3084 2692 3127; x_wconf 77' lang='grc' dir='ltr'>ταῦτα</span> <span class='ocrx_word' id='word_1_698' title='bbox 2714 3079 2763 3127; x_wconf 73' lang='grc' dir='ltr'><strong>δὲ</strong></span> <span class='ocrx_word' id='word_1_699' title='bbox 2786 3079 3126 3142; x_wconf 77' lang='grc' dir='ltr'>ἐξομματοῦται</span> <span class='ocrx_word' id='word_1_700' title='bbox 3153 3081 3231 3128; x_wconf 84' lang='grc' dir='ltr'><strong>καὶ</strong></span> <span class='ocrx_word' id='word_1_701' title='bbox 3249 3082 3331 3136; x_wconf 80' lang='grc' dir='ltr'><strong>τὰς</strong></span> <span class='ocrx_word' id='word_1_702' title='bbox 3362 3081 3506 3145; x_wconf 83' lang='grc' dir='ltr'>κόρας</span> 
     </span>
     <span class='ocr_line' id='line_1_83' title="bbox 1948 3149 3507 3213; baseline 0.002 -16"><span class='ocrx_word' id='word_1_703' title='bbox 1948 3149 2281 3213; x_wconf 79' lang='grc' dir='ltr'>λελάμπρυνται</span> <span class='ocrx_word' id='word_1_704' title='bbox 2300 3150 2379 3197; x_wconf 88' lang='grc' dir='ltr'><strong>καὶ</strong></span> <span class='ocrx_word' id='word_1_705' title='bbox 2399 3149 2445 3204; x_wconf 76' lang='grc' dir='ltr'><strong>ἐξ</strong></span> <span class='ocrx_word' id='word_1_706' title='bbox 2462 3151 2672 3212; x_wconf 79' lang='grc' dir='ltr'>ὑπαρχῆς</span> <span class='ocrx_word' id='word_1_707' title='bbox 2692 3150 2804 3211; x_wconf 80' lang='grc' dir='ltr'>ὁρᾷ,</span> <span class='ocrx_word' id='word_1_708' title='bbox 2827 3152 2890 3206; x_wconf 85' lang='grc' dir='ltr'>ὡς</span> <span class='ocrx_word' id='word_1_709' title='bbox 2921 3150 3092 3206; x_wconf 81' lang='grc' dir='ltr'>ἐκεῖνός</span> <span class='ocrx_word' id='word_1_710' title='bbox 3115 3167 3245 3211; x_wconf 76' lang='grc' dir='ltr'>φησι.</span> <span class='ocrx_word' id='word_1_711' title='bbox 3308 3152 3381 3200; x_wconf 86' lang='lat' dir='ltr'><strong>Ad</strong></span> <span class='ocrx_word' id='word_1_712' title='bbox 3401 3150 3507 3200; x_wconf 63' lang='lat' dir='ltr'><strong>haec</strong></span> 
     </span>
     <span class='ocr_line' id='line_1_84' title="bbox 1948 3219 3507 3280; baseline 0 -11"><span class='ocrx_word' id='word_1_713' title='bbox 1948 3220 2262 3270; x_wconf 84' lang='lat' dir='ltr'><strong>Schneiderns</strong></span> <span class='ocrx_word' id='word_1_714' title='bbox 2286 3239 2299 3267; x_wconf 90' lang='lat'>:</span> <span class='ocrx_word' id='word_1_715' title='bbox 2328 3238 2350 3260; x_wconf 77' lang='grc' dir='ltr'><strong>«ι</strong></span> <span class='ocrx_word' id='word_1_716' title='bbox 2375 3219 2664 3268; x_wconf 68' lang='lat' dir='ltr'><strong>Aristotelea.</strong></span> <span class='ocrx_word' id='word_1_717' title='bbox 2687 3219 2806 3268; x_wconf 83' lang='lat' dir='ltr'><strong>Hist.</strong></span> <span class='ocrx_word' id='word_1_718' title='bbox 2839 3225 2929 3268; x_wconf 87' lang='lat' dir='ltr'><strong>An.</strong></span> <span class='ocrx_word' id='word_1_719' title='bbox 2950 3221 3016 3268; x_wconf 81' lang='lat' dir='ltr'><strong>Vl</strong></span> <span class='ocrx_word' id='word_1_720' title='bbox 3039 3257 3053 3280; x_wconf 90' lang='lat'>,</span> <span class='ocrx_word' id='word_1_721' title='bbox 3076 3227 3103 3269; x_wconf 88' lang='lat'>5</span> <span class='ocrx_word' id='word_1_722' title='bbox 3121 3219 3507 3269; x_wconf 87' lang='lat' dir='ltr'><strong>dehirundinnm</strong></span> 
     </span>
     <span class='ocr_line' id='line_1_85' title="bbox 1949 3287 3506 3351; baseline 0.002 -15"><span class='ocrx_word' id='word_1_723' title='bbox 1949 3289 2093 3351; x_wconf 81' lang='lat' dir='ltr'><strong>pullis</strong></span> <span class='ocrx_word' id='word_1_724' title='bbox 2108 3288 2367 3351; x_wconf 79' lang='lat' dir='ltr'><strong>generatim</strong></span> <span class='ocrx_word' id='word_1_725' title='bbox 2392 3287 2484 3335; x_wconf 79' lang='lat' dir='ltr'><strong>lioc</strong></span> <span class='ocrx_word' id='word_1_726' title='bbox 2503 3287 2667 3336; x_wconf 85' lang='lat' dir='ltr'><strong>tradit.</strong></span> <span class='ocrx_word' id='word_1_727' title='bbox 2734 3287 2825 3336; x_wconf 84' lang='lat' dir='ltr'><strong>Sed</strong></span> <span class='ocrx_word' id='word_1_728' title='bbox 2853 3289 3069 3350; x_wconf 83' lang='lat' dir='ltr'><strong>suspicor</strong></span> <span class='ocrx_word' id='word_1_729' title='bbox 3086 3301 3195 3336; x_wconf 90' lang='lat' dir='ltr'><strong>cum</strong></span> <span class='ocrx_word' id='word_1_730' title='bbox 3233 3291 3506 3340; x_wconf 85' lang='lat' dir='ltr'><strong>narratione</strong></span> 
     </span>
     <span class='ocr_line' id='line_1_86' title="bbox 1946 3356 3505 3419; baseline 0 -11"><span class='ocrx_word' id='word_1_731' title='bbox 1946 3358 2248 3408; x_wconf 81' lang='lat' dir='ltr'><strong>Aristotelica</strong></span> <span class='ocrx_word' id='word_1_732' title='bbox 2271 3370 2434 3407; x_wconf 87' lang='lat' dir='ltr'><strong>errore</strong></span> <span class='ocrx_word' id='word_1_733' title='bbox 2457 3356 2627 3405; x_wconf 80' lang='lat' dir='ltr'><strong>AEliani</strong></span> <span class='ocrx_word' id='word_1_734' title='bbox 2648 3356 2878 3406; x_wconf 79' lang='lat' dir='ltr'><strong>coaluisse</strong></span> <span class='ocrx_word' id='word_1_735' title='bbox 2904 3358 3151 3419; x_wconf 86' lang='lat' dir='ltr'><strong>antiquam</strong></span> <span class='ocrx_word' id='word_1_736' title='bbox 3185 3358 3246 3407; x_wconf 89' lang='lat' dir='ltr'><strong>de</strong></span> <span class='ocrx_word' id='word_1_737' title='bbox 3267 3361 3412 3407; x_wconf 87' lang='lat' dir='ltr'><strong>Samo</strong></span> <span class='ocrx_word' id='word_1_738' title='bbox 3439 3362 3505 3408; x_wconf 84' lang='lat' dir='ltr'><strong>l‘a·</strong></span> 
     </span>
     <span class='ocr_line' id='line_1_87' title="bbox 1948 3425 3503 3490; baseline -0.004 -13"><span class='ocrx_word' id='word_1_739' title='bbox 1948 3428 2130 3489; x_wconf 86' lang='lat' dir='ltr'><strong>bulam,</strong></span> <span class='ocrx_word' id='word_1_740' title='bbox 2150 3440 2294 3490; x_wconf 85' lang='lat' dir='ltr'><strong>quam</strong></span> <span class='ocrx_word' id='word_1_741' title='bbox 2320 3426 2501 3488; x_wconf 87' lang='lat' dir='ltr'><strong>reperio</strong></span> <span class='ocrx_word' id='word_1_742' title='bbox 2529 3425 2575 3474; x_wconf 90' lang='lat' dir='ltr'><strong>in</strong></span> <span class='ocrx_word' id='word_1_743' title='bbox 2597 3427 2871 3486; x_wconf 83' lang='lat' dir='ltr'><strong>fragmentis</strong></span> <span class='ocrx_word' id='word_1_744' title='bbox 2892 3427 3154 3477; x_wconf 83' lang='lat' dir='ltr'><strong>Heraclidis</strong></span> <span class='ocrx_word' id='word_1_745' title='bbox 3173 3431 3242 3475; x_wconf 89' lang='lat' dir='ltr'><strong>De</strong></span> <span class='ocrx_word' id='word_1_746' title='bbox 3263 3428 3459 3489; x_wconf 87' lang='lat' dir='ltr'><strong>politiis.</strong></span> <span class='ocrx_word' id='word_1_747' title='bbox 3479 3449 3503 3471; x_wconf 73' lang='grc' dir='ltr'><strong>ι.</strong></span> 
     </span>
     <span class='ocr_line' id='line_1_88' title="bbox 1946 3494 3505 3558; baseline -0.001 -11"><span class='ocrx_word' id='word_1_748' title='bbox 1946 3498 2022 3547; x_wconf 88' lang='lat' dir='ltr'><strong>Ct&#39;.</strong></span> <span class='ocrx_word' id='word_1_749' title='bbox 2042 3497 2186 3547; x_wconf 86' lang='lat' dir='ltr'><strong>etiam</strong></span> <span class='ocrx_word' id='word_1_750' title='bbox 2208 3496 2468 3558; x_wconf 75' lang='lat' dir='ltr'><strong>Antigonus</strong></span> <span class='ocrx_word' id='word_1_751' title='bbox 2485 3494 2592 3544; x_wconf 63' lang='grc' dir='ltr'>Μὶν.</span> <span class='ocrx_word' id='word_1_752' title='bbox 2619 3500 2704 3544; x_wconf 83' lang='lat'><strong>120</strong></span> <span class='ocrx_word' id='word_1_753' title='bbox 2727 3496 2804 3544; x_wconf 89' lang='lat' dir='ltr'><strong>ed.</strong></span> <span class='ocrx_word' id='word_1_754' title='bbox 2827 3498 3164 3547; x_wconf 67' lang='lat' dir='ltr'><strong>Waetermann</strong></span> <span class='ocrx_word' id='word_1_755' title='bbox 3184 3517 3197 3545; x_wconf 70' lang='grc' dir='ltr'><strong>ι</strong></span> <span class='ocrx_word' id='word_1_756' title='bbox 3218 3497 3276 3545; x_wconf 90' lang='lat' dir='ltr'><strong>‘O</strong></span> <span class='ocrx_word' id='word_1_757' title='bbox 3290 3496 3396 3551; x_wconf 78' lang='grc' dir='ltr'>τοὺς</span> <span class='ocrx_word' id='word_1_758' title='bbox 3416 3500 3505 3545; x_wconf 84' lang='grc' dir='ltr'><strong>Σα·</strong></span> 
     </span>
     <span class='ocr_line' id='line_1_89' title="bbox 1949 3565 3508 3630; baseline -0.003 -14"><span class='ocrx_word' id='word_1_759' title='bbox 1949 3565 2146 3630; x_wconf 80' lang='grc' dir='ltr'>μιακοὺς</span> <span class='ocrx_word' id='word_1_760' title='bbox 2164 3567 2309 3630; x_wconf 84' lang='grc' dir='ltr'>ὥρους</span> <span class='ocrx_word' id='word_1_761' title='bbox 2328 3565 2655 3627; x_wconf 63' lang='grc' dir='ltr'>συγγεγραφὼς</span> <span class='ocrx_word' id='word_1_762' title='bbox 2674 3565 2747 3613; x_wconf 80' lang='grc' dir='ltr'>ἐπὶ</span> <span class='ocrx_word' id='word_1_763' title='bbox 2764 3570 2856 3612; x_wconf 85' lang='grc' dir='ltr'><strong>τῶν</strong></span> <span class='ocrx_word' id='word_1_764' title='bbox 2878 3566 3074 3627; x_wconf 83' lang='grc' dir='ltr'>πρώτων</span> <span class='ocrx_word' id='word_1_765' title='bbox 3089 3566 3347 3623; x_wconf 84' lang='grc' dir='ltr'>κληθέντων</span> <span class='ocrx_word' id='word_1_766' title='bbox 3363 3567 3508 3628; x_wconf 82' lang='grc' dir='ltr'>μαθη-</span> 
     </span>
     <span class='ocr_line' id='line_1_90' title="bbox 1944 3627 3504 3699; baseline -0.001 -14"><span class='ocrx_word' id='word_1_767' title='bbox 1944 3639 2040 3685; x_wconf 84' lang='grc' dir='ltr'><strong>τῶν</strong></span> <span class='ocrx_word' id='word_1_768' title='bbox 2056 3642 2149 3686; x_wconf 84' lang='grc' dir='ltr'><strong>τῶν</strong></span> <span class='ocrx_word' id='word_1_769' title='bbox 2168 3637 2268 3699; x_wconf 78' lang='grc' dir='ltr'>περὶ</span> <span class='ocrx_word' id='word_1_770' title='bbox 2294 3635 2602 3697; x_wconf 79' lang='grc' dir='ltr'>Ἡρόστρατον</span> <span class='ocrx_word' id='word_1_771' title='bbox 2628 3635 2737 3695; x_wconf 83' lang='grc' dir='ltr'>φησὶ</span> <span class='ocrx_word' id='word_1_772' title='bbox 2759 3635 2972 3696; x_wconf 79' lang='grc' dir='ltr'>χελιδόνα</span> <span class='ocrx_word' id='word_1_773' title='bbox 3002 3627 3171 3693; x_wconf 70' lang='grc' dir='ltr'>λευκὴν</span> <span class='ocrx_word' id='word_1_774' title='bbox 3193 3639 3404 3698; x_wconf 73' lang='grc' dir='ltr'>φανῆναι.</span> <span class='ocrx_word' id='word_1_775' title='bbox 3432 3634 3504 3685; x_wconf 86' lang='lat' dir='ltr'><strong>Ad</strong></span> 
     </span>
     <span class='ocr_line' id='line_1_91' title="bbox 1947 3704 3503 3767; baseline 0 -14"><span class='ocrx_word' id='word_1_776' title='bbox 1947 3704 2052 3755; x_wconf 83' lang='lat' dir='ltr'><strong>baec</strong></span> <span class='ocrx_word' id='word_1_777' title='bbox 2072 3705 2494 3756; x_wconf 79' lang='lat' dir='ltr'><strong>Selmeidewinus:</strong></span> <span class='ocrx_word' id='word_1_778' title='bbox 2519 3722 2542 3745; x_wconf 73' lang='lat' dir='ltr'><strong>«c</strong></span> <span class='ocrx_word' id='word_1_779' title='bbox 2566 3705 2717 3765; x_wconf 70' lang='lat' dir='ltr'><strong>cuius</strong></span> <span class='ocrx_word' id='word_1_780' title='bbox 2733 3704 2792 3752; x_wconf 90' lang='lat' dir='ltr'><strong>de</strong></span> <span class='ocrx_word' id='word_1_781' title='bbox 2812 3705 3152 3767; x_wconf 76' lang='lat' dir='ltr'><strong>corruptissimi</strong></span> <span class='ocrx_word' id='word_1_782' title='bbox 3173 3704 3265 3753; x_wconf 88' lang='lat' dir='ltr'><strong>loci</strong></span> <span class='ocrx_word' id='word_1_783' title='bbox 3283 3704 3503 3754; x_wconf 82' lang='lat' dir='ltr'><strong>emenda·</strong></span> 
     </span>
     <span class='ocr_line' id='line_1_92' title="bbox 1948 3773 3500 3836; baseline -0.001 -12"><span class='ocrx_word' id='word_1_784' title='bbox 1948 3775 2078 3824; x_wconf 88' lang='lat' dir='ltr'><strong>tione</strong></span> <span class='ocrx_word' id='word_1_785' title='bbox 2096 3774 2209 3823; x_wconf 85' lang='lat' dir='ltr'><strong>mibi</strong></span> <span class='ocrx_word' id='word_1_786' title='bbox 2231 3787 2327 3822; x_wconf 89' lang='lat' dir='ltr'><strong>non</strong></span> <span class='ocrx_word' id='word_1_787' title='bbox 2353 3774 2530 3834; x_wconf 75' lang='lat' dir='ltr'><strong>liquet:</strong></span> <span class='ocrx_word' id='word_1_788' title='bbox 2550 3773 2639 3821; x_wconf 84' lang='lat' dir='ltr'><strong>boc</strong></span> <span class='ocrx_word' id='word_1_789' title='bbox 2656 3774 2884 3836; x_wconf 81' lang='lat' dir='ltr'><strong>intelligo,</strong></span> <span class='ocrx_word' id='word_1_790' title='bbox 2907 3773 3345 3823; x_wconf 69' lang='lat' dir='ltr'><strong>BecRmannianum</strong></span> <span class='ocrx_word' id='word_1_791' title='bbox 3362 3786 3500 3822; x_wconf 89' lang='lat' dir='ltr'><strong>com·</strong></span> 
     </span>
     <span class='ocr_line' id='line_1_93' title="bbox 1948 3843 3502 3906; baseline -0.003 -12"><span class='ocrx_word' id='word_1_792' title='bbox 1948 3848 2164 3896; x_wconf 84' lang='lat' dir='ltr'><strong>mentum</strong></span> <span class='ocrx_word' id='word_1_793' title='bbox 2182 3849 2276 3893; x_wconf 85' lang='grc' dir='ltr'><strong>τῶν</strong></span> <span class='ocrx_word' id='word_1_794' title='bbox 2302 3845 2404 3904; x_wconf 85' lang='grc' dir='ltr'>περὶ</span> <span class='ocrx_word' id='word_1_795' title='bbox 2425 3843 2787 3906; x_wconf 83' lang='grc' dir='ltr'>Ἐρασίστρατον</span> <span class='ocrx_word' id='word_1_796' title='bbox 2813 3843 3122 3905; x_wconf 85' lang='lat' dir='ltr'><strong>periclitantis</strong></span> <span class='ocrx_word' id='word_1_797' title='bbox 3142 3846 3217 3893; x_wconf 65' lang='lat' dir='ltr'><strong>vel</strong></span> <span class='ocrx_word' id='word_1_798' title='bbox 3243 3857 3301 3893; x_wconf 89' lang='lat' dir='ltr'><strong>eo</strong></span> <span class='ocrx_word' id='word_1_799' title='bbox 3321 3844 3502 3904; x_wconf 75' lang='lat' dir='ltr'><strong>refelli,</strong></span> 
     </span>
     <span class='ocr_line' id='line_1_94' title="bbox 1948 3910 3504 3977; baseline -0.002 -14"><span class='ocrx_word' id='word_1_800' title='bbox 1948 3914 2080 3977; x_wconf 88' lang='lat' dir='ltr'><strong>qnod</strong></span> <span class='ocrx_word' id='word_1_801' title='bbox 2103 3914 2222 3963; x_wconf 88' lang='lat' dir='ltr'><strong>ordo</strong></span> <span class='ocrx_word' id='word_1_802' title='bbox 2243 3914 2516 3974; x_wconf 84' lang='lat' dir='ltr'><strong>temporum</strong></span> <span class='ocrx_word' id='word_1_803' title='bbox 2538 3910 2598 3960; x_wconf 85' lang='lat' dir='ltr'><strong>ab</strong></span> <span class='ocrx_word' id='word_1_804' title='bbox 2627 3912 2875 3961; x_wconf 82' lang='lat' dir='ltr'><strong>Heraclide</strong></span> <span class='ocrx_word' id='word_1_805' title='bbox 2907 3912 3189 3961; x_wconf 74' lang='lat' dir='ltr'><strong>observatus</strong></span> <span class='ocrx_word' id='word_1_806' title='bbox 3219 3925 3276 3960; x_wconf 86' lang='lat' dir='ltr'><strong>eo</strong></span> <span class='ocrx_word' id='word_1_807' title='bbox 3299 3911 3504 3960; x_wconf 65' lang='lat' dir='ltr'><strong>admisso</strong></span> 
     </span>
     <span class='ocr_line' id='line_1_95' title="bbox 1944 3979 3504 4042; baseline -0.003 -11"><span class='ocrx_word' id='word_1_808' title='bbox 1944 3984 2219 4033; x_wconf 81' lang='lat' dir='ltr'><strong>violaretur.</strong></span> <span class='ocrx_word' id='word_1_809' title='bbox 2285 3985 2446 4041; x_wconf 89' lang='lat' dir='ltr'><strong>Quum</strong></span> <span class='ocrx_word' id='word_1_810' title='bbox 2470 3993 2566 4029; x_wconf 89' lang='lat' dir='ltr'><strong>non</strong></span> <span class='ocrx_word' id='word_1_811' title='bbox 2585 3979 2900 4029; x_wconf 84' lang='lat' dir='ltr'><strong>dubitandum</strong></span> <span class='ocrx_word' id='word_1_812' title='bbox 2918 3981 2998 4040; x_wconf 86' lang='lat' dir='ltr'><strong>sit,</strong></span> <span class='ocrx_word' id='word_1_813' title='bbox 3013 3980 3130 4042; x_wconf 90' lang='lat' dir='ltr'><strong>quin</strong></span> <span class='ocrx_word' id='word_1_814' title='bbox 3152 3981 3291 4038; x_wconf 81' lang='grc' dir='ltr'>λευκὴ</span> <span class='ocrx_word' id='word_1_815' title='bbox 3311 3980 3504 4042; x_wconf 77' lang='grc' dir='ltr'>χελιδὼν</span> 
     </span>
     <span class='ocr_line' id='line_1_96' title="bbox 1945 4049 3502 4115; baseline -0.003 -15"><span class='ocrx_word' id='word_1_816' title='bbox 1945 4053 2024 4102; x_wconf 87' lang='lat' dir='ltr'><strong>illa</strong></span> <span class='ocrx_word' id='word_1_817' title='bbox 2041 4054 2219 4115; x_wconf 84' lang='lat' dir='ltr'><strong>pariter</strong></span> <span class='ocrx_word' id='word_1_818' title='bbox 2237 4055 2381 4115; x_wconf 87' lang='lat' dir='ltr'><strong>atque</strong></span> <span class='ocrx_word' id='word_1_819' title='bbox 2405 4052 2564 4107; x_wconf 80' lang='grc' dir='ltr'>λευκὸς</span> <span class='ocrx_word' id='word_1_820' title='bbox 2583 4051 2726 4113; x_wconf 79' lang='grc' dir='ltr'>κόραξ</span> <span class='ocrx_word' id='word_1_821' title='bbox 2745 4053 3088 4111; x_wconf 62' lang='lat' dir='ltr'><strong>Cyrenaeorum</strong></span> <span class='ocrx_word' id='word_1_822' title='bbox 3121 4050 3139 4110; x_wconf 90' lang='lat'><strong>(</strong></span> <span class='ocrx_word' id='word_1_823' title='bbox 3163 4049 3224 4098; x_wconf 81' lang='lat' dir='ltr'><strong>tr.</strong></span> <span class='ocrx_word' id='word_1_824' title='bbox 3254 4052 3302 4108; x_wconf 71' lang='lat'><strong>⁴,</strong></span> <span class='ocrx_word' id='word_1_825' title='bbox 3328 4049 3390 4108; x_wconf 72' lang='lat'><strong>4)</strong></span> <span class='ocrx_word' id='word_1_826' title='bbox 3416 4053 3502 4096; x_wconf 82' lang='lat' dir='ltr'><strong>Sa-</strong></span> 
     </span>
     <span class='ocr_line' id='line_1_97' title="bbox 1943 4119 3506 4185; baseline -0.002 -14"><span class='ocrx_word' id='word_1_827' title='bbox 1943 4123 2053 4173; x_wconf 86' lang='lat' dir='ltr'><strong>miis</strong></span> <span class='ocrx_word' id='word_1_828' title='bbox 2069 4123 2229 4173; x_wconf 85' lang='lat' dir='ltr'><strong>nescio</strong></span> <span class='ocrx_word' id='word_1_829' title='bbox 2246 4135 2390 4185; x_wconf 89' lang='lat' dir='ltr'><strong>quam</strong></span> <span class='ocrx_word' id='word_1_830' title='bbox 2411 4122 2731 4172; x_wconf 86' lang='lat' dir='ltr'><strong>calamitatem</strong></span> <span class='ocrx_word' id='word_1_831' title='bbox 2745 4120 3030 4183; x_wconf 80' lang='lat' dir='ltr'><strong>significasse</strong></span> <span class='ocrx_word' id='word_1_832' title='bbox 3048 4119 3146 4169; x_wconf 77' lang='lat' dir='ltr'><strong>visa</strong></span> <span class='ocrx_word' id='word_1_833' title='bbox 3162 4120 3243 4180; x_wconf 83' lang='lat' dir='ltr'><strong>sit,</strong></span> <span class='ocrx_word' id='word_1_834' title='bbox 3257 4131 3506 4180; x_wconf 86' lang='lat' dir='ltr'><strong>quumque</strong></span> 
     </span>
     <span class='ocr_line' id='line_1_98' title="bbox 1941 4190 3502 4257; baseline -0.003 -15"><span class='ocrx_word' id='word_1_835' title='bbox 1941 4194 1991 4243; x_wconf 90' lang='lat' dir='ltr'><strong>in</strong></span> <span class='ocrx_word' id='word_1_836' title='bbox 2019 4194 2287 4256; x_wconf 85' lang='lat' dir='ltr'><strong>antiquiora</strong></span> <span class='ocrx_word' id='word_1_837' title='bbox 2308 4194 2589 4257; x_wconf 60' lang='lat' dir='ltr'><strong>Pythagora}</strong></span> <span class='ocrx_word' id='word_1_838' title='bbox 2615 4195 2831 4256; x_wconf 89' lang='lat' dir='ltr'><strong>tempora</strong></span> <span class='ocrx_word' id='word_1_839' title='bbox 2846 4192 2966 4240; x_wconf 85' lang='lat' dir='ltr'><strong>serie</strong></span> <span class='ocrx_word' id='word_1_840' title='bbox 3000 4204 3160 4241; x_wconf 88' lang='lat' dir='ltr'><strong>rerum</strong></span> <span class='ocrx_word' id='word_1_841' title='bbox 3195 4190 3502 4253; x_wconf 85' lang='lat' dir='ltr'><strong>repellamur,</strong></span> 
     </span>
     <span class='ocr_line' id='line_1_99' title="bbox 1946 4261 3502 4326; baseline -0.003 -14"><span class='ocrx_word' id='word_1_842' title='bbox 1946 4264 2148 4326; x_wconf 85' lang='grc' dir='ltr'>μαθηταί</span> <span class='ocrx_word' id='word_1_843' title='bbox 2182 4263 2441 4312; x_wconf 87' lang='lat' dir='ltr'><strong>admonent</strong></span> <span class='ocrx_word' id='word_1_844' title='bbox 2478 4275 2558 4312; x_wconf 88' lang='lat' dir='ltr'><strong>me</strong></span> <span class='ocrx_word' id='word_1_845' title='bbox 2597 4264 2811 4326; x_wconf 83' lang='grc' dir='ltr'>μυθητῶν</span> <span class='ocrx_word' id='word_1_846' title='bbox 2851 4261 3042 4309; x_wconf 89' lang='lat' dir='ltr'><strong>illorum</strong></span> <span class='ocrx_word' id='word_1_847' title='bbox 3059 4295 3075 4322; x_wconf 89' lang='lat'><strong>,</strong></span> <span class='ocrx_word' id='word_1_848' title='bbox 3113 4272 3240 4322; x_wconf 77' lang='lat' dir='ltr'><strong>quos</strong></span> <span class='ocrx_word' id='word_1_849' title='bbox 3275 4263 3502 4321; x_wconf 77' lang='lat' dir='ltr'><strong>regnante</strong></span> 
     </span>
     <span class='ocr_line' id='line_1_100' title="bbox 1942 4328 3504 4396; baseline -0.005 -13"><span class='ocrx_word' id='word_1_850' title='bbox 1942 4333 2192 4396; x_wconf 77' lang='lat' dir='ltr'><strong>Polycrate</strong></span> <span class='ocrx_word' id='word_1_851' title='bbox 2204 4333 2418 4382; x_wconf 83' lang='lat' dir='ltr'><strong>sanctam</strong></span> <span class='ocrx_word' id='word_1_852' title='bbox 2428 4332 2632 4382; x_wconf 87' lang='lat' dir='ltr'><strong>insulam</strong></span> <span class='ocrx_word' id='word_1_853' title='bbox 2644 4331 2931 4381; x_wconf 82' lang='lat' dir='ltr'><strong>conturbare</strong></span> <span class='ocrx_word' id='word_1_854' title='bbox 2940 4328 3249 4391; x_wconf 85' lang='lat' dir='ltr'><strong>conqueritur</strong></span> <span class='ocrx_word' id='word_1_855' title='bbox 3259 4332 3504 4378; x_wconf 80' lang='lat' dir='ltr'><strong>Anacreon</strong></span> 
     </span>
     <span class='ocr_line' id='line_1_101' title="bbox 1947 4396 3502 4465; baseline -0.005 -12"><span class='ocrx_word' id='word_1_856' title='bbox 1947 4405 2005 4453; x_wconf 84' lang='lat' dir='ltr'><strong>fr.</strong></span> <span class='ocrx_word' id='word_1_857' title='bbox 2029 4406 2087 4453; x_wconf 85' lang='lat' dir='ltr'><strong>Ll</strong></span> <span class='ocrx_word' id='word_1_858' title='bbox 2111 4403 2278 4465; x_wconf 74' lang='lat' dir='ltr'><strong>Bergk.</strong></span> <span class='ocrx_word' id='word_1_859' title='bbox 2295 4439 2310 4465; x_wconf 90' lang='lat'>,</span> <span class='ocrx_word' id='word_1_860' title='bbox 2336 4415 2482 4465; x_wconf 90' lang='lat' dir='ltr'><strong>quem</strong></span> <span class='ocrx_word' id='word_1_861' title='bbox 2499 4401 2609 4451; x_wconf 77' lang='lat' dir='ltr'><strong>vide</strong></span> <span class='ocrx_word' id='word_1_862' title='bbox 2634 4415 2684 4465; x_wconf 92' lang='lat' dir='ltr'><strong>p.</strong></span> <span class='ocrx_word' id='word_1_863' title='bbox 2723 4405 2826 4452; x_wconf 84' lang='lat'><strong>170.</strong></span> <span class='ocrx_word' id='word_1_864' title='bbox 2851 4404 3028 4452; x_wconf 78' lang='lat' dir='ltr'><strong>Rursus</strong></span> <span class='ocrx_word' id='word_1_865' title='bbox 3057 4412 3170 4448; x_wconf 89' lang='lat' dir='ltr'><strong>cum</strong></span> <span class='ocrx_word' id='word_1_866' title='bbox 3191 4396 3502 4461; x_wconf 79' lang='grc' dir='ltr'>Ἡρόστρατον</span> 
     </span>
     <span class='ocr_line' id='line_1_102' title="bbox 1940 4467 3501 4533; baseline -0.005 -11"><span class='ocrx_word' id='word_1_867' title='bbox 1940 4475 2074 4522; x_wconf 74' lang='lat' dir='ltr'><strong>vocis</strong></span> <span class='ocrx_word' id='word_1_868' title='bbox 2091 4474 2326 4526; x_wconf 83' lang='lat' dir='ltr'><strong>elementa</strong></span> <span class='ocrx_word' id='word_1_869' title='bbox 2351 4472 2599 4522; x_wconf 85' lang='lat' dir='ltr'><strong>considero</strong></span> <span class='ocrx_word' id='word_1_870' title='bbox 2617 4509 2631 4533; x_wconf 86' lang='lat'>‚</span> <span class='ocrx_word' id='word_1_871' title='bbox 2651 4472 2712 4521; x_wconf 92' lang='lat' dir='ltr'><strong>de</strong></span> <span class='ocrx_word' id='word_1_872' title='bbox 2731 4470 3041 4521; x_wconf 84' lang='lat' dir='ltr'><strong>celeberrimo</strong></span> <span class='ocrx_word' id='word_1_873' title='bbox 3062 4468 3274 4519; x_wconf 81' lang='lat' dir='ltr'><strong>Jnnonio</strong></span> <span class='ocrx_word' id='word_1_874' title='bbox 3310 4467 3501 4516; x_wconf 84' lang='lat' dir='ltr'><strong>Samio-</strong></span> 
     </span>
     <span class='ocr_line' id='line_1_103' title="bbox 1943 4536 3504 4606; baseline -0.004 -14"><span class='ocrx_word' id='word_1_875' title='bbox 1943 4556 2051 4592; x_wconf 87' lang='lat' dir='ltr'><strong>rum</strong></span> <span class='ocrx_word' id='word_1_876' title='bbox 2068 4545 2226 4594; x_wconf 60' lang='lat' dir='ltr'><strong>nescio</strong></span> <span class='ocrx_word' id='word_1_877' title='bbox 2245 4543 2360 4606; x_wconf 88' lang='lat' dir='ltr'><strong>quid</strong></span> <span class='ocrx_word' id='word_1_878' title='bbox 2387 4545 2632 4593; x_wconf 82' lang='lat' dir='ltr'><strong>narratum</strong></span> <span class='ocrx_word' id='word_1_879' title='bbox 2658 4542 2800 4592; x_wconf 81' lang='lat' dir='ltr'><strong>tuisse</strong></span> <span class='ocrx_word' id='word_1_880' title='bbox 2819 4541 3031 4602; x_wconf 81' lang='lat' dir='ltr'><strong>subrepit</strong></span> <span class='ocrx_word' id='word_1_881' title='bbox 3048 4539 3225 4600; x_wconf 81' lang='lat' dir='ltr'><strong>opinio.</strong></span> <span class='ocrx_word' id='word_1_882' title='bbox 3251 4540 3376 4598; x_wconf 80' lang='lat' dir='ltr'><strong>Ergo</strong></span> <span class='ocrx_word' id='word_1_883' title='bbox 3400 4536 3504 4586; x_wconf 78' lang='lat' dir='ltr'><strong>seli·</strong></span> 
     </span>
     <span class='ocr_line' id='line_1_104' title="bbox 1942 4609 3504 4676; baseline -0.006 -12"><span class='ocrx_word' id='word_1_884' title='bbox 1942 4615 2150 4664; x_wconf 84' lang='lat' dir='ltr'><strong>cioribus</strong></span> <span class='ocrx_word' id='word_1_885' title='bbox 2185 4614 2381 4676; x_wconf 79' lang='lat' dir='ltr'><strong>ingeniis</strong></span> <span class='ocrx_word' id='word_1_886' title='bbox 2414 4612 2734 4676; x_wconf 80' lang='lat' dir='ltr'><strong>probabiliora</strong></span> <span class='ocrx_word' id='word_1_887' title='bbox 2766 4609 3073 4662; x_wconf 78' lang='lat' dir='ltr'><strong>extundenda</strong></span> <span class='ocrx_word' id='word_1_888' title='bbox 3105 4609 3340 4673; x_wconf 88' lang='lat' dir='ltr'><strong>relinquo.</strong></span> <span class='ocrx_word' id='word_1_889' title='bbox 3381 4627 3406 4650; x_wconf 69' lang='lat' dir='ltr'>n</span> <span class='ocrx_word' id='word_1_890' title='bbox 3439 4633 3504 4645; x_wconf 90' lang='lat'><em>-</em></span> 
     </span>
     <span class='ocr_line' id='line_1_105' title="bbox 1943 4678 3499 4748; baseline -0.005 -14"><span class='ocrx_word' id='word_1_891' title='bbox 1943 4689 1970 4734; x_wconf 79' lang='lat'>4</span> <span class='ocrx_word' id='word_1_892' title='bbox 2006 4684 2228 4735; x_wconf 78' lang='grc' dir='ltr'>δάκτυλον</span> <span class='ocrx_word' id='word_1_893' title='bbox 2252 4686 2389 4742; x_wconf 79' lang='grc' dir='ltr'>ἔδειξε</span> <span class='ocrx_word' id='word_1_894' title='bbox 2412 4682 2627 4748; x_wconf 81' lang='grc' dir='ltr'>περιεψ.]</span> <span class='ocrx_word' id='word_1_895' title='bbox 2662 4682 2782 4733; x_wconf 80' lang='lat' dir='ltr'><strong>Hinc</strong></span> <span class='ocrx_word' id='word_1_896' title='bbox 2807 4680 3112 4744; x_wconf 78' lang='lat' dir='ltr'><strong>proverbium</strong></span> <span class='ocrx_word' id='word_1_897' title='bbox 3149 4680 3295 4743; x_wconf 78' lang='lat' dir='ltr'><strong>Xpot</strong></span> <span class='ocrx_word' id='word_1_898' title='bbox 3323 4678 3499 4739; x_wconf 80' lang='grc' dir='ltr'>δῆλα,</span> 
     </span>
     <span class='ocr_line' id='line_1_106' title="bbox 1943 4752 3497 4818; baseline -0.005 -14"><span class='ocrx_word' id='word_1_899' title='bbox 1943 4755 2072 4818; x_wconf 89' lang='lat' dir='ltr'><strong>qnod</strong></span> <span class='ocrx_word' id='word_1_900' title='bbox 2094 4757 2346 4818; x_wconf 86' lang='lat' dir='ltr'><strong>excerptor</strong></span> <span class='ocrx_word' id='word_1_901' title='bbox 2381 4766 2646 4805; x_wconf 87' lang='lat' dir='ltr'><strong>memorare</strong></span> <span class='ocrx_word' id='word_1_902' title='bbox 2663 4753 2891 4803; x_wconf 86' lang='lat' dir='ltr'><strong>omiserit.</strong></span> <span class='ocrx_word' id='word_1_903' title='bbox 2914 4752 3036 4802; x_wconf 82' lang='lat' dir='ltr'><strong>vide</strong></span> <span class='ocrx_word' id='word_1_904' title='bbox 3059 4753 3195 4813; x_wconf 81' lang='lat' dir='ltr'><strong>Diog.</strong></span> <span class='ocrx_word' id='word_1_905' title='bbox 3221 4753 3274 4801; x_wconf 84' lang='lat'><strong>1..</strong></span> <span class='ocrx_word' id='word_1_906' title='bbox 3307 4753 3357 4811; x_wconf 88' lang='lat' dir='ltr'><strong>l,</strong></span> <span class='ocrx_word' id='word_1_907' title='bbox 3384 4756 3497 4812; x_wconf 74' lang='lat'>1⁸8;</span> 
     </span>
     <span class='ocr_line' id='line_1_107' title="bbox 1944 4819 3503 4888; baseline -0.006 -13"><span class='ocrx_word' id='word_1_908' title='bbox 1944 4826 2157 4888; x_wconf 82' lang='lat' dir='ltr'><strong>Apostol.</strong></span> <span class='ocrx_word' id='word_1_909' title='bbox 2173 4829 2278 4886; x_wconf 80' lang='lat' dir='ltr'><strong>XX,</strong></span> <span class='ocrx_word' id='word_1_910' title='bbox 2295 4829 2353 4875; x_wconf 84' lang='grc'><strong>87</strong></span> <span class='ocrx_word' id='word_1_911' title='bbox 2368 4841 2383 4886; x_wconf 83' lang='grc'><strong>;</strong></span> <span class='ocrx_word' id='word_1_912' title='bbox 2399 4826 2595 4886; x_wconf 78' lang='lat' dir='ltr'><strong>Gregor.</strong></span> <span class='ocrx_word' id='word_1_913' title='bbox 2615 4826 2734 4884; x_wconf 80' lang='lat' dir='ltr'><strong>cyp.</strong></span> <span class='ocrx_word' id='word_1_914' title='bbox 2759 4824 2842 4882; x_wconf 85' lang='grc' dir='ltr'><strong>ΙΙΙ,</strong></span> <span class='ocrx_word' id='word_1_915' title='bbox 2863 4825 2951 4872; x_wconf 84' lang='grc'><strong>100</strong></span> <span class='ocrx_word' id='word_1_916' title='bbox 2965 4839 2979 4882; x_wconf 87' lang='grc'><strong>;</strong></span> <span class='ocrx_word' id='word_1_917' title='bbox 2995 4820 3166 4870; x_wconf 85' lang='lat' dir='ltr'><strong>Snidas</strong></span> <span class='ocrx_word' id='word_1_918' title='bbox 3181 4833 3228 4867; x_wconf 81' lang='lat' dir='ltr'><strong>v.</strong></span> <span class='ocrx_word' id='word_1_919' title='bbox 3243 4819 3503 4878; x_wconf 71' lang='grc' dir='ltr'>Ἐπηλυγόι·</span> 
     </span>
     <span class='ocr_line' id='line_1_108' title="bbox 1944 4888 3500 4957; baseline -0.003 -15"><span class='ocrx_word' id='word_1_920' title='bbox 1944 4898 2100 4950; x_wconf 79' lang='grc' dir='ltr'>ζονται</span> <span class='ocrx_word' id='word_1_921' title='bbox 2118 4895 2167 4944; x_wconf 90' lang='lat' dir='ltr'><strong>et</strong></span> <span class='ocrx_word' id='word_1_922' title='bbox 2187 4894 2318 4957; x_wconf 76' lang='grc' dir='ltr'>Χροΐ.</span> <span class='ocrx_word' id='word_1_923' title='bbox 2345 4894 2422 4943; x_wconf 71' lang='lat' dir='ltr'><strong>Ct&#39;.</strong></span> <span class='ocrx_word' id='word_1_924' title='bbox 2444 4892 2618 4944; x_wconf 81' lang='lat' dir='ltr'><strong>AElian.</strong></span> <span class='ocrx_word' id='word_1_925' title='bbox 2643 4895 2706 4940; x_wconf 83' lang='lat' dir='ltr'><strong>V.</strong></span> <span class='ocrx_word' id='word_1_926' title='bbox 2732 4894 2793 4940; x_wconf 85' lang='lat' dir='ltr'><strong>l-l.</strong></span> <span class='ocrx_word' id='word_1_927' title='bbox 2818 4895 2904 4952; x_wconf 74' lang='lat' dir='ltr'><strong>lv,</strong></span> <span class='ocrx_word' id='word_1_928' title='bbox 2926 4895 3012 4951; x_wconf 77' lang='lat'><strong>28;</strong></span> <span class='ocrx_word' id='word_1_929' title='bbox 3033 4888 3303 4940; x_wconf 71' lang='lat' dir='ltr'><strong>Stnrz.Vit.</strong></span> <span class='ocrx_word' id='word_1_930' title='bbox 3334 4889 3500 4938; x_wconf 80' lang='lat' dir='ltr'><strong>Phere-</strong></span> 
     </span>
     <span class='ocr_line' id='line_1_109' title="bbox 1946 4960 3500 5025; baseline -0.004 -13"><span class='ocrx_word' id='word_1_931' title='bbox 1946 4963 2054 5025; x_wconf 75' lang='lat' dir='ltr'><strong>cyd.</strong></span> <span class='ocrx_word' id='word_1_932' title='bbox 2079 4976 2123 5025; x_wconf 90' lang='lat' dir='ltr'><strong>p.</strong></span> <span class='ocrx_word' id='word_1_933' title='bbox 2146 4970 2173 5013; x_wconf 82' lang='lat'><strong>5</strong></span> <span class='ocrx_word' id='word_1_934' title='bbox 2199 4976 2304 5025; x_wconf 85' lang='lat' dir='ltr'><strong>sqq.</strong></span> <span class='ocrx_word' id='word_1_935' title='bbox 2324 4969 2449 5012; x_wconf 83' lang='lat'><strong>—5.</strong></span> <span class='ocrx_word' id='word_1_936' title='bbox 2471 4960 2564 5012; x_wconf 85' lang='grc' dir='ltr'><strong>Ἦν</strong></span> <span class='ocrx_word' id='word_1_937' title='bbox 2584 4962 2632 5010; x_wconf 80' lang='grc' dir='ltr'><strong>δὲ</strong></span> <span class='ocrx_word' id='word_1_938' title='bbox 2657 4963 2812 5025; x_wconf 80' lang='grc' dir='ltr'>Θρᾷξ]</span> <span class='ocrx_word' id='word_1_939' title='bbox 2832 4961 2906 5012; x_wconf 82' lang='lat' dir='ltr'><strong>ct.</strong></span> <span class='ocrx_word' id='word_1_940' title='bbox 2926 4960 3086 5010; x_wconf 85' lang='lat' dir='ltr'><strong>schol.</strong></span> <span class='ocrx_word' id='word_1_941' title='bbox 3109 4960 3248 5009; x_wconf 82' lang='lat' dir='ltr'><strong>Arist.</strong></span> <span class='ocrx_word' id='word_1_942' title='bbox 3268 4963 3355 5008; x_wconf 77' lang='lat' dir='ltr'><strong>Av.</strong></span> <span class='ocrx_word' id='word_1_943' title='bbox 3374 4961 3457 5007; x_wconf 63' lang='lat'><strong>671</strong></span> <span class='ocrx_word' id='word_1_944' title='bbox 3485 4975 3500 5006; x_wconf 76' lang='grc' dir='ltr'><strong>ε</strong></span> 
     </span>
     <span class='ocr_line' id='line_1_110' title="bbox 1946 5030 3501 5099; baseline -0.005 -17"><span class='ocrx_word' id='word_1_945' title='bbox 1946 5032 2040 5082; x_wconf 80' lang='grc' dir='ltr'><strong>Ἦν</strong></span> <span class='ocrx_word' id='word_1_946' title='bbox 2051 5033 2100 5082; x_wconf 73' lang='grc' dir='ltr'><strong>δὲ</strong></span> <span class='ocrx_word' id='word_1_947' title='bbox 2117 5034 2142 5082; x_wconf 84' lang='grc' dir='ltr'>ό</span> <span class='ocrx_word' id='word_1_948' title='bbox 2159 5033 2371 5089; x_wconf 74' lang='grc' dir='ltr'>Αἴσωπος</span> <span class='ocrx_word' id='word_1_949' title='bbox 2384 5033 2522 5099; x_wconf 72' lang='grc' dir='ltr'>Θρᾲξ·</span> <span class='ocrx_word' id='word_1_950' title='bbox 2537 5032 2821 5095; x_wconf 78' lang='grc' dir='ltr'>ἠλευθερώθη</span> <span class='ocrx_word' id='word_1_951' title='bbox 2832 5032 2878 5080; x_wconf 73' lang='grc' dir='ltr'><strong>ὀὶ</strong></span> <span class='ocrx_word' id='word_1_952' title='bbox 2899 5032 2990 5080; x_wconf 72' lang='grc' dir='ltr'>ὑπὸ</span> <span class='ocrx_word' id='word_1_953' title='bbox 3009 5030 3215 5093; x_wconf 77' lang='grc' dir='ltr'>Ἴδμονος</span> <span class='ocrx_word' id='word_1_954' title='bbox 3228 5034 3312 5078; x_wconf 77' lang='grc' dir='ltr'><strong>τοῦ</strong></span> <span class='ocrx_word' id='word_1_955' title='bbox 3323 5033 3501 5090; x_wconf 60' lang='grc' dir='ltr'>κωφοῦ.</span> 
     </span>
    </p>
   </div>
  </div>
 </body>
</html>
