4016 5916
1684 379 2292 441 NYMPHODORUS.

3458 403 3565 457 381

362 513 771 594 (ἕκθηλῦνεσθαι
820 516 913 571 ed.
959 519 1129 572 Rom.
1159 514 1198 591 ).
1230 510 1305 573 *Ο
1346 511 1435 570 καὶ
1482 511 1666 577 Λυδοῖς
1712 509 1923 590 ὕστερον
2023 514 2456 588 Nymphodorus
2478 513 2613 571 libro
2628 524 2785 573 tertio
2803 519 3184 588 Historiarum,
3210 536 3270 579 et
3287 525 3586 600 Theopom-

363 603 647 682 συμπεσεῖν
679 599 854 680 φασίν.
878 629 901 652 ¹·

444 696 633 750 Mores
659 690 1053 766 AEgyptiorum
1089 689 1148 745 h.
1175 689 1211 745 1.
1254 687 1551 743 memorati
1596 685 1797 741 eodem
1831 704 1925 740 or·

365 782 497 838 dine
516 780 653 854 legis
671 798 760 852 ap.
781 777 1137 833 Herodotum
1155 777 1235 845 11,
1257 773 1328 831 35
1345 794 1457 848 sq.,
1473 774 1573 829 ubi
1586 793 1638 829 v.
1659 773 1919 830 Valcken.

364 870 495 926 coll.
534 866 819 923 Welcker.
874 866 1011 922 Tril.
1059 881 1120 937 p.
1174 862 1309 937 590.
1366 861 1761 936 Nymphodori
1815 878 1928 916 esse

365 956 590 1012 videtur
622 952 772 1008 istud
810 952 881 1007 de
931 948 1167 1007 Sesostri
1208 960 1611 1005 commentum.
1667 949 1927 1004 Ceteriun

365 1051 585 1116 sumpta
604 1040 723 1095 haec
744 1058 811 1094 ex
832 1039 1035 1094 eodem
1047 1036 1201 1093 haud
1230 1036 1402 1092 dubie
1429 1035 1577 1090 libro
1600 1037 1789 1103 tertio,
1812 1052 1927 1106 quo

369 1129 441 1185 de
467 1128 664 1201 Sarapi
691 1144 875 1182 sermo
905 1137 1043 1181 erat.

1105 1239 1200 1276 22.

450 1335 690 1408 Hesych.
723 1353 779 1389 v.
816 1329 1018 1408 Αἰγίς
1066 1349 1081 1389 :
1111 1328 1466 1409 Νυμφόδωρος
1499 1323 1553 1385 δὲ
1582 1326 1672 1385 καὶ
1703 1326 1790 1385 τὸν
1829 1325 1929 1384 θώ-

371 1444 507 1502 ρακα
535 1421 712 1500 αἰγίδα
739 1417 981 1499 λέγεσθαί
1000 1441 1156 1498 φησιν
1180 1417 1278 1476 ὑπὸ
1308 1416 1594 1477 Λακώνων.
1628 1418 1710 1476 Cf.
1735 1418 1928 1492 Steph.

368 1513 526 1568 Thes.
556 1513 606 1584 1,
629 1529 691 1585 p.
724 1510 860 1585 903,
892 1513 956 1567 A.

452 1601 785 1674 Harpocrat.
815 1618 828 1654 t
852 1598 973 1672 Αἰγ
991 1593 1129 1661 ίδας
1152 1592 1367 1653 ἐκάλουν
1388 1590 1456 1650 τὰ
1479 1595 1537 1651 ἐκ
1557 1594 1660 1649 τῶν
1689 1590 1933 1669 στεμμά-

372 1708 474 1742 των
522 1683 703 1743 δίκτυα
724 1708 737 1721 ·
781 1688 1078 1762 Λυκοῦργος
1124 1683 1176 1740 ἐν
1214 1683 1289 1760 τῷ
1328 1678 1450 1760 περὶ
1495 1677 1795 1750 διοικήσεως
1837 1678 1926 1737 καὶ

372 1773 745 1852 Νυμφόδωρος.
791 1770 1071 1852 Ἡρόδοτος
1110 1769 1156 1826 δ’
1210 1769 1263 1826 ἓν
1305 1766 1349 1826 δ’
1393 1764 1584 1835 ταύτας
1628 1766 1782 1848 φησὶν
1832 1767 1933 1825 ὑπὸ

373 1858 582 1920 meduno
604 1858 781 1937 αἴγεας
808 1860 1098 1919 καλεῖσθαι.

455 1946 552 2013 Ὡς
571 1951 865 2026 Λυκοῦργος
885 1944 976 2003 καὶ
992 1943 1287 2025 Ἡρόδοτος.
1306 1943 1373 2003 N.
1396 1942 1439 1999 δ’
1460 1943 1589 2000 cod.
1609 1944 1656 2002 E
1674 1962 1690 2014 3
1708 1942 1797 1999 καὶ
1813 1939 1932 2020 Ἧρ.

378 2037 430 2093 ἐν
446 2034 512 2106 δ’,
534 2037 603 2094 Ν.
627 2035 670 2091 δ’
690 2037 922 2109 reliqui3
945 2035 1284 2110 transposuit
1310 2035 1641 2089 Maussacus.
1671 2031 1933 2087 Herodo-

377 2135 465 2179 tus
491 2127 590 2199 lv,
628 2122 737 2200 189
764 2140 779 2181 :
809 2124 868 2179 ἐκ
898 2123 1000 2179 τῶν
1035 2116 1223 2199 αἰγέων
1248 2117 1469 2178 τουτέων
1494 2116 1697 2195 αἰγίδας
1736 2118 1784 2175 οῖ
1805 2114 1936 2175 Ἔλ-

377 2212 527 2281 ληνες
552 2209 952 2286 μετωνόμασαν.
981 2242 1059 2253 -
1087 2235 1111 2261 κ
1137 2206 1289 2287 Αἰγὶς
1304 2253 1319 2280 ,
1344 2211 1486 2263 Rete
1517 2217 1843 2263 contextum
1878 2206 1937 2263 ἐκ

385 2299 716 2376 στεμμάτων,
740 2302 926 2374 inquit
944 2300 1180 2373 DionyS.
1207 2317 1297 2373 ap.
1315 2298 1561 2354 Eustath.
1587 2296 1669 2371 (p.
1701 2295 1839 2364 603,
1869 2293 1934 2351 15

378 2389 530 2464 sqq.)
559 2388 717 2444 Idem
745 2387 917 2443 tradit
942 2386 1151 2443 ibidem
1180 2387 1492 2454 Pausanias,
1515 2383 1725 2439 addens
1746 2402 1858 2439 esse
1880 2380 1938 2438 τὸ

381 2477 438 2533 ἐκ
476 2472 790 2551 στεμμάτων
827 2471 1064 2552 πλέγμα.
1105 2475 1214 2531 Sed
1249 2493 1372 2548 quae
1396 2492 1483 2529 res
1508 2473 1577 2528 sit
1612 2471 1935 2543 hujusmodi

383 2561 517 2638 αἰγὶς
531 2566 627 2631 ‚ait
659 2565 830 2631 Eust.,
857 2574 1049 2637 aperte
1067 2581 1187 2617 non
1209 2559 1612 2637 significarunt.
1630 2560 1939 2616 Verisimile

382 2662 461 2706 est
492 2663 677 2705 autem
708 2650 1033 2723 hujusmodi
1069 2646 1347 2725 στέμματα
1376 2667 1490 2703 esse
1513 2649 1700 2717 lanea3
1731 2657 1785 2702 et
1815 2666 1937 2720 quae

383 2755 450 2792 ex
473 2738 535 2792 iis
553 2748 812 2792 contexta
832 2748 989 2793 erant
1003 2778 1020 2807 ,
1050 2755 1169 2793 non
1190 2755 1252 2792 re
1278 2739 1395 2810 ipsa
1419 2735 1579 2791 fuisse
1602 2736 1741 2790 retia
1760 2735 1942 2809 pisca·-

385 2826 551 2893 toria,
578 2825 677 2879 sed
712 2825 965 2898 quaedam
996 2822 1305 2901 αἰγιδοειδῆ,
1331 2823 1548 2899 AEgidis
1578 2822 1813 2878 sormam
1832 2823 1937 2878 ha-

381 2912 590 2971 bentia.
616 2937 641 2963 n
664 2913 852 2988 Steph.
876 2914 1036 2972 Thes.
1059 2914 1105 2985 1,
1125 2931 1185 2990 p.
1207 2918 1318 2987 904
1347 2915 1414 2969 A.
1444 2912 1795 2970 —Ceterum
1822 2911 1941 2967 haec

384 3019 451 3055 ex
482 3018 550 3056 eo
574 3002 749 3075 petita
778 3000 985 3056 suerint
1014 3001 1165 3069 loc0,
1187 3001 1287 3055 ubi
1317 3000 1388 3054 de
1410 3000 1653 3073 Libyum
1683 2997 1943 3074 Νομίμοις

385 3105 577 3143 sermo
607 3099 746 3145 erat.
777 3088 993 3143 Eodem
1019 3090 1306 3161 pertinent
1341 3089 1648 3161 sequentia.

1098 3189 1238 3267 (23.)

2010 619 2119 674 pus
2162 601 2299 656 libro
2354 603 2624 675 XXVII,
2685 606 2965 680 Gorgones
3011 626 3121 663 non
3160 627 3581 682 squammarum

2017 693 2282 761 anguium
2301 694 2466 764 spiris
2492 696 2686 766 capita
2710 691 2972 748 habuisse
2995 696 3268 768 implicita
3284 740 3297 764 ,
3336 701 3442 754 sed
3458 707 3584 774 ipsa

2018 783 2209 852 capita
2224 775 2417 849 fuisse
2442 780 2748 835 draconum
2775 799 3182 856 squamos-orum
3204 787 3501 861 dentesque
3528 795 3587 844 in

2019 885 2223 921 morene
2244 885 2503 940 aprorum
2528 868 2781 924 habuisse
2795 912 2807 936 ,
2839 888 2908 924 ac
2921 872 3135 926 oculum
3148 912 3167 939 ,
3193 874 3447 946 singulas
3464 896 3588 931 ma-

2018 973 2122 1009 nus
2132 950 2362 1025 ferreas
2384 957 2616 1030 alasque
2629 997 2649 1023 ‚
2682 958 2873 1031 quibus
2910 961 3186 1018 volarent.

2099 1043 2276 1098 Petita
2295 1041 2413 1098 haec
2437 1044 2616 1102 videri
2630 1047 2843 1118 possint
2860 1064 2891 1101 e
2911 1048 3088 1106 schol.
3115 1047 3365 1122 AEschyli
3386 1052 3578 1109 Prom.

2022 1148 2134 1204 792
2166 1149 2181 1185 z
2209 1117 2369 1206 Εἶχον
2397 1130 2419 1207 (
2443 1132 2499 1187 αἰ
2541 1129 2834 1240 Γοργόνες)
2873 1117 2963 1190 {eat
2992 1124 3149 1191 αὗται
3177 1132 3265 1192 ἕνα
3295 1135 3584 1214 ὀφθαλμὸν,

2019 1214 2197 1295 ὥσπερ
2223 1218 2277 1275 αἱ
2303 1217 2589 1297 Φορκίδες,
2614 1241 2747 1289 ησαν
2772 1219 2826 1277 δὲ
2853 1219 2942 1279 καὶ
2969 1220 3231 1303 πτερωταὶ
3250 1270 3266 1295 ,
3294 1222 3384 1280 καὶ
3406 1223 3589 1304 τρίχας

2021 1302 2294 1384 δράκοντος
2313 1304 2542 1385 ἔχουσαι.
2569 1297 2729 1386 Εἶχον
2751 1306 2806 1366 δὲ
2825 1307 2915 1367 καὶ
2936 1312 3073 1368 συῶν
3097 1310 3338 1388 μεγάλων
3363 1310 3589 1385 ὀδόντας,

2028 1393 2205 1471 χεῖρας
2223 1396 2425 1473 χαλκᾶς
2443 1393 2534 1452 καὶ
2553 1394 2812 1475 πτέρυγας
2831 1386 2911 1463 αἶς
2931 1395 3189 1457 ἐπέτοντο.
3212 1431 3287 1442 --
3303 1403 3364 1456 H
3363 1406 3585 1476 istorioe,

2030 1500 2166 1555 quas
2209 1484 2417 1538 Natalis
2472 1485 2640 1556 dicit,
2683 1496 2812 1541 sunt
2862 1481 3084 1560 Νόμιμα
3144 1484 3443 1565 βαρόαρικά
3459 1529 3476 1558 ,
3522 1508 3588 1544 ac

2026 1570 2171 1625 bene
2192 1570 2435 1643 quadrat
2454 1573 2586 1628 libri
2611 1591 2907 1642 numerus,
2934 1591 3110 1646 quum
3139 1574 3338 1629 eodem
3361 1577 3418 1629 in
3439 1576 3587 1632 libro

2027 1668 2084 1712 et
2127 1658 2525 1732 AEgyptiorum
2566 1669 2621 1715 et
2656 1661 2900 1733 Libyum
2947 1662 3196 1717 instituta
3231 1663 3434 1718 tradita
3476 1682 3590 1719 esse

2025 1745 2324 1887 {tl-,obabile
2376 1749 2462 1805 sit.
2521 1749 2730 1822 Peripli
2787 1749 3110 1823 fragmentis
3160 1751 3346 1805 locum
3396 1753 3591 1807 tribuit

2115 1842 2215 1887 ert.

2759 1955 2850 2011 23.

2107 2098 2315 2153 Plinius
2353 2100 2423 2155 H.
2471 2099 2544 2156 N.
2576 2099 2716 2167 vll,
2751 2117 2807 2166 2,
2859 2117 2921 2172 p.
2959 2096 2990 2151 5
3020 2100 3199 2154 Tclin.
3247 2119 3260 2153 ε
3293 2104 3365 2155 In
3394 2102 3590 2156 eadem

2028 2185 2227 2257 Africa
2229 2187 2501 2258 familias
2518 2186 2788 2260 quasdam
2811 2182 3269 2257 effascinantium
3287 2231 3301 2256 ,
3334 2191 3591 2262 Isigonus

2026 2286 2084 2329 et
2097 2272 2522 2348 Nymphodorus
2543 2294 2562 2327 .-
2583 2292 2807 2348 quorum
2832 2275 3154 2329 laudatione
3173 2279 3446 2330 intereant
3458 2296 3589 2350 pm·

2029 2360 2189 2426 bata,
2225 2373 2482 2415 arescant
2506 2358 2759 2429 arbores,
2801 2366 3144 2416 emoriantur
3164 2359 3430 2431 infantes.
3457 2364 3591 2418 Esse

2027 2450 2270 2519 ejusdem
2299 2454 2514 2525 generis
2552 2454 2610 2504 in
2650 2450 2915 2505 Triballis
2947 2461 3004 2504 et
3021 2452 3062 2504 I
3060 2452 3233 2519 [bv-iis
3252 2452 3456 2522 adjicit
3473 2454 3591 2506 Isi-

2025 2554 2219 2609 gonus.
2244 2537 2640 2610 Nymphodori
2654 2538 2867 2593 mentio
2884 2554 2952 2592 ex
2969 2539 3188 2611 scriptis
3204 2539 3412 2612 Isigoni
3423 2535 3594 2593 fluxe-

2029 2626 2121 2682 rit.
2156 2624 2236 2682 De
2255 2643 2317 2680 re
2340 2625 2410 2680 cf.
2442 2626 2739 2699 Phylarch.
2771 2625 2837 2682 fr.
2866 2623 2941 2679 68
2972 2635 3027 2680 et
3053 2627 3325 2681 Damonis
3351 2626 3423 2680 fr.
3459 2645 3516 2683 α.

2107 2711 2549 2785 Nymphodorus
2580 2730 2667 2786 ap.
2690 2712 3285 2784 Plinium0recensetur
3307 2713 3473 2767 etiam
3499 2713 3592 2766 in-

2033 2811 2119 2855 ter
2157 2811 2413 2855 auctores
2442 2799 2574 2856 libr.
2619 2803 2686 2868 V,
2715 2799 3009 2867 XXXIII,
3038 2800 3312 2867 XXXIV,
3345 2799 3589 2858 XXXV.

2032 2889 2167 2958 Quae
2179 2905 2316 2942 vero
2332 2904 2402 2943 ex
2417 2905 2485 2942 eo
2499 2886 2878 2942 citanturlibr.
2890 2887 3155 2954 XXXIV,
3171 2905 3214 2942 s.
3232 2885 3328 2956 23,
3340 2886 3594 2960 produnt
3705 2899 3714 2910 ·

2035 2994 2151 3032 esse
2180 2975 2462 3031 medicum
2480 3017 2496 3044 ,
2524 2994 2552 3029 a
2573 2986 2767 3030 nostro
2791 2977 3065 3049 scriptore
3105 2975 3390 3031 diversum
3408 3019 3423 3044 ,
3453 2993 3590 3029 eun-

2035 3063 2163 3119 dem
2194 3082 2354 3137 ver0,
2385 3075 2549 3137 pum,
2580 3062 2737 3135 cujus
2768 3063 3022 3117 meminit
3050 3062 3291 3118 Galenus
3323 3071 3456 3117 tom.
3495 3064 3591 3131 lv,

2034 3169 2095 3225 p.
2126 3149 2239 3206 653
2268 3161 2324 3207 et
2349 3152 2535 3208 Celsus
2551 3151 2689 3206 VIII
2708 3191 2724 3219 ‚
2756 3168 2850 3208 ao.
2878 3149 3354 3222 Nymphodorum
3382 3150 3484 3222 qui
3506 3150 3592 3204 De

2037 3238 2545 3294 machinationibus
2579 3238 2824 3311 scripsit,
2851 3236 3026 3292 habes
3047 3255 3139 3311 ap.
3169 3238 3389 3294 vitruv.
3430 3234 3592 3309 praes.

467 3323 594 3379 Nat.
624 3322 781 3378 Gom.
812 3322 992 3395 Myth.
1031 3322 1133 3377 v11
1146 3364 1163 3395 ‚
1203 3340 1270 3376 ια
1323 3341 1337 3376 :
1378 3322 1671 3377 Memorioe
1689 3320 1946 3394 prodidit
2036 3343 2094 3398 p.
2128 3344 2184 3395 7.

390 3484 635 3549 Bimmodi
660 3485 800 3548 igitur
818 3486 1029 3537 moribus
1045 3500 1245 3550 corpora
1266 3499 1434 3536 eorum
1451 3485 1782 3544 assuefacien5‚
1805 3483 1946 3532 simul

390 3563 536 3613 etiam
549 3563 733 3612 animos
750 3576 800 3613 se
821 3563 1204 3614 effeminatorum
1221 3563 1423 3627 putavit.
1472 3563 1605 3613 Idem
1623 3563 1785 3625 postea
1802 3560 1946 3611 etiam

392 3639 534 3704 Lydis
549 3639 775 3690 accidisse
790 3640 942 3691 aiunt.
965 3660 990 3684 ω

391 3803 823 3932 ἀηΝγιιψΙιΜοι-ιιε
858 3801 1002 3854 etia-u
1038 3722 1281 3855 thaz-..em
1318 3800 1476 3864 αἰγίδα
1509 3814 1538 3849 a
1575 3797 1946 3851 lacedaemoniis

428 3883 438 3894 '
469 3882 483 3931 i
514 3883 598 3932 ait.

2101 3488 2288 3551 AEgides
2320 3487 2546 3538 dixerunt
2577 3488 2695 3537 retia
2716 3500 2779 3536 ex
2812 3486 2976 3536 infulis
3012 3498 3163 3546 nexa,
3187 3487 3241 3534 ut
3275 3488 3519 3545 Lycurgus
3546 3485 3595 3533 et

2039 3567 2421 3630 Nymphodorus.
2475 3566 2746 3619 Herodotus
2780 3578 2895 3617 vero
2938 3565 3060 3615 libro
3094 3565 3267 3626 quarto
3305 3574 3387 3611 eas
3436 3562 3596 3623 αῐγεας

2036 3645 2263 3708 appellari
2284 3658 2313 3695 a
2338 3644 2547 3708 Libybus
2573 3644 2732 3694 refert.
