4016 5916
426 444 496 492 76

424 562 525 621 τὼν
551 554 813 638 μυστήρια
867 554 895 580 “
942 552 1029 611 διὰ
1053 551 1112 610 τὸ
1136 548 1385 630 πρότερον
1406 544 1697 603 ἀκόλαστον
1716 542 1840 601 ὄντα
1856 585 1875 617 ,
1902 539 1986 599 νύ·

427 671 567 729 κτωρ
589 644 913 722 κωμάσαντα
928 684 944 714 ,
963 637 1184 718 θραῦσαί
1203 659 1252 695 τι
1271 639 1373 694 τῶν
1393 632 1715 713 ἀγαλμάτων
1735 634 1825 690 τοῦ
1849 632 1986 700 θεοῦ,

429 738 516 796 καὶ
537 727 932 811 εἰσαγγελθέντα
949 772 966 801 ,
991 725 1169 795 ἐπειδὴ
1189 726 1283 783 οὐκ
1306 721 1574 794 ἠὸουλήθη
1590 765 1607 794 ,
1630 718 1687 778 ὃν
1708 715 1917 798 ἐξῄτουν
1941 717 1989 774 οἱ

429 821 708 898 κατήγοροι
721 863 738 891 ,
760 817 938 877 δοῦλον
963 814 1231 886 ἐκδοῦναι,
1251 810 1598 885 διαόληθῆναι
1611 853 1627 881 ,
1641 805 1734 865 καὶ
1754 803 1882 885 πρὸς
1896 802 1992 873 τὴν

435 909 603 969 αἰτίαν
633 911 725 978 τῆς
750 901 989 983 δευτέρας
1008 904 1211 981 γραφῆς
1237 898 1471 956 ὕποπτον
1491 894 1757 972 γενέσθαι·
1786 892 1850 963 ἣν
1873 891 1991 968 μετ’

434 1001 491 1058 οὗ
512 993 673 1055 πολὺν
700 991 885 1073 χρόνον
906 995 997 1048 τοῦ
1028 987 1115 1046 ἐπὶ
1143 984 1388 1047 Σικελίαν
1422 985 1606 1042 στόλου
1632 978 1825 1050 συνέὸη
1852 975 1995 1056 γενέ-

438 1091 578 1145 σθαι.
624 1077 908 1161 Κορινθίων
955 1073 1355 1154 εἰσπεμψάντων
1394 1072 1452 1102 ⁴*
1475 1068 1774 1134 Λεοντίνους
1813 1088 1868 1124 τε
1906 1063 1997 1124 καὶ

440 1168 776 1250 Αἰγεσταίους
806 1165 996 1245 ἄνδρας
1040 1162 1173 1241 ἰδία,
1220 1158 1515 1237 μελλόντων
1563 1160 1770 1236 βοηθεῖν
1825 1154 1998 1217 αὐτοῖς

437 1263 540 1318 τῶν
585 1253 866 1329 Ἀθηναίων
882 1296 899 1325 ,
928 1250 1132 1330 νύκτωρ
1155 1246 1273 1315 τοὺς
1297 1245 1418 1327 περὶ
1443 1245 1539 1317 τὴν
1565 1242 1758 1324 ἀγορὰν
1794 1239 2001 1320 Ἑρμᾶς

440 1345 787 1425 περιέκοψαν,
828 1342 898 1407 ὡς
929 1333 1234 1418 Κράτιππός
1271 1357 1397 1415 φησι
1426 1331 1580 1415 [τρος
1620 1326 1868 1409 ἁμαρτὼν
1900 1350 2000 1404 μυ-

359 1467 367 1479 ·
443 1431 677 1514 στήρια]
701 1429 891 1511 κριθεὶς
912 1425 1000 1485 ἐπὶ
1037 1424 1230 1491 τούτοις
1258 1419 1518 1504 ἀπέφυγεν
1539 1419 1626 1480 ἐπὶ
1649 1421 1724 1500 τῷ
1753 1416 2000 1495 μηνύσειν

442 1522 559 1588 τοὺς
602 1520 922 1583 ἀδικοῦντας.

524 1615 659 1685 Quae
684 1610 747 1667 h.
785 1608 826 1662 l.
853 1623 886 1665 e
918 1593 1195 1678 Cratippo
1222 1602 1544 1659 afferuntur
1584 1600 1646 1654 in
1680 1608 1896 1652 textum
1926 1595 2003 1649 ir·

446 1706 747 1773 repserunt
797 1713 829 1750 e
892 1692 1113 1750 scholio
1165 1691 1411 1765 margini
1457 1687 1765 1760 adscripto.
1820 1682 2010 1739 Verba

449 1806 565 1865 τρος
614 1778 863 1861 ἁμαρτὼν
909 1773 1173 1856 μυστήρια
1216 1778 1466 1855 repetita·
1497 1784 1627 1830 sunt
1655 1791 1726 1828 ex
1770 1773 1839 1827 iis
1884 1790 2008 1844 quae

451 1871 778 1949 praecedunt
803 1867 1163 1944 parenthesin
1201 1883 1217 1920 ε
1254 1860 1555 1940 Δήμη]τρος
1591 1859 1685 1936 ἅμ.
1726 1854 2007 1935 μυστήρια.

453 1965 727 2017 Praeterea
752 1960 938 2031 ipsum
963 1954 1239 2011 scholium
1266 1970 1531 2008 mancum
1554 1961 1671 2019 est;
1699 1966 1830 2003 nam
1862 1948 1964 2001 ista
1992 1964 2007 2000 ε

461 2043 738 2127 Κορινθίων
756 2038 1154 2121 εἰσπεμψάντων
1177 2036 1483 2104 Λεοντίνους
1510 2036 1630 2096 κτλ.
1653 2055 1876 2092 sensum
1894 2053 2016 2089 non

455 2135 724 2192 fundunt.
757 2135 894 2206 Quae
923 2130 1127 2186 debeat
1154 2147 1267 2185 esse
1294 2128 1570 2184 sententia
1598 2144 1670 2181 ex
1709 2124 2014 2180 Plutarcho

456 2227 651 2299 liquet,
680 2223 780 2297 qui
809 2222 872 2277 in
890 2221 1017 2278 vita
1045 2217 1234 2276 Alcib.
1260 2236 1312 2272 c.
1356 2216 1424 2272 18
1451 2215 1626 2271 hahet
1646 2207 1903 2289 εἘλέχθη
1921 2205 2015 2287 μὲν

459 2303 572 2383 οὗν,
586 2307 666 2367 ὅτι
681 2306 939 2387 Κορίνθιοι
962 2302 1048 2364 διὰ
1062 2306 1178 2371 τοὺς
1193 2298 1575 2383 Συρακουσίους
1592 2296 1835 2365 ἀποίκους
1848 2296 2031 2370 ὄντας,

459 2400 529 2464 ὡς
562 2393 879 2474 ἐπισχέσεως
904 2390 1155 2471 ἐσομένης
1189 2389 1315 2470 πρὸς
1344 2391 1445 2447 τῶν
1473 2384 1721 2457 οἰωνῶνῆ
1748 2382 2021 2463 μεταγνώ-

463 2508 592 2551 σεως
622 2489 711 2543 τοῦ
756 2478 1017 2559 πολέμου,
1061 2485 1230 2538 ταῦτα
1272 2476 1538 2558 δράσειαν.
1571 2477 1656 2535 Cf.
1703 2475 1894 2533 Schol.
1943 2474 2018 2530 ad

462 2573 756 2648 Aristoph.
781 2569 1126 2642 Thesmoph.
1166 2573 1337 2640 1094,
1382 2567 1497 2621 sive
1528 2565 1917 2639 Philochorus·
1945 2562 2019 2621 fr.

472 2680 495 2716 ι
514 2679 600 2716 ιο.
631 2661 783 2716 Hinc
810 2658 1272 2713 Westermannus
1323 2654 1386 2707 in
1413 2653 1589 2728 Βιογρ.
1621 2669 1682 2724 p.
1731 2650 1867 2719 238,
1891 2669 1951 2704 n.
1979 2651 2018 2704 l.

464 2750 736 2821 scriptum
766 2745 939 2799 fuisse
969 2753 1158 2798 censet
1184 2742 1339 2796 hunc
1362 2739 1479 2795 sere
1505 2740 1566 2793 in
1593 2737 1830 2793 modum
1865 2757 1879 2792 ι
1913 2738 2023 2795 Ko-

469 2831 669 2910 ρινθίων
717 2825 1108 2905 εἰςπεμψάντων
1135 2824 1290 2904 [τοὺς
1325 2824 1608 2902 δράσοντας
1635 2821 1721 2881 διὰ
1757 2820 1875 2889 τοὺς
1920 2826 2024 2883 Συ-

464 2916 771 2999 ρακουσίους
799 2913 1046 2981 ἀποίκους
1074 2912 1240 2980 ὄντας.
1295 2903 1433 2972 οὗτοι
1454 2902 1564 2984 οἶν,
1600 2914 1702 2971 τῶν
1731 2913 1784 2971 ἐν
1812 2910 2027 2992 Σικελίᾳ

467 3005 739 3076 Ἐλλήνων
767 3002 867 3062 ὑπὸ
895 3004 997 3060 τῶν
1034 2999 1400 3081 Συρακουσίων
1433 3002 1609 3062 κακῶς
1657 2999 2022 3073 διατεθέντων,

469 3093 588 3173 περὶ
616 3089 852 3171 βοηθείας
889 3087 944 3146 δὲ
978 3085 1335 3168 πεμψάντων]
1357 3086 1644 3147 Λεοντίνων
1662 3110 1717 3145 τε
1748 3087 1836 3146 καὶ
1862 3091 2026 3167 Αἰγε-

470 3179 663 3241 σταίων
693 3180 882 3258 ἄνδρας
902 3175 1029 3256 ἰδία,
1056 3177 1173 3237 κτλ.

550 3274 637 3327 De
677 3270 766 3326 his
803 3266 1113 3324 disserendi
1154 3268 1503 3323 occasionem
1542 3267 1842 3341 praebuisse
1877 3269 2032 3324 Alci-

471 3358 699 3415 biadem
736 3368 866 3432 post
908 3354 1153 3410 reditum
1197 3372 1231 3410 a
1269 3355 1651 3412 mutilatorum
1697 3356 2033 3411 Hermarum

476 3445 994 3519 conjurationisque
1047 3443 1281 3498 crimine
1324 3459 1381 3497 se
1434 3458 1806 3515 purgaturum
1851 3443 2031 3518 (Xen.

477 3534 628 3592 Heu.
660 3535 720 3603 1,
745 3539 803 3602 4,
841 3530 941 3606 13)
968 3530 1280 3605 suspicatur
1303 3530 1598 3602 Kriigerus
1627 3527 1668 3586 l.
1703 3527 1740 3582 1.

554 3614 828 3668 Praeterea
850 3611 1148 3684 Cratippus
1172 3603 1395 3664 duobus
1412 3605 1673 3662 laudatur
1695 3608 1863 3678 locis,
1888 3626 2037 3681 quo-

478 3717 606 3755 rum
645 3699 786 3755 alter
830 3696 903 3753 de
952 3698 1128 3753 causis
1168 3707 1277 3766 est,
1323 3713 1425 3751 cur
1475 3694 1864 3768 imperfectum
1887 3714 2039 3772 ‘opus

480 3785 835 3860 Thucydides
861 3785 1187 3857 reliquerit,
1212 3784 1354 3840 alter
1375 3782 1446 3838 de
1474 3783 1737 3855 regione,
1767 3783 1866 3837 uhi
1886 3782 2039 3838 diem

480 3876 725 3949 scriptor
753 3872 979 3929 obierit.

478 4067 602 4104 cana
616 4052 803 4105 cereris
820 4052 1098 4116 vuigassent
1116 4049 1277 4115 (quod
1305 4050 1345 4101 is
1363 4050 1510 4100 homo
1527 4050 1706 4113 alioqui
1724 4049 2047 4113 intemperans

484 4135 632 4184 noctu
649 4145 736 4196 per
758 4130 1154 4182 comessationem
1172 4128 1430 4192 aliquando
1444 4129 1690 4192 quandam
1714 4128 1935 4180 Mercurii
1955 4129 2045 4178 fre·

485 4210 626 4274 gisset
654 4211 866 4260 statuam
899 4226 914 4258 ε
942 4209 993 4258 et
1030 4220 1182 4270 quum
1222 4219 1415 4257 servum
1437 4219 1576 4268 eum,
1600 4219 1745 4270 quem
1776 4208 1960 4256 actoroe
1983 4204 2048 4254 ad

487 4286 805 4350 quatientem
839 4284 1187 4347 exposcebant,
1221 4283 1396 4334 dedere
1416 4282 1670 4344 noluisset,
1693 4283 1819 4350 male
1837 4296 1896 4332 ex
1921 4295 1977 4332 ea
1996 4295 2049 4331 re

488 4366 693 4428 audiret,
718 4366 879 4428 itaque
894 4363 1108 4415 secundo
1124 4349 1628 4415 crimlni'oocasionem
1648 4361 1894 4413 exhiberet
1912 4374 2049 4424 :qum

491 4444 724 4506 posterior
745 4442 872 4493 actio
902 4441 1133 4492 adversus
1150 4455 1262 4492 eum
1293 4442 1516 4504 suscepta
1550 4442 1624 4490 est
1658 4452 1809 4503 parvo
1834 4442 2051 4502 tempore

491 4522 554 4570 ab
571 4521 873 4584 expeditione
897 4520 1062 4571 clamis
1092 4520 1143 4569 in
1161 4520 1369 4570 Siciliam
1401 4520 1464 4568 ab
1493 4517 1858 4569 Atheniensibus
1873 4518 2047 4568 missae.

495 4597 684 4647 Etenim
702 4599 819 4648 cori
831 4596 952 4646 nthii
968 4597 1021 4646 in
1048 4597 1217 4647 urbem
1249 4596 1556 4657 induxerant,
1575 4594 1693 4661 [qui
1707 4596 1896 4646 hermas
1911 4597 2051 4645 trun·

493 4675 688 4737 carent,
742 4675 938 4736 propter
973 4676 1296 4736 Syracusanos
1329 4674 1543 4737 ipsorum
1580 4673 1802 4734 colonos3
1838 4673 1887 4722 hi
1924 4673 2052 4722 enim

495 4763 650 4814 quum
691 4749 900 4812 reliquos
929 4749 1103 4800 sicilia
1125 4754 1322 4801 Gra-cos
1354 4752 1704 4814 opprimerent,
1729 4753 1778 4801 et
1805 4753 2056 4813 propterea

501 4826 722 4877 Leontini
759 4829 810 4875 et
831 4825 1072 4887 Segestani
1108 4826 1344 4887 auxilium
1369 4831 1539 4878 contra
1577 4841 1661 4878 eos
1699 4827 2053 4878 Atheniensium

500 4906 827 4968 implorarent,
853 4902 1164 4954 Athenienses
1196 4917 1308 4955 vero
1327 4907 1427 4968 jam
1461 4906 1746 4970 opitulaturi
1778 4905 1835 4956 iis
1859 4908 2052 4956 essent:

501 4986 606 5032 tum
624 4980 858 5033 Corinthii
881 4995 984 5032 rem
1013 4981 1289 5045 impedituri
1323 4987 1468 5034 noctu
1499 4984 1792 5046 Mercurios,
1821 4984 1905 5048 qui
1928 4984 2057 5047 apud

503 5059 661 5108 torum
716 5060 853 5107 erant
878 5058 1128 5118 collocati,
1176 5059 1548 5123 mutilaverunt,
1585 5063 1641 5110 ut
1674 5061 1742 5110 ait
1773 5061 2056 5124 cratippus)

502 5134 566 5184 ob
582 5133 688 5183 haec
707 5134 754 5182 in
769 5133 1004 5196 judicium
1023 5137 1293 5198 pertractus
1319 5140 1392 5186 est
1405 5152 1426 5199 ,·
1440 5137 1693 5188 absolutus
1715 5142 1905 5200 tamen,
1925 5139 2057 5202 qu'od

503 5212 740 5273 professus
756 5213 830 5261 est
844 5225 895 5262 se
913 5211 1124 5262 criminis
1142 5214 1360 5262 auctores
1383 5212 1724 5263 indicaturum.

1850 409 2212 473 CRATIPPI

2828 584 2882 623 2.

2160 720 2392 790 Dionys.
2418 713 2599 770 Halic.
2625 716 2716 769 De
2734 713 2911 768 Thuc.
2939 731 2988 769 c.
3024 710 3091 766 16
3123 729 3136 764 τ
3173 705 3355 767 Πολλὰ
3378 706 3470 765 καὶ
3501 706 3639 765 ἄλλα

2082 829 2170 872 τις,
2187 802 2248 862 ἂν
2273 800 2409 881 εὕροι
2434 801 2499 858 δι’
2524 799 2649 869 ὅλης
2675 801 2762 868 τῆς
2784 794 3016 875 ἱστορίας
3056 793 3090 865 ἢ
3115 798 3205 865 τῆς
3239 792 3403 874 ἄκρας
3427 793 3644 874 ἐξεργα-

2085 892 2202 959 σίας
2242 885 2567 969 τετυχηκότα
2607 884 2698 943 καί
2729 883 2862 962 μήτε
2908 880 3184 963 πρόσθεσιν
3222 881 3481 960 δεχόμενα
3511 882 3638 958 μήτ’

2085 964 2390 1059 ἆφαίρεσιν,
2430 970 2466 1044 ἢ
2496 971 2740 1056 ῥαθύμως
2769 966 3249 1050 ἐπιτετροχασμένα
3277 967 3368 1025 καὶ
3398 966 3517 1026 οὐδὲ
3544 966 3639 1038 τὴν

2087 1064 2368 1145 ἐλαχίστην
2394 1060 2618 1143 ἔμφασιν
2647 1057 2836 1139 ἔχοντα
2859 1061 2953 1128 τῆς
2982 1053 3268 1128 δεινότητος
3286 1054 3515 1129 ἐκείνης,
3542 1055 3645 1132 μά-

2086 1156 2242 1213 λιστα
2271 1151 2317 1208 δ’
2342 1151 2393 1208 ἐν
2423 1149 2537 1215 ταῖς
2565 1144 2907 1225 δημηγορίαις
2940 1142 3030 1201 καὶ
3057 1144 3111 1201 ἐν
3129 1151 3243 1211 ’τοῖς
3271 1143 3533 1219 διαλόγοις
3553 1144 3647 1202 καὶ

2090 1240 2141 1297 ἐν
2181 1244 2295 1303 ταῖς
2339 1236 2522 1301 ἄλλαις
2565 1232 2872 1315 ῥητορείαις.
2917 1219 3028 1289 Ὧν
3068 1226 3444 1308 προνοούμενος
3484 1228 3648 1288 ἔοικεν

2091 1325 2251 1396 ἀτελῆ
2288 1322 2381 1394 τὴν
2416 1321 2648 1401 ἱστορίαν
2676 1321 3016 1391 καταλιπεῖν,
3057 1319 3129 1385 ὡς
3155 1315 3247 1375 καὶ
3275 1316 3586 1397 Κράτιππος
3621 1322 3652 1377 δ

2091 1409 2432 1487 συνακμάσας
2471 1409 2615 1489 αὐτῷ
2661 1405 2751 1466 καὶ
2794 1404 2860 1465 τὰ
2900 1403 3321 1487 παραλειφθέντα
3356 1407 3444 1463 ὑπ’
3491 1408 3650 1465 αὖτοῧ

2094 1494 2401 1576 συναγαγὼν
2428 1493 2717 1578 γέγραφεν,
2755 1494 2813 1552 οὗ
2863 1491 3016 1569 μόνον
3054 1493 3167 1560 ταῖς
3206 1490 3455 1573 πράξεσιν
3491 1493 3655 1563 αὐτὰς

2095 1584 2335 1664 ἐμποδὼν
2400 1587 2671 1661 εγενῆσθαι
2699 1580 2864 1661 λέγων
2880 1626 2898 1655 ,
2945 1580 3081 1640 ἀλλὰ
3110 1579 3200 1640 καὶ
3232 1589 3338 1648 τοῖς
3377 1579 3654 1641 ἀκούουσιν

2094 1672 2324 1754 ὀχληρὰς
2352 1609 2504 1731 εἶναι.
2537 1668 2713 1731 Τοῦτό
2738 1674 2800 1749 γέ
2825 1690 2904 1727 τοι
2928 1666 3145 1727 συνέντα
3176 1666 3331 1727 αὐτὸν
3362 1670 3414 1727 ἐν
3440 1675 3546 1736 τοῖς
3568 1692 3658 1728 τε-

2095 1760 2348 1827 λευταίοις
2373 1763 2466 1831 τῆς
2486 1757 2716 1837 ίστορίας
2743 1755 2868 1838 φησὶ
2889 1754 3151 1833 μηδεμίαν
3179 1754 3331 1823 τάξαι
3357 1755 3657 1837 ῥητορείαν,

2098 1851 2303 1909 πολλῶν
2333 1845 2426 1927 μὶν
2459 1844 2598 1905 κατὰ
2621 1844 2716 1917 τὴν
2764 1843 2966 1905 Ἰωνίαν
3006 1843 3325 1923 γενομένων,
3370 1848 3582 1905 πολλῶν
3612 1848 3659 1905 δ’

2102 1939 2154 1996 ἐν
2202 1939 2316 2003 ταῖς
2362 1933 2630 2007 Ἀθήναις,
2680 1931 2778 1991 ὅσα
2824 1929 2910 1990 διὰ
2964 1931 3133 2010 λόγων
3174 1931 3266 1990 καὶ
3321 1934 3661 2012 δημηγοριῶν

2101 2025 2356 2106 ἐπράχθη.
2388 2020 2460 2094 Εἴ
2481 2020 2543 2102 γέ
2566 2044 2646 2081 τοι
2671 2018 2765 2092 τὴν
2793 2018 3006 2100 πρώτην
3030 2019 3122 2079 καὶ
3142 2019 3235 2091 τὴν
3259 2020 3445 2099 ὀγδόην
3478 2021 3662 2101 βίὸλον

2104 2109 2559 2193 ἀντιπαρεξετάζοι
2577 2133 2651 2176 τις
2675 2105 2952 2180 ἀλλήλαις,
2971 2107 3088 2167 οὔτε
3105 2112 3197 2180 τῆς
3222 2110 3378 2180 αὐτῆς
3402 2109 3464 2167 ἃν
3484 2133 3666 2190 προαι-

2108 2199 2296 2283 ρέσεως
2325 2198 2516 2268 δόξειεν
2564 2195 2858 2278 ἀμφοτέρας
2901 2195 3154 2276 ὑπάρχειν
3191 2194 3311 2255 οὔτε
3359 2201 3451 2268 τῆς
3498 2200 3664 2268 αὐτῆς

2107 2288 2388 2366 δυνάμεως.
2426 2276 2499 2347 ‘'ss
2546 2284 2640 2363 μὲν
2667 2282 2793 2365 γὰρ,
2841 2282 2992 2360 ὀλίγα
3025 2281 3317 2364 πράγματα
3356 2283 3447 2340 καὶ
3496 2283 3664 2364 μικρὰ

2106 2374 2451 2457 περιέχουσα,
2482 2371 2701 2445 πληθύει
2719 2375 2821 2430 τῶν
2851 2373 3162 2453 ῥητορειῶν,
3201 2375 3235 2443 ἡ
3274 2369 3356 2445 δὲ,
3380 2372 3501 2452 περὶ
3528 2376 3667 2433 πολ-

2107 2463 2202 2530 λὰς
2238 2462 2329 2522 καὶ
2374 2460 2605 2541 μεγάλας
2639 2464 2987 2539 συνταχθεῖσα
3025 2458 3264 2539 πράξεις,
3291 2461 3664 2542 δημηγορικῶν

2114 2550 2351 2620 σπανίζει
2378 2548 2569 2629 λόγων.

2187 2652 2273 2705 De
2297 2649 2384 2704 his
2403 2649 2696 2721 Kriigerus
2717 2646 2757 2701 l.
2791 2645 2831 2699 l.
2857 2663 2917 2718 p.
2953 2643 3065 2700 262
3092 2663 3106 2699 ε
3138 2668 3161 2693 c
3191 2645 3492 2719 Dionysius
3518 2661 3671 2721 post·

2113 2754 2282 2809 quam
2326 2733 2471 2789 dixit
2517 2731 2862 2807 Thucydidis
2901 2731 3147 2786 historie
3185 2743 3405 2805 partem
3446 2737 3673 2810 egregie

2114 2823 2460 2879 elaboratam
2502 2838 2647 2894 esse,
2689 2830 2911 2895 partem
2957 2819 3324 2904 inprimisque
3367 2823 3674 2878 conciones

2115 2922 2171 2966 ct
2194 2909 2481 2984 colloquia
2507 2909 2662 2964 omni
2695 2918 2814 2964 arte
2843 2924 3066 2977 carere,
3090 2907 3204 2963 hoc
3231 2906 3408 2963 modo
3430 2910 3621 2984 pergit
3654 2928 3669 2964 ε

2115 2985 2186 3052 ὧν
2222 2992 2666 3075 προνοούμενος...
2693 2992 2966 3074 γέγραφεν.
2992 2997 3126 3052 Haee
3166 2995 3265 3068 qui
3293 2996 3411 3051 sola
3450 2997 3673 3070 legerit,

2115 3086 2255 3140 nihil
2300 3083 2452 3139 aliud
2488 3081 2799 3158 significare
2836 3101 3000 3156 posse
3042 3083 3265 3156 putabit
3291 3101 3462 3156 quam
3504 3084 3617 3138 hoc
3656 3105 3672 3139 ε

2117 3170 2505 3246 Thucydidem
2527 3171 2905 3240 orationibus,
2933 3189 3071 3243 quas
3090 3188 3208 3224 non
3231 3172 3359 3225 satis
3385 3171 3675 3227 elaboras-

2116 3271 2225 3330 set,
2247 3257 2517 3314 secundas
2534 3277 2695 3314 curas
2716 3258 2984 3315 adhibere
3005 3260 3379 3328 constituisse,
3404 3258 3463 3314 id
3487 3272 3678 3316 tamen

2119 3364 2237 3400 non
2277 3343 2485 3400 sactum
2512 3362 2656 3414 esse,
2700 3346 3067 3418 relictamque
3100 3343 3216 3417 ejus
3242 3345 3535 3402 historiam
3571 3350 3679 3401 im-

2121 3432 2457 3507 perfectam,
2501 3445 2827 3507 propterea,
2869 3444 2934 3488 ut
2975 3432 3219 3503 videtur,
3255 3433 3413 3506 quod
3453 3445 3677 3508 auctor,

2119 3522 2446 3595 priusquam
2470 3519 2610 3575 illud
2639 3521 2933 3575 consilium
2957 3531 3375 3593 exsequeretur,
3409 3521 3560 3577 diem
3586 3541 3680 3579 su-

2121 3625 2373 3683 premam
2401 3607 2625 3662 obierit.
2671 3607 2853 3681 quue
2888 3607 3145 3680 inprimis
3190 3607 3264 3664 ad
3304 3620 3567 3664 octavum
3606 3611 3681 3665 li-

2123 3697 2288 3752 brum
2334 3695 2697 3765 referremus,
2740 3697 2798 3749 in
2835 3714 2951 3769 quo
2979 3697 3202 3751 nonnisi
3239 3697 3495 3772 quaedam
3524 3700 3684 3772 quasi

2122 3784 2331 3839 semina
2351 3786 2670 3839 orationum
2698 3801 2884 3856 sparsa
2909 3794 3066 3853 sunt,
3095 3795 3532 3859 putaremusque
3548 3786 3684 3841 huic

2125 3889 2355 3946 quoque
2380 3873 2715 3945 scriptorem
2738 3872 3078 3926 inserturum
3105 3871 3272 3928 fuisse
3298 3873 3613 3942 orationes,
3638 3875 3685 3928 si

2876 4046 2910 4095 2

2193 4127 2345 4177 Multa
2363 4130 2594 4189 praeterea
2616 4140 2704 4190 per
2720 4129 2872 4176 totam
2892 4127 3152 4178 Historiam
3169 4129 3463 4192 Thucydidis
3480 4129 3592 4180 licet
3607 4131 3686 4179 in-

2131 4205 2294 4255 venire
2305 4242 2319 4266 ,
2335 4219 2448 4268 quae
2464 4208 2551 4256 aut
2566 4218 2757 4256 summa
2777 4218 2894 4254 cura
2911 4205 3155 4257 elaborata
3170 4210 3284 4256 sunt
3296 4244 3313 4270 ,
3332 4210 3388 4258 ut
3410 4222 3566 4271 neque
3577 4209 3691 4258 addi

2133 4283 2397 4348 quidquam
2422 4296 2580 4347 neque
2605 4283 2791 4333 detrahi
2810 4283 2990 4346 possit,
3012 4287 3098 4335 aut
3116 4288 3216 4335 tam
3240 4287 3528 4350 negligenter
3545 4290 3694 4351 atque

2133 4357 2268 4419 quasi
2292 4371 2439 4408 cursu
2460 4358 2637 4421 scripta
2654 4396 2669 4420 ,
2689 4359 2746 4407 ut
2762 4371 2824 4408 ne
2850 4359 3098 4409 minimam
3130 4361 3323 4423 quidem
3356 4364 3562 4424 speciem
3593 4377 3694 4427 pne

2134 4449 2187 4485 se
2211 4436 2368 4487 serant
2385 4436 2576 4487 eximloe
2594 4437 2720 4489 illius
2740 4438 2787 4487 in
2807 4437 3010 4489 dicendo
3029 4439 3298 4503 facultati83
3331 4441 3479 4504 idque
3505 4442 3692 4505 potissi-

2136 4525 2273 4562 mum
2313 4513 2364 4563 in
2415 4514 2754 4576 concionibus,
2791 4515 2841 4564 in
2886 4515 3140 4580 colloquiis
3188 4517 3391 4581 aliisque
3428 4519 3693 4570 rhetor-leia.

2139 4591 2280 4650 Quod
2297 4592 2506 4643 sentiens
2534 4593 2837 4657 Thucydides
2868 4595 3202 4657 imperfectam
3236 4595 3428 4646 videtur
3450 4597 3696 4649 historiam

2138 4669 2384 4732 reliquisse
2399 4707 2415 4734 ,
2453 4673 2510 4720 ut
2546 4671 2693 4722 tradit
2735 4673 2881 4723 etiam
2916 4673 3198 4737 cratippus,
3235 4675 3323 4737 qui
3362 4676 3562 4740 aequalis
3595 4678 3701 4739 eJus

2140 4746 2230 4796 fuit
2247 4749 2296 4796 et
2311 4746 2373 4796 ab
2389 4760 2448 4797 eo
2464 4747 2640 4798 omissa
2656 4748 2865 4811 collegit.
2910 4749 3035 4799 Dicit
3059 4750 3188 4800 enim
3210 4752 3452 4803 orationes
3468 4753 3573 4803 illas
3600 4769 3699 4804 non

2141 4825 2286 4876 modo
2313 4826 2457 4876 rebus
2478 4827 2592 4890 ipsis
2617 4839 2721 4877 esse
2743 4823 3112 4892 impedimento,
3132 4843 3304 4879 verum
3331 4830 3475 4880 etiam
3505 4831 3701 4882 audito·

2142 4903 2273 4953 ribus
2304 4904 2535 4954 molestas
2559 4924 2573 4956 z
2596 4904 2738 4968 idque
2767 4905 3067 4956 sentientem
3086 4905 3415 4970 Thucydidem
3460 4909 3619 4960 nullas
3652 4909 3700 4960 in

2142 4981 2313 5031 ultima
2344 4981 2553 5032 historiae
2576 4984 2712 5046 parte
2746 4983 2986 5033 orationes
3006 4983 3314 5047 adiunxisse,
3335 4985 3427 5035 etsi
3462 4986 3616 5035 multa
3652 4988 3700 5037 in

2120 5058 2277 5110 ‚ionia
2294 5071 2351 5108 ac
2370 5059 2524 5110 multa
2554 5060 2749 5111 Athenis
2769 5061 3038 5111 evenissent
3050 5097 3065 5121 ,
3085 5074 3196 5124 quoe
3215 5061 3391 5113 habitis
3402 5065 3703 5115 sermonibus

2144 5138 2194 5186 et
2225 5136 2521 5187 orationibus
2538 5141 2779 5211 transacta
2805 5141 2979 5188 essent.
3011 5140 3193 5197 Quodsi
3217 5141 3327 5203 quis
3352 5141 3559 5203 primum
3588 5157 3702 5192 cum

2144 5217 2319 5265 octavo
2358 5214 2481 5266 libro
2516 5217 2760 5281 conferat,
2797 5229 2910 5268 eum
2953 5216 3314 5269 intellecturum
3348 5233 3447 5270 non
3487 5221 3705 5283 ejuffllem
