4016 5916
1319 383 1418 440 El<
1462 381 1612 439 Tui:
1658 379 2018 438 ΙΣΤΟΡΙΑΣ
2062 375 2429 435 ΔΙΟΔΩΡΟΥ
2473 370 2956 432 ΣΙΚΕΛΙΩΤΟΥ.

548 516 610 595 ἦν
662 518 720 577 τὸ
766 514 859 592 μὲν
889 512 1029 592 γένος
1057 510 1352 576 Βουίῗωνεὺς
1389 512 1482 586 (2),
1531 508 1735 586 ἀξίωμα
1764 510 1817 567 δὲ
1856 508 2098 585 μέγιστον
2192 514 2438 573 bonensis,
2457 513 2580 562 iuter
2599 511 2803 573 regionis
2827 510 2969 573 hujus
2984 510 3163 558 incolas
3176 522 3359 571 magnoe
3380 510 3455 557 vir
3475 511 3812 560 aestimatio·

551 612 686 686 {low
712 607 813 663 τῶν
840 600 960 680 περὶ
987 599 1104 664 τοὺς
1132 598 1319 664 τόπους
1356 597 1563 665 τούτους
1594 594 1990 663 κατοικούντων*
2015 594 2101 651 διά
2193 625 2287 684 uis,
2305 624 2496 687 propter
2511 623 2716 671 nominis
2734 622 3057 672 celebritatem
3075 621 3172 668 dux
3192 620 3431 669 exercitus
3448 622 3663 669 creatus
3685 626 3805 670 est.

548 406 705 452 xvii(

550 719 606 754 τε
633 695 726 764 τὴν
755 689 1055 771 ἐπιφάνειαν
1084 686 1370 765 στρατηγὸς
1392 685 1709 765 αἱρούμενος.
1742 684 1873 744 Ἐπὶ
1898 681 2032 742 πολὺ
2049 681 2103 740 δὲ

552 782 766 861 ἰσχύων,
796 773 1247 856 σωματοφύλακας
1271 773 1393 853 ἔσχε
1418 773 1507 831 καὶ
1527 776 1759 853 φανερῶς
1781 771 1960 830 ἑαυτὸν
1985 769 2105 827 ἀνέ-

555 870 684 937 δειξε
706 868 973 946 τύραννον.
1016 860 1165 922 Μετὰ
1193 860 1247 919 δέ
1275 883 1417 927 τινας
1445 859 1658 939 χρόνους
1702 858 1918 938 ἀδελφὸς
1947 859 2106 916 αὐτοῦ

558 956 755 1031 Σεμίας
786 956 883 1031 (a),
909 951 1142 1011 σπεύδων
1172 951 1241 1014 εἷς
1268 947 1452 1006 ἑαυτὸν
1491 950 1803 1025 περιστῆσαι
1836 943 1931 1013 τὴν
1950 945 2105 1001 δυνα-

558 1044 756 1112 στείαν,
802 1039 892 1099 καὶ
923 1037 1315 1113 πιστευόμενος,
1343 1038 1413 1100 ὡς
1449 1033 1510 1091 ἂν
1543 1032 1783 1113 ἀδελφὸς,
1811 1032 1978 1089 ἀνεῖλε
2020 1029 2108 1088 τὸν

561 1128 839 1199 Μοκέλτην
889 1122 1335 1202 (Μολκέστηνῖ),
1376 1122 1466 1181 καὶ
1501 1119 1596 1191 τὴν
1632 1118 1906 1199 τυραννίδα
1949 1116 2111 1176 διεδέ-

559 1218 701 1284 ξατο.
752 1219 824 1274 Ot
874 1214 926 1271 δὲ
966 1211 1069 1270 υἱοὶ
1104 1216 1195 1269 τοῦ
1225 1208 1537 1290 σφαγέντος,
1569 1207 1862 1272 ἀντίπαιδες
1905 1205 1981 1262 ἔτι
2017 1203 2111 1273 τὴν

559 1305 766 1373 ἡλικίαν
794 1302 959 1371 ὄντες,
983 1299 1086 1357 ὑπό
1109 1321 1239 1362 τινος
1267 1301 1541 1374 συγγενοῦς
1570 1294 1885 1373 ἀπήχθησαν
1916 1294 1985 1357 εἷς
2017 1290 2113 1361 τὴν

558 1388 867 1465 Τερμησσὸν
910 1387 978 1461 (4)
1009 1384 1285 1464 λαθραίοις.
1318 1383 1411 1444 Ἐν
1438 1381 1603 1460 ταύτῃ
1632 1383 1685 1439 δὲ
1709 1378 1984 1459 τραφέντες
2024 1377 2114 1434 καὶ

561 1475 853 1553 γενηθέντες
888 1474 1115 1545 ἐνήλικοι
1150 1472 1237 1529 τόν
1273 1494 1328 1528 τε
1370 1472 1611 1550 πατρῷον
1648 1467 1799 1548 φόνον
1835 1468 2111 1543 μετῆλθον,

565 1562 754 1621 καὶτὸν
785 1559 1029 1640 τύραννον
1066 1557 1332 1624 ἀνελόντες
1352 1555 1675 1616 δυναστεύειν
1703 1556 1761 1613 οὗ
1790 1554 2116 1634 προείλοντο,

564 1656 628 1725 τῇ
664 1651 716 1708 δὲ
745 1649 959 1727 πατρίδι
984 1647 1080 1718 τὴν
1100 1645 1454 1726 δημοκρατίαν
1485 1642 1935 1712 ἀπεκατέστησαν.

647 1739 849 1797 ΧΧΙΙΙ.
894 1734 1019 1793 ’Ότι
1045 1733 1341 1805 Γαλαίστης
1365 1757 1467 1805 τις,
1488 1731 1715 1807 Ἀθαμᾶν
1746 1729 1805 1786 τὸ
1824 1728 1993 1806 γένος,
2013 1727 2119 1793 υἱὸς

565 1825 617 1882 δὲ
641 1821 987 1900 Ἀμυνοὶνδρου
1031 1826 1116 1879 τοῦ
1149 1816 1577 1897 βεὸασιλευκότος
1618 1816 1947 1893 Ἀθαμάνων,
1979 1814 2116 1894 γένει

569 1912 656 1969 καὶ
701 1907 909 1989 πλούτῳ
952 1908 1043 1966 καὶ
1088 1906 1208 1985 δόξῃ
1260 1905 1394 1965 πολὺ
1431 1905 1670 1985 προέχων
1703 1907 1805 1962 τῶν
1844 1907 2119 1979 ὁμοεθνῶν,

569 1998 767 2075 ἐγένετο
795 1997 938 2075 φίλος
974 1993 1302 2071 Πτολεμαίου
1324 1998 1412 2053 τοῦ
1448 1992 1813 2070 Φιλομήτορος
1831 2008 1845 2023 ‘
1891 1994 1943 2049 ἐν
1973 1990 2028 2048 δὲ
2051 1996 2119 2070 τῇ

566 2085 690 2164 πρὸς
717 2082 1016 2161 Δημήτριον
1042 2081 1190 2160 μάχῃ
1222 2080 1285 2159 (ι)
1308 2084 1410 2139 τῶν
1434 2079 1700 2157 δυνάμεων
1722 2083 1826 2136 τῶν
1855 2078 1958 2136 ἀπὸ
1987 2077 2125 2135 'Aie-

570 2171 830 2249 ξανδρείας
872 2168 1084 2245 ἡγεμὼν
1131 2168 1371 2247 ἐγεγόνει.
1452 2159 1621 2234 Οὗτος
1666 2165 1801 2243 μετὰ
1836 2165 1930 2237 τὴν
1956 2157 2123 2235 ἧτταν

572 2260 663 2315 καὶ
685 2257 928 2327 τελευτὴν
964 2257 1299 2333 Πτολεμαίου
1328 2254 1487 2314 ἐλθὼν
1520 2257 1590 2322 είς
1624 2252 1867 2322 διαὸολὰς
1888 2253 2120 2333 ψευδεῖς,

571 2350 642 2411 ὡς
683 2344 927 2411 ἑκουσίως
970 2352 1077 2407 τοῖς
1121 2344 1385 2420 πολεμίοις
1426 2341 1844 2419 καταπροέμενος
1884 2341 1952 2397 τὰ
1986 2340 2124 2418 προί-

569 2455 767 2508 γματα,
787 2430 877 2488 καὶ
900 2436 991 2488 τοῦ
1011 2430 1377 2506 διαδεξαμένου
1393 2428 1485 2501 τὴν
1508 2429 1776 2508 βασιλείαν
1793 2427 2125 2503 Πτολεμαίου

574 2520 665 2585 τὰς
694 2519 886 2597 δωρεὰς
915 2518 1232 2597 ἀφελομένου
1259 2519 1350 2577 καὶ
1372 2518 1616 2596 χαλεπῶς
1645 2515 1968 2589 διακειμένου
2001 2514 2127 2594 πρὸς

575 2606 749 2675 αὐτὸν,
774 2605 1015 2684 φοὸηθεὶς
1053 2606 1394 2685 ἀπεχώρησεν
1425 2606 1494 2670 είς
1515 2604 1611 2673 τὴν
1641 2603 1891 2661 Ἑλλάδα.
1923 2602 2126 2660 Ἐκπε-

574 2694 768 2750 σόντων
798 2692 850 2749 δὲ
879 2692 968 2748 καὶ
993 2691 1165 2748 ἄλλων
1191 2695 1398 2749 πολλῶν
1428 2693 1486 2748 ἐκ
1515 2695 1604 2761 τῆς
1631 2689 1893 2766 Αἰγύπτου
1924 2690 2008 2746 διὰ
2032 2689 2126 2759 τὴν

574 2780 700 2856 πρὸς
722 2778 837 2844 τοὺς
868 2777 1309 2857 ὀψωνιαζομένους
1334 2778 1651 2855 στρατιώτας
1675 2777 1875 2847 στάσιν,
1905 2777 2129 2834 ἀνέλαὸε

572 2866 688 2932 τοὺς
718 2864 968 2944 φυγάδας.
999 2864 1189 2935 Φήσας
1214 2864 1266 2922 δὲ
1302 2866 1354 2921 ἐν
1389 2865 1811 2945 παρακαταθήκῃ
1836 2864 1922 2921 τὸν
1971 2868 2127 2940 βασι-

573 2953 665 3010 λέα
694 2955 1017 3028 Πτολεμαῖον
1039 2951 1125 3009 τὸν
1156 2952 1499 3033 Φιλομήτορα
1523 2951 1796 3010 δεδωκέναι
1820 2951 2028 3010 παιδίον
2061 2955 2122 3029 (a)

2192 736 2316 783 ‘rum
2336 746 2449 782 vero
2464 733 2646 782 viribus
2667 733 2949 796 praepollens
2963 731 3184 781 custodes
3205 729 3419 792 eorporis
3434 729 3724 792 assumpsit
3742 734 3809 778 et

2195 850 2354 911 palam
2376 862 2429 898 se
2452 851 2711 910 tyrannum
2737 847 3013 897 exhibebat.
3080 845 3176 895 Sed
3206 844 3336 894 haud
3373 845 3442 893 ita
3461 845 3635 894 multo
3667 832 3804 907 post

2199 965 2344 1015 trater
2356 963 2461 1026 ejus
2480 963 2660 1013 sanias
2675 962 2722 1011 in
2745 975 2797 1011 se
2811 961 3066 1012 hansterre
3081 960 3401 1023 principatum
3415 959 3630 1010 moliens
3643 997 3663 1021 ,
3685 960 3803 1009 tide

2198 1092 2343 1142 quam
2363 1078 2497 1128 fratri
2515 1079 2659 1128 trater
2678 1076 2903 1137 hahebat,
2922 1076 3098 1126 abusus
3122 1074 3397 1125 Molcestem
3415 1074 3596 1123 occidit
3617 1076 3678 1123 et
3702 1077 3766 1135 ty
3783 1102 3798 1111 -

2201 1189 2397 1239 rannide
2430 1189 2609 1251 potitus
2626 1190 2711 1237 est.
2775 1189 2837 1237 At
2873 1186 2954 1235 tilii
2987 1184 3225 1235 Molcestte
3241 1221 3257 1246 ,
3293 1183 3526 1247 puerilem
3561 1186 3796 1234 oetatem

2200 1301 2416 1350 nondum
2438 1300 2608 1362 egressi
2624 1336 2638 1360 ,
2670 1311 2700 1348 a
2721 1300 2925 1359 cognato
2950 1298 3160 1361 quodam
3187 1300 3312 1348 elam
3339 1301 3657 1348 Termessum
3689 1297 3793 1346 ah·

2203 1410 2336 1459 direti
2358 1411 2484 1458 sunt.
2550 1408 2619 1457 lbi
2650 1407 2838 1457 educafi
2867 1409 3118 1470 postquam
3145 1406 3487 1469 adoleverant,
3508 1406 3796 1458 redeuntes

2204 1522 2386 1574 mlem
2414 1525 2661 1586 paternam
2685 1522 2774 1572 ulti
2804 1523 2918 1571 sunt
2953 1533 3071 1570 neoc
3096 1519 3315 1583 tyranni,
3348 1533 3407 1569 ac
3441 1521 3794 1585 principatum

2207 1640 2480 1688 recusantes
2497 1637 2751 1701 imperium
2773 1637 3003 1699 populare
3019 1636 3187 1698 patrioe
3204 1633 3528 1686 reddiderunt.

2271 1730 2445 1778 xxtll.
2493 1727 2752 1785 Galaestes,
2792 1725 3059 1786 Athaman,
3103 1722 3398 1786 Amynandri
3439 1723 3788 1774 Athamanum

2209 1834 2330 1897 regis
2358 1832 2514 1895 filius,
2546 1844 2747 1895 genere,
2767 1830 2946 1881 divitiis
2969 1843 3029 1880 ac
3055 1829 3263 1879 nominis
3287 1829 3506 1879 claritate
3535 1829 3670 1906 iqter
3691 1844 3788 1892 po·

2208 1939 2400 2001 putares
2417 1936 2637 1998 insignis,
2654 1934 2901 1985 familiaris
2927 1934 3082 1984 suerat
3101 1932 3348 1984 Ptolemoei
3365 1933 3712 1983 Philometoris
3735 1938 3787 1982 et

2211 2048 2258 2096 iu
2290 2047 2458 2109 proelio
2498 2048 2668 2095 contra
2707 2043 3000 2094 Demetrium
3036 2042 3292 2092 commisso
3336 2041 3783 2093 Alexandrinorum

2209 2169 2380 2219 agmen
2410 2154 2635 2205 duxerat.
2699 2155 2747 2204 ls
2772 2158 2881 2215 post
2906 2151 3093 2202 cladem
3112 2152 3161 2201 et
3185 2151 3374 2201 obitum
3409 2152 3660 2201 Ptolemaei
3694 2165 3782 2199 ea-

2212 2267 2504 2315 lumniarum
2527 2262 2786 2314 mendaciis
2810 2262 3168 2312 circumventus
3190 2262 3279 2311 est.
3309 2260 3543 2311 Dicebant
3571 2272 3687 2309 eum
3719 2260 3783 2307 de

2214 2374 2445 2425 industria
2462 2388 2536 2423 res
2552 2373 2676 2423 elabi
2694 2371 2783 2421 sibi
2806 2383 2998 2434 passum
3021 2369 3239 2419 hostibus
3268 2367 3549 2431 prodidisse.
3616 2373 3782 2427 Quare

2217 2481 2506 2531 Ptolemaeus
2531 2478 2841 2541 (Physcon),
2868 2476 3026 2527 fratris
3047 2476 3094 2524 in
3123 2487 3266 2537 regno
3298 2487 3562 2535 successor,
3582 2474 3713 2523 dona
3736 2475 3778 2523 ei

2214 2585 2420 2645 ademit,
2440 2596 2497 2633 ac
2524 2584 2724 2645 pessime
2741 2584 2789 2631 in
2816 2594 2929 2631 eum
2957 2581 3159 2637 allectus
3177 2580 3300 2628 erat.
3365 2580 3529 2640 ltaque
3559 2581 3779 2627 metuens

2215 2687 2303 2736 sibi
2326 2687 2555 2737 Galaestes
2573 2687 2620 2734 in
2649 2686 2886 2736 Graeciam
2914 2684 3062 2746 abiit,
3088 2684 3171 2733 ubi
3193 2684 3313 2733 alios
3329 2685 3510 2734 multos
3530 2686 3617 2747 qui
3650 2684 3775 2733 sedi·

2217 2794 2347 2843 tione
2369 2796 2537 2841 matra
2561 2792 2735 2841 milites
2759 2791 3068 2853 stipendiatus
3092 2791 3217 2839 sacta
3233 2791 3437 2852 AEgypto
3461 2790 3586 2852 pulsi
3613 2793 3773 2851 erant,

2219 2896 2412 2958 recepit.
2481 2898 2538 2945 Et
2581 2896 2891 2945 Ptolemaeum
2933 2894 3302 2943 Philometorem
3350 2893 3514 2944 dicens
3550 2894 3775 2944 custodito

2219 3016 2320 3051 suae
2344 3002 2634 3051 commisisse
2655 3002 2913 3064 puerulum
2941 3014 2969 3048 e
2990 3001 3246 3064 Cleopatra
3278 3001 3446 3049 natum
3461 3036 3477 3062 ,
3496 3012 3640 3061 quem
3663 2998 3777 3048 edu·

577 3044 717 3118 αὐτῷ
760 3039 963 3118 τρέφειν
995 3042 1053 3096 ἐκ
1089 3043 1178 3109 τῆς
1226 3040 1565 3118 Κλεοπάτρας
1599 3039 1685 3096 ἐπὶ
1731 3038 1967 3117 βασιλείᾳ
1990 3085 2007 3115 ,
2036 3042 2126 3096 καὶ

576 3126 742 3205 τούτῳ
771 3128 1000 3200 διάδημα
1026 3125 1245 3204 περιθεὶς
1263 3170 1278 3195 ,
1303 3125 1391 3182 καὶ
1417 3123 1799 3202 συναγωνιστὰς
1835 3124 1969 3203 ἔχων
1998 3128 2127 3183 πολ-

579 3212 696 3277 λοὺς
712 3214 962 3291 φυγάδας,
976 3214 1388 3291 παρεσκευάζετο
1403 3213 1646 3290 κατάγειν
1667 3211 1752 3269 ἐπὶ
1768 3212 1859 3280 τὴν
1876 3209 2130 3290 πατρῴαν
2223 3223 2396 3271 m8l3¹¹0
2416 3210 2612 3258 exulum
2633 3222 2832 3258 numero
2858 3207 3052 3270 adjutus
3079 3207 3126 3257 5¹¹
3146 3220 3346 3269 ‘egnum
3371 3207 3621 3270 internum
3642 3206 3771 3256 ΜΨ

581 3303 849 3378 βασιλείαν
876 3299 962 3357 τὸν
992 3301 1175 3357 παῖδα.
2221 3327 2330 3362 cere
2361 3312 2592 3362 tentabat.
2927 3339 2948 3366 x

2218 3109 2347 3156 caret
2371 3108 2418 3155 et
2454 3106 2516 3155 ad
2545 3119 2742 3169 regnum
2774 3105 3023 3166 eveheret,
3060 3103 3280 3154 diadema
3308 3102 3421 3152 huic
3453 3103 3700 3165 imposuit,
3722 3104 3770 3151 et

579 3487 829 3541 Μοκέλτης.
852 3512 915 3520 -
936 3491 981 3533 2.
1013 3485 1277 3534 novemve
1291 3486 1349 3540 υς
1369 3483 1386 3547 ]
1406 3487 1482 3534 Cf.
1503 3486 1725 3546 Stephau.
1753 3488 1867 3546 Byz.
1893 3503 1905 3533 z
1929 3485 2166 3534 Βουὸὼν
2180 3519 2194 3542 ,
2219 3484 2347 3538 πόλις
2367 3482 2560 3537 Δυκίας.
2592 3484 2782 3531 Βουὸὼν
2801 3482 2891 3546 γὰρ
2905 3483 2985 3530 καὶ
3006 3482 3247 3544 Βάλὸουρα
3262 3517 3276 3541 ,
3295 3482 3453 3538 πόλεις
3477 3481 3667 3542 Δυκίας,
3684 3480 3771 3529 ἀπὸ

474 3574 485 3583 ·
580 3555 844 3618 Παλὸοὐρου
870 3557 946 3603 καὶ
972 3556 1210 3610 Bonnam:
1228 3571 1241 3584 ·
1261 3554 1388 3603 οὗτοι
1412 3555 1459 3603 δὲ
1475 3556 1639 3616 λῃσταὶ
1659 3556 1811 3610 πόλεις
1835 3555 2023 3604 ἔκτισαν
2041 3555 2329 3616 ὁμωνύμους.
2348 3555 2405 3602 '0
2418 3554 2606 3609 πολίτης
2620 3555 2783 3615 ὤφειλε
2809 3555 3084 3608 Βουὸὠνιος·
3103 3554 3279 3617 εἱρηται
3293 3553 3342 3600 δὲ
3358 3552 3618 3607 Βουὸωνεύς
3635 3564 3647 3577 ·
3667 3550 3768 3614 χαί·

576 3641 706 3686 ρουσι
721 3625 808 3683 γὰρ
827 3628 869 3672 ol
888 3626 1050 3672 Λύκιοι
1070 3628 1138 3685 τῷ
1156 3625 1303 3686 τύπῳ.
1322 3623 1565 3673 Βιιὺοιιοιιι
1586 3626 1752 3674 urbem
1771 3627 1817 3672 in
1840 3626 1991 3686 Lyciae
2014 3624 2242 3686 Eparchia
2261 3627 2495 3672 memorat
2513 3625 2655 3672 etiam
2674 3624 2915 3672 Hierocles
2927 3624 3208 3686 synecdem.
3231 3638 3279 3685 p.
3300 3628 3391 3671 395
3403 3664 3418 3684 ‚
3436 3629 3495 3672 25
3513 3622 3562 3670 iu
3577 3625 3686 3670 tom.
3711 3624 3770 3670 ΙΙΙ

578 3697 828 3742 constant.
853 3695 1081 3754 Porphyr.
1100 3693 1178 3744 ed.
1198 3696 1376 3752 Bonn.;
1402 3695 1582 3744 Plinius
1602 3699 1970 3756 xxxv‚i7,57;
1994 3694 2281 3742 Ptolemaeus
2297 3696 2359 3753 V,
2381 3701 2425 3742 3.
2447 3693 2577 3742 Situs
2594 3692 2727 3741 urbis
2744 3694 2957 3754 ignotus;
2976 3697 3103 3758 patet
3117 3697 3278 3742 tamen
3298 3706 3357 3740 ex
3377 3695 3543 3740 nostro
3561 3693 3676 3750 loco,
3695 3691 3770 3741 uhi

581 3763 765 3811 Pisidiae
787 3765 901 3812 urhs
918 3764 1221 3820 adscribitur,
1242 3765 1288 3812 iu
1309 3765 1526 3814 confiniis
1542 3769 1601 3827 L)
1611 3768 1699 3815 cim
1721 3769 1770 3815 et
1790 3766 1974 3814 Pisidiae
1993 3779 2093 3814 esse
2112 3764 2395 3826 ponendam.
2419 3791 2477 3804 -
2495 3770 2541 3811 3.
2563 3764 2700 3824 Σεμί
2715 3761 2811 3824 ας]
2833 3764 2990 3812 Fuerit
3006 3765 3180 3825 Σημίας
3198 3763 3274 3812 vel
3287 3765 3576 3824 Σιμμίας.-
3594 3764 3767 3824 Mser»-

578 3837 769 3894 μησσὸ
784 3853 807 3882 ν
830 3835 843 3895 l
865 3836 1105 3896 Τέρμησον
1126 3834 1297 3883 codex.
1329 3836 1449 3884 illud
1471 3837 1615 3885 etiam
1643 3838 1858 3886 Dindors.
1877 3838 1923 3885 in
1946 3836 2142 3885 Diodor.
2166 3835 2347 3892 xvltl,
2370 3837 2428 3882 46
2442 3869 2457 3893 ,
2480 3841 2524 3882 3.
2549 3836 2627 3893 47,
2654 3839 2681 3880 3
2713 3847 2773 3881 ex
2794 3833 3035 3881 nonnullis
3053 3833 3186 3881 libris
3211 3833 3406 3894 recepit.
3427 3830 3621 3882 Plurimi
3638 3832 3766 3880 codd.

575 3905 833 3964 Ἰ”ερμησὸν.
861 3905 937 3952 Cl'.
959 3902 1020 3949 de
1037 3904 1162 3950 varia
1183 3904 1387 3952 nominis
1403 3905 1640 3967 scriptura
1660 3907 1899 3968 Forbiger.
1921 3907 2094 3967 Geoyr.
2116 3908 2188 3964 ll,
2211 3917 2258 3966 p.
2285 3909 2392 3952 ³28.

644 3975 815 4022 xxm·
843 3973 944 4021 Fol.
972 3978 1077 4030 183,
1104 3978 1180 4021 3ο.
1204 3985 1253 4021 v.
1270 4002 1332 4013 —
1357 3976 1435 4021 184
1456 4010 1471 4032 ,
1494 3981 1544 4023 1⁴
1564 3988 1612 4024 r.
1636 3979 1704 4024 De
1722 3976 2032 4038 Amynandro
2049 3976 2369 4025 Athamanum
2390 3987 2499 4035 rege
2513 3974 2634 4022 hene
2651 3974 2837 4021 constat
2853 3986 2882 4023 e
2903 3971 3124 4036 Polybio,
3143 3971 3304 4028 Livio,
3322 3971 3444 4021 aliis.
3462 3972 3516 4021 Ei
3534 3971 3769 4022 Galastaru

584 4039 733 4088 lilium
755 4040 898 4087 fuisse
917 4053 944 4088 e
972 4044 1134 4088 nostro
1158 4039 1264 4088 locu
1291 4040 1535 4090 discimus.
1565 4044 1715 4105 ipsius
1741 4044 1963 4094 Galaestoe
1983 4044 2163 4092 mentio
2182 4043 2236 4091 lit
2253 4043 2398 4091 etiam
2431 4044 2480 4091 in
2504 4047 2618 4092 Exit.
2643 4046 2711 4092 De
2729 4044 2892 4092 virtut-
2913 4045 2930 4103 (
2951 4043 3145 4092 Diodor.
3177 4045 3377 4092 xxxin
3392 4078 3406 4100 ,
3441 4045 3498 4090 24
3513 4042 3550 4103 ),
3571 4042 3644 4090 ubi
3663 4044 3771 4102 mst-

581 4125 728 4170 quam
747 4110 807 4158 de
828 4111 1068 4170 Physcone
1084 4111 1307 4159 omnihus
1324 4112 1473 4159 inviso
1491 4112 1694 4175 dietum,
1707 4115 1897 4163 additur
1915 4130 1926 4162 :
1943 4117 1972 4162 ὀ
1989 4116 2038 4163 δὲ
2053 4116 2305 4176 στρατηγὸς
2325 4112 2466 4176 Ἱέραξ
2481 4113 2680 4174 (dehoc
2698 4114 2762 4163 cl'.
2781 4112 3013 4162 Posidonii
3036 4115 3094 4162 fr.
3118 4114 3174 4174 7)
3190 4115 3238 4162 ἐν
3251 4118 3346 4165 τοῖς
3363 4113 3624 4172 πολεμικοῖς
3641 4113 3770 4172 ἔργοις

583 4183 849 4243 θαυμαστὸς
872 4184 996 4230 ὧν...
1025 4184 1220 4244 συνέσχε
1244 4185 1327 4240 τήν
1348 4189 1431 4231 τοῦ
1457 4186 1748 4246 Πτολεμαίου
1771 4187 2028 4249 βασιλείαν.
2048 4185 2227 4233 Τούτου
2246 4186 2336 4247 γὰρ
2355 4185 2669 4245 ἀπορουμένου
2688 4183 2955 4246 χρημάτων,
2977 4187 3166 4232 καὶτῶν
3185 4187 3481 4246 στρατιωτῶν
3505 4175 3770 4244 βουλομένων

585 4251 862 4311 ἀφίστασθαι
882 4254 996 4315 πρὸς
1019 4254 1346 4310 Ιάλαίστην
1367 4254 1443 4301 διὰ
1465 4255 1520 4302 τὸ
1540 4257 1604 4316 μὴ
1623 4257 1889 4316 κομίζεσθαι
1910 4257 2017 4311 τοὺς
2039 4255 2229 4316 μισθοὺς
2248 4256 2301 4303 ἐκ
2323 4260 2403 4311 τῆς
2421 4253 2537 4309 ἰδίας
2560 4254 2721 4308 οὐσίας
2735 4289 2749 4312 ,
2769 4253 3037 4315 ὀψωνιάσας
3058 4256 3141 4310 τήν
3164 4255 3374 4314 δύναμιν,
3397 4253 3682 4314 διωρθώσατο
3697 4254 3769 4308 τὴν

586 4325 696 4376 ολην
728 4323 1003 4381 μεταὸολήν.
1030 4325 1212 4371 Verum
1237 4335 1347 4384 quae
1371 4323 1419 4372 h.
1458 4324 1471 4371 l
1524 4329 1776 4374 narrantur
1800 4328 1907 4387 post
1932 4339 1987 4374 ea
2012 4338 2123 4387 qum
2144 4328 2309 4373 nostro
2328 4326 2388 4375 fr.
2410 4324 2652 4386 leguntur,
2675 4326 2798 4372 facta
2830 4336 2932 4372 oese
2951 4326 3056 4371 tum
3085 4324 3186 4387 ipsa
3211 4337 3286 4372 res
3306 4323 3503 4383 suadet,
3529 4324 3626 4370 tuin
3643 4322 3770 4370 series

585 4393 952 4452 lixcerptorum.
974 4395 1094 4441 Nam
1114 4393 1162 4441 in
1186 4395 1305 4442 Exc.
1333 4397 1403 4442 De
1420 4395 1533 4443 virt.
1557 4396 1794 4445 antecedit
1817 4398 1984 4458 fragm.
2013 4397 2074 4445 de
2095 4397 2340 4458 sepultura
2359 4395 2589 4455 Viriathi;
2619 4395 2665 4442 in
2693 4395 2865 4443 nostris
2891 4394 3109 4456 sequitur
3134 4396 3192 4444 l'r.
3213 4394 3274 4443 de
3295 4394 3427 4442 caede
3443 4391 3647 4455 ejusdem
3665 4396 3680 4454 (
3697 4407 3766 4440 un.

590 4467 679 4508 1'10
704 4474 748 4513 a.
768 4466 826 4510 C.
844 4463 877 4519 ).
908 4463 1054 4522 lgilur
1075 4462 1221 4511 series
1239 4465 1310 4511 est
1333 4483 1344 4511 :
1369 4465 1426 4512 l'r.
1446 4467 1574 4514 xxn
1596 4465 1656 4515 de
1674 4468 1880 4517 Galaeste
1900 4467 2103 4526 rebelle;
2128 4467 2184 4516 t‘r.
2209 4469 2364 4515 xxm
2384 4465 2445 4514 de
2466 4465 2597 4514 caede
2611 4465 2843 4526 Viriatl1i;
2865 4465 2949 4514 lib.
2971 4468 3173 4515 xxxlll
3193 4502 3207 4524 ,
3229 4479 3274 4513 c.
3298 4471 3358 4513 22
3377 4463 3439 4512 de
3455 4464 3684 4525 sepultura
3698 4463 3768 4512 vi·

585 4533 756 4592 riathi3
777 4545 820 4580 c.
840 4540 896 4581 2³
918 4533 977 4582 de
998 4533 1193 4582 llierace
1212 4534 1499 4595 impediente
1522 4550 1581 4585 ne
1600 4539 1772 4587 milites
1790 4537 1849 4586 ad
1873 4538 2114 4586 Galoesten
2139 4537 2353 4596 (bellum
2377 4539 2544 4584 contra
2564 4549 2721 4596 regem
2744 4535 2845 4596 jam
2863 4537 3141 4597 gerentem)
3160 4534 3435 4584 deficerent.
3459 4537 3681 4584 Praeterea
3698 4547 3747 4596 pa

586 4608 654 4650 tet
665 4608 824 4652 nostra
836 4602 1060 4652 accidisse
1074 4616 1170 4651 non
1185 4604 1249 4652 ita
1264 4605 1471 4654 multum
1488 4612 1593 4669 post
1607 4613 1809 4657 mortem
1828 4607 2157 4657 Philometoris
2172 4608 2189 4666 (
2211 4611 2294 4655 146
2309 4608 2341 4668 ).
2363 4606 2493 4655 Adeo
2506 4608 2561 4654 ut
2574 4605 2779 4654 defectio
2793 4605 3018 4654 Galmtae
3036 4606 3273 4667 pertinere
3287 4604 3508 4654 videatur
3525 4604 3583 4652 ad
3597 4613 3689 4653 an.1
3705 4611 3763 4653 ¹05.

586 4678 754 4733 ltaque
771 4671 1046 4721 collocanda
1068 4675 1175 4734 post
1190 4675 1272 4722 lib.
1290 4677 1508 4738 ΧΧΧΙΙΙ,
1533 4690 1576 4726 c.
1595 4685 1644 4739 o,
1666 4679 1749 4728 ubi
1771 4680 1828 4726 :6
1855 4680 2196 4740 Πτολεμαῖος...
2217 4678 2264 4733 ἐξ
2277 4676 2587 4739 ἀνομημάτων
2600 4677 2766 4739 ἤρξατο
2785 4677 3000 4739 μεγάλων
3018 4678 3205 4725 διοικεῖν
3222 4677 3281 4725 τὰ
3302 4679 3424 4726 κατὰ
3440 4677 3524 4734 τὴν
3539 4676 3763 4738 βασιλείαν.

586 4744 788 4798 Πολλοὺς
810 4743 993 4805 μὲνγὰρ
1010 4744 1109 4791 κτλ.
1128 4745 1346 4800 Quorum
1360 4748 1635 4807 exemplum
1654 4749 1797 4797 etiam
1817 4752 1978 4796 nostra
1995 4750 2150 4796 erant.
2171 4754 2280 4796 -ι,
2302 4748 2439 4808 πρὸς
2459 4746 2622 4807 Δημή
2635 4761 2786 4807 τριον
2818 4747 2974 4809 μάχῃ
2991 4745 3009 4809 ]
3026 4748 3125 4796 lloc
3140 4748 3447 4809 negligentius
3464 4746 3653 4794 dictum.
3673 4750 3764 4795 Pro·

582 4816 738 4861 ῐοοίιιε
749 4825 863 4861 saue
878 4813 1169 4861 Philometor
1181 4816 1255 4863 est
1276 4826 1334 4862 eo
1348 4816 1563 4876 consilio,
1581 4821 1634 4867 ut
1652 4831 1738 4881 pro
1756 4818 2029 4868 Alexandro
2044 4819 2209 4866 contra
2229 4815 2524 4865 Demetrium
2544 4816 2795 4876 pugnaret,
2812 4829 3000 4877 verum,
3021 4819 3077 4864 ut
3096 4828 3244 4877 supra
3259 4830 3320 4865 ex
3341 4815 3549 4866 Diodoro
3569 4815 3762 4872 vidimus,

587 4884 790 4931 insuevit
820 4895 900 4931 rex
920 4881 1202 4930 seutentiam
1217 4918 1231 4940 ,
1255 4887 1305 4932 et
1320 4896 1430 4932 cum
1462 4887 1704 4935 Demetrio
1718 4890 1885 4936 contra
1909 4887 2232 4936 Alexandrum
2259 4885 2515 4947 pugnavit3
2539 4898 2638 4946 quo
2661 4885 2829 4947 proelio
2855 4887 3134 4936 vulneratus
3159 4888 3327 4947 paucis
3351 4885 3523 4935 diebus
3541 4889 3634 4948 post
3651 4901 3762 4935 mor·

582 4957 699 5000 tuus
715 4954 804 5000 est.
828 4954 992 5014 Neque
1013 4951 1217 5012 denique
1236 4952 1371 5002 clade
1389 4955 1593 5005 allectus
1606 4993 1619 5016 ,
1640 4957 1722 5005 sed
1748 4957 1945 5006 victoria
1966 4959 2145 5019 potitus
2161 4958 2249 5005 est.
2281 4957 2498 5004 Fortasse
2520 4956 2681 5003 tamen
2704 4969 2871 5018 agmen
2890 4956 3019 5018 quod
3039 4955 3273 5005 Galaestoe
3289 4956 3497 5005 duxerat
3517 4957 3761 5005 Alexandri·

582 5034 775 5080 norum,
792 5023 985 5070 iuferius
1005 5021 1175 5070 tuerat.
1199 5051 1261 5062 —
1276 5030 1320 5072 2.
1346 5041 1447 5072 παι
1460 5024 1618 5087 δίον]
1643 5027 1916 5076 Secundum
1931 5029 2173 5077 Just=nuin
2191 5029 2230 5074 x
2243 5027 2464 5084 xxvln,
2485 5031 2513 5075 8
2539 5027 2828 5076 Ptolemaeus
2849 5029 3140 5077 Philometor
3157 5028 3364 5077 moriens
3382 5027 3536 5076 tilium
3551 5029 3764 5090 parvulum

584 5091 799 5152 reliquit,
818 5105 964 5153 quem
991 5093 1207 5152 Physcon
1233 5094 1387 5155 primo
1404 5097 1564 5144 statim
1596 5097 1722 5154 regni
1747 5110 1873 5145 anno
1893 5097 1954 5145 de
1980 5096 2141 5146 medio
2165 5097 2375 5145 sustulit.
2418 5099 2583 5146 Loelus
2609 5100 2775 5157 initur
2808 5099 2901 5148 hoc
2920 5100 3053 5156 solo,
3088 5099 3186 5157 ait,
3223 5100 3362 5161 quod
3384 5104 3497 5147 sine
3523 5104 3766 5150 certamine

579 5156 887 5212 fraternum
904 5174 1119 5222 requiem
1140 5166 1424 5225 recepisset,
1446 5167 1500 5212 in
1520 5165 1657 5227 quod
1677 5178 1701 5214 s
1714 5165 1963 5214 ubertum
1981 5179 2016 5216 α
2035 5169 2204 5216 vauls-1·
2225 5166 2498 5228 Cleopatra
2513 5170 2561 5216 e!
2569 5166 2762 5228 favore
2771 5168 3460 5231 principumsratrisfilium
3479 5175 3763 5230 coqnoveral.
