4016 5916
1631 421 2127 483 FRAGMENTA.

279 555 463 610 menis
488 555 635 610 inter
659 572 716 610 se
738 566 913 610 castra
936 552 1235 623 distabant,
1271 573 1303 610 e
1320 557 1650 612 stationibus
1680 553 1833 632 (oreta

281 641 465 717 Θμοῖς)
489 642 834 716 computavit
852 682 869 710 ‚
889 643 1076 715 Nepos
1088 660 1120 697 e
1139 641 1360 698 dierum
1383 643 1674 700 itineribus
1686 686 1704 714 ,
1723 645 1836 700 sive

275 728 446 800 quod
463 739 743 784 extremos
773 746 844 784 ex
878 730 1139 785 Eumenis
1173 730 1444 786 militibus
1469 731 1623 786 mille
1648 730 1839 787 stadiis

282 814 432 870 inter
449 832 507 869 se
534 811 763 885 sejuncti
786 832 817 868 a
845 814 1145 870 Plutarcho
1171 833 1222 872 c.
1252 814 1319 872 15
1343 815 1620 887 feruntur,
1642 833 1674 873 a
1694 818 1835 873 Dio-

283 899 433 956 doro
481 898 683 974 (XIX,
729 897 832 974 34)
879 917 976 955 sex
1014 899 1236 957 dierum
1276 903 1513 979 itinere,
1537 905 1651 960 sive
1678 903 1837 977 qnod

284 987 612 1043 Plutarchus
633 1005 683 1046 c.
712 983 779 1042 15
798 988 1221 1061 promittentem
1243 991 1550 1048 Eumenem
1573 990 1705 1048 facit
1723 991 1834 1048 ἔπι-

281 1069 493 1143 στήσειν
527 1074 629 1129 τῶν
657 1071 918 1147 πολεμίων
945 1071 1007 1131 τὸ
1040 1073 1232 1153 τάχος,
1263 1073 1396 1134 ὥστε
1422 1075 1586 1157 τρισὶν
1624 1075 1835 1157 ὕστερον

283 1156 501 1237 ἡμίραις
564 1154 600 1228 ἢ
648 1161 1036 1238 προσδοκῶνται
1087 1162 1495 1240 παραγενέσθαι,
1548 1165 1836 1224 Diodorus

285 1247 480 1323 (XIX,
507 1245 608 1322 38)
631 1258 854 1305 contra:
883 1246 1155 1325 εὑρηκέναι
1176 1248 1277 1329 γὰρ
1298 1248 1485 1330 τρόπον
1515 1251 1581 1309 δι’
1609 1242 1669 1309 οὗ
1687 1249 1837 1321 ποιή·

282 1354 362 1391 σει
399 1331 483 1391 τὸν
520 1331 802 1410 Ἀντίγονον
845 1332 1056 1413 ὕστερον
1091 1334 1313 1415 ἡμέραις
1352 1336 1488 1418 τρισὶ
1522 1335 1557 1409 ἢ
1593 1336 1834 1418 τέτταρσι

282 1420 701 1500 παραγενέσθαι,
739 1425 928 1499 Nepos
961 1443 1013 1480 c.
1042 1444 1080 1500 9
1120 1443 1135 1484 t
1174 1438 1235 1482 ut
1265 1446 1376 1484 non
1406 1433 1586 1484 minus
1609 1431 1834 1486 totidem

285 1510 345 1585 (i.
369 1529 419 1566 e.
443 1505 720 1587 quinque)
738 1512 950 1567 dierum
967 1517 1151 1586 spatio
1166 1514 1595 1570 retardarentur.
1617 1516 1830 1573 Eadem

279 1614 416 1652 vero
446 1616 569 1671 quae
592 1598 745 1672 apud
773 1598 1047 1674 Nepotem
1077 1600 1341 1674 leguntur
1368 1619 1416 1658 c.
1447 1619 1484 1676 9
1507 1620 1521 1657 ε
1556 1608 1712 1677 ignes
1721 1602 1835 1673 sa-

279 1690 433 1739 ciant
471 1704 636 1759 quam
680 1690 959 1742 maxe'mos
990 1698 1155 1761 atque
1193 1687 1297 1744 hos
1327 1690 1572 1744 secunda
1606 1694 1801 1764 vigilia
1814 1736 1829 1763 ,

281 1776 550 1840 minuant,
590 1777 750 1828 tem'a
783 1778 1104 1847 perexigua
1139 1777 1389 1844 reddant,
1438 1776 1635 1833 eadem
1679 1779 1833 1852 apud

279 1858 520 1914 Diodor.
545 1859 688 1915 XIX
708 1898 724 1927 ,
753 1857 849 1916 33.
875 1862 1058 1916 Etiam
1075 1862 1430 1920 Plutarchus:
1457 1859 1659 1920 ἐκέλευε
1687 1863 1830 1944 πυρὰ

271 1941 448 2001 πολλὰ
472 1944 637 2002 καίειν
660 1945 713 2002 ἐν
742 1944 1107 2022 διαστήμασιν,
1128 1945 1305 2027 ὥσπερ
1328 1950 1374 2007 οἳ
1392 1950 1829 2028 στρατοπεδεύον-

270 2052 378 2095 τες.
409 2035 621 2088 Iterum
644 2052 781 2090 vero
811 2036 1158 2093 concordant
1190 2036 1431 2097 Diodor.
1455 2040 1632 2110 XIX,
1668 2040 1740 2098 38
1775 2055 1831 2098 et

282 2119 608 2176 Plutarchus
642 2119 714 2176 de
747 2138 940 2192 causa,
965 2142 1087 2197 quae
1115 2126 1460 2200 Antigonum
1486 2138 1550 2184 ut
1584 2127 1644 2183 in
1667 2147 1829 2184 com-

282 2205 598 2263 modiorem
625 2208 775 2263 viam
808 2209 1204 2284 regrederetur
1233 2213 1547 2286 impulerit,
1591 2213 1663 2271 de
1700 2235 1830 2275 ora-

285 2294 435 2347 tione
458 2310 570 2366 qua
589 2295 1050 2368 compellaverint
1073 2301 1321 2354 veterani
1349 2301 1685 2358 Macedones
1714 2308 1827 2360 An-

279 2379 455 2453 tigoni
481 2380 683 2436 milites
707 2379 978 2456 (Diodor.
1004 2403 1054 2441 c.
1082 2389 1172 2448 41.
1199 2385 1346 2442 Plut.
1366 2405 1416 2445 c.
1443 2383 1561 2463 16),
1583 2389 1828 2465 denique

282 2464 353 2519 de
369 2476 525 2521 aetate
549 2484 746 2521 eorum
766 2479 821 2523 et
837 2471 1039 2542 peritia
1057 2471 1279 2527 militari
1296 2484 1352 2527 et
1370 2471 1442 2529 de
1459 2493 1650 2549 pugna
1679 2477 1829 2534 inter

281 2563 582 2626 utrumque
626 2555 933 2611 exercitum
981 2559 1270 2615 commissa
1320 2559 1525 2635 (Diod.
1582 2569 1678 2629 42.
1729 2563 1823 2631 43.

279 2639 424 2694 Plut.
458 2640 528 2696 16
571 2683 586 2699 .

364 2749 388 2775 ιι
416 2638 736 2800 Supe)rsedit
757 2728 1043 2786 Diodorus
1066 2732 1416 2791 orationibus
1456 2754 1519 2792 ac
1546 2741 1826 2794 sententiis

279 2812 610 2886 referendis,
653 2816 856 2888 quibus
879 2818 1126 2875 Justinus
1142 2860 1159 2891 ,
1189 2821 1377 2897 Nepos
1403 2834 1459 2879 et
1499 2826 1827 2884 Plutarchus

279 2910 584 2956 extremam
619 2904 880 2961 Eumenis
918 2906 1089 2961 vitam
1127 2922 1556 2969 exornaverunt.
1600 2914 1824 2971 Conve-

275 2987 438 3043 niunt
460 3000 644 3045 autem
668 2991 815 3047 inter
830 3010 888 3047 se
905 2994 1092 3067 Nepos
1113 3004 1172 3051 et
1195 2996 1548 3070 Plutarchus,
1580 3004 1678 3075 qui
1703 3022 1825 3078 quae

279 3073 631 3131 tradiderunt
652 3096 770 3132 non
791 3077 1041 3135 absimile
1071 3083 1192 3137 veri
1210 3093 1291 3139 est
1305 3088 1517 3158 pariter
1539 3100 1708 3162 atque
1729 3110 1790 3147 re
1804 3125 1823 3135 ·

279 3160 430 3234 liqua
452 3162 527 3218 ad
569 3164 900 3238 Hieronymi
940 3171 1330 3228 auctoritatem
1350 3177 1667 3233 revocanda
1690 3196 1820 3237 esse.

266 3246 362 3305 ef.
395 3249 676 3305 Plutarch.
714 3250 782 3306 18
809 3269 825 3310 :
867 3249 1027 3319 οὕτως
1047 3255 1118 3321 ὡς
1154 3254 1408 3337 ἐλέφαντα
1443 3258 1478 3331 ἢ
1517 3265 1586 3328 ὡς
1612 3260 1822 3338 λέοντα,

276 3332 466 3408 Nepos
499 3355 522 3392 1
539 3354 562 3391 1
594 3353 609 3393 :
638 3350 699 3393 ut
723 3345 1046 3398 acerrimum
1074 3345 1281 3401 leonem
1309 3359 1410 3403 aut
1415 3345 1824 3418 ferocissimum

271 3420 630 3496 elephantum
644 3444 668 3493 ,-
689 3443 821 3483 mox
847 3429 994 3486 inter
1012 3432 1316 3488 Eumenem
1331 3446 1386 3490 et
1404 3436 1821 3497 onomarchum

278 3509 376 3581 qui
402 3526 584 3566 sermo
605 3511 826 3569 habitus
855 3533 969 3583 esse
995 3517 1233 3591 dicitur-5
1255 3520 1498 3596 denique
1530 3529 1823 3584 consilium

275 3594 351 3651 de
377 3597 625 3656 Eumene
650 3600 936 3673 habitum,
973 3606 1118 3680 Nep.
1156 3626 1223 3663 12
1241 3651 1258 3679 ,
1283 3610 1432 3666 Plut.
1472 3612 1561 3669 18.
1589 3617 1822 3674 Nonnisi

279 3681 350 3738 de
375 3685 493 3758 ipsa
518 3697 701 3742 morte
726 3689 988 3746 Eumenis
1014 3692 1198 3767 aliqua
1219 3706 1301 3751 est
1324 3698 1474 3755 inter
1492 3702 1637 3775 Nep.
1675 3723 1739 3759 12
1768 3715 1822 3761 et

277 3771 422 3826 Plut.
467 3770 537 3829 18
562 3772 952 3848 discrepantia.
982 3780 1066 3835 De
1092 3798 1354 3855 supremo
1387 3798 1582 3844 contra
1601 3790 1820 3849 honore

276 3858 344 3913 ab
375 3861 662 3935 Antigono
705 3864 941 3919 Eumeni
974 3865 1168 3924 habito
1207 3873 1531 3947 conspirant
1573 3878 1816 3938 Diodor.

278 3950 383 4014 44,
408 3945 555 4002 Plut.
590 3966 659 4022 ¹9
688 3959 745 4005 et
766 3950 910 4025 Nep.
942 3950 1031 4010 13.

355 4054 379 4082 ι
396 4033 461 4087 111
470 4033 552 4102 iis,
565 4053 689 4107 quae
699 4035 771 4092 ad
789 4050 1028 4095 mortem
1045 4046 1492 4116 usqueEumenis
1504 4062 1652 4125 gesta
1669 4066 1815 4125 sunt,

275 4119 561 4175 narrandis
576 4122 618 4177 si
631 4120 802 4178 fidem
819 4126 1107 4185 Diodorus
1123 4133 1470 4205 potissimum
1489 4138 1820 4215 Hieronymi

277 4214 490 4260 secutus
508 4218 608 4278 est,
630 4210 689 4264 in
712 4213 907 4268 ceteris
933 4232 1162 4291 quoque
1184 4219 1366 4275 eidem
1392 4240 1450 4277 se
1469 4224 1819 4284 adstrinxisse

276 4290 512 4350 videtur.
541 4298 882 4373 Antigonum
908 4303 1056 4357 enim
1092 4316 1147 4360 et
1175 4308 1522 4364 Demetrium
1545 4316 1671 4369 satis
1696 4317 1819 4372 lau-

273 4375 452 4449 davit,
484 4379 554 4435 de
580 4384 850 4442 Nabataeis
891 4399 1074 4445 autem
1106 4390 1371 4469 (Diodor.
1402 4397 1572 4467 XIX,
1616 4402 1724 4475 94)
1764 4416 1820 4461 et

275 4463 346 4518 de
369 4465 492 4521 lacu
514 4470 822 4542 Asphaltite
843 4474 924 4545 (c.
952 4476 1049 4550 98.
1073 4479 1179 4553 99)
1207 4497 1329 4553 quae
1358 4472 1620 4556 tradidit,
1650 4489 1814 4547 dubi-

275 4551 378 4607 tari
396 4566 581 4627 potest
605 4577 740 4613 num
768 4561 843 4615 ita
869 4565 1094 4638 copiose
1117 4571 1484 4640 exposuisset,
1511 4575 1612 4629 nisi
1641 4577 1814 4634 uber-

273 4639 468 4695 rimam
514 4661 704 4699 earum
747 4664 936 4704 rerum
992 4651 1426 4727 descriptionem
1475 4661 1630 4733 apud
1675 4660 1816 4722 Hie'-

271 4744 566 4801 ronymum
590 4732 915 4806 invenisset,
942 4750 1006 4793 ut
1028 4741 1128 4812 qui
1156 4744 1607 4817 expeditionibus
1633 4769 1665 4805 a
1697 4756 1816 4810 De-

272 4817 472 4871 metrio
495 4818 556 4872 in
572 4836 637 4875 ea
649 4820 774 4877 loca
785 4827 1051 4897 susceptis
1067 4828 1186 4901 ipse
1209 4830 1518 4891 interfuisse
1534 4838 1810 4898 videatur.

272 4901 597 4961 Plutarchus
631 4908 691 4962 in
720 4909 843 4964 Vita
887 4913 1161 4969 Demetrii
1203 4918 1323 4973 aliis
1368 4937 1598 4997 quoque
1646 4945 1814 5000 quam

269 4988 551 5049 Diodorus
575 4993 826 5052 sontibus
849 5016 978 5054 usus
1000 5011 1108 5070 est,
1142 5021 1262 5059 non
1280 5008 1547 5067 recedens
1574 5012 1668 5068 ille
1690 5017 1814 5089 qui-

269 5072 398 5128 dem
418 5095 450 5133 a
474 5081 641 5136 solito
664 5100 824 5139 more
867 5104 970 5140 suo
991 5128 1006 5154 ‚
1034 5106 1150 5160 quo
1176 5089 1477 5168 decerpere
1495 5118 1814 5175 usquequa-

267 5177 378 5232 que
398 5171 714 5238 consuevit,
741 5188 863 5242 quae
900 5173 972 5228 ad
1006 5180 1386 5252 exornandas,
1415 5203 1551 5258 quas
1597 5190 1809 5245 exhibi-

3354 442 3469 494 459

1926 566 2084 612 turus
2125 567 2269 627 erat,
2310 558 2605 613 hominum
2647 579 2877 615 suorum
2906 564 3172 638 imagines
3195 566 3476 643 facerent,

1925 632 2051 697 non'
2071 642 2269 698 desunt
2317 654 2534 715 tamen,
2573 647 2630 700 in
2669 648 2872 719 quibus
2921 651 2995 703 ita
3026 655 3310 726 conspiret
3347 675 3477 711 cum

1925 732 2215 804 Diodoro,
2258 746 2322 790 ut
2358 735 2451 791 hic
2489 753 2557 792 ex
2585 754 2700 810 quo
2734 737 2889 796 sonte
2934 739 3154 798 fluxisse
3198 745 3476 819 videatur,

1927 838 1996 876 ex
2019 821 2221 877 eodem
2245 823 2338 878 ille
2366 841 2594 895 quoque
2624 826 2834 882 rivulos
2865 846 2993 883 suos
3017 827 3308 889 deduxisse
3338 853 3479 890 cen-

1924 906 2129 964 sendus
2166 910 2255 964 sit.
2300 910 2395 968 Sic
2441 909 2513 966 de
2556 929 2746 986 pugna
2792 913 2865 970 ad
2894 915 3039 972 Gaza
3076 917 3275 975 similia
3312 920 3481 995 plane

1925 1005 2055 1049 sunt
2071 1036 2087 1065 ‚
2137 1013 2260 1068 quae
2287 995 2439 1070 apud
2464 1008 2771 1073 utrumque
2800 1013 3118 1059 narrantur.
3154 1006 3480 1068 Plutarchus

1925 1082 2075 1137 euim
2111 1083 2269 1155 quod
2302 1085 2553 1158 quinque
2593 1089 2766 1144 millia
2807 1090 2878 1146 de
2923 1093 3194 1148 Demetrii
3231 1099 3480 1155 exercitu

1925 1167 2184 1224 cecidisse
2217 1170 2506 1245 perhibet,
2535 1174 2825 1232 Diodorus
2866 1179 2990 1251 plus
3026 1180 3367 1256 quingentis,
3392 1188 3479 1241 ni-

1922 1253 2002 1307 hil
2032 1256 2246 1329 arguit,
2274 1257 2380 1310 nisi
2421 1270 2515 1312 aut
2541 1266 2813 1320 memoria
2841 1266 3055 1338 lapsum
3095 1286 3207 1324 esse
3252 1271 3477 1329 Plutar-

1925 1341 2121 1410 chum,
2150 1353 2246 1397 aut
2268 1343 2620 1401 πεντακοσίων
2663 1348 2817 1422 apud
2845 1368 2971 1406 eum
2999 1371 3108 1426 pro
3145 1374 3477 1436 πεντακιςχι-

1923 1424 2048 1482 λίων
2076 1428 2376 1504 legendum
2410 1448 2540 1490 esse.
2625 1435 2682 1490 Si
2712 1437 2835 1509 quis
2861 1439 3011 1493 enim
3041 1441 3137 1512 qui
3164 1453 3292 1498 sunt
3324 1447 3477 1519 apud

1923 1512 2239 1570 Diodorum
2267 1519 2485 1573 numeri
2515 1532 2772 1578 accurate
2793 1524 3193 1598 perpenderit,
3224 1526 3349 1586 fieri
3384 1535 3475 1589 vix

1923 1602 2167 1673 potuisse
2194 1603 2471 1676 inveniet,
2498 1616 2561 1661 ut
2586 1609 2692 1663 nisi
2718 1612 2842 1682 quis
2877 1612 3167 1685 copiarum
3202 1616 3475 1674 Demetrii

1922 1705 2220 1743 numerum
2240 1691 2389 1746 ultra
2406 1710 2632 1748 omnem
2657 1695 2894 1751 modum
2922 1701 3178 1769 auxisset,
3205 1713 3284 1757 tot
3302 1707 3475 1766 millia

1921 1773 2216 1831 hominum
2237 1778 2527 1835 interfecta
2555 1799 2668 1836 esse
2692 1782 2957 1840 traderet.
2975 1786 3171 1859 Neque
3194 1790 3474 1847 alienavi-

1923 1860 2129 1917 dcntur
2150 1863 2457 1920 aCardiani
2485 1868 2728 1942 ratione,
2759 1888 2883 1943 quae
2909 1883 3039 1945 post
3062 1892 3317 1950 pugnam
3343 1879 3477 1934 Plu-

1922 1948 2144 2005 tarchus
2166 1968 2214 2008 c.
2249 1947 2280 2005 5
2298 1953 2648 2009 Demetrium
2669 1956 2761 2011 vel
2780 1957 2980 2014 dixisse
2995 1960 3084 2015 vel
3109 1961 3299 2020 fecisse
3310 1963 3467 2038 dicit,

1920 2036 2206 2093 Diodorus
2232 2048 2415 2094 autem
2435 2040 2655 2097 silentio
2677 2045 2993 2101 transmisit.
3022 2048 3255 2104 Accedit
3276 2051 3362 2107 his
3386 2054 3475 2109 lo-

1919 2123 1996 2177 cis
2017 2123 2257 2184 Diodor.
2298 2126 2474 2203 XIX,
2518 2129 2592 2202 93
2623 2140 2677 2187 et
2713 2132 2860 2188 Plut.
2904 2135 3155 2191 Demetr.
3186 2155 3238 2194 c.
3270 2138 3329 2196 6.
3359 2142 3474 2198 Ubi

1920 2226 2043 2286 quae
2068 2209 2329 2285 leguntur
2359 2213 2430 2270 de
2458 2215 2596 2273 Cille
2619 2235 2651 2273 a
2676 2220 2966 2276 Demetrio
2994 2233 3192 2295 capto,
3225 2223 3474 2284 dubitari

1922 2295 2020 2350 vix
2042 2306 2254 2370 potest,
2300 2301 2437 2372 quin
2466 2319 2536 2356 ex
2573 2302 2774 2359 eodem
2815 2305 2972 2364 sonte
3008 2314 3370 2372 manaverint.
3402 2318 3472 2373 In

1917 2382 2367 2455 expeditionibus
2395 2399 2581 2444 autem
2595 2429 2613 2460 ,
2637 2408 2773 2463 quas
2792 2394 2851 2447 in
2887 2394 3177 2453 Nabataeos
3203 2410 3259 2455 et
3281 2401 3472 2457 Seleu·

1917 2485 2046 2522 cum
2067 2472 2384 2530 Demetrius
2411 2480 2748 2551 susceperit,
2792 2479 3098 2538 referendis
3126 2484 3275 2541 idem
3317 2500 3470 2546 certe

1915 2555 2068 2628 apud
2084 2567 2386 2634 utrumque
2404 2563 2734 2637 scriptorem
2750 2585 2937 2622 rerum
2954 2570 3099 2626 ordo
3114 2584 3364 2630 servatur
3384 2575 3466 2653 (Ἴ.

1917 2643 2123 2698 Contra
2155 2645 2226 2702 de
2253 2647 2638 2707 Halicarnasso
2675 2666 2995 2728 oppugnata
3023 2674 3053 2712 a
3082 2659 3382 2716 Ptolemaeo
3413 2675 3469 2718 et

1915 2729 2151 2789 liberata
2194 2734 2264 2789 ab
2305 2737 2590 2812 Antigono
2620 2737 2796 2812 (Plut.
2837 2744 2999 2801 Dem.
3047 2763 3076 2814 7
3122 2745 3297 2823 extr.)
3324 2751 3462 2804 nihil

1915 2818 2069 2889 apud
2090 2820 2407 2878 Diodorum
2445 2827 2744 2899 reperitur,
2772 2829 2870 2901 qui
2898 2832 2985 2884 vel
3014 2833 3127 2886 XX
3145 2873 3160 2901 ,
3206 2834 3277 2904 37
3308 2855 3467 2892 men-

1918 2906 2127 2961 tionem
2148 2907 2265 2980 ejus
2286 2912 2368 2966 rei
2392 2911 2573 2969 facere
2596 2924 2846 2988 poterat.

1993 3017 2019 3047 ι
2032 2997 2076 3052 Ε
2096 2996 2323 3054 divensis
2340 3000 2697 3059 Plutarchum
2710 3006 2911 3078 passim
2930 3007 3178 3066 ibntibus
3203 3010 3463 3084 hausisse,

1911 3091 2188 3148 nusquam
2217 3077 2446 3136 fortasse
2477 3083 2827 3140 verisimilius
2847 3096 2924 3141 est
2948 3105 3117 3159 quam
3137 3090 3196 3142 in
3224 3091 3319 3166 iis,
3341 3111 3465 3165 quae

1914 3177 2045 3216 cum
2079 3164 2512 3223 Atheniensibus
2536 3171 2856 3227 Demetrius
2882 3175 3053 3247 egisse
3086 3172 3311 3236 dicitur.
3344 3179 3466 3233 Du·

1912 3247 2070 3303 bium
2098 3251 2248 3305 enim
2264 3269 2382 3308 non
2410 3264 2521 3326 est,
2557 3259 2696 3329 quin
2714 3259 2803 3313 vel
2823 3258 3055 3333 plurimi
3086 3261 3157 3318 tle
3188 3262 3272 3318 his
3299 3266 3467 3322 rcbus

1915 3340 2292 3410 exposuerint.
2316 3342 2484 3397 Unde
2514 3345 2725 3400 etiamsi
2744 3348 2972 3419 gravior
2990 3349 3137 3404 inter
3158 3361 3464 3427 utrumque

1912 3433 2198 3480 auctorem
2221 3426 2483 3484 dissensio
2502 3448 2621 3485 nou
2636 3442 2732 3501 est,
2754 3433 2926 3487 multa
2956 3445 3142 3490 tamen
3158 3449 3287 3494 sunt
3307 3440 3462 3512 apud

1912 3508 2271 3566 Plutarchum
2295 3514 2371 3585 (c.
2406 3513 2625 3588 8-14)
2655 3537 2777 3590 quae
2793 3519 3275 3592 apudDiodorum
3295 3523 3456 3599 (XX,

1914 3594 2005 3660 45.
2030 3596 2136 3672 46)
2162 3597 2569 3671 desiderantur,
2593 3613 2648 3657 et
2666 3604 2736 3659 ad
2759 3606 2921 3660 aliam
2938 3625 3105 3678 quam
3128 3608 3459 3684 Hieronymi

1910 3683 2172 3740 Cardiani
2220 3690 2608 3744 auctoritatem
2646 3693 2964 3748 revocanda
3008 3694 3246 3766 fuerint,
3295 3717 3351 3753 v.
3405 3718 3456 3758 c.

1910 3787 2034 3842 quae
2062 3771 2134 3827 de
2157 3772 2410 3847 Stilpone
2437 3776 2763 3833 referuntur
2791 3780 3131 3855 philosopho
3154 3783 3462 3859 Megarensi

1910 3875 1958 3912 c.
1991 3877 2051 3930 9,
2072 3869 2129 3914 et
2156 3859 2226 3915 de
2248 3862 2491 3918 sordidis
2509 3862 2893 3921 adulatoribus
2913 3869 3208 3942 Demetrii,
3231 3873 3300 3927 ab
3332 3875 3461 3948 ipsis

1908 3944 2336 4003 Atheniensibus
2364 3948 2575 4005 derisis.

1988 4033 2114 4086 «De
2140 4033 2291 4088 bello
2320 4036 2484 4091 etiam
2499 4036 2706 4111 Cyprio
2725 4037 2744 4112 ζ
2759 4040 3041 4116 Plutarch.
3077 4044 3327 4102 Demetr.
3366 4046 3454 4103 15.

1915 4117 2012 4172 16.
2062 4119 2286 4176 Diodor
2318 4122 2463 4193 XX,
2513 4122 2805 4201 47—52),
2837 4128 2937 4182 etsi
2981 4130 3164 4202 gravis
3204 4132 3461 4204 inprimis

1908 4205 2241 4279 Hieronymi
2282 4210 2581 4266 auctoritas
2618 4210 2782 4268 fuisse
2807 4213 3050 4285 videtur,
3079 4215 3315 4272 dubium
3344 4229 3454 4293 est,

1907 4309 2044 4345 num
2065 4295 2409 4352 tantumdem
2424 4299 2918 4374 utriquescriptori
2939 4303 3192 4359 valuerit.
3216 4305 3457 4362 Diodori

1906 4380 2056 4433 enim
2086 4399 2423 4457 quamquam
2450 4385 2684 4440 uberior
2706 4390 2951 4444 narratio
2988 4400 3068 4444 est
3087 4433 3102 4461 ‚
3133 4409 3249 4446 non
3277 4395 3457 4468 attigit

1907 4474 2095 4522 tamen
2120 4470 2224 4524 nisi
2251 4489 2374 4544 quae
2402 4471 2475 4527 ad
2500 4490 2621 4529 rem
2654 4472 2933 4547 facerent,
2965 4479 3154 4535 omisit
3194 4498 3456 4553 quaecun-

1906 4571 2018 4627 que
2042 4564 2255 4610 tantum
2282 4558 2354 4613 ad
2378 4569 2638 4615 ornatum
2660 4562 3023 4634 pertinerent.
3052 4566 3265 4622 Desunt
3286 4568 3456 4643 igitur

1907 4638 2120 4698 ἀπεῖλαι
2147 4639 2440 4717 κομπώδεις
2462 4644 2549 4702 καὶ
2573 4646 2802 4723 διάλογοι
2826 4667 2949 4721 quae
2984 4661 3112 4706 sunt
3132 4653 3286 4726 apud
3308 4656 3454 4715 Plut.

1905 4728 2070 4787 Dem.
2101 4748 2163 4785 c.·
2196 4728 2288 4786 15.
2317 4733 2488 4806 Apud
2513 4734 2832 4790 Diodorum
2860 4737 3095 4795 navibus
3128 4741 3457 4799 Ptolemaeus

1904 4813 2157 4890 confligit
2179 4817 2547 4893 quadraginta
2574 4832 2629 4877 et
2665 4832 2886 4878 centum
2902 4866 2919 4894 ,
2945 4827 3261 4885 Demetrius
3299 4830 3451 4904 apud

1903 4899 2259 4957 Plutarchum
2287 4907 2520 4962 navibus
2544 4918 2766 4963 centum
2803 4912 3112 4988 octaginta,
3144 4916 3297 4989 apud
3317 4920 3453 4973 Dio·

1965 5069 2028 5132 (*)
2062 5070 2164 5120 Alio
2195 5075 2392 5124 auctore
2416 5088 2529 5125 usus
2546 5090 2648 5129 esse
2666 5077 2857 5130 videtur
2875 5084 3130 5135 Pausanias
3148 5087 3189 5146 1,
3210 5092 3257 5145 6,
3286 5093 3314 5136 6
3340 5101 3452 5137 nar·

1903 5152 2012 5188 rans
2032 5139 2094 5190 de
2116 5143 2281 5203 proelio
2303 5159 2331 5193 a
2358 5148 2601 5197 Demetrio
2624 5162 2733 5199 cum
2754 5151 2875 5201 cille
2897 5152 3151 5205 commisso
3168 5175 3183 5205 ι
3212 5174 3293 5206 και
3326 5174 3455 5215 τινας

1900 5214 1993 5258 τῶν
2020 5212 2283 5273 Αἰγυπτίων
2308 5216 2513 5278 λοχήσας
2536 5219 2776 5283 διέφθειρεν
2794 5222 2849 5271 οὐ
2870 5224 3079 5281 πολλούς.
