4016 5916
468 285 587 335 ‚356
1548 257 2048 320 MANETHONIS
2096 256 2573 317 SEBENNYTAE

1054 475 1311 522 mser-uns·
2200 467 2484 511 Armcsws.
3087 461 3347 508 Ecsemtzs.

544 629 661 687 Dyn.
706 625 888 682 xvnl,
943 628 1015 670 15.
1052 622 1312 668 Ramesses.
1345 653 1357 666 .
1426 651 1439 665 .
1479 652 1490 663 .
1580 650 1592 661 .
1629 626 1705 662 an.
1789 620 1803 661 1
1844 615 1870 662 4
1990 615 2233 662 Ramesses
2238 643 2476 660 ......
2541 621 2599 656 an
2670 615 2687 656 ι

938 717 1007 760 ¹6.
1042 715 1279 759 Armesses
1305 705 1480 756 Miamu
1539 742 1550 754 .
1590 741 1602 754 .
1751 708 1866 755 66.7
1995 734 2495 751 ...........
2887 699 3147 747 Ramesses.
3178 734 3192 748 .
3231 735 3245 748 .
3288 736 3300 747 .
3338 733 3350 745 .
3388 713 3480 747 an.
3567 707 3652 748 68

544 805 667 864 Dyn.
738 802 875 861 xlx,
968 805 1005 848 ι.
1040 795 1249 846 Sethosis
1274 806 1314 843 s.
1339 795 1603 841 Ramesses.
1754 794 1812 839 59
1999 786 2210 837 sethosis
2218 819 2484 836 ......
2632 791 2683 833 51
2896 784 3104 834 Setbosis
3122 817 3355 836 .....
3573 793 3656 836 55

964 891 1007 933 2.
1045 885 1271 943 Rampses
1284 911 1603 929 .......
1754 882 1812 925 66
1998 877 2293 936 Rampsaees.
2630 879 2690 921 66
2891 874 3118 934 Rampsee
3121 907 3347 921 .....
3563 881 3646 923 σε

961 974 987 1020 4
996 999 1789 1020 ................
1991 964 2251 1012 Ramesses.
2282 995 2485 1009 .....
2629 966 2688 1009 60

563 1147 655 1202 IV.
700 1146 828 1199 Post
851 1145 1166 1198 Ramessem
1194 1140 1446 1213 sequitur
1482 1137 1827 1210 Amenophis
1867 1136 1979 1191 sive
2012 1135 2434 1209 Amenophath,
2476 1134 2630 1206 eujus
2654 1134 2740 1188 bis
2767 1132 2830 1188 fit
2849 1135 3061 1190 mentio
3096 1152 3110 1189 ε

999 1317 1255 1364 Josepuos.
2133 1311 2418 1357 Amisimus.
3097 1311 3345 1356 Eusemus.

550 1446 672 1506 Dyn.
722 1439 908 1497 xvm,
949 1442 1020 1486 17.
1060 1431 1366 1496 Amenophis.
1406 1470 1416 1483 .
1451 1445 1529 1482 an.
1582 1436 1655 1483 19.
1692 1437 1720 1480 6
1938 1429 2288 1492 Amenophath.
2321 1464 2335 1477 .
2373 1465 2386 1477 .
2451 1441 2527 1477 an.
2571 1436 2625 1478 19
2891 1430 3197 1492 Amenophis.
3228 1466 3241 1478 .
3282 1465 3296 1478 .
3332 1464 3349 1478 .
3422 1443 3514 1479 an.
3554 1434 3628 1480 40

770 1528 905 1585 xlx,
974 1531 1021 1574 3.
1060 1519 1361 1583 Amenophis.
1398 1555 1413 1569 .
1605 1518 1632 1546 *
1692 1518 1718 1543 *
1934 1516 2293 1579 Amenophthis.
2320 1551 2333 1564 .
2367 1550 2380 1563 .
2562 1522 2620 1565 20
2888 1516 3240 1577 Ameuephthis.
3274 1553 3288 1566 .
3329 1553 3343 1567 .
3551 1521 3620 1578 ⁴0

568 1686 878 1757 Supersunt
904 1694 1061 1751 reges
1086 1675 1201 1730 duo
1236 1693 1250 1730 t
1282 1677 1351 1732 V.
1383 1674 1813 1730 Ammenenmes
1854 1689 1946 1726 an.
1999 1668 2031 1726 5

486 1767 732 1846 (Afric.)
794 1767 883 1821 vel
924 1768 1311 1821 Ammenemes
1352 1780 1442 1819 an.
1476 1762 1549 1817 26
1601 1757 1864 1834 (Euseb.)
1891 1778 1907 1828 3
1932 1759 2031 1816 VI.

486 1857 731 1915 Thuoris
762 1873 851 1911 an.
881 1871 910 1922 7
954 1847 1161 1926 (Afric.
1183 1859 1238 1904 et
1256 1842 1513 1925 Euseb.).
1566 1917 1571 1924 ι

574 1947 697 2000 Hoc
737 1942 909 2016 igitur
952 1937 1133 1993 modo
1174 1953 1475 1992 numerum
1510 1951 1817 2008 regnorum
1856 1931 2039 1986 nanci-

480 2034 694 2090 scimur
730 2027 971 2100 eundem
999 2043 1168 2099 quem
1195 2032 1557 2079 monumenta
1595 2020 1867 2095 praebent.
1915 2020 2040 2073 Jam

2126 1671 2396 1743 quaeritur
2416 1688 2554 1723 num
2575 1669 2742 1724 etiam
2767 1669 2967 1743 singuli
2994 1687 3153 1743 reges
3180 1669 3295 1725 sint
3324 1671 3534 1728 iidem.
3564 1674 3724 1729 Sunt

2124 1758 2365 1813 minime.
2380 1755 2549 1829 Quod
2585 1768 2647 1811 ut
2661 1755 3018 1831 intelligatur,
3039 1758 3445 1829 praemittimus
3465 1771 3725 1820 stemma

2124 1846 2574 1919 genealogicum,
2616 1844 2781 1917 quale
2809 1861 2875 1898 ex
2916 1856 3432 1901 monumentorum
3475 1848 3721 1905 indiciis

2126 1932 2412 1987 constituit
2435 1931 2687 2004 Lepsius.

1886 2203 2164 2247 Auel-toruis
2197 2199 2290 2257 111,

1714 2261 1829 2322 (rex
1861 2264 2062 2309 octavus
2092 2259 2205 2322 dyn.
2243 2259 2397 2306 xvnl
2417 2262 2449 2318 ).

717 2473 757 2518 Δ
1294 2400 1335 2511 (Ι)
1813 2395 1856 2508 ἐ)
2002 2462 2040 2508 Δ

736 2539 1305 2566 w

648 2586 831 2633 Νει-Ἱω.
1129 2583 1403 2626 Amoems
1437 2575 1545 2636 (lv)
1740 2575 1933 2632 Honos,

520 2648 622 2696 tam
659 2656 772 2693 uam
803 2639 961 2703 regina
986 2657 1000 2688 ε
1153 2637 1536 2699 (Rauen-uteru)
1661 2634 1777 2697 (rex
1804 2633 2011 2695 nonus).

551 2709 643 2757 Bec
659 2704 875 2753 1·n-aten
897 2704 964 2749 Ra
1312 2711 1414 2747 rex.

622 2769 639 2828 (
658 2765 888 2823 Becbra).
1173 2763 1349 2808 Annus
1384 2762 1536 2808 mmm

606 2824 889 2877 Kencheres
1240 2823 1474 2869 notatur.

612 2887 827 2937 Cherres
855 2883 914 2945 (9)

2288 2460 2330 2505 Ο
2551 2460 2588 2506 Δ
2814 2466 2853 2508 Δ
3423 2465 3470 2512 O

2307 2531 2566 2554 Ἢν
2839 2540 3462 2570 *sm

2140 2576 2465 2621 Axemnfflcn
2764 2575 2879 2622 Τετι
3211 2576 3376 2624 Be—ne
3397 2590 3660 2631 ‘rem-nest

2260 2644 2363 2680 rex.
2618 2633 2678 2693 (ἰ.
2704 2646 2744 2682 e.
2771 2633 3019 2694 Athothis)

2589 2697 2696 2757 post
2720 2696 2837 2744 Hori
2863 2696 3049 2746 obitum

2556 2758 2719 2819 regnat
2740 2770 2851 2806 eum
2876 2758 3065 2809 marito.

2188 2943 2433 2992 Nee-nam
3008 2946 3223 2994 Russssu
3251 2945 3311 3007 (1)

2270 3017 2372 3053 rex.
3077 3019 3184 3054 rex.

578 3160 901 3219 Secundum
917 3159 1034 3215 haec
1053 3169 1257 3233 praeter
1286 3160 1504 3213 Horum
1524 3168 1833 3231 regnarunt
1857 3148 2053 3215 fratres
2094 3160 2102 3203 5
2140 3161 2238 3233 qui
2272 3160 2354 3216 ibi
2400 3170 2693 3234 ponuntur
2714 3179 2872 3236 reges
2897 3164 3182 3219 Ramesses
3208 3165 3236 3219 I
3263 3176 3322 3220 et
3339 3167 3461 3223 Seti
3499 3170 3525 3223 1
3554 3168 3698 3245 apud

492 3255 615 3330 ejus
643 3255 759 3311 duo
788 3249 1174 3308 Amentuanch
1197 3261 1252 3305 et
1277 3246 1618 3322 Amenophis
1637 3250 1680 3303 I
1679 3249 1748 3303 V.
1777 3249 2052 3304 Neutrum

498 3352 814 3400 memorant
831 3357 1017 3413 neque
1040 3340 1305 3394 Manetbo
1329 3354 1515 3410 neque
1539 3335 1727 3391 tabula
1755 3336 2048 3410 Abydena.

498 3433 721 3488 Scilicet
746 3439 987 3502 uterque
1005 3427 1118 3482 fato
1140 3426 1359 3480 functus
1379 3434 1458 3479 est
1479 3434 1607 3479 ante
1624 3423 1843 3478 obitum
1863 3426 2007 3480 Hori
2027 3445 2040 3481 t

497 3538 627 3575 nam
669 3518 740 3573 ad
787 3514 1019 3572 aedifieia
1054 3514 1126 3570 ab
1156 3511 1315 3568 Horo
1338 3530 1471 3587 rege
1517 3522 1792 3568 exstructa
1843 3512 2056 3586 lapides

499 3606 736 3662 adhibiti
758 3614 915 3673 sunt,
944 3603 1041 3676 qui
1061 3602 1293 3657 nomina
1317 3601 1659 3674 Amenophis
1685 3602 1760 3657 lv
1779 3612 1834 3656 et
1845 3604 2054 3657 Amen-

498 3692 724 3747 tuanchi
762 3690 1026 3762 inscripta
1057 3688 1287 3745 habent.
1320 3688 1685 3742 Monumenta
1713 3690 2051 3742 Amentuan-

500 3780 607 3847 ehi,
628 3779 787 3832 sicuti
810 3776 1088 3832 Nebrama
1104 3772 1207 3829 filii
1237 3775 1295 3828 in
1330 3771 1605 3847 AEthiopia
1624 3784 1855 3831 exstant.
1878 3777 1946 3829 In
1968 3776 2054 3831 his

501 3867 686 3938 itaque
710 3863 1035 3939 regionibus
1056 3879 1310 3937 regnasse
1329 3860 1614 3921 videntur.
1636 3863 1857 3917 Nomen
1888 3866 2055 3917 Ame-

498 3952 702 4025 nophis
718 3969 836 4005 non
863 3950 1143 4023 reperitur
1166 3946 1311 4002 infra
1330 3947 1693 4015 Aschmunin,
1729 3965 1852 4020 quae
1887 3958 1967 4004 est
1998 3949 2056 4003 in

500 4040 746 4112 AEgypto
777 4037 985 4092 media.
1012 4037 1145 4090 Post
1178 4045 1421 4089 mortem
1467 4036 1611 4109 regis
1632 4035 1886 4109 regnavit
1909 4054 2057 4091 uxor

500 4125 615 4195 ejus
646 4126 748 4180 sub
786 4126 1015 4179 nomine
1041 4122 1414 4178 Beck-maten
1440 4121 1876 4199 Ra(BecJ1-ra).
1906 4123 2051 4178 Num

497 4211 615 4266 haec
662 4228 890 4283 quoque
935 4211 1156 4265 vivente
1200 4207 1384 4264 adhuc
1442 4210 1602 4265 Horo
1664 4219 1887 4264 mortua
1948 4211 2052 4284 sit,

500 4314 703 4367 necne,
747 4296 902 4351 haud
951 4296 1146 4368 liquet.
1179 4296 1437 4351 Ceterum
1481 4297 1756 4364 Bech-ra‚
1799 4314 1910 4353 sec.
1954 4296 2054 4353 Le·

498 4386 712 4459 psium,
752 4395 832 4441 est
869 4383 1065 4439 eadem
1108 4402 1277 4456 qumu
1314 4386 1373 4438 in
1412 4385 1857 4439 Manethonianis
1883 4386 2052 4441 later-

500 4472 638 4526 culis
656 4472 934 4526 nominari
967 4470 1222 4525 videmus
1240 4470 1582 4539 Cencheren,
1613 4472 1914 4541 Acherren‚
1945 4484 2051 4529 etc.

502 4588 580 4600 —
606 4558 737 4613 Post
784 4566 1026 4612 mortem
1066 4575 1204 4612 vero
1256 4558 1397 4612 Hori
1425 4557 1679 4632 reg-navit
1727 4558 1849 4613 Tetae'
1865 4578 2051 4633 soror,

498 4643 646 4698 baud
679 4643 849 4698 dubie
867 4662 976 4717 pro
1014 4645 1273 4698 Ramesse
1288 4641 1405 4698 filio
1428 4645 1689 4718 puerulo.
1726 4647 1854 4702 Haec
1872 4641 2054 4702 niani·-

500 4730 636 4785 festo
667 4740 746 4785 est
772 4730 1034 4786 Athothis
1060 4731 1514 4789 Manethoniana.

581 4815 760 4890 igitur
799 4816 1039 4871 duarum
1070 4834 1242 4892 regna
1282 4816 1614 4874 seminarum
1661 4820 1812 4893 apud
1864 4824 2052 4877 Mane-

502 4900 731 4956 thonem
758 4915 1048 4974 notantur,
1086 4922 1330 4977 quorum
1368 4905 1428 4960 in
1465 4905 1650 4962 tabula
1701 4906 1972 4980 Abydena
1998 4917 2054 4962 et

498 4987 557 5040 in
579 4988 804 5060 reliquis
828 5008 1024 5065 regum
1053 4992 1298 5047 seriebus
1336 5010 1453 5047 non
1484 4990 1548 5048 fit
1574 4995 1804 5052 mentio.
1847 4995 2054 5050 Contra

2141 3249 2538 3305 Manethonem
2557 3250 2909 3323 praetermissi
2922 3262 3071 3307 sunt.

2219 3336 2485 3410 Sequitur
2510 3354 2615 3393 rex
2639 3338 2837 3392 tertius
2855 3340 3139 3393 Ramesses
3181 3340 3238 3395 11
3253 3380 3269 3409 ,
3293 3342 3395 3414 qui
3426 3342 3586 3399 idem
3628 3355 3704 3400 est

2141 3423 2197 3478 in
2225 3424 2602 3480 monumentis
2623 3434 2679 3479 et
2704 3443 2793 3498 ap.
2823 3425 3218 3481 Manethonem
3240 3468 3255 3495 ,
3296 3430 3394 3500 qui
3427 3432 3600 3486 etiam
3634 3432 3703 3487 de

2141 3521 2344 3583 quarto
2373 3529 2509 3586 rege
2525 3512 2819 3568 consentit.
2839 3513 2981 3566 Nam
3005 3512 3331 3583 Menophes‚
3373 3516 3690 3591 Menophe‘s,

2141 3597 2507 3672 Amenophis‚
2550 3597 2950 3673 Amenophatlz,
2986 3600 3407 3676 Amenoplethe‘s,
3451 3604 3612 3660 idem
3627 3617 3704 3662 est

2142 3702 2309 3757 quem
2347 3685 2404 3739 in
2443 3687 2820 3741 monumentis
2858 3687 3089 3762 legimus
3135 3686 3408 3764 Me(r)-n
3424 3691 3702 3764 ·phath=

2139 3772 2516 3846 Menephtbah
2567 3772 2648 3848 (v.
2671 3774 2913 3831 Bunsen.
2964 3792 3026 3849 p.
3076 3773 3211 3852 93).
3259 3778 3444 3831 Porro
3497 3780 3698 3836 Cham-

2139 3859 2587 3936 pollionJFigeac
2614 3872 2671 3916 et
2686 3861 2993 3917 Bunsenius
3026 3879 3147 3916 non
3174 3861 3462 3921 diversum
3488 3884 3606 3922 esse
3631 3869 3699 3923 ab

2143 3964 2210 4002 eo
2236 3957 2484 4003 statuunt
2512 3943 2790 4026 Μενόφρην
2826 3945 2898 4026 (i.
2934 3965 2987 4004 e.
3027 3948 3272 4027 Μενοφθῆ
3287 3946 3327 4026 ),
3363 3950 3503 4007 inde
3533 3971 3568 4009 a
3599 3972 3700 4010 cu-

2140 4032 2225 4104 ius
2249 4052 2425 4109 regno
2444 4036 2666 4091 initium
2686 4034 2908 4109 periodi
2932 4035 3206 4093 Sotbiacoe
3227 4040 3361 4092 anni
3394 4058 3414 4093 1
3429 4038 3546 4095 322
3572 4060 3622 4099 a.
3639 4042 3697 4100 C.

2144 4133 2428 4196 computat
2455 4123 2647 4178 Theon
2679 4117 2840 4200 (Περὶ
2867 4124 2958 4191 τῆς
2987 4126 3077 4180 τοῦ
3122 4121 3270 4188 κυνὸς
3310 4125 3560 4196 ἐπιτολῆς
3589 4127 3701 4185 ἐπί·

2142 4205 2329 4283 δειγμα
2347 4209 2498 4283 apud
2514 4210 2567 4268 J.
2600 4212 2664 4264 B.
2715 4210 2861 4265 Biot.
2905 4209 3245 4267 Recherclzes
3291 4230 3394 4266 sur
3421 4217 3700 4287 plusae‘em

2136 4301 2322 4369 points
2344 4298 2416 4353 de
2441 4297 2811 4354 [astronomie
2848 4300 3203 4372 egyptienne.
3247 4301 3458 4372 Paris,
3509 4304 3655 4360 1823
3677 4348 3694 4381 ‚

2142 4402 2198 4457 p.
2229 4380 2391 4461 303).
2422 4388 2504 4441 Ac
2531 4386 2835 4441 Bunsenius
2868 4385 3097 4460 quidem
3123 4388 3200 4443 ita
3228 4406 3502 4446 numeros
3531 4392 3697 4449 ador-

2140 4474 2321 4543 navit,
2359 4481 2421 4527 ut
2440 4491 2615 4528 annus
2648 4472 2794 4529 1322
2823 4492 2875 4529 a.
2902 4474 2962 4533 C.
2988 4475 3055 4529 sit
3073 4476 3289 4548 primus
3317 4479 3469 4552 regis
3509 4480 3697 4537 Mene·

2138 4559 2354 4632 phthah
2381 4556 2471 4635 U).

2203 4728 2266 4789 (*)
2310 4733 2346 4779 E
2367 4729 2664 4780 manethonis
2681 4729 2916 4791 numeris,
2942 4731 3108 4792 quales
3134 4731 3392 4782 Boeckhius
3415 4737 3695 4798 constituit,

2141 4812 2294 4850 annus
2321 4805 2437 4849 1322
2465 4812 2511 4850 a.
2530 4804 2586 4851 c.
2617 4802 2690 4849 est
2707 4802 2904 4863 quintus
2921 4800 3041 4862 regis
3058 4801 3513 4855 Seuius-Ramesses
3529 4808 3546 4867 (
3563 4809 3666 4857 ΧΙΧ
3682 4845 3696 4870 ,

2150 4868 2217 4929 t).
2261 4871 2319 4918 Et
2364 4869 2630 4930 suspicatur
2669 4869 2917 4920 Boeckhius
2943 4883 2993 4931 p.
3020 4874 3107 4920 307
3151 4872 3409 4922 Ramessen
3449 4880 3699 4939 propterea

2143 4938 2315 4987 Sethos
2342 4941 2866 5001 cognominatumesse,
2891 4940 3022 5003 quod
3041 4939 3136 4990 sub
3157 4954 3303 5003 regno
3334 4942 3443 5004 ejus
3475 4958 3606 4995 nova
3623 4961 3698 5010 pe·

2144 5006 2305 5057 riodus
2328 5008 2548 5058 Sothiaca
2586 5010 2827 5073 inceperit.
2857 5013 2979 5060 Nam
3007 5011 3177 5060 Sethos
3211 5014 3284 5061 est
3314 5012 3488 5064 soclus
3509 5052 3524 5076 ,
3561 5019 3699 5078 Sem.
