4016 5916
457 432 569 483 ³20

1658 418 2056 480 CLEARCHI
2097 419 2459 480 SOLENSIS

457 588 477 610 a
507 558 609 620 Διὰ
637 557 696 616 τὸ
721 562 903 637 μικροῦ
935 557 1131 615 δεῖσθαι
1158 555 1315 636 πυρὸς
1337 557 1387 614 ἐν
1416 556 1519 620 τοῖς
1543 555 1781 630 τηγάνοις
1809 558 1855 615 οἱ
1882 555 2003 636 περὶ
2094 555 2381 637 Ἡρακλέος
2434 547 2566 615 εἶναι
2615 545 2782 633 λέγει,
2842 555 2954 632 μεθ’
3001 554 3059 614 ὃν
3105 555 3337 635 δεύτερος
3382 555 3664 638 Ἡρακλῆς
3721 560 3734 569 ’

457 645 827 726 Ἀρχέστρατον
852 643 1215 710 {meillev-:sc
1242 641 1537 703 κελεύουσιν
1571 642 1659 700 ἐπὶ
1689 643 1876 720 θερμὸν
1904 643 2007 713 τή-

2096 648 2124 702 ὁ
2152 643 2342 723 Τύριος
2369 636 2522 730 ἦλθεν
2547 642 2633 702 ἐπὶ
2660 642 2725 702 τὰ
2754 644 2982 723 Γάδειρα
3001 643 3091 703 καὶ
3116 642 3284 723 τρίτος
3301 641 3532 718 Ἕλλην.
3565 649 3667 704 Ni·

454 757 607 809 γανον
633 733 872 801 σίζουσαν
902 734 1161 812 ἀφαιρεῖν.
1189 727 1247 789 “A
1259 751 1334 806 μα
1355 730 1398 788 δ’
1421 724 1589 801 ἧπται
1609 730 1699 787 καὶ
1721 729 1878 801 σίζει,
1911 752 2007 787 κα·
2095 736 2176 790 hil
2203 746 2324 791 erat
2345 754 2446 791 cur
2471 735 2761 791 Reinesius
2794 752 2887 808 ap.
2909 736 3210 790 Miillerum
3237 732 3509 812 Κλέαρχος
3527 755 3666 791 mu·

453 821 618 901 θάπερ
647 819 912 893 τοῦλαιον,
944 817 1105 886 εὐθύς.
1130 816 1227 879 Διὸ
1250 815 1457 895 λέγεται
1472 860 1499 914 '.
1515 813 1630 877 Ἴδε
1657 823 1759 899 πῦρ
1793 816 1952 898 ἀφύη.
1984 842 2008 869 ιι

1183 934 1282 993 53.

538 1051 696 1108 Idem
718 1052 815 1122 IV,
830 1070 888 1124 p.
917 1049 1047 1118 160,
1067 1049 1141 1106 C:
1169 1044 1440 1125 Κλέαρχος
1464 1044 1519 1102 δὲ
1535 1090 1551 1118 ,
1575 1048 1602 1102 ὃ
1627 1043 1836 1103 ἀπὸτοῦ
1859 1067 2012 1123 περι-

456 1137 650 1209 πάτου,
672 1138 722 1193 ἐν
742 1137 844 1201 τοῖς
868 1135 1001 1216 Περὶ
1017 1137 1309 1212 παροιμιῶν
1330 1138 1398 1200 ὥς
1422 1132 1704 1212 παροιμίαν
1728 1131 2014 1213 ἀναγράφει

460 1227 519 1283 τὸ
551 1247 576 1272 ‘t
604 1223 731 1283 Ἐπὶ
759 1226 827 1302 τῇ
853 1227 996 1304 φακῇ
1028 1222 1209 1302 μύρον.
1239 1248 1263 1274 ι

1189 1354 1281 1417 54.

540 1473 701 1526 Idem
724 1472 829 1538 111,
855 1488 913 1544 p.
946 1489 969 1524 1
986 1468 1140 1539 16‚D
1165 1464 1336 1526 ιἈλλ’
1354 1464 1465 1522 ἐπεὶ
1485 1464 1606 1547 περὶ
1624 1462 1853 1544 ταρίχων
1878 1464 2016 1522 ἐστὶν

459 1562 487 1615 ὁ
515 1555 660 1634 λόγος
674 1603 689 1629 ,
711 1556 829 1634 περὶ
849 1546 919 1612 ὧν
941 1546 1054 1612 οῖδα
1080 1553 1169 1612 καὶ
1188 1552 1474 1633 παροιμίαν
1495 1552 1702 1631 μνήμης
1725 1553 2016 1630 ἠξιωμένην

464 1644 560 1703 ὑπὸ
584 1649 672 1700 τοῦ
698 1641 906 1708 Σολέως
934 1641 1213 1722 Κλεάρχου
1232 1663 1245 1677 ·

583 1756 762 1820 Σαπρὸς
780 1754 966 1819 τάριχος
990 1755 1075 1814 τὴν
1094 1753 1306 1817 ὀρίγανον
1326 1755 1462 1818 φιλεῖ.

1189 1864 1284 1924 55.

545 1984 824 2042 Zenobius
850 1985 929 2053 V,
964 1988 1035 2049 44
1071 2002 1084 2037 :
1129 1981 1400 2044 Οἰταῖος
1427 1977 1702 2054 δαίμων·
1746 1976 2019 2057 Κλέαρχός

465 2094 646 2152 φησιν,
686 2067 765 2128 ὅτι
796 2067 995 2145 δαίμων
1036 2091 1111 2133 τις
1141 2067 1353 2133 Οἰταῖος
1392 2064 1768 2140 ἐπωνομάσθη,
1796 2061 1850 2130 ὃς
1872 2062 2020 2142 ὕὸριν

465 2160 553 2217 καὶ
581 2155 935 2237 ὑπερηφανίαν
965 2154 1100 2213 πάνυ
1136 2153 1400 2230 ἐμίσησεν.
1441 2180 1462 2202 α
1488 2153 1703 2210 Eadem
1729 2154 2018 2211 Plutarch.

467 2251 633 2304 Prov,
657 2248 750 2323 96.
777 2249 1013 2321 Diogen.
1042 2247 1147 2301 VII
1166 2287 1184 2312 ,
1209 2244 1302 2300 23.
1329 2247 1442 2299 Aut
1460 2242 1731 2298 Hercules
1755 2251 1853 2297 aut
1878 2243 2023 2315 Jup-

465 2338 612 2409 piter
639 2332 1003 2410 significatur.
1036 2332 1122 2389 Cf.
1167 2332 1429 2405 Propert.
1466 2331 1583 2400 111,
1621 2347 1679 2398 1,
1711 2327 1802 2385 31.
1832 2329 2018 2402 Heyn.

465 2423 536 2477 ad
564 2421 834 2495 Apollod.
868 2423 953 2493 11,
972 2439 1032 2493 p.
1072 2438 1202 2494 197.
1233 2443 1256 2468 »
1284 2421 1567 2474 Lem-sen.

544 2659 702 2714 Idem
725 2660 806 2730 V,·
827 2656 899 2723 48
928 2677 940 2711 :
974 2646 1181 2720 Οὗτος
1206 2653 1395 2720 ἄλλος
1421 2651 1744 2732 Ἡρακλῆς
1767 2674 1781 2688 ·
1810 2649 2020 2730 Κλέαρ-

465 2769 554 2824 χος
578 2741 910 2821 ἐξηγούμενος
936 2739 1030 2812 τὴν
1056 2738 1342 2820 παροιμίαν
1371 2739 1500 2819 φησὶ
1520 2738 1609 2798 τὸν
1638 2737 1877 2820 Βριάρεω
1913 2758 2020 2795 κα·-

466 2831 713 2906 λούμενον
742 2827 1011 2907 Ἡρακλέα
1036 2828 1199 2885 ἐλθεῖν
1229 2830 1297 2894 εἷς
1324 2825 1554 2906 Δελφοὺς
1590 2825 1682 2884 καὶ
1716 2823 1948 2883 λαὸόντα
1971 2847 2021 2880 τι

468 2921 568 2975 τῶν
599 2919 707 2975 ἐκεῖ
727 2913 1010 2988 κειμηλίων
1030 2911 1168 2973 κατά
1192 2937 1243 2973 τι
1271 2912 1494 2972 παλαιὸν
1519 2912 1627 2979 ἔθος
1645 2958 1662 2987 ,
1687 2916 1917 2992 ὁρμῆσαι
1934 2910 2023 2969 ἐπὶ

469 3003 560 3068 τὰς
579 2999 902 3082 Ἡρακλέους
926 3000 1121 3071 στήλας
1148 3001 1471 3075 καλουμένας
1497 2998 1589 3058 καὶ
1615 3003 1716 3057 τῶν
1745 3000 1855 3057 ἐκεῖ
1878 3020 2023 3077 περι-

467 3089 724 3168 γενέσθαι.
782 3087 971 3169 Χρόνῳ
1019 3086 1074 3145 δὲ
1119 3085 1328 3167 ὕστερον
1380 3085 1469 3147 τὸν
1518 3086 1712 3166 Τύριον
1753 3084 2023 3164 Ἡρακλέα

471 3180 635 3236 ἐλθεῖν
689 3177 761 3241 εἷς
803 3172 1033 3254 Δελφοὺς
1080 3174 1404 3253 χρησόμενον
1444 3177 1520 3253 τῷ
1563 3172 1792 3250 μαντείω
1809 3195 1822 3208 ·
1851 3171 1939 3229 τὸν
1969 3170 2023 3229 δὲ

469 3263 579 3322 θεὸν
608 3264 904 3344 προσειπεῖν
933 3262 1084 3322 αὐτὸν
1115 3261 1273 3321 ἄλλον
1314 3260 1610 3343 εΗρακλέα·
1638 3260 1730 3319 καὶ
1757 3282 1784 3319 ο
1819 3282 1891 3317 τω
1928 3258 2022 3330 τὴν

472 3352 753 3431 παροιμίαν
786 3354 1068 3432 κρατῆσαι.

548 3441 633 3498 Cf.
677 3441 1015 3515 Diogenian.
1046 3440 1109 3510 Ι,
1136 3437 1210 3495 63
1240 3439 1435 3512 ibique
1461 3436 1687 3495 laudata
1723 3456 1755 3492 a
1784 3437 2023 3495 Goettin·

2098 823 2202 877 tari
2225 820 2392 879 vellet
2417 824 2476 877 in
2507 820 2848 900 Κλείταρχος.
2881 823 2963 877 Ex
2989 821 3136 876 libro
3184 818 3316 898 Περὶ
3355 824 3509 879 θινῶν
3536 825 3665 879 sive

2098 910 2183 964 De
2225 910 2469 965 arenosis
2507 899 2737 963 desertis
2780 906 3016 983 (Athen.
3061 910 3222 978 VIII,
3259 926 3321 982 p.
3367 908 3519 979 345,
3560 909 3660 985 D)

2098 997 2284 1052 locum
2310 1000 2550 1071 petitum
2581 1014 2694 1052 esse
2723 997 3062 1070 opinabatur
3082 996 3354 1052 Miilierus
3375 995 3449 1051 ad
3471 997 3532 1051 h.
3560 997 3611 1059 1,

2828 1121 2922 1194 57.

2180 1239 2365 1294 Schol.
2393 1239 2615 1296 Platon.
2637 1256 2698 1311 p.
2727 1236 2835 1293 381
2865 1237 3042 1292 Bekk.
3073 1247 3376 1311 postquam
3402 1237 3473 1292 de
3510 1256 3666 1311 pro-

2102 1326 2298 1380 verbio
2331 1320 2497 1403 Πρὸς
2526 1320 2632 1381 δύο
2654 1323 2777 1380 οὔδ’
2798 1325 2826 1379 ὁ
2850 1321 3170 1402 Ἡρακλῆς
3193 1325 3457 1399 apposuit
3483 1326 3669 1399 expli·

2104 1415 2381 1469 cntionem
2418 1411 2652 1468 Duridis
2669 1423 2725 1468 et
2752 1412 3202 1486 Echephyllidis,
3233 1412 3395 1468 addit
3424 1431 3439 1466 ι
3485 1412 3537 1468 Τ
3540 1409 3575 1466 ὰ
3608 1410 3668 1468 δὲ

2106 1496 2238 1554 αὐτὰ
2263 1496 2353 1555 καὶ
2382 1494 2687 1575 Φερεκύδης
2711 1494 2801 1554 καὶ
2822 1494 3122 1575 Κώμαρχος
3144 1494 3235 1554 καὶ
3254 1492 3462 1573 Ἴστρος
3480 1498 3534 1555 ἐν
3556 1503 3672 1562 τοῖς

2104 1583 2373 1651 Ἤλιακοῖς
2399 1586 2676 1662 ἱστοροῦσι.
2707 1587 2775 1640 In
2795 1586 2881 1640 his
2900 1603 3010 1660 pro
3040 1580 3340 1663 Κώμαρχος
3366 1604 3673 1659 reponen-

2105 1674 2242 1729 dum
2282 1692 2394 1729 esse
2426 1668 2697 1750 Κλέαρχος
2736 1674 2934 1728 monui
2981 1671 3055 1728 ad
3096 1672 3387 1730 Herodor.
3440 1673 3515 1737 fr,
3563 1681 3666 1729 ιιι-

2104 1761 2286 1818 Verba
2316 1760 2515 1816 scholii
2539 1779 2597 1818 v.
2632 1762 2691 1814 in
2719 1760 3031 1833 Pherecyd.
3066 1760 3138 1821 fr.
3170 1759 3261 1818 36.

2835 1889 2930 1945 58.

2184 2012 2467 2068 Zenobius
2479 2013 2577 2078 vl,
2602 2010 2696 2080 28,
2724 2010 2795 2065 de
2815 2010 3123 2085 proverbio
3145 2027 3160 2068 ζ
3183 2005 3378 2087 Ὑπὲρ
3401 1997 3476 2065 τὰ
3500 2010 3677 2067 Καλ-

2106 2095 2462 2175 λικράτους.
2490 2098 2630 2156 vide
2660 2100 2895 2156 Aristot.
2925 2099 2994 2156 fr.
3024 2101 3125 2173 69.

2187 2335 2376 2390 Schol.
2406 2335 2622 2389 Platon.
2651 2353 2709 2408 p.
2758 2334 2874 2409 319
2921 2334 3013 2389 ed.
3052 2334 3229 2389 Bekk.
3274 2352 3288 2388 ε
3394 2329 3678 2410 Κλέαρχος

2111 2418 2167 2477 δέ
2201 2441 2357 2500 φησιν
2394 2418 2496 2477 ὑπὸ
2536 2418 2840 2479 Χαλκιδέων
2877 2421 2978 2476 τῶν
3024 2420 3076 2476 ἐν
3119 2416 3321 2494 Εὗὸοίᾳ
3362 2421 3679 2497 πεμφθῆναι

2109 2507 2253 2586 δῶρα
2275 2509 2343 2573 εἰς
2387 2504 2616 2587 Δελφοὺς
2657 2505 2940 2565 Ἀπόλλωνι
2983 2505 3073 2564 καὶ
3112 2502 3409 2585 Ἀρτέμιδι·
3467 2508 3576 2563 τῶν
3615 2505 3679 2563 δὲ

2111 2594 2327 2673 Δελφῶν
2352 2591 2748 2669 μαντευομένων
2765 2636 2781 2665 ,
2811 2596 2855 2650 εἰ
2880 2592 2931 2660 ἐξ
2957 2591 3073 2663 ἴσης
3101 2590 3195 2662 τὴν
3232 2591 3474 2650 ἀνάθεσιν
3511 2593 3678 2663 ποιή-

2109 2702 2323 2754 σωνται,
2347 2680 2576 2762 ἔφησενό
2598 2680 2704 2747 Θεός
2722 2700 2737 2715 ·
2775 2679 2971 2739 Κοινὰ
2991 2677 3066 2738 τὰ
3088 2683 3205 2737 τῶν
3235 2678 3455 2760 φίλων.
3489 2683 3681 2737 Aliter

2110 2772 2182 2828 de
2210 2773 2305 2827 his
2338 2772 2571 2825 Timaeus
2607 2768 2758 2843 apud
2784 2769 3000 2825 Zenob.
3032 2770 3139 2838 iv,
3170 2786 3266 2842 79.
3293 2769 3377 2825 Cf.
3402 2769 3676 2828 Leutsch.

2110 2870 2166 2916 et
2184 2857 2596 2916 Schneidewin.
2630 2850 2917 2915 Paroem.‘1
2936 2898 2952 2927 ,
2976 2875 3035 2931 p.
3067 2856 3175 2912 106
3195 2866 3251 2912 et
3275 2856 3408 2913 266.

2841 2972 2937 3029 60.

2192 3087 2499 3160 Hesychius
2549 3106 2563 3141 z
2609 3083 2995 3161 Διομήδειος
3046 3082 3326 3162 ἀνάγκη·
3372 3082 3664 3164 παροιμία.

2118 3170 2386 3251 Κλέαρχος
2430 3171 2525 3246 μέν
2568 3193 2727 3252 φησι,
2772 3170 3064 3248 Διομήδους
3109 3169 3396 3249 θυγατέρας
3427 3173 3678 3248 γενέσθαι

2111 3257 2244 3317 πολὺ
2269 3256 2538 3338 μοχθηρὰς
2555 3303 2571 3335 ,
2600 3251 2681 3326 αἷς
2704 3259 3010 3334 ἀναγκάζειν
3032 3257 3340 3330 πλησιάζειν
3368 3258 3509 3325 τινὰς
3525 3305 3542 3331 ,
3578 3259 3677 3317 καὶ

2113 3346 2256 3414 εὐθὺς
2290 3343 2472 3412 αὐτοὺς
2499 3344 2745 3425 φονεύειν.
2780 3348 3032 3406 Clearchi
3054 3349 3488 3422 explicationem
3514 3368 3676 3423 prae-

2110 3436 2247 3492 bent
2271 3437 2438 3492 etiam
2460 3437 2638 3490 schol.
2669 3436 2731 3490 in
2757 3435 3045 3508 Aristoph.
3071 3436 3225 3493 Eccl.
3264 3441 3408 3507 1074
3426 3477 3442 3506 ,
3468 3435 3677 3492 Suidas

468 3529 744 3603 gensibus.
785 3528 1047 3584 Ceterum
1085 3527 1332 3601 pertinet
1372 3526 1484 3582 huc
1514 3528 1735 3581 Tzetzes
1773 3524 1847 3580 ad
1884 3527 2021 3596 Lyc.
2110 3542 2155 3578 s.
2186 3542 2244 3577 v.
2285 3533 2340 3579 et
2374 3523 2698 3596 Apostolius
2735 3525 2866 3591 VII,
2919 3520 3010 3580 15.
3050 3523 3304 3578 Aliorum
3339 3524 3678 3580 sententiam

474 3619 584 3691 549
611 3635 624 3671 ε
659 3612 928 3692 Κλέαρχος
946 3611 1037 3679 τὰς
1058 3610 1196 3670 κατὰ
1215 3611 1441 3690 Γάδειρα
1461 3611 1655 3681 στήλας
1676 3615 1764 3668 τοῦ
1787 3610 2025 3689 Βριάρεω
2110 3628 2166 3668 v.
2186 3629 2272 3684 ap.
2285 3611 2501 3666 Zenob.
2517 3611 2622 3682 111,
2638 3609 2671 3665 8
2689 3611 2880 3682 ibique
2891 3609 3231 3683 professores
3241 3610 3672 3686 Goettingenses.

472 3782 807 3830 Archestratus
822 3816 838 3843 ‚
854 3778 1019 3828 calidae
1038 3778 1264 3840 injectam
1283 3778 1508 3840 sartagini
1524 3776 1701 3827 auferri
1720 3775 2025 3826 stridentem.
2117 3774 2246 3824 bium
2264 3809 2281 3837 ‚
2305 3775 2550 3824 Briareum
2568 3811 2583 3835 ,
2605 3774 2689 3836 qui
2708 3775 2758 3823 et
2789 3773 3020 3823 Hercules
3041 3775 3114 3823 est
3131 3775 3406 3823 nominatus
3425 3811 3440 3832 ,
3461 3774 3678 3837 Delphos

474 3860 627 3911 Simul
654 3860 782 3909 enim
808 3860 956 3921 atque
977 3857 1147 3907 stridet
1162 3894 1176 3920 ,
1197 3858 1426 3908 continuo
1455 3857 1601 3907 etiam
1628 3857 1767 3906 cocta
1783 3856 1882 3918 est,
1902 3855 2030 3905 sicut
2113 3851 2299 3902 venisse
2315 3853 2484 3911 refert,
2500 3850 2790 3913 sublatoque
2807 3849 2918 3899 inde
2932 3863 2994 3901 ex
3009 3850 3243 3900 thesauris
3262 3850 3423 3914 aliquo
3441 3850 3642 3900 donario
3657 3888 3674 3913 ,

469 3937 644 3986 oleum.
670 3938 841 3999 ltaque
864 3933 960 3983 dici
976 3934 1131 3984 solet:
1166 3934 1301 3984 Vidit
1329 3937 1498 3996 iynem
1520 3944 1683 3996 apua.
1706 3951 1731 3977 a·

1211 4030 1298 4081 53.

533 4121 793 4173 Clearchus
830 4120 1199 4183 Peripateticus,
1237 4119 1286 4168 in
1322 4119 1457 4171 libris
1489 4123 1562 4171 De
1591 4119 1855 4184 proverbiis
1883 4122 2028 4171 etiam

472 4199 589 4249 illud
616 4199 665 4248 in
683 4196 947 4262 proverbiis
970 4197 1184 4246 recenset
1208 4215 1220 4246 ε
1244 4214 1269 4240 ιι
1290 4199 1345 4246 In
1362 4197 1492 4248 lente
1512 4198 1825 4260 unguentum.
1846 4217 1872 4242 ν

1213 4299 1302 4349 54.

534 4393 624 4443 Sed
647 4391 877 4456 quoniam
894 4390 955 4441 de
972 4390 1270 4442 salsamentis
1289 4389 1464 4453 agitur,
1481 4388 1658 4454 quibus
1674 4388 1733 4439 de
1752 4390 1866 4440 novi
1883 4391 2029 4441 etiam

473 4470 779 4533 proverbium
793 4504 809 4531 ‚
837 4467 971 4531 quod
991 4469 1260 4517 memoratu
1292 4465 1491 4529 dignum
1509 4466 1748 4529 iudicavit
1769 4467 2032 4518 Clearchus

474 4548 681 4599 Solensis
706 4567 720 4599 ι

579 4644 812 4687 vetustum
831 4642 1145 4687 salsamentum
1164 4640 1401 4695 orianum
1419 4644 1553 4685 amat.

1216 4730 1305 4780 55.

545 4821 743 4869 OEloeus
765 4819 1238 4884 qenus1clearehus
1263 4820 1531 4871 daemonem
1550 4819 1790 4883 quendam
1815 4822 2032 4870 OEtoeum

477 4895 862 4957 cognominatum
902 4910 1004 4949 esse
1026 4898 1125 4961 ait,
1152 4899 1236 4962 qui
1267 4898 1485 4961 injuriam
1519 4901 1567 4949 et
1597 4899 1916 4962 arrogantiam
1944 4911 2030 4949 ve·

478 4974 723 5023 hementer
743 4972 933 5024 odisset.

1217 5078 1308 5127 56.

540 5162 683 5214 Alter
701 5162 785 5215 hic
808 5164 1094 5229 Hercules]
1114 5168 1431 5230 interpretans
1450 5170 1704 5225 Clearchus
1722 5168 1814 5219 hoc
1835 5182 2033 5233 prover·

2117 3942 2249 3978 more
2266 3929 2478 3991 quodam
2499 3928 2654 3991 prisco
2675 3964 2691 3990 ‚
2726 3926 2789 3976 ad
2806 3927 3056 3977 columnas
3076 3941 3189 3990 quae
3218 3929 3465 3978 Herculeae
3489 3939 3676 3978 vocan-

2117 4008 2199 4054 tur
2215 4006 2461 4068 navigasse
2477 4040 2492 4065 ,
2516 4006 2566 4054 et
2591 4004 2657 4054 ihi
2679 4004 2910 4054 victorem
2928 4004 3181 4054 exstitisse.
3223 4006 3335 4054 Post
3351 4018 3468 4054 vero
3492 4008 3675 4055 Herm·

2118 4085 2214 4135 lem
2231 4086 2432 4147 Tyrium
2457 4084 2666 4147 Delphos
2682 4082 2742 4133 ad
2769 4082 3022 4133 oraculum
3047 4083 3397 4134 consulendum
3423 4083 3671 4147 delatum,

2117 4176 2262 4226 quem
2287 4164 2535 4226 alloquens
2557 4162 2675 4213 deus
2693 4162 2841 4212 alium
2861 4162 3113 4213 Herculem
3131 4162 3437 4225 appellasset,
3465 4163 3679 4227 indeque

2119 4240 2322 4290 valuisse
2343 4239 2671 4303 proverbium.
3711 4244 3720 4251 “

2729 4366 2742 4379 ⁴
2850 4363 2940 4416 59.

2178 4475 2436 4526 clearchus
2452 4473 2570 4524 dicit
2587 4488 2616 4524 a
2641 4473 3035 4525 Chalcidensibus
3055 4474 3250 4526 Euboeoe
3263 4473 3391 4524 dona
3407 4474 3552 4525 missa
3569 4489 3681 4528 esse

2120 4552 2328 4616 Delphos
2363 4551 2570 4614 Apollini
2602 4554 2653 4601 et
2687 4551 2872 4602 Dianae.
2905 4552 3102 4616 Delphis
3123 4566 3237 4603 vero
3269 4552 3680 4615 interrogantibus

2119 4643 2234 4678 num
2247 4642 2309 4679 ex
2322 4641 2464 4692 oequo
2477 4627 2712 4678 dedicatio
2728 4627 2839 4692 ipsis
2855 4627 3072 4679 facienda
3084 4628 3164 4692 sit,
3178 4628 3323 4679 deum
3338 4627 3640 4692 respondisse
3661 4651 3677 4681 ε

2119 4710 2214 4757 Res
2233 4708 2515 4757 amicorum
2532 4718 2842 4758 communes.

2861 4824 2952 4875 60.

2185 4940 2456 4991 Diomeden
2486 4944 2777 4992 necessitas.
2822 4940 3082 4992 clearchus
3115 4938 3234 4990 dicit
3270 4939 3518 4990 Diomedis
3559 4938 3682 4992 filias

2119 5017 2332 5068 moribus
2351 5018 2490 5069 fuisse
2506 5019 2875 5083 improbissimis.
2904 5017 3183 5071 Diomedem
3200 5016 3456 5067 nonnullos
3472 5030 3685 5080 comsse

2119 5094 2323 5221 2332ss
2335 5106 2659 5222 e‹gcgensuescere
2674 5133 2691 5159 ‚
2728 5109 2881 5160 eoque
2918 5096 3045 5146 sacto
3085 5093 3246 5145 statim
3287 5106 3373 5144 eos
3408 5094 3684 5148 interficere
3711 5112 3726 5131 ·
