4016 5916
528 321 639 374 872

1274 463 1327 520 5.

608 608 857 662 AElianus
876 605 946 660 N.
978 606 1086 659 An.
1106 604 1267 657 XVII
1282 644 1298 671 ,
1330 600 1397 656 16
1423 619 1437 658 ε
1459 597 1772 675 Θεόπομπος
1801 597 1943 675 λέγει
1962 595 2082 664 τοὺς

528 691 649 770 περὶ
690 690 777 747 τὸν
818 688 1021 768 Ἀδρίαν
1068 690 1332 752 οἰκοῦντας
1361 684 1632 758 Ἐνετοὺς,
1660 685 1784 744 ὅταν
1830 684 1950 765 περὶ
1991 684 2078 743 τὸν

532 779 713 858 ἄροτον
738 777 908 856 τρίτον
930 774 1019 833 καὶ
1055 774 1244 853 σπόρον
1273 778 1307 845 ἡ
1337 771 1449 853 ὥρα
1484 766 1547 853 ᾖ,
1570 781 1674 839 τοῖς
1701 776 1920 839 κολοιοῖς
1947 776 2079 831 ἀπο-

532 864 763 924 στέλλειν
788 865 954 942 δῶρα·
1001 860 1081 933 εἴη
1123 863 1165 919 δ’
1204 860 1266 919 ἂν
1302 859 1369 918 τὰ
1395 862 1537 940 δῶρα
1616 860 1774 918 αιστὰ
1813 860 1944 919 ἄττα
1990 859 2082 918 καὶ

534 950 867 1030 μεμαγμέναι
910 954 1071 1028 μᾶζαι
1108 952 1279 1016 καλῶς
1316 972 1372 1006 τε
1409 949 1499 1007 καὶ
1538 972 1561 1006 ε
1603 993 1616 1005 .
1657 948 1985 1020 Βεὸούληται
2027 947 2080 1006 δὲ

533 1041 636 1120 ἄρα
662 1044 693 1110 ἡ
723 1040 882 1097 τῶνδε
921 1042 1024 1096 τῶν
1057 1034 1233 1116 δώρων
1265 1036 1503 1116 πρόθεσις
1526 1035 1844 1114 μειλίγματα
1863 1044 1967 1102 τοῖς
1989 1059 2082 1093 κο-

533 1130 689 1193 λοιοῖς
726 1117 973 1184 εἶναικαὶ
1010 1126 1243 1182 σπονδῶν
1288 1121 1588 1200 ὁμολογίαι,
1615 1126 1687 1189 ὣς
1731 1123 1955 1190 ἐκείνους
1992 1122 2080 1181 τὸν

534 1214 732 1295 καρπὸν
769 1212 858 1272 τὸν
918 1210 1220 1290 Δημήτριον
1241 1209 1315 1285 μὴ
1355 1209 1649 1290 ἀνορύττειν
1683 1210 2081 1283 καταὸληθέντα

536 1306 607 1369 εἷς
627 1301 719 1370 τὴν
740 1305 838 1379 γ’ἧν
862 1299 993 1376 μηδὲ
1020 1297 1378 1379 παρεκλέγειν.

616 1387 787 1452 Λύκος
815 1386 868 1444 δὲ
898 1385 998 1466 ἄρα
1021 1385 1110 1443 καὶ
1141 1390 1307 1442 ταῦτα
1345 1381 1752 1461 μὲν’δμολογεῖ,
1790 1383 1882 1442 καὶ
1908 1386 2082 1442 ἐκεῖνα

538 1474 593 1534 δὲ
623 1476 709 1533 ἐπὶ
736 1473 932 1539 τούτοις
958 1471 1266 1552 προστίθησι
1281 1518 1297 1544 ,
1318 1471 1345 1496 *
1364 1470 1453 1529 καὶ
1473 1476 1725 1551 φοινικοῦς
1745 1471 1966 1547 ἱμάντας
1988 1469 2083 1541 τὴν

537 1561 730 1642 χρόαν,
788 1560 880 1619 καὶ
924 1558 1041 1625 τοὺς
1090 1556 1184 1635 μὲν
1232 1559 1512 1639 προθέντας
1572 1564 1737 1617 ταῦτα
1783 1550 1895 1616 εἶτα
1957 1560 2084 1615 ἂνα-

538 1649 756 1730 χωρεῖν·
798 1648 888 1705 καὶ
926 1646 992 1704 τὰ
1022 1645 1117 1721 μὲν
1145 1648 1248 1702 τῶν
1284 1646 1500 1704 κολοιῶν
1529 1644 1657 1724 νέφη
1683 1648 1787 1704 τῶν
1828 1644 1960 1724 ὅρων
1988 1644 2085 1713 ἔξω

540 1733 880 1812 καταμένειν,
910 1731 1001 1790 δύο
1029 1731 1084 1790 δὲ
1126 1731 1229 1811 ἄρα
1267 1731 1303 1803 ἢ
1343 1739 1479 1810 τρεῖς
1519 1730 1911 1811 προῃρημένους
1949 1730 2084 1789 κατὰ

538 1821 656 1890 τοὺς
680 1820 921 1902 πρέσὸεις
941 1817 1057 1884 τοὺς
1095 1820 1156 1878 ἐκ
1181 1822 1282 1876 τῶν
1318 1818 1520 1876 πόλεων
1554 1817 1854 1895 πέμπεσθαι
1872 1864 1891 1896 ,
1921 1842 2079 1878 κατα·

541 1908 885 1991 σκεψομένους
909 1910 1011 1966 τῶν
1040 1905 1213 1975 ξενίων
1231 1907 1289 1965 τὸ
1309 1910 1502 1978 πλῆθος
1517 1929 1531 1943 ·
1555 1903 1703 1988 οἵπερ
1729 1895 1819 1964 οὗν
1846 1905 2088 1966 ἐπανίασι

541 1998 887 2073 θεασάμενοι,
912 1993 1004 2054 καὶ
1030 1998 1274 2053 καλοῦσιν
1299 1992 1481 2060 αὐτοὺς
1498 2042 1514 2069 ,
1546 1986 1582 2072 ᾖ
1604 1991 1894 2073 πεφύκασιν
1923 1997 1969 2052 οἳ
1995 1993 2087 2072 μὲν

540 2084 745 2156 καλεῖν,
776 2085 822 2140 οἱ
868 2079 923 2140 δὲ
962 2079 1260 2141 ὑπακούειν.
1289 2076 1577 2159 Ἐρχονται
1619 2077 1712 2154 μὲν
1754 2077 1891 2136 κατὰ
1931 2080 2086 2160 νέφη,

540 2171 629 2229 ἐὰν
655 2171 707 2230 δὲ
732 2171 1020 2250 γεύσωνται
1041 2171 1144 2228 τῶν
1167 2166 1553 2248 προειρημένων
1569 2211 1585 2239 ,
1613 2165 1786 2224 ἴσασιν
1814 2169 1862 2225 οἱ
1887 2165 2089 2226 Ἔνετοὶ

539 2259 620 2317 ὅτι
639 2258 741 2337 ἄρα
762 2259 933 2324 αὐτοῖς
949 2254 1077 2337 πρὸς
1095 2252 1211 2322 τοὺς
1228 2253 1429 2334 ὄρνιθας
1451 2251 1567 2318 τοὺς
1583 2252 1983 2335 προειρημένους
2001 2253 2089 2312 ἔν-

541 2345 740 2405 σπονδά
775 2347 941 2418 ἐστιν,
983 2342 1073 2401 ἐὰν
1109 2340 1164 2400 δὶ
1194 2339 1475 2421 ὖπερίδωσι
1509 2339 1600 2397 καὶ
1639 2340 1986 2417 ἀτιμάσαντες
2022 2345 2092 2409 ὣς

541 2434 723 2503 εὐτελῆ
771 2430 844 2508 μὴ
902 2427 1218 2507 γεύσωνται,
1258 2424 1664 2486 πεπιστεύκασιν
1701 2430 1748 2485 οἱ
1789 2425 2091 2507 ἐπιχώριοι,

540 2520 620 2579 ὅτι
632 2524 725 2590 τῆς
738 2517 944 2578 ἐκείνων
962 2514 1242 2597 ὑπεροψίας
1260 2514 1398 2574 ἐστὶν
1418 2514 1592 2581 αὐτοῖς
1609 2513 1760 2590 λιμὸς
1780 2513 1840 2573 τὸ
1860 2514 2088 2593 τίμημα.

541 2605 812 2684 Ἀγευστοι
833 2602 935 2683 γὰρ
964 2602 1103 2669 ὄντες
1133 2604 1183 2661 οἱ
1207 2600 1571 2683 προειρημένοι
1595 2601 1683 2660 καὶ
1708 2601 1986 2661 ἀδέκαστοί
2012 2625 2092 2680 γε,

544 2698 610 2758 ὡς
656 2694 849 2763 εἰπεῖν,
896 2687 1228 2747 ἐπιπέτονταί
1271 2709 1328 2746 τε
1372 2690 1487 2754 ταῖς
1515 2687 1757 2769 ἀρούραις
1800 2686 1892 2746 καὶ
1928 2689 1990 2747 τό
2034 2712 2093 2766 γε

544 2781 785 2836 πλεῖστον
827 2779 928 2834 τῶν
976 2773 1418 2855 κατεσπαρμένων
1463 2775 1659 2832 συλῶσι
1704 2772 1997 2853 πικρότατά
2034 2797 2094 2852 γε

544 2864 727 2919 ἐκεῖνοι
752 2861 843 2920 σὺν
872 2865 947 2942 τῷ
966 2858 1109 2938 θυμῷ
1129 2859 1221 2920 καὶ
1245 2858 1603 2939 ἀνορύττοντες
1618 2858 1708 2918 καὶ
1724 2860 2092 2940 ἀνιχνεύοντες.

626 2951 708 3010 Cf.
735 2952 1085 3026 Theopomp.
1112 2948 1218 3028 (fr.
1251 2946 1380 3026 143)
1407 2968 1498 3023 ap.
1528 2950 1797 3025 Antigon.
1821 2953 1953 3008 Mir.
1987 2952 2095 3027 189

549 3038 693 3112 (173
736 3032 1094 3112 Westerm.),
1130 3038 1235 3093 ubi
1271 3036 1469 3093 eadem
1500 3036 1755 3108 brevius,
1798 3039 1873 3094 ita
1912 3050 2096 3095 tamen

546 3127 699 3198 quasi
742 3135 892 3181 totus
923 3125 1082 3181 locus
1121 3142 1153 3180 e
1186 3125 1559 3198 Theopompo
1594 3121 1840 3183 fluxerit.
1884 3127 2095 3183 Eadem

546 3214 713 3267 etiam
762 3214 991 3273 Aristot.
1042 3214 1171 3269 Mir.
1222 3230 1371 3270 ause.
1429 3230 1569 3287 119,
1630 3213 1814 3269 celans
1868 3217 2098 3271 nomina

546 3311 862 3359 auctorum.
896 3332 973 3344 —
1000 3296 1308 3378 προστίθησι
1342 3296 1495 3376 κτλ.]
1538 3322 1563 3350 α
1596 3299 1922 3356 Orationem
1943 3301 2096 3357 hiul-

546 3407 667 3442 cam
689 3388 987 3444 omissione
1018 3387 1277 3444 laborare
1299 3389 1520 3443 monuit
1544 3386 1932 3447 Schneiderus.
1963 3389 2098 3445 Sen-

547 3479 772 3533 tentiam
804 3476 1113 3551 expleveris
1138 3477 1384 3533 seribens
1407 3497 1420 3532 ε
1446 3474 1785 3553 προστίθησι·
1808 3475 2101 3555 προτιθέναι

545 3565 635 3618 vel
661 3562 925 3642 προθεῖναι
952 3559 1096 3638 (τοὺς
1134 3559 1375 3629 Ἐνετοὺς
1397 3583 1474 3620 sc.
1496 3564 1513 3639 )
1542 3561 1632 3620 καὶ
1656 3568 1915 3643 φοινικοῦς
1940 3562 2103 3638 ἱμάν-

545 3669 655 3712 τας.
686 3651 862 3723 Quale
884 3650 1327 3706 additamentum
1358 3668 1424 3706 ea
1467 3670 1592 3725 quae
1617 3661 1932 3725 sequuntur
1974 3662 2100 3707 tan-

609 3900 945 3964 Theopompus
973 3903 1183 3952 Venetos
1215 3901 1372 3965 inquit
1402 3902 1594 3953 Adriam
1625 3903 1916 3968 accolentes,
1948 3916 2101 3967 quum

547 3977 775 4027 arationis
793 3978 948 4027 tertiae
970 3981 1019 4027 et
1049 3977 1275 4028 sementis
1292 3977 1520 4029 iaciendae
1544 3980 1735 4043 tempus
1754 3979 1915 4043 adest,
1939 3993 2103 4030 mone-

547 4053 673 4109 dulis
693 4055 935 4117 placentas
953 4054 1186 4117 quasdam
1209 4055 1258 4103 et
1282 4067 1444 4106 mazas
1459 4055 1641 4119 optime
1653 4057 1894 4107 consectas
1912 4058 2102 4107 muneri

548 4131 737 4182 mittere
748 4150 764 4194 ;
787 4145 910 4195 quas
940 4132 1135 4196 quidem
1156 4130 1333 4183 idcirco
1362 4135 1660 4197 proponunt,
1684 4136 1741 4184 ut
1764 4134 1913 4184 veluti
1938 4135 2101 4199 placa-

548 4209 708 4257 menta
738 4208 1008 4258 monedulis
1033 4208 1156 4271 sint,
1176 4210 1225 4258 et
1257 4208 1461 4259 induciae
1492 4222 1604 4259 cum
1636 4210 1695 4260 iis
1718 4212 1898 4273 pactoe,
1916 4222 1980 4260 ne
2005 4213 2100 4262 ce·

548 4284 665 4335 reris
701 4284 911 4334 fructum
947 4287 1090 4335 terroe
1112 4285 1421 4335 commissum
1454 4286 1688 4337 refodiunt
1713 4291 1799 4337 aut
1832 4287 2099 4349 sublegunt.

549 4366 705 4425 Lycus
720 4375 872 4426 quum
889 4362 998 4414 haec
1017 4375 1133 4414 vera
1154 4376 1255 4415 esse
1272 4364 1466 4428 fatetur,
1487 4364 1807 4416 tumeosdem
1825 4363 1957 4416 addit
1977 4366 2102 4417 loros

547 4440 692 4489 etiam
710 4438 881 4490 rubros
897 4452 1185 4504 proponere,
1210 4442 1260 4491 et
1278 4440 1352 4491 his
1366 4441 1620 4505 propositis
1639 4440 1908 4506 discedere5
1932 4454 2101 4493 mone·

549 4516 770 4566 duint-um
793 4529 955 4580 greges
984 4516 1177 4581 quidem
1204 4518 1344 4568 extra
1371 4516 1491 4568 fines
1524 4530 1745 4580 manere,
1775 4530 1947 4569 verum
1980 4518 2103 4570 duas

550 4594 635 4642 aut
653 4594 751 4643 tres
766 4593 966 4644 selectas
981 4594 1171 4644 obviam
1195 4592 1321 4644 mitti
1337 4593 1502 4657 legatis
1519 4594 1712 4645 urbium
1725 4630 1741 4656 ,
1760 4598 1818 4645 ut
1846 4594 2102 4659 inspiciant

548 4670 730 4731 quante
743 4668 979 4720 donorum
995 4668 1265 4720 oblatorum
1282 4671 1345 4722 sit
1361 4671 1498 4736 copia
1506 4687 1521 4734 3
1538 4684 1649 4734 quoe
1662 4675 1719 4722 ut
1734 4684 1841 4722 eam
1856 4684 2104 4735 perspexe-

550 4747 689 4808 runt,
704 4745 889 4797 adsume
909 4750 1233 4810 revertuntur,
1246 4760 1422 4812 easque
1434 4748 1639 4799 invitant
1651 4760 1708 4798 eo
1726 4748 1897 4812 modo,
1912 4762 2013 4812 quo
2024 4749 2102 4801 hue

550 4820 746 4884 quidem
768 4835 942 4873 vocare
953 4823 1079 4885 ‚511oe
1095 4823 1358 4890 intelligere
1373 4824 1543 4876 solent.
1557 4828 1668 4876 Jam
1693 4825 1836 4889 igitur
1851 4827 2100 4890 gregatim.

550 4898 700 4949 instar
720 4900 920 4951 nubium
933 4937 949 4963 ,
972 4903 1203 4952 accedunt
1216 4939 1231 4966 ‚
1251 4916 1309 4953 ac
1332 4903 1374 4953 si
1395 4903 1516 4954 offas
1538 4902 1750 4966 obiectas
1779 4902 2099 4967 comederint,

450 4988 461 4999 ³
551 4990 604 5026 se
633 4990 745 5028 cum
775 4978 832 5029 iis
851 4992 1018 5042 pacem
1037 4983 1087 5031 et
1120 4980 1275 5032 soedus
1302 4981 1478 5032 babere
1501 4982 1675 5033 Veneti
1705 4981 1996 5046 intelligunt;
2029 4982 2100 5032 sin

552 5055 951 5120 contempserint,
979 5062 1026 5109 et
1049 5062 1275 5122 tanquam
1297 5059 1410 5109 vilia
1429 5072 1525 5110 non
1543 5058 1799 5124 dignentur
1818 5057 2070 5110 comedere
2083 5095 2098 5117 ,

1858 303 2356 363 FRAGMENTA.

2179 446 2300 489 tum
2329 454 2445 489 non
2475 432 2742 509 flagitant.
2768 429 3019 511 φοινικούς
3045 431 3136 489 M.
3171 450 3260 498 m,·
3285 428 3413 508 πρὸς
3436 429 3532 498 τὴν
3563 429 3743 508 χρόαν

2173 524 2302 577 Vat.
2332 520 2423 598 [et
2454 521 2586 577 cod.
2632 521 2804 576 Paris,
2837 518 3060 597 1694],
3089 522 3147 575 in
3176 539 3288 594 qua
3313 521 3560 577 lectione
3599 523 3738 578 for-

2169 619 2305 665 tasse
2361 619 2608 683 superest
2658 610 2946 682 vestigium
2998 608 3263 662 vocabuli
3305 608 3522 682 omissi,
3567 610 3742 682 quod

2169 698 2486 769 quaerimuS.
2525 719 2550 745 ι
2590 696 2811 750 Ιεοοιιε.
2839 695 3102 751 Ceterum
3127 693 3281 749 haud
3305 696 3594 768 perspicio
3625 715 3740 752 cur

2171 784 2327 839 loros
2346 801 2665 857 purpureos
2692 783 3076 856 apposuerint.

2247 868 2446 926 Ξενίων
2474 867 2533 925 τὸ
2559 866 2788 943 πλῆθος]
2823 863 2979 931 ξένων
3003 865 3063 922 τὸ
3087 866 3180 925 πλ.
3211 867 3340 925 cod.
3361 870 3504 942 Reg.
3548 868 3732 942 1693.

2171 954 2342 1024 ξενίων
2369 957 2528 1012 dedit
2552 955 2887 1023 Schneider3
2917 950 3190 1032 τῷπλῆθει
3215 955 3316 1008 τῶν
3340 949 3494 1018 ξένων
3525 954 3622 1009 alii
3653 956 3732 1008 li-

2168 1045 2286 1114 bri,
2312 1041 2472 1116 quod
2488 1041 2710 1097 Jacobs.
2735 1041 2966 1095 retineri
2992 1041 3114 1094 vult
3137 1039 3430 1095 scribendo
3461 1060 3504 1094 τ.
3541 1039 3637 1094 πλ.
3671 1037 3741 1094 τὰ

2169 1132 2271 1187 τῶν
2299 1127 2484 1199 ξένων,
2515 1128 2901 1195 multitudinis,
2941 1146 2982 1181 a
3006 1146 3118 1201 qua
3145 1131 3472 1196 missisunt,
3505 1131 3564 1180 ἰπ
3599 1146 3744 1202 gra-

2170 1223 2305 1274 tiam
2335 1221 2681 1291 inspicientes
2703 1233 2791 1270 res
2810 1214 3079 1288 haspitum
3104 1216 3452 1269 Venetorum.

2914 1353 2975 1412 6.

2251 1478 2439 1534 Schol.
2463 1476 2749 1532 Theocrit.
2771 1476 2907 1543 VII,
2944 1474 3017 1545 78
3047 1494 3062 1528 z
3088 1471 3360 1531 Ἐδεκτο
3396 1469 3503 1528 τὸν
3533 1471 3739 1530 αἰπό-

2170 1565 2276 1622 λον
2322 1560 2501 1640 εὗρέα
2526 1558 2770 1638 λάρναξ
2803 1559 2983 1637 κτλ.]
3011 1557 3178 1624 Λύκος
3203 1559 3314 1635 (sic
3341 1562 3529 1634 Toup.
3552 1582 3568 1629 ;
3595 1561 3736 1615 libri

2175 1648 2379 1723 Λύκιος)
2397 1646 2523 1727 φησὶ
2537 1651 2627 1717 τῆς
2638 1644 2990 1725 Θουρίαςόρος
3004 1644 3258 1721 Θαλαμὸν,
3277 1647 3362 1724 ὑφ’
3383 1644 3413 1704 ὃ
3425 1644 3608 1725 ἄντρον
3625 1647 3734 1702 τῶν

2175 1739 2429 1815 Νυμφῶν.
2458 1735 2694 1794 Καλοῧσι
2710 1730 2765 1790 δὲ
2789 1730 2914 1790 αὗτὸ
2941 1731 3208 1799 Ἀλουσίας
3224 1734 3272 1790 οἱ
3295 1731 3566 1813 ἐπιχώριοι
3582 1777 3598 1804 ,
3628 1733 3737 1790 ἀπὸ

2176 1827 2265 1880 τοῦ
2281 1819 2659 1901 παραρρέοντος
2677 1817 2940 1879 Ἀλουσίου
2959 1824 3217 1895 ποταμοῦ.
3239 1818 3334 1878 Ἐν
3351 1818 3521 1898 τούτῳ
3534 1817 3734 1894 ποιμὴν

2179 1907 2451 1988 ἐπιχώριος
2469 1907 2718 1966 δεσπότου
2737 1903 3011 1984 θρέμματα
3034 1904 3255 1984 βόσκων,
3272 1903 3384 1962 ἔθυε
3403 1908 3608 1984 συχνῶς
3621 1914 3738 1971 ταῖς

2180 1994 2436 2062 Μούσαις.
2461 1985 2544 2053 Οἶ
2558 1992 2710 2072 χάριν
2739 1990 3100 2072 δυσχεράναςὸ
3115 1989 3367 2061 δεσπότης
3393 1994 3466 2059 εἷς
3491 1991 3738 2072 λάρνακα

2177 2080 2524 2146 κατακλείσας
2553 2079 2706 2139 αὐτὸν
2735 2079 2975 2137 ἀπέθετο.
3007 2080 3194 2158 Τούτῳ
3223 2078 3265 2136 δ’
3294 2076 3558 2147 ἐδίσταξεν
3585 2084 3613 2138 ὁ
3649 2082 3737 2138 δε-

2179 2169 2372 2240 σπότης
2394 2168 2758 2248 βουλευόμενος
2786 2168 2832 2225 εἰ
2859 2163 3082 2224 σῶσειαν
3105 2164 3258 2224 αὗτὸν
3281 2168 3338 2224 αἱ
3357 2169 3590 2226 Μοῦσαι.
3623 2169 3734 2228 Πα·

2181 2257 2530 2338 ραδραμόντος
2558 2255 2612 2313 δὲ
2642 2253 2935 2330 διμηνιαίου
2964 2251 3185 2333 χρόνου,
3208 2253 3624 2333 παραγενόμενος
3643 2255 3735 2314 καὶ

2179 2344 2244 2402 τὰ
2265 2344 2530 2424 ζύγαστρα
2546 2347 2636 2401 τοῦ
2662 2341 2918 2421 λάρνακος
2936 2339 3189 2409 διανοίξας
3201 2384 3217 2412 ,
3237 2344 3406 2408 ζῶντα
3426 2341 3736 2420 κατείληφε,

2180 2429 2269 2490 καὶ
2291 2430 2385 2502 τὴν
2412 2431 2648 2510 λάρνακα
2675 2425 3095 2510 πεπληρωμένην
3122 2426 3317 2506 κηρίων
3346 2417 3516 2505 εὗρεν.

2258 2516 2518 2596 θαλαμὸν]
2575 2514 2823 2592 θαλαμὼν
2891 2516 3041 2589 conj.
3099 2517 3381 2586 Reiskius3
3451 2514 3735 2572 θαλάσσιον

2181 2608 2454 2680 Toupius3
2487 2624 2593 2680 ego
2625 2623 2640 2660 ε
2674 2600 2979 2681 χθαμαλὸν,
3007 2604 3166 2677 quod
3190 2604 3400 2658 montis
3439 2603 3736 2677 epitheton

2180 2696 2240 2748 in
2281 2694 2552 2748 humilem
2577 2703 2634 2747 et
2664 2709 2928 2765 aquosam
2972 2690 3250 2765 Sybareos
3273 2691 3738 2764 Thuriorumque

2180 2782 2467 2855 regionem
2494 2781 2640 2835 bene
2667 2777 2944 2852 quadrare
2965 2779 3106 2835 mihi
3124 2777 3369 2835 videtur.
3403 2777 3639 2833 Flumen
3669 2779 3736 2833 in

2181 2868 2540 2941 sequentibus
2555 2876 2930 2925 memoratum
2947 2864 3102 2939 apud
3127 2865 3328 2921 AElian.
3349 2866 3477 2920 Nat.
3507 2867 3616 2921 An.
3640 2865 3734 2934 X,

2186 2955 2258 3011 38
2299 2956 2506 3012 dicitur
2530 2956 2747 3025 LusiaS,
2769 2953 2943 3010 hodie
2982 2956 3187 3010 Lacino
3229 2954 3345 3009 sive
3386 2954 3592 3009 Lucida
3625 2952 3739 3027 (de

2187 3063 2302 3116 quo
2323 3045 2577 3099 Schiller.
2604 3043 2685 3099 De
2705 3043 3047 3098 Thuriorum
3070 3044 3217 3115 Rep.
3247 3059 3310 3114 p.
3349 3060 3373 3095 1
3406 3040 3600 3101 laudat
3621 3043 3735 3097 Ro·

2183 3132 2505 3186 manellinm
2567 3131 2900 3205 Topografia
2956 3131 3055 3184 del
3095 3147 3265 3201 regno
3316 3129 3378 3182 di
3413 3129 3636 3201 Napoli
3678 3130 3740 3198 1,

2182 3236 2244 3292 p.
2275 3217 2455 3293 229);
2486 3236 2732 3292 quocum
2770 3218 3016 3274 concinit
3055 3218 3291 3272 Timaeus
3325 3214 3480 3289 apud
3525 3216 3734 3274 Athen.

2184 3306 2317 3377 XII,
2333 3324 2395 3379 p.
2424 3304 2457 3362 5
2471 3325 2567 3381 1‚9,
2583 3307 2628 3361 Β
2652 3326 2665 3360 2
2689 3301 2962 3383 τοῦθέρους
2987 3303 3035 3359 οἱ
3053 3298 3290 3381 νεώτεροι
3309 3301 3481 3358 αὑτῶν
3505 3298 3617 3378 (sc.
3643 3303 3729 3376 Sy·

2183 3391 2524 3466 baritarum)
2556 3391 2625 3456 εἷς
2647 3388 2713 3447 τὰ
2742 3391 2844 3447 τῶν
2872 3390 3106 3469 Νυμφῶν
3133 3386 3295 3468 ἄντρα
3325 3388 3428 3444 τῶν
3456 3385 3734 3446 Λουσιά-

2189 3476 2220 3533 δ
2228 3500 2308 3534 ων
2345 3477 2732 3552 ἀποδημοῦντες
2755 3474 3009 3534 διετέλουν
3034 3472 3167 3551 μετὰ
3196 3473 3370 3545 πάσης
3387 3477 3603 3553 τρυφῆς.
3633 3476 3738 3531 vix

2187 3576 2330 3638 puto
2359 3567 2656 3636 Timaeum,
2696 3567 2792 3639 qui
2817 3568 2973 3639 Lyco
3000 3565 3196 3638 saepius
3220 3581 3352 3618 usus
3378 3573 3486 3631 est,
3526 3563 3600 3617 de
3629 3581 3729 3617 no·

2187 3654 2338 3708 mine
2363 3652 2476 3709 hoc
2503 3654 2573 3709 ab
2597 3672 2666 3708 eo
2691 3654 3014 3709 dissensisse.
3037 3650 3281 3707 Defendi
3304 3661 3491 3705 tamen
3513 3650 3738 3724 vulgata

2187 3816 2420 3880 indigenae
2432 3817 2522 3867 sibi
2534 3830 2814 3880 persuasum
2827 3817 3004 3867 habent
3017 3812 3209 3865 illarum
3223 3815 3556 3877 contemptum
3567 3813 3740 3863 famem

2188 3894 2377 3945 minari.
2408 3898 2529 3944 Nam
2551 3894 2703 3943 veluti
2726 3895 2940 3943 homines
2956 3892 3233 3942 muneribus
3249 3890 3512 3952 incorrupti
3524 3926 3540 3951 ‚
3559 3892 3632 3940 sie
3647 3891 3740 3939 ium

2186 3969 2305 4019 nibil
2331 3982 2396 4021 ex
2424 3970 2623 4033 objectis
2652 3969 2772 4020 oecis
2791 3971 3035 4033 gustantes
3066 3968 3118 4017 in
3157 3967 3397 4017 arationes
3416 3966 3664 4029 involant,
3685 3982 3736 4022 ει

2186 4048 2449 4096 maximam
2478 4049 2691 4097 satorum
2721 4048 2904 4109 partem
2935 4045 3238 4096 acerbissime
3258 4042 3555 4108 praedantnr,
3578 4044 3743 4094 animo

2185 4123 2308 4173 irato
2330 4123 2607 4183 effodientes
2622 4125 2671 4172 et
2688 4123 3041 4186 investigantes.

2931 4221 2986 4270 6.

2247 4319 2405 4379 Lycus
2434 4317 2596 4365 narrat
2621 4315 2816 4365 Thutiae
2852 4314 3054 4378 regionis
3085 4316 3300 4363 montem
3336 4326 3439 4363 esse
3471 4313 3706 4362 humilem
3723 4351 3740 4373 ,

2184 4394 2276 4445 sub
2293 4408 2392 4458 quo
2408 4397 2601 4445 antrum
2623 4392 2767 4442 situm
2787 4393 2849 4444 sit
2871 4393 3199 4457 Nympharum
3211 4428 3226 4453 ‚
3246 4391 3325 4441 cui
3353 4390 3530 4440 Alusiae
3565 4403 3740 4439 nomen
3753 4422 3764 4431 -

2185 4472 2417 4536 indigenae
2427 4471 2701 4523 indiderunt
2708 4471 2770 4522 ab
2790 4472 2948 4522 Alesia
2966 4484 3107 4520 amne
3119 4468 3491 4534 praeterssuente.
3506 4471 3564 4519 In
3577 4471 3750 4517 monte

2184 4551 2277 4601 isto
2294 4554 2456 4614 pastor
2472 4550 2688 4614 indigena
2705 4562 2880 4613 pecora
2896 4549 3077 4600 domini
3100 4548 3174 4599 sni
3197 4560 3393 4612 pascens
3414 4545 3748 4609 frequentibus

2185 4632 2346 4679 Musas
2366 4627 2617 4678 bonoravit
2641 4624 2900 4677 sacrifieiis.
2924 4625 3065 4685 Quod
3085 4639 3212 4689 {egre
3233 4627 3386 4675 tereus
3402 4623 3550 4673 herus
3566 4624 3748 4673 eumin

2186 4718 2296 4754 arca
2315 4704 2554 4755 inclusum
2572 4702 2811 4767 exposuit.
2834 4702 2927 4754 Sed
2950 4702 3111 4753 animo
3133 4715 3236 4752 rem
3254 4700 3454 4750 volvens
3471 4699 3744 4761 ambigebat

2188 4784 2354 4847 herus,
2378 4796 2493 4833 num
2526 4783 2650 4833 rorte
2670 4786 2821 4834 Maste
2852 4782 2989 4832 illum
3023 4780 3328 4831 servaverint.
3357 4778 3553 4841 ltaque,
3583 4790 3743 4839 quan·

2185 4874 2331 4924 quam
2366 4860 2592 4911 bimestke
2612 4860 2714 4923 ¹iam
2736 4859 2965 4922 temporis
2986 4858 3194 4921 spatium
3221 4855 3584 4919 praeiet-lapsum
3608 4855 3750 4916 erat,

2185 4937 2246 4987 ad
2268 4950 2430 4991 arcam
2449 4937 2633 4987 accedit
2645 4974 2659 5000 ‚
2679 4935 2992 4999 claustrisque
3010 4932 3205 4984 remotis
3222 4932 3466 4981 bominem
3495 4931 3752 4983 viventem

2184 5014 2521 5080 deprehendit,
2542 5027 2702 5066 arcam
2721 5027 2835 5066 vero
2854 5014 2971 5065 savis
2989 5013 3216 5076 repletam
3240 5010 3461 5073 repperit.
