4016 5916
1253 422 1910 572 HIPPIAS
1993 438 2562 573 ELEUS.

365 938 650 1011 Gorg-iam
705 933 1049 989 Leontinum
1090 950 1123 987 a
1155 932 1438 988 Clemente
1476 922 1861 988 Alexandrino

281 1022 563 1101 ἱστορικόν
602 1020 876 1096 appellari
910 1038 1080 1093 supra
1110 1018 1355 1074 vidimus
1383 1023 1467 1093 (p.
1499 1019 1624 1093 ao);
1650 1019 1863 1075 ibidem

282 1112 568 1186 suspicati
593 1126 782 1165 nimus
803 1106 1123 1165 Eudemum
1143 1107 1399 1175 Parium,
1425 1108 1524 1179 qui
1554 1125 1684 1161 cum
1709 1107 1860 1163 Gor·

286 1204 385 1276 gia
414 1198 808 1272 componitur,
835 1212 955 1249 non
976 1194 1256 1249 diversum
1293 1210 1405 1248 esse
1442 1193 1512 1247 ab
1531 1195 1726 1248 Eueno
1764 1210 1862 1247 so-

283 1289 504 1362 phista.
538 1287 797 1357 Uterque
823 1282 1276 1355 Amelesagoram
1300 1281 1612 1336 Atticarum
1639 1279 1860 1335 fabula-

286 1394 424 1431 rum
451 1382 821 1428 narratorem
841 1368 1109 1441 expilasse
1131 1367 1356 1422 dicitur.
1384 1366 1555 1438 Quod
1576 1365 1650 1421 ad
1677 1365 1862 1421 decla·

285 1463 587 1517 nationes
625 1466 880 1531 spectare
919 1454 1168 1523 videtur,
1210 1453 1406 1527 quales
1445 1462 1603 1509 erant
1642 1452 1864 1527 Gorgiae

287 1545 588 1622 Ἀπολογία
612 1540 742 1623 ὑπὲρ
762 1538 1117 1615 Παλαμήδους
1135 1536 1420 1610 οῑἙλένης
1438 1536 1714 1614 ίγκώμιον.
1730 1540 1864 1594 Aliae

287 1654 324 1693 a
339 1636 572 1710 Gorgia
597 1633 882 1688 orationes
899 1629 1106 1684 habitae
1130 1638 1286 1697 sunt,
1315 1628 1519 1699 quibus
1535 1644 1666 1682 vere
1687 1626 1865 1681 histo-

286 1726 486 1780 ricum
534 1729 933 1796 argumentum
977 1717 1205 1773 suberat
1257 1736 1273 1770 ι
1322 1712 1490 1789 Λόγον
1540 1711 1863 1786 Ὀλυμπικὸν

288 1811 459 1880 dico,
471 1804 644 1883 Λόγον
662 1802 951 1883 ἐπιτάφιον,
961 1822 1065 1859 nec
1080 1821 1197 1858 non
1210 1798 1503 1877 Ἐγκώμιον
1523 1801 1594 1866 εἰς
1611 1797 1862 1866 Ἠλείους.

289 1897 490 1973 (vide
523 1895 678 1952 Geel.
708 1895 848 1949 Hist.
879 1892 1003 1948 crit.
1042 1892 1286 1965 Sophist.
1316 1892 1379 1944 in
1409 1891 1566 1945 Actis
1599 1891 1742 1946 Nov.
1770 1908 1864 1945 so-

291 1987 440 2042 ciet.
469 1978 862 2051 Rheno-Trai.
897 1977 1180 2048 1823311,
1209 1996 1272 2054 p.
1306 1976 1401 2046 31,
1426 1979 1580 2033 Foss.
1606 1979 1692 2033 De
1713 1977 1866 2033 Gor-

293 2074 412 2149 gia,
451 2072 606 2127 Halae
647 2063 850 2142 1828.)
887 2066 1153 2138 Ejusdem
1171 2054 1244 2121 de
1268 2066 1501 2121 Homeri
1519 2081 1725 2139 genere
1743 2081 1866 2118 sen-

295 2161 544 2215 teutiam
558 2156 800 2212 servavit
814 2158 1032 2209 Auctor
1049 2154 1155 2210 Vit.
1176 2154 1346 2210 Hom.
1363 2153 1549 2208 Iriart.
1567 2150 1643 2225 (ν.
1667 2150 1863 2225 fragm.

297 2247 587 2305 naamis
663 2239 713 2319 );
744 2243 862 2313 ejus
885 2240 958 2296 de
985 2238 1255 2314 tragoedia
1277 2238 1556 2312 judicium
1578 2237 1750 2293 habes
1776 2256 1865 2313 ap.

299 2333 695 2390 namhoc
713 2329 859 2404 glor.
878 2326 1157 2401 Athen.p.
1178 2325 1313 2393 348.
1339 2328 1520 2382 Porro
1542 2326 1604 2380 in
1622 2327 1869 2382 Cimonis

301 2424 438 2478 vita
459 2418 792 2477 Plutarchus
817 2433 868 2473 c.
901 2431 971 2469 10
995 2432 1010 2470 ε
1040 2411 1259 2491 Γοργίας
1283 2417 1311 2471 6
1339 2414 1606 2478 Λεοντῖνος
1631 2411 1758 2493 φησὶ
1778 2410 1864 2469 τὸν

307 2506 543 2583 Κίμωνα
566 2503 634 2562 τὰ
658 2501 917 2583 χρήματα
943 2504 1166 2557 κτᾶσθαι
1192 2494 1264 2566 ὦς’
1289 2499 1383 2577 μὲν
1407 2502 1612 2579 χρῷτο,
1639 2502 1867 2579 χρῆσθαι

307 2595 360 2652 δὲ
391 2597 468 2660 ὥς
489 2594 710 2672 τῳῷτο.
737 2593 950 2648 Verum
975 2588 1246 2661 ejusmodi
1264 2608 1351 2645 res
1364 2590 1559 2663 quavis
1578 2591 1869 2645 occasione

307 2683 560 2757 proferri
601 2688 945 2755 potuerunt,
973 2695 1159 2751 neque
1191 2677 1370 2732 ullum
1411 2677 1670 2744 librum‚·
1697 2694 1868 2749 quem

307 2772 646 2827 historicum
673 2768 864 2824 dicere
891 2767 1084 2833 liceat,
1116 2782 1147 2819 a
1191 2764 1403 2838 Gorgia
1440 2765 1713 2837 scriptum
1751 2781 1868 2819 esse

307 2860 650 2934 accepimus.
680 2855 848 2912 Idem
889 2854 1037 2909 valet
1064 2851 1136 2909 de
1162 2850 1411 2907 Prodico
1450 2847 1517 2928 (*)
1563 2861 1620 2907 et
1664 2852 1866 2907 Prota-

307 2965 454 3022 gora
467 2946 558 3022 ('*)
567 2988 580 3003 .
595 2948 783 3019 Atque
801 2941 1035 2997 omnino
1057 2939 1333 2997 triumviri
1347 2939 1548 2995 veteris
1560 2936 1869 3012 sophistieae

308 3036 625 3110 principes,
671 3044 740 3088 ut
771 3030 1077 3106 propiores
1114 3029 1394 3103 sapientiae
1419 3026 1854 3100 philosophicae,

309 3125 390 3178 sic
420 3121 493 3176 ab
533 3120 816 3176 historicis
841 3115 1118 3172 doctrinis
1143 3115 1438 3171 alieniores
1474 3111 1640 3167 fuisse
1665 3111 1870 3167 viden-

311 3221 430 3268 tur.
469 3210 693 3264 Horum
717 3216 906 3262 autem
945 3218 1285 3259 successores
1310 3217 1488 3273 quum
1513 3199 1746 3253 humani
1772 3215 1873 3272 ge—

309 3297 468 3351 neris
491 3294 812 3368 disciplinas
843 3291 915 3347 ad
943 3308 1116 3345 unam
1139 3306 1335 3344 omnes
1362 3288 1700 3361 attingerent
1723 3295 1780 3340 et
1806 3285 1872 3338 in

313 3401 448 3439 usus
461 3401 590 3437 snos
609 3388 1037 3448 converterent,
1063 3395 1193 3432 cnm
1215 3375 1534 3448 eloquentia
1554 3374 1722 3428 etiam
1741 3390 1872 3427 eru-

313 3471 591 3526 ditionem
599 3468 925 3523 historicam
938 3465 1150 3520 sociare
1160 3479 1511 3536 summopere
1520 3459 1871 3515 studuerunt.

315 3560 479 3614 luter
509 3575 606 3614 eos
632 3557 842 3613 eminet
883 3553 1121 3626 Hippias
1154 3552 1345 3619 Eleus,
1375 3548 1749 3623 sophistarum
1787 3547 1872 3602 uti

382 3729 446 3791 (*)
482 3727 674 3778 Aristot-
705 3725 852 3776 Rhet.
879 3726 949 3785 ΙΙ,
975 3729 1032 3771 23
1060 3741 1073 3771 ε
1099 3721 1254 3775 Ἄλλος
1281 3717 1481 3781 (τόπος)
1513 3717 1608 3767 ἀπὸ
1637 3721 1723 3766 τοῦ
1765 3716 1872 3767 ὀνό-

321 3814 528 3861 ματος.
550 3800 614 3852 ὥς
643 3796 808 3846 Κόνων
830 3793 1161 3856 Θρασύὄουλον
1175 3789 1518 3854 apamenum,
1536 3788 1617 3835 καὶ
1638 3786 1870 3850 Ἡρόδι-

321 3885 423 3924 κος
440 3867 774 3930 flammato-o,
795 3864 865 3913 &si
882 3862 1180 3926 θρασύμαχος
1197 3859 1239 3908 εἷ
1254 3895 1268 3920 ,
1286 3859 1368 3907 καὶ
1393 3859 1558 3907 Πῶλον
1570 3892 1587 3917 ,
1602 3856 1673 3906 ἀεὶ
1691 3857 1751 3905 σὺ
1768 3862 1872 3906 πῶ-

321 3941 400 3995 λος
422 3933 482 3988 εἴ·
498 3935 572 3987 Ad
597 3936 701 3986 hec
717 3934 878 3985 schol.
899 3935 927 3981 6
945 3933 996 3982 δὲ
1013 3932 1254 3994 Ἡρόδικος
1277 3928 1517 3986 Ἀθηναῖος
1536 3926 1864 3989 ἱστορικός.

323 4011 386 4060 At
415 4007 479 4057 de
501 4007 783 4056 Athmleme
799 4007 861 4054 R.
881 4001 1000 4051 nihil
1021 4002 1227 4051 constat.
1251 4002 1307 4048 lu
1328 3997 1493 4060 aprico
1508 3998 1583 4045 est
1610 3996 1871 4058 sophistam

321 4075 522 4138 intelligi
538 4113 554 4135 ,
573 4076 649 4125 vel
669 4072 958 4124 Herodicum
979 4068 1388 4133 selmum-Eanum,
1404 4065 1644 4114 medicum
1664 4066 1874 4128 artisque

325 4147 635 4211 ΒΜ
654 4144 936 4207 magistrum
963 4142 1128 4204 (mato
1153 4137 1347 4189 Phaedr.
1381 4148 1430 4199 p.
1467 4140 1576 4198 227,
1600 4139 1658 4193 Ι),
1683 4138 1871 4199 Protag.

324 4223 437 4278 316,
459 4221 516 4277 tt,
535 4217 651 4277 nep.
672 4219 764 4263 ⁴06
784 4218 842 4274 Α,
863 4225 910 4260 v.
931 4211 1067 4261 Geel.
1087 4207 1203 4269 1.1.;
1224 4210 1279 4257 c.
1303 4209 1563 4256 Hermann.
1588 4203 1653 4253 ad
1672 4205 1870 4253 Lucian.

325 4292 398 4338 De
420 4298 604 4336 consen
631 4285 742 4334 hist.
773 4296 818 4332 e.
846 4287 1002 4344 35,p.
1036 4284 1144 4330 2⁶7.
1188 4278 1325 4329 Alius
1355 4274 1647 4335 Hei-odiens,
1686 4274 1872 4336 Gorgiae

323 4359 489 4417 flate,
523 4356 820 4405 muneratur
845 4349 1030 4402 Platoni
1061 4350 1111 4399 in
1142 4352 1286 4410 Gorg.
1325 4359 1374 4409 p.
1409 4349 1519 4406 448,
1558 4346 1612 4393 B.
1630 4345 1667 4405 );
1688 4344 1764 4393 vel
1788 4357 1874 4406 pro

322 4426 562 4490 Ἡρόδικος
577 4422 886 4475 &undum
905 4420 1222 4484 Πρόδικος,
1242 4417 1312 4466 uli
1332 4418 1495 4466 censet
1515 4414 1731 4476 Spengel.
1759 4417 1871 4463 Συν-

324 4513 405 4557 “Y-
442 4512 581 4559 αχν.
619 4507 670 4557 p.
698 4497 790 4555 94,
827 4490 1113 4541 assentiente
1143 4487 1371 4538 Welkero
1415 4486 1466 4535 iu
1517 4484 1688 4534 Rada.
1735 4486 1871 4533 Mus.

324 4570 446 4616 tom.
479 4569 529 4626 1,
557 4578 606 4628 p.
645 4570 735 4615 sea
775 4575 856 4626 sq.
883 4565 1128 4623 Frequens
1156 4559 1329 4607 luorum
1353 4555 1605 4606 nominum
1638 4555 1871 4604 contnuo.

323 4636 398 4688 ct.
435 4635 596 4686 Welk.
613 4631 746 4696 cyd.
773 4645 820 4694 p.
837 4639 944 4682 255.
1267 4649 1272 4654 -

387 4705 474 4768 (”)
508 4702 894 4755 commentarios
927 4697 1178 4750 historicos
1200 4695 1584 4760 (Memolrisclw
1604 4693 1872 4756 Arbeiten)

326 4790 356 4825 a
377 4779 638 4837 Protagora
654 4770 945 4834 compositos
958 4782 1061 4820 esse
1078 4771 1217 4832 putat
1239 4767 1466 4817 Roscher.
1491 4765 1634 4827 (Cho
1650 4776 1697 4826 p.
1723 4763 1842 4825 294)
1856 4800 1873 4825 ,

327 4846 521 4896 landate
539 4842 799 4894 Plutarcho
817 4841 1060 4891 Consolat.
1081 4838 1143 4888 ad
1164 4839 1382 4902 Aponon.
1406 4850 1452 4886 c.
1469 4841 1548 4896 ³³,
1565 4833 1650 4883 ubi
1666 4837 1741 4883 est
1760 4836 1873 4882 Pro·

327 5141 376 5188 p.
404 5130 462 5175 84
477 5127 496 5184 )
511 5160 527 5183 ,
547 5124 598 5172 in
626 5135 729 5184 quo
748 5123 983 5183 praeoepta
1006 5119 1239 5180 exemplis
1273 5115 1582 5178 philosophus
1607 5078 1874 5162 illustrare:

329 5196 408 5245 rit.
440 5193 558 5244 Aliis
577 5191 725 5240 rebus
746 5188 981 5240 historicb
997 5188 1156 5238 locum
1175 5187 1306 5237 dedit
1325 5186 1444 5235 liber
1462 5186 1574 5250 Περὶ
1591 5183 1840 5238 πολιτείας.
1864 5189 1870 5198 ’

1954 920 2461 1009 arrogantissimus,
2488 934 2568 990 sic
2595 932 2756 989 facile
2783 931 3135 991 doctissimus
3165 954 3180 989 :
3212 933 3379 1011 σωρὸν
3411 934 3502 994 καὶ

1951 1018 2110 1097 ἐσμὸν
2129 1017 2312 1098 σοφίας
2326 1020 2464 1076 dicit
2483 1022 2816 1077 Tbemistius
2828 1023 2926 1078 Or.
2946 1022 3149 1079 xx1x
3165 1041 3249 1098 ,p.
3272 1023 3407 1093 345,
3424 1026 3499 1081 D.

2032 1109 2228 1165 Suidas
2259 1128 2272 1164 ε
2318 1106 2561 1182 Ἱππίας,
2602 1106 2928 1178 Διοπείθους,
2978 1107 3212 1184 Ἠλεῖος,
3258 1109 3508 1190 σοφιστὴς

1951 1192 2043 1251 καὶ
2070 1193 2378 1274 φιλόσοφος,
2409 1192 2649 1269 μαθητὴς
2685 1193 3085 1270 Ἦγησιδάμου,
3115 1193 3170 1262 ὃς
3195 1195 3341 1263 τέλος
3380 1195 3508 1276 ὡρί-

1951 1283 2066 1349 ζετο
2090 1279 2185 1351 τὴν
2208 1280 2539 1361 αὐτάρκειαν.
2568 1277 2811 1360 Ἔγραψε
2839 1281 3032 1342 πολλά.

2030 1370 2183 1428 Geel.
2212 1371 2251 1427 1.
2275 1371 2315 1425 l.
2346 1388 2404 1445 p.
2441 1370 2542 1427 181
2582 1389 2598 1427 ε
2630 1373 2759 1427 nne
2788 1368 3004 1445 Hippiae
3032 1382 3190 1427 aetate
3210 1372 3351 1427 nihil
3382 1391 3507 1428 am-

1951 1458 2101 1531 plius
2142 1455 2421 1514 affirmare
2459 1448 2624 1527 licet,
2668 1458 2775 1513 nisi
2817 1476 2949 1513 eum
2993 1456 3157 1514 fuisse
3197 1459 3508 1534 Protagora

1952 1546 2133 1601 multo
2146 1544 2432 1617 juniorem
2461 1542 2527 1622 (¹¹)
2563 1545 2711 1601 :hoc
2738 1546 2859 1619 ipse
2881 1555 3114 1600 testatur
3132 1546 3284 1619 apud
3311 1547 3504 1602 Plato-

1954 1649 2084 1686 nem
2105 1633 2278 1706 Hipp.
2306 1632 2439 1704 maj.
2463 1650 2521 1707 p.
2556 1631 2654 1706 96,
2687 1632 2751 1688 C.
2787 1631 2959 1689 Suida
2985 1643 3150 1701 teste,
3182 1634 3238 1687 in
3266 1628 3507 1704 Ἱππίας,

1954 1718 2169 1774 audivit
2196 1719 2627 1795 Hegaeidemum
2648 1716 2745 1796 (“)
2761 1760 2778 1788 ,
2806 1718 2877 1775 dc
2905 1738 3021 1792 quo
3048 1721 3256 1775 borum
3281 1731 3504 1794 tempo-

1953 1822 2083 1860 rum
2104 1806 2448 1880 philosopho
2474 1807 2567 1861 vel
2591 1806 2835 1880 sophista
2854 1847 2870 1875 ,
2920 1824 3026 1862 nos
3053 1825 3124 1862 ne
3164 1806 3338 1863 fando
3364 1809 3507 1881 -qui-

1955 1891 2087 1948 dem
2114 1893 2458 1964 audivimus;
2488 1911 2626 1949 vero
2654 1893 2834 1948 simile
2861 1892 3094 1965 quidem
3121 1905 3237 1963 est,
3267 1912 3396 1948 cum
3423 1894 3509 1949 sui

1955 1981 2261 2054 aequalibus
2284 1981 2542 2055 sophistis
2561 1990 2837 2036 versatum
2860 1996 3001 2047 esse,
3027 1980 3359 2053 quibuscum
3379 2000 3511 2038 sane

1956 2068 2271 2124 divertebat
2301 2068 2457 2142 apud
2496 2068 2725 2125 Calliam
2754 2067 3181 2137 Atheniensem3
3218 2069 3335 2124 vid.
3363 2070 3506 2125 Plat.

1956 2156 2184 2231 Protag.
2207 2174 2269 2233 p.
2304 2155 2436 2230 195,
2464 2156 2533 2211 E.
2563 2152 2922 2211 Credendum
2959 2164 3039 2209 est
3075 2172 3205 2209 eum
3242 2156 3510 2211 musicam

1956 2260 1989 2298 a
2014 2244 2261 2317 Lampro
2276 2285 2293 2316 ,
2321 2244 2661 2299 rhetoricam
2687 2241 2758 2295 ab
2788 2241 3138 2313 Antiphonte
3163 2242 3509 2298 Rhamnusio

1958 2328 2214 2386 didicisse
2257 2349 2272 2385 z
2313 2330 2609 2386 Athenaeus
2642 2329 2790 2384 enim
2840 2325 2961 2402 (X,
2991 2345 3048 2401 p.
3097 2326 3240 2398 506,
3276 2327 3383 2404 F),
3413 2325 3509 2387 Ἐν

1957 2412 2014 2474 δὲ
2036 2417 2111 2494 τῷ
2139 2412 2432 2495 Μενεξένῳ,
2458 2417 2668 2489 inquit,
2701 2414 2761 2471 οὗ
2786 2412 2941 2488 μόνον
2969 2415 2997 2469 6
3017 2411 3231 2479 Ἱππίας
3257 2416 3286 2470 6
3304 2412 3510 2478 Ἠλεῖος

1956 2501 2302 2580 χλευάζεται,
2334 2500 2470 2559 ἀλλὰ
2504 2499 2595 2558 καὶ
2622 2504 2650 2558 6
2683 2497 3028 2575 Ῥαμνούσιος
3069 2498 3318 2581 Ἀντιφῶν
3354 2500 3445 2558 καὶ
3481 2504 3511 2558 6

1959 2587 2205 2665 μουσικὸς
2243 2587 2519 2667 Λάμπρος.
2563 2588 2634 2647 In
2676 2589 2922 2645 Platonis
2961 2599 3145 2644 autem
3197 2589 3512 2646 Menexeno

1959 2678 2179 2752 Hippiae
2216 2695 2427 2732 nomen
2465 2684 2740 2750 nusquam
2785 2676 3063 2746 occurrit;
3109 2675 3209 2731 sed
3260 2677 3516 2733 Socrates

1956 2766 2253 2821 rhetorum
2295 2764 2647 2820 laudationes
2695 2764 3089 2836 orationesque
3134 2762 3397 2819 funebres
3420 2765 3513 2819 vi-

1961 2851 2127 2921 deus3
2156 2870 2216 2908 se
2248 2851 2348 2907 has
2373 2851 2540 2907 etiam
2566 2850 2750 2906 facere
2783 2867 2946 2924 posse
2981 2851 3275 2925 gloriatur,
3302 2852 3515 2925 quippe

1958 2941 2228 2996 musicam
2245 2938 2510 2996 edoctum
2523 2956 2556 2995 a
2570 2938 2791 3007 Conno,
2806 2938 3144 2994 rhetoricam
3157 2938 3228 2994 ab
3251 2938 3479 3013 Aspasia
3494 2956 3513 2999 t

1960 3023 2120 3085 Οὕτω
2148 3022 2242 3102 μὲν
2276 3015 2363 3082 οὗν
2402 3022 2715 3105 τρεφόμενον
2740 3021 2899 3103 ἄνδρα
2934 3024 3149 3101 (inquit
3174 3043 3232 3099 p.
3264 3026 3401 3098 236,
3431 3026 3512 3104 A)

1959 3110 2103 3172 οὖδὲν
2123 3109 2421 3189 θαυμαστὸν
2437 3108 2597 3169 δεινὸν
2618 3100 2750 3168 εἶναι
2767 3107 2954 3187 λέγειν·
2971 3110 3107 3168 ἀλλὰ
3121 3110 3212 3169 καὶ
3224 3109 3364 3177 ὅστις
3386 3114 3514 3188 ὔμοῧ

1961 3198 2144 3259 κάκιον
2167 3198 2476 3271 ἐπαιδεύθη,
2502 3196 2754 3275 μουσικὴν
2781 3196 2875 3274 μὲν
2899 3196 3000 3256 ὑπὸ
3020 3197 3283 3278 Λάμπρου
3308 3202 3519 3259 παιδευ-

1962 3286 2096 3360 Θεὶς,
2125 3286 2401 3368 ῥητορικὴν
2440 3285 2495 3345 δὶ
2524 3286 2614 3343 ὑπ’
2642 3285 2973 3366 Ἀντιφῶντος
3013 3291 3104 3343 τοῦ
3132 3285 3482 3363 Ῥαμνουσίου
3503 3331 3518 3362 ,

1961 3374 2101 3452 ὅμως
2126 3374 2222 3434 κᾶν
2251 3366 2398 3441 οὗτος
2425 3363 2592 3432 οἶόστ’
2619 3373 2699 3444 εἴη
2730 3371 3015 3444 Ἀθηναίοις
3056 3374 3280 3431 ἐπαινῶν
3313 3375 3518 3432 εὐδοκι-

1963 3470 2104 3539 μεῖν.
2129 3465 2344 3536 Quodsi
2368 3464 2663 3518 Athenaeus
2691 3472 2805 3515 tam
2834 3471 2990 3516 certo
3030 3463 3221 3530 scivit,
3252 3462 3519 3535 Hippiam

1962 3571 1996 3608 a
2022 3553 2255 3608 Platone
2281 3552 2447 3607 tacite
2467 3549 2780 3624 designari,
2811 3565 3030 3604 neccsse
3057 3558 3137 3603 est
3165 3549 3395 3604 aliunde
3435 3549 3517 3604 illi

1961 3639 2271 3694 innotuerit
2286 3679 2303 3708 ,
2323 3638 2430 3692 hos
2448 3646 2822 3709 preceptores
2843 3636 3108 3708 Hippiam
3131 3635 3407 3693 habuisse.

2049 3750 2074 3777 ι
2105 3726 2289 3781 Minus
2324 3725 2649 3796 frequenter
2674 3722 2907 3778 Athenis
2949 3722 3426 3790 commorabatur,
3457 3723 3517 3775 in

1963 3832 2133 3888 quam
2158 3813 2360 3868 urbem
2384 3829 2441 3867 se
2464 3828 2596 3865 raro
2620 3811 2816 3866 venire
2843 3810 3094 3879 simulat,
3118 3819 3357 3882 propter
3385 3806 3516 3862 infi-

1961 3904 2145 3957 nitum
2203 3901 2548 3974 legationum
2603 3895 3001 3952 obeundarum
3054 3896 3330 3951 laborem.
3385 3893 3514 3953 vid.

1964 3990 2139 4062 Hipp.
2172 3986 2305 4057 maj.
2332 4004 2393 4059 p.
2416 3983 2605 4058 9⁵‚n;
2626 3983 2971 4055 Xenophon.
2991 3983 3163 4037 Mem.
3190 3984 3283 4048 lv,
3314 3987 3346 4046 Ι.
3373 3999 3388 4034 z
3413 3978 3517 4038 Διὰ

1959 4074 2146 4151 χρόνον
2176 4069 2483 4150 ἀφικόμενος
2507 4072 2537 4126 6
2573 4066 2784 4134 Ἱππίας
2813 4065 3058 4136 Ἀθήναζε
3084 4064 3397 4143 παρεγένετο
3435 4067 3516 4144 τῷ

1964 4158 2256 4238 Σωκράτει.
2303 4162 2502 4232 Itaque
2539 4169 2756 4213 veteres
2791 4156 3061 4230 sophistas
3098 4173 3202 4229 per
3244 4157 3517 4211 Graeciam

1963 4250 2441 4321 circumvagantes
2465 4253 2704 4300 sectatus
2723 4244 2822 4310 sit,
2843 4253 2939 4297 aut
2965 4242 3106 4296 alios
3126 4244 3293 4298 etiam
3312 4243 3516 4301 artium

1961 4337 2285 4410 magistros,
2321 4333 2440 4405 jam
2486 4342 2607 4387 tum
2650 4333 2711 4385 in
2757 4330 2958 4403 quovis
2992 4347 3197 4403 genere
3242 4331 3516 4396 orientes,

1962 4422 2261 4497 diligenter
2281 4419 2587 4494 audiverit,
2603 4437 2636 4474 e
2660 4435 2904 4491 quorum
2928 4418 3304 4485 institutione,
3336 4436 3514 4491 quum

2030 4625 2094 4689 (*)
2126 4627 2263 4674 Uxor
2292 4622 2480 4686 Hippin
2505 4622 2599 4671 fuit
2625 4621 2883 4683 Pittheus,
2903 4635 2969 4672 ex
2984 4635 3142 4685 eaque
3164 4625 3264 4672 tres
3281 4627 3513 4684 genuerat

1963 4695 2114 4755 lilios,
2135 4707 2346 4757 quorum
2373 4696 2491 4742 natu
2518 4692 2750 4741 minimus
2776 4692 3037 4754 Aphareia.
3066 4694 3209 4741 nunc
3238 4691 3513 4755 adoptavit,

1967 4765 2324 4825 Plathanenque
2346 4762 2541 4811 viduam
2576 4763 2809 4811 Isocrates
2820 4762 2922 4822 iam
2952 4773 3101 4811 senex
3128 4774 3331 4810 uxorem
3352 4761 3514 4825 duxit,

1963 4836 2087 4884 teste
2107 4831 2350 4883 Plutarch.
2381 4835 2498 4882 Dec.
2527 4834 2662 4881 ont.
2690 4833 2785 4891 lv,
2819 4829 2867 4892 §—
2904 4834 2985 4890 41,
3015 4843 3063 4893 p.
3098 4837 3213 4879 1022
3234 4830 3317 4882 ed.
3348 4831 3509 4882 Didot.

1965 4903 2068 4966 (cr.
2087 4904 2445 4953 westermsnn.
2473 4900 2645 4956 θαι-1,.
2672 4900 2726 4951 d.
2760 4913 2838 4962 qr.
2866 4899 3073 4950 Bereds-
3098 4897 3129 4961 S
3158 4903 3245 4960 48,
3265 4901 3344 4964 8.)
3364 4901 3514 4963 igitur

1971 4974 2167 5035 Hippias
2187 4971 2383 5021 Platone
2400 4971 2557 5020 multo
2573 4970 2819 5032 antiquior
2845 4983 2948 5020 esse
2966 4983 3064 5019 non
3084 4969 3262 5032 potuit.

2031 5043 2119 5106 (**)
2154 5041 2546 5105 Heqesidemum
2563 5041 2803 5104 quendam
2827 5041 3093 5102 cythnium
3110 5039 3271 5090 laudat
3294 5039 3415 5089 Plin.
3448 5047 3507 5091 Β.

1963 5117 2030 5234 IN.
2058 5116 2152 5174 lx,
2174 5111 2301 5173 8‚de
2327 5110 2617 5175 Delphinum
2642 5112 2992 5174 eigahomines
3011 5123 3191 5162 amore.
3224 5109 3503 5161 &denso-

1981 5184 2050 5234 iu.
2070 5196 2115 5232 c.
2150 5187 2219 5232 18.
