4016 5916
547 395 666 445 448

539 509 915 588 ἐπιτηδεύμασι
940 508 1005 568 τὰ
1029 512 1250 587 Βότρυος
1274 505 1626 583 ὑπομνῆματα
1655 505 1743 562 καὶ
1781 508 1881 563 τῶν
1912 502 2089 562 ἄλλων

541 598 1085 677 ἅναισχυντογράφων.

618 692 703 744 De
728 689 813 743 his
840 688 915 741 ita
935 685 1153 758 judicat
1179 684 1442 756 Polybius
1486 700 1500 736 ε
1536 677 1749 747 Ταύτην
1781 676 1834 736 δὲ
1862 677 1956 748 τὴν
1982 680 2098 736 λοι-

540 771 735 851 δορίαν,
765 776 868 848 ait,
895 769 985 827 καὶ
1021 768 1113 834 τὰς
1152 767 1400 847 ἐμφάσεις
1427 768 1525 844 οὐχ
1565 756 1668 823 οἷον
1699 765 1760 822 ἄν
1788 787 1864 829 τις
1907 763 2099 822 διέθετο

540 856 947 933 πεπαιδευμένος
977 856 1106 935 ἀνὴρ
1125 899 1140 930 ,
1167 855 1285 911 ἀλλ’
1311 852 1426 912 οὐδὲ
1453 857 1555 910 τῶν
1582 851 1669 909 ἐπὶ
1691 851 1867 927 τέγους
1889 851 1991 908 ἀπὸ
2008 855 2099 908 τοῦ

542 945 779 1022 σώματος
806 941 1158 1023 εἰργασμένων
1189 940 1371 1006 οὐδείς.
1401 939 1467 999 ‘O
1509 938 1576 1016 δ’,
1616 938 1701 996 ἵνα
1740 937 1920 1004 πιστὸς
1961 940 2098 1017 φανῇ

542 1032 677 1091 κατὰ
705 1031 798 1102 τὴν
823 1028 1190 1110 αἰσχρολογίαν
1213 1031 1302 1086 καὶ
1323 1031 1416 1099 τὴν
1440 1027 1566 1096 ὅλην
1591 1024 1983 1104 ἀναισχυντίαν,
2012 1023 2101 1081 καὶ

545 1118 1026 1199 προσκατέψευσται
1098 1114 1336 1194 τάνδρὸς,
1394 1113 1624 1190 κωμικόν
1681 1135 1798 1171 τινα
1861 1111 2099 1193 μάρτυρα

549 1203 1107 1284 προσεπισπασάμενος
1136 1202 1422 1278 ἀνώνυμον.
1445 1199 1614 1260 Πόθεν
1638 1199 1681 1258 δ’
1705 1199 1807 1277 ἐγὼ
1836 1221 2096 1257 καταστο-

539 1294 770 1372 χάζομαι
793 1297 971 1362 τοῦτο;
1002 1293 1221 1369 Πρῶτον
1252 1289 1345 1365 μὲν
1369 1291 1427 1346 ἐκ
1447 1292 1536 1346 τοῦ
1564 1286 1847 1367 πεφυκέναι
1880 1287 1969 1345 καὶ
2010 1308 2098 1343 τε-

539 1379 761 1459 τράφθαι
807 1381 977 1444 καλῶς
1017 1377 1365 1455 Δημοχάρην,
1404 1376 1705 1455 ἀδελφιδοῦν
1745 1373 1868 1432 ὄντα
1916 1375 2095 1448 Δημο·

543 1468 763 1533 σθένους.
804 1464 1053 1544 Δεύτερον
1097 1466 1154 1523 ἐκ
1176 1470 1268 1522 τοῦ
1309 1461 1382 1537 μὴ
1410 1461 1563 1539 μόνον
1598 1460 1916 1540 στρατηγίας
1945 1459 2098 1517 αὐτὸν

541 1554 789 1625 ἠξιῶσθαι
815 1554 941 1633 παρ’
971 1550 1279 1624 Ἀθηναίοις,
1303 1548 1439 1607 ἀλλὰ
1466 1548 1555 1606 καὶ
1586 1552 1687 1607 τῶν
1712 1547 1885 1607 ἄλλων
1911 1551 2098 1624 τιμῶν,

541 1634 612 1699 ὧν
634 1641 779 1699 οὐδὲν
804 1638 866 1698 διν
895 1642 1034 1719 αύτῷ
1064 1637 1406 1717 συνεξέδραμε
1433 1636 1693 1701 τοιαύταις
1730 1634 1967 1714 ἀτυχίαις
1996 1657 2101 1692 πα·

541 1727 757 1790 λαίοντι.
787 1727 881 1786 Διὸ
905 1726 994 1785 καὶ
1018 1729 1158 1784 δοκεῖ
1191 1748 1278 1802 μοι
1316 1723 1540 1798 Τίμαιος
1564 1726 1661 1801 οὐχ
1688 1720 1822 1781 οὕτω
1845 1721 2099 1799 Δημοχά-

543 1838 658 1895 ρους
711 1822 1036 1895 κατηγορεῖν,
1086 1816 1157 1880 ὡς
1206 1811 1503 1884 Ἀθηναίων,
1556 1809 1605 1867 οἳ
1653 1815 1879 1868 τοιοῦτον
1935 1808 2098 1887 ἄνδρα

541 1905 788 1980 προῆγον,
817 1900 906 1959 καὶ
930 1899 1143 1980 τοιούτῳ
1164 1899 1256 1970 τὴν
1287 1897 1512 1978 πατρίδα
1537 1895 1627 1955 καὶ
1645 1896 1759 1963 τοὺς
1781 1894 1936 1962 ἰδίους
1963 1895 2101 1973 βίους

542 1987 866 2067 ἐνεχείριζον.
897 1986 1035 2046 Ἀλλ’
1064 1990 1156 2045 οὐκ
1193 1984 1304 2044 ἔστι
1344 1983 1537 2043 τούτων
1570 1981 1737 2041 οὐδέν.
1770 1985 1851 2042 Οὐ
1896 1980 1995 2061 γὰρ
2039 1980 2100 2039 ἂν

543 2075 834 2153 Ἀρχέδικος
852 2078 879 2132 ὁ
901 2072 1340 2153 κωμῳδιογράφος
1367 2072 1433 2150 (*)
1458 2070 1602 2149 ἔλεγε
1622 2073 1784 2127 ταῦτα
1809 2066 1957 2144 μόνος
1981 2061 2101 2145 περὶ

542 2164 915 2243 Δημοχάρους,
961 2166 1030 2230 ὡς
1056 2162 1283 2239 Τίμαιός
1321 2184 1495 2242 φησιν·
1539 2156 1675 2217 ἀλλὰ
1703 2155 1885 2215 πολλοὶ
1916 2154 2010 2233 μὲν
2041 2153 2119 2212 &is

538 2254 643 2308 τῶν
664 2249 1002 2329 Ἀντιπάτρου
1030 2249 1211 2325 φίλων,
1237 2249 1353 2307 καθ’
1374 2239 1433 2307 οὗ
1457 2243 1915 2325 πεπαρρησίασταὶ
1933 2241 2103 2301 πολλὰ

541 2337 631 2396 καὶ
660 2337 920 2414 δυνάμενα
962 2339 1146 2395 λυπεῖν
1173 2338 1229 2394 οὗ
1274 2335 1428 2409 μόνον
1458 2331 1610 2392 αὐτὸν
1639 2330 1726 2390 τὸν
1754 2329 2123 2410 ’Aurium-pov„

544 2425 677 2483 ἀλλὰ
701 2426 790 2483 καὶ
814 2424 1011 2483 ἐκείνου
1044 2422 1159 2489 τοὺς
1184 2422 1451 2500 διαδόχους
1486 2420 1574 2479 καὶ
1601 2419 1777 2535 φίλους
1803 2418 2101 2495 γεγονότας·
2144 2451 2154 2530 1

546 2513 727 2572 πολλοὶ
757 2513 809 2571 δὲ
842 2515 945 2571 τῶν
976 2509 1563 2586 ἆντιπεπολιτευμένων,
1593 2532 1666 2567 ων
1698 2501 1761 2580 ἦν
1789 2506 1878 2565 καὶ
1907 2503 2101 2578 Δημή-

543 2621 679 2679 τριος
696 2604 723 2658 ὃ
749 2597 1030 2676 Φαληρεὺς
1045 2644 1062 2674 ,
1085 2589 1142 2656 οὗ
1162 2606 1322 2662 κεῖνος
1345 2598 1403 2653 οὗ
1423 2594 1517 2668 τὴν
1536 2600 1794 2674 τυχοῦσαν
1820 2591 2103 2664 πεποίηται

543 2685 858 2765 κατηγορίαν
910 2688 961 2742 ἐν
1006 2693 1118 2750 ταῖς
1168 2683 1441 2763 Ἱστορίαις
1499 2686 1816 2760 (Sequentia
1842 2682 1992 2738 ‘vide
2046 2684 2103 2736 in

543 2775 614 2832 sr.
650 2795 682 2829 2
709 2775 825 2850 )...,
849 2773 963 2829 ἀλλ’
993 2770 1133 2846 ὅμως
1159 2769 1274 2828 οὔτε
1304 2769 1599 2850 Δημήτριος
1627 2766 1738 2825 οὔτ’
1761 2767 1913 2832 ἄλλος
1941 2765 2102 2832 οὐδεὶς

542 2859 713 2937 εἴρηκε
742 2858 860 2936 περὶ
897 2857 1243 2936 Δημοχάρους
1278 2862 1509 2915 τοιοῦτον
1541 2856 1709 2913 οὐδέν.
1741 2854 1834 2918 Ἐξ
1879 2844 1951 2911 ὧν
1999 2850 2103 2930 ἐγὼ

547 2947 879 3026 βεὸαιοτέραν
914 2943 1008 3016 τὴν
1055 2950 1147 3016 τῆς
1192 2944 1438 3028 πατρίδος
1479 2941 1762 3022 ἡγούμενος
1813 2940 2101 3021 μαρτυρίαν

542 3032 700 3104 ἢτὴν
728 3034 957 3109 Τιμαίου
1002 3032 1236 3114 πικρίαν,
1276 3036 1480 3112 θαρσῶν
1523 3031 1879 3112 ἀποφαίνομαι
1919 3030 2101 3106 μηδενὶ

541 3120 627 3178 τὸν
659 3120 1003 3200 Δημοχάρους
1037 3121 1145 3199 βίον
1170 3118 1345 3199 ἔνοχον
1371 3111 1499 3177 εἶναι
1525 3123 1626 3176 τῶν
1656 3118 1896 3176 τοιούτων
1936 3139 2099 3188 κατη·

541 3208 876 3285 γορημάτων.
902 3240 980 3252 -
1008 3211 1139 3265 Haec
1163 3221 1313 3265 recte
1340 3211 1458 3264 sine
1486 3208 1664 3264 dubio
1694 3208 1974 3280 Polybius,
2001 3208 2100 3262 Ce-

544 3308 725 3352 terum
744 3300 932 3353 Timaei
955 3298 1082 3353 loco
1103 3297 1248 3353 adde
1285 3316 1407 3370 quae
1440 3298 1703 3371 leguntur
1740 3294 1889 3369 apud
1930 3295 2098 3368 Diog.

545 3388 610 3440 L.
648 3387 740 3454 lv,
773 3391 838 3450 41
880 3404 895 3439 t
925 3380 1125 3444 Τούτου
1157 3382 1513 3460 (Λεωχάρους,
1540 3395 1594 3438 at
1617 3402 1722 3441 scr.
1753 3378 2096 3458 Κλεοχάρους.

551 3474 685 3528 Vide
711 3473 942 3529 Ruhnk.
978 3472 1050 3528 ad
1079 3474 1256 3528 Rutil.
1288 3475 1435 3545 Lup.
1469 3469 1527 3540 Ῑ,
1567 3465 1618 3545 9.)
1659 3473 1748 3526 τοῦ
1792 3468 2103 3544 Μυρλεανοῦ

540 3558 681 3636 ἥρων
714 3558 803 3617 καὶ
830 3558 1152 3639 Δημοχάρης
1189 3564 1216 3617 ὁ
1252 3557 1495 3637 Λάχητος
1536 3555 1626 3615 καὶ
1666 3556 1935 3626 Πυθοκλῆς
1959 3557 1986 3610 ὁ
2013 3557 2101 3611 τοῦ

591 3696 655 3757 (Ἴ
684 3716 844 3769 Quum
880 3713 1131 3763 Archedici
1158 3712 1263 3762 loco
1301 3711 1427 3774 apud
1461 3710 1656 3762 suidam
1679 3712 1969 3761 nominetur
2003 3716 2099 3762 De·

539 3783 795 3842 moclideS,
823 3784 1075 3833 Ruhnken.
1110 3783 1170 3832 ad
1199 3782 1349 3833 Rutil.
1390 3786 1510 3844 Lup.
1535 3785 1585 3843 Ι,
1625 3789 1673 3843 2,
1705 3794 1753 3843 p.
1790 3786 1876 3844 88,
1910 3785 1965 3831 ut
1997 3783 2101 3831 loca

539 3853 665 3902 inter
684 3866 736 3902 se
750 3854 1007 3916 pugnantia
1028 3854 1362 3915 concilientur,
1383 3853 1573 3912 statuit,
1595 3865 1623 3901 a
1642 3854 1823 3902 Timaeo
1859 3852 2098 3915 duplicem

540 3923 782 3985 proditum
824 3936 924 3974 esse
952 3925 1154 3974 convicii
1193 3926 1472 3985 auctorem,
1501 3922 1813 3974 Archedicum
1859 3923 2097 3972 comicum

538 3998 588 4044 et
615 3996 939 4046 Democlidem
973 3998 1243 4057 oratorem,
1271 3995 1522 4057 Polybium
1544 4007 1660 4043 vero
1688 3996 1735 4043 et
1761 3994 1956 4044 suidam
1984 3996 2100 4043 satis

538 4065 759 4117 habuisse
780 4066 1069 4116 alterutrum
1088 4079 1116 4114 e
1132 4066 1314 4114 Timaeo
1337 4076 1622 4113 memorare.
1653 4066 1775 4121 Quae
1804 4063 1997 4125 quidem
2026 4076 2110 4111 re-

539 4150 750 4198 pugnare
768 4136 993 4186 videntur
1016 4135 1172 4185 verbis
1193 4135 1373 4198 Polybii
1392 4136 1520 4196 ἔλεγε
1536 4140 1684 4185 ταῦτα
1713 4135 1867 4198 μόνος,
1883 4134 1974 4182 nisi
1995 4135 2089 4183 l'or-

537 4209 661 4255 tasse
697 4207 896 4257 diversis
931 4206 1045 4256 locis
1080 4205 1287 4255 Timaeus
1313 4206 1375 4255 de
1412 4205 1577 4254 eadem
1621 4219 1674 4255 re
1709 4206 1853 4254 verba
1888 4206 2089 4263 fecerat,

537 4295 744 4344 quorum
763 4284 909 4333 alium
930 4283 1179 4344 Polybius,
1201 4282 1348 4330 alium
1379 4280 1539 4331 Suidae
1565 4284 1733 4330 auctor
1752 4280 2027 4342 respexerit.

1123 4433 1530 4492 HISTORIA-3.

1288 4542 1339 4593 1.

597 4637 915 4686 Demochares
936 4634 1267 4685 Demosthenis
1294 4635 1522 4697 cognatus
1545 4631 1737 4683 credere
1760 4645 1810 4681 se
1833 4632 1899 4680 ait
1919 4634 2089 4680 Demo·

535 4714 751 4764 sthenem
775 4726 870 4762 non
885 4715 1077 4774 sumpto
1097 4724 1299 4774 veneno,
1318 4710 1401 4760 sed
1424 4722 1509 4773 per
1525 4708 1725 4760 deorum
1744 4708 2087 4772 providentiam

535 4795 680 4854 atque
709 4793 940 4841 honorem
961 4789 1274 4839 Macedonum
1293 4787 1560 4837 crudelitati
1579 4788 1795 4850 ereptum
1819 4799 1920 4837 esse
1934 4788 2089 4836 morte

536 4870 779 4932 repentina
801 4872 850 4918 et
875 4866 1053 4917 doloris
1069 4868 1281 4929 experte.

1272 4957 1325 5007 2.

595 5052 888 5101 Demetrium
916 5048 1198 5098 phalereum
1217 5047 1537 5099 Demochares
1554 5060 1651 5096 non
1668 5047 1837 5097 leviter
1859 5048 1907 5096 in
1927 5047 2086 5097 Histo-

536 5130 604 5179 ria
622 5142 707 5179 sna
728 5128 1084 5192 perstrinxerat.
1122 5127 1196 5177 Ait
1219 5128 1346 5178 enim
1369 5139 1474 5177 eam
1499 5126 1602 5189 ejus
1624 5127 1764 5177 fuisse
1782 5126 2087 5177 administra-

1680 374 2174 435 DEMOCHARIS
2215 374 2774 436 LEUCONOENSIS

2191 503 2477 582 Βουγέλου·
2502 504 2587 573 οὓς
2611 503 2929 564 καταλαὸὼν
2962 506 3068 576 (sc.
3104 506 3489 587 Ἀρκεσίλαος)
3528 510 3642 567 ὕπ’
3670 512 3847 579 {vezi-

2191 593 2375 658 κακίας
2399 593 2767 672 (ἀνδρικακίας
2788 597 3027 669 Hesych.
3050 598 3166 653 Mil.
3191 617 3250 670 p.
3285 618 3354 654 ια
3378 599 3397 673 )
3426 603 3847 677 παραχωρεῖν

2192 680 2308 760 ἔφη.
2342 680 2445 739 Διὰ
2475 686 2645 738 ταῦτα
2673 680 2736 751 δὴ
2766 671 2854 739 οὖν
2891 679 3102 739 ἔδακνόν
3136 705 3191 740 τε
3234 685 3394 742 αὐτὸν
3438 687 3507 742 ot
3551 708 3844 768 προειρη-

2193 767 2336 843 μένοι
2362 766 2452 825 καὶ
2477 766 2833 839 ἐπέσκωπτον,
2852 769 2923 835 ὣς
2950 768 3194 847 φίλοχλον
3217 767 3307 826 καὶ
3336 770 3697 847 φιλόδοξον.

2268 859 2354 912 De
2393 873 2684 914 msa-onus
2722 858 3088 913 Democharis
3132 857 3330 913 Cicero
3382 862 3596 916 Brut.
3663 861 3750 916 83
3813 884 3827 917 :

2195 945 2563 1000 Demochares
2605 955 2789 998 autem
2833 950 2935 1017 qai
2954 941 3086 1014 suit
3144 946 3545 1002 Demostheni
3612 958 3841 1005 sotoris

2183 1034 2363 1105 filius,
2397 1045 2455 1087 et
2472 1037 2754 1088 orationes
2777 1037 3004 1107 scripsit
3023 1034 3254 1105 aliquot,
3282 1046 3344 1088 et
3366 1055 3615 1091 earum
3640 1056 3840 1094 mrum

2191 1118 2475 1174 historiam
2493 1159 2508 1188 ‚
2552 1138 2678 1192 qaoe
2702 1131 2868 1174 erant
2890 1119 3123 1174 Athenis
3152 1125 3323 1193 ipsius
3346 1135 3560 1180 oetate
3590 1139 3829 1196 gesat,

2190 1224 2297 1260 non
2323 1218 2436 1260 tam
2460 1205 2716 1261 historico
2734 1224 2899 1278 quam
2926 1212 3165 1262 oratorio
3184 1225 3389 1280 genere
3404 1218 3833 1285 perscripsit.

2191 1292 2348 1348 I'dem
2376 1295 2460 1348 De
2486 1304 2632 1349 orat.
2664 1295 2751 1363 11,
2784 1291 2856 1346 23
2886 1308 2901 1349 ε
2927 1293 3063 1348 ΑΙὶα
3086 1295 3345 1367 quoedam
3375 1298 3663 1352 dicendi
3684 1303 3830 1354 mol-

2195 1380 2336 1434 liora
2367 1392 2423 1433 et
2452 1384 2766 1435 remissiora
2788 1398 2995 1453 genera
3020 1386 3336 1454 viguerant.
3374 1385 3551 1438 Inde
3586 1386 3829 1442 Demo·

2191 1465 2401 1535 charaf,
2430 1485 2587 1541 quem
2597 1471 2761 1521 αιίιηι
2778 1465 3359 1540 sororisfiliumsaisse
3376 1472 3824 1529 Demostheni.

2192 1556 2345 1627 Opus
2365 1556 2493 1611 satis
2518 1555 2766 1629 amplum
2790 1554 2958 1610 fuisse
2986 1566 3041 1611 et
3064 1575 3096 1611 a
3120 1575 3251 1611 sene
3279 1556 3539 1614 demum
3578 1563 3823 1617 Demo-

2196 1640 2363 1695 chare
2408 1642 2775 1713 compositum
2820 1642 2999 1715 liquet
3040 1660 3109 1698 cx
3150 1643 3353 1717 fragm.
3402 1643 3463 1700 3.
3526 1653 3600 1712 4.
3640 1647 3705 1704 6.
3736 1649 3819 1703 Ne

2193 1727 2355 1800 plura
2378 1727 2449 1782 de
2470 1745 2538 1783 eo
2565 1727 2924 1798 disseramus,
2946 1729 3289 1803 impedimur
3310 1731 3815 1807 fragmentorum

2190 1816 2487 1888 paucitate.

2788 1945 3145 2006 ΙΣΤΟΡΙΛῘ.

2272 2241 2552 2298 Plutarch.
2577 2242 2867 2299 Demosth.
2900 2261 2951 2298 c.
2986 2243 3061 2298 30
3095 2263 3110 2299 ε
3132 2225 3475 2326 ιΔημοχάρης
3498 2250 3532 2306 ὁ
3558 2253 3665 2307 τοῦ
3686 2254 3791 2318 Δη-

2196 2324 2467 2402 μοσθένους
2485 2327 2667 2392 οἰκεῖος
2686 2325 2881 2384 οἴεσθαί
2905 2350 3059 2407 φησιν
3084 2329 3236 2387 αὖτὸν
3284 2331 3669 2411 (Δημοσθένη)
3692 2337 3791 2414 οὐχ

2194 2412 2296 2470 ὑπὸ
2321 2411 2628 2494 φαρμάκου,
2652 2416 2779 2471 θεῶν
2822 2413 2875 2471 δὲ
2900 2418 3027 2494 τιμῇ
3062 2414 3153 2473 καὶ
3187 2417 3408 2498 προνοίᾳ
3438 2424 3540 2491 τῆς
3590 2426 3785 2480 Μακε-

2195 2499 2351 2559 δόνων
2374 2498 2640 2576 ὠμότητος
2659 2499 3013 2581 ἐξαρπαγῆναι
3034 2502 3299 2580 συντόμως
3316 2508 3783 2589 καταστρέψαντα

2193 2594 2281 2647 καὶ
2307 2588 2530 2655 ἀλύπως.
2562 2589 2923 2670 [Κατέστρεψε
2948 2591 2994 2649 δ’
3021 2588 3144 2672 ἕκτῃ
3166 2591 3253 2651 ἰπὶ
3281 2592 3410 2651 δέκα
3441 2601 3538 2653 τοῦ
3572 2600 3779 2657 Πυανε-

2193 2680 2379 2758 ψιῶνος
2423 2675 2607 2753 μηνὸς,
2648 2678 2700 2734 ἐν
2729 2669 2766 2755 ᾗ
2791 2676 2885 2749 τὴν
2915 2680 3355 2759 σκυθρωποτάτην
3400 2687 3509 2741 τῶν
3547 2687 3777 2760 Θεσμο-

2194 2764 2380 2845 φορίων
2415 2763 2617 2842 ἡμέραν
2649 2763 2867 2839 ἄγουσαι
2900 2766 3049 2846 παρὰ
3088 2771 3154 2846 τῇ
3200 2770 3301 2847 θεῷ
3328 2770 3687 2840 νηστεύουσιν
3718 2772 3772 2827 αἱ

2191 2854 2450 2930 γυναῖκες]
2510 2855 2640 2929 (01.
2679 2860 2818 2925 114,
2859 2854 2910 2909 3.
2951 2855 3117 2930 322.)
3145 2860 3419 2933 Agnoscis
3453 2873 3509 2917 et
3547 2865 3768 2918 Demo-

2190 2944 2395 2999 sthenis
2421 2955 2721 3017 cognatum
2749 2955 2804 2999 et
2832 2954 3134 3004 oratorem.
3426 2941 3438 2950 ⁸

2940 3108 2993 3147 2.

2269 3212 2534 3286 Polybius
2559 3213 2707 3286 XII,
2750 3212 2840 3281 13,
2881 3231 2917 3286 9
2958 3202 3088 3271 :05
3122 3212 3425 3287 (Demetrii
3469 3212 3760 3291 Phalerei)

2190 3305 2353 3365 κεῖνος
2381 3298 2808 3379 (Demochares)
2840 3298 2897 3353 οὐ
2926 3295 3019 3368 τὴν
3041 3302 3304 3376 τυχοῦσαν
3342 3303 3635 3373 πεποίηται
3658 3322 3757 3359 κα-

2190 3385 2432 3465 τηγορίαν
2464 3388 2515 3443 ἕν
2557 3385 2673 3452 ταῖς
2714 3384 3018 3464 Ἱστορίαις,
3065 3387 3278 3465 φάσκων
3323 3388 3483 3447 αὔτὸν
3528 3396 3753 3450 τοιοῦτον

2189 3473 2451 3552 γεγονέναι
2498 3471 2795 3552 προστάτην
2837 3477 2928 3543 τῆς
2972 3474 3249 3552 πατρίδος,
3293 3476 3384 3532 καὶ
3425 3477 3519 3533 ἐπὶ
3561 3476 3759 3540 τούτοις

2190 3560 2528 3636 σεμνύνεσθαι
2551 3556 2687 3616 κατὰ
2706 3557 2798 3629 τὴν
2824 3558 3108 3631 πολιτείαν,
3143 3561 3205 3640 ἐφ
3227 3550 3300 3628 οἷς
3323 3560 3387 3619 ἂν
3410 3563 3503 3620 καὶ
3532 3564 3771 3631 τελώνης,

2189 3648 2489 3725 σεμνυνθείη
2510 3645 2544 3719 ἢ
2573 3644 2844 3725 βάναυσος.
2870 3646 2994 3706 Ἐπὶ
3017 3645 3204 3728 γὰρτῷ
3227 3648 3400 3708 πολλὰ
3429 3650 3524 3709 καὶ
3552 3636 3747 3711 λυσιτε·

2186 3739 2287 3802 λῶς
2326 3736 2612 3795 πωλεῖσθαι
2638 3733 2775 3792 κατὰ
2804 3731 2896 3805 τὴν
2931 3735 3099 3808 πόλιν,
3139 3734 3230 3793 καὶ
3270 3736 3468 3818 δαψιλῆ
3513 3738 3581 3797 τὰ
3626 3738 3749 3818 πρὸς

2185 3825 2271 3883 τὸν
2302 3823 2411 3901 βίον
2440 3821 2692 3901 ὑπάρχειν
2712 3829 2894 3893 πᾶσιν,
2915 3822 3000 3880 ἐπὶ
3018 3822 3214 3891 τούτοις
3236 3824 3364 3904 φησὶ
3389 3828 3746 3905 μεγαλαυχεῖν

2187 3911 2359 3969 αὗτόν·
2378 3909 2469 3967 καὶ
2488 3909 2551 3981 δὴ
2571 3908 2650 3968 ὅτι
2665 3909 2878 3989 κοχλίας
2897 3909 3202 3986 αὐτομάτως
3224 3912 3447 3990 βαδίζων
3466 3923 3747 3992 προηγεῖτο

2183 4002 2274 4068 τῆς
2304 4002 2521 4075 πομπῆς
2557 3999 2725 4077 αὐτῷ,
2770 3996 2947 4056 σίαλον
2977 3996 3270 4070 ἅναπτύων,
3313 3998 3404 4056 σὺν
3452 3999 3509 4057 δὲ
3551 4001 3773 4067 τούτοις.

2183 4084 2288 4144 ὄνοι
2313 4084 2657 4162 διεπέμποντο
2682 4086 2765 4143 διὰ
2789 4091 2880 4144 τοῦ
2905 4084 3116 4164 θεάτρου
3136 4085 3294 4163 (διότι
3317 4084 3381 4158 δὴ
3407 4087 3624 4145 πάντων
3644 4092 3742 4147 τῶν

2177 4177 2268 4240 τῆς
2309 4172 2564 4239 Ἑλλάδος
2607 4177 2780 4231 καλῶν
2815 4179 2848 4244 ἡ
2884 4173 3067 4252 πατρὶς
3111 4171 3596 4255 παρακεχωρηκυῖα
3645 4181 3741 4239 τοῖς

2178 4260 2380 4336 ἄλλοις,
2412 4260 2575 4318 ἐποίει
2628 4259 2953 4340 Κασσάνδρῳ
2995 4260 3056 4319 τὸ
3096 4264 3608 4342 προσταττόμενον),
3659 4262 3739 4320 ἐπὶ

2177 4428 2361 4477 tionem
2383 4426 2675 4489 reipublicae,
2701 4428 2845 4490 atque
2862 4426 3096 4487 ejusmodi
3116 4427 3259 4477 rebus
3277 4428 3530 4493 insignem,
3550 4432 3738 4492 propter

2178 4520 2297 4568 quas
2327 4508 2425 4556 fere
2459 4506 2739 4570 publicanus
2757 4505 2927 4566 aliquis
2962 4508 3048 4555 aut
3079 4505 3188 4555 vilis
3211 4508 3373 4569 opifex
3393 4516 3495 4558 sese
3517 4509 3740 4557 efferant.

2159 4588 2297 4634 ·Nam
2341 4582 2471 4646 quod
2505 4584 2658 4633 multa
2680 4582 2740 4646 ‚in
2779 4584 2895 4632 urbe
2934 4583 3018 4632 vili
3048 4582 3205 4645 pretio
3241 4587 3479 4646 veneant,
3515 4586 3739 4648 quodque

2176 4661 2423 4713 abundent
2446 4664 2597 4725 copiae
2618 4661 2679 4710 ad
2700 4662 2882 4711 victum
2899 4663 3204 4726 necessariae,
3234 4675 3293 4712 eo
3313 4665 3613 4715 Demetrium
3640 4666 3737 4726 glo·

2176 4739 2288 4788 riari
2306 4740 2473 4790 scribit
2496 4760 2509 4789 ι
2528 4738 2612 4789 aed
2630 4738 2874 4801 nimirum,
2887 4739 3019 4804 quod
3036 4740 3205 4802 limax,
3232 4740 3406 4789 interni
3423 4741 3734 4791 mechanismi

2176 4828 2267 4878 ope
2288 4816 2507 4879 gradiens
2530 4829 2589 4866 ac
2617 4815 2819 4866 salivam
2841 4830 3110 4882 exspuens,
3152 4819 3201 4866 in
3231 4830 3408 4880 pompa
3437 4818 3483 4868 ei
3516 4818 3732 4881 praeivit,

2176 4893 2417 4959 simulque
2448 4896 2567 4946 asini
2600 4907 2686 4957 per
2717 4896 2956 4962 theam
2988 4900 3101 4946 sunt
3129 4895 3340 4946 traducti
3366 4897 3523 4959 (quod
3554 4896 3735 4946 scilicet

2179 4971 2488 5032 Athenienses
2501 5010 2516 5034 ,
2537 4983 2763 5022 concessa
2788 4974 2957 5024 ceteris
2980 4973 3163 5024 Graecis
3178 4972 3399 5022 omnium
3422 4973 3729 5023 honestarum

2178 5062 2340 5098 rerum
2362 5050 2536 5114 gloria,
2565 5050 2833 5102 cassandro
2859 5053 3088 5116 imperata
3112 5052 3381 5115 facerent„
3410 5052 3612 5114 horum,
3632 5054 3731 5113 ait,

2180 5125 2315 5176 illum
2335 5137 2431 5175 non
2453 5128 2694 5189 puduisse.

3960 811 3969 850 l

3964 899 3975 934 l

3964 943 3975 1000 i
