4016 5916
1739 403 2234 465 FRAGMENTA.
3422 419 3539 470 ⁴2⁹

350 536 521 613 σφίσιν
568 532 766 592 ἀνεῖται
800 529 1050 612 σοφιστὴν
1095 533 1154 591 ἐκ
1197 531 1389 599 παντὸς
1432 531 1599 611 γένεος
1643 532 1898 610 γενέσθαι.
1991 538 2109 612 ροῧν
2134 533 2323 612 θηρίων
2358 533 2447 593 καὶ
2467 537 2578 600 τῶν
2587 535 2978 642 σπερμολόγων
3015 536 3203 620 ὀρνέων
3238 561 3549 619 μετρουνται

346 619 425 678 ὅτι
467 622 526 679 οὗ
556 618 803 696 μαλθακὰ
838 628 973 678 τοῖσι
1016 624 1319 701 σοφιστῇσιν
1362 619 1463 679 εἶσὶ
1488 618 1554 679 τὰ
1582 619 1899 700 πρήγματα,
1986 618 2134 698 παρὰ
2161 626 2250 678 τοῦ
2279 620 2533 700 βασιλέως
2555 630 2714 696 σῖτον,
2744 623 2985 728 πλάνητα
3008 625 3098 683 καὶ
3121 627 3368 697 σκηνίτην
3388 629 3549 704 νεμό-

346 706 487 765 ἆλλὰ
514 706 724 766 πάντων
752 705 1210 786 ταλαιπωρότατα.
1991 728 2135 783 μενοι
2170 706 2302 785 βίον.

1518 891 1529 904 -
1989 793 3550 1012 ..320132‘251321231052322223232‘3223135vm·

427 971 629 1028 Strabo
666 972 791 1040 XV,
821 989 882 1045 p.
915 968 1026 1041 703
1058 979 1240 1026 extr.
1275 967 1341 1045 (1)
1370 967 1549 1040 Φησὶ
1588 967 1651 1040 δὴ
1694 968 1755 1028 τὸ
1800 972 1901 1028 τῶν
2072 969 2204 1048 Περὶ
2240 967 2333 1046 μὲν
2362 994 2452 1028 ουν
2471 995 2574 1029 των
2593 972 2782 1051 θηρίων
2804 994 3030 1030 τοσαυτα
3050 970 3285 1050 λέγεται·
3311 973 3549 1032 ἐπανιόν-

347 1055 524 1116 Ἰνδῶν
546 1058 741 1128 πλῆθος
773 1057 843 1122 εἰς
878 1054 1010 1113 ἑπτὰ
1040 1054 1174 1136 μέρη
1203 1056 1508 1136 διῃρῆσθαι,
1539 1055 1629 1114 καὶ
1670 1055 1900 1137 πρώτους
1988 1078 2071 1121 τες
2098 1055 2142 1113 δ’
2170 1055 2257 1115 ἐπὶ
2284 1056 2372 1115 τὸν
2403 1060 2587 1137 Μεγα
2605 1060 2790 1130 σθένη
2814 1058 3047 1138 λε’γωμεν
3067 1057 3134 1117 τὰ
3160 1058 3298 1133 ἐξης,
3317 1050 3390 1119 ων
3420 1062 3548 1120 ἀπε-

347 1141 441 1218 μὲν
465 1141 581 1210 τους
608 1141 911 1223 φιλοσόφους
947 1131 1078 1199 εἶναι
1113 1140 1251 1200 κατὰ
1275 1139 1456 1218 τιμὴν,
1505 1142 1807 1222 ἐλαχίστους
1845 1143 1900 1201 δὲ
1988 1142 2228 1218 λίπομεν.

346 1230 461 1289 κατ’
488 1227 722 1309 ἀριθμόν·
757 1232 987 1309 χρῆσθαι
1011 1229 1058 1287 8
1086 1230 1259 1295 αὖτοις
1287 1228 1391 1308 ἰδία
1420 1230 1515 1304 μὲν
1550 1229 1755 1311 ἑκοίστω
1787 1229 1900 1298 τους
2072 1249 2117 1292 4.
2159 1228 2312 1290 Μετὰ
2340 1230 2440 1311 γὰρ
2468 1231 2584 1299 τους
2611 1231 2860 1312 θηρευτὰς
2886 1232 2976 1292 καὶ
3002 1232 3121 1302 τους
3159 1234 3411 1312 ποιμένας
3445 1233 3550 1294 τέ·-

344 1316 557 1384 θύοντας
591 1315 627 1388 ἢ
666 1315 781 1384 τους
816 1315 1175 1394 ἐναγίζοντας,
1216 1319 1361 1394 κοινῇ
1398 1314 1454 1373 δὲ
1498 1315 1615 1382 τους
1658 1317 1903 1395 βασιλέας
1990 1338 2068 1374 τα
2087 1319 2233 1398 ρτόν
2256 1341 2409 1399 φησιν
2426 1309 2850 1400 εἶναιμέροςτους
2866 1321 3237 1400 ἐργαζομένους
3251 1320 3345 1389 τὰς
3362 1320 3551 1400 τέχνας

346 1404 482 1464 κατὰ
523 1403 618 1475 τὴν
663 1404 897 1485 μεγάλην
941 1403 1225 1484 λεγομένην
1271 1403 1504 1478 σύνοδον,
1550 1408 1666 1462 καθ’
1705 1404 1772 1477 ἢν
1811 1412 1901 1464 τοῦ
1990 1403 2084 1462 καὶ
2104 1403 2222 1473 τους
2243 1405 2563 1476 καπηλικους
2589 1407 2677 1466 καὶ
2714 1398 2789 1474 οἷς
2816 1407 2922 1466 ἀπὸ
2950 1431 3041 1467 του
3069 1409 3311 1484 σώματος
3331 1412 3366 1479 ἦ
3396 1410 3550 1488 ἐργα·

343 1491 458 1552 νέου
482 1491 626 1560 ἔτους
650 1490 873 1559 ἅπαντες
894 1494 939 1550 οῖ
964 1491 1232 1572 φιλόσοφοι
1254 1493 1330 1572 τῷ
1352 1491 1557 1570 βασιλεῖ
1580 1491 1903 1560 συνελθόντες
1992 1489 2114 1549 σία·
2143 1481 2216 1550 ων
2250 1494 2297 1550 οῖ
2325 1490 2419 1567 μὲν
2447 1494 2600 1574 φόρον
2644 1496 2849 1553 τελοῦσι
2892 1517 2982 1553 και
3029 1495 3346 1576 λειτουργίας
3387 1493 3551 1574 παρί-

344 1580 430 1639 ἐπὶ
466 1578 650 1661 θύρας,
680 1579 713 1638 8
734 1603 783 1639 τι
811 1578 873 1640 ἂν
909 1578 1125 1645 ἕκαστος
1159 1579 1328 1637 αὗτῶν
1370 1578 1589 1658 συντάξῃ
1633 1583 1734 1638 τῶν
1761 1603 1899 1660 χρη·
1990 1601 2173 1658 χονται
2201 1578 2420 1644 τακτοίς·
2444 1589 2548 1648 τοῖς
2570 1583 2617 1640 δ’
2640 1583 2934 1649 ὁπλοποιοῗς
2954 1581 3045 1641 καὶ
3067 1591 3350 1660 ναυπηγοῖς
3379 1583 3554 1657 μισθοὶ

345 1668 532 1743 σίμων,
562 1666 597 1738 ἢ
626 1665 828 1746 τηρήση
859 1665 987 1747 πρὸς
1008 1664 1276 1745 εὐετηρίαν
1307 1668 1522 1746 καρπῶν
1555 1689 1611 1725 τε
1643 1666 1733 1726 καὶ
1756 1666 1901 1736 ζώων
1991 1665 2082 1724 καὶ
2103 1666 2288 1748 τροφαὶ
2317 1667 2463 1747 παρὰ
2491 1668 2800 1747 βασιλέως*
2770 1692 3058 1728 εκκεινται·
3090 1669 3231 1749 μόνῳ
3258 1667 3358 1748 γὰρ
3398 1668 3552 1746 ἐργοί·

344 1745 436 1805 καὶ
465 1731 907 1825 περὶπολιτείας,
953 1744 1198 1826 προφέρει
1238 1749 1391 1803 τοῦτο
1437 1748 1506 1811 εἷς
1546 1767 1606 1804 το
1648 1747 1821 1822 μέσον·
1851 1747 1903 1814 ὃς
1990 1756 2185 1821 ζονται.
2240 1753 2476 1834 Παρέχει
2524 1755 2577 1815 δὲ
2617 1755 2683 1814 τὰ
2731 1755 2827 1834 μὲν
2873 1755 3011 1815 ὅπλα
3056 1759 3161 1823 τοῖς
3209 1755 3551 1836 στρατιώταις

345 1833 388 1891 δ’
435 1832 497 1892 ἂν
550 1832 659 1912 τρὶς
714 1831 1024 1914 ἐψευσμένος
1072 1833 1210 1912 ἁλῷ,
1265 1831 1417 1906 νόμος
1454 1832 1563 1891 ἐστὶ
1612 1843 1761 1909 σιγᾶν
1816 1833 1901 1893 διὰ
1990 1845 2019 1900 ὁ
2063 1841 2448 1922 στρατοφύλαξ,
2493 1842 2587 1910 τὰς
2630 1844 2685 1902 δὲ
2729 1867 2852 1911 ναυς
2911 1848 3094 1920 μισθου
3157 1847 3262 1911 τοῖς
3306 1842 3549 1903 πλέουσιν

347 1921 491 2000 βίου·
536 1921 623 1997 τὸν
671 1920 725 1979 δὲ
765 1920 1168 2002 κατορθώσαντα
1215 1919 1403 2000 ἄφορον
1448 1945 1536 1979 και
1577 1923 1735 1993 ἀτελῆ
1784 1923 1900 2003 κρί-
1991 1932 2022 1990 ὅ
2048 1929 2304 2008 ναύαρχος
2326 1930 2417 1989 καὶ
2438 1941 2543 1998 τοῖς
2564 1931 2830 2010 ἐμπόροις.

343 2031 506 2070 νουσι.
2071 2038 2117 2075 5.
2167 2016 2474 2093 Πέμπτον
2498 2018 2609 2078 ἐστὶ
2624 2041 2684 2077 το
2698 2022 2802 2077 τῶν
2820 2019 3168 2094 πολεμιστῶν,
3189 2009 3264 2086 οἷς
3281 2017 3370 2078 τὸν
3396 2017 3554 2077 ἄλλον

425 2117 471 2159 a.
516 2095 769 2175 Δεύτερον
795 2095 848 2155 δὲ
874 2095 1028 2176 με’ρος
1050 2086 1181 2154 εἶναι
1203 2118 1262 2155 το
1285 2100 1386 2155 τῶν
1411 2101 1670 2177 γεωργῶν,
1693 2096 1744 2157 οἳ
1764 2100 1903 2158 πλεῖ·
1988 2103 2174 2184 χρόνον
2198 2105 2251 2161 ἐν
2279 2105 2445 2182 σχολῇ
2470 2105 2561 2164 καὶ
2586 2105 2761 2173 πότοις
2782 2109 2810 2164 ὁ
2836 2105 2944 2185 βίος
2972 2105 3132 2177 ἐστὶν,
3162 2108 3221 2164 ἐκ
3261 2127 3353 2165 του
3393 2109 3556 2185 βασι-

255 2192 264 2200 ’
346 2184 460 2244 στοί
499 2183 555 2243 τέ
596 2185 697 2243 εἶσι
730 2184 821 2241 καὶ
860 2182 1264 2257 ἐπιεικέστατοι,
1304 2188 1352 2243 οἱ
1394 2186 1446 2242 ἐν
1493 2186 1771 2266 ἄστρατεία
1810 2187 1899 2245 καὶ
1989 2193 2138 2251 λικοῦ
2163 2191 2539 2270 διαιτωμένοις,
2563 2191 2699 2251 ὥστε
2730 2191 2824 2260 τὰς
2857 2192 3082 2266 ἐξόδους,
3105 2189 3228 2251 ὅταν
3257 2191 3337 2262 εἴη
3370 2194 3552 2273 χρεία,

348 2271 495 2330 ἆδεῖα
525 2276 614 2330 τοῦ
638 2270 943 2351 efficacem
975 2270 1125 2330 πόλῑῑ
1154 2270 1228 2348 μὴ
1260 2270 1581 2350 ⁷²?0026W⁸<‚
1616 2274 1741 2350 μηδ’
1766 2272 1900 2349 ἄλλῃ
1991 2279 2191 2358 ταχέως
2218 2285 2503 2352 ποιεῖσθαι,
2527 2281 2665 2352 πλὴν
2688 2284 2792 2339 τῶν
2817 2281 3075 2358 σωμάτων
3104 2280 3267 2358 μηδὲν
3298 2281 3427 2340 ἄλλο
3452 2304 3555 2341 κο-

345 2358 526 2440 χρεία,
551 2358 673 2435 μηδ’
701 2357 946 2466 ὄχλήσει.
947 2361 1122 2439 κοινῇ·
1153 2358 1402 2425 πολλάκις
1428 2364 1550 2437 γοῦν
1579 2361 1633 2418 ἐν
1661 2363 1736 2439 τῷ
1764 2362 1902 2439 αυτῷ

342 2448 517 2527 χρόνῳ
546 2470 636 2505 και
662 2445 834 2527 τόπῳ,
862 2470 968 2513 τοις
989 2445 1085 2523 μὲν
1104 2447 1497 2526 παρατετάχθαι
1521 2423 1796 2524 συμὸαίνει
1813 2472 1901 2507 και

348 2534 741 2594 διακινδυνεύειν
794 2534 921 2613 πρὸς
964 2533 1083 2602 τους
1128 2533 1434 2612 πολεμίους·
1480 2538 1527 2593 οἱ
1577 2537 1624 2593 δ’
1674 2537 1901 2615 ἀροῦσιν,

347 2620 382 2691 ἢ
413 2623 727 2681 σκάπτουσιν
758 2621 1067 2698 ἀκινδύνως,
1096 2621 1397 2701 προμάχους
1423 2620 1628 2701 ἔχοντες
1655 2622 1895 2691 ἐκείνους.

346 2704 506 2769 ’Ἐστι
534 2711 577 2767 δ’
606 2713 639 2781 ἡ
669 2708 818 2790 χώρα
850 2706 1096 2789 βασιλικὴ
1124 2717 1297 2768 πᾶσα·
1328 2715 1514 2787 μισθοῦ
1543 2712 1589 2768 δ’
1621 2709 1839 2782 αὐτὴν
1816 2711 1899 2770 επὶ

346 2797 616 2877 τετάρταις
644 2801 944 2878 ἐργάζονται
970 2800 1074 2856 τῶν
1096 2799 1333 2878 καρπῶν.

427 2907 473 2949 3.
521 2885 711 2967 Τρίτον
753 2888 811 2945 τὸ
847 2889 950 2945 τῶν
990 2885 1251 2965 ποιμένων
1281 2885 1370 2945 καὶ
1397 2890 1676 2966 θηρευτῶν,
1705 2878 1776 2952 οἷς
1806 2885 1899 2963 μό·

348 2997 450 3043 νοις
479 2974 643 3044 ἔξεστι
674 2975 902 3057 θηρεύειν
925 2999 1015 3034 και
1049 2980 1541 3056 θρεμματοτροφειν,
1570 2974 1697 3033 ὤνιοί
1721 2999 1775 3034 τε
1808 2998 1903 3032 πα-

349 3061 518 3142 ρέχειν
546 3063 636 3122 καὶ
666 3067 852 3140 μισθου
887 3062 1069 3140 ζεύγη·
1099 3061 1213 3121 ἀντὶ
1242 3061 1295 3121 δὲ
1325 3085 1412 3120 του
1440 3064 1534 3133 τὴν
1577 3066 1674 3139 γῆν
1702 3063 1900 3120 ἐλευθε·

1992 2366 2231 2443 μίζοντας
2259 2368 2383 2446 παρ’
2413 2370 2634 2444 ἑαυτῶν.

2071 2474 2114 2515 ο.
2143 2453 2377 2515 “Ex-cot
2399 2456 2444 2514 8'
2462 2454 2591 2514 εἰσὶν
2632 2458 2679 2513 οἱ
2721 2453 2922 2536 ἔφοροι·
2968 2457 3164 2523 τούτοις
3186 2456 3231 2514 δ’
3253 2455 3554 2516 ἐποπτεύειν

1992 2539 2192 2616 δέδοται
2233 2539 2299 2599 τὰ
2339 2540 2700 2619 πραττόμενα,
2747 2542 2838 2602 καὶ
2881 2542 3216 2622 ἅναγγέλλειν
3267 2542 3436 2623 λάθρα
3477 2546 3553 2624 τῷ

1994 2629 2227 2706 βασιλεῖ,
2263 2627 2531 2708 συνεργοὺς
2557 2629 2882 2712 ποιουμένοις
2909 2629 3000 2697 τὰς
3040 2630 3275 2711 ἑταίρας,
3316 2631 3421 2697 τοῖς
3458 2629 3553 2706 μὲν

1991 2716 2047 2771 ἐν
2069 2719 2134 2793 τῇ
2161 2713 2313 2774 πόλει
2348 2714 2442 2781 τὰς
2473 2717 2527 2774 ἐν
2555 2720 2620 2794 τῇ
2649 2717 2832 2788 πόλει,
2878 2717 2983 2784 τοῖς
3033 2714 3088 2774 δὲ
3117 2718 3171 2775 ἐν
3209 2716 3544 2795 στρατοπέδω

1991 2800 2086 2868 τὰς
2134 2802 2336 2860 αὐτόθι·
2388 2802 2727 2862 καθίστανται
2774 2804 2820 2862 δ
2860 2807 2908 2863 οἱ
2963 2803 3165 2886 ἄριστοι
3224 2805 3315 2863 καὶ
3367 2805 3553 2864 πιστό-

1991 2912 2159 2950 τατοι.

2072 2996 2118 3039 7.
2163 2973 2369 3037 Εὸδο
2382 3001 2486 3054 μοι
2515 2980 2559 3037 δ’
2577 2981 2624 3038 οἱ
2647 2977 2935 3056 σύμὸουλοι
2955 2978 3388 3087 καὶσύνεδροιτου
3402 2984 3554 3059 βασι-

1998 3062 2159 3133 λέως,
2207 3062 2258 3131 ἐξ
2300 3054 2373 3122 ὧν
2398 3064 2466 3124 τὰ
2496 3067 2683 3145 ἀρχεῖα
2709 3066 2800 3124 και
2816 3066 3070 3146 οικαστη
3079 3090 3132 3125 ια
3148 3091 3239 3125 και
3252 3068 3555 3139 ἡδιοικνσις

346 3244 554 3280 uxorem
580 3229 785 3291 ducere;
822 3243 912 3280 nec
932 3232 1115 3280 contra.
1178 3233 1346 3292 Neque
1363 3230 1447 3280 uni
1481 3230 1600 3280 duas
1624 3234 1751 3281 artes
1773 3245 1906 3281 exer
1944 3231 1954 3263 ¹
1990 3231 2055 3281 sit
2091 3231 2243 3294 regis,
2280 3231 2370 3293 ipsi
2408 3244 2514 3281 eam
2546 3232 2836 3282 conductam
2866 3233 3125 3295 excolunt,
3161 3233 3289 3297 pacti
3323 3232 3555 3282 mercedis

350 3320 460 3355 cere
480 3306 550 3356 tas
568 3309 667 3367 εει,
690 3320 845 3369 neque
877 3321 933 3357 ex
958 3321 1055 3356 uno
1073 3320 1243 3369 genere
1260 3308 1309 3357 in
1339 3306 1467 3357 aliud
1492 3310 1724 3357 transire.
1756 3309 1905 3357 veluti
1994 3308 2101 3357 loco
2120 3310 2339 3371 quartam
2360 3308 2606 3357 fructuum
2625 3312 2831 3372 partem.

351 3383 609 3446 agricolam
639 3396 700 3433 ex
727 3388 938 3446 pastore,
953 3387 1037 3433 aut
1048 3386 1286 3446 pastorem
1306 3397 1369 3433 ex
1390 3384 1559 3447 opifice
1588 3385 1702 3434 lieri.
1723 3388 1789 3447 (9)
1808 3389 1907 3434 Hoc
2059 3390 2102 3433 3.
2131 3385 2351 3435 Tertium
2396 3397 2544 3447 genus
2565 3387 2638 3434 est
2671 3387 2919 3447 pastorum
2956 3387 3007 3435 et
3031 3389 3342 3449 venatorum,
3378 3387 3553 3450 quibus

354 3461 546 3510 tantum
573 3460 882 3524 permittitur,
901 3461 1160 3524 sophistam
1187 3474 1249 3510 ex
1267 3474 1555 3524 quocunque
1590 3474 1761 3524 genere
1784 3463 1904 3512 fieri.
1993 3462 2106 3513 solis
2129 3462 2177 3513 et
2213 3464 2376 3514 venari
2408 3467 2458 3514 et
2493 3477 2684 3526 pascere
2710 3477 2904 3527 pecora
2919 3467 2969 3513 et
3003 3464 3236 3525 vendere,
3261 3467 3310 3513 et
3335 3464 3555 3526 jumenta

356 3543 524 3600 Neque
547 3540 672 3589 enim
701 3539 859 3591 mollis
879 3542 952 3590 est
973 3539 1290 3603 sophistarum
1328 3541 1453 3601 vita,
1485 3539 1569 3591 sed
1591 3542 1807 3591 omnium
1842 3544 1899 3592 la
1993 3540 2154 3589 locare
2177 3539 2304 3590 licet.
2371 3544 2462 3591 Pro
2491 3554 2550 3590 eo
2571 3543 2763 3603 autem,
2798 3540 2928 3603 quod
2951 3544 3129 3590 terram
3165 3540 3328 3590 bestiis
3345 3539 3555 3589 liberant

356 3616 697 3666 boriosissima.
1994 3619 2044 3666 et
2082 3616 2251 3666 avibus
2280 3618 2463 3667 semina
2500 3617 2794 3681 legentibus,
2825 3617 3105 3667 demensum
3137 3616 3365 3666 frumenti
3395 3629 3426 3665 a
3451 3618 3552 3678 regi

1994 3690 2265 3758 aecl'piunt,
2295 3696 2401 3758 vagi
2422 3697 2470 3745 et
2488 3695 2744 3746 errabundi
2762 3696 2910 3745 vitam
2938 3695 2988 3745 in
3005 3695 3327 3746 tabernaculis
3342 3697 3552 3757 agentes,

2080 3780 2202 3824 ..Ac
2227 3772 2288 3824 de
2313 3774 2683 3837 bestiisquidem
2698 3775 2954 3838 hactenus;
2972 3788 3101 3825 nunc
3115 3774 3178 3825 ad
3203 3774 3554 3837 megasthenem

1995 3852 2191 3913 regressi
2217 3852 2398 3916 reliqua
2416 3853 2728 3915 explicemus.

415 3775 543 3825 Dicit
564 3772 888 3837 Megasthenes
916 3773 1069 3823 totam
1103 3730 1329 3824 ludorum
1361 3774 1717 3826 multitudinem
1752 3777 1802 3827 in
1844 3791 1893 3826 se

353 3858 485 3918 ptem
500 3867 677 3920 genera
696 3852 870 3915 diridi;
888 3867 1055 3903 eorum
1076 3856 1255 3917 primos
1275 3854 1455 3905 honore
1472 3854 1555 3906 sed
1577 3869 1776 3906 numero
1800 3857 1908 3905 infi-

352 3946 459 3983 mos
482 3890 914 3996 essepbnosophsss.
977 3934 1187 3982 Utuntur
1204 3944 1372 3982 eorum
1385 3945 1675 3997 unoquoque
1685 3934 1909 3997 privatim

355 4010 437 4072 qui
464 4012 679 4060 mactant
704 4012 754 4059 et
783 4008 1075 4071 sacrificant;
1099 4008 1289 4072 publice
1310 4022 1427 4059 vero
1462 4023 1594 4073 reges
1623 4011 1672 4060 in
1702 4024 1770 4060 eo
1792 4026 1906 4060 con-

356 4088 501 4137 ventu
526 4086 609 4150 qui
636 4085 875 4136 maximus
904 4085 1034 4148 apud
1059 4099 1140 4136 eos
1170 4086 1259 4147 fit,
1294 4099 1446 4149 quum
1480 4100 1607 4136 novo
1636 4101 1761 4137 anno
1792 4089 1909 4138 inci-

2057 3934 2104 3979 4.
2159 3933 2272 3982 Post
2320 3934 2534 3996 pastores
2582 3935 2630 3982 et
2668 3934 2918 3984 venatores
2972 3935 3197 3996 quartum
3236 3946 3386 3995 genus
3419 3932 3556 3995 ponIt

1996 4023 2196 4074 eorum,
2223 4011 2307 4073 qui
2332 4014 2459 4063 artes
2493 4016 2750 4073 exercent,
2782 4012 2899 4062 item
2935 4013 3173 4062 institores
3197 4015 3248 4062 et
3281 4013 3556 4074 quicunque

1996 4101 2194 4150 corpore
2211 4088 2393 4137 victum
2415 4090 2659 4151 quaerunt.
2727 4092 2910 4138 Horum
2934 4088 3014 4137 alii
3032 4087 3216 4137 tributa
3234 4085 3473 4161 pendunt,
3497 4099 3556 4135 ac

1996 4169 2175 4216 statuta
2193 4166 2354 4215 munia
2373 4167 2585 4216 obeunt.
2610 4168 2690 4216 alii
2723 4180 2864 4228 veru,
2886 4168 2956 4216 uti
2984 4166 3043 4225 ii,
3074 4167 3157 4228 qui
3181 4179 3318 4215 arma
3337 4154 3386 4215 et
3408 4178 3555 4215 naves

1998 4242 2308 4305 fabricantur,
2346 4243 2571 4293 alimenta
2602 4246 2651 4293 et
2691 4244 2926 4306 stipendia
2956 4257 2985 4291 a
3018 4256 3128 4305 rege
3159 4242 3366 4303 liabent,
3393 4241 3470 4291 cui
3507 4244 3556 4291 et

1996 4324 2084 4371 soli
2109 4323 2264 4386 operis
2285 4322 2383 4371 suis
2399 4322 2631 4372 serviunt.
2697 4328 2844 4372 Arma
2863 4320 3095 4371 militibus
3113 4320 3294 4383 praebet
3317 4319 3553 4373 exercitui

1997 4399 2276 4462 praefectus,
2313 4401 2363 4448 et
2404 4398 2568 4448 classis
2605 4398 2863 4461 praet'ectus
2901 4410 3047 4447 naves
3095 4396 3459 4459 navigantibus,
3503 4399 3556 4446 et

1998 4477 2347 4528 mercatoribus
2369 4477 2522 4540 pretio
2540 4477 2686 4527 locat.

2061 4563 2106 4606 5.
2138 4555 2372 4615 Quintum
2386 4567 2536 4617 genus
2567 4557 2641 4605 ent
2657 4553 2964 4615 bellatorum,
3005 4567 3089 4617 qui
3107 4552 3346 4614 reliquum
3365 4554 3557 4615 tempus

1998 4634 2136 4685 otiosi
2154 4634 2334 4696 agunt
2357 4636 2406 4683 et
2436 4633 2567 4696 regio
2589 4635 2790 4697 sumptu
2813 4632 2998 4682 victum
3015 4633 3280 4694 accipiunt,
3300 4634 3382 4692 ut,
3403 4645 3554 4694 quum

358 4163 515 4225 piente
537 4162 803 4226 philosophi
820 4176 987 4213 omnes
1010 4162 1071 4212 ad
1091 4163 1213 4225 regis
1242 4164 1369 4213 t'ores
1386 4165 1679 4213 conveniunt
1705 4167 1754 4215 et
1769 4166 1909 4228 quid·

356 4239 476 4302 quid
512 4240 716 4303 quisque
757 4239 874 4289 utile
915 4240 1184 4302 composuit
1217 4239 1293 4289 vel
1334 4239 1604 4290 observavit
1640 4241 1701 4291 de
1749 4241 1910 4292 tuturo

358 4317 470 4364 anni
511 4319 743 4378 proventu
786 4318 1031 4366 fructuum
1074 4316 1453 4380 animaliumque
1491 4318 1566 4367 vel
1607 4317 1667 4368 de
1707 4319 1911 4371 civitatis

359 4393 792 4455 administratione,
812 4393 861 4443 in
880 4392 1090 4443 medium
1110 4395 1305 4456 profert.
1370 4393 1463 4443 Ubi
1482 4394 1590 4457 quis
1608 4395 1753 4446 salsus
1769 4396 1912 4447 fuisse

360 4475 439 4520 ter
451 4469 835 4534 deprehenditur,
854 4471 895 4520 ei
914 4483 1000 4533 per
1015 4472 1169 4519 totam
1192 4469 1343 4519 vitam
1363 4470 1463 4533 lege
1480 4470 1721 4520 silentium
1744 4473 1910 4523 indici-

360 4549 467 4609 tur;
486 4547 584 4610 qui
585 4559 696 4596 vera
711 4546 999 4611 praedixerit,
1015 4546 1242 4597 immunis
1259 4549 1307 4597 et
1320 4547 1453 4598 omni
1466 4547 1647 4598 tributo
1664 4554 1912 4614 exemptus

360 4626 582 4677 habetur.

424 4711 470 4757 2.
506 4705 784 4757 secundum
801 4720 949 4769 genus
967 4706 1279 4768 agricolarum
1298 4710 1396 4769 est,
1420 4708 1504 4771 qui
1525 4708 1719 4771 plurimi
1737 4712 1913 4760 suntet
1999 4723 2121 4773 opus
2140 4710 2229 4772 sit,
2254 4709 2349 4759 cito
2371 4712 2575 4772 exeant,
2612 4710 2732 4761 nihil
2765 4709 2826 4759 de
2848 4722 2937 4759 suo
2958 4710 3211 4759 afferentes
3242 4709 3418 4771 praeter
3442 4720 3554 4758 cor·

360 4782 646 4847 probissimi.
712 4784 772 4835 lli
792 4784 857 4835 ob
871 4784 1223 4834 immunitatem
1240 4798 1269 4834 a
1300 4786 1467 4836 militia
1491 4788 1540 4836 et
1559 4799 1775 4837 securam
1794 4802 1913 4850 opus
1999 4802 2134 4852 pora.

362 4864 564 4917 faciendi
582 4864 849 4924 licentiam,
871 4877 1030 4927 neque
1055 4864 1225 4914 urbem
1255 4865 1460 4927 adeunt,
1482 4880 1640 4930 neque
1668 4867 1912 4930 publicum
2062 4873 2100 4916 6
2143 4866 2277 4917 Sexti
2297 4866 2410 4922 sunt
2444 4866 2760 4929 inspectores,
2796 4878 3003 4928 quorum
3022 4866 3180 4927 partes
3200 4866 3340 4927 sunt,
3369 4866 3426 4914 ut
3445 4878 3558 4928 qua

356 4941 602 5004 negotium
618 4953 772 5004 neque
790 4941 945 4992 ullum
963 4941 1092 4992 aliud
1110 4955 1288 4993 munus
1302 4943 1559 5006 attingunt.
1589 4945 1912 5004 Quamobrem
1955 4962 1960 4991 ι
1999 4945 2205 5007 aguntur
2226 4942 2478 5009 inspiciant
2508 4945 2558 4993 et
2576 4945 2673 5007 regi
2695 4942 2855 4993 omnia
2882 4943 3008 4992 clam
3042 4941 3335 4994 renuntient.
3398 4942 3462 4995 m
3503 4943 3555 4993 in

360 5018 531 5069 eodem
558 5019 776 5081 tempore
797 5022 847 5070 et
876 5017 1046 5069 eodem
1063 5018 1174 5069 loco
1191 5020 1271 5069 alii
1299 5022 1541 5084 pugnant,
1573 5024 1623 5071 et
1645 5034 1757 5072 cum
1782 5023 1915 5073 hoste
2003 5023 2123 5074 urbe
2144 5022 2350 5073 urbanas
2366 5021 2640 5074 meretrices
2655 5022 2744 5073 sibi
2766 5021 3022 5084 adjutrices
3038 5020 3295 5084 adhibent,
3316 5021 3367 5071 in
3384 5022 3553 5073 castris

361 5096 535 5158 pedem
555 5095 837 5161 conserunt,
857 5096 939 5147 alii
961 5099 1102 5147 arant
1124 5098 1202 5148 vel
1225 5097 1416 5149 fodiunt
1437 5100 1538 5149 sine
1560 5099 1660 5149 ullo
1684 5099 1912 5163 periculo,
2002 5115 2116 5152 vero
2133 5104 2395 5153 castrerises
2415 5101 2717 5164 :deliguntur
2733 5104 2896 5152 autem
2916 5100 3004 5150 viri
3021 5101 3256 5162 optimine
3272 5100 3554 5153 fidelissimi.
3589 5150 3592 5153 ,

361 5187 515 5237 quum
552 5174 660 5225 illos
693 5179 1065 5242 propugnatores
1091 5176 1316 5230 habeant.
1381 5180 1444 5230 Et
1479 5192 1631 5243 quum
1659 5180 1786 5243 regio
1812 5181 1914 5229 tota
2063 5184 2111 5231 7.
2145 5180 2341 5243 Septimi
2363 5181 2476 5230 sunt
2515 5179 2768 5230 consiliarii
2794 5182 2844 5230 et
2880 5191 3134 5230 assessores
3155 5178 3299 5241 regis,
3318 5193 3346 5229 a
3381 5181 3557 5242 quibus
