4016 5916
537 385 686 427 XXIV

535 499 738 555 δεῖπνον
759 494 844 554 τὸν
869 492 1180 574 Σερτώριον,
1203 494 1426 560 καὶτοὺς
1439 496 1737 577 συνίστορας
1757 499 2093 578 συμπαρέλα-

536 585 624 643 6εν
649 587 735 644 ἐπὶ
763 583 857 655 τὴν
888 582 1139 642 ἑστίασιν.
1230 582 1665 654 Καταντήσαντος
1691 585 1745 643 δὲ
1769 592 1856 643 τοῦ
1880 589 2088 666 Σερτω·

535 673 644 750 ρίου
664 717 682 748 ,
706 671 796 730 καὶ
823 674 925 729 τῶν
954 671 1430 749 κοινοπραγούντων
1461 672 1887 748 συνεπιθεμένων,
1914 677 1941 731 6
1965 676 2090 755 Σερ·

531 759 713 839 τώριος
742 757 1031 823 ἀνακλιθεὶς
1064 757 1321 835 ἆναμέσον
1354 757 1646 837 Ταρκυνίου
1676 761 1766 818 καὶ
1794 759 2088 839 Ἀντωνίου,

532 845 634 903 ὑπὸ
657 843 851 903 τούτων
872 843 1098 925 ἐσφάγη.
1566 890 1571 895 .

611 934 882 994 Xxxlll.
922 930 1051 993 Ὅτι
1074 933 1103 989 6
1128 928 1451 1011 Μιθριδάτης
1474 930 1527 1001 ἐξ
1549 931 1829 1005 ἐπιὸουλῆς
1848 933 1971 1014 παρ’
1989 934 2091 993 ὀλί·

532 1042 619 1095 γον
656 1019 1004 1078 ἐκινδύνευσεν
1046 1016 1335 1098 ὑποχείριος
1361 1017 1598 1097 γενέσθαι
1626 1021 1729 1087 τοῖς
1760 1024 2085 1093 Κυζικηνοῖς.

533 1105 1015 1187 Συναγωνιζόμενος
1042 1105 1142 1185 γάρ
1160 1127 1236 1171 τις
1263 1106 1317 1163 ἐν
1338 1113 1451 1172 ταῖς
1480 1106 1808 1182 μεταλλείαις
1823 1107 2089 1183 Ῥωμαῖος

530 1194 918 1275 ἑκατοντάρχης
944 1192 1230 1251 ἐπεὸάλετο
1258 1196 1410 1251 τοῦτο
1430 1192 1659 1252 τελέσαι.
1745 1193 1846 1253 Διὰ
1873 1193 1974 1275 γὰρ
1996 1193 2089 1262 τὰς

528 1288 654 1363 παρ’
667 1281 973 1359 ἀμφοτέροις
993 1278 1301 1358 μεταλλείας
1316 1284 1542 1359 συνεχῶς
1555 1279 1838 1358 γινομένων
1858 1285 2089 1358 συμπλο-

528 1373 633 1427 κῶν
664 1368 755 1427 καὶ
791 1367 1077 1446 συλλόγων,
1106 1369 1178 1433 εἷς
1205 1370 1393 1444 γνῶσιν
1417 1359 1541 1438 ἦλθε
1578 1370 1681 1434 τοῖς
1712 1372 1801 1426 τοῦ
1834 1366 2090 1446 βασιλέως

528 1456 616 1516 διὰ
651 1456 745 1522 τὰς
773 1457 1004 1536 συνεχεῖς
1042 1454 1172 1533 πρὸς
1216 1453 1400 1520 αὖτοὺς
1439 1454 1663 1531 ὁμιλίας.
1746 1455 2010 1524 Μονωθεὶς
2033 1454 2089 1514 δέ

525 1567 652 1604 ποτε
671 1544 807 1604 κατὰ
835 1543 931 1615 τὴν
954 1546 1006 1602 ἐν
1034 1544 1138 1610 τοῖς
1167 1540 1428 1621 ὀρύγμασι
1453 1540 1689 1623 φυλακὴν
1712 1542 1802 1600 καὶ
1826 1541 1928 1602 ὑπό
1954 1565 2088 1611 τινος

526 1637 628 1690 τῶν
659 1629 1070 1691 ἐπιστατούντων
1106 1632 1159 1688 ἐν
1194 1633 1301 1696 τοῖς
1327 1627 1493 1707 ἔργοις
1528 1628 1927 1711 καταπειραθεὶς
1964 1631 2088 1710 περὶ

526 1718 840 1798 προδοσίας,
887 1715 1236 1796 προσεδέξατο
1276 1716 1392 1783 τοὺς
1419 1718 1598 1793 λόγους
1640 1721 2080 1795 προσποιητικῶς.

528 1806 915 1887 Ἇπενεχθέντος
932 1803 987 1863 δὲ
1004 1807 1095 1865 τοῦ
1114 1805 1422 1881 πράγματος
1438 1805 1567 1883 πρὸς
1578 1803 1664 1863 τὸν
1683 1805 1924 1884 βασιλέα,
1946 1808 2086 1864 ἐκεῖ·

524 1916 606 1960 νος
622 1892 717 1965 μὲν
746 1896 1007 1970 ἰπιθυμῶν
1032 1897 1300 1969 κυριεῦσαι
1327 1895 1420 1963 τῆς
1439 1889 1663 1966 πόλεως,
1694 1890 1889 1969 δωρεὰς
1912 1894 2082 1970 ἐπηγ-

523 1981 771 2059 γείλατο,
797 1980 888 2040 καὶ
926 1979 1163 2038 συνέθετο
1190 1978 1390 2057 καιρὸν,
1416 1980 1469 2037 ἐν
1497 1968 1541 2058 ᾧ
1581 1978 1670 2036 τὸν
1697 1977 1946 2055 σύλλογον
1981 1981 2084 2038 ἔδει

522 2068 782 2146 γενέσθαι.
862 2071 974 2129 Τοῦ
1016 2066 1072 2125 δὲ
1105 2065 1378 2141 εΡωμαίου
1411 2065 1611 2132 πίστεις
1629 2069 1731 2124 τῶν
1758 2067 2084 2146 ἐπαγγελιῶν

523 2161 817 2233 ζητοῦντος,
839 2155 1094 2213 ἀπέλυσεν
1119 2158 1147 2212 6
1172 2152 1415 2233 βασιλεὺς
1429 2152 1544 2221 τοὺς
1563 2152 1693 2233 ὑπὲρ
1717 2156 1874 2213 αὐτοῦ
1898 2158 2083 2227 συνθη-

524 2243 791 2320 σομένους.
879 2241 948 2303 ‘O
986 2244 1042 2300 δὲ
1091 2244 1182 2301 οὐκ
1217 2239 1405 2322 ἔφησεν
1441 2240 1505 2322 (ι)
1546 2240 1716 2307 ἄλλως
1760 2238 2078 2311 πιστεύσειν,

494 2329 612 2389 seam
632 2330 708 2407 μὴ
731 2330 878 2411 παρὰ
912 2336 1002 2389 τοῦ
1038 2326 1294 2408 βασιλέως
1321 2327 1462 2406 λάὸῃ
1500 2327 1618 2394 τοὺς
1645 2328 1844 2408 ὅρκους.
1928 2325 1998 2389 Ὃ
2027 2327 2081 2386 δὲ

520 2421 619 2497 οὐχ
650 2420 829 2497 ἠγεῖτο
856 2418 1132 2497 βασιλικῆς
1161 2412 1307 2484 ἀξίας
1343 2417 1529 2474 οἰκεῖον
1567 2406 1698 2472 εἶναι
1721 2413 2074 2492 συγκαταὸαί·

518 2530 623 2565 νειν
643 2509 713 2574 εἰς
729 2505 795 2565 τᾶ
818 2503 1112 2585 ὀρύγματα.
1199 2502 1355 2564 Ἐπεὶ
1375 2502 1432 2561 δὲ
1459 2507 1486 2560 6
1507 2503 1760 2584 προδότης
1777 2503 1872 2561 οὐκ
1892 2500 2079 2583 ἔφησεν

520 2594 691 2659 ἄλλως
754 2595 1136 2661 ὗπακούεσθαι,
1185 2594 1217 2661 ἡ
1281 2588 1336 2646 δὲ
1389 2588 1613 2654 ἐπίθεσις
1663 2592 1756 2646 τοῦ
1811 2593 2079 2667 κυριεῦσαι

517 2685 611 2751 τῆς
646 2679 845 2745 πόλεως
885 2680 1140 2756 συνεῖχεν,
1180 2675 1485 2754 ἠναγκάσθη
1536 2674 1951 2753 συγκαταθέσθαι
1976 2680 2081 2743 τοῖς

518 2765 835 2843 ἀξιουμένοις
880 2768 908 2821 6
936 2762 1279 2844 Μιθριδάτης.
1370 2763 1476 2822 Καὶ
1516 2761 1706 2834 συνέόη
1742 2761 1829 2820 τὸν
1858 2761 2080 2841 βασιλέα

517 2853 756 2933 γενέσθαι
796 2853 1115 2932 ὑποχείριον,
1148 2852 1193 2908 εἷ
1232 2849 1306 2927 μὴ
1347 2852 1450 2906 τῶν
1496 2848 1657 2929 φίλων
1696 2871 1774 2914 τις
1819 2847 2080 2927 εὐστόχως

517 2940 1078 3018 καταμαντευσάμενος
1105 2937 1200 3009 τὴν
1229 2933 1533 3008 ἐπιδουλὴν,
1558 2934 1911 2995 κατεσκεύασε
1952 2935 2080 3013 σύμ·

517 3051 706 3109 μετρον
753 3024 998 3107 μηχανὴν
1041 3022 1331 3102 δυναμένην
1372 3022 1527 3091 ὀξέως
1556 3021 1849 3099 ἀνοίγεσθαί
1886 3045 1941 3080 τε
1987 3023 2080 3082 καὶ

518 3117 801 3175 κλείεσθαι·
834 3113 924 3174 καὶ
960 3112 1154 3183 ταύτης
1194 3115 1264 3179 εἰς
1293 3112 1353 3170 τὸ
1387 3111 1593 3191 ὄρυγμα
1618 3110 1847 3181 τεθείσης
1873 3110 1963 3169 καὶ
1988 3116 2077 3169 τοῦ

519 3202 846 3283 Μιθριδάτου
882 3200 1016 3276 μετὰ
1044 3203 1146 3259 τῶν
1174 3199 1335 3281 φίλων
1371 3196 1764 3274 συνεμὸάντων,
1795 3200 1823 3256 6
1848 3200 2079 3255 ἑκατον-

400 3320 408 3329 ·
517 3291 717 3370 τάρχης
741 3291 814 3369 (2)
836 3286 954 3356 τοὺς
982 3288 1264 3365 μέλλοντας
1289 3287 1401 3362 μεθ’
1430 3288 1615 3345 ἑαυτοῦ
1642 3288 1718 3366 τῷ
1745 3286 1951 3363 βασιλεῖ
1982 3284 2075 3353 τὰς

515 3386 695 3458 χεῖρας
718 3377 1026 3459 προσφέρειν
1054 3375 1117 3455 (a)
1142 3376 1248 3453 [εἰς
1273 3374 1363 3442 τὰς
1385 3381 1566 3453 χεῖρας
1585 3369 1607 3454 ]
1626 3371 1685 3431 τὸ
1704 3371 1840 3453 ξίφος
1864 3371 2078 3431 σπασά-

518 3490 671 3543 μενος
686 3464 931 3545 ὥρμησεν
953 3464 1041 3522 ἐπὶ
1059 3464 1147 3522 τὸν
1165 3462 1412 3542 βασιλέα·
1435 3465 1465 3520 ὁ
1484 3461 1537 3520 δὲ
1562 3461 1760 3543 φθάσας
1782 3461 2077 3520 συνέκλεισε

513 3553 609 3624 τὴν
633 3553 814 3632 θύραν,
844 3551 936 3610 καὶ
959 3550 1045 3610 τὸν
1077 3552 1306 3609 κίνδυνον
1335 3549 1594 3632 ἐξέφυγεν.

594 3644 864 3706 XXXIV.
903 3641 1033 3703 Ὅτι
1054 3646 1154 3701 τῶν
1180 3641 1481 3720 Ἀντιοχέων
1499 3638 1630 3706 τινὲς
1648 3639 2076 3721 καταφρονήσειν·

515 3753 596 3797 τες
623 3729 890 3809 Ἀντιόχου
915 3734 1004 3787 τοῦ
1033 3727 1291 3808 βασιλέως
1311 3728 1396 3787 διὰ
1423 3725 1515 3798 τὴν
1540 3719 1727 3799 ἧτταν,
1754 3727 1977 3785 ἀνέσειον
2004 3731 2074 3785 τὰ

513 3817 687 3891 πλήθη
709 3817 799 3876 καὶ
820 3817 1186 3876 συνεὸούλευον
1209 3817 1269 3874 ἐκ
1283 3820 1376 3887 τῆς
1395 3815 1596 3880 πόλεως
1624 3814 2071 3891 μεταστήσασθαι.

515 3905 801 3982 Γενομένης
828 3903 884 3964 δὲ
915 3903 1147 3970 στάσεως
1170 3902 1404 3980 μεγάλης
1430 3901 1521 3962 καὶ
1545 3906 1636 3959 τοῦ
1674 3902 1928 3981 βασιλέως
1952 3904 2071 3960 ἐπι-

512 3992 886 4072 κρατήσαντος,
937 3995 986 4052 οῖ
1029 3992 1184 4051 αἴτιοι
1219 3996 1312 4063 τῆς
1348 3990 1577 4057 στάσεως
1607 3988 1912 4070 φοὸηθέντες
1951 3989 2074 4069 ἔφυ-

512 4105 600 4158 γον
640 4082 700 4139 ἐκ
725 4084 819 4152 τῆς
856 4080 1070 4161 Συρίας,
1120 4079 1211 4139 καὶ
1247 4077 1664 4149 καταντήσαντες
1708 4078 1779 4143 εἰς
1825 4079 2073 4137 Κιλικίαν

511 4167 829 4227 ἐπεὸάλοντο
871 4167 1119 4245 κατάγειν
1148 4166 1440 4235 Φίλιππον,
1477 4165 1532 4231 ὃς
1566 4156 1632 4236 ἦν
1673 4163 1778 4231 υἱὸς
1799 4163 2071 4223 Φιλίππου

510 4260 600 4313 τοῦ
621 4255 884 4333 γεγονότος
908 4254 960 4322 ἐξ
982 4254 1247 4334 Ἀντιόχου
1271 4258 1360 4312 τοῦ
1386 4255 1614 4333 Γρυποῦ.
1701 4251 2072 4312 Ὑπακούσαν-

512 4365 598 4407 τος
624 4341 680 4400 δὲ
718 4348 808 4401 τοῦ
847 4341 1123 4403 Φιλίππου
1152 4341 1245 4400 καὶ
1276 4341 1696 4410 καταντήσαντος
1718 4339 1843 4418 πρὸς
1872 4336 2073 4409 Ἄζιζον

511 4431 600 4488 τὸν
616 4425 841 4506 Ἀραὸα,
858 4429 1093 4506 ἀσμένως
1115 4435 1295 4487 τοῦτον
1315 4427 1723 4508 προσδεξάμενος
1739 4425 1795 4487 Ἄ
1805 4431 1958 4502 ζιζος,
1979 4426 2071 4486 καὶ

513 4516 735 4595 περιθεὶς
757 4515 990 4589 διάδημα
1019 4515 1105 4575 ἐπὶ
1124 4514 1219 4585 τὴν
1247 4514 1518 4594 βασιλείαν
1535 4515 1851 4593 κατήγαγεν.
1868 4514 2072 4575 -“Ὀτι

517 4605 582 4681 (ι)
613 4600 705 4669 τὰς
746 4602 870 4670 ὅλας
906 4602 1117 4669 ἐλπίδας
1158 4602 1292 4681 ἔχων
1322 4605 1374 4661 ἐν
1413 4607 1480 4683 τῇ
1528 4608 1617 4661 τοῦ
1655 4603 2072 4682 Σαμψιγεράμου

1304 366 1402 426 ΕΚ
1447 368 1599 429 ΤΗΣ
1640 368 2003 431 ΙΣΤΟΡΙΑΣ
2040 372 2426 437 ΔΙΟΔΩΡΟΥ
2468 378 2952 442 ΣΙΚΕΛΙΩΤΟΥ.

2177 517 2267 561 est.
2291 518 2334 563 ls
2364 515 2506 578 igitur
2525 517 2587 566 ad
2604 519 2880 568 convivium
2899 520 3038 569 vocat
3059 520 3322 570 Sertorium
3338 557 3353 582 ,
3369 522 3608 585 simulque
3624 537 3739 573 mn-

2177 622 2301 674 scios
2320 623 2381 673 ad
2398 626 2792 676 comessationem
2810 626 3017 677 adhibet.
3045 628 3138 679 Ubi
3174 629 3433 681 advenerat
3468 635 3736 694 Sertorius,

2178 732 2412 795 conjurati
2429 735 2572 785 simm
2591 736 2746 786 adorti
2770 751 2885 787 eum
2908 738 3031 788 inter
3053 740 3369 803 Tarquinium
3388 744 3438 792 et
3474 744 3739 792 Antonium

2177 838 2543 890 decumbentem
2571 841 2868 892 confodiunt.

2239 944 2461 993 xxxiii,
2499 948 2676 994 Parum
2694 945 2847 995 abfuit
2874 947 2992 1009 quin
3025 947 3324 998 Mithridates
3365 948 3547 999 insidiis
3564 953 3740 1012 captus

2179 1044 2226 1093 in
2275 1047 2622 1108 Cyzicenorum
2657 1049 2864 1099 venisset
2889 1051 3193 1111 potestatem.
3238 1054 3354 1101 Rem
3394 1065 3639 1115 aggressus
3665 1057 3738 1104 est

2177 1153 2395 1200 centurio
2423 1154 2691 1215 Romanus,
2710 1154 2796 1216 qui
2827 1155 2876 1203 in
2901 1156 3141 1205 cuniculis
3162 1157 3354 1219 agendis
3375 1170 3570 1220 operam
3593 1161 3736 1222 cyzi-

2176 1252 2304 1302 cenis
2326 1255 2599 1317 praestabat.
2634 1255 2827 1307 Scilicet
2864 1271 3017 1321 quum
3041 1259 3104 1308 ab
3141 1260 3356 1323 utrisque
3379 1262 3590 1311 cuniculi
3622 1276 3737 1326 age-

2178 1358 2345 1405 rentur
2361 1358 2412 1407 et
2436 1357 2651 1408 continui
2680 1362 2837 1409 essent
2867 1372 3147 1424 congressus
3167 1364 3217 1412 et
3246 1364 3516 1428 colloquia,
3549 1364 3735 1414 factum

2176 1461 2249 1508 est
2276 1462 2330 1508 ut
2360 1462 2604 1510 Romanus
2633 1461 2714 1511 ille
2734 1464 2879 1513 notus
2909 1464 3047 1514 tieret
3080 1466 3311 1517 militibus
3339 1467 3643 1518 Mithridatis.
3673 1472 3736 1518 Et

2176 1561 2419 1625 quondam
2436 1563 2554 1613 dum
2573 1565 2776 1615 solusad
2793 1566 3059 1616 custodiam
3077 1567 3410 1618 cuniculorum
3429 1569 3625 1619 relictus
3643 1574 3734 1630 est,

2174 1677 2205 1713 a
2246 1664 2568 1716 Mithridatico
2604 1665 2813 1729 quodam
2857 1668 3086 1730 operibus
3116 1669 3340 1732 praesecto
3370 1670 3432 1720 de
3465 1671 3736 1734 proditione

2174 1769 2506 1832 compellatur.
2532 1772 2775 1819 Romanus
2799 1769 3052 1821 admittere
3073 1785 3125 1822 se
3143 1773 3384 1836 proposita
3410 1774 3622 1825 simulat.
3663 1779 3734 1827 Re

2174 1871 2237 1922 ad
2255 1885 2413 1936 regem
2431 1872 2589 1923 delata
2605 1910 2621 1937 ,
2637 1874 2678 1924 is
2698 1874 2940 1937 potiundoe
2974 1875 3109 1926 urbis
3130 1877 3465 1940 cupidissimus
3481 1878 3607 1928 dona
3633 1879 3733 1941 pol·

2176 1976 2362 2038 licetur,
2387 1978 2669 2040 tempusque
2705 1978 2978 2042 constituit,
3014 1992 3113 2042 quo
3148 1979 3211 2029 ad
3237 1980 3535 2044 conoquium
3561 1996 3731 2032 couve-

2174 2078 2335 2142 niant,
2345 2083 2400 2163 et
2415 2083 2633 2130 Romano
2655 2080 2799 2131 tidem
2817 2082 3158 2144 promissorum
3177 2084 3473 2145 postulante,
3494 2084 3625 2135 misit
3645 2086 3733 2148 qui

2175 2184 2322 2248 ipsius
2341 2184 2445 2235 loco
2463 2186 2826 2248 paciscerentur.
2853 2188 2919 2237 At
2936 2187 3154 2238 centurio
3183 2186 3311 2237 haud
3348 2202 3400 2238 se
3422 2188 3565 2239 iidem
3592 2190 3732 2239 babi-

2171 2290 2336 2338 turum
2351 2302 2452 2338 esse
2463 2289 2654 2340 dicebat
2671 2291 2759 2341 nisi
2772 2291 2835 2341 ab
2852 2291 2955 2354 ipso
2974 2305 3083 2354 rege
3096 2292 3434 2355 iusiurandum
3451 2295 3729 2357 accepisset.

2170 2394 2271 2441 Rex
2299 2405 2413 2441 vero
2433 2393 2705 2443 aestimabat
2718 2394 2846 2444 haud
2864 2408 2969 2445 esse
2989 2395 3229 2458 dignitatis
3243 2397 3384 2460 regiae
3406 2397 3456 2447 in
3482 2399 3733 2450 cuniculos

2170 2496 2485 2559 descendere;
2505 2501 2722 2550 attamen
2740 2501 2968 2564 quoniam
3000 2501 3215 2564 proditor
3244 2503 3362 2552 alias
3398 2502 3731 2566 obtemperare

2170 2601 2364 2652 nolebat
2381 2608 2429 2652 et
2449 2603 2692 2666 capiendae
2717 2603 2849 2654 urbis
2877 2605 3156 2655 stimulabat
3185 2604 3504 2669 desiderium,
3527 2611 3727 2658 coactus

2171 2706 2469 2756 Mithridates
2503 2709 2605 2767 est,
2630 2709 2684 2757 ut
2702 2709 2955 2771 postulatis
2974 2708 3365 2771 adstipularetur.
3397 2713 3496 2761 Nec
3509 2711 3614 2772 jam
3638 2711 3728 2760 du·

2171 2809 2304 2858 bium
2334 2811 2438 2860 erat
2471 2811 2588 2873 quin
2618 2809 2668 2859 in
2695 2823 2868 2861 manus
2894 2811 3112 2863 hostibus
3144 2826 3232 2863 rex
3259 2812 3494 2874 venisset,
3531 2815 3623 2864 nisi
3660 2830 3721 2865 ex

2168 2913 2336 2964 amicis
2353 2913 2547 2976 quidam
2570 2913 2761 2966 insidias
2780 2915 2975 2966 subesse
2990 2915 3187 2966 feliciter
3203 2916 3480 2968 divinasset.
3510 2921 3560 2969 Is
3587 2919 3728 2984 igitur

2164 3017 2308 3079 Justae
2333 3018 2675 3080 magnitudinis
2711 3018 2982 3069 machinam
3012 3021 3310 3084 construxit,
3334 3035 3447 3085 qua)
3466 3036 3617 3085 quam
3648 3038 3730 3073 ce-

2169 3121 2424 3173 lerrimeet
2441 3122 2616 3184 aperiri
2633 3125 2683 3172 et
2709 3122 2869 3172 claudi
2890 3125 3096 3186 poterat.
3126 3127 3226 3174 nac
3255 3125 3306 3174 in
3331 3127 3559 3177 cuniculo
3586 3128 3727 3178 collo·

2168 3232 2304 3288 cata,
2323 3228 2372 3276 in
2397 3241 2601 3291 eamque
2619 3228 2828 3290 ingresso
2856 3241 2968 3278 cum
2989 3230 3156 3279 amicis
3180 3230 3483 3294 Mithridate,
3507 3233 3726 3282 centurio

2166 3331 2368 3381 adduxit
2380 3331 2465 3395 qui
2485 3344 2582 3380 una
2600 3344 2766 3381 secum
2785 3344 2985 3383 manum
3005 3334 3103 3397 regi
3126 3333 3346 3396 iniecturi
3363 3339 3519 3396 erant,
3539 3336 3725 3386 stricto·

2166 3454 2262 3503 que
2282 3441 2440 3504 gladio
2458 3442 2508 3491 in
2529 3442 2852 3492 Mithridatem
2872 3442 3029 3492 irruit.
3044 3445 3107 3493 At
3121 3446 3426 3494 antevertens
3448 3444 3529 3493 ille
3547 3444 3726 3494 claudit

2165 3547 2352 3607 portam
2372 3543 2732 3606 periculumque
2758 3542 2941 3605 ell’ugit.

2227 3642 2448 3690 xxxiv.
2472 3639 2812 3690 Antiochenses
2828 3638 3025 3702 quidam
3041 3640 3331 3690 Antiochum
3354 3653 3512 3701 regem
3533 3647 3726 3706 propter

2163 3749 2348 3800 cladem
2371 3750 2615 3810 acceptam
2640 3750 3027 3810 contemnentes,
3058 3748 3420 3799 multitudinem
3452 3750 3726 3803 excitabant

2161 3863 2308 3922 atque
2325 3859 2443 3909 urbe
2465 3871 2623 3920 regem
2660 3857 2835 3921 pellere
2868 3857 3208 3908 moliebantur.
3246 3862 3432 3908 verum
3461 3873 3615 3923 quum
3655 3861 3724 3911 in·

2161 3975 2377 4035 gentem,
2411 3982 2523 4031 quoe
2566 3971 2841 4031 exarserat,
2878 3968 3163 4020 seditionem
3205 3983 3292 4019 rex
3326 3972 3721 4034 compescuisset,

2162 4083 2385 4130 auctores
2411 4080 2515 4141 ejus
2536 4077 2773 4142 perterriti
2799 4092 2828 4127 e
2850 4078 2984 4141 Syria
3012 4079 3330 4141 aufugerunt,
3358 4079 3477 4129 etin
3505 4081 3722 4131 Ciliciam

2161 4190 2359 4254 profecti
2386 4189 2654 4253 Philippum
2671 4226 2686 4251 ,
2710 4187 2796 4252 qui
2817 4189 3020 4252 Philippi
3037 4189 3271 4240 Antiocho
3294 4193 3460 4254 Grypo
3484 4192 3583 4241 nati
3603 4191 3724 4241 tilius

2161 4300 2281 4358 erat,
2297 4297 2346 4344 in
2359 4307 2559 4357 regnum
2578 4293 2804 4344 reducere
2816 4293 3092 4344 voluerunt.
3114 4294 3464 4356 obtemperans
3479 4296 3723 4359 Philippus

2161 4399 2222 4448 ad
2258 4399 2454 4449 Aziznm
2482 4396 2686 4448 Arabem
2722 4409 2824 4446 sese
2860 4396 3092 4460 contulit,
3133 4397 3217 4460 qui
3245 4397 3374 4446 haud
3403 4397 3584 4448 invitus
3605 4413 3719 4447 eum

2160 4505 2377 4567 excepit,
2392 4502 2662 4552 diademate
2677 4500 2867 4551 ornavit
2891 4503 2941 4551 et
2957 4503 3006 4551 in
3026 4515 3224 4564 regnum
3239 4502 3471 4552 reducere
3489 4503 3716 4554 instituit.

2163 4609 2428 4660 Antiochus
2446 4609 2608 4657 autem
2628 4613 2916 4670 omnesspes
2943 4608 2992 4656 in
3012 4608 3376 4671 Sampsigerami
3397 4609 3627 4659 societate
3642 4625 3718 4660 re·

574 4770 794 4819 xxxiii.
822 4768 927 4818 Fol.
958 4774 1068 4830 ¹86,
1098 4773 1154 4818 27
1171 4782 1219 4817 r.
1240 4775 1432 4831 -186,
1449 4777 1509 4819 22
1530 4783 1632 4819 vso.
1648 4773 1720 4820 De
1746 4769 2020 4820 Mithridate
2036 4770 2268 4831 cyzicum
2282 4768 2527 4818 obsidente
2546 4769 2657 4828 (an.
2680 4770 2767 4828 73)
2787 4769 2898 4818 vide
2917 4769 3117 4831 Appian.
3139 4769 3256 4819 Bell.
3280 4770 3413 4818 Mith.
3433 4783 3475 4818 c.
3500 4776 3556 4818 72
3577 4784 3714 4835 sqq.;

512 4840 757 4888 Memnon.
784 4839 906 4887 llist.
932 4837 1126 4886 Hei-acl.
1157 4851 1261 4899 cap.
1289 4841 1368 4887 ⁴0.
1398 4842 1469 4888 De
1491 4851 1543 4887 re
1569 4841 1732 4888 nostro
1754 4839 1814 4888 t’r.
1846 4843 2037 4888 narrata
2053 4839 2245 4888 aliunde
2265 4852 2362 4887 non
2385 4841 2588 4887 constat.
2618 4841 2842 4887 Ceterum
2861 4852 2921 4888 ex
2943 4840 3155 4902 Appiano
3173 4853 3217 4887 c.
3249 4842 3309 4887 75
3332 4843 3382 4888 ct
3403 4843 3463 4887 76
3485 4839 3715 4890 discimus

511 4907 834 4958 Mithridatem
853 4908 1087 4958 cuniculis
1114 4909 1289 4957 moenia
1309 4909 1440 4958 urbis
1460 4909 1737 4968 suffodisse,
1761 4909 2020 4971 Cyzicenos
2038 4921 2152 4958 vero
2172 4908 2422 4958 suffodisse
2443 4921 2634 4970 aggeres
2651 4909 2845 4958 hostiles
2865 4929 2878 4957 ε
2905 4910 3179 4972 Μιθριδάτης
3194 4909 3268 4957 ἐπὶ
3291 4910 3345 4958 τὸ
3367 4909 3594 4972 Δίνδυμον
3612 4911 3717 4973 ὅρος

511 4978 835 5041 ὑπερκείμενον
853 4979 1001 5041 ἀνῄει,
1016 4980 1096 5026 καὶ
1112 4983 1255 5040 χῶμα
1275 4978 1355 5026 ἀπ’
1374 4979 1518 5028 αὐτοῦ
1541 4980 1586 5035 ἐς
1603 4980 1686 5036 τήν
1704 4980 1838 5028 πόλιν
1857 4979 1969 5040 ἔχου
1981 5015 1995 5038 ,
2015 4980 2214 5042 πύργους
2231 4993 2283 5026 τε
2300 4979 2460 5036 ἐφίστη
2474 5012 2490 5038 ,
2509 4980 2589 5025 καὶ
2608 4979 2856 5038 ὑπονόμοις
2874 4981 2928 5028 τὸ
2946 4985 3096 5042 τεῖχος
3117 4980 3393 5042 ἀνεκρήμνη.
3423 4984 3480 5029 Et
3498 4995 3603 5042 cap.
3623 4986 3683 5030 7u
3702 5003 3714 5029 :

515 5049 801 5110 Διεκαρτέρει
816 5048 859 5097 δ’
872 5050 999 5110 ὅμως
1014 5050 1287 5111 Μιθριδάτης
1304 5050 1495 5106 ἐλπίζων
1515 5050 1581 5098 ἔτι
1599 5051 1681 5108 τὴν
1697 5050 1893 5107 Κύζικον
1906 5050 2112 5110 αἱρήσειν
2129 5055 2223 5104 τοῖς
2243 5050 2433 5112 χώμασι
2448 5053 2542 5103 τοῖς
2560 5047 2653 5096 ἀπὸ
2665 5054 2748 5096 τοῦ
2767 5049 3012 5111 Δινδύμου.
3029 5051 3109 5104 Ὡς
3127 5051 3174 5098 δὲ
3194 5052 3273 5097 καὶ
3286 5049 3417 5097 ταῦτ’
3431 5052 3718 5112 ὑπεσύροντο

511 5119 556 5164 ot
583 5119 852 5176 Κυζικηνοὶ,
875 5119 1079 5181 δρασμὸν
1107 5120 1134 5168 ὁ
1156 5120 1222 5168 Μ.
1248 5119 1475 5168 ὲῦούλευε.
1499 5146 1563 5159 -
1586 5126 1624 5168 l.
1649 5121 1853 5180 ἔρυσεν
1870 5117 2024 5168 codex
2048 5121 2097 5169 h.
2123 5119 2156 5168 l.
2183 5123 2232 5167 et
2253 5133 2365 5167 mox
2390 5119 2582 5168 iterum.
2613 5147 2671 5159 -
2698 5125 2745 5166 2.
2762 5119 3093 5181 ἑκατόνταρχος
3116 5120 3145 5168 h
3189 5120 3221 5167 1.
3249 5118 3338 5167 cod
3381 5146 3445 5156 —
3470 5128 3517 5169 ³.
3543 5123 3607 5176 εἰς
3630 5123 3713 5176 τὰς

512 5189 666 5247 χεῖρας
690 5200 747 5234 vx
767 5190 951 5237 antece.
976 5188 1101 5237 male
1120 5187 1336 5250 repetita.
1364 5191 1581 5237 Fortasse
1598 5189 1776 5238 excidit
1795 5185 2094 5252 participium
2113 5225 2127 5248 ,
2149 5190 2416 5250 εἰσαγαγὼν
2437 5189 2736 5253 [εἰσκαθίσας
2759 5189 2887 5248 conj.
2913 5190 3189 5248 Dubnerus;
3229 5191 3412 5250 &regie
3427 5190 3462 5252 J.

574 5255 789 5305 xxxiv.
809 5256 915 5307 Fol.
944 5263 1049 5318 136,
1063 5263 1120 5306 22
1137 5269 1179 5307 v.
1200 5260 1436 5320 -187,10
1454 5271 1496 5307 r.
1510 5285 1570 5299 —
1589 5263 1627 5307 1.
1643 5258 1768 5308 Ὀτι
1789 5260 1855 5308 τὰ
1869 5275 1888 5314 ς
1905 5261 1932 5309 ὅ
1948 5263 2046 5316 λας
2061 5259 2080 5323 1
2097 5274 2192 5310 vox
2208 5262 2316 5310 Ὅτι
2337 5263 2449 5311 novi
2467 5258 2707 5322 excerpti,
2725 5259 2773 5307 in
2790 5259 2954 5309 eadem
2972 5272 3021 5308 re
3038 5259 3286 5319 versantis,
3301 5259 3489 5312 initium
3502 5261 3716 5312 indicare
