4016 5916
1615 365 2121 428 FRAGMENTA.

3363 379 3471 432 ⁵⁴1

274 510 486 585 -plicari
528 508 687 564 facile
716 517 913 581 potest.
943 504 1162 561 Scilicet
1187 522 1360 576 quum
1391 502 1620 576 Asychis
1658 519 1832 575 pyra·
1925 500 2323 556 Eratosthenis.
2351 499 2612 556 Ceterum
2637 498 2893 554 conferre
2902 499 3095 571 juvat:
3123 505 3193 555 Iri
3211 502 3488 584 AEgyptiis

290 599 497 654 midem
528 616 558 652 e
590 596 854 652 lateribus
884 593 1265 660 exstruxisset,
1297 593 1462 664 eique
1494 591 1666 656 incisa
1701 599 1838 646 esset

290 686 577 759 inscriptio
594 725 608 752 ‚
641 681 955 756 qua-haecce
980 678 1230 753 pyramis
1250 678 1492 750 reliquas
1519 695 1712 733 omnes
1742 695 1839 732 su-

286 791 488 847 perare
509 768 937 846 praedicabatur,
964 763 1285 821 Herodotus
1310 783 1496 820 saxeas
1518 766 1644 820 istas
1668 782 1837 839 pyra-

288 860 497 930 mides,
521 869 729 933 quartae
752 855 1014 929 dynastiae
1036 872 1237 927 opera,
1261 872 1390 908 cum
1408 852 1655 908 latericia
1682 871 1840 908 com-

286 950 480 1024 parari
506 956 708 1023 putans
734 943 997 1016 Sasychin
1016 942 1305 1014 Mycerino
1332 942 1705 1014 posteriorem
1727 957 1838 996 esse

289 1036 538 1090 statuisse
553 1032 793 1088 videtur.
808 1059 886 1072 —-
900 1029 1160 1085 Ceterum
1180 1028 1425 1101 pyramis
1448 1027 1671 1100 Sasychi
1696 1026 1840 1100 regis

278 1125 394 1178 sita
417 1133 495 1176 cst
515 1137 694 1194 prope
712 1119 932 1189 Dasjux
955 1114 1103 1193 (vid.
1131 1117 1367 1171 Bunsen.
1388 1133 1457 1188 91
1482 1133 1603 1188 sqq.
1627 1125 1682 1169 et
1701 1115 1837 1171 Tab.

292 1212 367 1265 lv
387 1219 440 1263 ct
460 1207 509 1265 V
529 1207 566 1280 ).
591 1209 658 1261 In
682 1223 745 1260 ea
768 1203 1013 1277 lapidem
1031 1203 1351 1277 Perringius
1372 1202 1584 1257 invenit
1604 1219 1731 1256 cum
1753 1219 1840 1256 re-

279 1299 367 1370 ,gii
404 1296 643 1350 nominis
673 1292 1039 1366 inscriptione
1081 1291 1295 1345 mutila.
1337 1292 1472 1362 Quae
1499 1289 1609 1364 legi
1656 1288 1839 1344 adhuc

292 1391 474 1458 potest
500 1380 741 1436 nominis
773 1397 904 1454 pars
928 1386 1210 1452 postrema
1241 1386 1321 1432 est
1346 1376 1531 1431 haecce
1554 1393 1567 1429 ε
1601 1377 1656 1430 K
1676 1375 1742 1431 E.
1767 1373 1838 1428 U.

292 1471 662 1543 Bunseniusp.
689 1474 793 1541 94,
815 1466 943 1524 coll.
961 1485 1022 1540 p.
1054 1482 1163 1539 109
1184 1464 1440 1538 supplet·:
1469 1461 1697 1538 (susos)
1718 1461 1839 1516 ΚΕ.

290 1560 342 1614 U
365 1559 592 1613 -ΒΑ,
629 1559 901 1611 Praeterea
934 1570 1215 1627 superesse
1241 1551 1463 1626 signum
1487 1549 1651 1618 dicit,
1684 1546 1841 1622 quod

291 1665 386 1701 ma
401 1640 712 1720 significare
725 1683 742 1712 ,
765 1641 1008 1715 ideoque
1034 1655 1350 1714 cognomen
1366 1638 1513 1712 regis
1533 1638 1725 1692 Mares
1744 1654 1841 1692 ex·

291 1733 545 1808 pressisse
571 1730 849 1785 videatur.
884 1731 1068 1801 Atque
1088 1727 1206 1782 haec
1234 1725 1609 1798 inscriptionis
1636 1722 1841 1780 indicia

292 1819 632 1876 Bunsenium
673 1824 1002 1885 moverunt,
1048 1823 1114 1869 ut
1146 1813 1412 1886 Sasychin
1436 1811 1836 1886 legislatorem,

293 1906 367 1962 ad
386 1905 758 1962 Sesorcheren
779 1904 837 1957 ΙΙ
850 1944 866 1972 ,
891 1920 1007 1956 non
1026 1919 1163 1956 vero
1182 1899 1253 1955 ad
1276 1909 1678 1954 antecessorem
1703 1897 1836 1971 ejuS,

286 2012 463 2066 quem
499 2010 567 2047 ex
594 1989 931 2046 Manethone
958 1997 1243 2061 tamquam
1273 1986 1644 2062 legislatorem
1674 1987 1835 2041 novi-

294 2100 415 2135 mus
428 2120 444 2149 ,
465 2076 824 2134 referendum
842 2094 954 2131 esse
975 2084 1244 2131 censeret.
1271 2074 1396 2145 Quo
1419 2072 1653 2143 accedit,
1682 2073 1840 2146 quod

290 2169 400 2224 alia
432 2175 684 2242 spectant
710 2165 857 2238 leges
894 2164 1209 2230 Sesortasi5‚
1241 2162 1346 2217 alia
1372 2161 1522 2234 leges
1558 2160 1836 2233 Sasychis‚

293 2255 437 2310 adeo
463 2264 530 2309 ut
555 2253 695 2308 alter
722 2251 951 2306 fortasse
982 2249 1288 2324 expleverit
1312 2267 1436 2321 quae
1470 2248 1610 2301 alter
1634 2248 1842 2303 intacta

294 2343 617 2416 reliquerat.

373 2430 440 2485 V.
486 2428 724 2500 Quintus
749 2444 848 2482 rex
876 2426 1230 2482 Eratostheni
1264 2433 1344 2478 est
1375 2421 1687 2495 Anojphis,
1714 2422 1754 2478 i.
1787 2441 1838 2478 e.

293 2513 602 2590 κωμαστής,
646 2524 1002 2582 comes-sator,-
1032 2511 1353 2568 Manethoni
1392 2508 1649 2583 Soyphe's.
1684 2509 1841 2565 Idem

296 2621 503 2659 nomen
528 2604 598 2659 ab
636 2611 880 2675 utroque
907 2600 1173 2667 indicari,
1198 2597 1287 2652 vel
1319 2596 1451 2651 inde
1474 2605 1654 2670 patet,
1687 2595 1842 2669 quod

299 2689 685 2746 Eratosthenes
708 2706 895 2762 regem
917 2687 1024 2743 XV
1041 2684 1295 2760 Saophe'n
1314 2685 1711 2758 interpretatur
1729 2682 1816 2739 ἐπί
1822 2716 1842 2728 -

299 2797 494 2850 κωμον,
532 2774 689 2849 quod
718 2774 869 2830 idem
906 2774 1022 2830 fere
1050 2769 1322 2848 significat
1349 2780 1514 2843 atque
1537 2767 1841 2844 κωμαστής.

297 2861 530 2934 Ἄνουφις
553 2865 741 2937 itaque
766 2872 954 2917 ortum
981 2860 1149 2915 fuerit
1171 2877 1239 2915 ex
1266 2853 1357 2915 Ἂν
1384 2857 1614 2934 Σωῧφιςς
1642 2859 1843 2914 vocula

299 2949 360 3008 ἂν
390 2950 543 3015 aliud
568 2950 814 3024 ejusdem
854 2949 1000 3025 regis
1026 2966 1234 3004 nomen
1269 2946 1557 3002 continere
1596 2946 1841 3018 videtur,

297 3053 360 3097 ut
386 3044 455 3097 sit
482 3060 496 3097 t
526 3034 619 3099 Ἂν
649 3036 683 3109 ἢ
715 3040 940 3118 Σωῧφις.
962 3039 1105 3095 Nam
1130 3037 1278 3113 regis
1299 3053 1509 3090 nomen
1531 3038 1656 3093 AN
1680 3038 1846 3110 quin-

300 3141 420 3185 tum
447 3139 526 3184 est
553 3130 613 3183 in
634 3130 775 3185 serie
808 3128 1170 3195 Carnaciana,
1200 3134 1417 3180 sextum
1456 3142 1593 3180 vero
1622 3136 1701 3180 est
1738 3124 1848 3181 Sa-

299 3219 465 3284 ltum,
507 3214 664 3288 quod
702 3215 1004 3289 respondet
1043 3214 1297 3287 sequenti
1327 3213 1443 3287 regi
1472 3213 1848 3269 Eratosthenis

299 3306 467 3359 Sirio.
496 3307 545 3356 Α
553 3303 609 3356 Ν
619 3320 824 3356 nomen
839 3302 1005 3356 etiam
1024 3299 1095 3356 ad
1112 3299 1429 3374 pyramides
1450 3300 1777 3356 Gizehianas
1791 3301 1847 3355 in

300 3390 567 3464 sepulcris
586 3390 795 3462 reperit
816 3389 1074 3462 Lepsius,
1100 3405 1204 3443 nec
1230 3406 1349 3442 non
1380 3389 1437 3442 in
1480 3397 1847 3442 monumento

302 3487 479 3534 exstat
514 3475 672 3549 quod
712 3477 829 3550 ipse
861 3475 1165 3531 Bunsenius
1190 3474 1451 3549 possidet.
1496 3474 1581 3530 Cf.
1624 3484 1744 3531 not.
1778 3473 1850 3529 ad

304 3584 423 3636 reg.
450 3564 766 3638 septimum.

382 3654 457 3708 So
448 3651 623 3727 Jphe's
641 3652 882 3706 nominis
895 3650 1072 3707 forma
1092 3651 1355 3726 AEgyptia
1375 3660 1675 3718 estonum,
1694 3650 1849 3722 quod

303 3740 500 3813 saepius
540 3756 832 3794 recurrere
869 3738 1183 3793 videbimus
1231 3740 1292 3792 in
1335 3736 1585 3809 dynastia
1634 3747 1848 3809 quarta.

292 3830 492 3902 Quare
514 3825 741 3883 difficile
769 3826 925 3883 dictu
940 3837 1046 3895 est,
1070 3845 1205 3882 num
1223 3843 1335 3881 una
1352 3825 1438 3879 vel
1463 3824 1634 3880 altera
1653 3827 1850 3880 inscri-

305 3919 428 3991 ptio
459 3916 531 3973 ad
550 3926 801 3973 nostrum
820 3916 1165 3989 potissimum
1190 3931 1379 3988 regem
1396 3913 1690 3985 pertineat.
1712 3913 1852 3967 Bun-

308 4006 489 4059 senius
524 4005 633 4060 huc
669 4005 951 4078 pertinere
982 4005 1292 4076 suspicatur
1310 4018 1517 4054 nomen
1543 4001 1759 4073 regium
1796 4002 1853 4055 in

308 4092 566 4165 sepulcro
585 4110 763 4166 prope
777 4091 1143 4146 Benehassam
1159 4097 1468 4162 repertum,
1491 4086 1647 4160 quod
1668 4085 1854 4159 Chusa

312 4178 610 4249 legendum
637 4178 880 4246 videtur,
907 4179 1003 4232 etsi
1035 4177 1183 4231 idem
1207 4192 1415 4228 nomen
1440 4174 1500 4227 in
1524 4175 1643 4230 aliis
1665 4175 1855 4231 inscri-

310 4264 599 4338 ptionibus
625 4266 743 4320 aliis
769 4266 937 4338 signis
961 4263 1396 4337 hieroglyphicis
1424 4263 1662 4336 exprimi
1690 4263 1850 4321 solet.

390 4352 485 4405 Vl.
543 4352 739 4406 Sextus
781 4368 883 4405 rex
935 4368 1027 4423 ap.
1070 4350 1491 4404 Eratosthenem
1527 4360 1605 4404 est
1652 4350 1849 4417 Sit-ius,

312 4458 353 4493 5.
386 4435 489 4500 υἱὸς
523 4434 703 4514 κόρης,
730 4438 798 4500 ὡς
826 4433 880 4491 δὲ
910 4433 1070 4512 ἕτεροι
1109 4431 1456 4505 &Geinum-oz,
1487 4461 1507 4486 ιι
1537 4437 1596 4494 h.
1631 4456 1663 4492 e
1691 4437 1859 4510 filius

308 4527 511 4600 pupilli
549 4524 747 4601 [se-iri
769 4526 859 4580 vel
880 4522 1072 4599 σι’-ἰή]
1094 4526 1183 4579 vel
1215 4523 1421 4580 fascino
1449 4543 1563 4579 non
1593 4535 1795 4594 tactus,
1826 4546 1858 4583 a

314 4613 462 4668 malo
483 4614 650 4668 oculo
674 4613 838 4670 liber.
869 4613 1066 4667 Oculus
1086 4613 1235 4667 enim
1253 4613 1525 4687 AEgyptiis
1546 4614 1855 4683 veteribus,

316 4699 373 4753 id
398 4698 555 4771 qnod
584 4700 908 4755 Plutarchus
931 4699 1153 4767 docuit,
1178 4700 1409 4772 Lepsius
1437 4718 1505 4754 ex
1524 4718 1859 4755 monumen-

315 4788 382 4841 tis
410 4787 827 4858 comprobavit,
852 4793 934 4853 iri,
965 4805 1082 4841 non
1106 4786 1214 4853 bal,
1248 4796 1313 4840 ut
1339 4806 1489 4843 nunc
1514 4787 1736 4861 Coptis‚
1755 4798 1855 4847 est.

314 4875 391 4929 Iri
430 4875 664 4948 proprie
707 4874 952 4948 pupilla,
990 4875 1194 4946 quibus
1234 4874 1469 4930 fascinus
1513 4875 1859 4931 circumferri

300 4960 650 5035 dicebatur(
670 4960 786 5019 Cic.
822 4980 914 5035 ap.
950 4963 1092 5016 Plin.
1127 4963 1197 5016 H.
1238 4962 1305 5018 N.
1336 4962 1497 5031 vm,
1542 4962 1650 5037 2);
1687 4980 1860 5035 quare

314 5057 551 5121 utraque
576 5048 951 5103 Eratosthenis
978 5048 1439 5121 interpretatione
1465 5048 1633 5105 lectio
1654 5047 1858 5105 confir-

302 5143 515 5192 matur.
563 5136 651 5191 Sic
692 5133 837 5190 infra
865 5136 1107 5203 Metam,
1148 5131 1289 5212 φίλος
1316 5131 1472 5213 κόρης
1516 5154 1584 5192 ex
1621 5137 1857 5211 interpr.

1931 587 2170 661 pupilla3
2186 575 2290 661 ἶρις
2308 585 2509 643 Graecis
2527 603 2590 640 ea
2609 586 2758 639 oculi
2771 602 2901 658 pars
2919 585 3204 642 coloribus
3223 587 3484 645 distincta

1929 675 2071 729 circa
2104 673 2405 747 pupillam,
2437 689 2559 745 quae
2587 671 2821 727 medicis
2847 677 2939 725 iris
2961 672 3169 727 dicitur
3197 693 3209 727 ι
3243 685 3298 729 et
3321 678 3484 731 Lati-

1929 779 2132 817 norum
2145 761 2375 835 pupiIla
2403 777 2432 814 a
2453 777 2633 833 pupa,
2667 768 2732 813 ut
2756 758 3078 815 Graecorum
3111 759 3259 837 κόρη.
3292 785 3316 812 n
3352 765 3483 820 Haec

1927 848 2234 904 Bunsenius
2253 848 2336 902 111
2351 888 2365 916 ‚
2391 866 2451 920 p.
2479 846 2575 903 63.
2599 847 2666 900 In
2684 845 2873 901 tabula
2892 847 3230 903 Carnaciana
3246 866 3483 921 respon-

1930 933 2027 989 det
2069 950 2276 989 nomen
2311 942 2556 1000 sextum,
2607 948 2839 988 smum.
2871 933 2955 986 Ita
2983 933 3160 1002 enim,
3196 952 3315 989 non
3345 954 3482 992 vero

1930 1020 2235 1089 Auidium,
2273 1019 2574 1095 legendum
2619 1037 2731 1074 esse
2760 1017 3163 1075 demonstravit
3203 1022 3477 1079 Birchius.

1927 1108 2112 1166 Suhor
2136 1108 2354 1183 coptice
2387 1105 2660 1182 significat
2695 1125 2709 1161 :
2723 1106 2883 1183 fidus
2917 1112 3099 1174 canis,
3127 1113 3312 1165 sirius.
3343 1111 3480 1181 Quae

1931 1197 2211 1253 cohaerere
2259 1213 2390 1252 cum
2431 1193 2578 1251 Sirio
2617 1194 2998 1250 Eratosthenis
3025 1195 3324 1269 probabile
3363 1207 3467 1254 est.

1930 1283 2071 1342 Vide
2092 1284 2424 1353 Bunsen.11,
2443 1281 2658 1357 praefat.
2680 1301 2735 1356 p.
2749 1283 2888 1340 XII.
2913 1284 3132 1339 Nomen
3153 1282 3379 1339 Sabura
3399 1303 3486 1340 re·

1930 1382 2152 1444 pertum
2169 1371 2335 1426 etiam
2363 1369 2436 1425 ad
2462 1370 2784 1428 Gizehianas
2806 1370 3147 1444 pyramides,
3175 1372 3484 1445 saepiusque

1932 1459 2181 1514 occurrit
2221 1459 2280 1513 in
2311 1458 2484 1513 muris
2516 1458 2984 1532 septemtrionalis
3010 1458 3083 1514 ad
3106 1458 3318 1514 Abusir
3341 1460 3480 1519 sitae.

1930 1545 2130 1618 Itaque
2147 1545 2389 1619 pyramis
2409 1544 2526 1600 haec
2548 1545 2865 1619 sepulcrum
2883 1546 3030 1618 regis
3052 1544 3215 1599 fuisse
3238 1544 3482 1605 videtur.

2012 1630 2274 1690 Ceterum
2305 1631 2482 1687 Sit-ius
2519 1650 2587 1687 ex
2625 1632 2889 1687 Bunscnii
2937 1632 3208 1686 sententia
3247 1650 3364 1687 non
3406 1643 3486 1690 est

1930 1736 2141 1773 nomen
2165 1719 2340 1793 regis,
2363 1717 2462 1773 sed
2492 1735 2835 1792 cognomen3
2861 1736 3070 1772 nomen
3097 1718 3325 1774 exhibet
3359 1722 3486 1774 Ma-

1930 1804 2303 1860 nethonianus
2333 1805 2659 1873 Tam-rosis,
2692 1803 2852 1878 quod
2881 1805 3281 1879 corrigendum
3299 1806 3358 1861 in
3375 1807 3484 1862 So·-

1930 1892 2163 1946 sertasis.
2196 1892 2375 1964 Igitur
2400 1899 2585 1945 sextus
2604 1907 2706 1945 rex
2737 1900 2816 1945 est

2171 2030 2634 2087 Siris-Sesortasis
2654 2025 3097 2106 (SeSeRTeSeN
3111 2025 3127 2107 )
3157 2033 3200 2085 I
3196 2033 3248 2088 1.

1930 2174 2016 2228 De
2046 2171 2204 2246 regni
2248 2181 2508 2243 tempore
2547 2169 2810 2224 Manetho
2842 2187 2957 2223 uno
2987 2177 3203 2225 tantum
3235 2188 3382 2226 anno
3412 2171 3486 2227 ab

1932 2259 2299 2315 Eratosthene
2328 2256 2532 2313 differt.

2015 2347 2141 2403 v11.
2171 2345 2448 2418 Septimus
2465 2343 2844 2400 Eratosthenis
2867 2364 2880 2398 :
2907 2343 3169 2400 Clmubus
3197 2347 3281 2399 nel
3303 2346 3488 2401 Gneu-

1931 2452 2022 2489 ros
2048 2431 2116 2512 (i.
2148 2450 2198 2490 e.
2230 2450 2426 2487 aurum
2462 2431 2564 2486 vel
2604 2430 2831 2504 aureus)
2849 2472 2862 2497 ‚
2909 2429 3056 2485 filius
3087 2430 3484 2493 antecedentis.

1932 2521 2034 2576 His
2078 2536 2308 2593 quoque
2355 2521 2672 2592 cog-nomen
2725 2518 2874 2591 regis
2925 2518 3261 2572 continetur.
3315 2518 3488 2591 Apud

1931 2607 2330 2664 Manethonem
2354 2606 2750 2680 septimo‘loco
2787 2605 3023 2678 ponitur
3049 2603 3247 2660 Aches.
3288 2603 3476 2672 Idem,

1933 2702 1997 2749 ut
2031 2693 2278 2763 videtur,
2316 2707 2526 2747 nomen
2561 2691 2781 2766 regium
2817 2700 2899 2745 est
2939 2691 3288 2761 A-A-KEU‚
3330 2692 3490 2764 quod

1934 2781 2164 2855 Lepsius
2201 2780 2415 2854 reperit
2449 2781 2511 2834 in
2548 2778 2808 2852 sepulcro
2853 2776 2924 2833 ad
2964 2776 3286 2852 pyramides
3319 2778 3490 2835 Gizeh

1938 2865 2141 2942 (Buns.
2160 2884 2217 2941 p.
2245 2883 2352 2936 107
2369 2864 2413 2942 ).
2439 2863 2700 2924 Conferri
2718 2872 2903 2937 potest
2927 2866 3094 2919 etiam
3114 2881 3323 2919 nomen
3341 2882 3486 2935 isus,

1935 2952 2095 3028 quod
2113 2960 2375 3028 quartum
2392 2962 2473 3007 est
2485 2950 2544 3005 in
2557 2951 2697 3007 serie
2714 2949 3055 3009 Carnaciana
3070 2971 3087 3021 3
3104 2968 3291 3025 neque
3306 2961 3493 3009 tamen

1935 3040 2010 3098 ad
2036 3050 2291 3098 nostrum
2302 3057 2489 3115 regem
2513 3038 2725 3094 referre
2744 3038 2890 3095 licet.
2913 3038 3264 3112 Quamquam
3282 3041 3489 3096 Bunse·

1935 3129 2062 3184 nius
2082 3131 2228 3184 Asen
2246 3129 2406 3183 istum
2434 3125 2503 3183 ad
2518 3127 2701 3200 prima
2723 3124 2986 3199 dynastia·
3004 3136 3209 3181 nostrae
3236 3136 3494 3199 tempora

1936 3216 2135 3271 referri
2148 3215 2377 3285 mavult,
2397 3212 2668 3287 ambiguis
2685 3222 2871 3268 tamen
2891 3230 3022 3268 usus
3039 3215 3395 3288 argumentis.
3415 3247 3493 3258 --
3570 3243 3580 3252 ·

1939 3306 2067 3360 Jam
2083 3303 2509 3359 Eratosthenem
2535 3311 2593 3355 et
2609 3300 3005 3355 Manethonem
3033 3302 3200 3355 etiam
3219 3302 3332 3357 hoc
3363 3302 3492 3358 loco

1939 3392 2016 3446 ita
2043 3388 2467 3464 conjungendos
2491 3389 2804 3463 putaveris,
2826 3398 2892 3443 ut
2912 3406 3012 3444 rex
3036 3390 3302 3461 septimus
3327 3389 3498 3448 suerit

1940 3477 2123 3531 Aches
2149 3477 2485 3552 cognomine
2513 3476 2783 3535 Chnnbos
2808 3476 2922 3531 sive
2948 3475 3223 3532 Gnenros.
3248 3476 3319 3531 Id
3353 3496 3494 3536 vero

1938 3565 2050 3619 hoc
2087 3564 2216 3619 loco
2243 3582 2362 3618 non
2405 3562 2535 3618 fecit
2576 3564 2912 3632 Bunsenius,
2953 3563 3053 3634 qui
3101 3579 3312 3617 nomen
3348 3567 3496 3641 regis

1938 3651 2345 3706 Eratosthenici
2368 3649 2530 3704 fuisse
2550 3650 2673 3703 vult
2693 3666 2708 3703 ε

2018 3737 2327 3793 Sesertesen
2366 3736 2480 3791 sive
2506 3734 2807 3791 Sesortasis
2831 3737 2963 3802 III,
3018 3741 3340 3808 cognomine
3367 3738 3496 3793 Nub

1946 3824 2239 3901 (aureus);
2263 3831 2460 3877 contra
2483 3821 2675 3877 Achen
2702 3824 2853 3877 Man.
2883 3841 2994 3877 esse
3019 3840 3237 3897 regem,
3262 3824 3358 3894 qui
3384 3841 3494 3881 una

1944 3933 2072 3969 cnm
2109 3913 2374 3969 Sesortasi
2404 3912 2735 3986 regnaverit.
2765 3911 2854 3966 Sic
2889 3912 3037 3966 enim
3067 3911 3362 3983 explicari,
3394 3929 3495 3965 cur

1942 4000 2207 4056 Manetho
2248 4016 2350 4054 suo
2377 3999 2497 4073 regi
2533 3998 2743 4054 tribuat
2774 4016 2949 4053 annos
2986 4004 3088 4067 42,
3120 3997 3256 4052 dmn
3294 3999 3497 4052 Erato-

1944 4088 2161 4144 sthenes
2186 4087 2410 4143 nonnisi
2436 4105 2503 4141 21
2538 4095 2834 4141 numeret:
2859 4084 3074 4141 scilicet
3100 4085 3496 4140 Manethonem

1944 4176 2237 4248 utriusque
2282 4175 2431 4249 regis
2473 4192 2648 4230 annos
2696 4173 2766 4229 ad
2794 4191 2971 4229 unum
3016 4173 3265 4228 retulisse
3284 4172 3495 4228 'Achen

1950 4262 2094 4339 (τηρ.
2119 4264 2242 4336 77).
2257 4263 2391 4335 Quae
2413 4261 2641 4336 quidem
2655 4261 2954 4317 leviuscula
2969 4261 3375 4335 argumentatio
3397 4270 3494 4316 est.

2023 4351 2176 4407 VIII.
2215 4351 2448 4423 Raguose‘s
2479 4349 2856 4405 Eratosthenis
2886 4340 3200 4421 explicatur
3226 4365 3368 4402 voce
3401 4347 3497 4423 ἀρ-

1944 4435 2228 4515 χικράτωρ.
2252 4436 2420 4508 Quod
2439 4438 2997 4510 interpretamentum
3016 4434 3183 4490 docet
3194 4452 3305 4509 pro
3330 4433 3499 4492 PAT-

1948 4524 2131 4583 ΩΣῙΣ
2172 4525 2440 4579 levissima
2477 4525 2788 4580 mutatione
2827 4520 3190 4579 scribendum
3229 4539 3340 4577 ease
3369 4522 3493 4579 PA-

1952 4611 2203 4683 ΟΩΣΙΣ,
2230 4609 2509 4678 ‘Pdeme-gc.
2541 4612 2611 4666 In
2649 4612 3026 4668 monumentis
3056 4609 3316 4665 scribitur
3351 4611 3495 4665 RA-

1948 4701 2179 4758 SESUR
2227 4698 2356 4778 (ra,
2386 4701 2498 4767 sol,
2554 4704 2793 4755 omnium
2823 4716 3003 4755 rerum
3036 4700 3277 4764 initium;
3320 4713 3493 4765 sesur,

1947 4784 2312 4865 dominatio).
2342 4818 2422 4830 —-
2442 4786 2613 4861 Apud
2635 4786 3031 4842 Manethonem
3054 4793 3282 4839 octavus
3298 4799 3398 4838 rex
3419 4793 3500 4841 est

1947 4874 2229 4950 Sephuris.
2275 4875 2383 4931 Hic
2426 4892 2562 4929 vero
2603 4874 2762 4929 sicuti
2789 4890 2973 4928 nonus
3009 4888 3106 4927 rex
3145 4869 3327 4926 alieno
3369 4868 3496 4924 loco

1947 4964 2160 5038 positus
2186 4973 2283 5021 cst.
2311 4963 2565 5034 Uterque
2592 4960 2666 5017 ad
2696 4962 2916 5016 initium
2946 4960 3193 5034 pertinet
3236 4955 3499 5030 dynastiae

1950 5058 2180 5122 quartae.
2222 5048 2433 5107 Contra
2472 5048 2582 5102 huc
2630 5046 2998 5102 transferendi
3025 5056 3153 5100 sunt
3194 5061 3261 5098 ex
3299 5053 3500 5117 quarta

1952 5137 2201 5211 dynastia
2238 5154 2397 5211 reges
2423 5137 2651 5209 quintus
2689 5145 2747 5191 et
2771 5144 2982 5203 sextus,
3016 5136 3264 5189 Batoi-ear
3294 5141 3351 5187 et
3395 5132 3499 5186 Bi-

3180 5237 3254 5278 as·
