4016 5916
476 377 590 428 426
1816 359 2348 421 MEGASTHENIS

474 499 599 554 Indi
629 509 826 573 putant
853 496 1258 570 septentriones
1283 512 1472 551 versus
1496 494 1783 567 habitat-«33
1809 494 1882 548 ita
1911 493 2024 548 alio
2114 512 2183 549 ex
2219 495 2416 550 litteris
2442 494 2677 564 lndicis;
2707 496 2918 569 pluries
2946 497 3096 551 enim
3127 499 3184 551 in
3211 498 3383 571 epicis
3411 503 3716 557 carmini-

468 587 679 660 modo,
709 604 877 658 quam
912 603 1014 658 per
1037 585 1336 656 scriptores
1363 599 1552 637 rerum
1584 580 1905 636 Indicarum
1934 578 2023 635 sa-
2112 583 2218 639 bus
2240 595 2754 640 commemorantur
2770 578 3337 660 pach-'ddangnlajac‚
3381 607 3556 660 quam
3590 611 3712 645 vo-

472 673 619 729 bella
636 675 731 728 ista
754 674 810 726 in
831 671 1180 725 occidentem
1195 667 1682 726 videturtranslata
1695 686 1830 742 esse,
1847 685 2024 740 quum
2114 689 2238 726 cem
2272 672 2676 727 accuratissime
2723 672 3101 746 Megasthenes
3133 676 3362 730 nomine
3404 676 3711 734 deaceae&-

466 762 542 817 ab
575 762 692 815 aliis
725 759 1091 832 scriptoribus
1115 756 1285 811 iidem
1322 756 1575 810 homines
1604 756 1662 808 in
1685 755 2026 828 septentrio·
2114 759 2297 824 κτυλος
2324 762 2602 816 convertit
2632 757 2721 836 ζ’).

470 849 584 905 nali
609 851 849 921 Europae
874 857 1029 921 parte
1048 845 1412 899 collocentur.
1441 845 1583 899 Plin.
1614 840 1679 898 11.
1707 843 1893 898 N.IV.
1929 860 2023 912 27·
2199 873 2223 897 α
2258 848 2467 904 Plinius
2489 847 2693 903 deinde
2732 848 2928 904 scribit
2950 848 3110 922 (VII,
3140 868 3195 918 2,
3245 846 3347 925 15)
3376 870 3560 922 genus
3589 853 3706 907 lm-

472 935 540 1007 5,
570 937 714 992 Mela
744 938 849 1004 111,
883 937 938 1003 6,
972 933 1173 988 Isidor.
1203 933 1311 1000 XI,
1357 930 1409 988 3.
1439 933 1520 986 Ex
1558 931 1649 998 iis,
1691 930 1789 1002 qui
1828 929 2024 984 Indica

468 1027 948 1097 conscripserunt,
1011 1017 1365 1076 En‘otocoetas
1418 1019 1634 1091 primus
1693 1019 2026 1071 memoravit

462 1114 669 1170 Ctesias
707 1112 831 1167 Ind.
868 1110 931 1165 31
956 1152 971 1179 ‚
1012 1120 1129 1163 tum
1167 1108 1335 1164 Duris
1378 1125 1461 1180 ap.
1508 1106 1649 1162 Ptin.
1683 1107 1755 1162 H.
1797 1105 1868 1159 N.
1918 1107 2022 1159 vll

471 1219 525 1271 α,
561 1200 658 1256 23.

547 1311 572 1337 ιι
598 1286 919 1344 Brahmanae
943 1284 1018 1356 (οἳ
1057 1279 1355 1362 φιλόσοφοι)
1396 1280 2023 1356 Megastheninarrave-

468 1385 628 1444 rant,
674 1376 733 1429 in
780 1374 941 1429 India
988 1391 1099 1427 esse
1148 1369 1217 1428 Ὠ
1232 1367 1443 1426 κ’ύποδ
1455 1391 1484 1424 α
1501 1392 1550 1439 ς,
1596 1364 1771 1423 ἵππων
1823 1366 2021 1441 μᾶλλον

467 1460 732 1526 ἀπιόντας.
760 1465 939 1533 Quam
969 1461 1213 1515 fabulam
1247 1459 1499 1514 Indicam
1526 1475 1668 1524 esse,
1700 1474 1771 1510 ex
1807 1474 1876 1510 eo
1902 1456 2022 1510 Ra-

467 1548 714 1621 niitjan'ae
744 1551 871 1604 loco
905 1558 1172 1622 apparet,
1214 1565 1383 1619 quem
1416 1545 1590 1599 modo
1632 1543 2020 1611 laudavimu53

464 1657 580 1709 quo
611 1640 777 1693 etiam
797 1655 1004 1691 nomen
1025 1629 1314 1696 Ὠκύποδες
1336 1634 1663 1706 explicatur.
1682 1632 1824 1686 Nam
1845 1650 2021 1703 quum

464 1725 591 1779 Indi
622 1736 839 1798 partein
872 1722 1155 1796 quandam
1191 1722 1502 1777 Ciratarum
1537 1730 1867 1793 nuncupent
1893 1717 2020 1772 ὅσα·

452 1814 649 1885 ρᾰ.·ἰα.ς
682 1815 719 1867 i.
753 1830 806 1867 e.
848 1807 1164 1883 μονόποδας,
1196 1809 1291 1880 qui
1328 1819 1509 1870 tamen
1545 1825 1654 1862 esse
1682 1807 1901 1861 veloces
1931 1805 2020 1859 di-

465 1912 689 1969 cuntur,
730 1917 939 1954 nomen
984 1916 1111 1952 eum
1151 1906 1281 1969 apta
1324 1895 1567 1968 quadam
1633 1895 2024 1968 paronomasia

464 1986 844 2061 Megasthenes
886 2004 1028 2041 voce
1075 1979 1365 2046 Ὠκύποδες
1427 1983 1595 2036 vertit
1665 1979 1756 2055 ζ’).
1828 1982 2023 2052 Neque

466 2074 816 2148 Monopodes
846 2074 1033 2129 Ctesiae
1058 2072 1288 2139 desunt,
1326 2069 1423 2143 qui
1455 2067 1604 2142 apud
1642 2067 1782 2124 Plin.
1808 2068 1934 2135 vn,
1964 2084 2020 2138 2,

472 2181 535 2231 17
566 2162 682 2217 haec
722 2162 894 2216 refert
935 2181 947 2215 :
996 2164 1140 2214 Item
1177 2158 1460 2212 hominum
1506 2174 1714 2227 genas,
1751 2158 1848 2228 qni
1880 2155 1950 2207 M
1960 2173 2020 2209 o·

462 2268 632 2303 noco
650 2252 697 2302 li
740 2260 1083 2317 vocarentur,
1128 2247 1365 2319 singulis
1400 2245 1644 2302 cruribus
1661 2284 1676 2310 ‚
1710 2247 1869 2295 tniroe
1890 2260 2021 2314 per-

463 2341 706 2392 incitatis
746 2338 829 2391 ad
857 2338 1075 2402 saltum,
1116 2335 1439 2407 eosdemque
1459 2331 1767 2404 Sciapodas
1792 2332 2008 2394 vocari,

459 2428 610 2497 quod
618 2430 674 2479 in
690 2431 901 2496 majore
914 2436 1053 2478 cestu
1072 2423 1226 2476 humi
1243 2427 1487 2488 jacentes
1500 2421 1744 2491 resupini
1756 2418 1947 2470 umbra
1962 2434 2023 2469 se

454 2514 658 2584 pedum
669 2525 1002 2587 protegant;
1028 2530 1137 2566 non
1171 2512 1332 2581 longe
1349 2527 1441 2562 eos
1479 2527 1517 2561 a
1545 2506 1889 2578 Troglodytis
1932 2498 2018 2578 (**)

458 2601 666 2659 abesse.
697 2602 830 2672 Quae
860 2598 1247 2671 Ecapadarum
1281 2607 1335 2650 et
1369 2593 1705 2667 Sciapodum
1740 2591 2016 2660 confusi0,

458 2689 643 2742 solum
673 2707 739 2742 cx
764 2686 1123 2741 similitudine
1148 2684 1441 2738 nominum
1466 2681 1718 2754 pendere
1744 2679 1988 2733 videtur.

543 2800 566 2822 σι
590 2778 784 2846 Neque
800 2776 981 2827 minus
996 2775 1200 2826 mirum
1226 2770 1379 2824 estid
1403 2768 1559 2842 quod
1578 2767 1647 2821 de
1678 2767 1806 2820 feris
1832 2767 2020 2819 homi-

461 2862 625 2916 nibus
662 2861 892 2916 tradidit
938 2859 1042 2934 (sr.
1079 2857 1150 2911 30
1180 2877 1218 2911 a
1261 2868 1318 2911 ct
1354 2855 1479 2929 31).
1516 2857 1670 2909 Hanc
1705 2854 1870 2906 etiam
1900 2871 2018 2906 rem

459 2950 660 3006 Ctesias
702 2949 864 3021 prior
905 2946 1173 3002 retulerat
1210 2943 1338 3001 Ind.
1380 2943 1412 3017 §
1465 2941 1557 2999 31.
1602 2940 1681 2997 Cf.
1718 2941 1892 2995 Solin.
1943 2938 2014 2995 52

454 3040 639 3091 Tzetz.
684 3037 824 3092 Chil.
860 3036 979 3102 VII,
1041 3033 1193 3102 768,
1223 3032 1365 3088 Gell.
1402 3032 1510 3100 IX,
1543 3036 1596 3095 [ι.
1630 3031 1885 3100 Quorum
1913 3029 2017 3083 ho-

459 3126 671 3178 minum
696 3125 839 3177 inter
864 3122 1165 3177 Alexandri
1194 3121 1424 3174 comites
1447 3121 1596 3172 Baeto
1621 3117 1722 3191 (fr.
1752 3114 1827 3192 3.)
1860 3136 2017 3171 men-

462 3212 671 3265 tionem
696 3209 923 3282 secitap.
944 3209 1085 3262 Plin.
1106 3208 1256 3262 lLN.
1275 3208 1401 3273 vll,
1420 3224 1475 3260 2.
1504 3203 1558 3263 3.
1597 3203 1791 3258 Eidem
1818 3204 2015 3277 appel-

462 3297 651 3353 lantur
676 3297 983 3368 Antipocles
1010 3306 1065 3349 et
1099 3296 1245 3350 inter
1273 3304 1462 3369 gentes
1487 3292 1834 3367 AEthiopicas
1862 3309 2014 3345 enu-

444 3380 659 3439 'merari
691 3385 891 3438 solent.
937 3382 1019 3438 Cf.
1053 3382 1186 3448 Isid.
1228 3380 1388 3455 Orig.
1435 3381 1551 3453 XI,
1587 3378 1641 3433 3.
1678 3378 2018 3451 Opinionem

458 3473 608 3527 illam
630 3471 783 3546 apud
808 3471 981 3525 Indos
1000 3471 1353 3525 vernaculam
1379 3468 1541 3523 fuisse
1559 3509 1575 3536 ,
1600 3486 1718 3521 non
1744 3466 1922 3521 modo
1947 3486 2017 3520 ex

456 3578 528 3615 eo
554 3569 824 3633 apparet,
861 3558 1017 3632 quod
1049 3559 1213 3613 multi
1241 3559 1544 3631 scriptores
1561 3596 1577 3623 ,
1605 3573 1850 3628 quorum
1880 3555 2023 3614 alius*

454 3649 570 3703 alio
596 3667 713 3702 non
732 3667 859 3701 usus
884 3659 994 3715 est,
1024 3646 1216 3701 dehac
1241 3665 1301 3700 re
1328 3646 1706 3711 consentiant,
1736 3641 1831 3697 sed
1852 3644 2017 3696 etiam

454 3769 613 3817 λώτιοι
632 3768 678 3828 ),
702 3767 1039 3817 tis’t’acarn'oe
1063 3767 1123 3829 (i.
1146 3780 1189 3814 e.
1224 3764 1508 3828 χειλώτιοι),
1540 3762 1861 3825 pdn'icarnoe
1885 3761 1942 3823 (i.
1970 3776 2014 3809 e.

454 3838 738 3901 χειρὼτιοι),
756 3836 819 3887 de
836 3838 1005 3899 quibu·
1029 3838 1089 3884 cf·
1113 3838 1238 3886 Ctes.
1266 3834 1367 3883 lnd.
1389 3834 1417 3896 §
1442 3838 1518 3882 31.

514 3908 626 3969 (***)
651 3907 1023 3969 Ecapddarum
1048 3920 1141 3954 non
1157 3918 1261 3953 rara
1279 3905 1326 3953 in
1343 3905 1487 3966 epicis
1505 3902 1795 3952 carminibus
1814 3902 1867 3950 sit
1886 3914 2015 3950 men·

454 3979 521 4029 tio
544 3992 620 4029 ex.
640 3992 681 4025 c.
712 3997 724 4026 ε

519 4048 727 4098 Mahab’.
770 4050 842 4107 11,
889 4050 1227 4095 1837-1838:
1262 4044 1337 4093 Ibi
1373 4044 1613 4103 conspexi
1654 4041 2017 4104 Diophthal·

454 4132 578 4167 mos
626 4116 1172 4179 Triopltthalmos,
1214 4111 1895 4174 Metopoplzthalm03‚
1923 4114 2014 4173 qui

450 4192 615 4238 rar-iis
650 4201 676 4236 e
714 4186 1003 4247 reqionibus·
1044 4185 1395 4244 advenerant,
1421 4209 1486 4219 —-
1522 4181 2012 4243 Anthropopha-

448 4271 557 4319 903
580 4261 630 4307 et
660 4255 1062 4316 Monopodes.

514 4329 676 4377 Hariv.
703 4328 1048 4378 9540—95412
1090 4323 1377 4372 Praedili
1422 4322 1699 4384 capillis
1732 4322 2004 4375 erectis,

2116 939 2323 989 minum
2358 937 2629 1009 capitibus
2651 940 2903 1006 caninis,
2917 933 3177 1005 serarum
3199 939 3444 1009 pellibus
3468 943 3654 994 velari
3671 985 3686 1006 ,

2109 1042 2211 1095 pro
2237 1041 2359 1077 voce
2385 1025 2648 1078 latratum
2672 1025 2849 1090 edere,
2881 1025 3157 1096 unguibus
3176 1039 3454 1081 armatum
3478 1042 3698 1083 venam

2115 1121 2169 1163 et
2211 1115 2448 1184 aucupio
2501 1115 2658 1169 vesci.
2704 1112 2839 1182 Quae
2883 1112 3161 1182 narratiO,
3201 1114 3244 1167 si
3285 1114 3544 1169 Solinum
3609 1114 3692 1170 52

2113 1198 2387 1270 sequaris,
2407 1199 2775 1272 Megasthenis
2801 1208 2898 1256 est.
2945 1198 3140 1271 Neque
3169 1200 3226 1254 in
3253 1199 3354 1255 hac
3374 1213 3543 1274 gente
3576 1202 3700 1258 de-

2113 1285 2406 1341 scribenda
2424 1329 2439 1355 ‚
2481 1305 2650 1359 quam
2686 1287 2913 1341 nomine
2937 1283 3300 1363 Κυνοκέφαὶοι
3336 1290 3654 1361 appellavit
3673 1332 3692 1356 ‚

2116 1373 2318 1428 Ctesias
2347 1373 2531 1442 deest,
2557 1373 2684 1430 lud.
2714 1392 2814 1442 20,
2836 1375 2979 1428 Plin.
3011 1373 3050 1426 l.
3079 1374 3118 1429 l.
3151 1376 3426 1430 Sanseritc
3453 1396 3694 1432 nuncnu-

2115 1473 2324 1532 pantur
2349 1461 2720 1531 Cunamuc'a‘s
2753 1480 2796 1518 s,
2830 1461 3152 1530 ,Cvdmuc’cis
3176 1463 3214 1518 i.
3247 1479 3298 1516 e.
3339 1463 3691 1542 xuvortpdcw-

2115 1567 2200 1603 ποι
2222 1568 2266 1605 s,
2291 1545 2645 1626 κυνοκέφαλοι.
2677 1551 2773 1602 As.
2798 1550 2920 1602 Res.
2952 1549 3101 1603 VIII.
3136 1546 3208 1602 33
3225 1568 3246 1603 1
3265 1590 3278 1605 .
3363 1551 3553 1605 Mores
3579 1570 3698 1606 au-

2117 1645 2228 1690 tem
2287 1639 2654 1693 barbararum
2710 1638 2959 1711 gentium
3006 1637 3202 1709 saepius
3249 1647 3362 1692 tam
3407 1640 3691 1696 immanes

2114 1722 2526 1793 describuntur,
2578 1742 2667 1780 ex.
2712 1744 2762 1782 c.
2811 1724 3031 1780 Mahab'
3075 1726 3153 1792 11,
3211 1723 3356 1780 1865
3389 1744 3403 1782 ι
3454 1728 3697 1783 Οῐνᾰῐας

2113 1818 2396 1886 conspicio,
2438 1817 2536 1886 qui
2553 1814 2832 1883 radicibus
2847 1815 3171 1886 plantarum
3202 1828 3499 1882 vescuntur,
3541 1821 3658 1890 pel
3663 1850 3686 1861 ·

2115 1901 2252 1954 libus
2266 1897 2481 1971 serinis
2507 1902 2737 1967 incitam,
2762 1898 2939 1967 soedis
2972 1902 3213 1955 moribus
3230 1942 3245 1969 ‚
3256 1899 3684 1976 foedisquesa-

2111 1992 2226 2042 ctis.
2259 1987 2344 2046 Cf.
2369 1987 2590 2043 Mahab.
2611 1990 2714 2044 VII
2730 2031 2746 2058 ,
2773 1986 2924 2059 6867
2954 2006 3070 2060 seq.

2195 2099 2222 2126 ι
2246 2078 2506 2131 Astomos
2523 2075 2581 2130 in
2609 2076 2766 2131 libris
2782 2074 2992 2130 Indicis
3019 2076 3352 2143 memorari,
3380 2076 3690 2135 ostendere

2113 2162 2368 2217 nondum
2406 2180 2698 2236 possumus
2725 2179 2881 2235 aeque
2922 2172 3089 2235 atque
3134 2166 3486 2236 Amycteras,
3532 2183 3687 2237 quos

2113 2267 2225 2305 esse
2246 2250 2388 2305 dixit
2408 2246 2743 2327 παμφάγους,
2768 2246 3092 2327 ὠμοφάγους,
3118 2247 3514 2326 ὀλιγοχρονίους.
3551 2254 3690 2326 Ipsa

2113 2347 2296 2392 tamen
2319 2337 2489 2393 verba
2523 2339 2910 2411 descriptionis
2926 2349 3054 2392 sunt
3078 2338 3420 2392 documento
3439 2382 3454 2410 ,
3481 2341 3688 2415 Mega-

2110 2425 2360 2479 sthenem
2387 2425 2660 2480 Indorum
2689 2428 3037 2481 narrationes
3055 2438 3304 2480 secutum
3325 2446 3459 2481 esse.
3493 2431 3686 2484 Voces

2112 2504 2261 2556 enim
2290 2501 2567 2581 παμφάγος
2596 2516 2931 2577 ceteraeque,
2966 2506 3169 2578 quibus
3203 2508 3531 2577 Amycteras
3563 2507 3680 2562 de·-

2109 2592 2352 2663 scripsit,
2394 2593 2463 2646 ab
2504 2610 2610 2646 usu
2649 2592 2920 2647 sermonis
2958 2593 3120 2666 graeci
3156 2604 3383 2647 remotae
3416 2604 3582 2661 sunt,
3623 2607 3686 2649 et

2112 2697 2390 2735 conversas
2414 2699 2482 2736 ex
2510 2681 2782 2735 sanseritis
2808 2680 3055 2734 vocibus.
3088 2681 3193 2739 Ex.
3224 2699 3298 2748 c.‚
3326 2700 3498 2753 quum
3533 2701 3682 2739 voce

2110 2764 2390 2845 παμφάγος
2427 2768 2603 2825 Graeci
2643 2786 2879 2841 perraro
2903 2778 3153 2836 utantur,
3182 2767 3334 2840 apud
3366 2768 3539 2823 lndos
3578 2790 3680 2836 ea·

2111 2854 2239 2908 dem
2264 2874 2378 2910 vox
2399 2866 2478 2910 est
2495 2856 2823 2928 pervulgata
2841 2894 2855 2922 ‚
2880 2866 2936 2907 et
2958 2856 3156 2909 usitata
3177 2865 3308 2909 sunt
3331 2858 3679 2928 cognomina

2111 2940 2478 2999 barbararum
2526 2943 2776 3017 gentium
2816 2940 3151 2996 sat-vab'axa
3171 2984 3186 3011 ,
3243 2941 3678 3018 vipvab'dg'ana

2112 3032 2176 3105 (i.
2227 3051 2276 3089 e.
2319 3028 2660 3108 παμφάγος),
2700 3031 2790 3085 vel
2847 3028 3316 3098 nm‘nsab'dxaca,
3381 3031 3680 3103 ciniis-’After

2096 3124 2399 3193 picitcicin,
2424 3120 2694 3189 craqjdda
2717 3114 2738 3192 (
2759 3118 2798 3172 i.
2833 3136 2880 3173 e.
2906 3114 3232 3173 carnivorus
3264 3114 3388 3193 (μ).

2193 3232 2218 3257 «ι
2248 3211 2327 3264 Ea
2354 3226 2477 3281 quae
2503 3207 2603 3261 uni
2631 3207 3066 3261 Monoculorum
3095 3208 3247 3281 genti
3283 3209 3518 3280 propria
3561 3226 3679 3265 esse

2171 3329 2237 3387 ζ’)
2264 3328 2335 3377 Cf.
2365 3327 2568 3377 slahab'.
2591 3330 2655 3389 Χ,
2680 3330 2924 3377 452—457
2951 3347 2962 3358 ·
2987 3327 3064 3376 Ibi
3088 3328 3531 3389 conspiciebantur
3577 3330 3678 3378 nd-

2107 3413 2254 3449 oeasae
2290 3403 2340 3449 et
2375 3398 2602 3448 Picalae’oe
2638 3402 2805 3453 uarii,
2842 3411 3049 3447 carnem
3084 3398 3368 3447 humanam
3403 3402 3673 3463 vorantes,

2105 3473 2409 3530 sanquinem
2429 3469 2674 3523 bibentes,
2709 3471 2940 3530 inqentes
2957 3501 2970 3521 ,
2988 3468 3164 3527 susci,
3194 3473 3367 3517 saxeis
3390 3469 3630 3518 dentibus
3649 3503 3670 3525 ,

2112 3543 2279 3589 tauris
2311 3541 2535 3594 similes,
2573 3539 2779 3602 capillis
2804 3537 3063 3597 horridis,
3098 3538 3264 3599 lonyis
3293 3540 3533 3588 instructi
3556 3551 3672 3587 con·

2106 3609 2248 3664 citis,
2274 3608 2613 3672 pentapocles,
2635 3610 2876 3658 ventriosl
2895 3643 2910 3667 ,
2934 3620 3010 3668 op
3026 3610 3075 3656 is
3091 3608 3195 3656 tho
3212 3607 3492 3669 dactyli,
3515 3621 3671 3670 aspe-

2107 3682 2154 3728 ri
2175 3711 2189 3732 ,
2241 3678 2519 3740 deformes,
2567 3692 2680 3729 voce
2734 3677 2997 3735 horribili,
3049 3679 3318 3738 campanis
3367 3678 3671 3741 retibusque

2109 3753 2376 3809 instructi,
2402 3753 2565 3813 niqris
2583 3748 2904 3811 quitatibus,
2914 3746 3245 3806 formidolosi
3259 3783 3275 3807 ,
3295 3747 3660 3808 crudelissimi,

2108 3821 2258 3871 vultu
2282 3820 2522 3871 horribili
2546 3836 2563 3871 .·
2587 3822 2847 3882 variaeque
2866 3816 3203 3867 Rdxasarum
3239 3818 3424 3871 fornice
3449 3818 3520 3867 ibi
3547 3830 3664 3867 con·

2104 3890 2468 3953 spiciebantur.
2532 3893 2600 3940 Et
2624 3889 2720 3937 alii
2740 3899 2899 3951 qaum
2925 3890 3231 3948 sanquinem
3249 3886 3522 3945 bibissent,
3556 3887 3668 3935 loeti

2104 3962 2411 4010 catervatim
2443 3957 2739 4016 saltabant,
2780 3957 3015 4006 collocati
3055 3956 3215 4012 talia,
3255 3975 3278 3999 «ι
3311 3955 3403 4005 hoc
3422 3959 3498 4005 cst
3533 3960 3664 4017 opti·

2103 4042 2272 4090 mum,
2301 4030 2679 4088 clarissimum,
2701 4027 3081 4076 dulcissimum.
3108 4045 3130 4068 ι»
3198 4028 3281 4075 Sic
3304 4025 3661 4089 colloqueban-

2108 4103 2196 4151 tur
2213 4100 2294 4150 illi
2319 4104 2560 4149 vorantes
2585 4097 2866 4147 medullam
2885 4132 2898 4155 ,
2913 4110 3026 4146 ossa
3041 4134 3054 4155 ‚
3074 4098 3404 4157 sanquinem,
3425 4096 3660 4157 adipem,

2105 4172 2332 4222 hostium
2364 4182 2575 4219 carnem
2613 4168 2914 4217 devorantes
2934 4204 2947 4227 ,
2985 4166 3152 4216 cruda
3185 4178 3345 4216 carne
3381 4169 3662 4227 rescenteS,

2103 4255 2261 4293 carne
2286 4243 2530 4292 viventes.

2166 4312 2253 4375 (**)
2278 4312 2354 4361 Cl‘.
2377 4307 2710 4369 Maneb‘..xlt‚
2734 4313 2857 4359 6956
2877 4328 2889 4356 :
2910 4306 3101 4357 ciidrae
3123 4308 3371 4357 dicantur
3390 4321 3496 4357 esse
3517 4321 3666 4371 pam·

453 4403 618 4463 niqris
655 4402 705 4448 et
741 4399 903 4455 albis,
940 4395 1116 4444 robore
1152 4394 1546 4456 elephantorum
1579 4393 1749 4442 decem
1786 4393 1919 4441 mill.
1960 4395 2012 4441 et
2100 4383 2257 4445 phaqi
2276 4392 2489 4442 semper,
2515 4378 2719 4427 nullius
2736 4377 2880 4438 sacti
2913 4380 3171 4439 expertes,
3199 4380 3419 4439 impuri,
3451 4380 3499 4426 et
3518 4392 3662 4439 quem

448 4469 705 4533 procelloe,
724 4465 1080 4523 ”onocheli-es,
1100 4466 1186 4513 Mo
1203 4476 1232 4511 n
1247 4476 1348 4525 opo
1360 4464 1462 4513 des
1475 4500 1488 4523 ,
1504 4465 1639 4512 Mon
1653 4477 1680 4511 ο
1692 4476 1728 4524 p
1746 4462 1808 4511 th
1822 4463 1888 4511 al
1904 4476 1952 4510 m
1965 4466 1981 4510 i
1993 4498 2008 4522 ,

451 4542 542 4603 qni
569 4552 663 4587 ora
691 4538 967 4586 trementia
992 4534 1187 4584 habent
1206 4538 1301 4582 etc.

513 4609 677 4658 llariv.
699 4612 848 4657 9553:
874 4603 1257 4666 Mo’nopodes
1278 4606 1329 4652 et
1355 4603 1597 4666 Oiliades,
1621 4603 1714 4651 atil
1736 4603 2006 4664 Bicipites,

450 4678 721 4729 Mac-ilenti
743 4678 839 4725 etc.

511 4748 585 4797 ct.
611 4746 815 4797 MahAb’.
855 4749 915 4805 Π,
948 4749 1080 4794 1173.
1126 4747 1211 4803 ln,
1242 4747 1386 4792 16137
1406 4780 1420 4804 ,
1449 4742 1608 4792 ilai-it
1635 4744 1779 4801 2444,
1806 4745 1888 4790 As.
1905 4754 2002 4791 res.

449 4819 579 4867 vul.
604 4822 711 4866 338.
736 4816 838 4865 Alio
864 4815 1058 4863 nomine
1080 4814 1141 4863 ab
1167 4812 1294 4862 ludis
1320 4814 1555 4860 vocantur
1573 4810 1726 4859 eidem
1745 4810 2007 4859 ecak'ara·

453 4887 566 4936 n’oe.
591 4890 672 4935 As.
700 4889 806 4935 Res.
827 4888 954 4934 Vlll.
977 4888 1084 4933 340.
1546 4876 1553 4884 '

511 4958 604 5017 θ’)
637 4956 954 5018 Troqlodytoe
971 4954 1030 5003 ad
1058 4968 1139 5002 eas
1180 4951 1418 5015 pertinent
1461 4953 1641 5013 geum,
1661 4949 1868 5011 quasalii
1888 4948 2006 4997 seri-

456 5029 614 5089 ptores
640 5026 921 5087 AEtliiopiae,
946 5023 1094 5074 Indiae
1132 5023 1212 5072 alii
1237 5022 1603 5083 adscripserunt.
1633 5019 1801 5069 ludicis
1841 5018 2008 5069 litteris

448 5093 644 5143 minime
663 5092 850 5152 desinit,
883 5093 1056 5154 quibus
1073 5092 1372 5155 appellantur
1390 5089 1778 5153 yiriqahvarcis,
1812 5089 1844 5139 i.
1871 5102 1915 5139 e.
1952 5092 2005 5138 in

452 5166 709 5213 montanis
733 5166 969 5213 carernis
997 5166 1235 5213 viventes.
1256 5159 1458 5211 ilaliah'.
1490 5163 1572 5221 vl,
1591 5163 1696 5211 375.

2094 4458 2251 4504 locum
2273 4449 2574 4501 laudavimus
2604 4448 2650 4497 in
2675 4452 2773 4497 not.
2797 4447 3109 4498 antecedente
3131 4447 3421 4497 camivoros
3441 4462 3549 4498 esse
3567 4452 3656 4499 Pa-

2089 4526 2240 4576 daeos.
2253 4525 2354 4585 iam
2377 4519 2645 4571 Herodotus
2667 4521 2753 4582 111,
2769 4524 2831 4571 99
2846 4520 3087 4569 retulerat.
3105 4518 3371 4581 omopliagi
3383 4533 3492 4569 esse
3511 4521 3654 4569 iidem

2090 4597 2309 4646 videntur
2329 4597 2474 4652 atque
2493 4592 2573 4652 qui
2593 4591 2735 4652 vulgo
2758 4590 3056 4652 appellantur
3079 4589 3380 4653 Agriophagi.
3407 4591 3654 4640 interdurn

2098 4662 2264 4712 iisdem
2301 4658 2527 4719 vocibus,
2558 4655 2734 4719 quibus
2757 4656 2859 4718 ipsa
2890 4656 3083 4703 nomina
3117 4654 3332 4715 gentium
3363 4650 3659 4711 significent,

2097 4733 2349 4794 scriptores
2367 4740 2518 4791 quum
2539 4725 2690 4776 ludici
2704 4726 2810 4774 tum
2834 4723 2990 4775 Graeci
3011 4725 3230 4771 utuntur.
3301 4722 3370 4769 lta
3391 4719 3520 4780 apud
3555 4720 3658 4768 Pli-

2097 4804 2228 4852 nium
2248 4805 2333 4861 vl,
2363 4805 2441 4858 35,
2468 4800 2520 4848 17
2558 4795 2672 4858 (qui
2691 4794 2825 4845 locus
2843 4793 3032 4843 videtur
3049 4792 3109 4842 ad
3133 4791 3317 4841 lndlatn
3336 4788 3494 4852 potius
3511 4802 3660 4851 quam

2098 4873 2159 4922 ad
2179 4871 2461 4933 AEthiopiam
2480 4865 2724 4930 spectare)
2745 4866 3071 4914 memorantur
3091 4864 3263 4923 Χῖοι-ιε
3281 4899 3293 4921 ,
3315 4872 3536 4923 quorum
3564 4871 3658 4906 rex

2096 4954 2260 4993 unum
2274 4941 2478 4990 oculum
2494 4937 2686 4988 habeat
2704 4938 2757 4984 in
2767 4934 2968 4996 fronte,
2991 4931 3319 4993 Aeriophayi,
3349 4928 3657 4990 Pamphaye’,

2098 5009 2548 5074 Anthropophaqi,
2587 5004 2880 5069 cynamomi
2926 5003 3159 5065 (caninis
3187 4998 3501 5061 capitibus);
3529 5010 3658 5060 pars

2098 5082 2339 5149 quoedam
2365 5080 2666 5141 AEthiopum
2693 5076 2909 5126 locustis
2939 5075 3142 5121 tantum
3165 5072 3323 5125 vivit,
3351 5070 3391 5117 ii
3426 5067 3660 5131 quadra·

2094 5157 2336 5221 qesimum
2359 5162 2555 5200 annum
2583 5150 2702 5198 ville
2721 5158 2817 5196 non
2840 5143 3110 5195 excedunt.
