4016 5916
471 425 583 477 156

1560 407 2053 470 ARISTOTELIS
2096 407 2583 469 FRAGMENTA.

460 550 548 603 τοῦ
573 541 758 609 ἁλιέως
785 539 851 600 τὰ
881 540 1014 600 αὖτὰ
1032 586 1048 617 ,
1078 537 1390 610 λυπηθέντες
1410 543 1486 621 τῷ
1509 537 1760 605 πολλάκις
1781 535 2004 609 ἀκούειν,
2100 539 2264 617 γάλας
2278 541 2306 597 ὃ
2329 536 2556 614 πόλεμος
2572 558 2586 573 ·
2610 526 2703 595 εἶτ’
2726 532 2991 595 ἐπαύσατο
3011 536 3075 595 δι’
3096 535 3284 618 ἀρετὴν
3296 538 3562 616 γυναικὸς,
3585 546 3655 608 ὡς

461 631 760 695 ὓποπιόντες
802 628 1080 704 ἐκώμασαν
1121 627 1249 707 πρὸς
1287 625 1458 687 αὐτόν.
1500 624 1795 704 Δεξαμένου
1832 623 1886 681 δὲ
1916 628 2007 681 τοῦ

458 716 852 794 Τελεσταγόρου
876 714 1188 797 φιλοφρόνως
1212 712 1423 790 αὐτοὺς,
1439 716 1485 772 oi
1505 712 1763 772 νεανίσκοι
1786 710 1938 769 αὐτόν
1957 733 2012 767 τε

461 805 678 885 ὕὸρισαν
724 801 815 861 καὶ
864 801 953 860 δύο
995 799 1275 879 θυγατέρας
1325 803 1484 859 αύτοῧ
1535 799 1839 877 ἐπιγάμους.
1892 798 2013 878 Ἐφ’

462 886 534 961 οἷς
554 890 1008 968 ἀγανακτήσαντες
1030 892 1077 948 οῖ
1097 888 1281 957 Νάξιοι
1308 889 1398 948 καὶ
1422 889 1486 947 τὰ
1506 887 1644 948 ὅπλα
1667 886 2014 953 ἅναλαὸόντες

463 983 691 1052 ἐπῆλθον
730 982 838 1046 τοῖς
881 976 1193 1043 νεανίσκοις·
1241 975 1332 1035 καὶ
1382 976 1609 1054 μεγίστη
1663 974 1782 1035 τότε
1834 974 2016 1041 στάσις

461 1067 682 1145 ἐγένετο,
719 1070 1127 1147 προστατοῦντος
1175 1067 1277 1121 τῶν
1312 1061 1518 1131 Ναξίων
1565 1063 1923 1140 Λυγδάμιδος,
1961 1059 2015 1127 ὃς

464 1153 569 1213 ἀπὸ
614 1152 805 1225 ταύτης
834 1156 926 1224 τῆς
952 1149 1269 1232 στρατηγίας
1291 1150 1533 1229 τύραννος
1554 1150 1779 1231 ἀνεφάνη
1808 1153 1900 1220 τῆς
1921 1171 2013 1207 πα·

461 1242 649 1322 τρίδος.
822 1252 835 1265 “

1110 1326 1255 1405 [168
1279 1347 1330 1385 a.
1343 1325 1367 1404 ]

542 1444 756 1523 [Arist.
789 1444 908 1500 Pol.
936 1447 1002 1513 V,
1034 1441 1101 1517 5,
1131 1461 1154 1498 ι
1193 1441 1313 1500 ιΑῖ
1340 1441 1387 1498 δ’
1417 1439 1716 1520 ὀλιγαρχίαι
1740 1442 2013 1517 μεταὸάλ-

460 1534 608 1590 λουσι
630 1528 713 1588 διὰ
733 1528 822 1588 δύο
843 1528 1074 1607 μάλιστα
1098 1526 1318 1606 τρόπους
1335 1525 1452 1593 τους
1480 1528 1897 1607 φανερωτάτους,
1922 1529 2013 1588 ἕνα

463 1616 578 1694 μὲν,
625 1618 715 1676 ἐὰν
746 1618 967 1676 ἀδικῶσι
994 1614 1054 1673 τὸ
1085 1617 1310 1686 πλῆθος·
1335 1623 1438 1681 πᾶς
1473 1613 1574 1693 γὰρ
1609 1613 1783 1682 ἱκανος
1818 1616 2015 1695 γίνεται

460 1705 786 1784 προστάτης·
832 1704 1063 1781 μάλιστα
1107 1702 1170 1775 δ’,
1189 1701 1344 1778 ,ὅταν
1387 1701 1438 1771 ἐξ
1485 1703 1643 1773 αὐτῆς
1690 1701 1870 1781 συμὸῇ
1920 1708 2013 1775 τῆς

462 1792 772 1873 ὀλιγαρχίας
797 1793 1028 1870 γίνεσθαι
1064 1789 1151 1849 τὸν
1181 1789 1446 1867 ἡγεμόνα·
1482 1789 1719 1870 καθάπερ
1758 1792 1810 1848 ἐν
1856 1792 2013 1872 Νάξῳ

461 1878 761 1957 Λύγδαμις,
792 1878 846 1946 ὃς
865 1879 953 1938 καὶ
983 1876 1320 1957 ἐτυράννησεν
1349 1874 1561 1956 ὕστερον
1590 1880 1691 1934 τῶν
1717 1875 1944 1945 Ναξίων.
1975 1886 1996 1951 ]

539 1973 625 2026 De
652 1969 1016 2044 Lygdamicf.
1048 1967 1295 2040 Polyaen.
1327 1965 1508 2035 1,23,
1539 1984 1597 2035 a,
1627 1965 2010 2038 Herodot.1,

463 2058 573 2125 64,
607 2055 892 2113 Plutarch.
922 2054 1214 2130 Apophth.
1249 2056 1380 2109 Lac.
1403 2052 1502 2119 64.

1142 2171 1250 2228 168
1277 2173 1337 2227 h.

540 2293 822 2351 Plutarch.
841 2294 1070 2349 Devirt.
1099 2292 1234 2347 mul.
1252 2309 1302 2346 c.
1330 2307 1418 2360 17,
1440 2306 1499 2395 p.
1519 2286 1676 2353 254.
1699 2281 1905 2353 Ναξίοις
1923 2283 2014 2342 καὶ

462 2377 748 2453 Μιλησίοις
781 2376 1002 2448 συνέστη
1032 2375 1257 2452 πόλεμος
1290 2371 1375 2432 διὰ
1403 2372 1497 2444 τὴν
1529 2371 1893 2453 Ὑψικρέοντος
1921 2393 2011 2429 του

463 2463 726 2535 Μιλησίου
756 2471 1006 2541 γυναῖκα,
1039 2460 1294 2540 Νέαιραν.
1326 2457 1472 2532 Αὕτη
1505 2458 1573 2535 γα
1631 2457 1836 2537 ἠράσθη
1866 2459 2012 2536 Προ-

463 2552 703 2628 μέδοντος
726 2549 922 2618 Ναξίου
939 2595 956 2627 ,
979 2548 1070 2607 καὶ
1084 2547 1456 2618 συνέπλευσεν,
1482 2544 1535 2612 ὃς
1590 2569 1617 2602 ν
1636 2544 1731 2624 μὲν
1759 2543 1892 2612 ξένος
1915 2549 2005 2603 τοῦ

462 2637 851 2719 ’,Υψικρέοντος
885 2634 1160 2714 ἐρασθείσῃ
1194 2633 1246 2692 δὲ
1284 2637 1349 2711 τῇ
1387 2631 1594 2711 Νεαίρα
1631 2633 1884 2703 συνῆλθε,
1920 2629 2012 2688 καὶ

462 2724 550 2782 τὸν
576 2723 738 2802 ἄνδρα
765 2719 1088 2801 φοὸουμένην
1112 2717 1401 2796 ἀπαγαγων
1424 2720 1494 2783 εἷς
1513 2716 1719 2789 Νάξον,
1742 2715 1900 2774 ἱκέτιν
1920 2720 2013 2787 τῆς

464 2810 676 2876 Ἑστίας
705 2809 956 2869 ἐκάθισεν.
986 2809 1109 2867 Τῶν
1139 2804 1192 2864 δὲ
1214 2803 1422 2873 Ναξίων
1449 2805 1544 2862 οὔκ
1568 2803 1891 2873 ἐκδιδόντων,
1914 2803 2013 2882 χά-

467 2922 545 2979 ριν
569 2902 658 2955 τοῧ
696 2896 1080 2978 Προμέδοντος,
1123 2893 1292 2961 ἄλλως
1316 2890 1373 2951 δὲ
1394 2890 1712 2969 ποιουμένων
1752 2890 2011 2972 πρόφασιν

464 2984 559 3056 τὴν
599 2983 843 3054 ἱκετείαν,
878 2986 905 3040 ὁ
944 2982 1173 3059 πόλεμος
1210 2979 1452 3051 συνίστη.
1481 2982 1606 3046 Τοῖς
1646 2979 1699 3037 δὲ
1733 2979 2012 3050 Μιλησίοις

464 3071 612 3129 ἄλλοι
626 3092 682 3127 τε
696 3066 898 3141 πολλοὶ,
915 3065 1382 3148 καὶπροθυμότατα
1401 3069 1504 3125 τῶν
1512 3064 1703 3126 Ἰώνων
1716 3065 2013 3146 Ἔρυθραιοι

462 3156 810 3236 συνεμάχουν,
839 3155 931 3214 καὶ
950 3178 1115 3232 μηκος
1139 3153 1262 3234 ἔσχε
1290 3154 1379 3213 καὶ
1408 3152 1740 3234 συμφορὰς’
1704 3175 1925 3231 ηνεγκε
1914 3177 2008 3212 αε-

458 3321 563 3371 set
548 3333 589 3370 is
601 3320 825 3383 piscator,
838 3320 1178 3382 aegreferentes
1195 3318 1369 3381 saepius
1379 3318 1497 3369 iilud
1508 3319 1709 3369 verbum
1729 3333 1758 3369 a
1771 3332 1822 3369 se
1835 3318 2007 3381 audiri,

453 3398 555 3460 jam
578 3397 701 3448 bene
716 3396 880 3460 adpoti
909 3396 971 3446 ad
1000 3408 1111 3445 eum
1138 3398 1453 3456 perrexerunt
1486 3396 1855 3446 comissabundi·
1878 3399 2012 3453 Quos

456 3488 607 3540 quum
633 3473 835 3537 benigne
858 3473 1118 3536 excepisset
1139 3472 1487 3535 Telestagoras,
1528 3473 1593 3523 illi
1617 3475 1667 3523 et
1691 3473 1849 3535 ipsum
1889 3485 2007 3521 con-

453 3551 655 3603 tumelia
671 3551 962 3611 affecerunt,
990 3548 1271 3612 duabusque
1289 3548 1476 3599 filiabus
1496 3549 1744 3599 nubilibus
1762 3549 1862 3598 vim
1885 3549 2010 3598 intu-

455 3628 630 3678 lerunt.
653 3627 839 3685 Quibus
857 3625 1155 3688 indignantes
1178 3625 1345 3685 Naxii.
1368 3626 1568 3689 arreptis
1584 3627 1755 3688 armis,
1777 3626 2008 3688 impetum

454 3708 504 3756 in
526 3707 728 3768 iuvenes
762 3706 952 3756 tecue.
979 3707 1030 3754 et
1060 3704 1274 3754 maxima
1307 3706 1412 3754 tum
1433 3706 1691 3754 exortaest
1727 3704 1921 3765 seditio,
1958 3705 2008 3753 in

454 3796 553 3846 qua
569 3784 772 3845 preerat
792 3781 954 3833 Naxiis
979 3780 1254 3844 Lygdamis,
1269 3780 1353 3844 qui
1370 3781 1432 3831 ab
1449 3780 1574 3830 hoc
1559 3780 1759 3844 imperio
1779 3785 2011 3843 tyrannus

455 3859 624 3924 patriae
642 3859 812 3910 evasit.

1120 3923 1245 3988 [168
1270 3936 1319 3976 a.
1324 3922 1346 3989 3

517 4007 829 4072 [Oligarcbiae
846 4007 1208 4057 commutantur
1230 4007 1422 4058 duobus
1445 4007 1657 4058 maxime
1673 4007 1831 4058 modis
1850 4006 2007 4057 mani-

455 4084 761 4136 festissimis.
792 4097 891 4133 uno
912 4081 1134 4146 quidem,
1154 4083 1195 4133 si
1213 4083 1513 4134 multitudini
1543 4084 1765 4146 injuriam
1784 4084 2006 4135 inierant.

453 4163 624 4220 Quivis
644 4162 771 4213 enim
790 4160 850 4210 ad
869 4158 1143 4210 ducendum
1160 4161 1392 4222 populum
1406 4162 1478 4210 est
1494 4161 1722 4223 idoneus,
1740 4163 2007 4225 praesertim

453 4240 493 4290 si
515 4240 626 4303 quis
656 4252 719 4290 ex
753 4237 866 4300 ipsis
897 4238 1064 4299 paucis
1095 4237 1438 4299 imperantibus
1459 4250 1511 4287 se
1544 4235 1719 4287 ducem
1755 4237 2006 4300 praebeat·

452 4314 890 4379 quemadmodum
876 4327 927 4362 ιιι
942 4314 1098 4364 insula
1116 4317 1252 4365 Naxo
1269 4313 1549 4376 Lygdamis,
1563 4314 1647 4376 qui
1661 4316 1822 4377 postea
1834 4315 2007 4365 Naxio·

450 4404 560 4443 rum
576 4395 808 4454 tyrannus
826 4391 931 4441 mit.
950 4389 971 4455 ]

513 4559 713 4619 Propter
748 4559 965 4608 Neaeram
1008 4557 1365 4622 Hypdcreontis
1398 4557 1565 4609 Milesii
1589 4570 1791 4609 uxorem
1821 4557 2005 4608 bellum

452 4631 578 4680 inter
596 4632 775 4682 Naxios
796 4635 845 4683 et
870 4634 1074 4685 Milesios
1090 4635 1252 4683 ortum
1270 4634 1374 4684 ibit.
1405 4637 1471 4683 Ea
1493 4634 1622 4683 enim
1643 4648 1795 4697 quum
1819 4636 2006 4683 amaret

454 4707 824 4758 Promedontem
850 4712 1055 4760 Naxium
1091 4710 1252 4760 mariti
1286 4710 1361 4760 sui
1395 4711 1660 4773 hospitem,
1685 4723 1859 4773 corpus
1890 4723 2003 4759 cum

452 4797 512 4833 eo
529 4784 749 4846 miscuit,
770 4784 1018 4848 vetitaque
1042 4787 1165 4836 iram
1188 4786 1377 4849 mariti,
1401 4800 1513 4836 cnm
1535 4799 1594 4836 eo
1617 4788 1664 4836 in
1693 4790 1883 4837 Naxum
1911 4799 2003 4836 na·

453 4860 644 4922 vigavit.
666 4864 785 4910 Eam
807 4862 1073 4913 Promedon
1089 4863 1351 4927 supplicem
1373 4866 1534 4913 Vestae
1547 4864 1817 4914 collocavit.
1844 4863 2006 4914 Naxiis

452 4939 614 4987 autem
646 4937 895 4987 mulierem
932 4939 1023 4988 sub
1056 4940 1411 5003 prascriptione
1435 4940 1792 5003 supplicationis
1821 4940 1871 4990 ln
1893 4953 2004 5002 gra·

454 5016 570 5063 tiam
594 5012 922 5064 Promedontis
954 5025 1048 5064 non
1084 5015 1392 5077 dedentibus,
1411 5016 1591 5066 bellum
1614 5017 1743 5079 quod
1766 5016 1865 5066 dixi
1895 5030 2005 5067 con·

454 5092 622 5141 ilatum
640 5093 729 5142 est.
755 5091 946 5143 Milesiis
974 5106 1124 5156 quum
1148 5093 1228 5143 alii
1246 5093 1413 5154 multi,
1442 5096 1549 5144 tum
1570 5098 1742 5144 ionum
1759 5095 2005 5145 studiosis-

451 5169 572 5220 sime
606 5169 839 5232 Erythraei
876 5169 1054 5224 auxilia
1087 5169 1328 5234 tulerunt,
1359 5170 1640 5235 bellumque
1664 5172 1753 5221 lioc
1788 5174 2002 5222 tracium

2102 623 2319 696 συνέστη
2338 624 2421 682 διὰ
2432 623 2740 703 μοχθηρίαν.
2759 623 3036 702 Διόγνητος
3049 623 3151 704 γὰρ
3170 629 3198 683 ὁ
3213 628 3314 683 τῶν
3331 625 3656 706 Ἐρυθραίων

2102 711 2423 792 στρατηγὸς,
2457 712 2593 790 ἔχων
2634 710 2724 770 καὶ
2751 710 3163 783 πεπιστευμένος
3191 711 3357 792 ἔρυμα
3398 713 3534 774 κατὰ
3561 720 3656 787 τῆς

2101 798 2308 868 Ναξίων
2327 800 2526 865 πόλεως
2542 789 2602 856 εὖ
2627 797 2853 879 πεφυκὸς
2875 798 2965 857 καὶ
2993 799 3497 878 κατεσκευασμένον,
3525 805 3657 874 ἠλά·

2103 910 2233 947 σατο
2253 885 2398 945 λείαν
2425 888 2528 943 τῶν
2559 884 2767 954 Ναξίων
2791 883 3012 961 πολλὴν,
3048 886 3138 944 καὶ
3168 895 3417 963 γυναῖκας
3446 890 3655 948 ἐλευθέ-

2105 997 2219 1054 ρους
2261 972 2352 1032 καὶ
2392 971 2674 1054 παρθένους
2719 970 2922 1032 ἔλαὸεν.
2952 962 3056 1031 ’Ὧν
3101 982 3258 1050 μιας,
3298 975 3654 1054 Πολυκρίτης,

2103 1059 2355 1142 ἐρασθεὶς,
2397 1052 2535 1139 εἶχεν
2579 1057 2742 1131 αυτὴν
2786 1060 2887 1138 ουχ
2924 1061 2994 1127 ὡς
3034 1059 3398 1138 αἰχμάλωτον,
3445 1064 3565 1120 ἀλλ’
3597 1067 3649 1123 ἐν

2103 1145 2243 1214 τάξει
2286 1150 2517 1224 γαμετῆς
2561 1145 2820 1223 γυναικός.
2869 1144 3090 1227 Ἑορτῆς
3131 1144 3186 1206 δὲ
3230 1155 3335 1213 τοῖς
3377 1150 3659 1222 Μιλησίοις

2101 1232 2428 1305 καθηκούσης
2448 1235 2499 1291 ἐν
2522 1236 2586 1311 τῇ
2603 1240 2856 1312 στρατιᾷ,
2875 1254 2966 1290 και
2984 1255 3110 1312 προς
3128 1232 3281 1291 πόσιν
3302 1234 3546 1293 ἁπάντων
3562 1238 3653 1295 καὶ

2108 1320 2377 1388 συνουσίας
2403 1319 2763 1402 τραπομένων,
2795 1318 3033 1399 ἠρώτησε
3055 1343 3140 1379 τον
3170 1320 3449 1431 Διόγνητον
3469 1327 3503 1394 ἡ
3535 1326 3651 1385 Πο-

2100 1408 2346 1488 λυκρίτη,
2383 1409 2455 1484 μή
2503 1431 2554 1467 τι
2599 1407 2792 1466 κωλύοι
2825 1408 3118 1487 πεμμάτων
3151 1408 3362 1491 μερίδας
3406 1410 3651 1490 ἀποπέμ-

2103 1499 2199 1575 ψαι
2219 1519 2323 1563 τοις
2346 1496 2583 1575 ἀδελφοῖς
2621 1497 2795 1565 αυτῆς.
2827 1494 3234 1575 Ἐπιτρέψαντος
3261 1497 3305 1555 δ’
3332 1496 3525 1556 ἐκείνου
3561 1499 3651 1556 καὶ

2102 1584 2439 1649 κελεύσαντος
2452 1628 2469 1658 ,
2491 1580 2704 1640 ἐνέὸαλε
2725 1580 3019 1657 μολίὸδινον
3036 1583 3417 1662 γραμματίδιον
3436 1586 3507 1650 εἷς
3522 1589 3655 1643 πλα·

2100 1692 2326 1743 κουντα,
2370 1667 2664 1727 κελεύσασα
2692 1665 2891 1747 φράσαι
2925 1666 3014 1725 τὸν
3037 1669 3317 1744 κομίζοντα
3349 1678 3452 1738 τοῖς
3493 1672 3652 1730 ἀδελ-

2103 1758 2240 1834 φοῗς,
2271 1755 2411 1823 ὅπως
2438 1753 2585 1813 αὐτοὶ
2609 1752 2757 1831 μόνοι
2796 1755 3239 1815 καταναλώσωσιν
3267 1757 3299 1815 ἃ
3324 1758 3547 1839 ἔπεμψε.
3580 1762 3651 1820 Οἱ

2105 1846 2151 1903 δ’
2174 1844 2468 1924 ἐντυχόντες
2491 1846 2565 1921 τῷ
2595 1841 2857 1921 μολίὸδῳ,
2880 1864 2971 1900 και
2997 1842 3064 1901 τὰ
3082 1844 3373 1924 γράμματα
3403 1871 3493 1913 της
3539 1850 3650 1906 Πο-

2102 1928 2348 2008 λυκρίτης
2375 1927 2699 2006 ἀναγνόντες,
2726 1926 3037 2001 κελευούσης
3053 1930 3234 1999 νυκτὸς
3256 1930 3522 1990 ἐπιθέσθαι
3545 1942 3652 2000 τοῖς

2103 2015 2464 2093 πολεμίοις,ὥ
2419 2039 2490 2081 ως
2509 2014 2607 2073 ὑπὸ
2635 2015 2793 2094 μέθης
2819 2013 2905 2073 διὰ
2926 2015 3022 2088 τὴν
3045 2016 3225 2097 ἑορτὴν
3255 2017 3651 2124 ἐξημελημένων

2102 2101 2331 2176 πάντων,
2353 2101 2738 2211 προσήγγειλαν
2761 2110 2865 2169 τοῖς
2880 2110 3218 2182 στρατηγοῖς,
3241 2102 3328 2160 καὶ
3356 2102 3655 2184 παρώρμη-

2103 2211 2200 2247 σαν
2219 2187 2433 2256 ἐξελθεῖν
2462 2188 2575 2266 uz?
2598 2190 2786 2249 αὐτῶν.
2816 2187 3050 2257 Ἄλόντος
3074 2188 3128 2248 δὲ
3152 2214 3243 2249 του
3296 2191 3490 2271 χωρίου
3510 2236 3526 2264 ,
3557 2192 3650 2250 καὶ

2102 2278 2311 2335 πολλῶν
2359 2274 2764 2356 διαφθαρέντων,
2819 2275 3106 2355 ἐξῃτήσατο
3148 2277 3234 2336 τὸν
3281 2278 3561 2361 Διόγνητον
3613 2286 3651 2350 ἡ

2106 2362 2406 2442 Πολυκρίτη
2447 2363 2591 2444 παρὰ
2632 2366 2736 2421 τῶν
2782 2364 3029 2437 πολιτῶν,
3071 2387 3161 2423 και
3198 2363 3416 2424 διέσωσε
3395 2388 3470 2425 ν.
3502 2365 3648 2437 Αὗτὴ

2102 2450 2157 2508 δὲ
2199 2450 2344 2561 apog„
2366 2453 2481 2519 ταῖς
2506 2451 2694 2518 πύλαις
2716 2450 2968 2529 γενομένη
2998 2451 3114 2518 τους
3142 2453 3414 2521 πολίταις’
3386 2458 3651 2515 απαντῶν-

2100 2561 2191 2605 τας
2215 2540 2344 2617 αὐτῇ
2359 2581 2375 2609 ,
2399 2538 2530 2615 μετὰ
2552 2547 2720 2619 χαρᾶς
2739 2538 2828 2597 καὶ
2849 2539 3113 2620 στεφάνων
3136 2539 3539 2619 υποδεχομὲνους
3561 2540 3656 2598 καὶ

2101 2625 2493 2703 θαυμάζοντας,
2519 2628 2614 2684 οὔκ
2640 2626 2827 2705 ἤνεγκε
2853 2626 2915 2686 τὸ
2943 2626 3157 2735 μέγεθος
3181 2651 3273 2699 της
3294 2636 3494 2708 χαρᾶς,
3528 2629 3645 2686 ἀλλ’

2103 2711 2356 2771 ἀπέθανεν
2388 2714 2547 2773 αὖτου
2589 2736 2824 2773 πεσουσα
2850 2738 2970 2794 περι
2991 2714 3085 2787 τὴν
3117 2713 3313 2786 πύλην·
3342 2714 3469 2773 ὅπου
3496 2716 3651 2774 τέθα·

2100 2823 2261 2873 πται,
2288 2822 2377 2858 και
2397 2802 2635 2860 καλεῖται
2657 2802 2919 2880 βασκάνου
2947 2801 3107 2883 τάφος
3127 2846 3142 2874 ,
3169 2806 3237 2868 ὥς
3266 2802 3507 2881 βασκάνω
3542 2826 3647 2860 τινι

2099 2889 2233 2996 τύχη
2257 2885 2352 2958 τὴν
2380 2887 2706 2969 Πολυκρίτην
2747 2888 3082 2968 φθονηθεῖσαν
3109 2890 3399 2947 ἀπολαῦσαι
3430 2891 3530 2945 τῶν
3563 2912 3643 2945 τι·

2100 2980 2230 3054 μῶν.
2278 2974 2435 3037 Οὕτω
2484 2975 2577 3053 μὲν
2625 2977 2672 3034 οἳ
2713 2976 2920 3045 Ναξίων
2975 2980 3277 3056 συγγραφεῖς
3321 2977 3644 3054 ἱστοροῦσιν

2098 3068 2126 3123 ὃ
2150 3063 2194 3122 δ’
2216 3063 2568 3143 Ἀριστοτέλης
2591 3063 2767 3143 φησὶν,
2792 3065 2901 3122 οὐδ’
2928 3063 3150 3135 ἁλούσης
3169 3087 3258 3134 της
3287 3062 3642 3141 Πολυκρίτης,

2102 3152 2274 3220 ἄλλως
2317 3150 2375 3210 δέ
2411 3175 2522 3218 πως
2557 3152 2731 3210 ἰδόντα
2772 3151 2859 3210 τὸν
2903 3152 3174 3232 Διόγνητον
3214 3154 3522 3233 ἐρασθηναι,
3553 3151 3647 3208 καὶ

2100 3318 2283 3380 magnis
2304 3317 2682 3379 calamitatibus,
2707 3317 2902 3368 tandem
2916 3320 3096 3368 virtute
3117 3319 3327 3372 mulieris
3346 3317 3528 3368 finitum
3547 3323 3650 3378 est

2098 3395 2240 3444 sicuti
2277 3396 2486 3457 cmperat
2523 3395 2739 3445 mulieris
2777 3396 2841 3445 ob
2883 3397 3182 3461 firmitatem.
3225 3396 3484 3459 Diognetus
3525 3400 3647 3458 Ery-

2098 3473 2357 3521 tbi-morum
2384 3470 2486 3520 dux
2510 3471 2822 3522 munitionem
2847 3472 3088 3536 quandam
3131 3472 3220 3522 sibi
3256 3473 3554 3523 commissam
3578 3477 3651 3522 te-

2098 3550 2258 3611 nebat,
2275 3551 2541 3613 opportune
2557 3549 2818 3600 admodum
2832 3553 3000 3600 contra
3013 3551 3276 3602 Naxiorum
3293 3552 3461 3602 urbem
3479 3553 3654 3612 sitam·,

2097 3625 2260 3689 itaque
2290 3630 2339 3676 et
2355 3640 2575 3689 magnam
2599 3627 2764 3677 Naxiis
2779 3628 2992 3690 praedam
3015 3628 3238 3688 abstulit,
3278 3632 3328 3679 et
3351 3629 3576 3679 mulieres
3594 3643 3651 3679 ac

2096 3702 2300 3766 virgines
2321 3703 2509 3753 liberas.
2534 3706 2717 3753 Harum
2736 3717 2911 3766 unam,
2931 3704 3123 3753 nomine
3149 3705 3459 3768 Polycritam,
3486 3719 3651 3755 amore

2097 3783 2290 3844 captus,
2326 3793 2491 3832 secum
2525 3795 2620 3831 non
2650 3784 2706 3831 ιιι
2736 3781 2999 3843 captivam,
3033 3781 3115 3830 sed
3139 3782 3303 3830 uxoris
3325 3783 3431 3831 loco
3463 3782 3646 3831 babuit.

2097 3860 2269 3909 Evenit
2291 3861 2347 3909 ut
2380 3859 2430 3908 in
2454 3859 2623 3909 castris
2646 3859 2937 3909 Milesiorum
2967 3858 3067 3908 dies
3088 3860 3307 3921 ageretur
3342 3859 3543 3909 festus:
3531 3860 3641 3908 i·bi

2096 3948 2249 3998 quum
2263 3949 2430 3988 omnes
2451 3937 2634 4000 poculis
2654 3939 2808 3986 essent
2819 3949 2878 3986 ac
2894 3934 3123 3985 conviviis
3143 3934 3308 3998 dediti,
3329 3929 3647 4000 rogavit'Dio-

2096 4017 2290 4075 gnetum
2311 4014 2574 4076 Polycrita,
2603 4020 2657 4062 ut
2671 4013 2834 4062 liceret
2851 4010 2938 4062 sibi
2958 4012 3185 4062 fratribus
3207 4016 3368 4076 partes
3394 4014 3643 4076 placenta-

2098 4104 2203 4139 rum
2216 4091 2423 4142 mittere.
2446 4095 2705 4154 Quumque
2718 4088 3358 4153 ispermitteretacjuberet
3369 4091 3647 4154 plumbeam

2097 4169 2320 4219 tabellam
2346 4171 2579 4234 placentae
2611 4168 2836 4230 inseruit,
2855 4167 3083 4218 mandato
3108 4168 3151 4219 ei
3175 4169 3258 4232 qui
3283 4183 3391 4221 eam
3420 4170 3650 4221 iratribus

2094 4245 2348 4310 asserebat,
2377 4249 2433 4296 ut
2466 4246 2593 4297 solos
2620 4245 2745 4297 vesci
2775 4245 2966 4308 juberet
2987 4246 3162 4297 fratres
3185 4247 3242 4297 iis
3271 4261 3384 4311 quae
3407 4248 3648 4298 mittebat.

2097 4322 2157 4372 Hi
2175 4335 2327 4385 quum
2359 4322 2668 4374 offendissent
2694 4323 2920 4374 tabellam
2946 4324 2996 4374 et
3009 4323 3230 4386 legissent
3264 4339 3375 4388 quae
3399 4326 3649 4389 scripserat

2097 4401 2334 4463 Polycrita
2359 4401 2676 4465 (hortabatur
2696 4404 2858 4453 autem
2889 4405 2945 4452 ιιι
2975 4406 3122 4454 noctu
3147 4403 3306 4453 hostes
3329 4403 3646 4466 adorirentur,

2095 4478 2158 4528 ob
2188 4480 2463 4530 ebrietatem
2502 4480 2622 4530 sesto
2643 4480 2723 4530 die
2754 4483 3053 4531 contractam
3090 4483 3232 4546 plane
3261 4483 3478 4533 socordia
3497 4483 3648 4533 disso-

2095 4555 2276 4619 lutos),
2295 4569 2399 4606 rem
2416 4555 2622 4606 ducibus
2651 4556 2915 4607 Naxiorum
2939 4559 3353 4622 significaverunt,
3374 4561 3423 4609 et
3452 4573 3646 4622 permo-

2094 4634 2269 4683 verunt
2300 4637 2357 4683 ut
2392 4645 2556 4683 secum
2580 4633 2772 4683 exirent
2800 4635 2868 4685 rei
2904 4635 3122 4698 gerendae
3140 4649 3304 4686 causa.
3333 4639 3579 4699 occupato
3618 4650 3648 4687 a

2097 4711 2259 4761 Naxiis
2292 4709 2513 4772 castello,
2551 4710 2812 4775 multisque
2846 4712 3055 4763 hostium
3093 4713 3383 4775 intersectis,
3415 4713 3658 4775 Diogneto

2093 4786 2315 4849 precibus
2327 4747 2567 4849 Polym-ita
2584 4799 2615 4836 a
2631 4787 2819 4838 civibus
2835 4788 3105 4852 impetravit
3124 4790 3343 4840 salutem.
3368 4794 3469 4853 ipsa
3486 4791 3656 4840 autem

2094 4863 2278 4913 civibus
2295 4862 2357 4913 ad
2387 4865 2575 4926 portam
2605 4865 2973 4915 occurrentibus
2988 4877 3162 4929 magno
3180 4879 3293 4915 cum
3315 4866 3513 4929 gaudio,
3543 4868 3649 4916 col·

2094 4939 2497 5002 laudantibusque
2530 4942 2579 4989 et
2609 4943 2740 4991 serta
2777 4940 3066 5001 serentibus,
3103 4942 3436 5005 magnitudine
3469 4942 3650 4993 loeuuae

2096 5015 2392 5076 exanimata,
2413 5016 2463 5065 in
2494 5016 2595 5078 ipsa
2630 5019 2769 5079 porta
2804 5016 3014 5067 concidit
3035 5020 3264 5068 mortua.
3295 5022 3440 5083 atque
3472 5018 3536 5069 ibi
3569 5033 3648 5070 se-

2095 5094 2230 5156 pulta
2251 5095 2352 5154 est,
2373 5094 2422 5143 et
2440 5095 2792 5145 monimentum
2817 5094 2920 5156 ejus
2936 5098 3140 5145 vocatur
3159 5098 3359 5147 Livoris
3380 5097 3648 5147 tumulus.-

2093 5170 2224 5234 quod
2243 5168 2418 5220 invidia
2439 5169 2647 5232 quadam
2667 5170 2874 5226 fortunae
2894 5172 3125 5223 fascinata
3145 5173 3383 5236 Polym-ita
3399 5176 3649 5236 putaretur
