4016 5916
1498 342 1945 406 CLEARCHUS
1987 346 2364 408 SOLENSIS.

348 475 813 549 populorumque
857 482 1182 542 exerceant,
1241 473 1563 529 ostenderet
1608 485 1778 548 atque
1822 476 1899 531 sic

348 564 474 618 vitae
511 563 723 636 optime
745 560 1097 617 instituendae
1125 562 1271 615 viam
1295 572 1652 618 monstraret.
1685 563 1902 622 Certius

346 661 533 705 tamen
561 648 833 723 quiddam
856 649 1022 704 statui
1046 649 1139 704 vix
1161 659 1365 722 potest,
1386 665 1563 721 quum
1590 649 1901 724 fragmenta

344 749 560 794 tantum
590 756 708 793 non
738 738 927 793 omnia
954 734 1223 792 fluxerint
1249 755 1319 792 ex
1355 738 1624 792 Athenaeo
1674 740 1899 813 Dipno·

343 826 623 900 sophista,
656 826 756 898 qui
792 843 969 898 quum
1003 842 1068 881 ea
1102 834 1317 880 tantum
1359 825 1635 896 attulerit,
1667 844 1790 900 quae
1827 826 1901 883 ad

346 932 467 968 rem
495 932 649 969 suam
675 913 948 981 facerent,
992 913 1222 968 minime
1242 911 1375 968 inde
1397 915 1649 986 sequitur
1681 916 1900 989 reliqua

335 1001 591 1058 Clearchi
625 1001 813 1056 omnia
836 999 1083 1072 ejusdem
1106 1000 1271 1055 fuisse
1293 1002 1530 1075 generis.

422 1090 750 1146 Ceterorum
804 1107 1040 1163 operum
1088 1099 1415 1163 argumenta
1468 1090 1598 1162 ipsis
1650 1090 1899 1163 reliquiis

338 1179 470 1233 satis
497 1177 868 1233 declarantur.
905 1178 1040 1248 Quae
1080 1177 1280 1249 utique
1325 1177 1509 1231 virum
1558 1195 1759 1250 magna
1790 1177 1896 1232 do-

340 1267 536 1320 ctrinae
561 1265 829 1320 varietate
858 1265 1191 1319 instructum
1226 1261 1500 1337 produnt.
1540 1264 1684 1318 Eum
1722 1264 1898 1319 multa

350 1353 727 1427 peripateticae
760 1352 1031 1407 doctrinas
1069 1351 1293 1407 decreta
1324 1352 1653 1424 pervertisse
1691 1348 1895 1425 (πολλὰ

338 1442 435 1497 τοῦ
495 1435 782 1517 περιπάτου
851 1433 1174 1517 παρέτρεψεν
1203 1437 1220 1514 )
1288 1448 1520 1494 testatur
1570 1438 1897 1495 Plutarchus

340 1524 361 1603 ζ
378 1527 450 1585 fr.
499 1523 572 1596 76
592 1524 633 1602 l.
663 1527 859 1584 Oratio
889 1545 1008 1582 non
1049 1537 1202 1582 caret
1230 1525 1586 1597 jucunditate
1623 1526 1893 1599 quadam,

334 1623 395 1670 at
422 1633 538 1670 non
559 1616 747 1671 nativa
783 1615 910 1690 illa,
934 1613 1034 1670 sed
1056 1613 1284 1670 aliunde
1314 1614 1477 1669 allata
1514 1622 1571 1668 et
1613 1613 1888 1669 affectata.

344 1703 603 1775 Denique
624 1702 1178 1777 Scliweighaeuserus,
1200 1701 1446 1757 severius
1471 1698 1567 1756 ille
1591 1700 1820 1775 quidem
1840 1711 1895 1756 at

337 1808 456 1844 non
477 1807 707 1864 prorsus
741 1791 958 1864 inique,
989 1791 1063 1844 ita
1092 1788 1310 1861 judicat
1340 1787 1443 1863 (ad
1478 1788 1684 1844 Athen.
1713 1789 1889 1857 XIII,

336 1897 394 1951 p.
425 1896 525 1949 τοι
546 1919 564 1948 ,
588 1875 651 1955 C)
677 1897 690 1933 t
722 1903 746 1927 ν
773 1877 1175 1934 clearchum...
1198 1879 1395 1951 saepius
1422 1875 1636 1932 fatuum
1655 1877 1893 1950 scripto·

340 1983 458 2020 rem
494 1977 552 2021 et
582 1966 792 2040 partim
816 1966 873 2019 in
901 1963 1301 2039 exaggerandis
1336 1964 1632 2038 partimin
1658 1972 1893 2019 contor-

335 2053 574 2125 quendis
626 2053 795 2108 rebus
826 2097 840 2122 ,
884 2070 1021 2126 quas
1074 2053 1338 2126 attingit,
1393 2052 1649 2125 ineptum
1689 2051 1894 2124 depre-

337 2139 654 2199 hendimus.
690 2163 713 2190 υ
758 2139 845 2196 Cf.
875 2139 1037 2196 Idem
1078 2140 1136 2194 in
1176 2139 1374 2195 Indice
1402 2157 1459 2198 v.
1496 2140 1800 2196 Clearchus
1837 2151 1891 2195 et

341 2229 545 2301 passim
573 2230 630 2283 in
658 2228 1099 2285 Commentariis·

997 2535 1241 2613 BlOI.

806 2733 851 2787 Ε
888 2731 1111 2788 LIBRO
1153 2732 1406 2787 PRIMO.

1088 2898 1110 2935 1
1124 2919 1139 2935 .

414 3021 711 3078 Athenaeus
727 3022 826 3091 vl,
844 3040 901 3095 p.
925 3020 1152 3092 234‚1·':
1176 3016 1444 3097 Κλέαρχος
1460 3018 1505 3076 δ’
1534 3021 1563 3076 ὁ
1587 3016 1799 3092 Σολεὺς,
1820 3010 1890 3088 εἷς

330 3110 381 3167 δ’
411 3099 553 3174 οὗτος
578 3108 680 3165 τῶν
708 3104 1090 3185 Ἀριστοτέλους
1109 3104 1219 3165 ἐστὶ
1242 3108 1508 3183 μαθητῶν,
1531 3107 1582 3165 ἐν
1600 3108 1674 3188 τῷ
1693 3106 1888 3188 πρώτῳ

334 3198 441 3255 τῶν
479 3193 613 3255 Βίων
652 3192 778 3252 τάδε
805 3192 1023 3274 γράφει·
1053 3221 1077 3248 ι
1099 3189 1227 3254 Ἔτι
1256 3190 1309 3252 Sl
1339 3191 1629 3273 παράσιτον
1662 3199 1752 3253 νῦν
1789 3194 1883 3271 μὲν

332 3282 422 3343 τὸν
444 3281 654 3359 ἄτιμον,
673 3280 792 3341 τότε
811 3279 865 3340 δὲ
894 3280 982 3341 τὸν
1010 3283 1080 3349 εἷς
1102 3280 1160 3340 τὸ
1185 3279 1438 3357 συμὸιοῦν
1466 3280 1882 3360 κατειλεγμένον.

340 3370 437 3431 Ἐν
461 3374 583 3447 γοῦν
603 3370 708 3435 τοῖς
720 3370 970 3435 παλαιοῖς
993 3369 1169 3446 νόμοις
1198 3370 1253 3427 αἱ
1277 3368 1521 3427 πλεῖσται
1548 3371 1651 3427 τῶν
1673 3369 1871 3428 πόλεων

336 3456 412 3516 ἔτι
433 3456 524 3515 καὶ
552 3455 777 3536 τήμερον
801 3464 915 3523 ταῖς
949 3455 1308 3528 ἐντιμοτάταις
1337 3456 1523 3536 ἀρχαῖς
1546 3456 1878 3534 συγκαταλέ-

330 3569 480 3625 γουσι
506 3545 842 3626 παρασίτους.
877 3570 904 3598 n

412 3633 630 3713 ἄτιμον]
650 3636 729 3691 sic
756 3653 866 3710 pro
893 3635 1117 3710 vulgata
1149 3630 1353 3710 ἕτοιμον
1380 3635 1743 3691 scribendum
1772 3654 1887 3691 esse

332 3725 595 3780 viderunt
643 3724 937 3780 Piersonus
983 3722 1057 3779 ad
1091 3724 1257 3781 Moer.
1294 3742 1356 3797 p.
1419 3721 1530 3779 332
1574 3735 1632 3779 et
1680 3724 1882 3797 Coi-ay.

331 3833 424 3888 ap.
465 3812 778 3887 Schweigh.
811 3811 885 3868 ad
916 3812 976 3866 h.
1015 3810 1055 3865 l.
1099 3821 1154 3866 et
1188 3812 1465 3867 Prellerus
1509 3810 1583 3868 ad
1620 3812 1886 3867 Polemo—

330 3921 461 3958 nem
508 3920 564 3974 p.
606 3918 714 3955 120
738 3940 754 3968 ,
784 3898 883 3954 ubi
904 3899 1021 3954 haec
1045 3915 1061 3957 τ
1101 3922 1125 3948 «ι
1150 3898 1411 3955 Ceterum
1438 3898 1737 3985 Clearchus
1765 3917 1882 3953 non

794 4067 840 4125 Ε
883 4065 1112 4126 Lumo
1147 4064 1407 4126 PRIMO.

397 4276 657 4327 Clearchus
684 4275 917 4335 Solensis,
948 4288 1077 4325 unus
1106 4274 1187 4324 ille
1218 4287 1280 4324 ex
1316 4272 1581 4324 Aristotelis
1616 4271 1886 4334 discipulis,

334 4354 553 4403 vitarum
576 4350 700 4402 libro
718 4351 1060 4415 primo-scribit
1091 4351 1198 4401 hmo
1224 4365 1238 4400 :
1267 4368 1293 4401 ε
1329 4352 1567 4399 Praeterea
1584 4351 1889 4412 parasitum

335 4444 466 4481 nunc
502 4429 699 4495 quidem
735 4430 980 4481 hominem
1017 4431 1193 4479 vocant
1213 4428 1357 4479 vilem
1394 4431 1445 4478 et
1470 4426 1746 4491 ignobilem,
1772 4425 1888 4475 olim

338 4523 451 4560 vero
470 4522 580 4560 eum
597 4508 682 4572 qui
706 4510 828 4559 esset
848 4508 909 4557 ad
933 4507 1209 4558 convictum
1230 4508 1498 4570 cooptatus.
1519 4506 1663 4555 certe
1686 4503 1889 4554 vetustis

336 4588 516 4652 legibus
527 4588 766 4651 pleraeque
780 4586 998 4637 civitates
1010 4623 1025 4649 ,
1045 4587 1191 4649 atque
1207 4585 1354 4635 etism
1373 4583 1433 4634 sd
1456 4584 1584 4633 hunc
1597 4582 1726 4633 dlem
1743 4581 1888 4647 [non-

336 4664 509 4730 nullm]
528 4662 903 4714 honor-tudinis
918 4658 1276 4725 magistratibus
1309 4661 1561 4709 accensent
1579 4656 1834 4709 Par-ositos.
1863 4676 1888 4701 n

747 4779 793 4839 E
834 4777 1064 4838 LIBRO
1106 4772 1475 4837 SECUNDO.

1079 4878 1133 4927 2.

400 4960 664 5013 Euxitheus
682 4959 1050 5023 Pythagoricae,
1077 4960 1135 5008 ut
1158 4957 1225 5008 ait
1256 4955 1517 5009 Clearchus
1553 4952 1892 5018 Peripateticus

340 5037 548 5089 secundo
564 5037 688 5088 libro
712 5037 964 5098 vitarum,
994 5035 1197 5098 illigatas
1227 5034 1352 5084 dixit
1374 5046 1476 5084 esse
1505 5031 1694 5096 corpori
1721 5033 1770 5081 et
1790 5032 1888 5081 ter·

343 5128 468 5167 reme
493 5115 606 5167 vitae
636 5114 847 5177 animas,
885 5126 1041 5178 poenoe
1069 5124 1235 5163 caussa
1268 5114 1359 5163 zet
1392 5109 1598 5162 edixisse
1630 5108 1802 5170 deum,
1840 5107 1888 5158 ni

3422 367 3532 417 30³

1989 477 2062 533 de
2087 479 2528 536 sacerdotalibus
2557 481 2663 536 illis
2689 484 3026 556 epulonibus
3042 527 3057 553 ,
3090 486 3160 542 de
3184 488 3388 560 quibus
3413 502 3543 546 sunt

1990 579 2176 623 cetera
2217 569 2466 623 Athenaei
2498 571 2812 624 testimonia
2847 569 2869 647 (
2901 590 2932 626 e
2987 573 3292 631 Polemone
3320 579 3536 651 petita)

1988 654 2149 728 loqui
2175 654 2419 724 videtur,
2457 674 2654 712 verum
2682 656 2754 712 de
2783 658 2847 712 iis
2876 660 2974 731 qui
2998 662 3169 735 vulgo
3205 663 3541 720 dicebantur

1988 739 2221 799 ἀείσιτοι.
2240 743 2323 798 Cf.
2343 744 2655 798 Aristotelis
2673 745 2841 819 Resp.
2861 746 3064 803 Athen.
3081 748 3147 803 sr.
3164 756 3233 818 47
3249 750 3324 818 b.;
3338 752 3539 808 Thom.

1986 831 2137 906 Mag.
2180 849 2241 905 p.
2276 830 2389 886 280
2428 831 2519 886 ed.
2552 833 2791 901 Ritsch„
2829 835 3019 889 Moeris
3061 854 3118 909 p.
3153 835 3263 891 322
3305 840 3475 894 Piers.
3513 858 3529 894 z

1990 916 2343 995 Παρασίτους,
2371 915 2492 984 τοὺς
2528 917 2753 997 δημοσία
2783 919 3112 996 σιτουμένους
3140 924 3192 978 ἐν
3228 925 3302 1002 τῷ
3342 946 3542 1002 πρυτα·

1986 1004 2105 1084 νείῳ
2133 1003 2386 1076 Ἀττικοί,
2418 1008 2608 1081 quales
2645 1019 2803 1063 erant
2843 1020 3045 1083 praeter
3081 1023 3346 1084 prytanes
3387 1014 3542 1087 lega-

1990 1104 2189 1167 tosque
2227 1095 2559 1170 peregrinos
2597 1095 2914 1151 sacerdotes
2953 1098 3248 1168 Eleusinii,
3290 1100 3400 1157 alii.
3450 1100 3535 1157 Cf.

1985 1177 2160 1256 Corp‘.
2184 1184 2389 1237 Inscrr.
2414 1201 2476 1239 n.
2515 1201 2623 1256 190
2644 1200 2763 1256 sqq.
2773 1224 2790 1253 ‚
2821 1186 2892 1240 W
2898 1194 3233 1241 estermann.
3265 1188 3352 1243 De
3373 1188 3540 1262 publ.

1984 1268 2192 1327 Athen.
2216 1270 2422 1327 honor.
2453 1267 2637 1348 (Lips.
2679 1268 2864 1347 1830)
2894 1289 2955 1345 p.
2986 1269 3058 1338 45
3087 1290 3214 1346 sqq.
3254 1298 3276 1322 ι.
3545 1267 3554 1276 “

2407 1427 2453 1481 Ε
2495 1427 2718 1484 LIBRO
2759 1427 3113 1486 SECUNDO.

2734 1586 2791 1628 2.

2063 1696 2222 1752 Idem
2251 1699 2343 1767 1v‚
2375 1716 2436 1771 p.
2470 1696 2605 1768 157,
2625 1697 2667 1754 C
2691 1717 2704 1753 ε
2741 1694 2976 1763 Εὐξίθεος
3005 1700 3034 1755 ὁ
3063 1697 3444 1779 Πυθαγορικὸς,
3472 1700 3542 1767 ὥς

1982 1804 2109 1861 φησι
2137 1780 2409 1861 Κλέαρχος
2430 1784 2457 1839 ὁ
2484 1782 2888 1859 περιπατητικὸς
2911 1786 2964 1841 ἐν
2985 1783 3205 1864 δευτέρῳ
3233 1785 3389 1857 Βίων,
3419 1786 3533 1845 ἔλε-

1979 1892 2067 1947 γεν
2096 1867 2386 1928 ἐνδεδέσθαι
2410 1872 2483 1950 τῷ
2513 1868 2719 1945 σώματι
2750 1871 2840 1927 καὶ
2863 1872 2939 1950 τῷ
2965 1871 3090 1949 τῇδε
3126 1871 3225 1952 βίῳ
3247 1871 3337 1940 τὰς
3365 1874 3539 1933 ἁπάν-

1980 1979 2085 2014 των
2110 1953 2284 2036 ψυχὰς
2318 1957 2572 2037 τιμωρίας
2610 1954 2782 2037 χάριν,
2816 1958 2906 2015 καὶ
2941 1958 3237 2017 διείπασθαι
3265 1960 3354 2018 τὸν
3386 1962 3531 2032 θεὸν,

1974 2046 2051 2112 ὡς
2070 2086 2086 2117 ,
2124 2044 2169 2100 εἰ
2195 2041 2269 2119 μὴ
2311 2048 2551 2119 μενοῦσιν
2579 2044 2666 2103 ἐπὶ
2695 2044 2894 2112 τούτοις
2913 2089 2931 2120 ,
2968 2045 3062 2111 ἕως
3089 2044 3206 2104 ἄν’
3182 2045 3315 2106 εκὼν
3353 2048 3537 2116 αὐτους

1978 2129 2134 2209 λυσῃ,
2153 2128 2338 2188 πλέοσι
2361 2153 2449 2188 και
2469 2129 2695 2206 μείζοσιν
2713 2133 3060 2206 ἐμπεσοῦνται
3079 2133 3195 2191 τότε
3214 2133 3421 2210 λύμαις.
3441 2135 3538 2193 Διὸ

1979 2213 2206 2289 πάντας,
2235 2216 2646 2295 ευλαὸουμένους
2668 2218 2762 2290 τὴν
2790 2222 2889 2277 τῶν
2914 2218 3107 2299 κυρίων
3133 2219 3406 2293 ἀνάτασιν,
3443 2245 3534 2300 φο-

1982 2305 2187 2363 ὅεῖσθαι
2217 2327 2306 2364 του
2333 2309 2424 2377 ζῆν
2453 2302 2663 2371 ἑκόντας
2699 2305 2947 2378 ἕκὸῆναι,
2973 2306 3129 2381 μόνον
3169 2331 3225 2367 τε
3256 2308 3342 2366 τὸν
3372 2312 3425 2368 ἐν
3458 2313 3532 2389 τῷ

1977 2391 2115 2473 γήρᾳ
2136 2390 2355 2452 θάνατον
2385 2393 2658 2460 ἀσπασίως
2681 2391 3030 2473 προΐστασθαι
3063 2393 3400 2474 (προσίεσθαι
3427 2398 3536 2454 Ca-

1975 2482 2133 2541 saub.
2150 2486 2191 2553 ),
2206 2480 2580 2557 πεπεισμένους
2597 2480 2694 2553 τὴν
2715 2482 2966 2541 ἀπόλυσιν
2983 2486 3074 2554 τῆς
3092 2486 3262 2564 ψυχῆς
3287 2482 3420 2560 μετὰ
3436 2487 3529 2554 τῆς

1978 2569 2082 2624 τῶν
2109 2566 2299 2647 κυρίων
2338 2568 2604 2646 γίγνεσθαι
2622 2567 2852 2646 γνώμης.

2059 2656 2364 2712 Euxitheus
2392 2658 2773 2733 Pythagoreus
2795 2658 3021 2714 aliunde
3045 2667 3164 2714 non
3190 2670 3372 2719 notus.
3395 2662 3538 2716 Pro*

1978 2742 2165 2799 babile
2205 2756 2284 2800 est
2324 2744 2567 2800 eundem
2601 2763 2715 2800 esse
2764 2756 2933 2819 atque
2959 2748 3323 2816 Dexitheum,
3367 2766 3537 2821 quem

1979 2831 2127 2887 inter
2150 2832 2398 2888 celebres
2428 2832 2809 2906 Pythagoreos
2838 2844 3115 2889 memorat
3141 2834 3430 2889 Iamblich.
3465 2836 3534 2893 V.

1978 2918 2143 2993 Pyth.
2172 2918 2204 2995 §
2235 2917 2347 2975 265
2373 2936 2500 2993 sqq.

2726 3024 2781 3082 3.

2056 3130 2216 3185 Idem
2232 3131 2356 3200 XV,
2371 3150 2429 3205 p.
2452 3130 2586 3200 681,
2603 3132 2645 3188 C
2669 3150 2682 3185 t
2708 3127 2976 3209 Κλέαρχος
2996 3130 3042 3187 δ’
3062 3132 3113 3188 ἑν
3136 3129 3355 3210 δευτέρῳ
3377 3129 3533 3204 Βίων,

1977 3242 2002 3267 ι
2029 3213 2201 3294 Ὅρα,
2250 3215 2408 3296 φησὶ,
2477 3214 2593 3282 τοὺς
2644 3214 2703 3273 τὸ
2748 3216 3174 3293 κοσμοσάνδαλον
3226 3218 3532 3299 ἀνευρόντας

1977 3303 2304 3384 (ἀνείροντας
2323 3300 2374 3383 Ρ)
2403 3303 2872 3381 Λακεδαιμονίους,
2894 3302 2945 3363 οἳ
2966 3304 3052 3362 τὸν
3067 3304 3420 3365 παλαιότατον
3442 3309 3536 3378 τῆς

1975 3394 2246 3462 πολιτικῆς
2282 3391 2478 3467 κόσμον
2523 3390 2965 3467 συμπατήσαντες
3004 3390 3530 3472 ἐξετραχηλίσθησαν.

1979 3475 2177 3557 Διόπερ
2222 3478 2393 3544 καλῶς
2433 3476 2554 3556 περὶ
2595 3479 2765 3537 αὐτῶν
2815 3476 3020 3558 εἴρηκεν
3075 3483 3102 3537 ὁ
3147 3477 3536 3558 κωμῳδιοποιὸς

1980 3561 2282 3644 Ἀντιφάνης
2311 3565 2363 3621 ἐν
2401 3566 2723 3644 Κιθαριστῇ·

2105 3703 2206 3753 Οὐκ
2224 3703 2405 3766 ἐφύσων
2420 3705 2465 3752 oi
2489 3704 2711 3760 Λάκωνες
2731 3707 2796 3761 ὡς
2815 3704 3066 3769 ἀπόρθητοί
3085 3721 3217 3767 ποτε,

2097 3778 2177 3822 νῦν
2202 3775 2243 3823 δ’
2268 3775 2546 3837 ὀμηρεύουσ*
2571 3775 2754 3838 ἔχοντες
2772 3780 3028 3838 πορφυροῦς
3061 3776 3404 3839 κεκρυφάλουςς
3432 3800 3452 3818 n

1976 3898 2062 3954 Cf.
2081 3899 2366 3955 AEschines
2385 3900 2592 3956 Contra
2611 3900 3026 3975 Ctesiphontem
3044 3921 3106 3976 p.
3127 3920 3200 3971 72
3216 3944 3230 3970 ,
3251 3900 3323 3957 33
3338 3901 3533 3975 Steph.

1978 4067 2206 4115 maneant
2242 4065 2294 4114 in
2319 4065 2393 4115 his
2417 4064 2572 4114 donec
2606 4066 2707 4129 ipse
2749 4066 2879 4115 ultro
2911 4078 2994 4115 eos
3022 4066 3294 4127 liberasset,
3334 4067 3435 4116 sore
3476 4069 3530 4116 ut

1977 4141 2028 4191 in
2054 4142 2192 4205 plura
2223 4142 2334 4192 dein
2363 4142 2679 4206 gravioraque
2719 4143 2845 4192 mals
2881 4143 3110 4193 incidant.
3138 4146 3299 4204 Quare
3338 4157 3534 4205 omnes,

1976 4221 2154 4270 veritas
2170 4219 2475 4271 dominorum
2492 4219 2649 4271 minas
2667 4220 2799 4283 illes,
2823 4231 2994 4271 osvero
3009 4234 3072 4271 ne
3087 4223 3257 4283 sponte
3271 4220 3370 4271 vita
3392 4234 3534 4271 exee-

1976 4297 2097 4347 dant
2130 4300 2180 4348 et
2209 4298 2360 4348 solam
2399 4298 2451 4347 in
2490 4298 2739 4348 senectute
2770 4300 2976 4348 mortem
3006 4298 3210 4348 libenter
3245 4298 3530 4359 admittere,

1974 4389 2225 4439 persuasos
2259 4377 2391 4427 illam
2416 4377 2590 4427 animm
2619 4375 2952 4429 liberationem
2979 4390 3042 4426 ex
3078 4375 3384 4426 dominorum
3428 4376 3530 4426 neri

1978 4454 2240 4505 voluntate.

2042 4627 2301 4678 Clearchus
2341 4626 2552 4676 secundo
2591 4626 2713 4676 libro
2754 4626 2978 4676 Vitatum
3031 4644 3045 4677 ι
3087 4645 3113 4669 α
3155 4625 3306 4687 vide,
3352 4626 3530 4688 inquit,

1976 4703 2390 4765 Lacedaemonios,
2428 4704 2542 4766 qui,
2578 4706 2835 4766 postquam
2883 4703 3300 4753 oosmossndslum
3338 4703 3536 4754 invene-

1980 4785 2125 4844 runt,
2152 4781 2433 4831 conculcato
2472 4779 2807 4844 antiquissimo
2834 4779 3223 4831 administranda
3260 4780 3536 4842 reipublic&

1976 4862 2180 4923 ornatu,
2211 4860 2483 4924 praecipites
2521 4862 2740 4910 ruerunt.
2770 4863 2930 4918 Quare
2958 4859 3209 4910 commode
3235 4858 3284 4908 in
3303 4872 3384 4909 eos
3413 4859 3539 4910 dixit

1978 4939 2189 4993 comicus
2207 4940 2500 5003 Antiphanes
2523 4940 2572 4989 in
2591 4940 2846 4991 citharista
2865 4954 2878 4988 z

2032 5046 2196 5091 noune
2212 5043 2526 5102 superbiebant
2539 5043 2649 5089 otun
2667 5043 2992 5089 tacedaemonll
3005 5043 3129 5101 quasi
3144 5043 3534 5100 inexpugnabiles.

2034 5116 2164 5160 Nunc
2189 5124 2300 5159 vero
2314 5112 2518 5159 serviunt
2536 5116 2718 5159 utentes
2731 5112 2969 5170 parpes-el·
2987 5111 3216 5158 reticulis?
3245 5127 3266 5153 ι
