4016 5916
1252 456 1708 593 DINO.
1795 451 2898 591 HERACLIDES.

1458 773 2693 917 ARISTAGORAS.

1171 1326 1372 1387 D1N0.

569 1494 720 1549 Dino
784 1489 843 1567 (*)
864 1533 881 1561 ,
959 1490 1232 1548 Clitar-chi
1285 1491 1546 1547 celebrati
1607 1493 1846 1544 auctoris
1891 1509 1970 1564 pa
1978 1501 2062 1544 ter

494 1581 740 1657 (Plinius
772 1583 849 1636 H.
880 1582 950 1638 N.
982 1581 1077 1653 X,
1112 1598 1204 1651 70.
1234 1578 1364 1636 vid.
1410 1577 1482 1632 fr.
1517 1571 1606 1652 a),
1662 1594 1776 1650 qua
1817 1595 1946 1632 usus
1985 1578 2056 1632 sit

490 1671 672 1743 patria
690 1712 707 1743 ,
727 1687 896 1724 nemo
932 1667 1106 1724 tradit
1129 1665 1562 1743 (conjecturam
1586 1664 1658 1719 de
1690 1664 1795 1720 hac
1820 1683 1883 1719 re
1910 1682 2056 1738 pro-

491 1757 654 1835 posui
681 1758 739 1810 in
761 1758 883 1811 Vita
907 1754 1220 1830 Clitarchi).
1242 1756 1440 1827 Neque
1468 1751 1620 1808 aliud
1648 1750 1960 1825 quidquam
1986 1752 2059 1806 de

493 1846 606 1898 vita
630 1844 747 1915 ejus
773 1843 1008 1915 satisque
1036 1844 1097 1897 in
1127 1842 1387 1896 notitiam
1413 1851 1660 1894 nostram
1695 1840 1976 1913 pervenit.

575 1930 745 2002 Quod
773 1930 1032 1985 condidit
1061 1948 1204 2003 opus
1245 1928 1523 2005 Περσικῶν
1554 1929 1682 1982 satis
1704 1927 1954 2001 amplum
1997 1928 2056 1980 in

495 2032 607 2075 tres
625 2061 640 2087 ,
666 2020 748 2073 uti
774 2017 1237 2091 videtur,'partes
1266 2016 1381 2071 sive
1410 2009 1673 2079 συντάξεις
1699 2013 2063 2068 distributum

495 2119 614 2163 erat
631 2102 743 2183 β’).
761 2107 1060 2161 Rationem
1080 2103 1368 2159 divisionis
1388 2102 1641 2157 divinare
1661 2102 1876 2157 facilius
1893 2119 2063 2175 quam

507 2194 915 2250 demonstrare.
959 2195 1184 2250 Scilicet
1227 2210 1404 2267 quum
1447 2201 1842 2265 argumentum
1880 2190 2062 2245 histo-

497 2285 711 2339 riarum
748 2295 949 2338 natura
989 2301 1086 2338 sua
1130 2283 1477 2359 tripartitum
1505 2281 1603 2349 sit,
1641 2281 1826 2353 prima
1868 2297 2061 2334 earum

494 2390 626 2445 pars
665 2373 1049 2446 Assyriorum,
1096 2370 1401 2428 Medorum
1443 2368 1648 2437 altera,
1680 2368 1846 2421 tertia
1868 2369 2066 2421 Persa-

494 2479 622 2514 rum
652 2479 739 2515 res
762 2460 1100 2515 continuisse
1128 2458 1376 2514 videtur.
1413 2487 1493 2499 —
1515 2458 1826 2528 Quousque
1854 2472 2062 2509 narra-

494 2551 709 2603 tionem
727 2559 926 2604 auctor
942 2547 1214 2602 deduxit?
1234 2548 1637 2621 Fragmentum
1656 2544 1918 2597 ultimum
1946 2539 2061 2617 (30)

495 2654 616 2691 rem
645 2636 889 2705 indicat,
920 2653 1044 2707 quae
1079 2636 1329 2707 pertinet
1356 2631 1428 2687 ad
1474 2649 1684 2685 annum
1720 2628 1833 2683 350
1861 2647 1914 2684 a.
1958 2629 2021 2683 C.
2041 2669 2057 2697 ,

498 2741 616 2795 quo
662 2723 972 2796 AEgyptum
1018 2719 1207 2777 Ochus
1255 2719 1631 2791 recuperavit.
1679 2718 1830 2771 Num
1873 2715 2065 2770 ruinas

495 2810 721 2882 imperii
755 2810 1041 2863 Persarum
1070 2809 1223 2862 Dino
1252 2806 1491 2875 viderit,
1529 2823 1743 2879 quaem.

576 2897 928 2952 Auctoritate
950 2896 1102 2950 Dino
1130 2893 1286 2949 haud
1315 2894 1518 2969 exigua
1552 2891 1865 2947 fruebatur.
1900 2891 2063 2947 Certe

497 2985 808 3060 plurimum
831 2985 882 3038 ei
912 2984 971 3037 in
990 2983 1161 3037 rebus
1183 2985 1475 3037 Persarum
1502 2980 1748 3036 credidit
1770 2981 2065 3036 Cornelius

497 3077 688 3147 Nepos
709 3068 802 3146 (fr.
824 3066 948 3146 27).
971 3070 1304 3126 Plutarchus
1329 3087 1560 3143 quoque
1579 3070 1660 3123 uti
1676 3070 1867 3124 Ctesiae
1893 3069 2068 3122 infen-

497 3163 615 3216 sior
636 3171 736 3227 est,
757 3159 834 3214 sic
858 3158 1051 3214 favisse
1069 3158 1283 3213 Dinoni
1313 3156 1540 3212 videtur
1560 3154 1675 3232 (cf.
1703 3159 1948 3212 Heeren.
1979 3159 2067 3212 De

499 3247 671 3306 fontt.
702 3248 847 3303 Plut.
873 3265 935 3320 p.
973 3243 1103 3319 95).
1143 3245 1404 3300 Ceterum
1432 3255 1561 3301 sunt
1593 3264 1716 3319 quae
1759 3244 2066 3300 admouere

500 3354 605 3390 nos
622 3331 865 3409 possint,
887 3353 960 3389 ne
984 3335 1212 3388 nimiam
1242 3334 1313 3388 de
1337 3334 1581 3389 auctoris
1609 3333 1910 3387 virtutibus
1939 3333 2067 3406 opi-

499 3426 734 3479 nionem
770 3424 959 3478 animo
995 3423 1396 3494 concipiamus.
1429 3423 1566 3493 Quae
1599 3420 1670 3476 de
1694 3420 2061 3476 Semiramide

500 3522 804 3567 narrantur
827 3508 923 3588 (fr.
962 3509 1022 3582 ι)
1057 3528 1234 3583 quum
1261 3510 1430 3584 longe
1456 3509 1637 3564 absint
1677 3526 1708 3563 a
1736 3508 1931 3563 Ctesiae
1959 3507 2070 3561 mi-

501 3600 733 3673 raculis,
768 3598 1158 3672 probabiliora
1195 3597 1482 3652 nonnullis
1512 3597 1628 3651 visa
1650 3606 1809 3665 sunt3
1837 3614 1942 3650 nos
1973 3596 2064 3666 je-

501 3687 688 3761 iunius
695 3686 938 3757 junioris
959 3686 1131 3740 aetatis
1159 3695 1543 3740 commentum
1580 3703 1710 3739 cum
1738 3684 2062 3756 antiquiore

503 3784 884 3847 permutatum
913 3790 1026 3828 esse
1049 3771 1211 3827 facile
1234 3773 1604 3847 agnoscimus.
1645 3771 1860 3844 Ephori
1885 3789 2069 3843 aequa-

504 3863 614 3917 lem
655 3861 870 3916 fabulas
915 3862 975 3914 in
1009 3859 1271 3915 historias
1310 3859 1608 3916 traducere
1646 3857 1917 3914 studuisse
1951 3876 2074 3912 non

569 4003 630 4066 (⁴)
665 4003 998 4053 memorantur
1025 4019 1037 4050 :
1061 3999 1214 4062 Dino,
1236 3999 1630 4050 Lacedaemonius
1656 3998 1992 4061 polemarchus
2022 3998 2071 4047 in

503 4073 758 4126 Leuctrica
779 4072 949 4136 proelio
963 4071 1168 4132 occiana,
1194 4070 1478 4133 Xenophon.
1499 4069 1622 4120 Heli.
1649 4074 1714 4133 V,
1735 4073 1784 4131 4,
1801 4074 1891 4130 335
1913 4071 1997 4130 VI,
2020 4071 2072 4132 4,

505 4149 583 4196 1⁴.
599 4148 655 4195 D.
672 4142 927 4194 Nicostrati
940 4145 990 4192 et
1005 4140 1243 4192 Arethusii
1254 4140 1419 4202 frater,
1435 4153 1515 4203 ap.
1533 4139 1842 4190 Demosthen.
1855 4153 1907 4202 p.
1934 4143 2072 4200 1248,

505 4218 555 4266 9.
577 4240 640 4251 -
664 4213 789 4264 Dino
806 4211 1004 4275 quidam
1029 4210 1250 4260 Eucratis
1266 4213 1403 4274 pater
1424 4222 1502 4272 ap.
1539 4210 1739 4259 Lucian.
1765 4208 2069 4271 Philopseud.

505 4299 553 4336 c.
582 4289 654 4335 17.
689 4310 750 4325 -
785 4284 939 4345 Dino,
962 4281 1163 4332 Dinonis
1186 4281 1250 4344 s.‚
1288 4280 1351 4330 ab
1378 4280 1636 4344 Agathocle
1673 4280 1924 4330 Ptolemaei
1957 4280 2074 4342 Epi·

505 4357 677 4419 phanis
696 4357 859 4404 tutore
878 4353 1187 4413 intersectuS,
1211 4352 1381 4415 Polyb.
1408 4355 1495 4402 XV
1510 4388 1525 4413 ,
1548 4358 1607 4401 25
1627 4365 1678 4401 a.
1700 4378 1765 4388 —
1789 4351 1916 4401 Dino
1943 4350 2074 4399 Rho-

504 4427 640 4487 dius,
665 4425 823 4475 Persei
845 4425 967 4488 regis
988 4424 1207 4488 partibus
1229 4425 1399 4472 contra
1423 4426 1667 4473 Romanos
1684 4423 1851 4473 favens
1865 4456 1881 4478 .
1907 4420 2073 4483 Polyb.

505 4498 721 4557 xxvii,
744 4503 793 4557 s;
817 4498 1055 4558 xxviii,
1081 4501 1129 4557 2,
1155 4501 1319 4555 3;15,
1342 4496 1614 4554 43xx1x,
1642 4498 1697 4554 5,
1735 4498 1792 4552 23
1831 4493 1992 4552 xxx,
2018 4496 2071 4553 7,

513 4573 598 4628 10,
616 4568 777 4626 XXX,
796 4571 843 4616 8.
867 4591 934 4602 —
958 4568 1090 4616 Dino
1111 4563 1374 4616 statuarius
1389 4577 1467 4627 ap.
1495 4563 1620 4613 Ptin.
1647 4565 1706 4612 Η.
1734 4564 1793 4611 N.
1821 4565 1878 4611 ³4
1897 4598 1912 4622 ‚
1941 4565 2011 4611 19.

568 4637 656 4698 (**)
693 4634 940 4684 Laudatur
964 4636 1085 4684 Dino
1109 4636 1156 4685 ἐν
1175 4636 1371 4699 δευτέρῳ
1390 4640 1470 4693 τῆς
1488 4634 1703 4696 δευτέρας
1728 4632 1986 4688 συντάξεως
2015 4630 2077 4681 de

510 4706 722 4757 Hercule
753 4704 917 4766 ldoeo,
957 4705 1018 4754 fr.
1046 4709 1104 4766 [ις
1145 4706 1194 4755 ἐν
1217 4707 1392 4770 πρώτῳ
1426 4710 1507 4763 τῆς
1533 4704 1686 4767 τρίτης
1723 4702 1981 4758 συντάξεως
2015 4701 2077 4750 de

510 4776 687 4839 magis,
714 4775 772 4824 tr.
800 4782 846 4825 8.
871 4774 1056 4825 Deinde
1082 4790 1095 4823 :
1124 4777 1174 4836 ἐν
1194 4777 1394 4839 πέμπτῳ
1411 4781 1506 4824 τῶν
1527 4778 1771 4837 Περσικῶν
1793 4780 1874 4832 τῆς
1893 4773 2078 4834 πρώτης

511 4846 770 4902 συντάξεως
792 4844 854 4895 de
873 4844 1033 4907 Amyn
1057 4846 1234 4896 Xerxis
1256 4846 1382 4908 tilia,
1407 4847 1469 4895 tr.
1496 4851 1549 4895 21
1573 4882 1588 4909 ‚
1607 4843 1693 4894 ubi
1726 4857 1788 4894 ex
1813 4843 1978 4893 nostra
1997 4841 2076 4891 di-

512 4915 696 4966 visione
729 4913 1036 4964 scribendum
1071 4918 1144 4966 est
1173 4922 1254 4975 τῆς
1291 4916 1444 4978 τρίτης
1476 4915 1751 4972 συντάξεως.
1777 4914 1827 4964 Si
1868 4913 1996 4962 recte
2024 4925 2076 4961 se

481 4991 486 5000 “
512 4988 659 5035 habet
677 4985 803 5036 istud
827 4992 907 5045 τῆς
926 4986 1112 5048 πρώτης
1128 5023 1141 5049 ,
1162 4985 1472 5035 statuendum
1496 4987 1652 5046 foret,
1674 4986 1721 5033 in
1748 4985 1909 5048 prima
1929 4984 2073 5044 parte

498 5055 761 5122 ,historiam
785 5058 1065 5116 Persarum,
1095 5056 1144 5104 in
1166 5056 1319 5105 altera
1340 5057 1391 5105 et
1423 5056 1601 5116 tertia,
1640 5067 1754 5117 quae
1788 5052 1850 5103 ad
1876 5050 2069 5114 religio·

517 5139 655 5186 nem,
697 5139 883 5188 mores,
922 5126 1141 5175 instituta
1178 5139 1349 5175 eorum
1390 5127 1663 5189 pertinent,
1692 5137 1795 5174 esse
1827 5122 2074 5185 exposita.

517 5201 822 5260 Quamquam
870 5198 973 5259 eius
1014 5196 1201 5260 generis
1240 5195 1570 5247 distinctiones
1616 5196 1679 5245 ab
1723 5190 2078 5258 antiquioribus

515 5269 831 5332 scriptoribus
848 5268 1017 5318 alienae
1041 5280 1144 5319 esse
1175 5267 1345 5318 solent.

2146 1327 2354 1381 mirum
2382 1336 2482 1382 est.
2513 1324 2811 1381 Interdum
2838 1343 2976 1381 vero
3023 1324 3173 1380 Dino
3215 1335 3406 1381 vetera
3441 1324 3721 1402 figmenta

2147 1416 2294 1470 tueri
2318 1425 2548 1469 conatus
2574 1425 2654 1468 est
2677 1432 2745 1469 eo
2761 1455 2777 1483 ,
2811 1412 2971 1486 quod
2993 1431 3061 1467 ex
3085 1413 3233 1468 notis
3250 1413 3492 1487 Europae
3514 1417 3717 1489 regio-

2145 1502 2313 1557 nibus
2345 1502 2405 1556 in
2440 1501 2661 1555 Indiam
2698 1500 3158 1574 transplantaret,
3192 1499 3715 1556 commodissimum

2148 1590 2551 1645 miraculorum
2567 1587 3006 1661 receptaculum.
3035 1588 3158 1643 Huc
3177 1588 3423 1661 pertinet
3450 1587 3655 1663 fragm.
3678 1589 3718 1645 3

2151 1676 2223 1731 de
2254 1676 2559 1733 SirenibuS.
2596 1674 2766 1731 Aliud
2797 1675 3120 1748 exemplum
3161 1674 3477 1730 fabularum
3506 1678 3565 1731 in
3600 1696 3719 1733 no-

2149 1784 2275 1819 vam
2303 1764 2544 1819 sormam
2569 1762 2918 1818 detortarum
2938 1763 3153 1837 praebet
3176 1762 3375 1838 fragm.
3409 1770 3441 1829 4
3472 1763 3546 1819 de
3568 1766 3716 1820 Her·

2151 1854 2275 1907 cule
2318 1851 2492 1905 Idaeo.
2552 1854 2637 1907 De
2688 1870 2985 1927 magorum
3027 1851 3302 1907 doctrinis
3345 1863 3403 1908 et
3439 1852 3725 1909 vaticiniis

2151 1937 2461 1994 admodum
2483 1939 2692 1993 multus
2718 1938 2882 1994 fuisse
2903 1937 3072 1994 debet
3097 1937 3185 2015 (v.
3210 1937 3281 1994 fr.
3312 1938 3368 1995 5.
3403 1937 3462 1995 8.
3495 1959 3554 2015 9.
3590 1939 3717 2014 ιο).

2149 2026 2518 2082 Memorabile
2550 2026 2693 2083 illud
2723 2026 2882 2100 quod
2910 2025 2980 2086 fr.
3019 2046 3049 2099 7
3075 2028 3282 2102 legitur
3317 2026 3390 2083 de
3418 2028 3722 2102 rhapsodis

2150 2114 2482 2183 Medorum;
2526 2134 2847 2189 quanquam
2882 2116 2999 2190 ipsa
3023 2115 3432 2171 historiuncula
3470 2135 3715 2191 graecum

2151 2205 2438 2258 hominem
2461 2202 2685 2259 redolet
2709 2204 3051 2277 longissime3-
3084 2221 3215 2258 nam
3231 2203 3386 2259 lusus
3405 2205 3714 2259 verborum

2154 2288 2426 2371 Κυριεύειν
2460 2301 2516 2346 et
2541 2291 2713 2369 Κῦρος
2732 2293 3013 2346 neminem
3049 2292 3210 2366 fugit.
3245 2293 3505 2347 Ceterum
3532 2294 3718 2348 Dino-

2151 2382 2236 2435 nis
2259 2380 2507 2435 narratio
2535 2378 2606 2434 de
2634 2381 2925 2434 Persarum
2962 2380 3187 2452 imperii
3216 2380 3439 2454 origine
3472 2399 3602 2435 cum
3652 2381 3721 2434 iis

2152 2488 2277 2541 quae
2303 2487 2373 2523 cx
2395 2467 2576 2524 Ctesia
2603 2466 2804 2523 tradita
2828 2477 2986 2537 sunt,
3007 2468 3068 2522 in
3092 2486 3308 2523 summa
3334 2486 3397 2524 re
3423 2469 3714 2523 conciliari

2152 2554 2313 2609 facile
2353 2564 2559 2627 potest.
2607 2558 2816 2612 Verum
2871 2555 3266 2630 anteponenda
3313 2556 3567 2612 Ctesiana
3622 2558 3715 2623 iis,

2153 2658 2281 2715 quae
2320 2641 2520 2717 fragm.
2562 2663 2581 2698 1
2602 2662 2621 2697 1
2669 2662 2699 2699 a
2737 2645 2962 2700 Dinone
2992 2645 3081 2700 vel
3111 2644 3231 2717 ejus
3257 2655 3489 2700 auctore
3520 2656 3714 2700 contra

2153 2748 2378 2785 omnem
2425 2732 2545 2785 veri
2581 2732 2960 2787 similitudinis
3011 2733 3257 2805 speciem
3313 2734 3374 2788 in
3434 2733 3717 2788 honorem

2153 2818 2549 2892 AEgyptiorum
2597 2822 2910 2895 excogitata
2967 2831 3022 2875 et
3079 2839 3113 2875 a
3150 2824 3333 2894 Lycea
3395 2821 3718 2876 Naucratita

2154 2907 2553 2981 AEgyptiorum
2588 2909 2864 2983 scriptore
2891 2908 3057 2965 avide
3081 2919 3304 2982 arrepta
3340 2917 3488 2964 sunt.
3530 2909 3720 2965 Pravae

2155 2996 2537 3071 chronologiae
2559 2996 2849 3053 addictum
2872 3016 2929 3054 se
2957 2997 3204 3054 ostendit
3234 2997 3304 3053 fr.
3335 3017 3446 3067 203
3473 2996 3721 3052 incredi-

2155 3084 2268 3139 bile
2286 3101 2520 3158 prorsus
2539 3096 2618 3140 est
2636 3084 2795 3159 quod
2810 3086 2880 3141 fr.
2908 3105 2982 3160 29
3000 3085 3242 3141 traditur
3261 3084 3333 3141 de
3359 3103 3536 3160 regno
3552 3089 3723 3141 Arta·

2156 3173 2341 3227 xerxis
2361 3174 2676 3229 Memnonis
2716 3194 2727 3231 :
2756 3173 2854 3228 sed
2878 3175 2936 3229 in
2956 3174 3068 3229 hoc
3093 3172 3324 3229 fortasse
3356 3173 3717 3228 librariorum

2155 3261 2521 3335 negligentia,
2554 3262 2652 3334 qui
2681 3279 2961 3317 annorum
2999 3280 3299 3317 numerum
3328 3263 3723 3335 corruperint,

2156 3347 2466 3402 accusanda
2495 3356 2593 3404 est.
2622 3349 2690 3403 In
2728 3349 2944 3422 reliqua
2972 3351 3294 3406 Artaxerxis
3328 3351 3563 3405 historia
3591 3352 3721 3406 Cte-

2156 3436 2248 3488 siae
2279 3434 2609 3504 auctoritas,
2641 3437 2739 3491 etsi
2775 3437 2820 3492 is
2857 3437 3113 3492 oculatus
3144 3438 3294 3492 testis
3334 3438 3506 3492 rebus
3544 3438 3723 3492 inter·

2158 3521 2366 3591 fuerat,
2398 3522 2732 3597 plerumque
2762 3536 2947 3580 tamen
2984 3523 3283 3598 repudiata
3312 3536 3420 3596 est,
3458 3527 3633 3599 idque
3662 3528 3719 3580 in

2159 3608 2325 3664 rebus
2352 3608 2638 3664 levissimis
2663 3610 2760 3683 (fr.
2791 3629 2886 3665 αα.
2921 3610 3018 3665 23.
3048 3611 3151 3685 26)
3176 3653 3191 3680 ,
3229 3630 3366 3685 quas
3394 3632 3497 3667 cur
3523 3625 3727 3668 contra·

2158 3715 2353 3751 verum
2367 3696 2570 3752 Ctesias
2586 3697 2881 3753 tradiderit
2908 3717 3155 3753 causaue
3174 3697 3309 3773 fingi
3332 3699 3562 3772 quidem
3586 3718 3727 3772 pro-

2158 3785 2422 3839 babiliter
2442 3796 2646 3859 potest.
2678 3788 2906 3841 Novisse
2929 3787 3212 3842 Dinonem
3241 3797 3297 3842 et
3323 3788 3579 3842 manibus
3607 3788 3727 3842 tri·-

2160 3873 2299 3927 visse
2310 3890 2450 3944 opus
2459 3873 2648 3928 Ctesiae
2665 3892 2784 3927 non
2797 3873 2996 3929 dubito
3015 3893 3028 3927 :
3049 3874 3220 3928 immo
3232 3875 3475 3948 plurima
3487 3894 3683 3929 eorum
3702 3917 3719 3940 ,

2163 3959 2353 4031 quaein
2374 3960 2500 4014 Vita
2520 3962 2835 4016 Artaxerxis
2847 3962 3180 4017 Plutarchus
3200 3973 3395 4017 contra
3411 3961 3579 4016 fidem
3592 3963 3717 4018 Cni-

2164 4043 2244 4100 dii
2263 4063 2602 4121 morumque
2617 4048 2958 4122 probitatem
2977 4048 3169 4119 affert,
3194 4068 3263 4105 ex
3285 4051 3511 4104 Dinone
3530 4060 3733 4104 nostro

2164 4131 2386 4191 fluxisse
2415 4136 2680 4191 arbitror.
2712 4139 3039 4210 Vereorque
3061 4157 3132 4193 ne
3153 4138 3265 4193 hoc
3293 4136 3639 4211 obloquendi
3668 4148 3724 4192 et

2163 4222 2514 4279 detrectandi
2533 4223 2721 4279 studio
2742 4227 3131 4280 auctoritatem
3158 4228 3311 4282 Dino
3337 4226 3492 4300 apud
3519 4224 3735 4280 multos·
3765 4284 3776 4294 ,

2163 4310 2267 4365 sibi
2289 4312 2596 4384 pepererit.
2620 4310 2729 4367 Sed
2757 4312 2875 4366 haec
2890 4323 3179 4386 utcunque
3206 4331 3320 4369 sese
3342 4312 3603 4379 habeant,
3634 4311 3721 4365 xel

2164 4399 2381 4471 reliqua
2416 4400 2492 4454 ita
2520 4411 2841 4472 comparata
2869 4412 3027 4471 sunt,
3057 4412 3122 4456 ut
3158 4403 3439 4457 Dinonem
3466 4389 3722 4454 non‘tam

2162 4495 2403 4559 propter
2420 4504 2657 4542 acumen
2669 4486 2868 4558 judicii
2883 4528 2899 4556 ,
2927 4505 3098 4560 quam
3125 4499 3362 4562 propter
3384 4504 3574 4542 rerum
3594 4502 3729 4540 nar-

2164 4584 2411 4628 ratarum
2439 4573 2841 4630 abundantiam
2868 4586 2926 4630 et
2956 4576 3228 4639 orationis
3254 4575 3481 4629 fortasse
3509 4573 3724 4647 elegan-

2165 4664 2296 4717 tiam
2336 4663 2608 4736 placuisse
2660 4682 2942 4734 censeam,
2994 4680 3181 4736 neque
3223 4682 3254 4719 a
3287 4674 3450 4736 patre
3498 4678 3728 4735 prorsus

2164 4749 2435 4820 abfuisse,
2468 4769 2594 4824 quae
2624 4753 2682 4806 in
2718 4751 2858 4820 filio,
2886 4752 3319 4808 celebratissimo
3344 4759 3604 4819 auctore,
3656 4748 3740 4802 al)

2168 4839 2430 4894 omnibus
2456 4841 2971 4926 reprehenduntur.

2768 5017 3137 5041 *⁸-
