4016 5916
1589 384 1692 444 DE
1745 385 1983 445 REBUS
2040 386 2391 447 PUBLlClS.

486 528 528 566 s.
574 507 743 583 Κῦρος
773 501 854 576 δὲ,
896 502 1192 569 καταλύσας
1218 501 1312 575 τὴν
1340 504 1630 579 πολιτείαν,
1668 513 1948 586 μοναρχεῖ-

409 600 528 655 σθαι
559 589 742 658 αὐτοὺς
763 590 1019 660 ἐποίησεν.

486 701 531 740 ο.
577 676 821 750 Φείδων,
864 676 996 755 ἀνὴρ
1040 676 1279 756 δόκιμος,
1326 678 1528 738 πλείοσι
1559 679 1815 756 μετέδωκε
1857 685 1949 751 τῆς

405 765 700 838 πολιτείας,
726 763 879 841 νόμον
909 763 1037 835 θεὶς,
1070 762 1286 823 ἕκαστον
1324 766 1611 845 ἐπάναγκες
1631 766 1831 846 τρέφειν
1853 765 1946 825 ἴπ-

405 877 520 912 πον.
560 850 868 932 Προμηθεὺς
914 850 971 909 δέ
995 873 1072 917 τις
1091 895 1109 928 ‚
1157 852 1288 932 ἀνὴρ
1316 853 1621 933 δραστήριος
1647 854 1737 912 καὶ
1772 854 1949 922 ἱκανὸς

403 941 589 1011 εἰπεῖν,
611 938 795 1019 χιλίοις
817 935 1087 1018 παρίδωκε
1109 936 1203 1008 τὴν
1231 938 1516 997 πολιτείαν.

863 1078 990 1138 xn.
1038 1079 1232 1138 EPET
1234 1080 1309 1138 Pl
1319 1078 1489 1140 ΕΩΝ.

481 1216 710 1298 Διαγόρα
756 1215 1122 1295 εἰς.Σπᾶρτην
1153 1216 1483 1299 πορευομένῳ
1508 1218 1599 1277 καὶ
1622 1221 1674 1278 ἓν
1711 1219 1947 1302 Κορίνθῳ

306 1380 323 1394 ·
398 1304 763 1376 τελευτήσαντι
791 1303 1069 1386 Ἐρετριεῖς
1096 1303 1266 1361 εἰκόνα
1298 1303 1546 1377 ἔστησαν.

807 1445 970 1504 xm.
1018 1444 1540 1506 ΠΕΠΛΡΗΘΙΩΝ.

436 1584 623 1731 (Αὕτη
645 1589 679 1655 ἡ
712 1589 864 1656 νῆσος
905 1583 1097 1651 εὕοινός
1142 1588 1250 1644 ἔστι
1294 1584 1382 1644 καὶ
1405 1584 1667 1669 εύδενδρος
1689 1589 1779 1647 καὶ
1802 1594 1943 1651 σῖτον

398 1695 436 1753 φ
467 1695 560 1752 ρει.

826 1811 986 1871 xlv.
1032 1812 1507 1873 AEHPEATQN.

474 1950 724 2029 Λεπρεεῗς
750 1946 836 2014 οὓς
874 1946 936 2006 ἄν
964 1947 1170 2007 λᾶδωσι
1210 1948 1422 2030 μοιχοὺς
1459 1951 1765 2033 περιάγουσι
1805 1956 1942 2035 τρεῖς

394 2036 593 2115 ἡμέρας
620 2033 715 2107 τὴν
756 2036 907 2093 πόλιν
948 2035 1247 2113 δεδεμένους
1274 2037 1365 2095 καὶ
1406 2041 1646 2115 ἀτιμοῦσι
1672 2039 1756 2099 διὰ
1800 2042 1939 2121 βίου·

392 2122 488 2193 τὴν
525 2120 579 2181 δὲ
605 2130 823 2200 γυναῖκα
852 2121 1031 2181 ἕνδεκα
1077 2122 1158 2181 ἐπ’
1196 2125 1386 2205 ἀγορᾶς
1420 2124 1645 2195 ἄζωστον
1677 2130 1729 2186 ἐν
1756 2134 1939 2208 χιτῶνι

395 2210 633 2288 διαφανεῖ
675 2212 848 2268 ἱστᾶσι
883 2209 973 2268 καὶ
1018 2215 1306 2287 ἀτιμοῦσιν.

920 2349 1046 2409 XV.
1093 2350 1404 2409 ΛΥΚΙΩΝ.

370 2522 373 2523 ’
474 2487 659 2549 Λύκιοι
696 2486 871 2566 διῆγον
899 2488 1252 2567 λῃστεύοντες.
1283 2486 1480 2565 Νόμοις
1503 2486 1559 2547 δὲ
1580 2491 1637 2548 οὗ
1675 2494 1937 2571 χρῶνται,

393 2575 511 2636 ἀλλ’
540 2575 707 2653 ἔθεσι,
751 2574 843 2633 καὶ
881 2577 940 2635 ἐκ
966 2577 1193 2635 παλαιοῦ
1220 2579 1764 2654 γυναικοκρατοῧνται.
1808 2579 1935 2638 Πω·

390 2664 539 2722 λοῧσι
576 2660 630 2719 δὲ
664 2660 782 2728 τοὺς
803 2661 1256 2741 ψευδομάρτυρας,
1293 2662 1383 2720 καὶ
1420 2661 1514 2727 τὰς
1551 2662 1727 2730 οὐσίας
1768 2665 1936 2722 αὐτῶν

310 2816 313 2821 ,
391 2748 717 2825 δημεύουσιν.

843 2889 998 2950 XVI.
1042 2890 1476 2951 ΤΥΡΡΗΝΩΝ.

466 3026 726 3107 Τυρρηνοὶ
750 3024 936 3105 τέχνας
953 3026 1130 3106 ἔχουσι
1150 3027 1413 3095 πλείστας.
1438 3027 1639 3096 Πάντες
1664 3026 1719 3087 δὲ
1740 3028 1841 3088 ὑπὸ
1859 3032 1936 3111 τῷ

390 3113 531 3194 αὐτῷ
548 3112 740 3194 ἱματίῳ
764 3113 897 3191 μετὰ
919 3117 1020 3172 τῶν
1044 3118 1299 3192 γυναικῶν
1323 3115 1684 3189 κατάκεινται,
1707 3115 1806 3174 κᾶν
1829 3139 1932 3175 πα·

391 3200 520 3279 ρῶσί
554 3222 701 3268 τινες.
748 3200 857 3261 Καὶ
898 3201 1015 3268 τοὺς
1063 3201 1420 3270 καταλύοντας
1466 3202 1631 3270 ξένους
1680 3205 1932 3285 φιλοῦσιν.

390 3285 566 3348 Ὅταν
605 3286 663 3347 δέ
702 3312 776 3354 τις
815 3288 1031 3370 ὀφείλων
1063 3288 1214 3369 χρέος
1241 3288 1317 3365 μὴ
1351 3291 1558 3373 ἀποδῷ,
1594 3292 1934 3370 περιακολου-

389 3380 559 3435 θοῧσιν
581 3380 629 3435 οἱ
651 3379 830 3445 παῖδες
844 3424 861 3455 ,
882 3379 1085 3459 ἔχοντες
1100 3379 1247 3438 κενὸν
1274 3378 1512 3438 θυλάκιον
1543 3382 1613 3446 εἷς
1637 3379 1924 3439 δυσωπίαν.

819 3513 1001 3576 XV11.
1043 3517 1490 3577 ΜΟΛΟΤΤΩΝ.

464 3643 722 3704 Μολοττοὶ
751 3647 844 3717 τῆς
880 3643 1174 3727 Ἀρτέμιδος
1210 3643 1525 3717 πλήσαντες
1558 3645 1618 3705 τὸ
1645 3645 1811 3728 ἱερὸν,
1836 3646 1930 3705 καὶ

384 3809 615 3860 maeorum
640 3811 793 3874 legem
807 3849 822 3873 ‚
859 3825 970 3874 quse
998 3811 1201 3862 eandem
1229 3812 1404 3862 veteris
1435 3812 1556 3874 juris
1582 3812 1933 3874 simplicitatem

382 3880 589 3930 ostendit
616 3883 719 3944 (ap.
752 3882 892 3932 Arist.
918 3881 1023 3931 Pol.
1044 3885 1195 3944 11,5,
1218 3882 1340 3944 12),
1372 3884 1421 3932 et
1446 3881 1620 3931 ibidem
1659 3894 1690 3944 p
1732 3888 1835 3931 225.
1873 3911 1935 3924 -

381 3956 430 4000 5.
448 3950 640 4015 αὐτοὺς]
657 3951 807 4014 cde93
831 3953 971 4010 αὐτῆς
990 3955 1096 4012 ΑΡ,
1112 3953 1266 4008 αὐτοῖς
1292 3956 1360 4013 0,
1379 3953 1516 4002 αὑτὸν
1533 3952 1590 4012 b,
1610 3953 1752 4011 αὐτὴν
1767 3965 1857 4014 ap.
1873 3978 1933 3988 —

382 4027 429 4070 6.
449 4022 628 4070 Φείδων
657 4023 757 4070 κτλ.
780 4022 800 4085 ]
820 4025 949 4072 Act>
960 4035 980 4078 ,·
1000 4022 1171 4084 reliqui
1194 4022 1333 4072 codd.
1354 4023 1461 4071 baec
1477 4023 1723 4072 omittunt.
1741 4021 1932 4071 Sclmei·

381 4089 599 4140 dewiuus
610 4092 789 4140 mirans
801 4091 1043 4154 quomodo
1056 4093 1169 4141 istas
1178 4091 1451 4154 reipublicae
1468 4092 1635 4141 formoe
1648 4091 1936 4142 mutationes

384 4172 653 4210 memorare
672 4162 881 4223 potuerit
905 4163 966 4211 Η.
998 4163 1250 4224 postquam
1274 4160 1457 4211 dictum
1471 4164 1593 4221 erat,
1609 4165 1757 4226 Κῦρος
1779 4162 1827 4211 δὲ
1850 4178 1936 4211 κα-

381 4230 584 4287 ταλύσας
610 4233 695 4288 τὴν
712 4231 945 4280 πολιτείαν
964 4233 1290 4295 μοναρχεῖσθαι
1315 4231 1481 4288 αὐτοὺς
1512 4231 1727 4290 ἐποίησεν
1754 4231 1934 4281 :verba

381 4298 485 4348 baec
502 4303 647 4362 Κῦρος
661 4300 712 4348 δὲ
728 4301 826 4348 κτλ.
843 4299 1199 4362 transponenda
1215 4301 1376 4349 censet
1387 4302 1494 4362 post
1510 4300 1673 4362 χιλίοις
1693 4301 1933 4364 παρέδωκε

378 4371 462 4426 τήν
474 4370 727 4419 πολιτείαν.
744 4368 879 4419 idem
894 4382 1008 4418 vero
1023 4368 1413 4419 Schneidewinus
1429 4388 1443 4419 ι
1463 4387 1487 4412 κ
1505 4373 1610 4419 Non
1626 4372 1785 4420 tamen
1800 4369 1932 4418 dissi-

380 4436 574 4486 mulabo
586 4473 601 4496 ‚
622 4438 689 4486 ait
701 4475 716 4500 ,
736 4449 846 4500 quae
863 4436 925 4486 de
940 4436 1150 4489 Phidoue
1168 4440 1217 4488 et
1241 4439 1527 4488 Prometheo
1544 4440 1798 4488 narrantur
1814 4438 1931 4487 mihi

377 4508 573 4556 omnino
598 4519 626 4556 a
658 4507 865 4557 cumaeis
893 4508 995 4557 visa
1022 4519 1124 4558 esse
1155 4508 1446 4573 separanda,
1464 4511 1610 4572 atque
1643 4508 1933 4559 intercidisse

377 4577 555 4627 lemma
576 4579 683 4639 post
700 4577 817 4639 cyri
842 4577 1108 4629 κατάλυσιν.
1130 4582 1267 4630 Nunc
1285 4592 1433 4642 quum
1478 4579 1742 4643 praesertim
1779 4579 1928 4629 Χίλιοι

378 4647 586 4697 Cumaeis
614 4646 737 4697 bene
760 4649 1077 4712 conveniant,
1103 4650 1153 4699 in
1178 4650 1546 4712 transpositione
1571 4650 1829 4701 verborum
1853 4664 1927 4699 ac·

377 4718 570 4780 quiesco
591 4736 636 4766 n.
661 4718 745 4767 Sin
766 4731 881 4768 vere
897 4718 961 4768 ad
977 4722 1198 4771 cumaeos
1219 4722 1363 4771 verba
1382 4722 1648 4785 pertinent,
1675 4719 1791 4770 nibil
1810 4719 1929 4770 adeo

378 4787 504 4850 cogit
520 4790 577 4836 ut
586 4789 975 4850 transponantur;
990 4802 1102 4839 nam
1121 4793 1275 4853 cyrus
1291 4793 1494 4841 multam
1508 4791 1720 4841 subactis
1730 4791 1929 4840 urbibus

376 4857 427 4907 in
459 4856 833 4908 administranda
854 4871 955 4922 rep.
984 4859 1253 4910 libertatem
1284 4861 1502 4923 reliquit,
1522 4860 1667 4910 modo
1690 4859 1928 4910 tributum

436 5000 544 5047 xli.
580 4997 807 5060 Diagoras
826 4998 905 5048 bic
918 4998 1223 5062 oligarcbiam
1246 5001 1585 5051 Eretriensium
1604 5000 1826 5062 sustulit,
1850 5013 1925 5050 ac·

376 5069 513 5130 cepta
532 5067 705 5131 injuria
720 5067 770 5117 in
790 5070 976 5130 negotio
988 5069 1309 5131 matrimonii,
1328 5073 1451 5120 teste
1469 5069 1721 5120 Aristotele
1740 5069 1839 5119 Pol.
1861 5073 1922 5131 V,

376 5143 433 5198 5,
458 5143 514 5186 10
529 5174 542 5186 .
578 5137 947 5200 Distingueudus
983 5139 1148 5202 procul
1190 5138 1339 5190 dubio
1373 5141 1446 5190 est
1474 5151 1504 5188 a
1540 5140 1740 5202 Diagora
1782 5139 1926 5189 Mebo

3473 413 3582 464 217

2097 519 2143 564 5.
2177 516 2330 577 Cyrus
2360 516 2602 578 republica
2642 521 2971 571 cumanorum
3010 525 3283 588 antiquata,
3335 530 3463 592 regio
3499 544 3580 583 eos

2035 600 2234 665 imperio
2258 603 2476 665 subJ'ecit.
2718 604 2724 611 ’

2097 697 2145 738 s.
2179 690 2391 752 Phidon,
2410 693 2487 740 vir
2515 694 2814 756 spectabilia,
2847 698 3173 760 compluribus
3206 701 3414 754 civitatis
3434 707 3586 757 admi·

2035 759 2362 810 nisti-ationem
2415 764 2691 831 commisit,
2722 765 2968 829 legemque
3018 770 3128 819 tulit
3169 784 3230 821 ex
3272 786 3368 835 qua
3410 777 3583 839 singuli

2035 839 2217 888 equum
2252 827 2381 876 alere
2417 830 2724 891 cogebantur.
2750 835 3063 884 Prometheus
3094 837 3317 901 quidam,
3344 841 3416 889 vir
3441 856 3585 893 manu

2035 899 2260 947 strenuus
2284 910 2373 946 nec
2408 898 2596 948 dicendi
2631 901 2909 964 imperitus,
2935 904 3066 955 mille
3101 907 3214 957 viris
3245 912 3586 973 rempublicam

2038 966 2461 1019 administrandam
2479 970 2693 1021 tradidit.

2417 1086 2554 1146 ΧΠ.
2599 1087 3196 1152 ERETRIENSIUM.

2097 1228 2315 1292 Diagorae
2335 1233 2552 1294 Spartam
2572 1232 2786 1296 profecto
2809 1235 2857 1284 et
2886 1235 3112 1287 corinthi
3129 1241 3325 1291 mortuo
3343 1243 3584 1293 Eretrien-

2035 1329 2109 1367 soe
2132 1318 2340 1367 statuam
2358 1322 2636 1381 posueruut.

2367 1452 2528 1511 xm.
2571 1454 3246 1519 PEPARETHIORUM.

2096 1602 2211 1650 Haec
2227 1599 2380 1650 insula
2400 1599 2499 1648 vini
2517 1599 2776 1650 admodum
2797 1602 2956 1663 ferax,
2976 1617 3066 1654 nec
3079 1618 3175 1654 non
3197 1605 3448 1659 arboribus
3463 1609 3584 1661 bne

2032 1691 2211 1740 consita
2236 1693 2284 1742 et
2303 1692 2530 1742 frumeuti
2554 1693 2735 1743 fertilis.

2397 1821 2552 1881 XlV.
2601 1822 3203 1887 LEPREATARUM.

2089 1966 2336 2028 Lepreatae
2375 1965 2618 2017 adulteros
2662 1969 3028 2031 comprehensos
3064 1971 3224 2021 triduo
3269 1987 3354 2036 per
3400 1975 3572 2026 urbem

2028 2035 2395 2085 circumducunt
2420 2037 2607 2086 vinctos
2631 2038 2680 2087 et
2703 2051 2787 2100 per
2807 2039 2955 2087 totam
2982 2040 3130 2090 vitam
3157 2042 3357 2093 infames
3381 2045 3577 2095 habent.

2027 2105 2274 2156 Mulierem
2297 2109 2462 2156 autem
2485 2106 2751 2157 adulteram
2779 2107 2995 2158 indutam
3026 2111 3266 2172 pellucida
3305 2118 3439 2164 veste
3472 2117 3575 2165 sine

2026 2176 2243 2239 cingulo,
2280 2177 2330 2225 in
2363 2177 2467 2226 soro
2498 2190 2585 2240 per
2606 2176 2830 2227 undecim
2865 2178 2967 2229 dies
2985 2183 3235 2245 statuunt,
3271 2187 3418 2246 atque
3449 2186 3576 2249 iguo-

2027 2245 2172 2294 miuia
2189 2247 2377 2295 notant.

2499 2358 2625 2419 XV.
2677 2359 3100 2423 LYCIORUM.

2089 2508 2220 2571 Lycii
2250 2509 2401 2558 vitam
2424 2507 2722 2560 mstinebant
2753 2524 2813 2561 ex
2854 2512 3129 2563 latrociniis.
3165 2517 3363 2578 Scriptis
3397 2518 3580 2580 legibus

2026 2608 2123 2644 uon
2156 2598 2377 2658 utuntur,
2416 2595 2502 2646 sed
2537 2597 2992 2659 consuetudinibus,
3025 2598 3428 2664 dominanturque
3461 2603 3581 2666 ipsis

2027 2683 2216 2733 feminae
2240 2682 2350 2733 inde
2371 2696 2401 2733 a
2436 2684 2734 2747 temporibus
2759 2685 3117 2748 antiquissimis.
3153 2687 3279 2737 Falai
3313 2690 3577 2740 testimonii

2024 2771 2271 2821 convictos
2291 2770 2583 2833 divendant,
2605 2771 2826 2835 bonaque
2849 2786 3016 2822 eorum
3036 2773 3296 2836 publicant.

2389 2895 2547 2955 XVI.
2592 2896 3210 2960 TYBRHENORUM.

2085 3039 2322 3103 Tyrrheni
2359 3042 2488 3091 artes
2522 3041 2753 3104 plurimas
2791 3044 3032 3093 exercent.
3072 3047 3250 3095 Omnes
3285 3045 3376 3095 sub
3410 3046 3582 3098 eadem

2022 3126 2154 3173 veste
2166 3137 2276 3173 cum
2290 3123 2522 3174 uxoribus
2533 3124 2886 3187 concumbunt,
2900 3126 3180 3189 quicunque
3196 3127 3387 3177 tandem
3403 3128 3575 3179 adsint.

2022 3206 2241 3268 ilospites
2260 3205 2324 3255 ad
2352 3219 2403 3255 se
2421 3205 2719 3255 divertentes
2742 3207 2916 3268 quovis
2950 3207 3109 3256 officio
3130 3212 3499 3271 prosequuntur.
3529 3212 3580 3263 si

2020 3294 2130 3356 quis
2157 3292 2319 3343 debito
2353 3292 2591 3341 obnoxius
2625 3292 2864 3342 solvendo
2878 3287 2976 3342 non
2999 3294 3089 3355 sit,
3122 3294 3443 3357 insequuntur
3464 3310 3578 3347 eum

2021 3380 2158 3444 pueri
2182 3392 2393 3429 vacuum
2415 3381 2652 3442 gestantes
2683 3380 2974 3443 marsupium
3003 3380 3054 3429 iu
3078 3380 3181 3442 ejus
3208 3383 3566 3432 contumellam.

2402 3504 2591 3562 xv11.
2636 3501 3181 3562 MoLossontJM.

2091 3660 2284 3712 Molooei
2304 3659 2512 3721 expilato
2535 3660 2700 3709 Dianae
2724 3659 2860 3722 fano,
2884 3671 3036 3721 quum
3064 3670 3126 3707 ex
3144 3659 3301 3708 statua
3325 3659 3426 3721 ejus
3442 3671 3579 3708 eoro-

2023 3809 2165 3860 atbeo
2175 3846 2189 3868 ,
2206 3822 2351 3871 quem
2365 3808 2481 3858 item
2497 3806 2716 3859 Corinthi
2731 3806 2885 3856 obisse
2900 3805 3068 3854 dicunt
3087 3805 3351 3867 Hesychius
3365 3807 3576 3856 Milesius

2021 3881 2071 3929 et
2094 3879 2265 3930 suidas
2280 3892 2330 3927 v.
2355 3877 2583 3942 Διαγόρας
2600 3897 2613 3927 2
2629 3877 2911 3935 κατοικήσας
2933 3875 3154 3938 Κόρινθον
3171 3876 3330 3925 αὐτόθι
3364 3877 3445 3925 τὸν
3473 3878 3575 3940 βίον

2021 3949 2344 4012 κατέστρεψεν.

2083 4020 2212 4068 xlii.
2249 4022 2320 4068 De
2340 4016 2454 4066 vino
2473 4016 2751 4078 Peparethio
2769 4015 2830 4065 ct.
2848 4015 3104 4065 Athenaeus
3124 4016 3175 4075 1,
3202 4027 3252 4077 p.
3281 4020 3358 4071 28,
3378 4018 3416 4063 Α
3430 4048 3446 4072 ,
3470 4013 3578 4063 Pol·

2021 4087 2107 4137 lux
2156 4091 2222 4137 vl
2236 4122 2251 4146 ,
2293 4094 2376 4146 16,
2424 4085 2648 4149 Sophocl.
2680 4085 2883 4135 Philoct.
2923 4087 3031 4134 546.
3066 4084 3281 4133 Bacchus
3321 4083 3372 4131 in
3396 4083 3571 4133 numia.

2022 4159 2083 4206 V.
2109 4156 2304 4207 Eckbel.
2325 4159 2368 4206 D
2411 4159 2470 4205 N.
2492 4156 2588 4205 vol.
2610 4157 2682 4216 ll,
2701 4167 2748 4217 p.
2779 4158 2881 4204 151.

2081 4229 2146 4277 xl
2153 4230 2209 4275 V.
2241 4227 2288 4275 ἐν
2302 4224 2481 4289 χιτῶνι]
2500 4225 2563 4274 ἐνὶ
2579 4241 2627 4288 χ.
2644 4224 2812 4286 bcdeq;
2833 4225 2897 4272 tvi
2907 4235 2965 4286 p.
2983 4221 3157 4272 Similis
3171 4221 3426 4272 mulierum
3440 4222 3578 4272 adul·

2021 4300 2232 4346 terarum
2249 4308 2390 4358 poena
2404 4293 2532 4357 apud
2544 4298 2766 4343 Cumaeos
2777 4293 2984 4356 vigebat,
3007 4295 3130 4340 teste
3141 4291 3398 4340 Plutarcho
3410 4291 3460 4340 iu
3477 4296 3571 4349 Qu.

2020 4371 2106 4419 Gr.
2135 4380 2179 4416 c.
2213 4374 2266 4428 23
2300 4379 2391 4415 nec
2413 4378 2510 4414 non
2545 4362 2673 4426 apud
2698 4363 2902 4432 Pisidas,
2927 4365 2983 4412 ut
3003 4362 3228 4412 Nicolaus
3245 4365 3383 4411 Dam.
3410 4367 3578 4412 narrat

2021 4451 2098 4500 ap.
2124 4436 2256 4487 stob.
2276 4436 2403 4486 Flor.
2420 4436 2592 4494 xciv,
2608 4438 2685 4483 41.
2707 4434 2781 4483 Os.
2805 4433 2991 4483 muller.
3016 4435 3137 4481 Dor.
3159 4432 3222 4489 ll,
3246 4442 3293 4492 p.
3314 4437 3432 4492 226,
3463 4437 3508 4480 5.

2080 4510 2186 4556 XV.
2218 4504 2470 4569 Λυκίων]
2491 4506 2592 4567 περὶ
2612 4503 2803 4554 Λυκίων
2827 4507 2879 4552 0.
2901 4500 3048 4550 rubro
3069 4500 3246 4549 colore.
3273 4526 3339 4537 -—
3353 4515 3572 4562 γυναικο·

2018 4576 2114 4642 κρ.]
2137 4580 2198 4627 V.
2225 4576 2451 4627 Herodot.
2475 4578 2525 4636 1,
2550 4579 2636 4624 173
2659 4576 2709 4623 et
2731 4587 2852 4636 quos
2870 4570 3034 4622 laudat
3050 4569 3116 4619 ibi
3141 4570 3325 4630 Baehr.;
3355 4571 3575 4620 Nicolaus

2019 4653 2234 4698 Damaso.
2257 4650 2315 4698 t'r.
2341 4652 2456 4708 1033
2477 4646 2664 4697 Mulier.
2683 4650 2800 4697 Dor.
2824 4648 2865 4707 1,
2883 4657 2933 4707 p.
2956 4648 3046 4692 216
3058 4657 3075 4703 3
3095 4640 3307 4691 Eli-usk.
3326 4645 3366 4704 1,
3387 4655 3432 4704 p.
3452 4646 3542 4693 404
3555 4660 3575 4705 ς

2016 4719 2256 4770 Welcker.
2286 4717 2469 4778 Τήιος.
2489 4729 2537 4779 p.
2562 4721 2672 4767 587.

2077 4792 2213 4842 XV!-
2238 4785 2544 4852 Τυρρηνοὶ]
2561 4789 2620 4843 Α,
2644 4785 2771 4835 οὗτοι
2789 4784 2976 4847 reliqui.
2995 4787 3236 4848 -τὲχνας
3258 4784 3322 4832 πλ
3342 4781 3362 4847 ]
3379 4785 3433 4831 V.
3459 4782 3573 4832 uui-
3657 4809 3666 4824 ·

2016 4863 2102 4911 ler.
2128 4857 2341 4911 Etru-515.
2374 4871 2423 4921 p.
2448 4859 2536 4907 242
2559 4869 2666 4919 sqq.
2690 4885 2754 4898 -
2774 4855 2886 4921 ὑπὸ]
2910 4856 2986 4904 ἐπὶ
3006 4855 3124 4917 uby.
3151 4857 3266 4903 Rem
3300 4867 3360 4902 ex
3392 4854 3571 4902 Aristo·

2014 4932 2110 4982 tele
2132 4931 2219 4993 (rr.
2246 4928 2369 4990 246)
2395 4928 2538 4977 refert
2560 4927 2834 4977 Athenaeus.
2856 4926 2930 4976 cf.
2950 4924 3010 4974 de
3029 4924 3228 4974 mollitie
3259 4926 3572 4973 Etruscorum

2016 5001 2304 5063 Theopomp.
2333 4998 2391 5047 rr.
2419 5003 2536 5057 222,
2555 4995 2764 5046 Timaeus
2782 4996 2838 5046 t'r.
2862 5001 2916 5046 18
2942 4993 3202 5057 -ἆποδιῃ
3224 4997 3335 5049 Αο,·
3363 4992 3571 5042 &aaziae

2014 5083 2080 5133 p,
2138 5068 2345 5131 ἀποδιδῷ
2399 5066 2587 5129 reliqui.
2635 5092 2701 5103 —
2735 5063 2939 5130 περιακ.]
2987 5067 3102 5124 ΑΒ,·
3155 5080 3329 5126 παρακ.
3386 5062 3570 5125 reliqui.

2075 5140 2225 5189 xvu.
2261 5134 2591 5200 Μολοττῶν]
2611 5136 2782 5186 Nullus
2799 5135 2969 5185 titulus
2997 5134 3046 5183 in
3069 5147 3123 5196 c,
3146 5133 3230 5196 qui
3247 5132 3494 5195 sequentia
3520 5132 3571 5180 in
