4016 5916
486 444 602 497 2¹16

486 560 618 636 ταν)
651 555 987 638 Ἀριστόξενός
1014 579 1140 637 φησι
1170 554 1433 631 μηδέποτε
1453 556 1843 630 στρατηγοῦντα
1875 552 2039 619 ἡττη·

488 652 663 718 θῆναι·
706 643 1046 726 φθονούμενον
1080 645 1123 700 δ’
1169 640 1308 709 ἅπαξ
1347 643 1646 719 ἐκχωρῆσαι
1682 641 1775 706 τῆς
1807 659 2039 716 στρατη-

492 733 608 810 γίας
637 732 728 791 καὶ
749 731 865 797 τοὺς
891 733 910 808 (
933 728 1048 797 τοὺς
1078 727 1371 805 ἀστοὺςῗῖ)
1406 724 1590 784 αὐτίκα
1614 727 1891 805 ληφθῆναι.

572 820 1048 876 Historiunculam
1077 819 1148 874 de
1190 818 1466 890 Archyta,
1512 816 1609 888 qui
1640 833 1815 887 quum
1849 813 2040 867 villico

492 909 667 964 factus
695 919 835 963 esset
856 908 1073 975 iratior,
1096 915 1283 959 tamen
1316 905 1584 976 impetum
1628 902 1727 955 irae
1755 917 2044 971 compres-

491 997 648 1067 serit,
678 1006 882 1069 praeter
918 994 1247 1052 Ciceronem
1276 992 1438 1047 Tusc.
1470 991 1567 1059 lv,
1602 986 1674 1058 57
1712 1000 1769 1043 et
1799 986 2038 1043 Diodor.

494 1087 626 1139 Exc.
651 1085 773 1138 Vat.
793 1081 923 1157 (lib.
948 1082 1027 1154 X,
1046 1100 1097 1150 7,
1116 1089 1145 1145 4
1167 1079 1254 1134 ed.
1279 1072 1507 1154 Didot.)
1534 1086 1724 1131 narrat
1752 1074 2042 1129 Iamblich.

493 1173 562 1230 V.
591 1172 651 1227 P.
687 1170 720 1244 §
756 1189 884 1242 197,
913 1170 998 1223 his
1032 1169 1306 1240 incipiens
1333 1163 1517 1219 verbis
1550 1183 1563 1218 ε
1599 1159 1888 1238 Σπίνθαρος
1930 1158 2043 1228 διη·

496 1256 635 1332 γεῖτο
665 1255 916 1321 πολλάκις
946 1253 1066 1331 περὶ
1095 1250 1342 1330 Ἀρχύτου
1393 1272 1447 1309 κ.
1480 1273 1528 1310 τ.
1559 1250 1612 1308 λ.
1644 1254 1778 1322 Quae
1817 1268 1885 1304 ex
1916 1250 2046 1304 Ari-

495 1356 763 1414 stoxeno,
792 1344 1076 1417 Spinthari
1118 1343 1179 1412 f.‚
1215 1339 1434 1395 fluxisse
1460 1339 1832 1413 probabiliter
1859 1337 2051 1392 statuit

496 1431 958 1505 wyttenbachius
997 1428 1182 1505 (Bibl.
1214 1429 1352 1484 Crit.
1378 1436 1521 1500 part.
1557 1426 1724 1496 vm,
1763 1443 1822 1499 p.
1861 1418 2045 1499 113),

497 1518 830 1593 suffragante
858 1517 1084 1572 Mabnio
1108 1534 1167 1590 p.
1200 1522 1295 1586 47.

1228 1635 1319 1691 15.

580 1765 874 1819 Athenaeus
895 1762 1039 1829 XII,
1063 1779 1123 1833 p.
1159 1759 1291 1828 545,
1327 1759 1370 1813 Α
1397 1773 1414 1816 2
1441 1752 1777 1834 Ἀριστόξενος
1802 1752 1847 1810 δ’
1874 1756 1902 1810 δ
1921 1775 2049 1829 μου·

505 1848 643 1913 σικὸς
678 1849 728 1904 ἐν
773 1848 849 1925 τῷ
884 1845 1109 1924 Ἀρχύτα
1142 1843 1239 1925 βίῳ
1269 1843 1453 1924 ἀφίησι
1479 1840 1625 1922 πὰρὰ
1662 1838 1929 1900 Διονυσίου
1962 1844 2051 1898 τοῦ

502 1935 752 2014 νεωτέρου
783 1931 1100 2012 πρεσὸευτὰς
1129 1930 1254 2011 πρὸς
1304 1930 1400 2002 τὴν
1431 1928 1771 2008 Ταραντίνων
1800 1926 1967 1999 πόλιν,
1999 1930 2052 1985 ἐν

505 2014 577 2087 οἷς
605 2015 736 2080 εἶναι
767 2020 857 2078 καὶ
882 2018 1191 2099 Πολύαρχον
1216 2017 1304 2077 τὸν
1338 2019 1577 2088 ἡδυπαθῆ
1613 2013 2049 2091 ἐπικαλούμενον,

506 2109 664 2187 ἄνδρα
685 2107 803 2187 περὶ
830 2105 922 2173 τὰς
949 2104 1252 2182 σωματικὰς
1274 2102 1455 2175 ἡδονὰς
1484 2101 1869 2173 ἐσπουδακότα,
1893 2101 1981 2159 καὶ
1997 2102 2054 2158 οὐ

506 2195 659 2272 μόνον
683 2199 760 2274 τῷ
788 2193 956 2275 ἔργῳ,
981 2192 1116 2251 ἀλλὰ
1140 2193 1230 2250 καὶ
1258 2195 1333 2272 τῷ
1355 2191 1514 2271 λόγῳ.
1596 2189 1766 2250 Ὄντα
1797 2188 1851 2248 δὲ
1869 2187 2054 2268 γνώρι·

508 2304 602 2358 μον
619 2283 694 2361 τῷ
712 2279 954 2360 Ἀρχύτᾳ,
973 2280 1064 2339 καὶ
1084 2279 1383 2360 φιλοσοφίας
1400 2281 1458 2364 οὗ
1474 2280 1739 2343 παντελῶς
1763 2277 2053 2357 ἀλλότριον,

508 2371 742 2426 ἀπαντᾶν
780 2371 853 2434 εἷς
886 2368 955 2426 τὰ
985 2367 1175 2443 τεμένη
1213 2367 1305 2426 καὶ
1347 2372 1759 2445 συμπεριπατεῖν
1794 2372 1898 2429 τοῖς
1934 2364 2058 2442 περὶ

506 2456 592 2513 τὸν
612 2454 886 2534 Ἀρχύταν,
907 2454 1235 2533 ἀκροώμενον
1264 2456 1366 2511 τῶν
1387 2453 1572 2529 λόγων.
1603 2449 1974 2527 Ἔμπεσούσης
1998 2450 2059 2507 δέ

505 2565 632 2601 ποτε
661 2541 877 2621 ἀπορίας
906 2542 997 2600 καὶ
1027 2540 1257 2621 σκέψεως
1289 2538 1408 2619 περί
1431 2561 1487 2597 τε
1524 2541 1628 2596 τῶν
1658 2541 1940 2614 ἐπιθυμιῶν
1964 2536 2057 2594 καὶ

505 2629 566 2689 τὸ
593 2629 801 2688 σύνολον
821 2628 940 2709 περὶ
960 2632 1062 2686 τῶν
1083 2632 1394 2707 σωματικῶν
1417 2629 1636 2704 ἡδονῶν,
1661 2625 1757 2707 ἔφη
1774 2632 1802 2686 δ
1822 2624 2000 2686 Πολύα
2012 2649 2059 2703 ρ·

507 2739 626 2796 χος·
671 2744 695 2768 σι
738 2715 894 2792 Ἐμοὶ
933 2713 1048 2793 μὲν,
1084 2705 1128 2773 ὦ
1163 2715 1370 2794 ἄνδρες,
1404 2713 1654 2780 πολλάκις
1693 2714 1794 2787 ἤδη
1832 2712 2057 2795 πέφηνεν

511 2808 873 2862 ἐπισκοποῦντι
891 2804 1081 2881 κομιδῆ
1098 2803 1155 2862 τὸ
1178 2807 1280 2861 τῶν
1305 2804 1498 2882 ἀρετῶν
1520 2798 1711 2860 τούτων
1733 2799 2057 2859 κατασκεύα-

510 2912 620 2967 σμα
654 2889 743 2947 καὶ
771 2887 904 2947 πολὺ
947 2893 1039 2961 τῆς
1075 2888 1272 2968 φύσεως
1310 2886 1598 2968 ἀφεστηκὸς
1628 2878 1779 2948 εἶναι.
1863 2887 1932 2947 Ἡ
1956 2887 2057 2970 γὰρ

512 2976 692 3057 φύσις,
732 2977 855 3036 ὅταν
888 2976 1172 3056 φθέγγηται
1201 2977 1293 3047 τὴν
1324 2979 1510 3046 ἑαυτῆς
1539 2973 1730 3055 φωνὴν,
1761 2977 2058 3034 ἀκολουθεῖν

515 3063 709 3126 κελεύει
735 3074 850 3131 ταῖς
878 3065 1110 3137 ἡδοναῖς,
1141 3063 1231 3122 καὶ
1264 3062 1415 3122 τοῦτό
1438 3085 1593 3142 φησιν
1622 3052 1754 3120 εἶναι
1773 3067 1893 3121 νοῦν
1912 3063 2059 3141 ἔχον-

512 3175 616 3224 τος,
637 3151 697 3212 τὸ
711 3152 764 3211 δὲ
789 3151 1081 3211 ἀντιτείνειν
1101 3150 1190 3208 καὶ
1204 3152 1643 3209 καταδουλοῦσθαι
1654 3148 1745 3216 τὰς
1764 3150 2057 3227 ἐπιθυμίας,

517 3323 631 3374 citui
661 3323 910 3384 praeesset,
932 3333 1180 3382 nunquam
1206 3319 1348 3369 fuisse
1371 3321 1676 3381 superatum;
1712 3320 1857 3367 semel
1895 3325 2059 3368 autem

516 3395 630 3445 :ium
672 3397 863 3446 invidia}
899 3396 1114 3458 cederet,
1158 3410 1261 3447 sese
1300 3396 1501 3458 imperio
1543 3396 1814 3458 abdicasse,
1852 3409 2064 3458 moxque

515 3473 643 3523 cives
660 3472 797 3523 clade
818 3474 1033 3523 affectos·

577 3630 888 3679 Aristoxenus
907 3629 1124 3680 musicus
1143 3628 1192 3677 in
1224 3629 1450 3690 Archytae
1478 3629 1580 3678 vita
1597 3633 1761 3680 narrat
1787 3629 2065 3691 Dionysium

514 3705 749 3766 iuniorem
786 3708 966 3769 legatos
1003 3708 1187 3759 misisse
1224 3710 1515 3770 Tarentum,
1549 3711 1599 3757 et
1632 3709 1756 3758 inter
1785 3708 1891 3757 illos
1922 3706 2067 3757 misse

520 3783 858 3846 Polyarchum,
884 3786 1165 3849 cognomine
1193 3786 1462 3835 Delicatum
1485 3786 1549 3847 (ν.
1574 3787 1748 3835 AElian.
1764 3789 1826 3835 V.
1852 3787 1912 3833 Η.
1929 3786 2064 3845 vili,

518 3862 572 3921 4)
587 3896 601 3921 ,
626 3873 721 3909 non
739 3863 893 3911 solum
910 3862 1074 3925 dictis,
1093 3874 1263 3911 verum
1283 3862 1427 3912 etiam
1446 3863 1584 3912 sactis
1608 3862 1824 3925 corporis
1842 3861 2066 3923 volupta-

515 3936 650 3985 tibus
680 3936 926 3987 addictum
943 3975 958 4000 ,
987 3939 1211 4002 Archytae
1232 3939 1511 3988 familiarem
1531 3952 1621 3988 nec
1637 3940 1831 3988 omnino
1854 3938 2066 3988 alienum

517 4026 547 4062 a
581 4013 908 4078 philosophia,
944 4015 1029 4077 qui
1067 4015 1289 4077 Archytae
1323 4015 1385 4064 ad
1420 4015 1584 4064 lucum
1625 4015 1823 4077 obvius,
1857 4027 1968 4064 cum
2010 4027 2068 4063 eo

518 4090 748 4151 spatiatus
759 4093 848 4163 est,
863 4090 1049 4139 interim
1059 4088 1177 4139 dum
1186 4090 1506 4153 disputantem
1517 4091 1718 4140 audiret.
1732 4095 1892 4148 Quum
1905 4093 2067 4139 autern

520 4166 759 4217 incidisset
792 4167 998 4229 quaestio
1032 4176 1090 4215 ac
1115 4167 1436 4216 consideratio
1467 4165 1527 4216 de
1553 4167 1918 4230 cupiditatibus,
1947 4170 1996 4217 et
2018 4167 2069 4215 in

523 4244 797 4295 universum
822 4244 884 4294 de
903 4245 1230 4307 voluptatibus
1259 4246 1529 4308 corporeis,
1562 4249 1667 4295 tum
1692 4246 1848 4308 inquit
1876 4246 2068 4308 Polyar-

520 4324 640 4373 chus
658 4343 671 4373 ε
696 4343 718 4367 α
736 4324 1080 4387 Mihi-quidem,
1095 4338 1126 4374 o
1140 4325 1253 4374 boni
1272 4325 1380 4386 viri,
1396 4326 1570 4386 sir-,pius
1587 4325 1691 4375 baec
1708 4325 2067 4389 contemplanti,

520 4405 818 4465 compertum
842 4404 914 4451 est
928 4439 943 4463 ,
963 4402 1080 4452 illud
1098 4403 1229 4464 quod
1247 4404 1415 4453 virtuti
1437 4402 1690 4452 mdiiicium
1710 4416 1768 4452 ac
1789 4416 2069 4452 monumen·

523 4485 625 4529 tum
658 4481 930 4543 exstruitis,
967 4493 996 4529 a
1018 4483 1191 4530 natura
1218 4482 1479 4544 plurimum
1504 4481 1722 4531 dissitum
1747 4495 1849 4531 ωδε
1879 4501 1891 4530 2
1913 4495 2069 4545 quan-

521 4554 778 4617 doquidem
805 4569 923 4607 voce
942 4571 1030 4607 sua
1057 4561 1236 4607 Natura
1270 4558 1311 4608 si
1342 4572 1429 4608 nos
1450 4559 1746 4620 alloquatur,
1774 4558 2069 4621 voluptatem

523 4634 578 4680 ut
599 4634 840 4682 sectemur
863 4647 920 4683 ea
938 4634 1209 4696 praecipiet,
1234 4634 1282 4685 id
1306 4635 1437 4698 quod
1463 4634 1578 4685 facit
1592 4671 1607 4697 ,
1641 4636 1723 4697 qul
1743 4647 1873 4684 sana>
1898 4636 2073 4685 mentis

523 4709 625 4756 est:
658 4710 709 4756 at
739 4709 977 4771 voluptati
1024 4724 1313 4774 repugnare,
1355 4712 1432 4762 vei
1464 4710 1513 4761 in
1544 4711 1822 4762 servitutem
1863 4711 2074 4775 redigere

526 4784 838 4846 cupiditates,
871 4799 959 4835 nec
985 4789 1295 4850 temperantis
1329 4788 1534 4839 hominis
1560 4791 1657 4851 est,
1680 4801 1771 4838 nec
1792 4788 1968 4848 felicis,
1987 4789 2072 4840 sed

525 4860 630 4921 eJus
659 4859 741 4921 qui
764 4864 950 4912 naturae
979 4863 1202 4917 humanae
1230 4868 1408 4917 statum
1429 4865 1613 4929 ignoret
1631 4879 1688 4916 ac
1705 4867 1899 4916 nesciat.
1921 4866 2073 4929 Cujus

526 4936 594 4985 rei
612 4935 825 4985 validum
851 4940 925 4987 est
940 4937 1302 5003 documentum,
1322 4942 1450 5005 quod
1469 4956 1634 4993 omnes
1656 4943 1899 5006 homines,
1919 4956 2072 5006 quum

528 5012 790 5075 potentiam
815 5015 942 5062 nacti
962 5020 1077 5065 sunt
1092 5018 1206 5067 satis
1224 5011 1445 5081 ma'gnam
1459 5056 1473 5080 ,
1494 5020 1555 5068 ad
1578 5017 1829 5079 corporeas
1846 5021 2072 5084 volupta-

527 5094 599 5139 tes
622 5090 851 5151 ferantur,
876 5093 925 5139 et
950 5091 1080 5141 hunc
1099 5093 1241 5144 linem
1261 5107 1362 5144 esse
1383 5096 1654 5146 existiment
1685 5097 1935 5158 potentiae,
1960 5096 2071 5146 reli-

527 5178 623 5230 qua
660 5178 774 5213 vero
806 5169 1146 5229 propemodum
1180 5171 1369 5235 omnia,
1395 5176 1452 5222 ut
1481 5172 1628 5222 verbo
1664 5172 1847 5235 dicam,
1880 5174 2074 5236 insuper

1641 421 2104 484 ARlSTOXENI
2146 416 2535 478 TARENTIN
2545 414 2570 472 1

2126 541 2243 602 οὔτε
2270 541 2543 621 ἔμφρονος,
2570 536 2685 597 οὔτε
2712 538 2987 616 εὐτυχοῦς,
3010 533 3126 594 οὔτε
3158 533 3400 603 ξυνιέντος
3420 526 3550 595 εἶναι
3567 582 3585 611 ,
3610 538 3696 604 τίς

2128 651 2253 688 ποτε
2281 627 2417 685 ἐστὶν
2439 630 2472 697 ἡ
2495 629 2587 696 τῆς
2616 625 2936 703 ἀνθρωπίνης
2954 622 3154 704 φύσεως
3174 622 3442 689 σύστασις.
3468 625 3694 699 Τεκμή-

2131 737 2236 795 ριον
2288 714 2335 772 δ’
2376 711 2588 791 ἰσχυρὸν
2631 701 2793 782 εἶναι,
2835 710 2896 768 τὸ
2935 711 3136 776 πάντας
3173 708 3502 790 ἀνθρώπους,
3555 711 3692 768 ὅταν

2130 800 2358 870 ἐξουσίας
2385 796 2735 858 ἕπιλάὸωνται
2757 795 2967 874 μέγεθος
2996 796 3273 875 ἀξιόχρεων
3310 795 3563 874 ἐχούσης,
3595 796 3691 856 ἐπὶ

2131 893 2220 957 τὰς
2241 885 2544 965 σωματικὰς
2569 885 2756 957 ἡδονὰς
2788 886 3205 967 καταφέρεσθαι,
3233 888 3323 943 καὶ
3359 890 3511 944 τοῦτο
3539 883 3691 960 νομί-

2136 982 2238 1046 ζειν
2262 977 2407 1041 τέλος
2435 967 2566 1032 εἶναι
2598 977 2690 1042 τῆς
2711 971 2966 1039 ἔξουσίας·
2993 970 3061 1029 τὰ
3093 972 3146 1030 δὲ
3171 971 3309 1029 ἄλλα
3336 971 3510 1030 πάντα
3548 994 3694 1051 σχε-

2133 1064 2218 1122 δὸν
2245 1064 2422 1128 ἅπλῶς
2442 1064 2601 1119 εἰπεῖν
2622 1062 2673 1118 ἐν
2695 1061 2955 1137 παρέργου
2975 1059 3202 1118 τίθεσθαι
3219 1058 3389 1138 χώρα.
3475 1061 3694 1139 Προφέ-

2137 1174 2239 1230 ρειν
2260 1148 2314 1208 δὲ
2335 1148 2501 1217 ἔξεστι
2528 1152 2615 1206 νῦν
2644 1150 2739 1224 μὲν
2773 1149 2886 1214 τοὺς
2910 1149 3127 1226 Περσῶν
3149 1147 3403 1226 βασιλεῖς,
3429 1145 3520 1205 καὶ
3539 1145 3590 1204 εἴ
3616 1146 3695 1213 τίς

2134 1259 2236 1294 που
2259 1234 2551 1315 τυραννίδος
2575 1232 2843 1310 ἀξιολόγου
2875 1233 3047 1314 κύριος
3080 1230 3151 1292 ὢν
3181 1233 3455 1311 τυγχάνει·
3493 1232 3693 1310 πρότε-

2138 1347 2223 1404 ρον
2243 1322 2299 1381 δὲ
2319 1321 2431 1388 τούς
2453 1344 2509 1380 τε
2536 1321 2720 1381 Λυδῶν
2748 1320 2838 1380 καὶ
2856 1325 2958 1379 τῶν
2983 1319 3201 1390 Μήδων,
3221 1320 3310 1377 καὶ
3331 1321 3407 1377 ἔτι
3432 1319 3692 1400 ἀνώτερον

2138 1409 2227 1467 καὶ
2254 1407 2369 1474 τοὺς
2389 1408 2572 1488 Σύρων
2588 1430 2602 1445 ·
2625 1400 2700 1473 οἷς
2718 1407 2862 1467 οὐδὲν
2882 1407 3022 1487 γένος
3048 1409 3232 1478 ἡδονῆς
3259 1406 3512 1480 ἀζήτητον
3537 1406 3695 1485 γενέ-

2139 1502 2288 1570 σθαι,
2319 1493 2454 1554 ἀλλὰ
2492 1493 2581 1553 καὶ
2618 1496 2757 1575 δῶρα
2789 1494 2936 1573 παρὰ
2976 1494 3085 1560 τοῖς
3117 1492 3346 1573 Πέρσαις
3382 1495 3695 1573 προκεῖσθαι

2138 1584 2344 1661 λέγεται
2360 1586 2465 1649 τοῖς
2487 1580 2784 1657 δυναμένοις
2812 1581 3119 1660 ἐξευρίσκειν
3147 1579 3332 1652 καινὴν
3350 1580 3565 1651 ἡδονήν·
3596 1580 3694 1639 καὶ

2142 1671 2284 1750 μάλα
2307 1674 2482 1749 ὀρθῶς.
2508 1668 2662 1749 Ταχὺ
2686 1667 2786 1749 γὰρ
2809 1674 2843 1740 ἡ
2871 1669 3163 1750 ἀνθρωπίνη
3184 1668 3330 1748 φύσις
3362 1668 3695 1744 ἐμπίπλαται

2143 1765 2246 1818 τῶν
2287 1760 2634 1839 χρονιζουσῶν
2667 1758 2886 1829 ἡδονῶν,
2925 1755 3021 1816 κᾶν
3050 1745 3148 1814 ὦσι
3185 1756 3380 1837 σφόδρα
3410 1754 3694 1835 διηκριὸω-

2143 1844 2317 1923 μέναι·
2362 1843 2528 1915 ὥστε,
2575 1842 2686 1903 ἐπεὶ
2719 1844 2952 1922 μεγάλην
2991 1841 3102 1922 ἔχει
3138 1843 3355 1918 δύναμιν
3388 1847 3420 1913 ἡ
3451 1841 3695 1912 καινότης

2143 1933 2269 2046 πρὸς
2308 1933 2369 1992 τὸ
2410 1931 2571 2009 μείζω
2598 1934 2820 2012 φανῆναι
2847 1929 2939 2002 τὴν
2980 1929 3187 2004 ἡδονὴν,
3217 1932 3312 1989 οὐκ
3349 1929 3693 2010 ὀλιγωρητέον

2142 2044 2254 2095 ουν,
2299 2020 2435 2077 ἀλλὰ
2472 2018 2669 2088 πολλὴν
2712 2016 3010 2094 ἕπιμέλειαν
3052 2018 3212 2088 αὐτῆς
3248 2015 3501 2087 ποιητέον.
3583 2015 3698 2074 Διὰ

2144 2107 2336 2178 ταύτην
2359 2107 2413 2165 δὲ
2437 2104 2532 2177 τὴν
2556 2105 2726 2164 αἰτίαν
2743 2102 2915 2164 πολλὰ
2933 2102 3028 2182 μὲν
3052 2103 3375 2185 ἐξευρεθῆναι
3398 2103 3693 2184 βρωμάτων

2148 2192 2260 2264 εἴδη
2278 2238 2294 2268 ,
2320 2194 2492 2252 πολλὰ
2519 2195 2573 2250 δὲ
2600 2191 2918 2270 πεμμάτων,
2945 2191 3115 2251 πολλὰ
3143 2192 3199 2250 δὲ
3230 2193 3568 2270 θυμιαμάτων
3597 2191 3695 2250 καὶ

2147 2279 2348 2360 μύρων,
2376 2277 2548 2338 πολλὰ
2588 2280 2642 2337 δὲ
2674 2278 2896 2355 ἱματίων
2925 2279 3015 2338 καὶ
3043 2278 3386 2359 στρωμάτων,
3412 2279 3501 2337 καὶ
3530 2300 3698 2350 ποτη·

2149 2367 2270 2447 ρίων
2300 2368 2361 2437 δὴ
2377 2414 2394 2442 ,
2415 2367 2506 2426 καὶ
2529 2370 2630 2426 τῶν
2657 2366 2828 2425 ἄλλων
2855 2370 3050 2426 σκευῶν
3068 2389 3083 2404 ·
3113 2365 3286 2425 πάντα
3307 2365 3408 2447 γὰρ
3437 2365 3503 2435 δὴ
3526 2371 3697 2424 ταῦτα

2154 2453 2553 2531 συμὸάλλεσθαί
2584 2477 2726 2520 τινας
2753 2452 2969 2526 ἡδονὰς,
2996 2443 3171 2532 ὅτανῇ
3195 2456 3229 2524 ἡ
3255 2451 3568 2530 ὑποκειμένη
3594 2450 3698 2523 ὕλη

2145 2544 2247 2599 τῶν
2277 2541 2681 2618 θαυμαζομένων
2713 2539 2814 2598 ὑπὸ
2856 2544 2949 2610 τῆς
2977 2538 3297 2619 ἀνθρωπίνης
3325 2536 3550 2618 φύσεως·
3574 2535 3604 2597 ὃ
3631 2535 3699 2609 δὴ

2145 2626 2452 2687 πεπονθέναι
2499 2629 2638 2686 δοκεῖ
2674 2627 2706 2685 ὅ
2736 2651 2794 2687 τε
2831 2627 3023 2707 χρυσὸς
3062 2626 3153 2685 καὶ
3196 2625 3438 2706 ἄργυρος,
3489 2623 3582 2683 καὶ
3626 2623 3699 2682 τὰ

2144 2714 2316 2774 πολλὰ
2347 2718 2449 2773 τῶν
2473 2714 2809 2796 εὐοφθάλμων
2839 2738 2895 2772 τε
2922 2715 3012 2773 καὶ
3032 2712 3286 2790 σπανίων,
3315 2711 3410 2771 ὅσα
3431 2711 3521 2769 καὶ
3549 2710 3698 2769 κατὰ

2144 2799 2236 2867 τὰς
2267 2799 2686 2879 ἀπεργαζομένας
2703 2800 2889 2880 τέχνας
2913 2798 3297 2881 διηκριὸωμένα
3320 2798 3574 2879 φαίνεται.
3601 2823 3627 2849 υ

2225 2884 2403 2948 Εἰπὼν
2448 2887 2502 2946 δὲ
2542 2886 2738 2956 τούτοις
2769 2887 2883 2962 ἑξῆς
2919 2887 2987 2946 τὰ
3013 2887 3130 2969 περὶ
3163 2890 3252 2958 τῆς
3285 2883 3553 2966 θεραπείας
3595 2887 3698 2955 τῆς

2145 2983 2232 3035 τοῦ
2268 2979 2483 3057 Περσῶν
2525 2976 2806 3056 βασιλέως,
2836 2974 2970 3044 οἵους
2998 2976 3086 3035 καὶ
3118 2973 3260 3041 ὅσους
3289 2973 3395 3053 ἔχει
3430 2980 3690 3051 θεραπευ-

2145 3066 2332 3142 τῆρας,
2358 3062 2445 3120 καὶ
2491 3061 2612 3143 περὶ
2650 3067 2742 3135 τῆς
2768 3066 2870 3121 τῶν
2910 3061 3213 3145 ἀφροδισίων
3243 3063 3396 3119 αὐτοῦ
3424 3059 3703 3139 χρήσεως,

2147 3151 2235 3209 καὶ
2267 3156 2358 3220 τῆς
2389 3150 2508 3229 περὶ
2530 3151 2617 3209 τὸν
2643 3154 2821 3230 χρῶτα
2855 3154 3012 3209 αὐτοῦ
3040 3150 3225 3227 ὀδμῆς,
3248 3147 3336 3206 καὶ
3367 3153 3458 3218 τῆς
3498 3149 3701 3224 εὐμορ-

2154 3319 2379 3368 babeant.
2417 3318 2622 3368 Proferri
2650 3322 2813 3368 autem
2848 3321 3046 3381 possunt
3063 3332 3133 3380 ,ex
3163 3316 3219 3367 iis
3244 3318 3328 3379 qui
3349 3330 3478 3365 nunc
3495 3316 3701 3375 vivunt,

2146 3410 2280 3458 reges
2304 3400 2556 3446 Persarum
2575 3399 2626 3446 et
2648 3397 2687 3447 si
2710 3397 2820 3459 quis
2837 3400 2909 3446 aet
2930 3397 3052 3446 alius
3070 3396 3216 3459 ampli
3244 3394 3428 3457 imperii
3445 3394 3668 3442 dominus
3684 3427 3700 3452 ,

2146 3490 2174 3525 e
2197 3475 2519 3538 superioribus
2548 3488 2665 3525 vero
2697 3488 2828 3537 regoe
2862 3474 3106 3537 Lydorum
3134 3477 3281 3536 atque
3313 3470 3596 3529 Medorum,
3623 3469 3701 3517 vel

2146 3553 2290 3602 etiam
2320 3552 2605 3602 vetustiores
2633 3556 2861 3615 Syrorum
2881 3589 2895 3612 ,
2915 3551 3092 3612 quibus
3112 3564 3256 3600 omne
3279 3547 3537 3611 voluptatis
3554 3559 3704 3609 genus

2147 3631 2387 3679 tentatum
2406 3633 2508 3689 est,
2532 3628 2653 3680 adeo
2679 3631 2732 3678 nt
2764 3627 2893 3691 apud
2919 3629 3082 3678 Persas
3102 3626 3196 3676 illis
3234 3626 3488 3689 praemium
3524 3624 3702 3672 consti·

2149 3709 2368 3755 tueretur
2385 3742 2401 3768 ,
2451 3705 2537 3767 qui
2569 3705 2870 3768 voluptatem
2901 3704 3111 3766 aliquam
3142 3716 3316 3752 novam
3353 3701 3701 3764 excogitarentg

2149 3785 2198 3831 et
2223 3781 2333 3843 jure
2374 3781 2568 3844 quidem
2606 3781 2790 3845 optimo
2830 3802 2842 3831 ε
2872 3781 3035 3830 statim
3065 3781 3190 3831 enim
3223 3779 3452 3828 diuturna
3483 3776 3705 3839 voluptas

2149 3865 2373 3910 naturam
2394 3860 2641 3910 hominum
2676 3860 2847 3924 satiat,
2877 3860 3068 3909 tametsi
3096 3859 3281 3909 curiose
3301 3871 3360 3907 ac
3395 3856 3558 3907 sedulo
3588 3867 3703 3903 con·

2149 3938 2326 4001 quisita
2365 3937 2527 3987 suerit.
2578 3940 2880 4000 Quapropter
2914 3950 3069 3998 quum
3119 3936 3332 3985 maxima
3364 3934 3435 3984 vis
3474 3931 3705 3982 novitatis

2148 4017 2236 4078 sit,
2280 4015 2615 4078 iucundiorem
2661 4016 2716 4065 ut
2759 4028 2861 4065 ease
2910 4014 3208 4077 voluptatem
3252 4027 3342 4063 nos
3392 4010 3702 4074 arbitremur,

2150 4109 2204 4145 ea
2224 4108 2321 4144 non
2343 4096 2417 4146 est
2432 4093 2728 4158 aspernanda
2742 4130 2756 4155 ‚
2776 4093 2859 4143 sed
2876 4105 3066 4142 summa
3088 4091 3332 4155 diligentia
3350 4087 3700 4150 investiganda,

2151 4172 2414 4234 praesertim
2437 4186 2588 4236 quum
2618 4171 2719 4233 eius
2733 4171 2964 4221 desiderio
2984 4171 3137 4220 multa
3153 4170 3293 4220 nobis
3316 4168 3493 4219 cibaria
3514 4169 3705 4230 reperta

2152 4250 2326 4298 luerint
2339 4286 2353 4309 ,
2369 4250 2522 4299 multa
2537 4248 2758 4311 bellaria,
2774 4248 2965 4298 suffitus
2978 4248 3097 4297 varii
3111 4285 3125 4309 ,
3146 4248 3390 4310 unguenta
3402 4258 3498 4295 non
3517 4256 3702 4307 pauca,

2152 4328 2460 4390 vestimenta,
2480 4327 2715 4390 stragula,
2755 4327 2952 4389 pocula,
2976 4329 3025 4375 et
3059 4325 3166 4375 alim
3189 4325 3239 4374 id
3271 4338 3422 4387 genus
3455 4337 3531 4373 res
3555 4342 3569 4372 ε
3591 4335 3706 4385 qum

2152 4405 2211 4453 ad
2257 4405 2552 4467 voluptatem
2593 4405 2754 4454 omnia
2800 4402 3107 4465 conducunt,
3148 4415 3299 4464 quum
3339 4401 3468 4451 illius
3505 4399 3706 4450 materia

2152 4486 2226 4531 est
2246 4482 2507 4544 eiusmodi,
2539 4484 2595 4531 ut
2633 4495 2740 4531 eam
2777 4484 2947 4530 natura
2978 4479 3184 4529 hominis
3204 4478 3521 4528 admiratione
3543 4490 3703 4540 prooe·

2152 4562 2348 4621 quatur,
2378 4558 2510 4621 quod
2530 4557 2724 4607 videtur
2759 4560 2808 4608 in
2834 4570 2955 4607 auro
2985 4558 3035 4606 et
3060 4558 3256 4618 argento
3278 4553 3532 4616 contigisse
3550 4588 3566 4614 ,
3593 4555 3706 4602 turn

2154 4634 2299 4684 etiam
2322 4635 2370 4683 in
2390 4635 2573 4695 multis,
2596 4646 2707 4697 quoe
2729 4647 2837 4683 rara
2867 4636 2981 4683 sunt
2995 4669 3011 4695 ,
3031 4635 3081 4681 et
3101 4633 3251 4682 oculis
3268 4633 3494 4694 placent,
3514 4633 3563 4680 et
3587 4643 3704 4691 qum

2153 4710 2392 4760 artificum
2418 4724 2562 4773 opera
2577 4710 2775 4760 solerter
2792 4711 3032 4760 elaborata
3054 4707 3433 4770 conspiciuntur.
3463 4728 3487 4751 u

2217 4789 2332 4838 Post
2352 4788 2457 4837 lioec
2480 4788 2606 4837 fatus
2623 4788 2778 4837 multa
2796 4787 2857 4837 de
2872 4787 2994 4850 regis
3011 4789 3264 4835 Persarum
3297 4784 3430 4834 cultu
3445 4822 3461 4845 ,
3474 4784 3642 4847 quales
3660 4786 3712 4833 et

2154 4867 2276 4928 quot
2298 4865 2342 4915 ei
2363 4865 2665 4926 ministrent,
2687 4865 2739 4915 in
2758 4868 2942 4916 Venere
2959 4878 3057 4926 quo
3083 4867 3227 4927 pacto
3251 4876 3303 4913 se
3323 4865 3486 4926 gerat,
3506 4874 3712 4912 suavem

2153 4942 2351 4993 odorem
2365 4957 2464 5006 quo
2474 4943 2619 4993 modo
2636 4943 2726 4993 sibi
2736 4944 2972 5004 conciliet,
2987 4957 3133 5007 quam
3152 4940 3342 4992 tuendae
3357 4942 3520 4991 sormae
3539 4952 3710 4988 curam

2157 5020 2407 5082 adhibeat,
2424 5032 2535 5083 quae
2565 5019 2629 5069 sit
2648 5019 2754 5081 ejus
2786 5033 2899 5069 cum
2916 5021 3021 5070 aliis
3046 5017 3374 5080 consuetudo,
3400 5015 3579 5080 quibus
3596 5030 3709 5078 spe-

2158 5097 2359 5147 ctaculis
2383 5098 2435 5148 et
2468 5098 2771 5148 sermonibus
2804 5096 3114 5159 exhilaretur,
3158 5095 3381 5145 omnium
3426 5093 3709 5154 homiuum,

2155 5188 2277 5237 quos
2298 5177 2427 5224 terra
2462 5175 2689 5236 sustinet,
2729 5175 2863 5224 illurn
2900 5187 3001 5224 esse
3033 5173 3364 5223 beatissimum
3398 5170 3557 5232 dixit,
3593 5170 3713 5233 quia
