4016 5916
567 422 679 473 240

564 556 679 600 tem
705 552 910 609 cantet,
941 558 1065 613 quae
1092 539 1303 593 crotala
1331 555 1470 593 auro
1491 536 1841 610 splendentia
1875 546 1932 590 et
1958 535 2112 609 genis

564 630 729 685 aeneis
773 625 1013 702 praedita
1056 624 1316 679 manibus
1366 624 1570 696 pulsat.
1630 645 1654 670 ι·
1708 623 1890 677 Metra
1937 620 2111 693 lyrica

563 717 781 772 subesse
803 713 1096 780 videntur,
1129 729 1250 784 quae
1280 709 1509 785 refingi,
1542 726 1716 781 quum
1745 726 1817 763 ne
1842 706 2115 764 sententia

566 802 796 877 quidem
825 810 1019 874 aperta
1041 800 1138 868 sit,
1158 797 1311 853 haud
1331 798 1490 853 facile
1511 805 1798 870 poterunt.
1823 797 1934 851 Pro
1953 790 2114 867 ὕμνον

565 890 726 945 editt.
747 890 886 945 Ven.
909 898 965 942 et
980 887 1142 944 Basil.
1165 885 1435 942 exhibent
1450 880 1644 955 ὕπνον;
1677 883 1907 939 sortasse
1928 893 2082 937 recte
2094 901 2112 952 3

563 996 695 1032 nam
713 972 869 1050 ὕμνος
890 993 1004 1030 vox
1032 976 1091 1029 in
1115 968 1313 1052 ᾄσματι
1338 972 1629 1027 offendere
1652 972 1842 1044 possit.
1863 972 2117 1027 Fortasse

562 1066 737 1140 igitur
762 1063 1033 1118 sententia
1061 1061 1198 1116 latet
1219 1059 1545 1132 hujusmodi
1583 1075 1598 1116 t
1640 1054 1883 1135 Ἄρτεμι,
1912 1054 1993 1113 σοὶ
2040 1052 2115 1131 μή

564 1172 614 1206 τι
639 1147 771 1230 φρὴν
796 1145 1038 1227 ἐφίμερον
1070 1144 1367 1227 (ἐφήμερον
1395 1144 1531 1201 edd.
1559 1144 1736 1221 vett.)
1768 1140 1928 1199 ὕπνον
1965 1139 2119 1199 εἰσιέ-

565 1258 679 1294 ναι·
706 1232 919 1305 τήλοθεν
945 1230 1068 1311 εὕδῃ
1098 1255 1175 1297 τις
1204 1230 1368 1310 [ὅταν
1405 1229 1499 1301 ἥδε
1536 1228 1801 1308 τινάσσω]
1831 1228 1967 1287 καλὰ
1990 1251 2119 1307 χρυ·

566 1320 794 1402 συφανέα
824 1317 1099 1399 κρέμὸαλα
1124 1315 1499 1397 χαλκοπαρήια
1536 1314 1733 1394 χερσίν,
1760 1342 1784 1366 ι
1835 1319 1874 1373 i.
1904 1336 1957 1374 e.
1998 1318 2122 1372 noli

559 1410 677 1482 jam
707 1408 932 1465 dulcem
962 1409 1108 1462 inire
1136 1425 1427 1476 somnum;
1473 1404 1675 1478 procul
1716 1404 1857 1459 absit
1897 1402 2119 1458 dormi-

569 1509 726 1552 turus
755 1512 976 1550 necesse
1007 1505 1114 1564 est,
1150 1492 1378 1568 quando
1411 1510 1515 1567 ego
1542 1490 1661 1546 haec
1695 1490 1931 1545 crotalas
1974 1508 2121 1563 qua-

569 1586 721 1639 tiam.
756 1608 780 1633 u

1303 1684 1392 1739 16.

648 1824 975 1891 Argument.
1006 1812 1080 1868 ad
1108 1813 1303 1886 Eurip.
1337 1810 1595 1866 Medeam
1628 1829 1642 1868 ε
1674 1808 1751 1868 Τὸ
1776 1808 1954 1887 δρᾶμα
1983 1807 2126 1864 δοκεῖ

573 1899 927 1969 ὓποὸαλέσθαι
953 1907 1059 1970 (sc.
1090 1900 1117 1954 6
1147 1896 1463 1976 Εὐριπίδης)
1499 1893 1645 1974 παρὰ
1683 1892 1973 1972 Νεόφρονος
2006 1893 2120 1951 δια·

573 1985 857 2058 σκευάσας,
887 1990 957 2052 ὡς
989 1982 1310 2064 Δικαίαρχός
1330 2006 1388 2040 τε
1433 1982 1564 2062 Περὶ
1591 1986 1681 2039 τοῦ
1719 1980 1972 2046 Ἑλλάδος
2006 1979 2126 2059 βίου

574 2073 664 2133 καὶ
692 2071 1044 2154 Ἀριστοτέλης
1067 2072 1121 2128 ἑν
1141 2069 1542 2147 Ὑπομνήμασι.
1564 2102 1646 2115 -
1667 2071 1817 2128 Olim
1837 2071 2129 2145 legebatur

576 2160 931 2221 ὖποὸαλέσθαι
986 2157 1386 2237 γενναιοφρόνως
1448 2152 1862 2235 (παναιόφρονος
1911 2159 1972 2210 in
2032 2155 2124 2211 ed.

575 2248 780 2327 Rom.)
814 2248 987 2305 διασκ.
1013 2246 1347 2320 Emendavit
1368 2241 1683 2316 Elmslejus,
1700 2242 2131 2317 suffragantibus

582 2339 949 2405 Hermanno,
998 2334 1227 2404 Naekio,
1274 2333 1413 2388 aliis.
1463 2332 1547 2389 Cf.
1597 2332 1767 2404 Diog.
1817 2331 2005 2387 Laert.
2040 2329 2128 2397 11,

584 2424 722 2494 1343
748 2425 1019 2498 Wagner.
1058 2422 1280 2496 Fragm.
1319 2420 1684 2493 Tragicorum
1709 2435 1769 2490 p.
1804 2432 1876 2470 20
1905 2414 1996 2470 ed.
2029 2417 2133 2470 Di-

577 2510 699 2565 dot.
726 2512 849 2565 Jam
878 2526 1014 2563 vero
1044 2525 1181 2562 num
1218 2518 1476 2581 putemus
1502 2503 1890 2559 Dicaearchum
1915 2503 1975 2555 in
2003 2497 2130 2558 Βίου

575 2597 737 2652 libris
776 2595 956 2651 tribus
995 2594 1289 2648 historiam
1327 2592 1671 2665 tragicorum
1704 2588 2132 2660 fabularumque

576 2700 751 2738 scenae
781 2681 1200 2737 commissarum
1233 2678 1361 2732 data
1391 2694 1564 2750 opera
1587 2683 1949 2750 prosecutum
1977 2673 2132 2731 esse?

572 2770 707 2824 Non
733 2779 895 2842 puto.
925 2769 1051 2821 Imo
1088 2783 1263 2838 quum
1289 2763 1693 2836 Neophronem
1735 2770 1951 2816 constet
1987 2762 2136 2815 anti-

580 2856 796 2926 quioris
829 2852 1116 2927 tragoediae
1156 2868 1343 2905 mores
1368 2852 1656 2924 migrasse,
1697 2859 1762 2903 ut
1788 2849 1887 2921 qui
1919 2850 2135 2920 primus

575 2937 919 3015 paedagogos
968 2947 1023 2994 et
1082 2954 1376 2994 servorum
1422 2946 1703 2991 tormenta
1755 2934 2136 2992 introduxerit

582 3023 812 3100 (Suidas
835 3045 892 3080 v.
924 3021 1220 3102 Νεόφρων);
1241 3023 1514 3097 ejusmodi
1540 3033 1728 3100 autem
1748 3025 2136 3080 innovationes

577 3129 759 3185 quum
805 3130 836 3167 e
885 3113 1011 3166 vitae
1055 3112 1297 3185 publicae
1335 3111 1570 3167 historia
1618 3109 1961 3184 explicandae
2005 3128 2136 3165 cum

576 3216 760 3271 eaque
789 3197 1197 3272 componendae
1241 3199 1351 3252 sint
1400 3217 1416 3253 z
1463 3198 1738 3272 aptissime
1774 3196 2136 3270 Neophronis

578 3285 814 3359 ejusque
840 3287 1128 3341 sectator-is
1167 3284 1453 3360 Euripidis
1477 3286 1691 3341 mentio
1722 3285 1780 3338 in
1819 3285 1945 3340 vita
1972 3284 2130 3340 Grae-

580 3374 682 3427 ciae
708 3371 830 3428 fieri
857 3375 1065 3448 potuit.

1318 3496 1408 3546 17.

666 3589 950 3647 Plutarch.
978 3588 1181 3663 Agesil.
1213 3607 1262 3646 c,
1297 3591 1390 3662 19,
1419 3584 1451 3641 5
1487 3607 1501 3642 ε
1526 3583 1681 3644 Ἐπεὶ
1707 3583 1762 3642 δὲ
1787 3583 2138 3656 ἀπενόστησεν

578 3672 793 3746 οἴκαδε,
844 3672 1132 3753 προσφιλὴς
1180 3670 1275 3749 μὲν
1315 3664 1381 3744 ἦν
1427 3670 1572 3738 εὐθὺς
1615 3676 1721 3739 τοῖς
1764 3671 2003 3738 πολίταις
2048 3670 2139 3730 καὶ

584 3759 926 3839 περίὸλεπτος
963 3757 1069 3816 ἀπὸ
1110 3764 1201 3817 τοῦ
1243 3757 1358 3837 βίου
1386 3758 1477 3817 καὶ
1502 3763 1596 3830 τῆς
1624 3759 1849 3831 διαίτης·
1896 3761 1955 3817 οὗ
2001 3758 2136 3838 γὰρ,

581 3844 765 3927 ὥσπερ
794 3849 842 3904 οἱ
875 3847 1111 3904 πλεῖστοι
1139 3849 1240 3904 τῶν
1277 3849 1616 3928 στρατηγῶν,
1647 3846 1820 3912 καινὸς
1848 3847 2136 3918 ἐπανῆλθεν

651 4098 868 4150 Medeam
885 4098 1098 4149 fabulam
1117 4018 1678 4163 Euripidgsetraetandam
1690 4099 1779 4151 sibi
1792 4099 2046 4164 sumpsisse
2065 4099 2141 4149 vi-

585 4175 751 4238 detur,
774 4175 1042 4239 argumenti
1079 4173 1444 4227 adornationem
1465 4174 1736 4238 tabulaeque
1767 4177 2089 4226 oeconomiam
2113 4189 2142 4226 a

589 4252 875 4315 Neophrone
897 4253 1168 4313 mutuatus,
1204 4253 1331 4302 teste
1380 4252 1658 4302 Dieoeareho
1682 4253 1733 4302 in
1772 4266 1917 4316 opere
1942 4253 2003 4304 de
2031 4255 2144 4303 Vita

586 4331 790 4380 Graeciae
819 4331 869 4380 et
895 4330 1148 4380 Aristotele
1165 4329 1215 4379 in
1237 4331 1624 4383 Commentariis.

654 4496 898 4559 Agesilaus
924 4494 1078 4545 redux
1113 4507 1254 4544 carus
1270 4414 1435 4545 staltim
1452 4497 1502 4545 et
1531 4496 1582 4545 in
1609 4494 1925 4546 admiratione
1960 4495 2146 4546 civibus

588 4580 692 4629 suis
707 4580 901 4641 propter
913 4591 1073 4630 mores
1096 4579 1309 4642 viiaeque
1332 4580 1567 4630 rationem
1590 4579 1697 4630 ruit.
1734 4582 1840 4632 Non
1862 4579 1991 4630 enim
2013 4581 2145 4643 quod

592 4655 810 4718 plerique
840 4669 1008 4706 omnes
1052 4657 1366 4721 imperatores
1400 4658 1588 4709 faciunt
1601 4696 1616 4722 ,
1670 4672 1734 4709 ex
1767 4659 2147 4722 peregrinatione

595 4734 742 4794 alius,
783 4733 861 4784 vel
900 4735 1113 4786 externis
1147 4738 1362 4788 moribus
1388 4740 1552 4789 motus
1594 4739 1858 4789 domestica
1894 4738 2145 4790 fastidiens

595 4821 947 4873 aspernansque
966 4812 1131 4875 rediit,
1151 4813 1232 4864 sed
1248 4814 1442 4878 perinde
1460 4816 1606 4878 atque
1619 4816 1650 4865 ii
1670 4814 1751 4879 qui
1768 4818 1998 4866 Eurotam
2017 4829 2143 4865 nun-

596 4897 742 4947 quam
774 4885 1091 4951 transiissent,
1115 4891 1290 4953 patrias
1324 4891 1696 4943 consuetudines
1732 4891 2015 4955 amplexus,
2046 4905 2143 4942 non

596 4976 781 5013 menam
798 4963 1097 5031 immutavit,
1117 4981 1214 5018 non
1233 4969 1477 5021 lavacrum
1490 5008 1506 5035 ,
1526 4984 1623 5021 non
1639 4971 1802 5022 uxoris
1820 4972 2028 5034 cultum,
2046 4985 2142 5021 non

591 5054 840 5093 armorum
859 5046 1143 5107 apparatum
1156 5083 1172 5109 ,
1205 5060 1300 5097 non
1320 5047 1552 5112 aeffiflcia3
1587 5048 1706 5113 quin
1724 5051 1773 5100 et
1794 5049 1922 5101 fores
1952 5048 2142 5100 easdem

595 5119 813 5184 reliquit,
836 5121 905 5171 ita
940 5123 1179 5186 vetustas,
1207 5126 1264 5176 ut
1286 5137 1356 5175 ear
1390 5126 1505 5188 ipsoe
1530 5126 1678 5176 videri
1719 5127 1994 5190 potuerint,
2025 5140 2145 5191 quas

1738 402 2166 464 DICAEARCffl
2207 401 2561 461 MESSENII

2201 530 2304 589 ἀπὸ
2325 535 2416 601 τῆς
2440 529 2581 601 ξένης
2608 531 2697 589 καὶ
2720 532 3050 609 κεκινημένος
3077 532 3165 589 ὑπ’
3198 532 3481 613 ἀλλοτρίων
3510 537 3639 594 ἐθῶν
3664 535 3760 595 καὶ

2201 619 2550 677 δυσκολαίνων
2597 617 2725 697 πρὸς
2775 618 2842 676 τὰ
2889 618 3021 677 οἴκοι
3072 618 3164 678 καὶ
3214 622 3528 700 ζυγομαχῶν
3549 667 3567 698 ,
3619 623 3761 682 ἀλλὰ

2202 704 2391 782 ὁμοίως
2421 712 2526 771 τοῖς
2571 702 2919 781 μηδεπώποτε
2969 705 3057 763 τὸν
3109 704 3361 785 Εὐρώταν
3412 707 3760 780 διαὸεὸηκόσι

2202 792 2269 850 τὰ
2311 791 2546 871 παρόντα
2586 795 2751 869 τιμιῗθ
2778 791 2870 851 καὶ
2898 791 3126 872 στέργων
3167 794 3226 851 οὐ
3272 794 3475 853 δεῖπνον
3505 795 3761 871 ἤλλαξεν,

2202 879 2262 936 οὗ
2283 878 2527 959 λουτρὸν,
2548 878 2606 937 οὗ
2627 877 2904 959 θεραπείαν
2923 878 3195 957 γυναικὸς,
3220 879 3320 959 οὐχ
3336 879 3511 938 ὅπλων
3530 880 3760 958 κόσμον,

2204 969 2298 1027 οὔκ
2342 965 2505 1033 οἰκίας
2540 965 2898 1042 κατασκευὴν,
2929 965 3066 1026 ἀλλὰ
3103 967 3194 1026 καὶ
3231 966 3324 1035 τὰς
3358 969 3515 1047 θύρας
3556 971 3759 1051 ἀφῆκεν

2205 1053 2365 1122 οὕτως
2393 1053 2548 1121 οὔσας
2576 1055 2773 1136 σφόδρα
2801 1052 3063 1127 παλαιὰς,
3089 1058 3161 1122 ὣς
3193 1056 3362 1114 δοκεῖν
3392 1048 3525 1114 εἶναι
3563 1058 3761 1126 ταύτας

2205 1141 2404 1209 ἐκείνας
2440 1140 2498 1208 ἃς
2526 1142 2772 1215 ἐπέθηκεν
2816 1141 3204 1223 Ἀριστόδημος.
3248 1143 3361 1204 Καὶ
3401 1142 3474 1201 τὶν
3502 1144 3760 1226 κάναθρόν

2207 1251 2361 1310 φησιν
2389 1233 2418 1289 6
2444 1232 2688 1311 Ξενοφῶν
2716 1227 2861 1288 οὐδέν
2891 1252 2943 1287 τι
2971 1229 3276 1308 σεμνότερον
3297 1222 3429 1289 εἶναι
3449 1234 3542 1303 τῆς
3565 1233 3763 1290 ἐκείνου

2207 1315 2452 1398 θυγατρὸς
2486 1313 2521 1388 ἢ
2550 1319 2651 1375 τῶν
2680 1315 2874 1378 ἄλλων.
2909 1317 3159 1399 Κάναθρα
3190 1316 3245 1376 δὲ
3273 1320 3519 1377 καλοῦσιν
3570 1317 3763 1377 εἴδωλα

2206 1407 2416 1483 γρυπῶν
2447 1403 2621 1471 ξύλινα
2666 1402 2757 1461 καὶ
2782 1402 3120 1483 τραγελάφων
3149 1406 3203 1462 ἐν
3240 1394 3312 1470 οἷς
3352 1404 3629 1482 κομίζουσι
3665 1404 3763 1473 τὰς

2209 1492 2399 1559 παῖδας
2425 1494 2478 1550 ἐν
2503 1499 2617 1558 ταῖς
2643 1498 2905 1567 πομπαῖς.
2942 1490 3010 1553 Ὁ
3042 1490 3135 1568 μὲν
3174 1481 3261 1550 οὗν
3306 1494 3554 1574 Ξενοφῶν
3594 1493 3762 1572 ὄνομα

2211 1583 2301 1650 τῆς
2322 1578 2631 1658 Ἀγησιλάου
2651 1576 2902 1660 θυγατρὸς
2924 1580 2980 1637 οὗ
3004 1581 3257 1660 γέγραφε·
3279 1579 3370 1639 καὶ
3391 1583 3420 1639 6
3443 1580 3766 1661 Δικαίαρχος

2216 1665 2673 1744 ἐπηγανάκτησεν,
2720 1669 2789 1732 ὡς
2826 1664 2959 1741 μήτε
3003 1664 3099 1737 τὴν
3146 1665 3459 1742 Ἀγησιλάου
3501 1669 3763 1748 θυγατέρα

2213 1752 2348 1829 μήτε
2397 1751 2493 1824 τὴν
2548 1750 2948 1829 Ἐπαμινώνδου
3005 1752 3209 1834 μητέρα
3274 1753 3353 1813 ἔτι
3402 1756 3764 1833 γινωσκόντων

2213 1842 2385 1916 ἡμῶν.
2412 1839 2598 1917 Ἡμεῖς
2626 1838 2680 1898 δὲ
2709 1837 2928 1921 εὕρομεν
2952 1842 3004 1897 ἐν
3033 1841 3146 1907 ταῖς
3175 1843 3506 1909 Λακωνικαῖς
3534 1845 3766 1922 ἀναγρα-

2215 1932 2331 2007 φαῖς
2360 1925 2743 2004 ὀνομαζομένην
2768 1928 2989 2003 γυναῖκα
3016 1925 3109 2003 μὲν
3135 1926 3448 2005 Ἀγησιλάου
3487 1929 3763 2011 Κλεόραν,

2215 2014 2496 2094 θυγατέρας
2525 2013 2579 2072 δὲ
2612 2013 2892 2074 Εὐπωλίαν
2919 2015 3010 2073 καὶ
3051 2016 3347 2094 Προλύταν.

2294 2105 2559 2177 Suspicor
2579 2104 2966 2159 Dicaearchum
2985 2103 3182 2160 eadem
3209 2105 3327 2162 sere
3353 2117 3523 2180 atque
3549 2107 3765 2164 Plutar-

2217 2194 2382 2248 chum
2420 2194 2458 2247 l.
2493 2192 2533 2247 l.
2578 2210 2827 2247 narrasse
2869 2191 2941 2247 de
2978 2193 3235 2268 Agesilao
3266 2193 3496 2268 ejusque
3523 2195 3762 2266 familia,

2215 2290 2413 2353 utpote
2445 2279 2631 2352 quiin
2666 2290 2818 2335 tanta
2857 2297 3084 2335 morum
3116 2282 3536 2337 Laconicorum
3576 2293 3764 2339 muta-

2219 2368 2372 2422 tione
2413 2366 2656 2439 priscam
2698 2365 3106 2439 simplicitatem
3149 2360 3505 2425 retinuerint.
3555 2371 3770 2441 Quodsi

2217 2465 2298 2509 est
2314 2495 2330 2523 ,
2353 2454 2630 2526 aptissime
2653 2451 3023 2527 fragmentum
3046 2454 3118 2510 ad
3148 2456 3328 2512 Vitam
3352 2457 3578 2513 Graeciae
3600 2459 3769 2514 rescr-

2220 2551 2343 2610 tur3
2385 2540 2659 2613 facileque
2688 2537 2812 2595 fieri
2851 2542 3042 2614 potuit
3071 2552 3136 2596 ut
3170 2541 3300 2598 data
3326 2544 3432 2599 hac
3476 2548 3769 2601 occasione

2218 2638 2477 2682 moneret
2522 2644 2639 2680 non
2682 2628 2864 2682 solum
2900 2629 3141 2703 Agesilai
3188 2626 3347 2699 filiae,
3390 2629 3491 2685 sed
3533 2632 3768 2686 aliarum

2220 2715 2386 2768 etiam
2412 2714 2644 2768 nomina
2666 2732 2789 2787 quae
2815 2713 2887 2770 ad
2912 2714 3485 2771 celebratissimorum
3515 2711 3771 2774 irirorum

2217 2802 2509 2857 historiam
2529 2802 2849 2873 pertineant
2864 2841 2880 2871 ,
2905 2818 3051 2876 aegre
3076 2800 3404 2860 desiderari.
3431 2805 3690 2860 Ceterum
3726 2808 3772 2862 si

2222 2888 2379 2944 malis
2407 2886 2521 2942 haec
2550 2889 2722 2962 petita
2748 2906 2862 2943 esse
2888 2906 2918 2943 e
2940 2889 3108 2957 libro,
3139 2888 3238 2944 ubi
3266 2890 3338 2945 de
3367 2890 3518 2947 festis
3544 2893 3773 2967 Sparta-

2221 2979 2305 3032 nis
2348 2994 2530 3032 sermo
2576 2976 2772 3045 suerit,
2810 2979 2924 3032 sive
2964 2977 3038 3033 ad
3073 2975 3195 3034 Βίον
3245 2975 3502 3043 Ἑλλάδος
3548 2982 3663 3036 sive
3700 2982 3776 3038 ad

2221 3062 2376 3120 aliud
2397 3082 2538 3137 opus
2564 3063 2878 3135 referendo,
2905 3067 3114 3120 erroris
3140 3068 3400 3123 convinci
3420 3069 3512 3124 vix
3534 3073 3772 3143 poteris.

2960 3183 3048 3243 18.

2676 3301 2719 3356 E
2763 3302 2986 3358 LIBRO
3028 3302 3323 3361 TERTIO.

2304 3412 2602 3467 Athenaeus
2621 3413 2784 3483 XIII,
2809 3431 2866 3487 p.
2888 3410 3020 3484 557,
3046 3414 3088 3468 B
3123 3433 3136 3468 ε
3172 3410 3442 3480 Φίλιππος
3466 3415 3509 3470 δ’
3538 3417 3565 3471 6
3587 3416 3781 3473 Μακε-

2231 3495 2333 3554 δὼν
2383 3498 2478 3555 οὐκ
2518 3496 2742 3573 ἐπήγετο
2798 3495 2892 3575 μὲν
2934 3500 3005 3564 εἷς
3045 3497 3160 3565 τοὺς
3205 3498 3460 3576 πολέμους
3508 3510 3777 3578 γυναῖκας,

2229 3584 2405 3664 ὥσπερ
2437 3587 2649 3664 Δαρεῖος
2675 3587 2703 3642 6
2731 3584 2823 3643 ὑπ’
2851 3583 3183 3666 Ἀλεξάνδρου
3211 3586 3541 3654 καταλυθείς·
3571 3587 3625 3655 ὃς
3649 3589 3774 3668 περὶ

2227 3674 2329 3730 τῶν
2351 3667 2487 3729 ὅλων
2524 3672 2769 3748 πολεμῶν
2811 3672 3120 3752 τριακοσίας
3147 3673 3468 3745 πεντήκοντα
3497 3676 3781 3754 περιήγετο

2226 3757 2528 3832 παλλακὰς,
2565 3762 2635 3826 ὡς
2661 3761 2853 3838 ἱστορεῖ
2882 3758 3200 3840 Δικαίαρχος
3227 3764 3280 3820 ἕν
3318 3761 3472 3841 τρίτῳ
3511 3763 3646 3841 Περὶ
3689 3769 3783 3823 τοῦ

2228 3850 2318 3917 τῆς
2339 3844 2594 3913 εΕλλιιίδος
2626 3846 2757 3925 βίου.

2231 4014 2558 4064 Aristodemus
2580 4013 2773 4064 fecerat.
2791 4015 3089 4065 Canathrum
3112 4028 3299 4081 quoque
3325 4014 3471 4064 filiam
3494 4013 3598 4077 ejus
3625 4016 3784 4067 nihilo

2230 4106 2377 4156 quam
2400 4092 2602 4143 aliorum
2625 4091 2752 4144 filias
2768 4093 3017 4156 pulchrius
3037 4094 3257 4146 habuisse
3287 4094 3553 4157 Xenophon
3590 4095 3780 4147 scribit.

2229 4173 2353 4221 Sunt
2377 4173 2540 4220 autem
2552 4171 2783 4221 canathra
2804 4171 3032 4234 imagines
3048 4173 3286 4236 gryphum
3300 4175 3347 4222 et
3367 4171 3783 4236 hitoocervorum,

2228 4245 2276 4294 in
2305 4247 2479 4310 quibus
2497 4247 2618 4297 filias
2638 4247 2823 4298 vehunt
2838 4248 2890 4297 in
2905 4249 3108 4312 pompis.
3131 4253 3314 4300 Nomen
3325 4248 3518 4313 quidem
3540 4249 3650 4300 filiae
3668 4256 3783 4315 Age·

2229 4325 2335 4374 silai
2362 4339 2459 4376 non
2476 4326 2723 4389 perhibuit
2746 4328 3029 4391 xenophon,
3049 4330 3101 4379 et
3137 4328 3444 4379 Dicaearchus
3467 4330 3686 4392 queritur
3703 4343 3783 4380 ne·

2229 4415 2326 4464 que
2348 4402 2689 4466 Epaminondae
2718 4404 2887 4454 matris
2909 4417 3068 4468 neque
3099 4406 3301 4469 Agesilai
3323 4406 3432 4456 illias
3452 4419 3628 4457 nomen
3645 4407 3785 4457 nobis

2229 4482 2398 4529 notum
2417 4492 2534 4531 esse.
2561 4483 2743 4531 Verum
2760 4494 2849 4531 nos
2879 4481 2928 4532 in
2955 4482 3199 4534 Laconicis
3224 4483 3582 4534 commentariis
3602 4483 3782 4547 reperi·

2229 4569 2338 4606 mus
2355 4556 2553 4619 Agesilai
2572 4571 2773 4608 uxorem
2800 4559 3020 4608 Cieoram
3033 4598 3047 4622 ,
3064 4558 3186 4610 filias
3205 4561 3454 4624 Eupoliam
3467 4563 3516 4611 et
3542 4560 3783 4625 Prolytam

2229 4633 2498 4683 nominatas
2521 4634 2677 4685 fuisse.

2957 4728 3042 4779 18.

2292 4816 2537 4880 Philippus
2563 4817 2760 4869 Macedo
2793 4820 2843 4869 in
2875 4819 3059 4870 bellicis
3077 4818 3272 4882 quidem
3297 4818 3681 4882 expeditionibus
3705 4833 3784 4871 se·

2230 4906 2342 4943 cum
2361 4906 2458 4943 non
2476 4893 2803 4945 circumduxit
2817 4896 3066 4959 mulieres,
3082 4894 3214 4959 quod
3237 4895 3412 4946 Darius
3432 4897 3604 4947 fecitis
3623 4898 3708 4960 qui
3721 4897 3786 4949 ab

2229 4971 2502 5023 Alexandro
2520 4972 2789 5025 debellatus
2805 4977 2904 5037 est;
2920 4975 3001 5038 qui
3018 4989 3166 5038 quum
3184 4975 3246 5026 de
3266 4989 3457 5026 summa
3475 4976 3660 5039 imperii
3680 4976 3785 5027 bel·

2228 5050 2330 5099 lum
2353 5053 2566 5112 gereret,
2593 5052 2827 5102 trecentas
2848 5054 2898 5102 et
2922 5051 3263 5114 quinquaginta
3289 5052 3480 5115 pellices
3497 5066 3664 5103 secum
3695 5054 3787 5104 cir·

2229 5141 2289 5178 cu
2297 5125 2486 5179 induxit
2496 5161 2513 5189 ,
2529 5129 2584 5177 ut
2596 5127 2742 5178 tradit
2754 5127 3056 5180 Dicaearchus
3068 5127 3193 5178 libro
3207 5129 3350 5180 tertio
3363 5132 3436 5179 De
3451 5131 3547 5180 viia
3564 5129 3788 5181 Groec-iae.
