<?xml version="1.0" encoding="UTF-8"?>
<!DOCTYPE html PUBLIC "-//W3C//DTD XHTML 1.0 Transitional//EN"
    "http://www.w3.org/TR/xhtml1/DTD/xhtml1-transitional.dtd">
<html xmlns="http://www.w3.org/1999/xhtml" xml:lang="en" lang="en">
 <head>
  <title>
</title>
<meta http-equiv="Content-Type" content="text/html;charset=utf-8" />
  <meta name='ocr-system' content='tesseract 3.04.00' />
  <meta name='ocr-capabilities' content='ocr_page ocr_carea ocr_par ocr_line ocrx_word'/>
</head>
<body>
  <div class='ocr_page' id='page_1' title='image "./fragmentahistor00mgoog_0406.png"; bbox 0 0 4016 5916; ppageno 0'>
   <div class='ocr_carea' id='block_1_1' title="bbox 1630 401 2580 537">
    <p class='ocr_par' dir='ltr' id='par_1_1' title="bbox 1630 401 2580 537">
     <span class='ocr_line' id='line_1_1' title="bbox 1630 401 2580 537; baseline -0.003 -3"><span class='ocrx_word' id='word_1_1' title='bbox 1630 401 2580 537; x_wconf 86' lang='lat' dir='ltr'>ANDRONES.</span> 
     </span>
    </p>
   </div>
   <div class='ocr_carea' id='block_1_2' title="bbox 1839 733 2401 769">
    <p class='ocr_par' dir='ltr' id='par_1_2' title="bbox 1839 733 2401 769">
     <span class='ocr_line' id='line_1_2' title="bbox 1839 733 2401 769; baseline 0 5147"><span class='ocrx_word' id='word_1_2' title='bbox 1839 733 2401 769; x_wconf 95' lang='lat' dir='ltr'> </span> 
     </span>
    </p>
   </div>
   <div class='ocr_carea' id='block_1_3' title="bbox 510 965 2079 4500">
    <p class='ocr_par' dir='ltr' id='par_1_3' title="bbox 513 965 2073 1303">
     <span class='ocr_line' id='line_1_3' title="bbox 607 965 2068 1043; baseline -0.005 -16"><span class='ocrx_word' id='word_1_3' title='bbox 607 970 906 1029; x_wconf 81' lang='lat' dir='ltr'>Andrones</span> <span class='ocrx_word' id='word_1_4' title='bbox 950 967 1342 1043; x_wconf 80' lang='lat' dir='ltr'>distinguimus</span> <span class='ocrx_word' id='word_1_5' title='bbox 1391 977 1683 1039; x_wconf 82' lang='lat' dir='ltr'>quattuor,</span> <span class='ocrx_word' id='word_1_6' title='bbox 1736 965 2068 1038; x_wconf 85' lang='lat' dir='ltr'>Ephesium,</span> 
     </span>
     <span class='ocr_line' id='line_1_4' title="bbox 514 1051 2073 1128; baseline -0.006 -14"><span class='ocrx_word' id='word_1_7' title='bbox 514 1061 1045 1115; x_wconf 81' lang='lat' dir='ltr'>Halicarnassensem</span> <span class='ocrx_word' id='word_1_8' title='bbox 1057 1097 1072 1124; x_wconf 91' lang='lat'>,</span> <span class='ocrx_word' id='word_1_9' title='bbox 1088 1056 1309 1128; x_wconf 89' lang='lat' dir='ltr'>Tejum,</span> <span class='ocrx_word' id='word_1_10' title='bbox 1332 1051 1796 1110; x_wconf 85' lang='lat' dir='ltr'>Alexandrinum.</span> <span class='ocrx_word' id='word_1_11' title='bbox 1815 1053 2073 1122; x_wconf 86' lang='lat' dir='ltr'>Quorum</span> 
     </span>
     <span class='ocr_line' id='line_1_5' title="bbox 513 1138 2073 1218; baseline -0.004 -19"><span class='ocrx_word' id='word_1_12' title='bbox 513 1148 765 1201; x_wconf 87' lang='lat' dir='ltr'>omnium</span> <span class='ocrx_word' id='word_1_13' title='bbox 792 1145 1015 1201; x_wconf 87' lang='lat' dir='ltr'>enotavi</span> <span class='ocrx_word' id='word_1_14' title='bbox 1030 1143 1356 1218; x_wconf 83' lang='lat' dir='ltr'>fragmenta,</span> <span class='ocrx_word' id='word_1_15' title='bbox 1374 1141 1475 1196; x_wconf 84' lang='lat' dir='ltr'>etsi</span> <span class='ocrx_word' id='word_1_16' title='bbox 1498 1140 1767 1213; x_wconf 83' lang='lat' dir='ltr'>Ephesius</span> <span class='ocrx_word' id='word_1_17' title='bbox 1788 1138 1881 1194; x_wconf 91' lang='lat' dir='ltr'>ille</span> <span class='ocrx_word' id='word_1_18' title='bbox 1903 1150 2073 1211; x_wconf 87' lang='lat' dir='ltr'>atque</span> 
     </span>
     <span class='ocr_line' id='line_1_6' title="bbox 513 1223 2066 1303; baseline -0.007 -14"><span class='ocrx_word' id='word_1_19' title='bbox 513 1232 679 1303; x_wconf 86' lang='lat' dir='ltr'>Tejus</span> <span class='ocrx_word' id='word_1_20' title='bbox 692 1251 760 1289; x_wconf 83' lang='lat' dir='ltr'>ex</span> <span class='ocrx_word' id='word_1_21' title='bbox 779 1231 1016 1287; x_wconf 87' lang='lat' dir='ltr'>instituti</span> <span class='ocrx_word' id='word_1_22' title='bbox 1030 1232 1208 1285; x_wconf 81' lang='lat' dir='ltr'>nostri</span> <span class='ocrx_word' id='word_1_23' title='bbox 1220 1230 1438 1286; x_wconf 89' lang='lat' dir='ltr'>ratione</span> <span class='ocrx_word' id='word_1_24' title='bbox 1457 1227 1641 1284; x_wconf 89' lang='lat' dir='ltr'>omitti</span> <span class='ocrx_word' id='word_1_25' title='bbox 1655 1226 1964 1300; x_wconf 85' lang='lat' dir='ltr'>potuissent</span> <span class='ocrx_word' id='word_1_26' title='bbox 1977 1223 2043 1302; x_wconf 70' lang='lat'>(¹⁵)</span> <span class='ocrx_word' id='word_1_27' title='bbox 2053 1266 2066 1279; x_wconf 96' lang='lat'>.</span> 
     </span>
    </p>

    <p class='ocr_par' dir='ltr' id='par_1_4' title="bbox 510 1310 2073 3293">
     <span class='ocr_line' id='line_1_7' title="bbox 592 1310 2073 1391; baseline -0.004 -18"><span class='ocrx_word' id='word_1_28' title='bbox 592 1320 826 1374; x_wconf 78' lang='lat' dir='ltr'>Andron</span> <span class='ocrx_word' id='word_1_29' title='bbox 849 1316 1123 1391; x_wconf 69' lang='lat' dir='ltr'>Ephesius</span> <span class='ocrx_word' id='word_1_30' title='bbox 1149 1332 1405 1389; x_wconf 73' lang='lat' dir='ltr'>expresse</span> <span class='ocrx_word' id='word_1_31' title='bbox 1439 1316 1645 1369; x_wconf 86' lang='lat' dir='ltr'>citatur</span> <span class='ocrx_word' id='word_1_32' title='bbox 1676 1313 1817 1368; x_wconf 88' lang='lat' dir='ltr'>locis</span> <span class='ocrx_word' id='word_1_33' title='bbox 1844 1310 2073 1367; x_wconf 88' lang='lat' dir='ltr'>duobus</span> 
     </span>
     <span class='ocr_line' id='line_1_8' title="bbox 517 1389 2072 1472; baseline -0.005 -20"><span class='ocrx_word' id='word_1_34' title='bbox 517 1396 536 1472; x_wconf 90' lang='lat'><strong>(</strong></span> <span class='ocrx_word' id='word_1_35' title='bbox 558 1398 631 1455; x_wconf 89' lang='lat' dir='ltr'>sr.</span> <span class='ocrx_word' id='word_1_36' title='bbox 659 1415 692 1452; x_wconf 78' lang='lat'><em>2</em></span> <span class='ocrx_word' id='word_1_37' title='bbox 719 1407 775 1453; x_wconf 90' lang='lat' dir='ltr'>et</span> <span class='ocrx_word' id='word_1_38' title='bbox 805 1395 904 1470; x_wconf 84' lang='lat'>5),</span> <span class='ocrx_word' id='word_1_39' title='bbox 927 1414 1072 1469; x_wconf 90' lang='lat' dir='ltr'>quos</span> <span class='ocrx_word' id='word_1_40' title='bbox 1095 1395 1443 1468; x_wconf 84' lang='lat' dir='ltr'>comparanti</span> <span class='ocrx_word' id='word_1_41' title='bbox 1470 1411 1599 1447; x_wconf 85' lang='lat' dir='ltr'>cum</span> <span class='ocrx_word' id='word_1_42' title='bbox 1622 1392 1688 1446; x_wconf 88' lang='lat' dir='ltr'>iis</span> <span class='ocrx_word' id='word_1_43' title='bbox 1710 1409 1835 1464; x_wconf 86' lang='lat' dir='ltr'>quae</span> <span class='ocrx_word' id='word_1_44' title='bbox 1860 1389 1933 1445; x_wconf 81' lang='lat' dir='ltr'>fr.</span> <span class='ocrx_word' id='word_1_45' title='bbox 1962 1408 1985 1445; x_wconf 90' lang='lat'>1</span> <span class='ocrx_word' id='word_1_46' title='bbox 2016 1400 2072 1445; x_wconf 89' lang='lat' dir='ltr'>et</span> 
     </span>
     <span class='ocr_line' id='line_1_9' title="bbox 513 1477 2069 1558; baseline -0.007 -17"><span class='ocrx_word' id='word_1_47' title='bbox 513 1485 548 1540; x_wconf 91' lang='lat'>6</span> <span class='ocrx_word' id='word_1_48' title='bbox 574 1504 645 1540; x_wconf 75' lang='lat' dir='ltr'>ex</span> <span class='ocrx_word' id='word_1_49' title='bbox 686 1485 923 1558; x_wconf 82' lang='lat' dir='ltr'>Tripode</span> <span class='ocrx_word' id='word_1_50' title='bbox 948 1484 1226 1538; x_wconf 80' lang='lat' dir='ltr'>Andronis</span> <span class='ocrx_word' id='word_1_51' title='bbox 1253 1480 1588 1548; x_wconf 81' lang='lat' dir='ltr'>asseruntur,</span> <span class='ocrx_word' id='word_1_52' title='bbox 1616 1478 1771 1534; x_wconf 86' lang='lat' dir='ltr'>nulla</span> <span class='ocrx_word' id='word_1_53' title='bbox 1798 1477 2069 1549; x_wconf 87' lang='lat' dir='ltr'>relinqui·</span> 
     </span>
     <span class='ocr_line' id='line_1_10' title="bbox 512 1563 2071 1643; baseline -0.004 -17"><span class='ocrx_word' id='word_1_54' title='bbox 512 1583 606 1627; x_wconf 91' lang='lat' dir='ltr'>tur</span> <span class='ocrx_word' id='word_1_55' title='bbox 630 1571 937 1640; x_wconf 86' lang='lat' dir='ltr'>dubitatio,</span> <span class='ocrx_word' id='word_1_56' title='bbox 962 1571 1100 1643; x_wconf 88' lang='lat' dir='ltr'>quin</span> <span class='ocrx_word' id='word_1_57' title='bbox 1117 1578 1315 1625; x_wconf 80' lang='lat' dir='ltr'>auctor</span> <span class='ocrx_word' id='word_1_58' title='bbox 1336 1566 1502 1639; x_wconf 87' lang='lat' dir='ltr'>hujus</span> <span class='ocrx_word' id='word_1_59' title='bbox 1529 1567 1717 1639; x_wconf 87' lang='lat' dir='ltr'>operis</span> <span class='ocrx_word' id='word_1_60' title='bbox 1741 1565 1815 1620; x_wconf 87' lang='lat' dir='ltr'>sit</span> <span class='ocrx_word' id='word_1_61' title='bbox 1830 1563 2071 1620; x_wconf 82' lang='lat' dir='ltr'>Andron</span> 
     </span>
     <span class='ocr_line' id='line_1_11' title="bbox 514 1652 2070 1734; baseline -0.007 -18"><span class='ocrx_word' id='word_1_62' title='bbox 514 1660 800 1734; x_wconf 84' lang='lat' dir='ltr'>Ephesius.</span> <span class='ocrx_word' id='word_1_63' title='bbox 831 1661 1239 1732; x_wconf 83' lang='lat' dir='ltr'>Argumentum</span> <span class='ocrx_word' id='word_1_64' title='bbox 1261 1655 1581 1728; x_wconf 86' lang='lat' dir='ltr'>scriptionis</span> <span class='ocrx_word' id='word_1_65' title='bbox 1603 1652 1678 1709; x_wconf 91' lang='lat' dir='ltr'>de</span> <span class='ocrx_word' id='word_1_66' title='bbox 1707 1662 1921 1725; x_wconf 86' lang='lat' dir='ltr'>septem</span> <span class='ocrx_word' id='word_1_67' title='bbox 1949 1662 2070 1707; x_wconf 81' lang='lat' dir='ltr'>erat</span> 
     </span>
     <span class='ocr_line' id='line_1_12' title="bbox 512 1740 2070 1820; baseline -0.004 -18"><span class='ocrx_word' id='word_1_68' title='bbox 512 1746 886 1820; x_wconf 85' lang='lat' dir='ltr'>sapientibus;</span> <span class='ocrx_word' id='word_1_69' title='bbox 925 1745 1118 1799; x_wconf 86' lang='lat' dir='ltr'>titulus</span> <span class='ocrx_word' id='word_1_70' title='bbox 1160 1762 1192 1798; x_wconf 90' lang='lat' dir='ltr'>a</span> <span class='ocrx_word' id='word_1_71' title='bbox 1228 1741 1457 1815; x_wconf 85' lang='lat' dir='ltr'>tripode</span> <span class='ocrx_word' id='word_1_72' title='bbox 1502 1743 1609 1796; x_wconf 84' lang='lat' dir='ltr'>isto</span> <span class='ocrx_word' id='word_1_73' title='bbox 1648 1740 1917 1813; x_wconf 86' lang='lat' dir='ltr'>repetitus</span> <span class='ocrx_word' id='word_1_74' title='bbox 1957 1757 2070 1795; x_wconf 88' lang='lat' dir='ltr'>esse</span> 
     </span>
     <span class='ocr_line' id='line_1_13' title="bbox 514 1827 2069 1905; baseline -0.004 -18"><span class='ocrx_word' id='word_1_75' title='bbox 514 1833 758 1902; x_wconf 87' lang='lat' dir='ltr'>videtur,</span> <span class='ocrx_word' id='word_1_76' title='bbox 789 1833 888 1905; x_wconf 88' lang='lat' dir='ltr'>qui</span> <span class='ocrx_word' id='word_1_77' title='bbox 924 1831 1257 1903; x_wconf 89' lang='lat' dir='ltr'>sapientium</span> <span class='ocrx_word' id='word_1_78' title='bbox 1288 1827 1592 1884; x_wconf 88' lang='lat' dir='ltr'>destinatus</span> <span class='ocrx_word' id='word_1_79' title='bbox 1622 1838 1743 1882; x_wconf 87' lang='lat' dir='ltr'>erat</span> <span class='ocrx_word' id='word_1_80' title='bbox 1773 1827 2069 1900; x_wconf 82' lang='lat' dir='ltr'>sapientis-</span> 
     </span>
     <span class='ocr_line' id='line_1_14' title="bbox 513 1913 2068 1991; baseline -0.004 -17"><span class='ocrx_word' id='word_1_81' title='bbox 513 1923 676 1975; x_wconf 81' lang='lat' dir='ltr'>simo.</span> <span class='ocrx_word' id='word_1_82' title='bbox 715 1951 794 1960; x_wconf 94' lang='lat'>—</span> <span class='ocrx_word' id='word_1_83' title='bbox 826 1919 1059 1991; x_wconf 86' lang='lat' dir='ltr'>Scripsit</span> <span class='ocrx_word' id='word_1_84' title='bbox 1083 1927 1301 1982; x_wconf 77' lang='lat' dir='ltr'>auctor,</span> <span class='ocrx_word' id='word_1_85' title='bbox 1339 1924 1639 1986; x_wconf 82' lang='lat' dir='ltr'>antequam</span> <span class='ocrx_word' id='word_1_86' title='bbox 1661 1913 2068 1986; x_wconf 84' lang='lat' dir='ltr'>Theopompus</span> 
     </span>
     <span class='ocr_line' id='line_1_15' title="bbox 514 1998 2071 2081; baseline -0.004 -19"><span class='ocrx_word' id='word_1_87' title='bbox 514 2008 826 2081; x_wconf 88' lang='lat' dir='ltr'>Philippica</span> <span class='ocrx_word' id='word_1_88' title='bbox 856 2024 955 2061; x_wconf 84' lang='lat' dir='ltr'>sua</span> <span class='ocrx_word' id='word_1_89' title='bbox 981 2004 1303 2060; x_wconf 79' lang='lat' dir='ltr'>absolvisset</span> <span class='ocrx_word' id='word_1_90' title='bbox 1354 1999 1520 2073; x_wconf 88' lang='lat' dir='ltr'>(vide</span> <span class='ocrx_word' id='word_1_91' title='bbox 1560 1999 1631 2054; x_wconf 81' lang='lat' dir='ltr'>fr.</span> <span class='ocrx_word' id='word_1_92' title='bbox 1672 1998 1770 2076; x_wconf 88' lang='lat'>6).</span> <span class='ocrx_word' id='word_1_93' title='bbox 1808 2001 2071 2072; x_wconf 89' lang='lat' dir='ltr'>Quamvis</span> 
     </span>
     <span class='ocr_line' id='line_1_16' title="bbox 511 2086 2065 2167; baseline -0.004 -19"><span class='ocrx_word' id='word_1_94' title='bbox 511 2095 662 2148; x_wconf 90' lang='lat' dir='ltr'>enim</span> <span class='ocrx_word' id='word_1_95' title='bbox 680 2112 804 2167; x_wconf 79' lang='lat' dir='ltr'>quae</span> <span class='ocrx_word' id='word_1_96' title='bbox 825 2092 896 2148; x_wconf 93' lang='lat' dir='ltr'>de</span> <span class='ocrx_word' id='word_1_97' title='bbox 916 2091 1077 2146; x_wconf 87' lang='lat' dir='ltr'>furtis</span> <span class='ocrx_word' id='word_1_98' title='bbox 1099 2087 1453 2162; x_wconf 86' lang='lat' dir='ltr'>Theopompi</span> <span class='ocrx_word' id='word_1_99' title='bbox 1476 2086 1823 2160; x_wconf 80' lang='lat' dir='ltr'>Porphyrius</span> <span class='ocrx_word' id='word_1_100' title='bbox 1847 2087 2065 2160; x_wconf 89' lang='lat' dir='ltr'>prodit,</span> 
     </span>
     <span class='ocr_line' id='line_1_17' title="bbox 511 2173 2068 2254; baseline -0.003 -20"><span class='ocrx_word' id='word_1_101' title='bbox 511 2180 663 2236; x_wconf 87' lang='lat' dir='ltr'>haud</span> <span class='ocrx_word' id='word_1_102' title='bbox 691 2180 881 2254; x_wconf 84' lang='lat' dir='ltr'>magni</span> <span class='ocrx_word' id='word_1_103' title='bbox 901 2177 1167 2251; x_wconf 86' lang='lat' dir='ltr'>equidem</span> <span class='ocrx_word' id='word_1_104' title='bbox 1194 2176 1414 2244; x_wconf 81' lang='lat' dir='ltr'>faciam,</span> <span class='ocrx_word' id='word_1_105' title='bbox 1441 2184 1628 2230; x_wconf 87' lang='lat' dir='ltr'>tamen</span> <span class='ocrx_word' id='word_1_106' title='bbox 1652 2173 1727 2228; x_wconf 87' lang='lat' dir='ltr'>ad</span> <span class='ocrx_word' id='word_1_107' title='bbox 1750 2184 2068 2250; x_wconf 88' lang='lat' dir='ltr'>temporum</span> 
     </span>
     <span class='ocr_line' id='line_1_18' title="bbox 513 2260 2068 2329; baseline -0.003 -8"><span class='ocrx_word' id='word_1_108' title='bbox 513 2267 757 2322; x_wconf 86' lang='lat' dir='ltr'>rationes</span> <span class='ocrx_word' id='word_1_109' title='bbox 783 2285 910 2322; x_wconf 88' lang='lat' dir='ltr'>eum</span> <span class='ocrx_word' id='word_1_110' title='bbox 933 2267 994 2329; x_wconf 80' lang='lat' dir='ltr'>in</span> <span class='ocrx_word' id='word_1_111' title='bbox 1021 2275 1341 2322; x_wconf 90' lang='lat' dir='ltr'>commento</span> <span class='ocrx_word' id='word_1_112' title='bbox 1371 2265 1476 2318; x_wconf 90' lang='lat' dir='ltr'>isto</span> <span class='ocrx_word' id='word_1_113' title='bbox 1501 2260 1797 2318; x_wconf 86' lang='lat' dir='ltr'>attendisse</span> <span class='ocrx_word' id='word_1_114' title='bbox 1826 2280 2068 2319; x_wconf 90' lang='lat' dir='ltr'>consen-</span> 
     </span>
     <span class='ocr_line' id='line_1_19' title="bbox 512 2350 2069 2425; baseline -0.003 -15"><span class='ocrx_word' id='word_1_115' title='bbox 512 2365 738 2410; x_wconf 87' lang='lat' dir='ltr'>taneum</span> <span class='ocrx_word' id='word_1_116' title='bbox 776 2365 877 2410; x_wconf 90' lang='lat' dir='ltr'>est.</span> <span class='ocrx_word' id='word_1_117' title='bbox 913 2355 1174 2411; x_wconf 87' lang='lat' dir='ltr'>Ceterum</span> <span class='ocrx_word' id='word_1_118' title='bbox 1203 2361 1416 2425; x_wconf 86' lang='lat' dir='ltr'>quanto</span> <span class='ocrx_word' id='word_1_119' title='bbox 1455 2350 1886 2423; x_wconf 85' lang='lat' dir='ltr'>Theopompum</span> <span class='ocrx_word' id='word_1_120' title='bbox 1911 2361 2069 2406; x_wconf 83' lang='lat' dir='ltr'>aetate</span> 
     </span>
     <span class='ocr_line' id='line_1_20' title="bbox 512 2436 2070 2515; baseline -0.003 -18"><span class='ocrx_word' id='word_1_121' title='bbox 512 2441 752 2497; x_wconf 80' lang='lat' dir='ltr'>Andron</span> <span class='ocrx_word' id='word_1_122' title='bbox 772 2442 1136 2515; x_wconf 88' lang='lat' dir='ltr'>superaverit,</span> <span class='ocrx_word' id='word_1_123' title='bbox 1155 2439 1467 2495; x_wconf 82' lang='lat' dir='ltr'>accuratius</span> <span class='ocrx_word' id='word_1_124' title='bbox 1484 2436 1595 2492; x_wconf 89' lang='lat' dir='ltr'>dici</span> <span class='ocrx_word' id='word_1_125' title='bbox 1614 2438 1828 2509; x_wconf 91' lang='lat' dir='ltr'>nequit.</span> <span class='ocrx_word' id='word_1_126' title='bbox 1845 2439 1878 2491; x_wconf 86' lang='lat' dir='ltr'>J</span> <span class='ocrx_word' id='word_1_127' title='bbox 1881 2439 2070 2495; x_wconf 89' lang='lat' dir='ltr'>onsius</span> 
     </span>
     <span class='ocr_line' id='line_1_21' title="bbox 513 2520 2069 2605; baseline -0.004 -20"><span class='ocrx_word' id='word_1_128' title='bbox 513 2528 669 2605; x_wconf 89' lang='lat' dir='ltr'>(Ser.</span> <span class='ocrx_word' id='word_1_129' title='bbox 712 2530 843 2584; x_wconf 90' lang='lat' dir='ltr'>hist.</span> <span class='ocrx_word' id='word_1_130' title='bbox 884 2528 1024 2601; x_wconf 89' lang='lat' dir='ltr'>phil.</span> <span class='ocrx_word' id='word_1_131' title='bbox 1064 2529 1121 2597; x_wconf 88' lang='grc' dir='ltr'>Ι,</span> <span class='ocrx_word' id='word_1_132' title='bbox 1155 2525 1218 2593; x_wconf 88' lang='grc'>8,</span> <span class='ocrx_word' id='word_1_133' title='bbox 1264 2520 1335 2602; x_wconf 81' lang='lat' dir='ltr'>a)</span> <span class='ocrx_word' id='word_1_134' title='bbox 1380 2524 1626 2597; x_wconf 87' lang='lat' dir='ltr'>Philippi</span> <span class='ocrx_word' id='word_1_135' title='bbox 1661 2526 1916 2598; x_wconf 82' lang='lat' dir='ltr'>Amyntae</span> <span class='ocrx_word' id='word_1_136' title='bbox 1966 2523 2069 2579; x_wconf 84' lang='lat' dir='ltr'>filii</span> 
     </span>
     <span class='ocr_line' id='line_1_22' title="bbox 510 2609 2068 2689; baseline -0.003 -19"><span class='ocrx_word' id='word_1_137' title='bbox 510 2618 780 2689; x_wconf 66' lang='lat' dir='ltr'>aequalem</span> <span class='ocrx_word' id='word_1_138' title='bbox 820 2615 981 2671; x_wconf 81' lang='lat' dir='ltr'>fuisse</span> <span class='ocrx_word' id='word_1_139' title='bbox 1019 2623 1316 2682; x_wconf 81' lang='lat' dir='ltr'>asseverat,</span> <span class='ocrx_word' id='word_1_140' title='bbox 1343 2611 1503 2666; x_wconf 88' lang='lat' dir='ltr'>nullo</span> <span class='ocrx_word' id='word_1_141' title='bbox 1536 2621 1722 2666; x_wconf 89' lang='lat' dir='ltr'>tamen</span> <span class='ocrx_word' id='word_1_142' title='bbox 1747 2612 1875 2666; x_wconf 89' lang='lat' dir='ltr'>satis</span> <span class='ocrx_word' id='word_1_143' title='bbox 1901 2609 2068 2666; x_wconf 82' lang='lat' dir='ltr'>firmo</span> 
     </span>
     <span class='ocr_line' id='line_1_23' title="bbox 515 2694 2064 2778; baseline -0.002 -21"><span class='ocrx_word' id='word_1_144' title='bbox 515 2722 648 2759; x_wconf 85' lang='lat' dir='ltr'>usus</span> <span class='ocrx_word' id='word_1_145' title='bbox 674 2711 1030 2778; x_wconf 83' lang='lat' dir='ltr'>arg-umento.</span> <span class='ocrx_word' id='word_1_146' title='bbox 1059 2700 1282 2756; x_wconf 82' lang='lat' dir='ltr'>Scilicet</span> <span class='ocrx_word' id='word_1_147' title='bbox 1308 2715 1476 2772; x_wconf 90' lang='lat' dir='ltr'>quem</span> <span class='ocrx_word' id='word_1_148' title='bbox 1515 2697 1851 2770; x_wconf 86' lang='lat' dir='ltr'>Apollonius</span> <span class='ocrx_word' id='word_1_149' title='bbox 1878 2694 1895 2775; x_wconf 95' lang='lat'><strong>(</strong></span> <span class='ocrx_word' id='word_1_150' title='bbox 1920 2698 2064 2755; x_wconf 77' lang='lat' dir='ltr'>nist.</span> 
     </span>
     <span class='ocr_line' id='line_1_24' title="bbox 511 2778 2068 2863; baseline -0.002 -22"><span class='ocrx_word' id='word_1_151' title='bbox 511 2790 643 2845; x_wconf 66' lang='grc' dir='ltr'>Μὶν.</span> <span class='ocrx_word' id='word_1_152' title='bbox 676 2806 725 2844; x_wconf 87' lang='lat' dir='ltr'>c.</span> <span class='ocrx_word' id='word_1_153' title='bbox 761 2787 796 2842; x_wconf 88' lang='lat'>8</span> <span class='ocrx_word' id='word_1_154' title='bbox 820 2784 841 2863; x_wconf 96' lang='lat'><em>)</em></span> <span class='ocrx_word' id='word_1_155' title='bbox 866 2785 1058 2841; x_wconf 86' lang='lat' dir='ltr'>laudat</span> <span class='ocrx_word' id='word_1_156' title='bbox 1081 2779 1347 2862; x_wconf 80' lang='grc' dir='ltr'>Ἄνδρωνα</span> <span class='ocrx_word' id='word_1_157' title='bbox 1379 2784 1431 2841; x_wconf 78' lang='grc' dir='ltr'>ἐν</span> <span class='ocrx_word' id='word_1_158' title='bbox 1457 2780 1502 2839; x_wconf 88' lang='grc' dir='ltr'>δ’</span> <span class='ocrx_word' id='word_1_159' title='bbox 1519 2783 1623 2838; x_wconf 79' lang='grc' dir='ltr'>τῶν</span> <span class='ocrx_word' id='word_1_160' title='bbox 1645 2778 1773 2858; x_wconf 77' lang='grc' dir='ltr'>πρὸς</span> <span class='ocrx_word' id='word_1_161' title='bbox 1797 2778 2068 2840; x_wconf 64' lang='grc' dir='ltr'>Φίλιππον</span> 
     </span>
     <span class='ocr_line' id='line_1_25' title="bbox 512 2868 2071 2947; baseline -0.003 -18"><span class='ocrx_word' id='word_1_162' title='bbox 512 2874 724 2942; x_wconf 79' lang='grc' dir='ltr'>θυσιῶν,</span> <span class='ocrx_word' id='word_1_163' title='bbox 748 2873 1052 2947; x_wconf 85' lang='lat' dir='ltr'>Ephesium</span> <span class='ocrx_word' id='word_1_164' title='bbox 1079 2889 1193 2927; x_wconf 89' lang='lat' dir='ltr'>esse</span> <span class='ocrx_word' id='word_1_165' title='bbox 1219 2872 1439 2944; x_wconf 81' lang='lat' dir='ltr'>statuit,</span> <span class='ocrx_word' id='word_1_166' title='bbox 1470 2871 1569 2943; x_wconf 91' lang='lat' dir='ltr'>qui</span> <span class='ocrx_word' id='word_1_167' title='bbox 1593 2887 1736 2944; x_wconf 91' lang='lat' dir='ltr'>opus</span> <span class='ocrx_word' id='word_1_168' title='bbox 1760 2868 1832 2924; x_wconf 91' lang='lat' dir='ltr'>de</span> <span class='ocrx_word' id='word_1_169' title='bbox 1858 2869 2071 2926; x_wconf 82' lang='lat' dir='ltr'>sacrifi-</span> 
     </span>
     <span class='ocr_line' id='line_1_26' title="bbox 515 2956 2068 3036; baseline -0.001 -20"><span class='ocrx_word' id='word_1_170' title='bbox 515 2963 615 3018; x_wconf 86' lang='lat' dir='ltr'>ciis</span> <span class='ocrx_word' id='word_1_171' title='bbox 634 2962 708 3017; x_wconf 86' lang='lat' dir='ltr'>ad</span> <span class='ocrx_word' id='word_1_172' title='bbox 740 2963 1062 3036; x_wconf 87' lang='lat' dir='ltr'>Philippum</span> <span class='ocrx_word' id='word_1_173' title='bbox 1093 2976 1281 3034; x_wconf 88' lang='lat' dir='ltr'>regem</span> <span class='ocrx_word' id='word_1_174' title='bbox 1303 2958 1606 3032; x_wconf 86' lang='lat' dir='ltr'>scripserit.</span> <span class='ocrx_word' id='word_1_175' title='bbox 1646 2956 1926 3030; x_wconf 88' lang='lat' dir='ltr'>Equidem</span> <span class='ocrx_word' id='word_1_176' title='bbox 1966 2960 2068 3014; x_wconf 86' lang='lat' dir='ltr'>etsi</span> 
     </span>
     <span class='ocr_line' id='line_1_27' title="bbox 512 3042 2069 3121; baseline -0.003 -19"><span class='ocrx_word' id='word_1_177' title='bbox 512 3047 833 3121; x_wconf 87' lang='lat' dir='ltr'>Philippum</span> <span class='ocrx_word' id='word_1_178' title='bbox 859 3047 1012 3102; x_wconf 89' lang='lat' dir='ltr'>hunc</span> <span class='ocrx_word' id='word_1_179' title='bbox 1040 3063 1153 3101; x_wconf 91' lang='lat' dir='ltr'>esse</span> <span class='ocrx_word' id='word_1_180' title='bbox 1183 3042 1364 3101; x_wconf 85' lang='lat' dir='ltr'>filium</span> <span class='ocrx_word' id='word_1_181' title='bbox 1391 3047 1648 3117; x_wconf 81' lang='lat' dir='ltr'>Amyntae</span> <span class='ocrx_word' id='word_1_182' title='bbox 1674 3045 2069 3114; x_wconf 84' lang='lat' dir='ltr'>concesserim,</span> 
     </span>
     <span class='ocr_line' id='line_1_28' title="bbox 515 3129 2071 3207; baseline 0 -20"><span class='ocrx_word' id='word_1_183' title='bbox 515 3152 660 3207; x_wconf 87' lang='lat' dir='ltr'>opus</span> <span class='ocrx_word' id='word_1_184' title='bbox 703 3145 889 3190; x_wconf 88' lang='lat' dir='ltr'>tamen</span> <span class='ocrx_word' id='word_1_185' title='bbox 929 3133 1002 3189; x_wconf 90' lang='lat' dir='ltr'>de</span> <span class='ocrx_word' id='word_1_186' title='bbox 1053 3129 1337 3188; x_wconf 80' lang='lat' dir='ltr'>sacrificiis</span> <span class='ocrx_word' id='word_1_187' title='bbox 1391 3130 1462 3186; x_wconf 91' lang='lat' dir='ltr'>ad</span> <span class='ocrx_word' id='word_1_188' title='bbox 1517 3131 1689 3185; x_wconf 80' lang='lat' dir='ltr'>alium</span> <span class='ocrx_word' id='word_1_189' title='bbox 1740 3130 2071 3187; x_wconf 88' lang='lat' dir='ltr'>Andronem</span> 
     </span>
     <span class='ocr_line' id='line_1_29' title="bbox 512 3215 2064 3293; baseline -0.002 -17"><span class='ocrx_word' id='word_1_190' title='bbox 512 3220 713 3293; x_wconf 87' lang='lat' dir='ltr'>majori</span> <span class='ocrx_word' id='word_1_191' title='bbox 736 3239 865 3276; x_wconf 90' lang='lat' dir='ltr'>cum</span> <span class='ocrx_word' id='word_1_192' title='bbox 885 3217 1384 3275; x_wconf 86' lang='lat' dir='ltr'>verisimilitudinis</span> <span class='ocrx_word' id='word_1_193' title='bbox 1405 3217 1589 3289; x_wconf 87' lang='lat' dir='ltr'>specie</span> <span class='ocrx_word' id='word_1_194' title='bbox 1615 3215 1814 3271; x_wconf 81' lang='lat' dir='ltr'>referri</span> <span class='ocrx_word' id='word_1_195' title='bbox 1842 3234 2064 3273; x_wconf 73' lang='lat' dir='ltr'>censeo·</span> 
     </span>
    </p>

    <p class='ocr_par' dir='ltr' id='par_1_5' title="bbox 513 3303 2079 4076">
     <span class='ocr_line' id='line_1_30' title="bbox 592 3303 2071 3379; baseline -0.004 -15"><span class='ocrx_word' id='word_1_196' title='bbox 592 3309 822 3364; x_wconf 80' lang='lat' dir='ltr'>Andron</span> <span class='ocrx_word' id='word_1_197' title='bbox 865 3309 1027 3378; x_wconf 81' lang='lat' dir='ltr'>Tejus</span> <span class='ocrx_word' id='word_1_198' title='bbox 1073 3305 1293 3379; x_wconf 86' lang='lat' dir='ltr'>scripsit</span> <span class='ocrx_word' id='word_1_199' title='bbox 1336 3304 1641 3377; x_wconf 90' lang='lat' dir='ltr'>Periplum.</span> <span class='ocrx_word' id='word_1_200' title='bbox 1692 3304 1911 3359; x_wconf 89' lang='lat' dir='ltr'>Nomen</span> <span class='ocrx_word' id='word_1_201' title='bbox 1952 3303 2071 3377; x_wconf 77' lang='lat' dir='ltr'>ejus</span> 
     </span>
     <span class='ocr_line' id='line_1_31' title="bbox 513 3388 2066 3471; baseline -0.001 -21"><span class='ocrx_word' id='word_1_202' title='bbox 513 3396 801 3471; x_wconf 90' lang='lat' dir='ltr'>scriptoris</span> <span class='ocrx_word' id='word_1_203' title='bbox 842 3395 903 3449; x_wconf 89' lang='lat' dir='ltr'>in</span> <span class='ocrx_word' id='word_1_204' title='bbox 941 3388 1195 3471; x_wconf 80' lang='grc' dir='ltr'>Ἀκαρίων</span> <span class='ocrx_word' id='word_1_205' title='bbox 1235 3402 1568 3465; x_wconf 89' lang='lat' dir='ltr'>corruptum</span> <span class='ocrx_word' id='word_1_206' title='bbox 1613 3408 1728 3447; x_wconf 87' lang='lat' dir='ltr'>esse</span> <span class='ocrx_word' id='word_1_207' title='bbox 1766 3392 1931 3446; x_wconf 89' lang='lat' dir='ltr'>statui</span> <span class='ocrx_word' id='word_1_208' title='bbox 1970 3411 2066 3465; x_wconf 85' lang='lat' dir='ltr'>ap.</span> 
     </span>
     <span class='ocr_line' id='line_1_32' title="bbox 515 3477 2075 3555; baseline -0.002 -18"><span class='ocrx_word' id='word_1_209' title='bbox 515 3482 694 3540; x_wconf 86' lang='lat' dir='ltr'>schol.</span> <span class='ocrx_word' id='word_1_210' title='bbox 738 3481 930 3555; x_wconf 86' lang='lat' dir='ltr'>Apoll.</span> <span class='ocrx_word' id='word_1_211' title='bbox 972 3481 1086 3536; x_wconf 85' lang='lat' dir='ltr'>Rb.</span> <span class='ocrx_word' id='word_1_212' title='bbox 1133 3481 1220 3547; x_wconf 89' lang='lat'>11,</span> <span class='ocrx_word' id='word_1_213' title='bbox 1276 3477 1405 3534; x_wconf 82' lang='lat'>168.</span> <span class='ocrx_word' id='word_1_214' title='bbox 1445 3477 1615 3549; x_wconf 86' lang='lat' dir='ltr'>Quod</span> <span class='ocrx_word' id='word_1_215' title='bbox 1650 3479 1693 3533; x_wconf 88' lang='lat' dir='ltr'>si</span> <span class='ocrx_word' id='word_1_216' title='bbox 1726 3496 1923 3533; x_wconf 86' lang='lat' dir='ltr'>verum</span> <span class='ocrx_word' id='word_1_217' title='bbox 1962 3491 2075 3552; x_wconf 89' lang='lat' dir='ltr'>est,</span> 
     </span>
     <span class='ocr_line' id='line_1_33' title="bbox 516 3564 2070 3642; baseline 0 -19"><span class='ocrx_word' id='word_1_218' title='bbox 516 3571 770 3642; x_wconf 85' lang='lat' dir='ltr'>sequitur</span> <span class='ocrx_word' id='word_1_219' title='bbox 797 3567 1129 3623; x_wconf 89' lang='lat' dir='ltr'>Andronem</span> <span class='ocrx_word' id='word_1_220' title='bbox 1170 3564 1495 3639; x_wconf 80' lang='lat' dir='ltr'>Nymphide</span> <span class='ocrx_word' id='word_1_221' title='bbox 1522 3565 1864 3620; x_wconf 87' lang='lat' dir='ltr'>Heraclieusi</span> <span class='ocrx_word' id='word_1_222' title='bbox 1906 3566 2070 3623; x_wconf 85' lang='lat' dir='ltr'>fuisse</span> 
     </span>
     <span class='ocr_line' id='line_1_34' title="bbox 515 3652 2079 3729; baseline -0.001 -17"><span class='ocrx_word' id='word_1_223' title='bbox 515 3657 912 3729; x_wconf 84' lang='lat' dir='ltr'>antiquiorem.</span> <span class='ocrx_word' id='word_1_224' title='bbox 934 3657 1036 3724; x_wconf 89' lang='lat' dir='ltr'>Ac,</span> <span class='ocrx_word' id='word_1_225' title='bbox 1055 3653 1161 3707; x_wconf 89' lang='lat' dir='ltr'>nisi</span> <span class='ocrx_word' id='word_1_226' title='bbox 1190 3654 1412 3728; x_wconf 86' lang='lat' dir='ltr'>egregie</span> <span class='ocrx_word' id='word_1_227' title='bbox 1436 3652 1620 3721; x_wconf 87' lang='lat' dir='ltr'>fallor,</span> <span class='ocrx_word' id='word_1_228' title='bbox 1646 3652 1856 3725; x_wconf 87' lang='lat' dir='ltr'>Peripli</span> <span class='ocrx_word' id='word_1_229' title='bbox 1878 3665 2079 3710; x_wconf 89' lang='lat' dir='ltr'>auctor</span> 
     </span>
     <span class='ocr_line' id='line_1_35' title="bbox 517 3737 2077 3813; baseline -0.001 -15"><span class='ocrx_word' id='word_1_230' title='bbox 517 3745 669 3801; x_wconf 89' lang='lat' dir='ltr'>idem</span> <span class='ocrx_word' id='word_1_231' title='bbox 696 3754 779 3801; x_wconf 87' lang='lat' dir='ltr'>est</span> <span class='ocrx_word' id='word_1_232' title='bbox 805 3761 935 3798; x_wconf 90' lang='lat' dir='ltr'>cum</span> <span class='ocrx_word' id='word_1_233' title='bbox 962 3740 1235 3798; x_wconf 80' lang='lat' dir='ltr'>Androne</span> <span class='ocrx_word' id='word_1_234' title='bbox 1258 3739 1395 3811; x_wconf 89' lang='lat' dir='ltr'>Tejo</span> <span class='ocrx_word' id='word_1_235' title='bbox 1412 3780 1430 3809; x_wconf 86' lang='lat'>,</span> <span class='ocrx_word' id='word_1_236' title='bbox 1459 3739 1686 3796; x_wconf 87' lang='lat' dir='ltr'>Cebalei</span> <span class='ocrx_word' id='word_1_237' title='bbox 1712 3737 1862 3808; x_wconf 84' lang='lat' dir='ltr'>filio,</span> <span class='ocrx_word' id='word_1_238' title='bbox 1907 3759 2077 3813; x_wconf 86' lang='lat' dir='ltr'>quem</span> 
     </span>
     <span class='ocr_line' id='line_1_36' title="bbox 516 3827 2079 3900; baseline -0.003 -12"><span class='ocrx_word' id='word_1_239' title='bbox 516 3832 782 3889; x_wconf 88' lang='lat' dir='ltr'>comitem</span> <span class='ocrx_word' id='word_1_240' title='bbox 832 3828 1138 3887; x_wconf 80' lang='lat' dir='ltr'>Alexandri</span> <span class='ocrx_word' id='word_1_241' title='bbox 1185 3829 1264 3886; x_wconf 81' lang='lat' dir='ltr'>M.</span> <span class='ocrx_word' id='word_1_242' title='bbox 1312 3838 1480 3900; x_wconf 85' lang='lat' dir='ltr'>atque</span> <span class='ocrx_word' id='word_1_243' title='bbox 1519 3845 1697 3882; x_wconf 90' lang='lat' dir='ltr'>unum</span> <span class='ocrx_word' id='word_1_244' title='bbox 1730 3845 1798 3882; x_wconf 82' lang='lat' dir='ltr'>ex</span> <span class='ocrx_word' id='word_1_245' title='bbox 1840 3827 2079 3885; x_wconf 90' lang='lat' dir='ltr'>ducibus</span> 
     </span>
     <span class='ocr_line' id='line_1_37' title="bbox 517 3914 2073 3993; baseline -0.001 -20"><span class='ocrx_word' id='word_1_246' title='bbox 517 3918 884 3993; x_wconf 83' lang='lat' dir='ltr'>navigationis</span> <span class='ocrx_word' id='word_1_247' title='bbox 909 3916 1119 3973; x_wconf 81' lang='lat' dir='ltr'>Indicae</span> <span class='ocrx_word' id='word_1_248' title='bbox 1141 3914 1305 3971; x_wconf 82' lang='lat' dir='ltr'>fuisse</span> <span class='ocrx_word' id='word_1_249' title='bbox 1325 3915 1582 3969; x_wconf 83' lang='lat' dir='ltr'>novimus</span> <span class='ocrx_word' id='word_1_250' title='bbox 1606 3931 1677 3970; x_wconf 81' lang='lat' dir='ltr'>ex</span> <span class='ocrx_word' id='word_1_251' title='bbox 1698 3914 1923 3970; x_wconf 81' lang='lat' dir='ltr'>Arriani</span> <span class='ocrx_word' id='word_1_252' title='bbox 1943 3916 2073 3971; x_wconf 89' lang='lat' dir='ltr'>Ind.</span> 
     </span>
     <span class='ocr_line' id='line_1_38' title="bbox 517 4006 793 4076; baseline 0 -15"><span class='ocrx_word' id='word_1_253' title='bbox 517 4027 568 4065; x_wconf 90' lang='lat' dir='ltr'>c.</span> <span class='ocrx_word' id='word_1_254' title='bbox 604 4006 702 4075; x_wconf 89' lang='lat'>18,</span> <span class='ocrx_word' id='word_1_255' title='bbox 736 4024 793 4076; x_wconf 83' lang='lat'>7.</span> 
     </span>
    </p>

    <p class='ocr_par' dir='ltr' id='par_1_6' title="bbox 519 4089 2076 4412">
     <span class='ocr_line' id='line_1_39' title="bbox 601 4089 2072 4157; baseline -0.003 -9"><span class='ocrx_word' id='word_1_256' title='bbox 601 4094 832 4148; x_wconf 80' lang='lat' dir='ltr'>Andron</span> <span class='ocrx_word' id='word_1_257' title='bbox 882 4092 1336 4156; x_wconf 68' lang='lat' dir='ltr'>Alexandriam,</span> <span class='ocrx_word' id='word_1_258' title='bbox 1392 4089 1804 4145; x_wconf 74' lang='lat' dir='ltr'>Gironicorum</span> <span class='ocrx_word' id='word_1_259' title='bbox 1852 4101 2072 4157; x_wconf 79' lang='lat' dir='ltr'>auctor,</span> 
     </span>
     <span class='ocr_line' id='line_1_40' title="bbox 522 4177 2072 4256; baseline -0.001 -23"><span class='ocrx_word' id='word_1_260' title='bbox 522 4181 611 4236; x_wconf 82' lang='lat' dir='ltr'>vel</span> <span class='ocrx_word' id='word_1_261' title='bbox 638 4192 766 4256; x_wconf 87' lang='lat' dir='ltr'>post</span> <span class='ocrx_word' id='word_1_262' title='bbox 803 4180 1168 4235; x_wconf 80' lang='lat' dir='ltr'>Ptolemaeum</span> <span class='ocrx_word' id='word_1_263' title='bbox 1199 4179 1306 4233; x_wconf 87' lang='lat' dir='ltr'>VII</span> <span class='ocrx_word' id='word_1_264' title='bbox 1334 4178 1475 4231; x_wconf 85' lang='lat' dir='ltr'>vixit</span> <span class='ocrx_word' id='word_1_265' title='bbox 1514 4177 1604 4233; x_wconf 89' lang='lat' dir='ltr'>vel</span> <span class='ocrx_word' id='word_1_266' title='bbox 1637 4178 1865 4250; x_wconf 82' lang='lat' dir='ltr'>aequalis</span> <span class='ocrx_word' id='word_1_267' title='bbox 1903 4177 2072 4249; x_wconf 87' lang='lat' dir='ltr'>hujus</span> 
     </span>
     <span class='ocr_line' id='line_1_41' title="bbox 519 4263 2076 4345; baseline -0.003 -21"><span class='ocrx_word' id='word_1_268' title='bbox 519 4270 667 4345; x_wconf 85' lang='lat' dir='ltr'>regis</span> <span class='ocrx_word' id='word_1_269' title='bbox 705 4267 831 4322; x_wconf 80' lang='lat' dir='ltr'>suit.</span> <span class='ocrx_word' id='word_1_270' title='bbox 876 4269 1036 4322; x_wconf 84' lang='lat' dir='ltr'>Patet</span> <span class='ocrx_word' id='word_1_271' title='bbox 1069 4284 1157 4321; x_wconf 88' lang='lat' dir='ltr'>res</span> <span class='ocrx_word' id='word_1_272' title='bbox 1183 4283 1252 4321; x_wconf 86' lang='lat' dir='ltr'>ex</span> <span class='ocrx_word' id='word_1_273' title='bbox 1294 4282 1413 4319; x_wconf 90' lang='lat' dir='ltr'>uno</span> <span class='ocrx_word' id='word_1_274' title='bbox 1454 4263 1613 4339; x_wconf 89' lang='lat' dir='ltr'>quod</span> <span class='ocrx_word' id='word_1_275' title='bbox 1647 4276 1900 4337; x_wconf 83' lang='lat' dir='ltr'>superest</span> <span class='ocrx_word' id='word_1_276' title='bbox 1924 4264 2076 4339; x_wconf 86' lang='lat' dir='ltr'>frag·</span> 
     </span>
     <span class='ocr_line' id='line_1_42' title="bbox 519 4367 733 4412; baseline 0.009 -2"><span class='ocrx_word' id='word_1_277' title='bbox 519 4367 733 4412; x_wconf 86' lang='lat' dir='ltr'>mento.</span> 
     </span>
    </p>

    <p class='ocr_par' dir='ltr' id='par_1_7' title="bbox 602 4439 2074 4500">
     <span class='ocr_line' id='line_1_43' title="bbox 602 4439 2074 4500; baseline -0.004 0"><span class='ocrx_word' id='word_1_278' title='bbox 602 4445 882 4500; x_wconf 75' lang='lat' dir='ltr'>Andronis</span> <span class='ocrx_word' id='word_1_279' title='bbox 906 4444 1413 4498; x_wconf 78' lang='lat' dir='ltr'>Halicarnassensis</span> <span class='ocrx_word' id='word_1_280' title='bbox 1439 4439 1699 4497; x_wconf 84' lang='lat' dir='ltr'>disertam</span> <span class='ocrx_word' id='word_1_281' title='bbox 1727 4440 2074 4496; x_wconf 89' lang='lat' dir='ltr'>mentionem</span> 
     </span>
    </p>
   </div>
   <div class='ocr_carea' id='block_1_4' title="bbox 521 4605 2077 5300">
    <p class='ocr_par' dir='ltr' id='par_1_8' title="bbox 521 4605 2077 5300">
     <span class='ocr_line' id='line_1_44' title="bbox 587 4605 2075 4675; baseline -0.004 -13"><span class='ocrx_word' id='word_1_282' title='bbox 587 4612 652 4675; x_wconf 79' lang='lat'>(*)</span> <span class='ocrx_word' id='word_1_283' title='bbox 683 4611 815 4662; x_wconf 74' lang='lat' dir='ltr'>Alios</span> <span class='ocrx_word' id='word_1_284' title='bbox 847 4609 1095 4661; x_wconf 72' lang='lat' dir='ltr'>Andrones</span> <span class='ocrx_word' id='word_1_285' title='bbox 1122 4608 1313 4659; x_wconf 85' lang='lat' dir='ltr'>invenio</span> <span class='ocrx_word' id='word_1_286' title='bbox 1345 4608 1433 4658; x_wconf 81' lang='lat' dir='ltr'>hos</span> <span class='ocrx_word' id='word_1_287' title='bbox 1464 4627 1476 4656; x_wconf 69' lang='grc' dir='ltr'><strong><em>ε</em></strong></span> <span class='ocrx_word' id='word_1_288' title='bbox 1514 4605 1895 4663; x_wconf 72' lang='lat' dir='ltr'>Atheniensem,</span> <span class='ocrx_word' id='word_1_289' title='bbox 1923 4621 2075 4656; x_wconf 88' lang='lat' dir='ltr'>unum</span> 
     </span>
     <span class='ocr_line' id='line_1_45' title="bbox 521 4677 2077 4744; baseline -0.003 -12"><span class='ocrx_word' id='word_1_290' title='bbox 521 4697 580 4733; x_wconf 75' lang='lat' dir='ltr'>ex</span> <span class='ocrx_word' id='word_1_291' title='bbox 599 4682 715 4732; x_wconf 76' lang='lat' dir='ltr'>viris</span> <span class='ocrx_word' id='word_1_292' title='bbox 731 4680 1115 4744; x_wconf 78' lang='lat' dir='ltr'>quadringentis,</span> <span class='ocrx_word' id='word_1_293' title='bbox 1131 4693 1210 4742; x_wconf 85' lang='lat' dir='ltr'>ap.</span> <span class='ocrx_word' id='word_1_294' title='bbox 1234 4680 1515 4741; x_wconf 74' lang='lat' dir='ltr'>Han-poenit.</span> <span class='ocrx_word' id='word_1_295' title='bbox 1537 4689 1586 4726; x_wconf 86' lang='lat' dir='ltr'>v.</span> <span class='ocrx_word' id='word_1_296' title='bbox 1617 4677 1813 4740; x_wconf 80' lang='grc' dir='ltr'>Ἄνδρων</span> <span class='ocrx_word' id='word_1_297' title='bbox 1826 4693 1842 4737; x_wconf 85' lang='lat'>;</span> <span class='ocrx_word' id='word_1_298' title='bbox 1866 4681 2077 4741; x_wconf 76' lang='lat' dir='ltr'>patrem</span> 
     </span>
     <span class='ocr_line' id='line_1_46' title="bbox 523 4746 2074 4811; baseline -0.005 -9"><span class='ocrx_word' id='word_1_299' title='bbox 523 4751 850 4803; x_wconf 66' lang='lat' dir='ltr'>Andr-ottonis</span> <span class='ocrx_word' id='word_1_300' title='bbox 876 4749 1119 4811; x_wconf 79' lang='lat' dir='ltr'>sophistae,</span> <span class='ocrx_word' id='word_1_301' title='bbox 1140 4761 1220 4811; x_wconf 81' lang='lat' dir='ltr'>ap.</span> <span class='ocrx_word' id='word_1_302' title='bbox 1242 4748 1439 4798; x_wconf 85' lang='lat' dir='ltr'>suidam</span> <span class='ocrx_word' id='word_1_303' title='bbox 1462 4760 1508 4795; x_wconf 88' lang='lat' dir='ltr'>v.</span> <span class='ocrx_word' id='word_1_304' title='bbox 1529 4746 1811 4810; x_wconf 78' lang='grc' dir='ltr'>Ἀνδροτίων,</span> <span class='ocrx_word' id='word_1_305' title='bbox 1830 4746 2074 4802; x_wconf 78' lang='lat' dir='ltr'>Plutarch.</span> 
     </span>
     <span class='ocr_line' id='line_1_47' title="bbox 523 4818 2072 4882; baseline -0.003 -11"><span class='ocrx_word' id='word_1_306' title='bbox 523 4825 563 4871; x_wconf 84' lang='grc' dir='ltr'><strong>Χ</strong></span> <span class='ocrx_word' id='word_1_307' title='bbox 582 4824 715 4871; x_wconf 84' lang='lat' dir='ltr'>Orat.</span> <span class='ocrx_word' id='word_1_308' title='bbox 734 4825 773 4882; x_wconf 88' lang='grc'>1,</span> <span class='ocrx_word' id='word_1_309' title='bbox 795 4826 852 4870; x_wconf 75' lang='grc'>23</span> <span class='ocrx_word' id='word_1_310' title='bbox 866 4835 881 4879; x_wconf 85' lang='grc'><strong>;</strong></span> <span class='ocrx_word' id='word_1_311' title='bbox 895 4818 1151 4869; x_wconf 73' lang='lat' dir='ltr'>medicum</span> <span class='ocrx_word' id='word_1_312' title='bbox 1167 4831 1246 4881; x_wconf 83' lang='lat' dir='ltr'>ap.</span> <span class='ocrx_word' id='word_1_313' title='bbox 1268 4818 1550 4868; x_wconf 76' lang='lat' dir='ltr'>Athenaeum</span> <span class='ocrx_word' id='word_1_314' title='bbox 1573 4818 1679 4875; x_wconf 81' lang='lat' dir='ltr'>xv,</span> <span class='ocrx_word' id='word_1_315' title='bbox 1697 4829 1743 4878; x_wconf 86' lang='lat' dir='ltr'>p.</span> <span class='ocrx_word' id='word_1_316' title='bbox 1762 4822 1853 4867; x_wconf 81' lang='grc'>680</span> <span class='ocrx_word' id='word_1_317' title='bbox 1874 4819 1940 4877; x_wconf 77' lang='lat'>03</span> <span class='ocrx_word' id='word_1_318' title='bbox 1960 4818 2072 4866; x_wconf 85' lang='lat' dir='ltr'>cel·</span> 
     </span>
     <span class='ocr_line' id='line_1_48' title="bbox 523 4887 2073 4952; baseline -0.003 -13"><span class='ocrx_word' id='word_1_319' title='bbox 523 4905 627 4939; x_wconf 84' lang='lat' dir='ltr'>sum</span> <span class='ocrx_word' id='word_1_320' title='bbox 652 4893 715 4952; x_wconf 74' lang='lat' dir='ltr'>V,</span> <span class='ocrx_word' id='word_1_321' title='bbox 737 4891 1007 4948; x_wconf 74' lang='lat' dir='ltr'>20.1v,14</span> <span class='ocrx_word' id='word_1_322' title='bbox 1030 4891 1079 4937; x_wconf 83' lang='lat' dir='ltr'>et</span> <span class='ocrx_word' id='word_1_323' title='bbox 1109 4891 1191 4947; x_wconf 75' lang='lat'>183</span> <span class='ocrx_word' id='word_1_324' title='bbox 1222 4887 1458 4936; x_wconf 79' lang='lat' dir='ltr'>Galenum</span> <span class='ocrx_word' id='word_1_325' title='bbox 1490 4888 1630 4947; x_wconf 82' lang='lat' dir='ltr'>11,p.</span> <span class='ocrx_word' id='word_1_326' title='bbox 1660 4890 1774 4945; x_wconf 84' lang='grc'>118,</span> <span class='ocrx_word' id='word_1_327' title='bbox 1808 4892 1921 4946; x_wconf 79' lang='grc'>135,</span> <span class='ocrx_word' id='word_1_328' title='bbox 1954 4891 2073 4947; x_wconf 80' lang='grc'>189,</span> 
     </span>
     <span class='ocr_line' id='line_1_49' title="bbox 524 4954 2074 5022; baseline -0.003 -13"><span class='ocrx_word' id='word_1_329' title='bbox 524 4968 613 5009; x_wconf 79' lang='lat'>202</span> <span class='ocrx_word' id='word_1_330' title='bbox 632 4963 747 5021; x_wconf 82' lang='lat' dir='ltr'>;1V,</span> <span class='ocrx_word' id='word_1_331' title='bbox 768 4973 816 5022; x_wconf 84' lang='lat' dir='ltr'>p.</span> <span class='ocrx_word' id='word_1_332' title='bbox 833 4963 914 5018; x_wconf 80' lang='lat'>90,</span> <span class='ocrx_word' id='word_1_333' title='bbox 935 4962 1016 5017; x_wconf 79' lang='grc'>98,</span> <span class='ocrx_word' id='word_1_334' title='bbox 1040 4962 1269 5019; x_wconf 61' lang='lat' dir='ltr'>mistio,</span> <span class='ocrx_word' id='word_1_335' title='bbox 1285 4954 1851 5017; x_wconf 74' lang='lat' dir='ltr'>2183ap.!Aetiummed.;</span> <span class='ocrx_word' id='word_1_336' title='bbox 1875 4954 2074 5004; x_wconf 76' lang='lat' dir='ltr'>Andro·</span> 
     </span>
     <span class='ocr_line' id='line_1_50' title="bbox 524 5023 2076 5091; baseline -0.003 -14"><span class='ocrx_word' id='word_1_337' title='bbox 524 5042 639 5078; x_wconf 75' lang='lat' dir='ltr'>nem</span> <span class='ocrx_word' id='word_1_338' title='bbox 663 5032 904 5091; x_wconf 72' lang='lat' dir='ltr'>Aryivum</span> <span class='ocrx_word' id='word_1_339' title='bbox 918 5059 934 5082; x_wconf 88' lang='lat'>‚</span> <span class='ocrx_word' id='word_1_340' title='bbox 961 5025 1022 5076; x_wconf 86' lang='lat' dir='ltr'>de</span> <span class='ocrx_word' id='word_1_341' title='bbox 1044 5039 1143 5088; x_wconf 88' lang='lat' dir='ltr'>quo</span> <span class='ocrx_word' id='word_1_342' title='bbox 1162 5024 1441 5087; x_wconf 76' lang='lat' dir='ltr'>Apollonius</span> <span class='ocrx_word' id='word_1_343' title='bbox 1460 5023 1625 5073; x_wconf 64' lang='lat' dir='ltr'>Mirab.</span> <span class='ocrx_word' id='word_1_344' title='bbox 1648 5037 1690 5072; x_wconf 85' lang='lat' dir='ltr'>c.</span> <span class='ocrx_word' id='word_1_345' title='bbox 1713 5031 1771 5073; x_wconf 82' lang='lat'>25</span> <span class='ocrx_word' id='word_1_346' title='bbox 1789 5025 1839 5073; x_wconf 85' lang='lat' dir='ltr'>et</span> <span class='ocrx_word' id='word_1_347' title='bbox 1864 5024 2076 5073; x_wconf 77' lang='lat' dir='ltr'>Laertius</span> 
     </span>
     <span class='ocr_line' id='line_1_51' title="bbox 524 5094 2074 5158; baseline -0.003 -12"><span class='ocrx_word' id='word_1_348' title='bbox 524 5102 605 5158; x_wconf 80' lang='lat' dir='ltr'>lx,</span> <span class='ocrx_word' id='word_1_349' title='bbox 635 5104 686 5148; x_wconf 83' lang='grc'>81</span> <span class='ocrx_word' id='word_1_350' title='bbox 717 5111 778 5147; x_wconf 82' lang='lat' dir='ltr'>cx</span> <span class='ocrx_word' id='word_1_351' title='bbox 803 5094 1070 5147; x_wconf 76' lang='lat' dir='ltr'>Aristotele.</span> <span class='ocrx_word' id='word_1_352' title='bbox 1089 5120 1153 5132; x_wconf 95' lang='lat'>—</span> <span class='ocrx_word' id='word_1_353' title='bbox 1180 5096 1500 5155; x_wconf 73' lang='lat' dir='ltr'>Geometram</span> <span class='ocrx_word' id='word_1_354' title='bbox 1522 5097 1572 5142; x_wconf 77' lang='lat' dir='ltr'>et</span> <span class='ocrx_word' id='word_1_355' title='bbox 1592 5097 1868 5154; x_wconf 77' lang='lat' dir='ltr'>musicum,</span> <span class='ocrx_word' id='word_1_356' title='bbox 1888 5096 1953 5143; x_wconf 80' lang='grc' dir='ltr'>Μ.</span> <span class='ocrx_word' id='word_1_357' title='bbox 1977 5099 2074 5143; x_wconf 75' lang='grc' dir='ltr'>Λη-</span> 
     </span>
     <span class='ocr_line' id='line_1_52' title="bbox 524 5162 2069 5227; baseline -0.003 -10"><span class='ocrx_word' id='word_1_358' title='bbox 524 5168 671 5217; x_wconf 81' lang='lat' dir='ltr'>tonini</span> <span class='ocrx_word' id='word_1_359' title='bbox 691 5166 967 5227; x_wconf 83' lang='lat' dir='ltr'>magistrum</span> <span class='ocrx_word' id='word_1_360' title='bbox 982 5200 996 5223; x_wconf 89' lang='lat'>,</span> <span class='ocrx_word' id='word_1_361' title='bbox 1017 5176 1093 5226; x_wconf 85' lang='lat' dir='ltr'>ap.</span> <span class='ocrx_word' id='word_1_362' title='bbox 1118 5163 1439 5226; x_wconf 76' lang='lat' dir='ltr'>capitolinum</span> <span class='ocrx_word' id='word_1_363' title='bbox 1471 5165 1617 5212; x_wconf 82' lang='lat' dir='ltr'>Marc.</span> <span class='ocrx_word' id='word_1_364' title='bbox 1642 5164 1715 5214; x_wconf 78' lang='lat' dir='ltr'>Cf.</span> <span class='ocrx_word' id='word_1_365' title='bbox 1738 5162 1931 5212; x_wconf 78' lang='lat' dir='ltr'>Jonsius</span> <span class='ocrx_word' id='word_1_366' title='bbox 1952 5163 2069 5213; x_wconf 81' lang='lat' dir='ltr'>Hist.</span> 
     </span>
     <span class='ocr_line' id='line_1_53' title="bbox 522 5239 828 5300; baseline -0.016 -13"><span class='ocrx_word' id='word_1_367' title='bbox 522 5239 587 5300; x_wconf 80' lang='lat' dir='ltr'>ph</span> <span class='ocrx_word' id='word_1_368' title='bbox 634 5241 649 5287; x_wconf 93' lang='grc' dir='ltr'>Ι</span> <span class='ocrx_word' id='word_1_369' title='bbox 706 5241 731 5282; x_wconf 87' lang='lat'><strong>8</strong></span> <span class='ocrx_word' id='word_1_370' title='bbox 752 5272 765 5295; x_wconf 91' lang='lat'>,</span> <span class='ocrx_word' id='word_1_371' title='bbox 786 5242 828 5284; x_wconf 81' lang='lat'>2.</span> 
     </span>
    </p>
   </div>
   <div class='ocr_carea' id='block_1_5' title="bbox 2153 961 3738 5361">
    <p class='ocr_par' dir='ltr' id='par_1_9' title="bbox 2153 961 3738 5361">
     <span class='ocr_line' id='line_1_54' title="bbox 2164 961 3726 1035; baseline 0.001 -18"><span class='ocrx_word' id='word_1_372' title='bbox 2164 962 2281 1017; x_wconf 91' lang='lat' dir='ltr'>duo</span> <span class='ocrx_word' id='word_1_373' title='bbox 2318 962 2586 1018; x_wconf 81' lang='lat' dir='ltr'>exhibent</span> <span class='ocrx_word' id='word_1_374' title='bbox 2611 961 2939 1035; x_wconf 82' lang='lat' dir='ltr'>fragmenta.</span> <span class='ocrx_word' id='word_1_375' title='bbox 2969 963 3227 1032; x_wconf 86' lang='lat' dir='ltr'>Quorum</span> <span class='ocrx_word' id='word_1_376' title='bbox 3260 962 3502 1018; x_wconf 90' lang='lat' dir='ltr'>alterum</span> <span class='ocrx_word' id='word_1_377' title='bbox 3533 972 3619 1017; x_wconf 85' lang='lat' dir='ltr'>est</span> <span class='ocrx_word' id='word_1_378' title='bbox 3647 962 3726 1018; x_wconf 86' lang='lat' dir='ltr'>de</span> 
     </span>
     <span class='ocr_line' id='line_1_55' title="bbox 2162 1045 3728 1124; baseline -0.001 -18"><span class='ocrx_word' id='word_1_379' title='bbox 2162 1050 2362 1106; x_wconf 87' lang='lat' dir='ltr'>Oceani</span> <span class='ocrx_word' id='word_1_380' title='bbox 2383 1049 2645 1122; x_wconf 79' lang='lat' dir='ltr'>prosapia</span> <span class='ocrx_word' id='word_1_381' title='bbox 2670 1045 2690 1123; x_wconf 93' lang='lat'>(</span> <span class='ocrx_word' id='word_1_382' title='bbox 2705 1047 2777 1105; x_wconf 83' lang='lat' dir='ltr'>fr.</span> <span class='ocrx_word' id='word_1_383' title='bbox 2816 1046 2904 1123; x_wconf 87' lang='lat'>1);</span> <span class='ocrx_word' id='word_1_384' title='bbox 2932 1048 3109 1104; x_wconf 88' lang='lat' dir='ltr'>altero</span> <span class='ocrx_word' id='word_1_385' title='bbox 3133 1049 3321 1124; x_wconf 87' lang='lat' dir='ltr'>agitur</span> <span class='ocrx_word' id='word_1_386' title='bbox 3352 1047 3427 1103; x_wconf 89' lang='lat' dir='ltr'>de</span> <span class='ocrx_word' id='word_1_387' title='bbox 3448 1048 3728 1122; x_wconf 84' lang='lat' dir='ltr'>proedria</span> 
     </span>
     <span class='ocr_line' id='line_1_56' title="bbox 2165 1131 3729 1209; baseline 0.001 -20"><span class='ocrx_word' id='word_1_388' title='bbox 2165 1135 2586 1190; x_wconf 86' lang='lat' dir='ltr'>Atheniensium</span> <span class='ocrx_word' id='word_1_389' title='bbox 2627 1134 2689 1187; x_wconf 90' lang='lat' dir='ltr'>in</span> <span class='ocrx_word' id='word_1_390' title='bbox 2728 1133 2876 1190; x_wconf 87' lang='lat' dir='ltr'>ludis</span> <span class='ocrx_word' id='word_1_391' title='bbox 2918 1134 3188 1209; x_wconf 86' lang='lat' dir='ltr'>Isthmiis,</span> <span class='ocrx_word' id='word_1_392' title='bbox 3219 1152 3396 1207; x_wconf 87' lang='lat' dir='ltr'>quos,</span> <span class='ocrx_word' id='word_1_393' title='bbox 3426 1135 3512 1189; x_wconf 90' lang='lat' dir='ltr'>uti</span> <span class='ocrx_word' id='word_1_394' title='bbox 3548 1131 3616 1189; x_wconf 83' lang='grc' dir='ltr'>ἔν</span> <span class='ocrx_word' id='word_1_395' title='bbox 3638 1132 3729 1191; x_wconf 74' lang='lat' dir='ltr'>wi</span> 
     </span>
     <span class='ocr_line' id='line_1_57' title="bbox 2163 1215 3712 1298; baseline 0 -22"><span class='ocrx_word' id='word_1_396' title='bbox 2163 1241 2337 1298; x_wconf 78' lang='grc' dir='ltr'>φασιν,</span> <span class='ocrx_word' id='word_1_397' title='bbox 2365 1221 2605 1276; x_wconf 67' lang='lat' dir='ltr'>Tbeseus</span> <span class='ocrx_word' id='word_1_398' title='bbox 2631 1215 2716 1274; x_wconf 79' lang='grc' dir='ltr'>διὰ</span> <span class='ocrx_word' id='word_1_399' title='bbox 2742 1215 2838 1288; x_wconf 78' lang='grc' dir='ltr'>τὴν</span> <span class='ocrx_word' id='word_1_400' title='bbox 2860 1215 3159 1295; x_wconf 82' lang='grc' dir='ltr'>συγγένειαν</span> <span class='ocrx_word' id='word_1_401' title='bbox 3183 1221 3287 1293; x_wconf 88' lang='lat' dir='ltr'>ipsi</span> <span class='ocrx_word' id='word_1_402' title='bbox 3308 1238 3437 1274; x_wconf 89' lang='lat' dir='ltr'>cum</span> <span class='ocrx_word' id='word_1_403' title='bbox 3465 1218 3712 1278; x_wconf 87' lang='lat' dir='ltr'>Scirone</span> 
     </span>
     <span class='ocr_line' id='line_1_58' title="bbox 2164 1304 3728 1381; baseline 0.001 -19"><span class='ocrx_word' id='word_1_404' title='bbox 2164 1306 2607 1363; x_wconf 88' lang='lat' dir='ltr'>intercedentem</span> <span class='ocrx_word' id='word_1_405' title='bbox 2634 1307 2872 1363; x_wconf 88' lang='lat' dir='ltr'>instituit</span> <span class='ocrx_word' id='word_1_406' title='bbox 2900 1304 3012 1381; x_wconf 82' lang='lat' dir='ltr'>(fr.</span> <span class='ocrx_word' id='word_1_407' title='bbox 3051 1306 3179 1381; x_wconf 86' lang='lat'>13).</span> <span class='ocrx_word' id='word_1_408' title='bbox 3211 1309 3367 1363; x_wconf 86' lang='lat' dir='ltr'>Inter</span> <span class='ocrx_word' id='word_1_409' title='bbox 3390 1305 3552 1372; x_wconf 74' lang='grc' dir='ltr'>ἐνίους</span> <span class='ocrx_word' id='word_1_410' title='bbox 3597 1309 3728 1364; x_wconf 86' lang='lat' dir='ltr'>illos</span> 
     </span>
     <span class='ocr_line' id='line_1_59' title="bbox 2162 1393 3720 1468; baseline 0.001 -20"><span class='ocrx_word' id='word_1_411' title='bbox 2162 1395 2280 1468; x_wconf 89' lang='lat' dir='ltr'>ipse</span> <span class='ocrx_word' id='word_1_412' title='bbox 2332 1395 2496 1449; x_wconf 88' lang='lat' dir='ltr'>etiam</span> <span class='ocrx_word' id='word_1_413' title='bbox 2535 1393 2704 1448; x_wconf 83' lang='lat' dir='ltr'>suerit</span> <span class='ocrx_word' id='word_1_414' title='bbox 2737 1393 2976 1449; x_wconf 89' lang='lat' dir='ltr'>Andron</span> <span class='ocrx_word' id='word_1_415' title='bbox 3019 1394 3529 1449; x_wconf 84' lang='lat' dir='ltr'>Halicarnassensis.</span> <span class='ocrx_word' id='word_1_416' title='bbox 3577 1397 3720 1450; x_wconf 86' lang='lat' dir='ltr'>Rem</span> 
     </span>
     <span class='ocr_line' id='line_1_60' title="bbox 2161 1479 3722 1556; baseline 0 -20"><span class='ocrx_word' id='word_1_417' title='bbox 2161 1482 2474 1537; x_wconf 89' lang='lat' dir='ltr'>narraverit</span> <span class='ocrx_word' id='word_1_418' title='bbox 2491 1482 2550 1535; x_wconf 90' lang='lat' dir='ltr'>in</span> <span class='ocrx_word' id='word_1_419' title='bbox 2574 1498 2778 1555; x_wconf 86' lang='lat' dir='ltr'>opere,</span> <span class='ocrx_word' id='word_1_420' title='bbox 2800 1481 2957 1553; x_wconf 89' lang='lat' dir='ltr'>quod</span> <span class='ocrx_word' id='word_1_421' title='bbox 2982 1482 3310 1554; x_wconf 88' lang='lat' dir='ltr'>inscriptum</span> <span class='ocrx_word' id='word_1_422' title='bbox 3331 1492 3453 1537; x_wconf 89' lang='lat' dir='ltr'>erat</span> <span class='ocrx_word' id='word_1_423' title='bbox 3480 1480 3529 1538; x_wconf 89' lang='grc' dir='ltr'><strong>Σ</strong></span> <span class='ocrx_word' id='word_1_424' title='bbox 3543 1479 3722 1556; x_wconf 81' lang='grc' dir='ltr'>υγγέ-</span> 
     </span>
     <span class='ocr_line' id='line_1_61' title="bbox 2163 1568 3720 1626; baseline 0.001 -2"><span class='ocrx_word' id='word_1_425' title='bbox 2163 1589 2295 1624; x_wconf 84' lang='grc' dir='ltr'>νεια</span> <span class='ocrx_word' id='word_1_426' title='bbox 2313 1589 2346 1622; x_wconf 85' lang='grc' dir='ltr'>ι.</span> <span class='ocrx_word' id='word_1_427' title='bbox 2374 1568 2580 1625; x_wconf 84' lang='lat' dir='ltr'>Earum</span> <span class='ocrx_word' id='word_1_428' title='bbox 2608 1568 2753 1623; x_wconf 91' lang='lat' dir='ltr'>liber</span> <span class='ocrx_word' id='word_1_429' title='bbox 2793 1579 3023 1626; x_wconf 85' lang='lat' dir='ltr'>octavus</span> <span class='ocrx_word' id='word_1_430' title='bbox 3053 1568 3126 1624; x_wconf 90' lang='lat' dir='ltr'>de</span> <span class='ocrx_word' id='word_1_431' title='bbox 3149 1568 3513 1624; x_wconf 80' lang='lat' dir='ltr'>Phorbanteo</span> <span class='ocrx_word' id='word_1_432' title='bbox 3541 1569 3720 1625; x_wconf 87' lang='lat' dir='ltr'>Athe-</span> 
     </span>
     <span class='ocr_line' id='line_1_62' title="bbox 2160 1654 3720 1729; baseline 0.001 -19"><span class='ocrx_word' id='word_1_433' title='bbox 2160 1657 2436 1712; x_wconf 89' lang='lat' dir='ltr'>niensium</span> <span class='ocrx_word' id='word_1_434' title='bbox 2455 1656 2657 1710; x_wconf 75' lang='lat' dir='ltr'>citatur</span> <span class='ocrx_word' id='word_1_435' title='bbox 2675 1654 2746 1710; x_wconf 83' lang='lat' dir='ltr'>fr.</span> <span class='ocrx_word' id='word_1_436' title='bbox 2782 1674 2869 1711; x_wconf 88' lang='lat'>10.</span> <span class='ocrx_word' id='word_1_437' title='bbox 2887 1656 3086 1728; x_wconf 85' lang='lat' dir='ltr'>Operis</span> <span class='ocrx_word' id='word_1_438' title='bbox 3105 1656 3233 1712; x_wconf 86' lang='lat' dir='ltr'>satis</span> <span class='ocrx_word' id='word_1_439' title='bbox 3258 1656 3430 1729; x_wconf 87' lang='lat' dir='ltr'>ampli</span> <span class='ocrx_word' id='word_1_440' title='bbox 3451 1656 3571 1729; x_wconf 88' lang='lat' dir='ltr'>ipse</span> <span class='ocrx_word' id='word_1_441' title='bbox 3597 1659 3720 1712; x_wconf 91' lang='lat' dir='ltr'>An·</span> 
     </span>
     <span class='ocr_line' id='line_1_63' title="bbox 2161 1741 3720 1818; baseline -0.001 -19"><span class='ocrx_word' id='word_1_442' title='bbox 2161 1744 2338 1811; x_wconf 88' lang='lat' dir='ltr'>dron,</span> <span class='ocrx_word' id='word_1_443' title='bbox 2367 1744 2528 1798; x_wconf 90' lang='lat' dir='ltr'>sicuti</span> <span class='ocrx_word' id='word_1_444' title='bbox 2544 1741 2786 1799; x_wconf 84' lang='lat' dir='ltr'>Atthidis</span> <span class='ocrx_word' id='word_1_445' title='bbox 2808 1761 2917 1798; x_wconf 79' lang='lat' dir='ltr'>suae</span> <span class='ocrx_word' id='word_1_446' title='bbox 2931 1743 3319 1811; x_wconf 87' lang='lat' dir='ltr'>Philochorus,</span> <span class='ocrx_word' id='word_1_447' title='bbox 3333 1742 3580 1800; x_wconf 81' lang='lat' dir='ltr'>confecit</span> <span class='ocrx_word' id='word_1_448' title='bbox 3598 1748 3720 1818; x_wconf 83' lang='lat' dir='ltr'>epi-</span> 
     </span>
     <span class='ocr_line' id='line_1_64' title="bbox 2161 1828 3722 1902; baseline 0.001 -17"><span class='ocrx_word' id='word_1_449' title='bbox 2161 1843 2360 1898; x_wconf 83' lang='lat' dir='ltr'>tomen,</span> <span class='ocrx_word' id='word_1_450' title='bbox 2390 1847 2459 1886; x_wconf 81' lang='lat' dir='ltr'>ex</span> <span class='ocrx_word' id='word_1_451' title='bbox 2479 1848 2589 1902; x_wconf 89' lang='lat' dir='ltr'>qua</span> <span class='ocrx_word' id='word_1_452' title='bbox 2608 1828 2681 1884; x_wconf 85' lang='lat' dir='ltr'>dc</span> <span class='ocrx_word' id='word_1_453' title='bbox 2699 1838 2879 1885; x_wconf 80' lang='lat' dir='ltr'>matre</span> <span class='ocrx_word' id='word_1_454' title='bbox 2898 1831 3109 1886; x_wconf 89' lang='lat' dir='ltr'>Iasonis</span> <span class='ocrx_word' id='word_1_455' title='bbox 3132 1829 3388 1902; x_wconf 78' lang='lat' dir='ltr'>quaedam</span> <span class='ocrx_word' id='word_1_456' title='bbox 3408 1829 3722 1886; x_wconf 79' lang='lat' dir='ltr'>afferuntur</span> 
     </span>
     <span class='ocr_line' id='line_1_65' title="bbox 2162 1916 3721 1990; baseline -0.001 -17"><span class='ocrx_word' id='word_1_457' title='bbox 2162 1918 2231 1975; x_wconf 89' lang='lat' dir='ltr'>fr.</span> <span class='ocrx_word' id='word_1_458' title='bbox 2269 1916 2360 1975; x_wconf 88' lang='lat'>15.</span> <span class='ocrx_word' id='word_1_459' title='bbox 2398 1948 2476 1958; x_wconf 92' lang='lat'>—</span> <span class='ocrx_word' id='word_1_460' title='bbox 2495 1918 2582 1990; x_wconf 59' lang='lat' dir='ltr'>‚Ut</span> <span class='ocrx_word' id='word_1_461' title='bbox 2603 1933 2738 1972; x_wconf 84' lang='lat' dir='ltr'>vero</span> <span class='ocrx_word' id='word_1_462' title='bbox 2766 1916 3097 1975; x_wconf 86' lang='lat' dir='ltr'>Andronem</span> <span class='ocrx_word' id='word_1_463' title='bbox 3121 1918 3662 1973; x_wconf 84' lang='lat' dir='ltr'>Halicarnassensem</span> <span class='ocrx_word' id='word_1_464' title='bbox 3689 1936 3721 1972; x_wconf 90' lang='lat' dir='ltr'>a</span> 
     </span>
     <span class='ocr_line' id='line_1_66' title="bbox 2162 2003 3717 2080; baseline -0.004 -16"><span class='ocrx_word' id='word_1_465' title='bbox 2162 2003 2478 2080; x_wconf 75' lang='grc' dir='ltr'>Συγγενειῶν</span> <span class='ocrx_word' id='word_1_466' title='bbox 2497 2013 2727 2060; x_wconf 86' lang='lat' dir='ltr'>auctore</span> <span class='ocrx_word' id='word_1_467' title='bbox 2749 2021 2868 2059; x_wconf 90' lang='lat' dir='ltr'>non</span> <span class='ocrx_word' id='word_1_468' title='bbox 2883 2003 3164 2059; x_wconf 88' lang='lat' dir='ltr'>diversum</span> <span class='ocrx_word' id='word_1_469' title='bbox 3186 2022 3298 2060; x_wconf 87' lang='lat' dir='ltr'>esse</span> <span class='ocrx_word' id='word_1_470' title='bbox 3320 2014 3606 2077; x_wconf 90' lang='lat' dir='ltr'>putemus,</span> <span class='ocrx_word' id='word_1_471' title='bbox 3629 2005 3717 2059; x_wconf 87' lang='lat' dir='ltr'>vel</span> 
     </span>
     <span class='ocr_line' id='line_1_67' title="bbox 2161 2089 3720 2164; baseline 0 -18"><span class='ocrx_word' id='word_1_472' title='bbox 2161 2092 2220 2148; x_wconf 90' lang='lat' dir='ltr'>id</span> <span class='ocrx_word' id='word_1_473' title='bbox 2239 2090 2473 2148; x_wconf 85' lang='lat' dir='ltr'>suadere</span> <span class='ocrx_word' id='word_1_474' title='bbox 2490 2090 2736 2160; x_wconf 90' lang='lat' dir='ltr'>videtur,</span> <span class='ocrx_word' id='word_1_475' title='bbox 2760 2090 2920 2164; x_wconf 85' lang='lat' dir='ltr'>quod</span> <span class='ocrx_word' id='word_1_476' title='bbox 2945 2101 3002 2146; x_wconf 91' lang='lat' dir='ltr'>et</span> <span class='ocrx_word' id='word_1_477' title='bbox 3024 2090 3090 2148; x_wconf 79' lang='lat' dir='ltr'>fr.</span> <span class='ocrx_word' id='word_1_478' title='bbox 3114 2110 3135 2146; x_wconf 88' lang='lat'>1</span> <span class='ocrx_word' id='word_1_479' title='bbox 3149 2089 3180 2144; x_wconf 83' lang='lat'>3</span> <span class='ocrx_word' id='word_1_480' title='bbox 3197 2101 3253 2146; x_wconf 91' lang='lat' dir='ltr'>et</span> <span class='ocrx_word' id='word_1_481' title='bbox 3276 2091 3345 2147; x_wconf 80' lang='lat' dir='ltr'>fr.</span> <span class='ocrx_word' id='word_1_482' title='bbox 3367 2109 3437 2146; x_wconf 87' lang='lat'>10</span> <span class='ocrx_word' id='word_1_483' title='bbox 3458 2090 3720 2147; x_wconf 86' lang='lat' dir='ltr'>Androni</span> 
     </span>
     <span class='ocr_line' id='line_1_68' title="bbox 2153 2177 3717 2254; baseline -0.001 -20"><span class='ocrx_word' id='word_1_484' title='bbox 2153 2178 2414 2254; x_wconf 86' lang='lat' dir='ltr'>jungitur</span> <span class='ocrx_word' id='word_1_485' title='bbox 2433 2178 2769 2234; x_wconf 84' lang='lat' dir='ltr'>Hellanicus.</span> <span class='ocrx_word' id='word_1_486' title='bbox 2793 2177 2956 2233; x_wconf 87' lang='lat' dir='ltr'>Idem</span> <span class='ocrx_word' id='word_1_487' title='bbox 2984 2196 3159 2250; x_wconf 90' lang='lat' dir='ltr'>quum</span> <span class='ocrx_word' id='word_1_488' title='bbox 3181 2185 3387 2233; x_wconf 80' lang='lat' dir='ltr'>[actum</span> <span class='ocrx_word' id='word_1_489' title='bbox 3404 2179 3474 2233; x_wconf 89' lang='lat' dir='ltr'>sit</span> <span class='ocrx_word' id='word_1_490' title='bbox 3500 2177 3573 2235; x_wconf 81' lang='lat' dir='ltr'>fr.</span> <span class='ocrx_word' id='word_1_491' title='bbox 3602 2197 3635 2232; x_wconf 69' lang='grc' dir='ltr'>α</span> <span class='ocrx_word' id='word_1_492' title='bbox 3661 2190 3717 2233; x_wconf 90' lang='lat' dir='ltr'>et</span> 
     </span>
     <span class='ocr_line' id='line_1_69' title="bbox 2161 2263 3719 2339; baseline -0.001 -18"><span class='ocrx_word' id='word_1_493' title='bbox 2161 2266 2216 2336; x_wconf 86' lang='lat'>6,</span> <span class='ocrx_word' id='word_1_494' title='bbox 2227 2267 2343 2321; x_wconf 80' lang='lat' dir='ltr'>haec</span> <span class='ocrx_word' id='word_1_495' title='bbox 2353 2282 2583 2339; x_wconf 89' lang='lat' dir='ltr'>quoque</span> <span class='ocrx_word' id='word_1_496' title='bbox 2597 2264 2781 2321; x_wconf 86' lang='lat' dir='ltr'>eidem</span> <span class='ocrx_word' id='word_1_497' title='bbox 2793 2264 3052 2321; x_wconf 90' lang='lat' dir='ltr'>Androni</span> <span class='ocrx_word' id='word_1_498' title='bbox 3063 2264 3390 2321; x_wconf 82' lang='lat' dir='ltr'>ascribenda</span> <span class='ocrx_word' id='word_1_499' title='bbox 3412 2282 3527 2320; x_wconf 72' lang='lat' dir='ltr'>esse</span> <span class='ocrx_word' id='word_1_500' title='bbox 3555 2263 3719 2320; x_wconf 81' lang='lat' dir='ltr'>facile</span> 
     </span>
     <span class='ocr_line' id='line_1_70' title="bbox 2161 2349 3720 2427; baseline -0.002 -18"><span class='ocrx_word' id='word_1_501' title='bbox 2161 2352 2454 2411; x_wconf 84' lang='lat' dir='ltr'>concedes.</span> <span class='ocrx_word' id='word_1_502' title='bbox 2477 2353 2700 2427; x_wconf 82' lang='lat' dir='ltr'>Fragm.</span> <span class='ocrx_word' id='word_1_503' title='bbox 2737 2349 2807 2407; x_wconf 86' lang='lat'>15</span> <span class='ocrx_word' id='word_1_504' title='bbox 2835 2353 3081 2408; x_wconf 88' lang='lat' dir='ltr'>sociatur</span> <span class='ocrx_word' id='word_1_505' title='bbox 3113 2351 3421 2425; x_wconf 78' lang='lat' dir='ltr'>Pherecydi</span> <span class='ocrx_word' id='word_1_506' title='bbox 3444 2363 3502 2408; x_wconf 91' lang='lat' dir='ltr'>et</span> <span class='ocrx_word' id='word_1_507' title='bbox 3533 2354 3720 2407; x_wconf 85' lang='lat' dir='ltr'>Hero·</span> 
     </span>
     <span class='ocr_line' id='line_1_71' title="bbox 2160 2435 3720 2517; baseline -0.001 -23"><span class='ocrx_word' id='word_1_508' title='bbox 2160 2440 2324 2495; x_wconf 89' lang='lat' dir='ltr'>doro.</span> <span class='ocrx_word' id='word_1_509' title='bbox 2344 2441 2564 2513; x_wconf 84' lang='lat' dir='ltr'>Fragm.</span> <span class='ocrx_word' id='word_1_510' title='bbox 2589 2457 2657 2494; x_wconf 68' lang='grc' dir='ltr'>ια</span> <span class='ocrx_word' id='word_1_511' title='bbox 2684 2436 2800 2504; x_wconf 78' lang='grc' dir='ltr'>τοὺς</span> <span class='ocrx_word' id='word_1_512' title='bbox 2824 2436 2918 2508; x_wconf 74' lang='grc' dir='ltr'>τὴν</span> <span class='ocrx_word' id='word_1_513' title='bbox 2946 2436 3152 2497; x_wconf 79' lang='grc' dir='ltr'>Ἀτθίδα</span> <span class='ocrx_word' id='word_1_514' title='bbox 3175 2435 3577 2517; x_wconf 78' lang='grc' dir='ltr'>συγγράψαντας</span> <span class='ocrx_word' id='word_1_515' title='bbox 3603 2435 3720 2503; x_wconf 77' lang='grc' dir='ltr'><strong>τούς</strong></span> 
     </span>
     <span class='ocr_line' id='line_1_72' title="bbox 2159 2523 3723 2602; baseline -0.001 -21"><span class='ocrx_word' id='word_1_516' title='bbox 2159 2546 2217 2601; x_wconf 80' lang='grc' dir='ltr'>γε</span> <span class='ocrx_word' id='word_1_517' title='bbox 2240 2523 2394 2602; x_wconf 80' lang='grc' dir='ltr'>λόγου</span> <span class='ocrx_word' id='word_1_518' title='bbox 2417 2523 2584 2591; x_wconf 72' lang='grc' dir='ltr'><strong>ἀξίους</strong></span> <span class='ocrx_word' id='word_1_519' title='bbox 2607 2527 2855 2581; x_wconf 83' lang='lat' dir='ltr'>excitans</span> <span class='ocrx_word' id='word_1_520' title='bbox 2880 2525 3086 2581; x_wconf 91' lang='lat' dir='ltr'>Strabo</span> <span class='ocrx_word' id='word_1_521' title='bbox 3122 2527 3458 2579; x_wconf 86' lang='lat' dir='ltr'>nominatim</span> <span class='ocrx_word' id='word_1_522' title='bbox 3486 2525 3723 2581; x_wconf 85' lang='lat' dir='ltr'>adducit</span> 
     </span>
     <span class='ocr_line' id='line_1_73' title="bbox 2162 2611 3723 2684; baseline -0.003 -14"><span class='ocrx_word' id='word_1_523' title='bbox 2162 2614 2474 2670; x_wconf 86' lang='lat' dir='ltr'>testimonia</span> <span class='ocrx_word' id='word_1_524' title='bbox 2488 2611 2773 2668; x_wconf 86' lang='lat' dir='ltr'>Andronis</span> <span class='ocrx_word' id='word_1_525' title='bbox 2781 2613 2958 2667; x_wconf 87' lang='lat' dir='ltr'>nostri</span> <span class='ocrx_word' id='word_1_526' title='bbox 2978 2622 3033 2667; x_wconf 90' lang='lat' dir='ltr'>et</span> <span class='ocrx_word' id='word_1_527' title='bbox 3050 2611 3395 2669; x_wconf 89' lang='lat' dir='ltr'>Philochori.</span> <span class='ocrx_word' id='word_1_528' title='bbox 3412 2612 3613 2684; x_wconf 85' lang='lat' dir='ltr'>Neque</span> <span class='ocrx_word' id='word_1_529' title='bbox 3635 2622 3690 2666; x_wconf 83' lang='lat' dir='ltr'>ta</span> <span class='ocrx_word' id='word_1_530' title='bbox 3702 2641 3723 2658; x_wconf 85' lang='lat'><strong>·</strong></span> 
     </span>
     <span class='ocr_line' id='line_1_74' title="bbox 2160 2696 3726 2772; baseline 0 -19"><span class='ocrx_word' id='word_1_531' title='bbox 2160 2717 2291 2755; x_wconf 89' lang='lat' dir='ltr'>men</span> <span class='ocrx_word' id='word_1_532' title='bbox 2318 2698 2605 2754; x_wconf 82' lang='lat' dir='ltr'>Atthidem</span> <span class='ocrx_word' id='word_1_533' title='bbox 2631 2697 2915 2753; x_wconf 87' lang='lat' dir='ltr'>Andronis</span> <span class='ocrx_word' id='word_1_534' title='bbox 2937 2715 2970 2752; x_wconf 84' lang='lat' dir='ltr'>a</span> <span class='ocrx_word' id='word_1_535' title='bbox 2997 2696 3319 2772; x_wconf 79' lang='grc' dir='ltr'>Συγγενειῶν</span> <span class='ocrx_word' id='word_1_536' title='bbox 3340 2715 3514 2771; x_wconf 90' lang='lat' dir='ltr'>opere</span> <span class='ocrx_word' id='word_1_537' title='bbox 3544 2697 3726 2769; x_wconf 88' lang='lat' dir='ltr'>sejun-</span> 
     </span>
     <span class='ocr_line' id='line_1_75' title="bbox 2159 2782 3725 2857; baseline 0 -17"><span class='ocrx_word' id='word_1_538' title='bbox 2159 2797 2305 2841; x_wconf 87' lang='lat' dir='ltr'>ctam</span> <span class='ocrx_word' id='word_1_539' title='bbox 2339 2785 2501 2841; x_wconf 88' lang='lat' dir='ltr'>fuisse</span> <span class='ocrx_word' id='word_1_540' title='bbox 2539 2803 2759 2843; x_wconf 90' lang='lat' dir='ltr'>censeo.</span> <span class='ocrx_word' id='word_1_541' title='bbox 2804 2787 2927 2840; x_wconf 89' lang='lat' dir='ltr'>Imo</span> <span class='ocrx_word' id='word_1_542' title='bbox 2951 2782 3431 2857; x_wconf 83' lang='lat' dir='ltr'>quemadmodum</span> <span class='ocrx_word' id='word_1_543' title='bbox 3447 2784 3725 2840; x_wconf 79' lang='lat' dir='ltr'>Hellanici</span> 
     </span>
     <span class='ocr_line' id='line_1_76' title="bbox 2160 2869 3723 2946; baseline -0.001 -18"><span class='ocrx_word' id='word_1_544' title='bbox 2160 2874 2341 2928; x_wconf 87' lang='lat' dir='ltr'>Atthis</span> <span class='ocrx_word' id='word_1_545' title='bbox 2365 2884 2709 2946; x_wconf 81' lang='lat' dir='ltr'>postremam</span> <span class='ocrx_word' id='word_1_546' title='bbox 2721 2882 2942 2945; x_wconf 83' lang='lat' dir='ltr'>partem</span> <span class='ocrx_word' id='word_1_547' title='bbox 2961 2872 3250 2926; x_wconf 87' lang='lat' dir='ltr'>constituit</span> <span class='ocrx_word' id='word_1_548' title='bbox 3267 2869 3496 2942; x_wconf 88' lang='lat' dir='ltr'>majoris</span> <span class='ocrx_word' id='word_1_549' title='bbox 3505 2873 3723 2945; x_wconf 86' lang='lat' dir='ltr'>operis,</span> 
     </span>
     <span class='ocr_line' id='line_1_77' title="bbox 2160 2958 3724 3034; baseline -0.003 -17"><span class='ocrx_word' id='word_1_550' title='bbox 2160 2960 2320 3034; x_wconf 90' lang='lat' dir='ltr'>quod</span> <span class='ocrx_word' id='word_1_551' title='bbox 2345 2962 2508 3017; x_wconf 90' lang='lat' dir='ltr'>simul</span> <span class='ocrx_word' id='word_1_552' title='bbox 2529 2961 2915 3029; x_wconf 89' lang='lat' dir='ltr'>Phoroneam,</span> <span class='ocrx_word' id='word_1_553' title='bbox 2943 2958 3381 3015; x_wconf 80' lang='lat' dir='ltr'>Deucalioneam</span> <span class='ocrx_word' id='word_1_554' title='bbox 3404 2970 3462 3014; x_wconf 92' lang='lat' dir='ltr'>et</span> <span class='ocrx_word' id='word_1_555' title='bbox 3482 2958 3724 3015; x_wconf 85' lang='lat' dir='ltr'>Atlanti·</span> 
     </span>
     <span class='ocr_line' id='line_1_78' title="bbox 2162 3046 3724 3116; baseline -0.002 -12"><span class='ocrx_word' id='word_1_556' title='bbox 2162 3048 2291 3105; x_wconf 90' lang='lat' dir='ltr'>dem</span> <span class='ocrx_word' id='word_1_557' title='bbox 2310 3048 2635 3104; x_wconf 85' lang='lat' dir='ltr'>continebat</span> <span class='ocrx_word' id='word_1_558' title='bbox 2651 3089 2667 3116; x_wconf 93' lang='lat'><strong>‚</strong></span> <span class='ocrx_word' id='word_1_559' title='bbox 2692 3048 2946 3103; x_wconf 87' lang='lat' dir='ltr'>similiter</span> <span class='ocrx_word' id='word_1_560' title='bbox 2977 3046 3216 3103; x_wconf 89' lang='lat' dir='ltr'>Andron</span> <span class='ocrx_word' id='word_1_561' title='bbox 3243 3065 3365 3102; x_wconf 89' lang='lat' dir='ltr'>rem</span> <span class='ocrx_word' id='word_1_562' title='bbox 3388 3047 3724 3115; x_wconf 84' lang='lat' dir='ltr'>instituerit,</span> 
     </span>
     <span class='ocr_line' id='line_1_79' title="bbox 2162 3134 3722 3209; baseline -0.001 -19"><span class='ocrx_word' id='word_1_563' title='bbox 2162 3153 2332 3209; x_wconf 90' lang='lat' dir='ltr'>quem</span> <span class='ocrx_word' id='word_1_564' title='bbox 2361 3135 2632 3191; x_wconf 87' lang='lat' dir='ltr'>Hellanici</span> <span class='ocrx_word' id='word_1_565' title='bbox 2673 3134 2902 3208; x_wconf 85' lang='lat' dir='ltr'>vestigia</span> <span class='ocrx_word' id='word_1_566' title='bbox 2938 3152 3054 3208; x_wconf 77' lang='lat' dir='ltr'>prae</span> <span class='ocrx_word' id='word_1_567' title='bbox 3090 3134 3288 3189; x_wconf 89' lang='lat' dir='ltr'>ceteris</span> <span class='ocrx_word' id='word_1_568' title='bbox 3313 3144 3569 3189; x_wconf 88' lang='lat' dir='ltr'>secutum</span> <span class='ocrx_word' id='word_1_569' title='bbox 3601 3151 3722 3189; x_wconf 64' lang='lat' dir='ltr'>esse</span> 
     </span>
     <span class='ocr_line' id='line_1_80' title="bbox 2161 3220 3727 3293; baseline -0.001 -15"><span class='ocrx_word' id='word_1_570' title='bbox 2161 3221 2608 3278; x_wconf 87' lang='lat' dir='ltr'>omniasuadent.</span> <span class='ocrx_word' id='word_1_571' title='bbox 2618 3224 2703 3278; x_wconf 86' lang='lat' dir='ltr'>Ita</span> <span class='ocrx_word' id='word_1_572' title='bbox 2712 3239 2848 3277; x_wconf 87' lang='lat' dir='ltr'>vero</span> <span class='ocrx_word' id='word_1_573' title='bbox 2859 3231 2923 3276; x_wconf 91' lang='lat' dir='ltr'>ut</span> <span class='ocrx_word' id='word_1_574' title='bbox 2935 3231 3255 3289; x_wconf 87' lang='lat' dir='ltr'>statuamus,</span> <span class='ocrx_word' id='word_1_575' title='bbox 3271 3220 3402 3276; x_wconf 87' lang='lat' dir='ltr'>facit</span> <span class='ocrx_word' id='word_1_576' title='bbox 3411 3222 3727 3293; x_wconf 85' lang='lat' dir='ltr'>Harpocra-</span> 
     </span>
     <span class='ocr_line' id='line_1_81' title="bbox 2161 3307 3723 3385; baseline -0.001 -22"><span class='ocrx_word' id='word_1_577' title='bbox 2161 3310 2329 3365; x_wconf 75' lang='lat' dir='ltr'>tionis</span> <span class='ocrx_word' id='word_1_578' title='bbox 2353 3310 2509 3364; x_wconf 90' lang='lat' dir='ltr'>locus</span> <span class='ocrx_word' id='word_1_579' title='bbox 2541 3307 2643 3384; x_wconf 86' lang='lat' dir='ltr'>(fr.</span> <span class='ocrx_word' id='word_1_580' title='bbox 2686 3328 2707 3363; x_wconf 89' lang='lat'>1</span> <span class='ocrx_word' id='word_1_581' title='bbox 2725 3308 2824 3385; x_wconf 88' lang='lat'>1),</span> <span class='ocrx_word' id='word_1_582' title='bbox 2844 3308 2998 3364; x_wconf 87' lang='lat' dir='ltr'>unde</span> <span class='ocrx_word' id='word_1_583' title='bbox 3027 3327 3150 3383; x_wconf 79' lang='lat' dir='ltr'>quae</span> <span class='ocrx_word' id='word_1_584' title='bbox 3178 3307 3249 3363; x_wconf 85' lang='lat' dir='ltr'>ad</span> <span class='ocrx_word' id='word_1_585' title='bbox 3278 3308 3723 3380; x_wconf 84' lang='lat' dir='ltr'>antiquissimam</span> 
     </span>
     <span class='ocr_line' id='line_1_82' title="bbox 2160 3392 3722 3470; baseline -0.002 -18"><span class='ocrx_word' id='word_1_586' title='bbox 2160 3397 2581 3452; x_wconf 87' lang='lat' dir='ltr'>Atheniensium</span> <span class='ocrx_word' id='word_1_587' title='bbox 2593 3396 2885 3452; x_wconf 89' lang='lat' dir='ltr'>historiam</span> <span class='ocrx_word' id='word_1_588' title='bbox 2899 3397 3182 3470; x_wconf 88' lang='lat' dir='ltr'>pertinent</span> <span class='ocrx_word' id='word_1_589' title='bbox 3195 3407 3296 3469; x_wconf 69' lang='lat' dir='ltr'>sea</span> <span class='ocrx_word' id='word_1_590' title='bbox 3311 3396 3369 3450; x_wconf 87' lang='lat' dir='ltr'>in</span> <span class='ocrx_word' id='word_1_591' title='bbox 3386 3392 3722 3469; x_wconf 76' lang='grc' dir='ltr'><strong>Συγγενεῖαις</strong></span> 
     </span>
     <span class='ocr_line' id='line_1_83' title="bbox 2167 3479 3727 3556; baseline -0.002 -19"><span class='ocrx_word' id='word_1_592' title='bbox 2167 3484 2337 3556; x_wconf 91' lang='lat' dir='ltr'>inque</span> <span class='ocrx_word' id='word_1_593' title='bbox 2376 3494 2578 3538; x_wconf 87' lang='lat' dir='ltr'>octavo</span> <span class='ocrx_word' id='word_1_594' title='bbox 2604 3482 2835 3539; x_wconf 90' lang='lat' dir='ltr'>demum</span> <span class='ocrx_word' id='word_1_595' title='bbox 2868 3501 3058 3539; x_wconf 89' lang='lat' dir='ltr'>earum</span> <span class='ocrx_word' id='word_1_596' title='bbox 3103 3480 3249 3537; x_wconf 84' lang='lat' dir='ltr'>libro</span> <span class='ocrx_word' id='word_1_597' title='bbox 3281 3482 3531 3554; x_wconf 86' lang='lat' dir='ltr'>exposita</span> <span class='ocrx_word' id='word_1_598' title='bbox 3557 3479 3727 3547; x_wconf 74' lang='lat' dir='ltr'>fuisse</span> 
     </span>
     <span class='ocr_line' id='line_1_84' title="bbox 2167 3568 3725 3644; baseline -0.003 -19"><span class='ocrx_word' id='word_1_599' title='bbox 2167 3571 2450 3626; x_wconf 88' lang='lat' dir='ltr'>discimus.</span> <span class='ocrx_word' id='word_1_600' title='bbox 2504 3572 2915 3626; x_wconf 64' lang='lat' dir='ltr'>Antecesserint</span> <span class='ocrx_word' id='word_1_601' title='bbox 2959 3571 3129 3644; x_wconf 87' lang='lat' dir='ltr'>igitur</span> <span class='ocrx_word' id='word_1_602' title='bbox 3169 3586 3291 3640; x_wconf 83' lang='lat' dir='ltr'>quae</span> <span class='ocrx_word' id='word_1_603' title='bbox 3343 3577 3596 3641; x_wconf 87' lang='lat' dir='ltr'>spectant</span> <span class='ocrx_word' id='word_1_604' title='bbox 3649 3568 3725 3622; x_wconf 88' lang='lat' dir='ltr'>ad</span> 
     </span>
     <span class='ocr_line' id='line_1_85' title="bbox 2165 3652 3726 3731; baseline -0.001 -20"><span class='ocrx_word' id='word_1_605' title='bbox 2165 3658 2453 3712; x_wconf 87' lang='lat' dir='ltr'>historiam</span> <span class='ocrx_word' id='word_1_606' title='bbox 2480 3658 2874 3713; x_wconf 77' lang='lat' dir='ltr'>Deucalioneae</span> <span class='ocrx_word' id='word_1_607' title='bbox 2888 3656 3157 3731; x_wconf 81' lang='lat' dir='ltr'>prosapiae</span> <span class='ocrx_word' id='word_1_608' title='bbox 3181 3654 3279 3728; x_wconf 80' lang='lat' dir='ltr'>(fr.</span> <span class='ocrx_word' id='word_1_609' title='bbox 3313 3652 3492 3728; x_wconf 74' lang='lat'>1—2)</span> <span class='ocrx_word' id='word_1_610' title='bbox 3514 3693 3530 3722; x_wconf 90' lang='lat'>,</span> <span class='ocrx_word' id='word_1_611' title='bbox 3552 3663 3726 3727; x_wconf 85' lang='lat' dir='ltr'>atque</span> 
     </span>
     <span class='ocr_line' id='line_1_86' title="bbox 2166 3741 3720 3819; baseline -0.003 -20"><span class='ocrx_word' id='word_1_612' title='bbox 2166 3746 2383 3818; x_wconf 88' lang='lat' dir='ltr'>reliqua</span> <span class='ocrx_word' id='word_1_613' title='bbox 2419 3745 2625 3818; x_wconf 87' lang='lat' dir='ltr'>partim</span> <span class='ocrx_word' id='word_1_614' title='bbox 2666 3745 3056 3819; x_wconf 82' lang='lat' dir='ltr'>genealogica,</span> <span class='ocrx_word' id='word_1_615' title='bbox 3079 3743 3282 3816; x_wconf 89' lang='lat' dir='ltr'>partim</span> <span class='ocrx_word' id='word_1_616' title='bbox 3311 3741 3687 3815; x_wconf 82' lang='lat' dir='ltr'>geographica</span> <span class='ocrx_word' id='word_1_617' title='bbox 3705 3783 3720 3809; x_wconf 99' lang='lat'>,</span> 
     </span>
     <span class='ocr_line' id='line_1_87' title="bbox 2167 3826 3722 3905; baseline -0.003 -20"><span class='ocrx_word' id='word_1_618' title='bbox 2167 3849 2290 3903; x_wconf 84' lang='lat' dir='ltr'>quae</span> <span class='ocrx_word' id='word_1_619' title='bbox 2316 3831 2658 3905; x_wconf 88' lang='lat' dir='ltr'>genealogiis</span> <span class='ocrx_word' id='word_1_620' title='bbox 2685 3830 2886 3886; x_wconf 90' lang='lat' dir='ltr'>eodem</span> <span class='ocrx_word' id='word_1_621' title='bbox 2917 3848 3032 3903; x_wconf 89' lang='lat' dir='ltr'>quo</span> <span class='ocrx_word' id='word_1_622' title='bbox 3055 3826 3375 3884; x_wconf 81' lang='lat' dir='ltr'>Hellanicus</span> <span class='ocrx_word' id='word_1_623' title='bbox 3399 3826 3588 3882; x_wconf 89' lang='lat' dir='ltr'>studio</span> <span class='ocrx_word' id='word_1_624' title='bbox 3613 3829 3722 3882; x_wconf 89' lang='lat' dir='ltr'>im-</span> 
     </span>
     <span class='ocr_line' id='line_1_88' title="bbox 2165 3914 3724 3973; baseline -0.002 -3"><span class='ocrx_word' id='word_1_625' title='bbox 2165 3917 2467 3973; x_wconf 88' lang='lat' dir='ltr'>miscuerit.</span> <span class='ocrx_word' id='word_1_626' title='bbox 2501 3917 2682 3971; x_wconf 89' lang='lat' dir='ltr'>Porro</span> <span class='ocrx_word' id='word_1_627' title='bbox 2720 3917 2782 3971; x_wconf 90' lang='lat' dir='ltr'>in</span> <span class='ocrx_word' id='word_1_628' title='bbox 2820 3934 2889 3971; x_wconf 95' lang='lat' dir='ltr'>eo</span> <span class='ocrx_word' id='word_1_629' title='bbox 2941 3914 3177 3972; x_wconf 84' lang='lat' dir='ltr'>Andron</span> <span class='ocrx_word' id='word_1_630' title='bbox 3217 3914 3408 3968; x_wconf 87' lang='lat' dir='ltr'>similis</span> <span class='ocrx_word' id='word_1_631' title='bbox 3443 3914 3724 3969; x_wconf 88' lang='lat' dir='ltr'>Hellanici</span> 
     </span>
     <span class='ocr_line' id='line_1_89' title="bbox 2172 4000 3724 4075; baseline -0.001 -19"><span class='ocrx_word' id='word_1_632' title='bbox 2172 4002 2336 4058; x_wconf 79' lang='lat' dir='ltr'>fuisse</span> <span class='ocrx_word' id='word_1_633' title='bbox 2362 4002 2608 4069; x_wconf 81' lang='lat' dir='ltr'>videtur,</span> <span class='ocrx_word' id='word_1_634' title='bbox 2642 4002 2801 4075; x_wconf 86' lang='lat' dir='ltr'>quod</span> <span class='ocrx_word' id='word_1_635' title='bbox 2830 4001 3182 4075; x_wconf 86' lang='lat' dir='ltr'>reliquorum</span> <span class='ocrx_word' id='word_1_636' title='bbox 3210 4000 3436 4057; x_wconf 77' lang='lat' dir='ltr'>Graeciae</span> <span class='ocrx_word' id='word_1_637' title='bbox 3467 4001 3724 4073; x_wconf 87' lang='lat' dir='ltr'>populo-</span> 
     </span>
     <span class='ocr_line' id='line_1_90' title="bbox 2165 4089 3718 4163; baseline -0.004 -18"><span class='ocrx_word' id='word_1_638' title='bbox 2165 4108 2292 4145; x_wconf 90' lang='lat' dir='ltr'>rum</span> <span class='ocrx_word' id='word_1_639' title='bbox 2330 4090 2632 4163; x_wconf 77' lang='lat' dir='ltr'>mythicam</span> <span class='ocrx_word' id='word_1_640' title='bbox 2671 4098 2886 4144; x_wconf 89' lang='lat' dir='ltr'>tantum</span> <span class='ocrx_word' id='word_1_641' title='bbox 2915 4089 3203 4143; x_wconf 86' lang='lat' dir='ltr'>historiam</span> <span class='ocrx_word' id='word_1_642' title='bbox 3237 4097 3564 4159; x_wconf 87' lang='lat' dir='ltr'>persecutus</span> <span class='ocrx_word' id='word_1_643' title='bbox 3605 4096 3718 4157; x_wconf 84' lang='lat' dir='ltr'>est,</span> 
     </span>
     <span class='ocr_line' id='line_1_91' title="bbox 2164 4158 3738 4246; baseline -0.001 -16"><span class='ocrx_word' id='word_1_644' title='bbox 2164 4177 2224 4230; x_wconf 90' lang='lat' dir='ltr'>in</span> <span class='ocrx_word' id='word_1_645' title='bbox 2259 4176 2682 4232; x_wconf 86' lang='lat' dir='ltr'>Atheniensium</span> <span class='ocrx_word' id='word_1_646' title='bbox 2707 4194 2845 4232; x_wconf 83' lang='lat' dir='ltr'>vero</span> <span class='ocrx_word' id='word_1_647' title='bbox 2871 4176 3037 4231; x_wconf 87' lang='lat' dir='ltr'>rebus</span> <span class='ocrx_word' id='word_1_648' title='bbox 3077 4174 3151 4230; x_wconf 89' lang='lat' dir='ltr'>ad</span> <span class='ocrx_word' id='word_1_649' title='bbox 3177 4174 3439 4229; x_wconf 85' lang='lat' dir='ltr'>historica</span> <span class='ocrx_word' id='word_1_650' title='bbox 3466 4158 3738 4246; x_wconf 60' lang='lat' dir='ltr'>tempora·</span> 
     </span>
     <span class='ocr_line' id='line_1_92' title="bbox 2165 4261 3722 4334; baseline -0.003 -16"><span class='ocrx_word' id='word_1_651' title='bbox 2165 4273 2220 4319; x_wconf 91' lang='lat' dir='ltr'>et</span> <span class='ocrx_word' id='word_1_652' title='bbox 2245 4263 2320 4318; x_wconf 87' lang='lat' dir='ltr'>ad</span> <span class='ocrx_word' id='word_1_653' title='bbox 2344 4281 2498 4318; x_wconf 89' lang='lat' dir='ltr'>suam</span> <span class='ocrx_word' id='word_1_654' title='bbox 2513 4280 2693 4334; x_wconf 91' lang='lat' dir='ltr'>usque</span> <span class='ocrx_word' id='word_1_655' title='bbox 2719 4274 2934 4318; x_wconf 82' lang='lat' dir='ltr'>aetatem</span> <span class='ocrx_word' id='word_1_656' title='bbox 2964 4261 3271 4319; x_wconf 90' lang='lat' dir='ltr'>descendit.</span> <span class='ocrx_word' id='word_1_657' title='bbox 3299 4262 3464 4317; x_wconf 86' lang='lat' dir='ltr'>Certe</span> <span class='ocrx_word' id='word_1_658' title='bbox 3489 4262 3722 4314; x_wconf 90' lang='lat' dir='ltr'>unicum</span> 
     </span>
     <span class='ocr_line' id='line_1_93' title="bbox 2168 4348 3721 4424; baseline -0.001 -20"><span class='ocrx_word' id='word_1_659' title='bbox 2168 4350 2574 4424; x_wconf 83' lang='lat' dir='ltr'>fragmentum,</span> <span class='ocrx_word' id='word_1_660' title='bbox 2612 4350 2771 4421; x_wconf 90' lang='lat' dir='ltr'>quod</span> <span class='ocrx_word' id='word_1_661' title='bbox 2812 4349 2886 4404; x_wconf 87' lang='lat' dir='ltr'>ad</span> <span class='ocrx_word' id='word_1_662' title='bbox 2925 4350 3119 4404; x_wconf 86' lang='lat' dir='ltr'>saecula</span> <span class='ocrx_word' id='word_1_663' title='bbox 3145 4349 3388 4403; x_wconf 67' lang='lat' dir='ltr'>historia</span> <span class='ocrx_word' id='word_1_664' title='bbox 3417 4348 3544 4402; x_wconf 91' lang='lat' dir='ltr'>luce</span> <span class='ocrx_word' id='word_1_665' title='bbox 3570 4348 3721 4403; x_wconf 87' lang='lat' dir='ltr'>clara</span> 
     </span>
     <span class='ocr_line' id='line_1_94' title="bbox 2163 4435 3678 4512; baseline -0.003 -19"><span class='ocrx_word' id='word_1_666' title='bbox 2163 4439 2408 4512; x_wconf 87' lang='lat' dir='ltr'>pertinet</span> <span class='ocrx_word' id='word_1_667' title='bbox 2438 4436 2546 4507; x_wconf 79' lang='lat' dir='ltr'>(fr.</span> <span class='ocrx_word' id='word_1_668' title='bbox 2585 4442 2649 4501; x_wconf 70' lang='lat'>14</span> <span class='ocrx_word' id='word_1_669' title='bbox 2674 4435 2692 4512; x_wconf 91' lang='lat'>)</span> <span class='ocrx_word' id='word_1_670' title='bbox 2714 4479 2729 4505; x_wconf 96' lang='lat'>,</span> <span class='ocrx_word' id='word_1_671' title='bbox 2759 4436 2831 4493; x_wconf 90' lang='lat' dir='ltr'>de</span> <span class='ocrx_word' id='word_1_672' title='bbox 2863 4436 3155 4492; x_wconf 87' lang='lat' dir='ltr'>Alcibiade</span> <span class='ocrx_word' id='word_1_673' title='bbox 3183 4435 3520 4491; x_wconf 87' lang='lat' dir='ltr'>Atheniense</span> <span class='ocrx_word' id='word_1_674' title='bbox 3541 4437 3678 4508; x_wconf 85' lang='lat' dir='ltr'>agit.</span> 
     </span>
     <span class='ocr_line' id='line_1_95' title="bbox 2241 4520 3721 4600; baseline -0.003 -21"><span class='ocrx_word' id='word_1_675' title='bbox 2241 4523 2412 4599; x_wconf 86' lang='lat' dir='ltr'>Apud</span> <span class='ocrx_word' id='word_1_676' title='bbox 2441 4524 2618 4579; x_wconf 87' lang='lat' dir='ltr'>schol.</span> <span class='ocrx_word' id='word_1_677' title='bbox 2657 4525 2826 4581; x_wconf 84' lang='lat' dir='ltr'>Hom.</span> <span class='ocrx_word' id='word_1_678' title='bbox 2856 4520 2954 4600; x_wconf 83' lang='lat' dir='ltr'>(fr.</span> <span class='ocrx_word' id='word_1_679' title='bbox 2991 4521 3096 4597; x_wconf 86' lang='lat'>5),</span> <span class='ocrx_word' id='word_1_680' title='bbox 3123 4522 3219 4576; x_wconf 91' lang='lat' dir='ltr'>ubi</span> <span class='ocrx_word' id='word_1_681' title='bbox 3245 4521 3316 4576; x_wconf 90' lang='lat' dir='ltr'>de</span> <span class='ocrx_word' id='word_1_682' title='bbox 3345 4520 3505 4575; x_wconf 87' lang='lat' dir='ltr'>Sellis</span> <span class='ocrx_word' id='word_1_683' title='bbox 3534 4538 3721 4575; x_wconf 87' lang='lat' dir='ltr'>sermo</span> 
     </span>
     <span class='ocr_line' id='line_1_96' title="bbox 2163 4607 3724 4684; baseline -0.003 -19"><span class='ocrx_word' id='word_1_684' title='bbox 2163 4621 2275 4681; x_wconf 88' lang='lat' dir='ltr'>est,</span> <span class='ocrx_word' id='word_1_685' title='bbox 2291 4629 2460 4684; x_wconf 86' lang='lat' dir='ltr'>·quos</span> <span class='ocrx_word' id='word_1_686' title='bbox 2487 4608 2837 4673; x_wconf 80' lang='grc' dir='ltr'>ἀνιπτόποδας</span> <span class='ocrx_word' id='word_1_687' title='bbox 2875 4612 3155 4665; x_wconf 85' lang='lat' dir='ltr'>Homerus</span> <span class='ocrx_word' id='word_1_688' title='bbox 3208 4618 3402 4676; x_wconf 90' lang='lat' dir='ltr'>vocat,</span> <span class='ocrx_word' id='word_1_689' title='bbox 3457 4607 3724 4663; x_wconf 81' lang='lat' dir='ltr'>laudatur</span> 
     </span>
     <span class='ocr_line' id='line_1_97' title="bbox 2163 4689 3724 4773; baseline -0.003 -20"><span class='ocrx_word' id='word_1_690' title='bbox 2163 4689 2391 4772; x_wconf 77' lang='grc' dir='ltr'>Ἄνδρων</span> <span class='ocrx_word' id='word_1_691' title='bbox 2418 4697 2470 4753; x_wconf 74' lang='grc' dir='ltr'>ἐν</span> <span class='ocrx_word' id='word_1_692' title='bbox 2495 4696 2607 4759; x_wconf 82' lang='grc' dir='ltr'>ταῖς</span> <span class='ocrx_word' id='word_1_693' title='bbox 2638 4694 2679 4753; x_wconf 85' lang='grc' dir='ltr'>Ἱ</span> <span class='ocrx_word' id='word_1_694' title='bbox 2694 4716 2772 4751; x_wconf 82' lang='grc' dir='ltr'>στ</span> <span class='ocrx_word' id='word_1_695' title='bbox 2787 4716 2854 4773; x_wconf 83' lang='grc' dir='ltr'>ορ</span> <span class='ocrx_word' id='word_1_696' title='bbox 2871 4692 3013 4759; x_wconf 65' lang='lat' dir='ltr'>iate.</span> <span class='ocrx_word' id='word_1_697' title='bbox 3039 4696 3189 4766; x_wconf 85' lang='lat' dir='ltr'>Quas</span> <span class='ocrx_word' id='word_1_698' title='bbox 3201 4692 3434 4767; x_wconf 81' lang='lat' dir='ltr'>quidem</span> <span class='ocrx_word' id='word_1_699' title='bbox 3449 4694 3724 4749; x_wconf 78' lang='lat' dir='ltr'>Historias·</span> 
     </span>
     <span class='ocr_line' id='line_1_98' title="bbox 2164 4778 3723 4857; baseline -0.002 -18"><span class='ocrx_word' id='word_1_700' title='bbox 2164 4803 2267 4840; x_wconf 88' lang='lat' dir='ltr'>cur</span> <span class='ocrx_word' id='word_1_701' title='bbox 2285 4783 2529 4839; x_wconf 81' lang='lat' dir='ltr'>diversas</span> <span class='ocrx_word' id='word_1_702' title='bbox 2542 4802 2573 4838; x_wconf 83' lang='lat' dir='ltr'>a</span> <span class='ocrx_word' id='word_1_703' title='bbox 2593 4783 2908 4857; x_wconf 77' lang='grc' dir='ltr'>Συγγενειῶν</span> <span class='ocrx_word' id='word_1_704' title='bbox 2921 4797 3108 4856; x_wconf 81' lang='lat' dir='ltr'>opere,</span> <span class='ocrx_word' id='word_1_705' title='bbox 3129 4782 3217 4836; x_wconf 87' lang='lat' dir='ltr'>vel</span> <span class='ocrx_word' id='word_1_706' title='bbox 3230 4780 3302 4836; x_wconf 86' lang='lat' dir='ltr'>ab</span> <span class='ocrx_word' id='word_1_707' title='bbox 3312 4780 3424 4835; x_wconf 85' lang='lat' dir='ltr'>alio</span> <span class='ocrx_word' id='word_1_708' title='bbox 3448 4778 3723 4837; x_wconf 82' lang='lat' dir='ltr'>Androne</span> 
     </span>
     <span class='ocr_line' id='line_1_99' title="bbox 2165 4867 3718 4945; baseline -0.003 -18"><span class='ocrx_word' id='word_1_709' title='bbox 2165 4871 2440 4945; x_wconf 82' lang='lat' dir='ltr'>profectas</span> <span class='ocrx_word' id='word_1_710' title='bbox 2462 4889 2576 4926; x_wconf 85' lang='lat' dir='ltr'>esse</span> <span class='ocrx_word' id='word_1_711' title='bbox 2595 4881 2873 4944; x_wconf 89' lang='lat' dir='ltr'>putemus,</span> <span class='ocrx_word' id='word_1_712' title='bbox 2897 4888 3116 4925; x_wconf 89' lang='lat' dir='ltr'>causam</span> <span class='ocrx_word' id='word_1_713' title='bbox 3139 4868 3405 4923; x_wconf 85' lang='lat' dir='ltr'>idoneam</span> <span class='ocrx_word' id='word_1_714' title='bbox 3428 4867 3718 4924; x_wconf 88' lang='lat' dir='ltr'>desidero.</span> 
     </span>
     <span class='ocr_line' id='line_1_100' title="bbox 2243 4954 3721 5013; baseline -0.003 0"><span class='ocrx_word' id='word_1_715' title='bbox 2243 4960 2513 5013; x_wconf 82' lang='lat' dir='ltr'>Praeterea</span> <span class='ocrx_word' id='word_1_716' title='bbox 2527 4956 2598 5012; x_wconf 89' lang='lat' dir='ltr'>ad</span> <span class='ocrx_word' id='word_1_717' title='bbox 2620 4955 2953 5011; x_wconf 88' lang='lat' dir='ltr'>Andronem</span> <span class='ocrx_word' id='word_1_718' title='bbox 2969 4957 3504 5010; x_wconf 81' lang='lat' dir='ltr'>Halicarnassensem</span> <span class='ocrx_word' id='word_1_719' title='bbox 3530 4954 3721 5010; x_wconf 82' lang='lat' dir='ltr'>resero</span> 
     </span>
     <span class='ocr_line' id='line_1_101' title="bbox 2165 5040 3724 5121; baseline -0.001 -22"><span class='ocrx_word' id='word_1_720' title='bbox 2165 5046 2338 5101; x_wconf 87' lang='lat' dir='ltr'>libros</span> <span class='ocrx_word' id='word_1_721' title='bbox 2381 5042 2515 5121; x_wconf 75' lang='grc' dir='ltr'>Περὶ</span> <span class='ocrx_word' id='word_1_722' title='bbox 2557 5045 2766 5112; x_wconf 78' lang='grc' dir='ltr'>Θυσιῶν,</span> <span class='ocrx_word' id='word_1_723' title='bbox 2817 5062 2961 5115; x_wconf 89' lang='lat' dir='ltr'>quos</span> <span class='ocrx_word' id='word_1_724' title='bbox 3010 5053 3209 5097; x_wconf 87' lang='lat' dir='ltr'>auctor</span> <span class='ocrx_word' id='word_1_725' title='bbox 3261 5040 3542 5096; x_wconf 88' lang='lat' dir='ltr'>dedicavit</span> <span class='ocrx_word' id='word_1_726' title='bbox 3585 5044 3724 5097; x_wconf 80' lang='lat' dir='ltr'>Phi—</span> 
     </span>
     <span class='ocr_line' id='line_1_102' title="bbox 2165 5126 3720 5205; baseline -0.001 -19"><span class='ocrx_word' id='word_1_727' title='bbox 2165 5133 2319 5205; x_wconf 81' lang='lat' dir='ltr'>lippo</span> <span class='ocrx_word' id='word_1_728' title='bbox 2352 5128 2448 5205; x_wconf 84' lang='lat' dir='ltr'>(fr.</span> <span class='ocrx_word' id='word_1_729' title='bbox 2479 5130 2600 5205; x_wconf 83' lang='lat'>16).</span> <span class='ocrx_word' id='word_1_730' title='bbox 2631 5130 2871 5185; x_wconf 86' lang='lat' dir='ltr'>Eosdem</span> <span class='ocrx_word' id='word_1_731' title='bbox 2894 5132 3117 5184; x_wconf 88' lang='lat' dir='ltr'>Jonsius</span> <span class='ocrx_word' id='word_1_732' title='bbox 3133 5126 3435 5182; x_wconf 83' lang='lat' dir='ltr'>vindicavit</span> <span class='ocrx_word' id='word_1_733' title='bbox 3457 5127 3720 5184; x_wconf 84' lang='lat' dir='ltr'>Androni</span> 
     </span>
     <span class='ocr_line' id='line_1_103' title="bbox 2169 5215 3722 5291; baseline -0.001 -18"><span class='ocrx_word' id='word_1_734' title='bbox 2169 5220 2405 5291; x_wconf 74' lang='lat' dir='ltr'>Ephesio</span> <span class='ocrx_word' id='word_1_735' title='bbox 2425 5260 2440 5287; x_wconf 93' lang='lat'>,</span> <span class='ocrx_word' id='word_1_736' title='bbox 2481 5219 2576 5291; x_wconf 85' lang='lat' dir='ltr'>qui</span> <span class='ocrx_word' id='word_1_737' title='bbox 2616 5220 2698 5272; x_wconf 87' lang='lat' dir='ltr'>Dc</span> <span class='ocrx_word' id='word_1_738' title='bbox 2729 5229 2936 5290; x_wconf 83' lang='lat' dir='ltr'>septem</span> <span class='ocrx_word' id='word_1_739' title='bbox 2984 5215 3319 5290; x_wconf 84' lang='lat' dir='ltr'>sapientibus</span> <span class='ocrx_word' id='word_1_740' title='bbox 3367 5215 3604 5290; x_wconf 85' lang='lat' dir='ltr'>scripsit.</span> <span class='ocrx_word' id='word_1_741' title='bbox 3649 5220 3722 5272; x_wconf 81' lang='lat' dir='ltr'>At</span> 
     </span>
     <span class='ocr_line' id='line_1_104' title="bbox 2741 5332 2770 5361; baseline 0 -2"><span class='ocrx_word' id='word_1_742' title='bbox 2741 5332 2770 5361; x_wconf 66' lang='lat' dir='ltr'><em>D</em></span> 
     </span>
    </p>
   </div>
  </div>
 </body>
</html>
