4016 5916
1570 487 1595 502 „
1638 415 2125 476 FRAGMENTA.

433 566 480 603 ⁴.
507 545 589 602 κα’
631 544 1032 621 Ῥαμεσσήσεως
1038 586 1547 607 .........
1577 566 1666 603 an.
1711 564 1764 604 24

438 632 589 691 ο.κ6’
634 631 1070 707 ‘Paucos-«uivus.
1107 675 1123 691 .
1169 673 1183 688 .
1233 677 1246 690 .
1284 676 1299 691 .
1345 676 1358 690 .
1407 673 1423 690 .
1470 677 1484 689 .
1530 674 1546 690 .
1716 652 1765 690 1⁹

436 739 481 778 ο.
506 719 586 795 κγ’
631 717 903 794 Ῥαμεσσῆ
947 715 1227 786 Ἰουὸασσῆ
1235 758 1545 778 ......
1712 738 1764 777 ³⁰

439 825 484 866 7.
512 805 591 862 κδ’
634 804 911 879 ‘Pagasaea
962 803 1208 883 Οὗάφρου
1214 845 1545 863 ......
1712 825 1764 864 29

436 915 482 954 a.
511 893 583 949 κε’
632 893 891 968 Κόγχαρις
896 931 1535 950 ...........
1737 914 1762 948 s

1694 1019 1768 1058 190

360 1091 555 1160 Itaque
570 1106 743 1159 quum
763 1085 912 1140 idem
926 1103 1190 1141 numerus
1203 1105 1399 1160 regum
1415 1087 1657 1142 eundem
1673 1089 1839 1142 etiam

283 1187 449 1248 atque
472 1176 591 1228 Vct.
618 1174 939 1229 Chronicon
954 1191 1229 1228 annorum
1245 1192 1540 1228 numerum
1564 1175 1839 1242 exhibeat,

288 1262 351 1315 id
372 1261 528 1333 quod
556 1260 768 1333 primus
796 1259 937 1313 vidit
975 1259 1298 1328 Boeckhius,
1320 1271 1475 1332 patet
1506 1261 1784 1315 immerito
1809 1279 1839 1315 a

283 1350 533 1423 plurimis
560 1350 798 1403 incusari
836 1348 1135 1402 Eusebium
1155 1389 1171 1415 ,
1194 1350 1347 1420 quasi
1374 1360 1573 1421 suopte
1614 1350 1839 1422 ingenio

286 1439 431 1490 hanc
478 1436 786 1508 dynastiam
833 1432 1151 1488 effinxisset.
1206 1435 1375 1488 Aliud
1423 1446 1835 1508 argumentum,

283 1542 399 1595 quo
414 1522 583 1577 fidem
598 1522 817 1576 Eusebii
834 1529 1100 1588 tueretur,
1118 1520 1413 1574 Boeckhius
1426 1522 1621 1594 petivit
1634 1540 1699 1576 ex
1716 1524 1837 1576 Eus.

282 1615 434 1663 Arm.
456 1608 548 1664 ed.
574 1607 779 1662 Zorab.
801 1608 940 1661 serie
961 1625 1155 1680 regum
1182 1609 1541 1680 Argivorum,
1566 1609 1666 1662 ubi
1684 1609 1834 1663 haec:

282 1699 518 1767 Regnare
525 1707 577 1748 te
590 1697 816 1747 Amesse
830 1696 1086 1760 secundo,
1118 1711 1249 1765 tege
1262 1697 1664 1767 AE'gypte’omm,
1693 1713 1841 1749 armo

285 1784 483 1837 CLXI
522 1782 799 1853 dynaseiae
842 1781 998 1833 XVI
1031 1785 1088 1833 in
1124 1783 1358 1852 Argivos
1398 1793 1599 1852 regnat
1643 1786 1838 1855 Argos.

286 1865 443 1922 Idem
488 1867 561 1922 ad
608 1865 778 1920 finem
831 1865 1085 1919 laterculi
1140 1857 1430 1937 repetitur.
1470 1868 1649 1941 Igitur
1694 1868 1840 1923 bene

284 1956 443 2009 novit
464 1954 730 2008 Eusebius
757 1953 984 2007 nomina
1003 1970 1196 2027 regum
1215 1952 1376 2023 hujus
1403 1953 1685 2026 dynastiae;
1708 1974 1837 2009 nam

285 2046 540 2096 Amesses
566 2042 660 2095 ille
682 2039 834 2094 haud
854 2039 1026 2094 dubie
1050 2050 1129 2095 est
1149 2042 1435 2093 Ramesses
1464 2042 1702 2114 Syncelli
1721 2084 1736 2109 ,
1771 2060 1837 2096 ex

285 2129 442 2200 cujus
485 2129 731 2182 numeris
766 2144 942 2180 annus
990 2126 1251 2199 dynastiae
1304 2129 1405 2182 161
1472 2129 1617 2182 soret
1665 2149 1840 2186 annus

286 2218 513 2289 quintus
562 2217 843 2269 Ramessis
886 2213 1141 2287 Uaphru.
1189 2246 1267 2256 —
1309 2216 1607 2270 Suboritur
1657 2228 1839 2272 tamen

286 2304 583 2358 dubitatio.
606 2303 819 2375 Nempe
834 2303 892 2356 in
912 2300 1308 2372 Majiversione
1322 2346 1337 2370 ,
1363 2322 1528 2374 quam
1545 2304 1840 2360 Boeckhius

285 2409 402 2445 non
426 2390 761 2446 consuluisse
787 2388 1031 2456 videtur,
1066 2388 1222 2442 locus
1256 2389 1510 2444 laudatus
1540 2392 1614 2444 ita
1640 2409 1696 2444 se
1726 2392 1837 2447 ha-

286 2479 383 2534 bet
435 2494 450 2534 z
507 2480 795 2550 Regnante
845 2477 1086 2530 secundo
1125 2479 1507 2549 AEgyptiorum
1545 2479 1743 2530 Amasi
1779 2484 1839 2532 ia

289 2565 667 2620 sextadecima
708 2564 971 2633 dynastia
990 2581 1138 2616 anno
1181 2565 1380 2617 CLXI
1410 2568 1700 2636 imperavit
1731 2568 1839 2618 An-

287 2657 426 2725 ge‘vis
461 2650 729 2706 Inachus.
762 2650 934 2704 Nihili
978 2650 1095 2702 haec
1139 2647 1405 2716 facerem,
1454 2667 1627 2721 quum
1667 2651 1839 2707 altera

287 2741 467 2795 versio
492 2739 673 2791 multo
692 2737 1002 2790 accuratius
1027 2737 1355 2790 Armeniaca
1375 2736 1614 2793 reddere
1632 2739 1804 2792 soleat
1819 2779 1834 2806 ,

289 2829 391 2883 nisi
410 2828 620 2882 Amasis
644 2826 733 2878 vel
754 2825 971 2879 Amosis
988 2822 1123 2896 dyn.
1150 2825 1335 2879 XVIII
1360 2842 1456 2878 rex
1473 2827 1667 2897 saepius
1688 2827 1837 2898 apud

289 2915 541 2971 Ecclesiae
554 2915 743 2968 Patres
763 2922 1047 2985 tamquam
1074 2913 1120 2967 is
1138 2914 1520 2968 nominaretur
1545 2915 1641 2986 qui
1672 2913 1838 2988 Moy-

288 3006 360 3059 sis
399 3013 456 3057 et
490 3002 679 3059 Inachi
717 3000 1064 3074 temporibus
1101 3002 1412 3073 regnaverit
1459 2999 1702 3074 (Tatian.
1737 3006 1835 3060 Or,

289 3091 416 3148 adv.
446 3089 543 3147 Gr.
567 3099 623 3143 et
640 3088 882 3145 African.
906 3106 995 3160 ap.
1012 3087 1214 3144 Euseb.
1235 3089 1299 3142 P.
1324 3090 1388 3142 E.
1407 3090 1482 3156 X,
1507 3108 1527 3141 1
1548 3108 1597 3155 1,
1614 3108 1669 3162 p.
1691 3095 1799 3162 491.
1820 3110 1836 3164 3

288 3178 463 3234 Clem.
499 3177 657 3231 Alex.
684 3176 893 3231 Strom.
925 3175 982 3241 1,
1024 3192 1091 3227 21
1114 3215 1129 3241 ,
1154 3192 1213 3246 p.
1257 3173 1383 3241 138,
1413 3174 1509 3230 23.
1537 3176 1601 3229 V.
1634 3177 1836 3248 Apion.

292 3264 356 3318 Τι’.
398 3282 454 3320 2.
506 3262 733 3317 Boeckh.
769 3262 809 3318 l.
852 3262 888 3318 Ι.
926 3259 1081 3335 194).
1117 3262 1398 3315 Secundus
1442 3280 1578 3316 vero
1626 3264 1840 3317 Amosis

292 3350 401 3405 dici
441 3349 661 3422 potuit,
697 3349 739 3401 si
761 3348 978 3420 primus
1019 3364 1115 3401 rex
1144 3347 1277 3419 dyn.
1310 3349 1496 3402 XVIII
1527 3349 1840 3421 intelligen-

293 3436 397 3490 dus
419 3446 525 3503 est,
545 3433 702 3506 quod
724 3450 889 3487 avum
917 3431 1161 3502 ejusdem
1188 3434 1430 3487 nominis
1454 3434 1681 3503 habuit3
1704 3454 1840 3507 pro·

295 3523 532 3577 habilius
553 3533 739 3575 tamen
773 3520 1100 3593 cogitaverit
1115 3531 1312 3573 auctor
1349 3520 1422 3574 de
1451 3523 1687 3592 septimo
1712 3540 1841 3595 rege

293 3610 427 3681 dyn.
460 3609 685 3675 XVIII,
730 3624 897 3678 quem
924 3607 1215 3679 saepissime
1251 3625 1377 3660 cum
1412 3609 1597 3679 primo
1643 3609 1842 3662 confu-

292 3716 415 3751 sum
443 3697 513 3751 ab
558 3693 947 3748 Ecclesiasticis
978 3710 1090 3747 esse
1127 3703 1360 3748 constat.
1402 3695 1525 3746 Jam
1575 3711 1748 3764 quum
1787 3695 1843 3746 in

293 3777 496 3832 Graecis
512 3773 735 3827 Eusebii
758 3772 873 3825 haec
892 3789 1009 3824 non
1028 3772 1309 3845 legantur,
1338 3772 1395 3823 in
1414 3772 1639 3825 Canone
1658 3782 1841 3825 autem

296 3866 514 3921 Eusebii
544 3862 781 3917 Inachus
816 3871 1042 3915 notetur
1078 3861 1148 3915 ad
1183 3879 1391 3914 annum
1438 3860 1651 3916 Abrah.
1700 3860 1797 3914 161
1825 3903 1839 3928 ,

295 3954 523 4025 plurimi
538 3969 672 4007 vero
689 3949 954 4004 Inachum
979 3967 1103 4001 cum
1128 3947 1315 4001 Amosi
1343 3963 1474 4017 rege
1494 3944 1630 4017 dyn.
1655 3947 1841 4001 XVIII

297 4048 637 4112 componant
661 4057 674 4090 z
697 4035 934 4107 suspicio
959 4034 1096 4087 oriri
1116 4034 1287 4104 possit
1305 4032 1537 4103 glossam
1557 4030 1705 4084 illam
1726 4050 1843 4085 non

295 4129 366 4182 ab
410 4126 645 4180 Eusebio
691 4124 1029 4197 profectam,
1073 4119 1169 4173 sed
1210 4119 1281 4171 ab
1317 4118 1427 4170 alio
1468 4118 1715 4188 quodam
1757 4118 1835 4172 di-

296 4230 451 4268 versa
472 4212 637 4284 plane
660 4212 717 4262 in
744 4227 916 4262 unum
947 4206 1319 4277 conjungente
1351 4222 1463 4258 esse
1491 4204 1843 4277 adscriptam.

297 4301 505 4352 Verum
546 4296 690 4349 bene
720 4295 898 4348 sentio
944 4292 1083 4345 nihil
1120 4292 1203 4344 his
1243 4290 1449 4343 dirimi.
1496 4292 1618 4363 Ipse
1674 4294 1845 4362 Majus

298 4384 533 4439 Amessis
553 4398 761 4436 nomen
784 4398 911 4432 cum
927 4378 1212 4431 notissimo
1231 4378 1334 4431 isto
1348 4379 1531 4431 Amasi
1549 4378 1637 4432 vel
1656 4382 1845 4433 Amosi

297 4468 723 4545 permutaverit3
739 4476 795 4520 et
808 4463 966 4518 firma
978 4466 1188 4519 steterit
1201 4466 1469 4519 sententia
1487 4465 1839 4521 Boeckhiana.

298 4588 379 4603 -
404 4559 527 4612 Jam
557 4573 732 4628 quum
755 4552 1023 4607 Eusebius
1045 4551 1115 4605 ad
1140 4570 1233 4607 an.
1264 4551 1473 4606 Abrab.
1524 4552 1623 4605 161
1658 4552 1842 4619 (1855

299 4665 353 4704 a.
380 4644 541 4715 Chr.)
568 4643 639 4696 de
667 4658 856 4714 regum
898 4641 1233 4712 Argivorum
1266 4639 1609 4711 temporibus
1654 4640 1843 4694 Casto·

298 4751 413 4787 rem
433 4730 651 4795 laudet,
682 4729 894 4801 primus
915 4744 1046 4779 vero
1086 4726 1277 4780 Inachi
1304 4743 1481 4779 annus
1518 4744 1584 4779 ex
1609 4726 1846 4781 Castoris

302 4831 573 4891 computo
612 4835 729 4869 11011
757 4814 919 4869 cadat
972 4816 1029 4867 in
1068 4832 1275 4867 annum
1325 4811 1499 4877 1855,
1526 4811 1709 4866 sedin
1750 4830 1839 4867 an.

310 4906 456 4976 1776
484 4905 572 4958 vel
623 4922 763 4972 ¹774
816 4901 906 4974 (v.
937 4904 1147 4956 Castor.
1179 4901 1249 4955 sr.
1308 4918 1327 4953 1
1348 4918 1367 4952 1
1388 4896 1433 4971 >3
1476 4917 1578 4952 nec
1622 4900 1845 4955 aliunde

301 5002 563 5067 appareat
586 4991 752 5062 ratic,
774 4990 951 5043 curin
974 5007 1179 5041 annum
1213 4985 1355 5041 1855
1377 4986 1721 5059 potissimum
1746 4992 1846 5042 Ar·

301 5084 557 5152 givorum
584 5080 735 5131 initia
772 5086 1085 5148 ponantur;
1114 5076 1400 5146 suspiceris
1428 5075 1605 5145 ipsum
1642 5075 1843 5127 Casto—-

304 5188 417 5225 tem
438 5169 623 5239 (quent
638 5165 957 5237 ,Egyptiaca
970 5163 1241 5234 scripsisse
1262 5160 1561 5233 fragmenta
1584 5164 1841 5233 arguunti

3350 435 3462 482 569

1931 543 2126 603 Inachi
2147 565 2352 601 annum
2377 548 2617 620 primuni
2645 553 3016 622 composuisse
3041 571 3166 605 cum
3196 571 3345 608 anno
3382 559 3478 612 161

1932 633 2068 707 dyn.
2099 636 2260 702 xvl‚
2303 634 2473 706 idque
2507 636 2804 689 Eusebium
2834 638 2904 690 ad
2933 656 3092 691 suum
3126 639 3489 712 de·‹lynastiis

1931 719 2205 794 AEgyptiis
2227 732 2556 793 computum
2582 723 2931 778 transtulisse.
2965 726 3048 779 Ex
3072 738 3341 799 computo
3365 734 3485 789 Vet.

1929 808 2193 863 Chronici
2212 827 2303 863 an.
2339 827 2360 862 1
2375 808 2484 878 776
2512 827 2565 865 a.
2589 810 2650 866 C.
2673 810 2897 865 caderet
2919 812 2978 865 in
2997 810 3305 884 dynastiam
3324 818 3485 874 XVII

1931 890 1948 970 (
1978 893 2418 968 1851-1749),
2445 913 2617 967 quum
2648 895 2899 968 dynastia
2919 937 2935 964 ‚
2959 899 3091 952 XVI
3118 902 3396 972 pertineat
3415 905 3489 958 ad

1930 997 2106 1035 annos
2126 989 2236 1046 ποί.
2249 981 2535 1038 1—1852.
2563 984 2694 1036 Haec
2734 984 2903 1056 igitur
2929 984 3108 1038 multo
3137 988 3318 1041 minus
3343 1007 3489 1060 qua-

1930 1067 2116 1125 drant.
2141 1070 2346 1123 Mirum
2374 1079 2554 1123 tamen
2576 1080 2655 1123 est
2673 1088 2840 1123 aeram
2866 1070 3191 1141 Trojanam,
3218 1091 3345 1145 quae
3373 1078 3480 1130 Ve-

1933 1156 2063 1208 teris
2094 1156 2360 1211 Chronici
2395 1157 2642 1210 numeris
2663 1155 2882 1223 subest,
2914 1156 3148 1212 eandem
3178 1160 3345 1230 plane
3373 1180 3485 1216 esse

1929 1252 2096 1315 atque
2139 1244 2378 1299 Castoris
2424 1241 2609 1316 (1208
2647 1261 2697 1300 a.
2727 1242 2859 1297 Chr.
2884 1241 2900 1315 )
2922 1283 2938 1310 ‚
2975 1247 3226 1317 quamvis
3264 1249 3488 1302 serioris

1929 1330 2030 1382 tevi
2073 1331 2374 1402 scriptores
2413 1328 2822 1385 Alexandrinos
2869 1338 2924 1383 et
2964 1330 3187 1386 Judaeos
3231 1344 3287 1388 et
3324 1336 3487 1390 Chri-

1932 1416 2144 1471 stianos
2174 1427 2443 1489 quantum
2480 1417 2613 1470 novi
2642 1415 2714 1470 ad
2739 1435 2913 1471 unum
2942 1435 3134 1472 omnes
3161 1421 3487 1478 Eratosthe-

1928 1505 2053 1558 nica
2080 1523 2188 1558 aera
2223 1505 2304 1558 uti
2328 1503 2635 1560 videamus.
2657 1501 2842 1569 Quare
2867 1506 3054 1558 nescio
3081 1524 3150 1560 an
3177 1525 3292 1561 11011
3315 1511 3481 1563 etiam

1930 1591 1986 1644 in
2046 1591 2276 1662 reliquis
2321 1591 2563 1645 Castorei
2623 1600 2920 1662 computus
2978 1593 3204 1664 vestigia
3253 1595 3485 1654 subsint.

1929 1677 2222 1731 Permittas
2256 1676 2648 1746 conjecturam.
2689 1678 3126 1731 Consentaneum
3163 1690 3244 1733 est
3283 1693 3487 1753 praeter

1929 1764 2354 1818 Eratosthenem
2401 1765 2566 1818 etiam
2616 1763 2754 1816 ‘alios
2797 1764 3086 1832 exstitisse,
3147 1768 3243 1838 qui
3287 1769 3486 1822 seriem

1931 1850 2390 1924 chronologicam
2413 1869 2518 1923 per
2545 1853 2834 1904 Pastorum
2855 1860 3104 1922 tempora
3129 1854 3346 1908 nonnisi
3373 1874 3481 1911 sec.

1939 1936 2216 2011 dynastias
2262 1940 2582 2011 principum
2633 1942 3012 2009 AEfflptiorum
3064 1943 3483 2012 constituerint,

1927 2036 2214 2097 pastorum
2243 2027 2562 2080 nominibus
2581 2026 2848 2096 annisque
2866 2035 2961 2079 aut
2976 2028 3189 2082 omissis
3207 2029 3373 2100 plane
3390 2041 3486 2084 aut

1925 2113 2086 2182 juxta
2112 2114 2322 2186 positis,
2342 2115 2431 2168 Sic
2447 2113 2633 2167 secisse
2656 2113 2821 2168 etiam
2858 2130 2984 2166 eum
3015 2113 3254 2183 conjicio
3280 2134 3348 2169 ex
3371 2135 3485 2187 quo

1928 2195 2091 2253 fluxit
2116 2211 2412 2274 computus
2429 2200 2693 2254 Chronici
2718 2199 2941 2255 Veteris.
2969 2199 3263 2270 Ejiciamus
3293 2203 3483 2274 igitur,

1928 2302 2100 2358 quam
2141 2305 2311 2341 unam
2345 2287 2532 2340 intulit
2550 2285 2774 2340 Judaeus
2793 2327 2809 2353 ,
2837 2287 3126 2340 Pastorum
3173 2287 3480 2359 dynastiam

1927 2373 2086 2427 XVII
2111 2391 2385 2427 annorum
2427 2373 2556 2427 103.
2599 2375 2726 2444 Quo
2755 2372 3027 2440 admisso,
3071 2392 3247 2428 annus
3273 2377 3487 2447 primus

1929 2459 2191 2531 dynastiae
2213 2463 2345 2515 xvl
2370 2478 2487 2513 non
2511 2461 2749 2533 amplius
2782 2471 2861 2513 cst
2900 2468 3009 2525 ²04
3026 2478 3048 2513 1
3068 2501 3084 2528 ‚
3127 2460 3227 2515 sed
3255 2460 3400 2532 1938
3429 2480 3480 2516 a.

1928 2546 2061 2601 Chr.
2089 2549 2267 2621 Igitur
2288 2566 2464 2601 annus
2495 2547 2595 2601 161
2630 2547 2761 2618 dyn.
2777 2547 2943 2616 XVI,
2971 2550 3066 2619 qui
3090 2549 3304 2620 primus
3323 2549 3485 2604 fuisse

1932 2634 2128 2688 Inachi
2158 2634 2383 2700 dicitur,
2417 2645 2495 2687 cst
2529 2633 2695 2703 1778.
2737 2635 2849 2687 Nos
2877 2651 2946 2687 ex
2973 2635 3196 2688 Castore
3215 2645 3484 2707 supputa-—

1928 2738 2050 2774 mus
2076 2738 2162 2775 an.
2196 2721 2362 2790 1776.
2385 2720 2715 2775 Differentia
2742 2722 2833 2773 vix
2857 2720 3184 2791 premenda.
3207 2750 3286 2762 —
3305 2722 3484 2775 Porro

1928 2807 2210 2863 Inachidis
2253 2810 2447 2863 Castor
2477 2809 2670 2863 tribuit
2690 2791 2865 2860 annos
2897 2805 3030 2872 380,
3059 2809 3156 2878 qui
3179 2811 3487 2862 accuratius

1928 2895 2228 2951 revocandi
2252 2908 2381 2950 sunt
2407 2895 2478 2949 ad
2501 2913 2675 2949 annos
2705 2893 2815 2963 378
2851 2893 2915 2968 (6
2934 2905 2983 2954 Χ
3000 2893 3072 2948 63
3095 2894 3137 2969 ).
3164 2896 3486 2967 Sequuntur

1929 2981 2134 3038 deinde
2163 2982 2441 3038 Danaidae.
2481 2984 2738 3038 Danaum
2777 3000 2912 3035 vero
2943 3000 3053 3038 sec.
3085 2984 3481 3037 Manethonem

1927 3071 1957 3124 J
1963 3071 2154 3144 osephi
2177 3071 2418 3145 AEgypto
2444 3068 2604 3141 ejecit
2630 3069 2826 3123 Sethos
2852 3070 2966 3122 sive
2986 3068 3155 3122 frater
3184 3072 3482 3143 AEgyptus,

1926 3158 2140 3229 primus
2166 3176 2265 3211 rex
2279 3158 2542 3230 dynastiae
2553 3157 2719 3213 xlx.
2733 3157 2854 3209 Jam
2870 3155 3130 3209 Chronici
3145 3158 3265 3211 Vet.
3285 3168 3485 3211 auctor

1929 3254 1982 3298 et
1992 3245 2261 3299 Eusebius
2280 3244 2540 3317 dynastiae
2557 3244 2746 3298 XVIII
2771 3243 3026 3296 tribuunt
3036 3260 3211 3296 annos
3237 3243 3368 3310 348,
3387 3246 3486 3314 qui

1923 3330 2104 3401 juncti
2117 3331 2342 3404 triginta
2362 3332 2519 3384 annis
2529 3330 2823 3402 postremis
2837 3328 3098 3399 dynastiae
3109 3330 3487 3383 antecedentis

1934 3415 2236 3491 (161-190)
2262 3435 2532 3471 summam
2580 3416 2830 3469 efficiunt
2862 3433 3138 3468 annorum
3170 3414 3281 3483 378
3302 3456 3317 3483 ‚
3345 3418 3476 3487 qui-

1930 3505 2035 3557 bus
2061 3522 2315 3577 regnasse
2342 3502 2635 3558 Inachidas
2661 3504 2855 3555 Castor
2878 3501 3085 3557 statuit.
3138 3502 3263 3573 lpse
3311 3503 3481 3554 Euse-

1930 3590 2056 3644 bius
2083 3592 2158 3644 ita
2181 3600 2419 3644 statuere
2469 3608 2586 3643 non
2631 3589 2845 3659 potuit,
2881 3605 3054 3657 quum
3102 3588 3484 3659 interpositam

1932 3677 2132 3731 habeat
2151 3679 2440 3730 Pastorum
2468 3675 2776 3746 dynastiam
2805 3692 2934 3726 cum
2954 3672 3111 3726 annis
3141 3672 3269 3729 103.
3298 3676 3485 3743 Quare

1932 3766 2185 3817 Danaum
2214 3763 2344 3817 facit
2369 3780 2558 3835 regem
2599 3760 2879 3815 decimum
2918 3772 3181 3831 quartum
3221 3760 3483 3832 dynastiae

1932 3850 2142 3919 XVIII.
2167 3848 2250 3904 Cf.
2271 3848 2413 3902 infra
2431 3846 2504 3901 ad
2524 3847 2655 3920 dyn.
2679 3848 2890 3903 XVIII.

2185 3986 2460 4040 DECIMA
2502 3984 2810 4038 SEPTIMA
2851 3980 3237 4038 DYNASTIA.

2669 4119 2763 4181 [07-

2384 4242 2529 4298 SEC.
2577 4238 3028 4295 AFRICANUM.

2013 4375 2252 4447 Syncell.
2281 4392 2339 4445 p.
2358 4372 2455 4438 61,
2476 4374 2518 4427 C
2543 4391 2556 4425 ε
2589 4366 3046 4446 Ἑπτακαιδεκάῖη
3076 4362 3344 4420 δυναστεία
3372 4385 3484 4420 ποι·

1936 4459 2082 4537 μένες
2119 4458 2268 4517 ἄλλοι
2302 4458 2529 4536 βασιλεῖς
2559 4455 2646 4531 pv(
2675 4453 2764 4512 καὶ
2787 4450 3120 4529 Θηὸαἶοι[ἢ]
3149 4450 3486 4508 atomum

1935 4570 2007 4624 itt
2033 4595 2046 4607 ·

2015 4633 2186 4710 Ὁμοῦ
2223 4634 2270 4691 οἱ
2294 4629 2532 4705 ποιμένες
2571 4628 2660 4686 καὶ
2684 4628 2731 4685 οἱ
2767 4625 2996 4698 &acation
3027 4622 3369 4713 ἐὸασίλευσαέ
3393 4618 3484 4691 ἔτη

1935 4720 2070 4800 ρνα’.

2013 4812 2251 4864 Β11115011.
2291 4826 2303 4860 :
2334 4830 2358 4856 a<
2393 4809 2521 4860 Haec
2549 4815 2814 4876 corrupta
2843 4819 2954 4855 csse
2983 4819 3149 4854 nemo
3179 4798 3482 4861 dubitabit,

1936 4899 2036 4952 nisi
2062 4898 2158 4969 qui
2177 4894 2608 4949 Manethoniaua
2627 4910 2739 4946 esse
2766 4889 3068 4963 putaverit,
3088 4887 3218 4958 quia
3247 4884 3483 4939 absurda

1933 4986 2058 5040 sint.
2086 4984 2294 5038 Locum
2313 4983 2388 5034 sic
2410 4981 2524 5034 sere
2553 4976 2950 5034 restituendum
2982 4993 3093 5029 esse
3123 4974 3176 5026 in
3205 4973 3349 5025 libro
3369 4983 3484 5025 ter·

1936 5074 2016 5126 tio
2042 5069 2368 5124 docebimus
2398 5085 2411 5123 ε

2020 5150 2478 5223 Ἐπτακαιδεκάτη
2518 5148 2813 5208 δυναστεία.
2869 5144 3116 5223 ilaus-ive<
3146 5144 3293 5202 ἄλλοι
3327 5148 3474 5201 Βασι-
