4016 5916
226 395 277 456 Ο

1650 446 2154 515 FRAGMENTA.

298 583 547 649 que'ntum
600 585 736 634 vitoe
757 600 963 636 armum
1009 588 1203 655 egerit.
1243 585 1346 639 Rei
1387 584 1550 656 hujus
1605 592 1853 642 comme-'-

304 665 588 720 morandae
601 685 784 722 caussa
803 670 968 724 unice
983 671 1161 742 posita
1187 682 1307 725 erat
1323 671 1381 726 in
1398 673 1616 727 Amosis
1628 675 1857 730 nomine

302 773 469 825 quem
496 775 622 809 cum
646 757 799 811 Mose
826 768 881 811 et
914 758 1123 812 Inacho
1146 776 1240 830 ap.
1281 760 1561 832 Apionem
1591 764 1855 836 componi

284 853 612 898 notaverat.
639 844 765 916 Ipse
801 843 1094 898 Africanus
1117 844 1257 916 quid
1296 849 1461 902 statui
1504 849 1670 919 velit,
1711 851 1769 905 h.
1812 849 1851 904 l.

301 949 417 983 non
443 929 680 997 indicat,
713 929 811 985 sed
843 949 911 985 ex
938 931 1129 987 Graeca
1154 930 1271 1003 ejus
1306 934 1676 1010 chronologia
1704 947 1857 1010 patet

300 1034 428 1071 eum
452 1017 523 1073 ab
546 1018 767 1090 Apione
790 1016 1080 1074 dissentire
1106 1035 1173 1073 eo
1193 1060 1211 1092 ‚
1243 1020 1402 1092 quod
1437 1023 1608 1078 Mosis
1645 1026 1853 1079 exitum

300 1106 669 1177 posteriorem
706 1106 873 1179 ponit
926 1107 1274 1179 temporibus
1314 1109 1542 1180 Inachi,
1587 1128 1692 1166 nec
1736 1131 1855 1168 non

300 1193 544 1263 Amosis,
574 1202 848 1265 quatenus
882 1194 974 1248 hic
999 1195 1059 1248 in
1092 1194 1198 1250 hac
1231 1213 1293 1250 re
1322 1207 1605 1269 tamquam
1630 1201 1857 1272 aequalis

299 1280 442 1335 illius
464 1290 957 1339 commemoratur.
974 1283 1058 1336 Ex
1078 1283 1526 1340 Manethonianis
1544 1304 1680 1341 vero
1704 1287 1857 1343 Afri-

297 1370 419 1422 cani
445 1368 724 1424 laterculis
742 1379 896 1443 patet
920 1388 1047 1424 eum
1070 1371 1127 1424 in
1149 1371 1344 1426 Exitus
1370 1383 1621 1446 tempore
1641 1377 1856 1431 consti-

298 1454 505 1510 tuendo
534 1457 887 1512 Manethonis
908 1477 1023 1512 non
1043 1458 1218 1532 magis
1236 1477 1407 1531 quam
1428 1462 1662 1533 Apionis
1686 1464 1855 1518 ullam

296 1543 548 1599 hahuisse
590 1546 892 1614 rationem;
944 1563 1075 1601 nam
1118 1564 1226 1601 sec.
1273 1548 1675 1604 Manethonem
1732 1550 1851 1609 Afr.

296 1633 513 1686 Amosis
536 1651 713 1688 annus
728 1643 1045 1707 postremus
1068 1644 1147 1688 est
1181 1633 1326 1704 1657
1349 1675 1365 1703 ‚
1393 1636 1490 1707 qui
1510 1636 1679 1712 longe
1701 1638 1855 1695 abest

291 1718 362 1772 ab
391 1737 540 1774 anno
586 1719 753 1793 1796.
780 1719 962 1794 quue
989 1722 1171 1794 ipsum
1196 1719 1492 1778 confirmat
1525 1725 1851 1779 sententiam

292 1807 432 1860 nihil
478 1826 727 1881 unquam
784 1808 1109 1865 Africanum
1151 1807 1305 1883 apud
1350 1811 1744 1867 Manethonem
1796 1813 1854 1866 in

289 1913 400 1948 suae
431 1895 813 1971 chronologiae
842 1899 1077 1971 gratiam
1112 1906 1379 1970 mutasse,
1418 1897 1518 1954 sed
1560 1899 1852 1956 tradidisse

290 1984 477 2054 qualia
505 1988 804 2057 acceperit.

370 2071 493 2126 Alia
517 2073 660 2126 ratio
686 2083 766 2127 est
792 2089 988 2126 eorum
1009 2114 1025 2141 ‚
1072 2091 1195 2145 quae
1236 2074 1309 2128 ad
1337 2075 1854 2148 Misphramuthosis

290 2175 526 2232 regnum
558 2169 917 2230 annotantur,
954 2160 1165 2215 scilicet
1192 2159 1310 2232 ejus
1344 2159 1692 2236 temporibus
1722 2183 1854 2218 evc-

288 2246 431 2300 nisse
461 2245 738 2302 diluvium
770 2248 1234 2305 Deucalioneum.
1268 2249 1396 2303 Haec
1432 2250 1581 2303 enim
1611 2261 1691 2304 est
1717 2261 1851 2307 nota

286 2334 723 2404 synchronistica
746 2352 813 2390 ex
839 2335 1088 2390 Africani
1108 2345 1397 2408 systemate
1417 2335 1844 2412 chronologico.

287 2422 457 2494 Apud
503 2423 823 2496 syncellum
862 2442 922 2496 p.
976 2421 1114 2492 154,
1156 2425 1201 2477 B
1241 2422 1533 2478 Africanus
1574 2422 1850 2480 diluvium

287 2510 519 2568 Deucal.
548 2513 783 2586 assignat
809 2529 958 2565 anno
987 2521 1136 2581 70·n‹·
1161 2509 1309 2566 Aodi
1322 2510 1564 2587 judicis3
1587 2510 1661 2566 ad
1696 2513 1848 2567 hunc

292 2614 428 2651 vero
470 2597 600 2652 inde
636 2598 707 2653 ab
740 2599 908 2654 Exitu
932 2598 1257 2654 Judaeorum
1296 2596 1513 2674 (1796)
1552 2597 1848 2654 Africanus

285 2695 516 2758 exputat
551 2704 728 2742 annos
751 2685 864 2742 225
893 2688 1041 2742 hunc
1066 2688 1125 2741 in
1156 2685 1391 2742 modum
1416 2704 1430 2740 ε
1461 2693 1533 2752 40
1565 2705 1657 2745 an.
1679 2688 1850 2744 mosis

286 2784 417 2847 post
439 2775 693 2843 Exitum3
724 2773 795 2830 25
837 2794 964 2831 ann.
990 2777 1171 2829 Josuae
1196 2773 1283 2849 (v.
1315 2774 1514 2831 Euseh.
1543 2775 1585 2832 l.
1619 2775 1661 2834 l.
1684 2772 1743 2850 );
1773 2775 1846 2830 30

283 2880 415 2919 ann.
439 2863 723 2917 seniorum
742 2880 758 2938 3
777 2862 983 2918 deinde
1005 2868 1078 2928 40
1099 2880 1230 2919 ann.
1269 2861 1609 2936 Othonielis3
1653 2862 1723 2920 18
1752 2882 1843 2922 an.

284 2950 686 3026 Moabitarum3
716 2970 789 3022 70
826 2970 959 3009 ann.
997 2951 1128 3007 Jodi
1162 2949 1465 3024 (nimirum
1492 2950 1551 3006 in
1578 2950 1844 3008 Judicum

283 3049 496 3113 tempp.
516 3043 769 3114 sequitur
796 3041 973 3095 libros
992 3058 1178 3095 sacros
1195 3040 1373 3097 Judd.
1397 3037 1436 3115 ).
1475 3038 1658 3113 Igitur
1683 3040 1846 3096 dilu-

290 3128 439 3180 vium
466 3128 794 3183 Deucalion.
828 3126 1103 3183 inciditin
1140 3146 1349 3183 annum
1394 3126 1533 3196 1571
1579 3124 1842 3202 (1596—

285 3212 396 3266 223
420 3214 435 3285 )
481 3232 534 3268 a.
585 3216 644 3269 C.
710 3216 816 3269 Hic
860 3233 998 3269 vero
1050 3234 1225 3269 annus
1283 3214 1435 3270 cadit
1498 3216 1555 3269 in
1606 3233 1842 3291 regnum

282 3301 816 3372 Misphramuthosis.
848 3299 988 3356 Vide
1008 3300 1313 3360 Canonem.

364 3390 643 3443 Hactenus
669 3387 742 3442 de
768 3386 1051 3443 Africano.
1082 3390 1206 3442 Jam
1234 3388 1520 3443 videamus
1543 3389 1839 3460 quomodo

278 3488 538 3548 tempora
605 3475 964 3530 adornaverit
1026 3475 1389 3543 Ptolemaeus,
1443 3477 1541 3547 qui
1609 3478 1843 3532 Amosin

278 3565 549 3637 aequalem
585 3562 725 3617 dixit
748 3561 959 3616 Inachi.
989 3591 1071 3603 —
1087 3561 1352 3633 Quamvis
1374 3563 1521 3617 enim
1543 3562 1677 3617 alibi
1703 3581 1841 3618 nus-

280 3655 433 3726 piam
472 3650 755 3707 Ptolemaei
792 3646 889 3703 fiat
922 3649 1167 3721 mentio,
1207 3649 1394 3704 nullus
1416 3658 1603 3704 tamen
1638 3649 1839 3708 dubito

280 3740 419 3813 quin
466 3750 795 3813 computum
838 3734 954 3807 ejus
986 3735 1190 3791 reddat
1224 3736 1477 3792 Clemens
1517 3736 1835 3797 Alexandr.

281 3830 490 3883 Strom.
523 3830 575 3896 1,
598 3846 660 3900 p.
697 3823 808 3880 335
835 3840 848 3880 :
870 3820 1068 3897 γίνεται
1093 3825 1127 3890 ἡ
1153 3819 1316 3889 ἔξοδος
1340 3820 1477 3879 κατὰ
1502 3816 1715 3901 Ἴναχον
1738 3822 1840 3902 πρὸ

280 3917 371 3982 φἧς
397 3915 667 3983 Σωθιακῆς
695 3909 933 3991 περιόδου
957 3911 1127 3985 (1322
1153 3931 1207 3971 a.
1229 3910 1322 3988 C.)
1348 3908 1633 3977 ἐξελθόντος
1660 3909 1712 3978 ἐξ
1739 3914 1837 3972 Αἰ-

278 4005 473 4077 γύπτου
506 4000 769 4065 Μωυσέως
796 3997 931 4056 ἔτεσι
959 4002 1208 4078 πρότερον
1237 3996 1551 4077 τριακοσίοις
1576 3999 1834 4079 τεσσαρά-

280 4113 436 4148 κοντα
467 4090 640 4148 πέντε.
681 4088 1260 4158 1322÷345=1667
1301 4107 1353 4143 a.
1385 4089 1449 4145 C.
1480 4091 1676 4151 Annus
1700 4107 1836 4146 vero

290 4180 433 4250 1667
460 4197 570 4237 sec.
604 4178 999 4233 Manethonem
1025 4176 1274 4232 Africani
1303 4187 1385 4231 est
1411 4177 1629 4232 Amosis
1661 4196 1838 4233 annus

279 4287 311 4323 a
339 4266 450 4323 fine
488 4268 645 4341 regni
688 4264 1072 4319 duodecimus.
1106 4265 1286 4337 Igitur
1318 4264 1434 4319 haec
1463 4274 1688 4320 eatenus
1714 4274 1834 4319 tan·

280 4367 399 4409 tum
427 4375 545 4409 non
572 4372 799 4428 prorsus
828 4372 955 4408 cum
983 4349 1321 4407 Manethone
1351 4351 1660 4425 quadrant,
1698 4372 1832 4426 qua·

280 4455 440 4497 tenus
457 4445 485 4497 J
493 4442 730 4515 osephus
749 4460 816 4496 ex
834 4459 903 4496 eo
921 4440 1090 4496 refert
1111 4458 1235 4494 eum
1253 4451 1382 4512 post
1404 4439 1662 4513 expulsos
1678 4440 1833 4512 Hyk-

278 4550 365 4585 sos
398 4532 466 4597 (i.
498 4550 545 4586 e.
573 4539 702 4604 post
725 4530 949 4584 Exitum
977 4525 1335 4603 Judaeorum)
1362 4546 1616 4602 regnasse
1652 4526 1835 4582 adhue

278 4621 435 4674 annis
453 4617 548 4675 25.
573 4619 752 4691 Igitur
762 4617 953 4691 paullo
977 4618 1136 4671 aliter
1157 4617 1417 4691 AEgyptia
1434 4615 1728 4671 adornasse
1751 4618 1831 4669 vi·

275 4707 444 4762 detur
471 4706 819 4773 Ptolemaeus,
839 4704 1027 4759 Graeca
1049 4716 1233 4759 autem
1263 4715 1515 4777 tempora
1541 4702 1832 4776 quomodo

276 4794 627 4850 constituerit
642 4790 719 4848 ex‘
738 4791 938 4848 eodem
966 4794 1249 4847 Clemente
1291 4792 1327 4845 Ι.
1366 4791 1402 4847 l.
1434 4789 1714 4848 discimus.
1751 4793 1833 4846 Ita

277 4882 487 4937 scilicet
511 4901 525 4937 ε

278 4970 469 5024 Inachi
526 4988 657 5027 ann.
715 4987 739 5023 1
753 5008 1330 5030 ............
1446 4965 1661 5021 166672·
1691 4984 1739 5021 a.
1767 4964 1829 5025 C.

276 5056 416 5115 lnde
444 5057 517 5113 ad
542 5058 773 5114 Deucal.
804 5054 1077 5112 diluvium
1105 5075 1193 5112 an.
1233 5055 1404 5113 133¹l³
1442 5053 1588 5110 1533

271 5144 417 5203 Inde
444 5144 518 5201 ad
541 5148 758 5221 Argon.
802 5144 1048 5220 expedit.
1098 5163 1190 5203 an.
1248 5144 1353 5199 251
1452 5144 1596 5200 1282

274 5234 415 5290 Inde
456 5234 530 5289 ad
570 5234 828 5289 Herculis
869 5234 1061 5308 apoth.
1110 5253 1202 5291 an.
1287 5231 1360 5288 65
1453 5249 1597 5301 ¹2¹7

430 5356 713 5392 rasennam
743 5355 865 5391 nist.
900 5355 974 5390 CR·
997 5366 1049 5377 -
1069 5354 1175 5391 VOL·
1216 5354 1263 5389 n.

3391 485 3511 541 537

1950 592 2092 648 Inde
2132 595 2204 651 ad
2246 597 2429 674 Trojae
2478 601 2758 659 excidium
2807 626 2899 664 an.
2988 616 3059 675 al.
3153 614 3297 688 1193
3342 634 3395 674 a.
3447 618 3511 674 C.

1947 681 2089 736 Inde
2116 682 2189 737 ad
2216 686 2385 758 Iphiti
2413 689 2640 763 Olymp.
2778 712 2869 749 an.
2925 701 2989 761 41
3007 717 3036 767 7
3163 695 3276 770 776

2033 796 2292 854 Enotavit
2333 801 2450 857 haec
2488 803 2743 862 Clemens
2793 826 2824 862 e
2861 810 3172 884 Thrasyllo.
3227 816 3333 870 Hic
3372 836 3510 874 vero

1948 881 2267 957 Thrasyllus
2307 890 2590 961 putandus
2617 904 2698 948 est
2745 895 3094 966 Mendesius,
3145 901 3299 973 cujus
3329 908 3512 980 AEgy-
3599 927 3612 936 ·

1938 975 2138 1041 ptiaca
2174 973 2365 1031 laudat
2391 978 2672 1038 Plutarch.
2709 983 2795 1037 De
2831 981 2966 1039 fluv.
3009 1005 3059 1040 c.
3117 987 3207 1046 16.
3249 991 3305 1045 Is
3343 992 3514 1066 igitur

1946 1059 2232 1117 Ptolemaei
2256 1064 2529 1121 Mendesii
2550 1069 2794 1125 rationes
2816 1072 3130 1130 reddiderit
3157 1077 3246 1132 vel
3270 1081 3515 1152 explica-

1945 1145 2113 1204 verit.
2160 1150 2283 1205 Jam
2321 1153 2364 1206 si
2401 1172 2666 1210 numeros
2699 1158 2875 1214 modo
2929 1164 3214 1236 appositos
3258 1167 3514 1225 conside·

1944 1235 2182 1306 raveris,
2208 1237 2368 1294 facile
2397 1242 2727 1317 intelligitur
2752 1248 3110 1305 Deucalionis
3132 1261 3188 1306 et
3211 1257 3510 1328 Argonau-

1947 1330 2128 1375 tarum
2149 1333 2204 1377 et
2229 1321 2484 1382 Herculis
2503 1330 2745 1401 epochas
2772 1336 2900 1388 satis
2920 1348 3178 1392 accurate
3192 1341 3514 1398 constitutas

1946 1426 2058 1464 esse
2091 1428 2160 1464 ex
2199 1411 2416 1484 legibus
2459 1418 2699 1490 antiquae
2736 1420 3062 1477 Graecorum
3103 1426 3507 1502 chronologiae.

1944 1497 2086 1551 Nam
2135 1500 2391 1557 Herculis
2433 1521 2609 1560 annus
2652 1516 2731 1562 est
2785 1528 2927 1579 1217
2974 1513 3089 1567 sive
3145 1513 3335 1582 7><63
3384 1529 3512 1573 ante

1944 1584 2168 1658 Olymp.
2206 1604 2252 1641 1.
2295 1590 2438 1645 Hinc
2476 1590 2547 1646 ad
2585 1597 2934 1669 Argonautas
2962 1600 3094 1653 anni
3126 1600 3233 1670 63,
3269 1602 3402 1660 inde
3437 1605 3512 1660 ad

1947 1672 2221 1730 diluvium
2249 1675 2361 1731 252
2393 1679 2454 1750 (l.
2474 1690 2523 1742 ><
2541 1679 2648 1752 63)
2674 1685 2804 1737 anni
2829 1687 3162 1743 numerandi
3188 1700 3368 1750 erant.
3396 1694 3507 1748 Pro

1945 1762 2150 1834 quibus
2191 1763 2509 1838 Thrasyllus
2555 1786 2772 1840 ponens
2812 1789 2987 1828 annos
3027 1772 3101 1830 65
3149 1786 3206 1831 et
3253 1775 3398 1848 251,
3447 1782 3509 1835 in

1942 1867 2158 1906 summa
2188 1869 2468 1907 annorum
2492 1873 2609 1909 uno
2645 1866 2861 1912 tantum
2898 1879 3047 1916 anno
3071 1881 3103 1918 a
3131 1874 3321 1921 vetere
3350 1885 3509 1921 com-

1942 1947 2084 2009 puto
2121 1938 2366 1999 aberrat.
2408 1942 2617 1998 Contra
2657 1945 2818 2017 quod
2855 1946 3062 2005 deinde
3095 1953 3331 2024 ponitur
3361 1954 3508 2010 inter

1943 2023 2220 2080 diluvium
2247 2037 2305 2082 et
2331 2029 2602 2085 Inachum
2628 2033 2866 2105 spatium
2882 2052 3160 2091 annorum
3192 2037 3392 2110 133¹ls,
3421 2042 3501 2111 id,

1940 2114 2217 2190 suspicor,
2255 2116 2330 2170 ita
2364 2119 2685 2194 exputavit,
2718 2131 2783 2174 ut
2810 2133 3080 2194 quattuor
3115 2129 3505 2200 generationes

1942 2214 2296 2271 numeraret,
2353 2205 2659 2279 unicuique
2710 2225 2838 2261 cum
2897 2209 3192 2266 Herodoto
3253 2213 3504 2271 tribuens

1940 2306 2116 2343 annos
2145 2288 2215 2344 33
2243 2293 2327 2348 'l³.

2669 2407 2765 2467 53.

2020 2535 2304 2607 syncellus
2327 2556 2386 2610 p.
2426 2539 2533 2607 62,
2565 2540 2636 2609 C;
2666 2539 2774 2613 69,
2800 2541 2880 2613 C;
2910 2559 3003 2616 71,
3031 2544 3079 2597 D
3113 2560 3127 2597 t

2413 2686 2581 2745 KAT'
2625 2687 3019 2747 ΕΥΣΕΒΙΟΝ.

2018 2831 2610 2904 Ὀκτωκαιδεκοίτη
2654 2835 3004 2893 δυναστεία
3041 2839 3500 2898 Διοσπολιτῶν

1982 2943 2016 2978 α
2033 2919 2256 2980 σιλέων
2282 2920 2373 2982 ιδ’.

1952 3012 2036 3069 Ων
2058 3011 2261 3088 πρῶτος
2276 3007 2346 3068 Ἀ
2363 3033 2503 3086 μωσ
2518 3033 2568 3078 ις
2592 3008 2684 3080 ἔτη
2708 3009 2808 3069 κε’.

2017 3097 2064 3177 β’
2095 3096 2274 3176 Χεὸρ
2290 3096 2370 3155 ὼν
2396 3095 2628 3177 δεύτερος
2647 3095 2738 3166 ἔτη
2765 3095 2853 3175 ιγ’.

2018 3184 2065 3263 γ’
2100 3186 2524 3267 Ἀμμενῶφις
2547 3184 2638 3256 ἔτη
2665 3192 2775 3244 κα’.

2014 3273 2056 3331 δ’
2086 3274 2221 3354 Mi?
2240 3297 2351 3353 ρης
2378 3272 2467 3344 ἔτη
2502 3272 2598 3331 ιδ’.

2014 3361 2053 3419 ε’
2087 3360 2730 3441 Μισφραγμούθωσις
2755 3360 2845 3433 ἔτη
2870 3361 2976 3429 κς’.

2012 3445 2184 3524 Ὁμοῦ
2206 3447 2297 3506 ἀπ’
2318 3446 2590 3524 Ἀμώσεως
2608 3453 2696 3506 τοῦ
2720 3446 2929 3527 πρώτου
2951 3452 3040 3520 τῆς
3054 3450 3396 3528 προκειμένης
3418 3452 3494 3525 ιη’

1932 3535 2236 3601 δυναστείας
2261 3532 2357 3600 ἕως
2388 3534 2951 3615 Μισςρραγμουθώσεως
2979 3538 3146 3615 ἀρχῆς
3165 3536 3302 3594 κατὰ
3332 3539 3499 3597 Eae(-

1930 3621 2042 3680 ὄιον
2068 3621 2158 3695 ἔτη
2186 3622 2445 3701 γίγνονται
2469 3620 2568 3695 οα’,
2599 3623 2830 3700 βασιλεῖς
2852 3621 3005 3681 πέντε
3031 3622 3147 3681 ἀντὶ
3169 3627 3271 3683 τῶν
3295 3622 3371 3692 ἐξ·
3406 3624 3496 3684 τὸν

1927 3710 2031 3789 γὰρ
2059 3710 2302 3789 τέταρτον
2336 3708 2586 3786 Ἀμένσην
2620 3708 3004 3789 παραδραμὼν,
3041 3700 3102 3768 οὗ
3132 3714 3160 3768 6
3197 3708 3497 3790 Ἀφρικανὸς

1928 3798 2020 3856 καὶ
2045 3802 2091 3857 οἱ
2116 3798 2287 3857 λοιποὶ
2317 3798 2637 3875 μέμνηνται,
2670 3792 2876 3872 ἔτηξκὲ
2904 3797 3061 3855 αὐτοῦ
3091 3795 3433 3858 ἕκολόόωσεν.

2007 3887 2057 3957 ς’
2098 3886 2485 3963 Τούθμωσις
2507 3885 2597 3957 ἔτη
2621 3884 2689 3945 θ’.

2008 3983 2050 4054 ζ’
2098 3984 2174 4045 Ἀ
2190 3983 2480 4065 μίνωφις
2523 3981 2614 4055 ἔτη
2645 3979 2749 4041 λα’.
2795 3972 2963 4047 Οὗτός
3011 3984 3149 4040 ἐστιν
3194 3986 3221 4040 ὁ
3262 3980 3493 4059 Μέμνων

1927 4063 2060 4131 εἶναι
2080 4072 2406 4151 νομιζόμενος
2431 4071 2520 4130 καὶ
2542 4069 2883 4161 (ἓθεγχόμενος
2908 4069 3064 4136 λίθος.

2004 4161 2058 4235 η’
2090 4153 2177 4221 Ὦ
2195 4158 2400 4241 ροςέτη
2426 4160 2505 4230 λς’
2534 4162 2619 4239 (ἐν
2658 4160 2802 4241 ἄλλῳ
2835 4156 2941 4230 λη’,
2969 4163 3204 4230 rectius;
3233 4160 3494 4217 inlatinis

1932 4252 2135 4309 Euseb.
2158 4254 2233 4307 28
2259 4270 2273 4305 z
2306 4260 2574 4324 corrupte
2598 4249 2636 4326 ).

2006 4334 2050 4395 (θ’
2081 4336 2535 4416 Ἀχενχέρσης
2559 4333 2675 4414 [ἔτη
2699 4333 2791 4395 ιδ’.

2002 4422 2282 4505 Ἀθωρις
2306 4423 2396 4494 ἔτη
2415 4422 2494 4481 λθ’
2527 4424 2668 4501 (leg.
2697 4421 2743 4480 θ’
2761 4423 2805 4500 ).

2006 4510 2370 4592 Κενχίρης]
2394 4512 2487 4584 ἔτη
2513 4526 2602 4578 ις’.

1928 4608 2082 4672 Κατὰ
2117 4614 2297 4669 τοῦτον
2341 4611 2573 4680 Μωυσῆς
2607 4612 2701 4679 τῆς
2739 4606 2790 4674 ἐξ
2829 4604 3099 4682 Αἰγύπτου
3138 4602 3350 4685 πορείας
3381 4605 3482 4661 τῶν

1923 4697 2188 4759 Ἰουδαίων
2211 4696 2466 4776 ἡγήσατο.
2489 4698 2702 4775 (Addit
2730 4697 2970 4771 Syncell.
2994 4711 3011 4752 ε
3040 4690 3213 4763 Μόνος
3237 4690 3488 4757 Εὖσέὸιος

1923 4786 2011 4844 ἐπὶ
2043 4784 2224 4844 τούτου
2246 4782 2388 4861 λέγει
2406 4782 2501 4856 τὴν
2527 4788 2621 4842 τοῦ
2649 4779 2867 4863 Ἰσραὴλ
2888 4779 2974 4838 διὰ
2998 4780 3265 4844 Μωυσέως
3288 4776 3479 4848 ἔξοδον,

1925 4870 2142 4951 μηδενὸς
2165 4873 2308 4951 αὐτῷ
2340 4870 2495 4950 λόγου
2531 4874 2938 4950 μαρτυροῦντος,
2969 4865 3107 4925 ἀλλὰ
3142 4863 3235 4924 καὶ
3268 4864 3480 4923 πάντων

1924 4958 2322 5037 ἐναντιουμένων
2347 4962 2448 5017 τῶν
2476 4956 2580 5037 πρὸ
2605 4959 2756 5016 αὐτοῦ
2773 5002 2790 5030 ,
2821 4959 2891 5022 ὡς
2916 4953 3188 5036 μαρτυρεῖ.
3210 4950 3229 5031 )

2005 5047 2038 5106 ι’
2083 5048 2402 5126 Ἀχερρῆς
2426 5045 2521 5116 ἔτη
2538 5043 2614 5117 η’.

2003 5135 2072 5194 ια’
2113 5138 2191 5197 Xt
2213 5139 2365 5217 ρρῆς
2392 5134 2482 5206 ἔτη
2513 5134 2592 5194 ιε’.

2004 5223 2095 5284 ιδ’.
2134 5221 2202 5283 Ἀ
2223 5233 2415 5305 ρμαῖς
2449 5227 2477 5283 6
2520 5222 2609 5283 καὶ
2655 5220 2858 5287 Δαναὸς
2887 5220 2975 5294 ἔτη
3013 5218 3072 5294 ε’,
3117 5217 3228 5296 μεθ’
3250 5214 3284 5274 ἃ
3314 5218 3373 5275 ἐκ
3388 5217 3480 5285 τῆς

3269 5322 3322 5366 37
