4016 5916
1030 247 2160 492 HIERONYMUS
2249 291 3293 442 CARDIANUs„

627 812 2105 895 HieronymusCardianus(*),EumenisitemCardiani

547 905 772 978 aequalis
795 916 851 961 et
869 904 1178 974 familiariS,
1205 915 1368 960 natus
1401 902 1570 959 fuerit
1606 904 1754 959 inter
1785 919 1876 960 an.
1909 901 2105 972 370-

552 991 688 1048 360.
721 991 864 1049 Nam
891 1010 1008 1066 quo
1042 1001 1299 1065 tempore
1330 991 1644 1066 Antigonus
1671 984 1978 1046 Eumenem
2006 990 2104 1046 de-

549 1080 802 1149 bellavit,
843 1097 1056 1154 magnae
1093 1080 1182 1134 vir
1220 1079 1641 1134 existimationis
1679 1078 1786 1133 fuit
1828 1077 2016 1152 (317),
2046 1078 2106 1132 in

547 1167 793 1223 historiis
811 1184 947 1222 vero
987 1165 1396 1240 componendis
1424 1178 1727 1238 occupatus
1761 1164 1947 1220 adhuc
1977 1176 2108 1238 post

548 1272 755 1310 annum
784 1271 894 1324 272
915 1249 978 1330 (v
997 1252 1069 1309 fr.
1101 1252 1222 1329 10).
1251 1255 1427 1309 Annis
1441 1254 1639 1308 vixisse
1653 1251 1863 1308 dicitur
1881 1263 2106 1308 centum

549 1352 908 1415 etquattuor.
932 1343 1164 1396 Lucian.
1191 1340 1486 1398 Macrone.
1510 1359 1585 1395 22
1610 1340 1691 1415 (p.
1719 1338 1833 1404 643
1849 1337 2099 1414 Didot.):

550 1424 857 1508 Ἱερώνυμος
891 1426 943 1483 δὲ
976 1428 1027 1483 ἐν
1064 1424 1309 1502 πολέμοις
1335 1423 1605 1503 γενόμενος
1637 1423 1729 1482 καὶ
1763 1421 1984 1490 πολλοὺς
2010 1446 2104 1481 κα-

551 1513 745 1591 μάτους
767 1512 1048 1590 ὑπομείνας
1073 1512 1164 1572 καὶ
1200 1511 1510 1594 τραύματα,
1549 1511 1729 1584 ἔζησεν
1757 1508 1848 1582 ἔτη
1876 1510 2106 1592 τέσσαρα

548 1602 639 1660 καὶ
675 1599 884 1674 ἑκατὸν,
927 1604 997 1668 ὡς
1035 1598 1412 1679 Ἀγαθαρχίδης
1446 1600 1499 1657 ἐν
1541 1603 1605 1678 τῇ
1646 1598 1802 1678 ἐνάτῃ
1838 1601 1941 1657 τῶν
1971 1597 2106 1679 Περὶ

552 1687 727 1755 Ἀσίας
754 1689 992 1768 ἱστοριῶν
1020 1686 1194 1763 λέγει,
1213 1687 1302 1745 καὶ
1326 1683 1579 1762 θαυμάζει
1605 1709 1665 1763 γε
1691 1686 1779 1744 τὸν
1809 1683 1969 1767 ἄνδρα
1985 1733 2002 1760 ,
2039 1688 2109 1752 ὣς

555 1775 712 1855 μέχρι
735 1779 826 1845 τῆς
853 1773 1149 1836 τελευταίας
1167 1773 1365 1857 ἡμέρας
1387 1772 1561 1853 ἄρτιον
1586 1772 1783 1840 ὄνταέν
1806 1781 1919 1840 ταῖς
1937 1795 2110 1832 συνου-

534 1860 689 1927 ’σῖαις
714 1859 806 1919 καὶ
839 1868 969 1920 πᾶσι
994 1868 1098 1926 τοῖς
1136 1857 1417 1939 αἴσθηρίοις
1456 1859 1671 1938 μηδενὸς
1699 1861 1970 1939 γενόμενον
2004 1863 2108 1919 τῶν

551 1940 680 2020 πρὸς
699 1938 894 2016 ὑγίειαν
915 1941 1121 2009 ἐλλιπῆ.
1143 1940 1356 1998 Eadem
1389 1939 1559 1996 tradit
1576 1942 1830 2016 Phlegon
1851 1942 2105 2000 Macrob.

550 2049 611 2106 p.
651 2047 764 2086 noo
783 2072 799 2104 ,
838 2047 905 2084 12
937 2027 1029 2084 ed.
1056 2030 1153 2087 W.
1192 2027 1321 2105 (ubi
1344 2023 1651 2105 Ἱερώνυμος
1674 2030 1701 2085 ὁ
1731 2025 2106 2109 συγγραφεύς).

550 2119 717 2176 Diem
743 2117 914 2193 igitur
936 2116 1143 2174 obierit
1164 2118 1310 2172 inter
1337 2135 1428 2175 an.
1462 2114 1800 2174 266—256.

629 2206 716 2262 De
742 2205 939 2280 primis
965 2204 1301 2280 Hieronymi
1329 2202 1456 2258 fatis
1489 2202 1629 2257 nihil
1651 2202 1921 2258 traditum
1947 2221 2109 2259 acce-

552 2293 740 2370 pimus
765 2289 882 2369 (³¹¹⁵).
901 2290 1198 2348 Moschion
1212 2290 1366 2365 apud
1387 2290 1708 2348 Athenaeum
1729 2292 1794 2359 V,
1811 2309 1873 2364 p.
1901 2290 2039 2365 206,
2066 2293 2112 2346 E

617 2459 680 2525 (ἢ
705 2461 906 2512 sevinus
929 2457 1268 2522 (Becherches
1299 2470 1395 2508 sur
1427 2458 1482 2507 la
1515 2460 1592 2508 vie
1626 2461 1677 2508 et
1711 2458 1784 2508 les
1817 2470 2014 2507 oeuvres
2052 2457 2114 2507 de

554 2532 755 2584 Jerdme
782 2531 845 2580 de
878 2528 1067 2581 Cardie
1089 2528 1138 2578 in
1157 2528 1311 2580 Mem.
1342 2527 1405 2576 de
1424 2527 1700 2578 l'Academ.
1726 2527 1813 2578 des
1839 2531 1883 2578 Ι.
1916 2532 1967 2577 ec
1992 2526 2110 2577 bell.

555 2603 667 2655 lece.
683 2604 804 2651 tom.
826 2603 967 2662 xm,
983 2611 1034 2663 p.
1057 2605 1118 2649 20
1137 2598 1278 2661 sqq.)
1299 2597 1588 2648 cardianum
1610 2597 1858 2648 confundit
1875 2611 1987 2646 cum
2007 2598 2114 2648 Hie·

559 2684 762 2733 ronymo
782 2667 994 2730 Arcade,
1017 2667 1154 2730 cuius
1171 2668 1388 2717 meminit
1411 2667 1655 2719 Demosth.
1681 2670 1754 2717 De
1777 2668 1811 2717 f.
1838 2667 1926 2729 leg.
1953 2681 2002 2730 p.
2025 2672 2114 2719 344

555 2743 612 2792 R.
638 2741 749 2790 coll.
786 2743 855 2788 De
890 2751 1057 2789 coron.
1090 2751 1139 2801 p.
1175 2739 1280 2788 324.
1306 2737 1447 2797 Quod
1477 2737 1695 2800 pluribus
1727 2736 2116 2789 demonstrarunt

559 2809 810 2870 Kiessling.
852 2808 901 2856 in
939 2806 1135 2857 Dissert.
1171 2809 1241 2856 De
1259 2805 1557 2856 Menaechmo
1579 2808 1627 2856 et
1658 2806 1945 2870 Hieronymo
1969 2808 2111 2860 card.

560 2877 734 2944 (cizae
757 2876 906 2939 1830)
929 2888 976 2940 p.
1017 2879 1072 2927 17
1092 2877 1141 2926 01
1161 2889 1234 2939 sq.
1256 2889 1561 2927 annaeum.
1594 2879 1666 2926 De
1692 2878 1802 2927 vita
1826 2879 1877 2927 et
1907 2882 2119 2942 scriptis

557 2950 771 3001 meran.
792 2945 951 2998 Car-d.
963 2944 1013 2997 in
1028 2944 1289 3008 Zeitschst
1296 2945 1344 3007 f.
1359 2945 1967 3000 Alterthumswissensck.
1984 2953 2114 3001 1842.

557 3033 607 3081 p.
646 3023 757 3070 253.
792 3016 941 3067 iidem
973 3016 1093 3068 alios
1131 3016 1292 3067 sevini
1327 3029 1511 3067 errores
1539 3015 1813 3081 diluerunt,
1846 3030 1967 3082 quos
2001 3019 2049 3069 h.
2079 3021 2112 3071 l.

556 3099 935 3137 commemorare
955 3085 1119 3136 taedet.

621 3157 709 3220 (**)
733 3161 806 3207 Ex
824 3155 1019 3220 reliquis
1036 3157 1335 3221 Hieronymis
1354 3156 1492 3207 nobis
1513 3156 1809 3207 memorandi
1831 3160 1944 3209 sunt
1964 3179 1978 3210 ε

623 3236 670 3278 1.
725 3229 1096 3291 Hieronymus,
1136 3227 1397 3285 Rhodius,
1444 3229 1842 3291 peripateticus,
1905 3231 2119 3282 Timonis

555 3297 749 3350 Phliasii
772 3301 821 3348 et
840 3297 1044 3361 Lyconis
1069 3297 1270 3361 aequalis
1297 3299 1377 3363 (v.
1403 3296 1614 3348 clinton.
1641 3300 1696 3348 Β.
1733 3300 1792 3349 11.
1825 3303 1909 3350 111.
1943 3301 2004 3351 ad
2036 3315 2112 3352 an.

557 3375 649 3420 250
663 3368 699 3429 ).
723 3371 767 3417 ls
785 3369 959 3430 praeter
973 3367 1120 3418 libros
1138 3367 1485 3432 philomphicos
1505 3369 1592 3430 (π.
1613 3369 1751 3431 μέθης
1770 3370 1940 3421 Α111011.
1960 3385 2007 3434 p.
2026 3376 2117 3423 499

551 3440 620 3503 1²3
641 3442 751 3503 424,
770 3442 832 3502 Ἐς
847 3439 949 3503 περὶ
962 3438 1135 3502 ἐποχῆς
1155 3438 1286 3501 Diog.
1307 3441 1438 3499 1..11,
1457 3439 1646 3500 105;01.
1667 3440 1839 3491 Athen.
1856 3454 1903 3504 p.
1921 3448 2030 3492 602.
2051 3447 2117 3505 A;

555 3507 686 3561 Plut.
707 3507 876 3560 1101111.
903 3520 953 3571 p.
982 3510 1042 3557 48
1067 3509 1138 3570 B,
1169 3510 1264 3558 454
1295 3510 1358 3567 E,
1378 3509 1471 3559 460
1495 3510 1566 3570 C,
1587 3513 1677 3559 612
1698 3512 1766 3575 D,
1788 3515 1878 3561 026
1908 3516 1974 3573 A,
2003 3518 2117 3563 1038

556 3582 628 3642 0,
664 3582 787 3630 1000
821 3580 890 3641 A;
922 3577 1075 3629 clem.
1108 3577 1183 3628 Al.
1218 3590 1267 3640 p.
1305 3582 1420 3637 178,
1455 3579 1537 3627 48.
1573 3581 1768 3642 9,12.)
1807 3583 1855 3629 01
1889 3583 2121 3645 Epistulas

557 3649 770 3713 (Athen.
791 3661 842 3711 p.
862 3651 972 3719 435,
993 3650 1058 3710 A)
1080 3651 1269 3711 etopus
1285 3649 1386 3713 περὶ
1406 3651 1648 3707 ποιητῶν(
1667 3653 1831 3714 Neque
1852 3653 1979 3702 enim
1999 3654 2120 3703 alius

556 3718 831 3782 Hieronymi
856 3720 945 3767 est.
971 3718 1108 3769 Liber
1126 3722 1168 3767 V
1192 3722 1296 3768 erat
1312 3718 1372 3769 de
1401 3718 1678 3769 citharoedis
1694 3755 1709 3780 ,
1733 3720 1897 3771 Athen.
1923 3736 1972 3785 p.
1994 3728 2116 3787 6353

555 3788 645 3839 alia
665 3788 768 3851 ejus
787 3800 898 3851 pars
917 3788 1413 3851 περ’,τραγῳδιοποιῶν
1428 3788 1646 3835 laudatur
1662 3790 1902 3853 Apostolio
1923 3796 1985 3841 xl
2004 3830 2019 3855 ,
2038 3797 2116 3854 413

556 3860 619 3909 ct.
651 3857 871 3908 Leutsch.
903 3856 961 3906 ad
991 3858 1171 3907 Zenoh.
1199 3869 1246 3920 p.
1278 3862 1386 3910 219.
1420 3860 1529 3908 Vlta
1554 3860 1812 3923 Sophocl.)
1849 3866 2120 3926 composuit

555 3927 700 3980 eliam
715 3925 854 3978 Ὓπο
868 3927 975 3990 μνή
992 3943 1143 3991 ματα
1166 3930 1377 3991 lca-opt
1392 3928 1465 3977 κά
1481 3929 1499 3991 (
1516 3928 1690 3979 Athen.
1710 3943 1759 3993 p.
1782 3936 1868 3982 557
1886 3934 1924 3981 E
1945 3932 2006 3983 de
2030 3937 2122 3984 Eu-

557 3998 732 4061 ripide;
752 4011 802 4060 p.
823 4000 913 4047 604
932 4000 975 4047 D
992 3995 1054 4047 de
1072 3996 1305 4059 Sophocle
1317 3999 1364 4061 );
1383 3997 1521 4049 abiis
1540 4012 1636 4050 non
1654 3999 1840 4051 diversa
1863 4002 2039 4053 suerint
2055 4005 2121 4054 τὰ

560 4067 869 4130 Σποράδην
890 4068 1315 4132 ὑπομνήματα,
1336 4082 1446 4131 quae
1465 4071 1699 4121 memorat
1717 4071 1854 4136 Diog.
1883 4075 2012 4135 1,.1,
2040 4080 2117 4125 26.

560 4145 616 4189 27
641 4137 701 4187 de
722 4138 920 4187 Thalete
930 4152 947 4197 3
970 4140 1043 4198 11,
1076 4141 1126 4186 14
1157 4137 1216 4185 de
1238 4142 1537 4200 Anaxagora.
1563 4143 1637 4189 Ex
1661 4140 1826 4191 lisdem
1846 4142 1979 4193 libris
1996 4144 2120 4192 hau-

557 4206 671 4258 serit
692 4204 828 4268 Diog.
850 4207 904 4254 1..
922 4207 1034 4254 vm
1052 4242 1065 4265 ,
1089 4213 1143 4264 21
1170 4206 1229 4255 de
1257 4206 1549 4271 Pythagora,
1569 4211 1665 4270 Xl;
1690 4215 1746 4260 16
1763 4208 1824 4261 (10
1852 4212 2118 4273 110100111ος

557 4280 632 4337 11,
659 4282 716 4329 10
740 4273 1016 4326 descen-ate
1036 4277 1053 4337 (
1070 4276 1133 4324 cl‘.
1157 4276 1327 4325 Athen.
1347 4279 1458 4327 Xill
1474 4316 1487 4337 ,
1509 4292 1555 4340 p.
1578 4284 1687 4329 556.
1707 4279 1951 4332 Plutarch.
1973 4282 2118 4334 Arist.

560 4352 616 4398 27
633 4350 680 4409 );
702 4346 841 4403 vlu,
871 4348 949 4404 37,
972 4349 1029 4394 58
1048 4344 1108 4393 de
1133 4345 1433 4407 Empedocle.
1453 4346 1600 4397 Vides
1615 4347 1949 4413 Ὑπομνήματα
1973 4350 2054 4400 illa
2072 4352 2120 4401 in

561 4415 756 4466 historia
788 4414 1112 4477 philosophica
1143 4418 1193 4465 et
1225 4416 1436 4465 literaria
1457 4419 1643 4466 versata
1660 4456 1674 4479 ,
1695 4418 1899 4482 ideoque
1927 4432 1954 4469 a
1982 4422 2121 4472 no'bis

566 4489 717 4537 aliena
735 4498 851 4536 esse.
876 4486 1040 4548 Neque
1057 4499 1118 4534 ex
1135 4486 1242 4535 1000
1265 4486 1503 4536 Plutarchi
1526 4487 1543 4546 (
1566 4491 1701 4549 Ages.
1725 4500 1769 4537 c.
1797 4490 1884 4549 13)
1901 4489 1984 4538 ubi
2004 4491 2119 4541 iiie-

593 4555 750 4619 ‘tnymi
771 4554 831 4603 de
859 4554 1056 4616 Agesilai
1087 4554 1345 4605 virtutibus
1367 4557 1576 4606 narratio
1594 4557 1811 4620 affertur,
1834 4558 1961 4608 aliud
1999 4573 2121 4623 opus

562 4624 845 4675 historicum
876 4623 937 4672 ab
966 4635 1022 4672 eo
1042 4624 1276 4686 scriptum
1301 4638 1401 4675 esse
1429 4624 1585 4689 colligi
1603 4626 1716 4676 licet
1733 4663 1747 4687 ,
1764 4640 1916 4691 quum
1948 4632 2119 4680 notum

560 4695 622 4745 sit
640 4692 872 4756 eiusmodi
892 4694 1258 4744 narratiunculis
1281 4695 1410 4745 locos
1442 4696 1751 4760 philosophiae
1780 4699 1951 4748 morali
1975 4700 2117 4750 soleri

561 4764 804 4816 illustrari.
833 4766 888 4813 lu
910 4763 1120 4826 epistolis
1150 4778 1341 4828 quoque
1364 4779 1439 4815 res
1470 4766 1719 4817 historicas
1740 4770 1907 4817 auctor
1932 4769 2115 4833 tetigit,

563 4834 632 4885 utl
650 4847 725 4897 ap.
759 4833 934 4884 Athen.
952 4833 991 4886 l.
1013 4832 1069 4894 1.,
1092 4834 1175 4883 ubi
1200 4836 1379 4885 mentio
1399 4836 1454 4885 fit
1473 4837 1728 4886 Alexandri
1759 4840 1871 4902 πρὸς
1897 4839 1956 4887 τὰ
1983 4839 2116 4904 ἀφρο-

562 4904 691 4954 δίσια
712 4903 800 4953 οὐκ
820 4901 872 4953 εὖ
894 4904 1201 4967 διακειμένου.
1232 4908 1354 4963 Quae
1377 4918 1492 4956 vero
1528 4907 1698 4957 Strabo
1728 4921 1792 4958 ex
1827 4906 2117 4972 Hieronymo

562 4970 782 5023 affertde
797 4971 941 5022 rebus
955 4975 1278 5037 geographicis
1298 4976 1483 5036 (strab.
1509 4989 1556 5039 p.
1590 4980 1714 5037 370,
1747 4980 1838 5026 443
1855 5013 1869 5038 ,
1896 4979 1987 5027 475
2004 4979 2040 5040 ,)
2061 4991 2116 5028 ea

2194 815 2333 872 dicit
2358 834 2371 872 :
2394 811 2783 890 Θαυμαζέτω...
2811 810 3119 893 Ἱερώνυμος
3134 811 3221 872 ἐπὶ
3241 816 3307 893 τῇ
3335 819 3681 894 κατασκευῇ
3712 822 3809 887 τῆς

2193 900 2507 979 ἁρμαμάξης
2524 892 2561 981 ᾗ
2574 898 2842 960 συνέὸαινε
2866 903 3319 978 κατακομισθῆναι
3341 899 3404 958 τὸ
3427 901 3799 982 Ἀλεξάνδρου

2195 989 2350 1064 σῶμα
2374 987 2465 1064 (cf.
2484 990 2751 1064 Polycriti
2769 988 2841 1046 fr.
2867 1008 2900 1045 2
2925 987 2997 1065 a).
3022 991 3108 1046 Ex
3124 988 3231 1046 hac
3252 991 3434 1065 igitur
3456 1010 3688 1050 currus
3713 994 3799 1051 fu·

2191 1075 2381 1132 nebris
2404 1074 2797 1151 descriptione,
2822 1087 2887 1132 ut
2906 1074 3150 1147 videtur,
3171 1078 3547 1151 amplissima,
3568 1083 3793 1138 Hiero·

2192 1182 2425 1237 nymum
2450 1164 2603 1238 apud
2627 1164 2910 1238 principes
2943 1162 3319 1220 Macedonum
3348 1164 3553 1237 fuise,
3596 1187 3791 1242 quum

2186 1249 2334 1323 justa
2366 1251 2449 1306 illi
2486 1249 2752 1307 defuncto
2779 1252 2900 1327 regi
2924 1252 3349 1325 persolverunt,
3372 1252 3512 1327 jure
3554 1260 3789 1333 colligit

2194 1338 2540 1393 Bn'c'cknerus
2552 1339 2590 1396 L
2611 1339 2678 1408 1.,
2697 1337 2941 1394 addens:
2972 1362 2998 1388 α
3016 1339 3142 1411 Quo
3159 1339 3665 1413 quemadmodum
3682 1345 3789 1402 'de-

2194 1426 2410 1480 venerit
2426 1425 2467 1481 si
2481 1436 2781 1499 quaeratur,
2796 1425 2935 1480 nihil
2947 1443 3078 1482 sane
3093 1435 3173 1482 est
3184 1426 3345 1500 quod
3360 1428 3500 1502 ipsis
3510 1441 3779 1488 veterum

2198 1513 2522 1569 testimoniis
2530 1511 2899 1570 demonstrari
2916 1513 3090 1587 possit
3100 1532 3118 1582 3
3130 1514 3407 1590 insignem
3419 1526 3612 1573 tamen
3624 1520 3785 1576 inter
3828 1552 3843 1560 ·

2195 1599 2530 1656 Macedones
2555 1602 2742 1656 locum
2777 1603 3180 1675 Hieronymus,
3206 1613 3515 1677 autequam
3550 1608 3608 1660 in
3640 1626 3778 1682 gra-

2196 1686 2329 1742 tiam
2351 1688 2570 1744 veniret
2588 1689 2886 1764 Antigoni,
2908 1707 3029 1743 non
3046 1689 3352 1746 obtinuisse
3368 1731 3384 1760 ,
3410 1692 3595 1748 immo
3616 1704 3777 1750 totns

2196 1773 2315 1831 fere
2340 1773 2670 1849 pependisse
2706 1774 2932 1830 videtur
2963 1775 3034 1831 ab
3058 1778 3344 1848 Eumene,
3381 1797 3502 1851 quo
3528 1791 3777 1837 auctore

2197 1880 2315 1917 non
2328 1861 2658 1918 incredibile
2678 1874 2758 1919 est
2784 1881 2913 1918 eum
2931 1864 2990 1917 in
3013 1863 3196 1919 aulam
3210 1864 3327 1920 sive
3350 1865 3428 1921 ad
3450 1870 3773 1924 exercitum

2198 1946 2573 2005 Macedonum
2597 1950 2919 2005 arcessitum
2966 1966 3096 2006 esse.
3128 1949 3298 2020 Quod
3322 1952 3371 2006 si
3398 1953 3528 2025 quis
3572 1957 3773 2013 statuit

2191 2034 2310 2109 jam
2327 2035 2590 2111 Philippo
2611 2054 2745 2112 rege
2763 2035 2971 2090 factum
2992 2052 3120 2105 esse,
3138 2053 3258 2091 non
3276 2046 3359 2092 est
3374 2056 3503 2095 sane
3521 2040 3585 2095 in
3604 2051 3775 2098 atate

2206 2123 2539 2197 Hieronymi
2581 2121 2741 2198 quod
2764 2134 3061 2198 repugnet.
3100 2146 3127 2173 κ
3168 2121 3303 2179 Mox
3340 2127 3762 2200 Hieronymum

2202 2229 2328 2267 curn
2358 2209 2607 2268 Eumene
2628 2213 2690 2266 in
2711 2212 2880 2268 Noris
2907 2211 3133 2266 castello
3170 2211 3241 2267 ab
3278 2214 3553 2288 Antigoni
3587 2219 3771 2290 copiis

2203 2297 2481 2354 obsessum
2502 2297 2776 2357 videmus».
2808 2297 2976 2358 Unde
3003 2316 3179 2372 quum
3201 2299 3371 2374 legati
3402 2300 3474 2357 de
3492 2303 3767 2376 pacifica-

2203 2387 2355 2442 tione
2377 2386 2451 2442 ad
2472 2387 2829 2461 Antipatrum
2849 2387 3222 2456 mitterentur,
3240 2386 3509 2463 princeps
3526 2390 3763 2466 legatio-

2201 2475 2286 2530 nis
2304 2473 2409 2529 fuit
2438 2477 2815 2548 Hieronymus
2834 2474 2862 2529 ὁ
2889 2468 2979 2538 τὰς
2998 2472 3100 2529 τῶν
3125 2471 3384 2552 διαδόχων
3408 2475 3638 2555 ἱστορίας
3656 2499 3765 2554 γε-

2202 2559 2410 2641 γραφώς
2433 2561 2684 2637 (Diodor
2700 2561 2915 2634 XVIII,
2941 2569 3036 2631 42,
3064 2562 3216 2637 13cf.
3234 2564 3515 2636 Droysen.
3538 2567 3759 2625 Hellen.

2202 2651 2260 2718 1,
2301 2668 2360 2723 p.
2416 2648 2523 2720 173
2553 2649 2598 2726 ).
2647 2647 2903 2706 Arduum
2948 2651 3060 2706 hoc
3099 2652 3391 2726 negotium
3436 2672 3767 2728 magnaeque

2203 2736 2459 2811 indigens
2488 2736 2833 2811 prudentiae‚
2867 2736 3329 2812 quandoquidem
3368 2740 3481 2796 hoc
3520 2743 3765 2796 maxime

2207 2825 2479 2880 Eumenes
2517 2824 2805 2881 mandasse
2848 2825 3094 2895 videtur,
3132 2837 3196 2880 ut
3232 2828 3535 2901 Antipatro
3572 2845 3759 2903 suspe-

2205 2920 2356 2968 ctum
2400 2911 2667 2969 redderet
2725 2913 3097 2988 Antigonum,
3128 2915 3356 2989 ,quippe
3421 2917 3521 2990 qui
3564 2917 3765 2974 altiora

2203 3000 2441 3074 spiraret
2462 3010 2520 3056 et
2543 3001 2719 3075 potiri
2750 3018 2965 3057 summa
2990 3019 3182 3057 rerum
3221 3013 3417 3075 aperte
3449 3003 3567 3077 jam
3600 3007 3763 3061 moli·

2206 3156 2482 3208 historicum
2504 3156 2619 3206 sunt
2635 3154 2896 3207 1010011110.
2915 3176 2980 3189 -
3000 3155 3240 3206 Rhodium
3261 3159 3321 3209 H.
3337 3157 3487 3208 etiam
3506 3162 3575 3209 De
3599 3159 3759 3210 111010·

2205 3225 2338 3276 ribus
2353 3225 2592 3289 scripsisse
2607 3225 2761 3289 liquat
2775 3238 2840 3276 ex
2856 3226 3082 3289 Dionysio
3100 3231 3161 3277 H.
3181 3228 3254 3276 De
3274 3230 3476 3278 Isocrat.
3491 3228 3597 3291 jnd.
3613 3242 3658 3280 c.
3682 3234 3758 3282 13.

2204 3326 2266 3339 -
2280 3295 2432 3349 Dubia
2448 3308 2522 3347 res
2534 3299 2607 3347 est
2618 3297 2677 3347 ad
2688 3309 2944 3360 quemnam
2963 3298 3197 3360 pertineat
3214 3298 3348 3349 locus
3367 3299 3543 3352 Athen.
3562 3303 3602 3363 1,
3617 3314 3662 3364 p.
3679 3303 3755 3357 43.

2206 3368 2243 3417 Β
2266 3386 2279 3416 :
2299 3366 2521 3433 Ἦκμασε
2539 3367 2588 3417 δὲ
2614 3369 2646 3427 ἠ
2678 3372 2771 3417 τῶν
2794 3367 3018 3417 ποικίλων
3037 3368 3156 3430 ὑφή,
3190 3367 3394 3432 μάλιστα
3417 3371 3641 3434 ἐντέχνων
3658 3373 3755 3433 περὶ

2206 3436 2325 3486 αὐτὰ
2341 3438 2601 3501 γενομένων
2629 3435 2799 3488 Ἆκεσᾶ
2815 3438 2896 3487 καὶ
2922 3436 3175 3495 Ἑλικῶνος
3200 3444 3292 3487 τῶν
3312 3440 3556 3503 Κυπρίων·
3573 3441 3757 3506 ὑφάνται

2206 3504 2248 3556 δ’
2267 3505 2388 3568 ἦσαν
2416 3506 2616 3564 ἔνδοξοι·
2648 3508 2727 3556 καὶ
2752 3506 2811 3568 ἦν
2828 3507 3026 3557 Ἑλικὼν
3052 3508 3151 3563 υἱὸς
3182 3505 3377 3569 Ἆκεσᾶ,
3416 3510 3480 3566 ὥς
3514 3526 3649 3575 φησιν
3680 3510 3755 3560 ‘Is-

2207 3578 2429 3642 ρώνυμος.
2450 3578 2772 3629 intellexerim
2796 3580 2857 3628 11.
2888 3578 3126 3629 Rhodium
3140 3615 3154 3639 ‚
3175 3579 3379 3630 eundem
3400 3579 3462 3630 ad
3484 3594 3632 3645 quem
3650 3582 3753 3631 reli·

2208 3660 2305 3711 qua
2322 3660 2434 3711 quae
2451 3662 2515 3699 ex
2532 3651 2592 3699 H.
2616 3649 2874 3699 Atheniens
2889 3648 3062 3710 habet,
3082 3648 3326 3699 reserenda
3343 3652 3475 3701 sunt.

2271 3725 2317 3768 2.
2363 3721 2705 3780 Hieronymus
2728 3721 3028 3783 AEyypctus,
3053 3721 3160 3778 τὴν
3198 3720 3633 3784 ἀρχαιολογίαν
3662 3722 3757 3781 τὴν

2209 3790 2563 3848 Φοινικικὴν
2583 3786 3092 3854 συγγρζαψῖάμινος.
3112 3790 3301 3851 soseph.
3322 3796 3378 3840 A.
3392 3793 3443 3840 J.
3465 3795 3505 3853 1,
3528 3798 3576 3852 3,
3596 3800 3627 3844 8
3646 3795 3757 3853 (Eu-

2208 3859 2308 3908 seb.
2334 3863 2387 3911 Ρ.
2430 3862 2482 3909 E.
2524 3872 2573 3923 p.
2607 3862 2699 3910 414
2721 3862 2788 3921 B)
2815 3861 3068 3923 postquam
3101 3858 3163 3911 de
3193 3859 3366 3922 navigii
3398 3864 3537 3922 parte
3567 3863 3676 3913 inde
3700 3865 3759 3915 ab

2208 3929 2375 3980 mtuvii
2396 3930 2691 3993 temporibus
2705 3931 2757 3979 in
2777 3929 2999 3981 Armenia
3020 3930 3270 3993 superstite
3292 3943 3352 3979 ex
3371 3933 3546 3982 Beroso
3572 3933 3650 3996 (v.
3673 3935 3755 3997 rr.)

2207 3998 2360 4063 dixit,
2380 3999 2515 4050 addit
2535 4019 2548 4049 ε
2568 4000 2808 4065 Μέμνηται
2826 4002 2876 4051 δὲ
2896 4001 3074 4051 τούτων
3088 4001 3167 4049 καὶ
3186 4001 3455 4063 Ἱερώνυμος
3474 4002 3502 4050 ὁ
3522 4004 3759 4065 Αἰγύπτιος

2209 4069 2235 4118 ὅ
2250 4070 2334 4130 τὴν
2362 4070 2688 4134 ἀρχαιολογίαν
2710 4071 2792 4129 τὴν
2813 4072 3084 4131 Φοινικικὴν
3105 4069 3513 4134 συγγραψάμενος,
3534 4074 3614 4121 καὶ
3642 4077 3756 4123 Μνα·

2209 4141 2321 4199 σέας
2343 4141 2393 4191 δὲ
2414 4141 2495 4191 καὶ
2522 4140 2652 4190 &not
2670 4142 2871 4198 πλείους.

2270 4209 2474 4272 ldeml,
2496 4216 2523 4259 3
2542 4247 2557 4272 ,
2586 4215 2616 4260 9
2646 4213 2754 4272 post
2774 4210 3136 4273 Manethonem,
3163 4213 3391 4261 Berosum
3420 4211 3471 4259 et
3504 4214 3755 4264 nestiaeum

2207 4281 2423 4332 nominat
2452 4281 2530 4330 τὸν
2563 4281 2812 4342 Αἰγύπτιον
2845 4281 3117 4345 Ἱερώνυμον
3148 4280 3272 4330 iuter
3289 4292 3401 4342 000,
3424 4281 3508 4343 qui
3530 4282 3644 4332 olim
3674 4286 3756 4334 110·

2207 4351 2359 4402 mines
2386 4350 2760 4413 longaevissimos
2793 4352 2936 4401 fuisse
2963 4348 3257 4414 prodiderint
3282 4351 3423 4412 (vive
3449 4353 3610 4403 Bet-osi
3640 4356 3693 4403 fr.
3728 4363 3754 4405 fi

2205 4422 2286 4480 a).
2320 4421 2396 4471 Cr.
2423 4420 2673 4483 syncellus
2696 4433 2742 4483 p.
2770 4424 2829 4471 34
2866 4426 2935 4483 A;
2957 4419 3159 4472 cedren.
3180 4434 3227 4485 p.
3259 4423 3570 4482 11;201101ο11
3592 4436 3637 4486 p.
3675 4429 3753 4485 19;

2205 4490 2457 4554 Freculph.
2498 4494 2549 4554 1,
2576 4504 2620 4541 0.
2652 4497 2731 4541 25.
2757 4493 3078 4542 Tertullianus
3099 4491 3234 4554 Apol.
3268 4502 3314 4542 0.
3365 4496 3420 4543 19
3455 4492 3703 4556 scriptores
3727 4508 3753 4543 a

2204 4560 2411 4623 Josepho
2429 4562 2602 4624 partim
2631 4561 2855 4623 probatos
2874 4562 3051 4624 partim
3072 4575 3170 4611 non
3192 4560 3418 4625 probatos
3438 4566 3751 4614 recensetus·

2204 4628 2489 4689 nethonem,
2511 4632 2739 4680 Berosum
2757 4667 2770 4690 ,
2808 4632 3177 4692 Hieronymum
3202 4633 3509 4694 AEqyptmm
3536 4634 3651 4694 Tyri
3676 4648 3749 4681 re·

2204 4712 2346 4762 qem,
2390 4701 2703 4750 Ptolemaeum
2739 4700 3035 4752 Mendesium
3071 4703 3174 4763 etc;
3212 4701 3391 4752 scilicet
3418 4701 3751 4754 obversabatur

2204 4768 2495 4819 Tertulliano
2520 4773 2760 4820 Hir-emus
2776 4806 2790 4829 ,
2810 4783 2907 4820 rex
2931 4774 3135 4835 Tyrius,
3156 4773 3211 4820 ut
3226 4771 3347 4820 bene
3368 4773 3531 4821 monet
3545 4772 3745 4823 Vossius.

2206 4841 2702 4904 Huncflieronymum
2720 4841 2925 4891 eundem
2949 4854 3053 4891 esse
3066 4842 3182 4905 puto
3199 4852 3308 4888 cum
3332 4854 3389 4890 eo
3404 4842 3486 4903 qui
3503 4839 3567 4893 110
3580 4844 3748 4893 theolo-

2203 4909 2279 4972 gia
2292 4911 2500 4973 Orphica
2516 4910 2719 4974 scripsit,
2736 4924 2878 4973 quem
2899 4910 3075 4961 librum
3094 4912 3174 4961 alii
3187 4910 3246 4960 ad
3268 4912 3567 4960 Hellanicum
3592 4915 3745 4962 retule-

2206 4982 2334 5031 runt.
2354 4984 2633 5032 Damascius
2645 4995 2692 5045 p.
2713 4986 2797 5031 381
2823 5000 2837 5029 :
2858 4981 2918 5032 Ἥ
2938 4981 2988 5031 δὲ
3005 4981 3129 5031 κατὰ
3146 4981 3224 5031 τὸν
3241 4981 3514 5045 Ἱερώνυμον
3535 4984 3745 5046 φερομένη

563 5052 662 5090 11011
679 5040 744 5090 ad
759 5040 1094 5104 philosophum
1122 5046 1204 5105 (ut
1228 5047 1623 5096 Westermaunus
1640 5049 1689 5095 01
1711 5047 2011 5097 Brllcknerus
2029 5049 2116 5097 sta·
2206 5048 2433 5112 (Ὀρφικὴ
2456 5049 2699 5112 θεολογῖα)
2724 5051 2803 5099 καὶ
2826 5050 3093 5101 Ἐλὶάνικον
3108 5089 3121 5111 ,
3142 5052 3267 5112 εἴπερ
3292 5052 3354 5113 μὴ
3375 5051 3557 5100 καὶκαὶ
3579 5052 3604 5100 ὁ
3622 5052 3740 5106 αὑτὸς

569 5105 807 5170 1110111111),
838 5110 921 5160 sed
945 5112 1112 5173 procul
1149 5112 1296 5163 dubio
1320 5114 1377 5164 ad
1401 5114 1689 5165 cardianum
1713 5116 1804 5179 (1·1.
1831 5122 1876 5167 5.
1909 5121 1983 5166 11.
2014 5123 2068 5167 12
2097 5118 2115 5182 )
2204 5118 2349 5167 ἐστιν.
2382 5118 2454 5169 cl.
2480 5120 2692 5184 Proiegg.
2713 5120 2773 5171 de
2796 5119 2881 5171 vit.
2906 5122 3089 5173 11011011.
3113 5135 3164 5186 p.
3191 5124 3338 5172 xxx.

2112 5217 2213 5270 450
