4016 5916
1609 471 2107 532 FRAGMENTA.

315 615 415 668 lv.
459 612 674 669 365·s.:
705 608 845 685 29¹1-
865 633 946 660 ·..-=
968 616 1196 681 249001
1228 625 1374 663 2011
1401 619 1508 684 ᾗῇ.

456 717 667 782 364Ἷιε
701 717 840 790 29·Ι.
860 739 940 765 =
962 709 1151 787 24925
1178 731 1192 767 :
1221 709 1369 766 2013
1419 708 1526 773 .-“.·Ίτ’τ

227 821 584 897 (Computus
610 823 637 875 1
665 822 939 876 institutus
969 828 1050 873 est
1082 835 1152 873 ex
1177 815 1487 873 rationibus
1515 814 1656 888 cycli
1679 815 1782 869 Pa-

223 910 433 965 schalis
455 927 729 965 annorum
757 905 1162 962 novemdecim.
1192 906 1277 960 De
1307 903 1508 959 ceteris
1550 919 1669 956 non
1705 911 1787 957 est

224 996 397 1070 quod
421 1012 761 1051 moneamus.
785 993 803 1069 )

315 1082 499 1137 Verba
521 1080 738 1136 Eusebii
758 1080 1066 1154 postulant,
1092 1089 1156 1134 ut
1174 1077 1245 1134 de
1273 1096 1342 1134 eo
1369 1078 1610 1133 maxime
1633 1094 1786 1132 com·

226 1180 378 1242 puto
399 1163 720 1243 cogitemus,
741 1185 908 1241 quem
926 1159 1173 1222 secundo
1193 1166 1321 1220 loco
1340 1166 1627 1239 posuimus
1639 1165 1790 1237 prio·

227 1273 379 1312 rem.
433 1255 518 1310 Ex
565 1253 676 1309 hoc
728 1255 1102 1309 nanciscimur
1153 1252 1360 1307 solares
1407 1268 1582 1306 annos
1634 1249 1787 1314 2046

237 1347 252 1419 ᾗ
277 1339 498 1416 BMG‘)
525 1362 543 1412 3
581 1358 748 1414 quem
774 1342 955 1415 ipsum
980 1356 1277 1396 numerum
1302 1337 1456 1412 apud
1495 1338 1790 1394 Eusebium

229 1447 345 1503 pro
386 1428 537 1485 2206
582 1424 759 1503 ΒΣΕῙ’
803 1426 1196 1502 reponendum
1233 1443 1345 1481 esse
1385 1426 1596 1498 optime
1627 1424 1790 1496 jubet

229 1515 564 1585 Boeckbius,
608 1515 781 1588 idque
813 1533 881 1571 eo
906 1516 1105 1589 magiS,
1145 1531 1259 1586 quo
1288 1513 1501 1568 facilins
1525 1513 1661 1587 sigla
1683 1530 1787 1566 nu·

235 1620 528 1659 merorum
554 1603 858 1676 permutari
885 1610 1206 1675 potuerant.
1240 1629 1320 1644 -
1346 1600 1469 1654 Jam
1497 1617 1671 1673 quum
1698 1597 1787 1653 di-

229 1691 450 1745 luvium
488 1690 559 1745 ab
591 1689 981 1746 Alexandrinis
1017 1686 1223 1742 iudaeis
1266 1687 1497 1759 aliisque
1531 1687 1786 1760 plurimis

227 1789 483 1851 ponatur
501 1777 560 1831 in
578 1794 725 1832 anno
745 1776 1111 1839 21221112242
1136 1771 1226 1848 (Ἴ,
1249 1774 1484 1829 deorum
1506 1773 1785 1846 dynastiae,

229 1863 340 1919 ubi
367 1881 398 1919 a
423 1864 609 1937 primo
640 1881 788 1918 anno
814 1862 1014 1918 mundi
1042 1860 1440 1935 proficisceris,
1473 1860 1789 1915 desinerent

233 1952 398 2006 annis
430 1949 536 2024 196
564 1961 692 2005 ante
712 1950 982 2024 epocham
1004 1949 1221 2005 diluvii.
1254 1948 1579 2003 Accuratius
1605 1948 1784 2021 AEgy-

232 2037 486 2110 ptiorum
508 2047 759 2109 tempora
782 2054 909 2091 cum
926 2034 1250 2090 Judaeoruni
1271 2034 1636 2107 chronologia
1656 2049 1787 2086 con-

232 2124 428 2180 ciliare
449 2135 578 2197 post
598 2123 897 2180 Eusebium
923 2124 1157 2179 tentavit
1186 2120 1540 2190 Panodorus,
1566 2118 1638 2173 de
1668 2135 1784 2192 quo

233 2224 450 2288 postea.

319 2299 348 2355 J
353 2318 442 2353 am
464 2316 600 2354 vero
627 2298 1020 2354 Manethonem
1041 2297 1285 2370 mythice
1308 2297 1409 2350 ista
1437 2305 1690 2367 tempora
1710 2294 1786 2349 ita

237 2386 564 2457 adornasse,
602 2396 665 2442 ut
699 2403 913 2442 summa
944 2401 1218 2442 annorum
1253 2393 1472 2441 eertum
1504 2379 1785 2458 quendam

237 2474 603 2548 periodorum
644 2475 1139 2530 astronomicarum
1179 2490 1476 2527 numerum
1503 2471 1785 2543 exprime-

239 2572 360 2630 ret,
391 2579 459 2616 ex
495 2562 613 2635 ipsa
647 2573 846 2617 natura
870 2571 927 2617 et
953 2553 1142 2616 indole
1180 2559 1452 2631 ejusmodi
1493 2567 1785 2630 computa-

243 2649 457 2704 tionum
501 2649 737 2722 quisque
773 2648 1082 2724 collegerit.
1165 2649 1346 2718 Quare
1382 2645 1785 2702 accuratissime

239 2752 503 2791 numeros
539 2736 806 2792 Eusebius
848 2734 1133 2791 tradidisse
1177 2733 1394 2806 nequit.
1478 2733 1605 2804 Ipse
1649 2731 1782 2785 olim

244 2823 260 2896 (
284 2823 378 2878 Fr.
408 2821 617 2879 Chron.
647 2840 704 2895 p.
733 2820 860 2897 191)
892 2831 1191 2877 statueram
1212 2836 1484 2876 summam
1513 2816 1783 2873 Eusebia-

241 2927 368 2966 nam
389 2910 407 2984 (
429 2906 650 2984 24925)
673 2911 958 2967 involvere
979 2907 1372 2984 septemdecim
1395 2904 1664 2980 periodos
1681 2906 1782 2961 So-

239 2998 445 3053 tbiacas
480 2999 594 3054 sive
630 3015 807 3053 annos
843 2995 1052 3067 24837.
1092 2997 1161 3051 111
1190 2993 1426 3051 eandem
1457 2994 1783 3049 sententiam

239 3084 434 3142 incidit
451 3085 746 3142 Boeekbius
768 3085 811 3144 l.
833 3084 892 3153 1.,
918 3082 1194 3156 simulque
1217 3083 1494 3137 rationem
1519 3078 1782 3153 suppedi-

243 3173 401 3242 tavit,
424 3190 534 3245 qua
552 3190 764 3227 summa
788 3189 955 3245 quam
977 3170 1321 3244 postulamus
1342 3167 1604 3225 facillima
1620 3168 1785 3222 unius

241 3261 460 3314 numeri
502 3260 810 3315 mutatione
850 3260 971 3314 erui
1020 3259 1212 3331 possit.
1296 3258 1517 3313 Scilicet
1560 3254 1785 3329 regibus

241 3346 556 3418 Memphitis
571 3364 679 3419 pro
702 3346 859 3401 annis
892 3361 913 3398 1
926 3361 1037 3417 790
1052 3385 1069 3416 ,
1094 3332 1315 3413 ΑΨῙ-ί,
1334 3340 1550 3397 dandos
1569 3358 1680 3396 esse
1697 3342 1786 3396 vir

237 3450 483 3487 summus
504 3443 688 3487 censet
704 3448 880 3487 annos
905 3449 1073 3501 1702,
1096 3427 1298 3488 ΑΨΒ’.
1319 3432 1405 3485 Ita
1423 3446 1596 3502 quum
1619 3446 1652 3485 a
1670 3438 1782 3483 tra·

241 3520 356 3574 dita
386 3537 596 3575 summa
625 3517 958 3575 detrahendi
996 3518 1104 3572 sint
1137 3518 1268 3573 anni
1303 3516 1403 3586 88,
1438 3534 1546 3589 pro
1590 3514 1781 3589 24925

242 3606 470 3662 habebis
494 3605 718 3676 24837,
744 3606 857 3660 5110
885 3622 949 3674 17
969 3614 1019 3665 Χ
1041 3603 1208 3669 1461.
1238 3602 1515 3676 Equidem
1534 3604 1786 3676 suspicor

241 3692 508 3748 Manibus
533 3693 784 3765 primitus
824 3692 1061 3747 tributos
1093 3708 1205 3747 esse
1244 3708 1418 3746 annos
1445 3688 1595 3757 5844
1636 3690 1702 3765 (4
1721 3699 1771 3750 Χ

254 3778 474 3853 1461),
513 3781 610 3852 qui
647 3795 912 3834 numerus
943 3780 1203 3851 proxime
1247 3776 1398 3832 abest
1418 3777 1490 3834 ab
1506 3795 1577 3832 eo
1617 3793 1785 3849 quem

246 3866 506 3923 Eusebius
528 3866 788 3940 exhibet,
811 3864 985 3923 5813.
1012 3867 1191 3920 Porro
1214 3864 1366 3938 apud
1393 3864 1785 3921 Manethonem

248 3954 635 4010 Panodoreum
675 3953 788 4009 diis
820 3972 923 4009 sex
955 3952 1259 4026 majoribus
1297 3951 1624 4006 tribuuntur
1655 3951 1785 4005 anni

254 4040 432 4115 11985
463 4061 478 4097 2
508 4060 707 4099 novem
742 4042 848 4099 diis
872 4041 1183 4097 minoribus
1207 4040 1338 4096 anni
1366 4036 1502 4095 858.
1585 4040 1653 4093 In
1676 4037 1787 4093 hoc

246 4141 507 4204 computo
532 4129 861 4186 Panodorus
885 4130 971 4185 sui
1012 4129 1210 4185 calculi
1234 4127 1418 4204 gratia
1440 4125 1511 4182 ad
1539 4126 1787 4180 minores

301 4286 366 4350 (¹)
392 4289 462 4336 De
480 4286 661 4337 ratione
689 4287 865 4350 cyclica
883 4286 1070 4337 numeri
1088 4289 1208 4336 2242
1229 4288 1279 4335 et
1297 4284 1502 4334 aliorum
1527 4281 1785 4331 nonnullo-

247 4370 352 4406 rum
381 4356 508 4418 lege,
540 4369 729 4420 quaeso,
757 4357 1080 4420 sagacissimas
1109 4355 1407 4417 coniecturas
1436 4351 1643 4403 Boeckhii
1681 4350 1715 4399 l.
1751 4350 1784 4399 1.

179 4432 184 4439 ’
245 4443 288 4491 p.
310 4435 367 4479 86
387 4440 489 4491 sqq.

979 4587 1033 4636 2.

303 4742 343 4784 1.
378 4738 489 4785 Post
524 4736 628 4787 11ωο
656 4738 747 4800 (se
787 4740 903 4799 post
937 4749 998 4787 ea
1035 4749 1152 4800 quoe
1179 4728 1419 4786 Manetho
1451 4735 1506 4782 in
1544 4732 1675 4782 libro
1711 4736 1784 4782 De

244 4812 376 4874 cyclo
424 4811 662 4864 sethiaco
703 4813 914 4864 dixerat
954 4811 1016 4863 de
1056 4812 1487 4874 interpretatione
1531 4808 1785 4860 librorum

247 4890 678 4951 Her-melicertem)
696 4889 841 4940 etlam
863 4889 924 4939 de
940 4887 1157 4950 gentihus
1175 4886 1402 4950 AEgyptlis
1414 4887 1627 4950 quinque
1641 4922 1656 4947 ‚
1676 4898 1785 4948 quae

244 4980 319 5028 per
333 4966 524 5028 triginta
536 4965 778 5029 dynastiae
791 4965 1057 5029 regnarint,
1078 4964 1361 5027 (manetho)
1380 4965 1593 5027 exponit,
1615 4976 1786 5026 nempe

242 5042 297 5091 de
325 5041 415 5092 diis
434 5055 556 5105 quos
586 5043 673 5105 ipsi
709 5042 901 5102 dieunt,
936 5041 998 5092 de
1018 5041 1255 5104 semidiis,
1291 5041 1352 5092 de
1386 5042 1609 5093 manibus
1644 5044 1695 5092 et
1726 5042 1788 5091 de

245 5117 539 5168 mortalibus.
566 5119 783 5169 Meminit
805 5131 971 5169 earum
995 5117 1224 5168 Eusebius
1257 5131 1452 5183 quoque
1479 5117 1712 5181 Pamphili
1738 5118 1787 5166 in

239 5192 503 5255 chronicis,
523 5194 606 5243 ubi
628 5193 842 5257 loquitur
864 5194 992 5243 hune
1011 5193 1060 5243 in
1083 5193 1279 5244 modum
1304 5213 1319 5247 ε

309 5276 352 5320 2.
388 5288 413 5315 ι
437 5270 640 5332 AEgyptii
662 5270 723 5320 de
740 5272 894 5334 regnis
911 5270 1109 5321 deorum
1131 5273 1181 5319 et
1201 5271 1519 5323 semideorum
1539 5274 1588 5322 et
1619 5272 1790 5335 praeter

423 5377 714 5413 1111020211
748 5377 870 5413 11151.
898 5378 979 5415 cn.
1000 5390 1052 5400 -
1072 5376 1176 5412 101..
1201 5376 1251 5413 u.

3305 495 3419 543 529

1875 603 2012 659 deos
2035 623 2162 660 cum
2196 608 2354 662 annis
2392 619 2615 663 eentum
2656 609 2722 685 (')
2767 611 3012 667 traduxit
3041 615 3245 670 Horum
3269 658 3285 687 ,
3326 620 3423 692 qui

1871 698 2134 766 septimus
2159 710 2271 750 esse
2302 694 2544 750 debebat
2585 696 2821 752 deornm
2849 698 3145 770 majorum.
3190 706 3386 779 Itaque
3405 749 3420 777 ,

1874 779 1919 834 si
1941 781 2160 836 Horum
2183 780 2257 836 ad
2276 799 2437 837 suum
2454 783 2643 838 locum
2659 783 2949 840 reduxeris
2962 829 2978 859 ‚
3003 786 3106 843 diis
3122 790 3425 862 majoribus

1875 866 2260 923 tribuerentur
2314 868 2499 925 12085
2516 913 2533 942 ,
2580 870 2687 926 diis
2734 873 3047 928 minoribus
3105 875 3238 946 757.
3298 881 3423 934 ,12111

1876 971 2052 1027 quum
2073 955 2368 1028 probabile
2388 959 2458 1012 sit
2493 959 2656 1012 simili
2685 958 2859 1014 modo
2888 962 3282 1019 Manethonem
3305 968 3423 1021 Eu-

1875 1042 2014 1096 sebii
2028 1059 2292 1098 numeros
2311 1042 2671 1114 distribuisse,
2691 1046 2998 1118 majoribus
3016 1047 3123 1104 diis
3140 1050 3300 1107 datos
3314 1071 3425 1109 esse

1878 1128 2217 1184 crediderim
2249 1147 2338 1184 an.
2371 1129 2558 1204 13149
2589 1130 2729 1208 (9)(
2751 1129 2957 1208 1461),
2986 1135 3299 1195 minoribus
3332 1159 3420 1199 an.

1884 1212 1994 1282 730
2023 1213 2288 1288 (dimidia
2309 1216 2578 1290 periodus
2595 1218 2645 1292 );
2673 1217 2806 1274 inde
2827 1238 3041 1277 summa
3064 1221 3306 1281 efficitur
3331 1245 3420 1286 an.

1888 1298 2074 1375 13879
2121 1301 2137 1374 (
2161 1300 2349 1375 13900
2395 1302 2599 1358 Euseb.
2624 1303 2665 1379 ).
2708 1306 2889 1381 Igitur
2916 1310 3275 1366 semideorum
3316 1313 3424 1388 dy-

1879 1388 2065 1442 nastiis
2087 1397 2353 1460 quattuor
2372 1389 2768 1463 relinquuntur
2792 1403 2902 1449 tres
2934 1397 3156 1468 periodi
3187 1410 3243 1453 et
3262 1399 3423 1455 dimi·

1879 1471 2000 1540 dia,
2023 1475 2137 1529 sive
2163 1476 2294 1530 anni
2319 1480 2385 1533 51
2404 1473 2469 1530 13
2490 1495 2506 1544 3
2540 1495 2649 1550 pro
2676 1478 2880 1551 quibus
2906 1479 3176 1549 Eusebius
3198 1485 3425 1544 exhibet

1881 1557 2035 1615 5212
2052 1602 2067 1630 ,
2098 1560 2242 1616 adeo
2268 1573 2332 1617 ut
2358 1563 2418 1617 in
2440 1581 2677 1619 numero
2704 1567 3024 1623 centenario
3059 1570 3147 1626 101
3188 1572 3303 1645 ipse
3332 1576 3419 1629 101

1879 1657 2078 1702 auctor
2099 1647 2216 1719 ejus
2242 1665 2451 1705 errasse
2477 1648 2751 1710 videatur.

1956 1732 2039 1791 Ex
2059 1735 2307 1791 Boeclthii
2325 1739 2720 1810 supputatione
2738 1741 2795 1795 M
2800 1742 3003 1796 anetho
3028 1743 3271 1801 Africani
3292 1748 3424 1804 inde

1876 1838 1906 1873 a
1930 1822 2094 1877 Mene
2114 1839 2247 1897 rege
2268 1840 2444 1879 annos
2460 1827 2735 1882 recensuit
2759 1824 2932 1884 5366.
2956 1831 3056 1885 His
3071 1831 3115 1885 si
3136 1832 3424 1891 addideris

1874 1908 2265 1965 antecedentes
2303 1928 2479 1967 annos
2518 1911 2706 1983 24837
2728 1955 2743 1983 ,
2777 1932 2991 1971 summa
3032 1935 3308 1975 annorum
3344 1933 3423 1977 est

1877 1993 2090 2053 30203.
2109 1996 2381 2053 Conferre
2404 2016 2532 2054 curn
2554 2000 2641 2056 bis
2657 2001 2789 2057 licet
2812 2002 2966 2058 locos
2990 2007 3293 2063 nonnullos
3309 2010 3421 2065 Hc·

1874 2081 2069 2139 rodoti
2094 2083 2180 2158 (ῙῙ
2201 2126 2219 2159 ,
2251 2082 2358 2151 145
2382 2097 2438 2142 01
2462 2085 2569 2164 43)
2593 2098 2647 2144 01
2664 2089 2907 2145 Diodori
2930 2091 3011 2164 (1,
3041 2093 3132 2148 26.
3156 2093 3303 2172 23),
3323 2099 3421 2171 qui

1875 2185 1905 2223 a
1944 2171 2297 2229 Manethonis
2335 2177 2610 2248 computis
2639 2175 2790 2232 haud
2820 2177 2897 2232 ita
2932 2179 3098 2252 longe
3126 2181 3415 2240 recedunt.

1875 2259 2081 2313 Verum
2107 2257 2178 2315 de
2198 2259 2283 2315 his
2305 2260 2475 2316 fusius
2498 2280 2781 2336 exponere
2811 2266 2862 2321 11.
2892 2266 2930 2324 1.
2955 2284 3072 2320 non
3099 2279 3274 2328 vacat.
3308 2271 3419 2327 Adi

1874 2345 2203 2404 Boeckhium
2222 2366 2284 2424 p.
2311 2347 2385 2423 95
2409 2367 2534 2426 sqq.

2248 2474 2603 2532 MANETHO
2646 2475 3040 2537 PANmle.

2616 2599 2647 2636 2
2658 2621 2671 2636 .

1950 2682 2235 2753 syncellus
2248 2701 2308 2756 p.
2327 2689 2423 2755 40,
2440 2686 2510 2752 D,
2521 2696 2819 2758 postquam
2830 2704 2899 2742 ex
2912 2688 3420 2748 Pseudomanetho-

1873 2768 1958 2822 nis
1975 2768 2122 2823 libro
2150 2767 2281 2844 Περὶ
2310 2765 2510 2834 Σώθιος
2536 2773 2719 2827 21111111
2736 2814 2752 2842 ,
2777 2792 2901 2848 quae
2922 2775 2983 2829 in
3000 2775 3418 2836 introductione

1866 2856 1982 2927 jam
2006 2855 2422 2930 adscripsimus,
2447 2860 2629 2934 pergit
2656 2861 2769 2918 ita:

1954 2963 1996 3003 1.
2033 2941 2179 3002 Μετὰ
2196 2942 2249 3001 δὲ
2270 2947 2433 3002 ταῦτα
2455 2936 2545 3003 καὶ
2571 2945 2690 3025 περὶ
2706 2948 2861 3005 ἐθνῶν
2883 2947 3246 3025 Αἰγυπτιακῶν
3267 2949 3421 3009 πέντε

1874 3031 1926 3086 ἐν
1945 3029 2221 3109 τριάκοντα
2242 3031 2563 3099 δυναστείαις
2584 3035 2778 3112 ἱστορεῖ
2801 3036 2905 3110 (50.
2930 3037 3186 3115 Μανεθῶ)
3209 3041 3311 3096 τῶν
3333 3040 3411 3098 λε·

1871 3115 2105 3193 γομένων
2128 3121 2253 3197 παρ’
2281 3120 2451 3185 αὐτοῖς
2474 3122 2600 3178 θεῶν
2628 3120 2717 3178 καὶ
2741 3119 2965 3195 ἡμιθέων
2991 3122 3082 3181 καὶ
3108 3122 3301 3183 νεκύων
3330 3124 3418 3183 καὶ

1874 3206 2088 3277 θνητῶν,
2128 3195 2200 3263 ὧν
2225 3205 2315 3262 καὶ
2344 3206 2663 3274 Εὖσέὸιος
2697 3212 2724 3266 ὁ
2766 3209 3049 3290 Παμφίλου
3087 3211 3329 3287 μνησθεὶς
3366 3214 3421 3270 ἐν

1872 3298 1977 3357 τοῖς
2006 3293 2271 3368 Χρονικοῖς
2294 3294 2449 3350 αὐτοῦ
2480 3292 2633 3373 φησὶν
2661 3293 2821 3360 οὕτως
2835 3317 2849 3333 ·

1952 3399 1998 3438 2.
2033 3405 2056 3430 α
2087 3377 2359 3455 Αἰγύπτιοι
2395 3380 2448 3437 δὲ
2471 3382 2597 3438 θεῶν
2627 3380 2715 3439 καὶ
2742 3382 2968 3458 ἡμιθέων
3001 3382 3089 3441 καὶ
3116 3384 3261 3464 παρὰ
3295 3385 3421 3447 τού-

1874 3488 1978 3532 τοις
2012 3464 2202 3523 νεκύων
2237 3465 2326 3523 καὶ
2354 3469 2550 3537 θνητῶν
2594 3466 2779 3548 ἑτέρων
2801 3468 3055 3549 βασιλέων
3094 3472 3294 3543 πολλὴν
3327 3473 3419 3531 καὶ

1874 3551 2099 3633 φλύαρον
2136 3550 2421 3630 συνείρουσι
2470 3553 2810 3630 μυθολογίαν·
2851 3558 2897 3613 οῖ
2942 3554 3043 3635 γὰρ
3082 3558 3206 3636 παρ’
3250 3559 3421 3624 αὐτοῖς

1873 3638 2211 3697 παλαιότατοι
2246 3638 2546 3709 σεληναίους
2586 3639 2809 3719 ἔφασκον
2848 3632 2978 3699 εἶναι
3012 3641 3127 3707 τοὺς
3155 3643 3283 3723 [full
3317 3655 3419 3720 μή·

1872 3725 2064 3793 νιαίους
2086 3723 2224 3803 τοὺς]
2259 3724 2515 3793 ἐνιαυτοὺς
2539 3726 2591 3795 ἐξ
2613 3731 2820 3808 ἡμερῶν
2862 3728 3137 3808 τριάκοντα
3166 3736 3421 3791 συνεστῶ-

1876 3835 1968 3878 τας
1987 3857 2005 3889 ,
2037 3814 2084 3870 οἱ
2113 3812 2167 3869 δὲ
2211 3811 2344 3889 μετὰ
2367 3813 2574 3880 τούτους
2608 3814 2812 3889 ἡμίθεοι
2849 3813 3010 3892 ὥρους
3050 3816 3267 3874 ἐκάλουν
3304 3815 3421 3884 τοὺς

1875 3897 2133 3965 ἐνιαυτοὺς
2154 3898 2269 3963 τοὺς
2295 3899 2398 3978 [ψ’]
2423 3899 2826 3979 τρισμηνιαίους.
2853 3926 2877 3951 ¹·

1953 4007 2000 4048 a.
2034 3986 2143 4046 Καὶ
2166 3992 2329 4045 ταῦτα
2356 3987 2448 4061 μὲν
2469 3990 2497 4044 ὃ
2522 3986 2770 4052 Εὗσέὸιος
2793 3990 3119 4069 μεμφόμενος
3141 3992 3309 4055 αὐτοῖς
3333 3995 3422 4060 τῆς

1876 4075 2125 4159 φλυαρίας
2154 4074 2375 4152 εὐλόγως
2411 4074 2746 4156 συνέγραψεν,
2776 4074 2832 4135 ὃν
2868 4079 2896 4135 ὁ
2936 4078 3334 4158 Πανόδωρος
3360 4080 3418 4138 οὗ

1941 4211 2176 4273 (*).Hune
2193 4211 2347 4273 ipsum
2374 4223 2629 4261 numerum
2649 4223 2729 4273 ap.
2765 4212 3099 4263 Manetlionem
3135 4214 3290 4264 multo
3325 4227 3421 4264 ma·

1871 4280 2024 4343 iorem
2049 4281 2188 4330 fuisse
2205 4317 2219 4341 ,
2240 4280 2323 4330 sed
2344 4294 2373 4329 a
2406 4280 2654 4330 Panodoro
2680 4279 2755 4330 vel
2772 4280 2877 4342 ejus
2896 4284 3091 4333 auctore
3107 4285 3176 4333 ita
3198 4283 3424 4333 imminu-

1875 4356 1982 4402 tum
2017 4364 2147 4409 esse,
2179 4352 2234 4399 ut
2267 4350 2327 4400 ad
2360 4354 2657 4413 sequentium
2689 4348 2890 4400 deorum
2916 4363 3059 4414 regna
3087 4353 3421 4404 accommoda-

1878 4422 2027 4481 retur,
2050 4419 2197 4468 facilis
2213 4419 2488 4481 conjectura
2506 4422 2591 4469 est.

1872 4574 1958 4622 hos
1985 4571 2200 4621 manium
2222 4569 2522 4632 aliorumque
2545 4583 2711 4632 regum
2728 4570 3001 4621 mortalium
3013 4572 3191 4622 mullas
3214 4572 3421 4634 ineptas·

1870 4663 1965 4713 que
1987 4647 2248 4710 congerunt
2274 4645 2473 4695 fabulas.
2507 4646 2697 4701 Scilicet
2736 4646 3051 4710 antiquissimi
3082 4661 3249 4698 eorum
3284 4661 3420 4709 reges

1874 4726 2020 4788 (dei)
2078 4724 2347 4773 memuuoe
2384 4722 2616 4784 putabant
2669 4735 2771 4773 esse
2818 4735 2970 4774 annm
3013 4722 3184 4775 diebus
3229 4723 3422 4787 triginta

1872 4802 2209 4861 0025151021οω
2231 4800 2337 4861 post
2354 4798 2444 4849 hos
2463 4812 2577 4849 1010
2606 4799 2689 4863 qui
2707 4799 2930 4863 deinceps
2950 4803 3206 4862 regnarunt
3225 4800 3419 4852 semidei

1876 4891 2026 4929 annos
2044 4914 2059 4940 ‚
2081 4889 2203 4940 quos
2220 4877 2367 4940 ὥρους
2387 4875 2719 4939 appellabant,
2742 4876 2981 4927 habebant
2999 4876 3276 4927 trimestres.
3301 4898 3324 4921 ι

1935 4962 1981 5004 a.
2017 4957 2076 5003 Et
2095 4954 2200 5002 11100
2225 4951 2421 5016 quidem
2450 4951 2682 5003 Eusebius
2710 4951 2936 5015 sugillans
2961 4953 3290 5016 AEgyptiorum
3316 4953 3418 5004 120-

1874 5029 2456 5097 ptiasbeneeonseripsit,
2476 5034 2803 5094 nequer-ecte,
2828 5034 3051 5095 utputo,
3074 5032 3125 5081 in
3156 5033 3248 5083 hoc
3272 5037 3418 5083 Pano·

1874 5113 2022 5162 dorus
2055 5124 2167 5161 eum
2202 5108 2529 5172 reprehendit,
2573 5123 2670 5159 non
2715 5109 2924 5173 potuisse
2965 5111 3221 5162 Eusebium
3260 5110 3423 5162 dicens

1875 5189 2125 5241 enucleare
2143 5186 2479 5237 historicorum
2496 5187 2777 5237 sententiam
2795 5223 2812 5249 ,
2830 5200 2975 5251 quam
2994 5188 3094 5252 ipse
3114 5201 3243 5241 2010
3263 5188 3424 5252 aliqua

1877 5266 2059 5318 ratione
2083 5262 2321 5329 explicare
2338 5263 2428 5315 sibl
2452 5262 2643 5314 videtur
2663 5263 2826 5316 hiscaz

3178 5376 3239 5421 3⁴
