4016 5916
551 385 663 434 442
1707 363 2161 426 DAIMAOEUS
2203 358 2686 423 PLATAEENsls
2703 400 2716 411 .

536 498 966 613 ἀπορρηγνύμενα
982 499 1228 578 πυροειδῆ
1250 495 1541 605 σπάσματα
1563 491 2087 574 φέρεσθαιπολλαχοῧ

536 592 623 652 καὶ
660 588 995 669 ἀστράπτειν,
1035 584 1211 664 ὥσπερ
1247 587 1294 644 οἱ
1333 581 1617 665 διάττοντες
1657 580 1887 661 ἀστέρες.
1937 580 2001 641 F
2005 604 2090 639 πει

537 680 591 739 δὲ
622 682 840 739 ἐνταυθα
867 682 959 748 τῆς
986 679 1082 753 γῆς
1111 673 1283 754 ἔὸρισε
1312 644 1409 731 καῖ
1440 669 1767 746 παυσάμενοι
1806 669 1966 772 φοβον
2003 692 2092 727 και

537 764 763 845 θάμὸους
785 767 832 824 οἱ
857 761 1126 842 ἐπιχώριοι
1153 762 1419 832 συνῆλθον,
1448 756 1595 838 ὤφθη
1623 756 1781 835 πυρὸς
1823 755 1916 832 μὲν
1948 754 2092 814 οὐδὲν

539 854 684 933 ἔργον
729 853 833 910 οὐδ’
874 849 1016 930 ἴχνος
1062 871 1328 922 τοσουτον,
1359 845 1499 912 λίθος
1526 844 1581 902 δὲ
1618 843 1881 920 κείμενος,
1925 842 2096 907 ἄλλως

539 941 631 1019 μὲν
662 939 851 1018 μέγας,
879 938 1022 998 οὐθὲν
1053 935 1108 995 δὲ
1138 934 1317 1015 μέρος,
1338 938 1408 1000 ὡς
1436 936 1613 1005 εἰπεῖν,
1638 931 1834 1001 ἐκείνης
1861 934 1953 1001 τῆς
1991 953 2097 988 πυ-

542 1030 759 1137 posaeo-3<
803 1030 1050 1106 περιοχῆς
1104 1048 1126 1082 ε
1129 1047 1257 1102 [ων
1312 1020 1441 1082 Ὅτι
1485 1019 1578 1096 μὲν
1614 1009 1700 1078 ουν
1755 1018 2090 1096 εὐγνωμόνων

539 1120 566 1175 ὁ
593 1109 864 1192 Δαιμαχος
895 1115 1160 1189 ἀκροατῶν
1191 1111 1354 1168 δεῖται
1383 1106 1532 1178 δῆλός
1555 1109 1716 1166 ἐστιν.

1215 1260 1436 1277 --——-

1258 1355 1382 1435 (6.)

617 1495 858 1568 Diogen.
889 1494 952 1548 L.
978 1493 1039 1560 Ι,
1070 1489 1190 1545 30:
1221 1483 1484 1562 Δαΐδαχος
1513 1482 1555 1540 δ’
1579 1485 1608 1540 δ
1651 1480 1988 1544 Πλατωνικὸς
2011 1501 2099 1536 και

540 1579 896 1658 Κλέαρχος(ἷι·
905 1585 1034 1645 ..44
1062 1598 1112 1632 c.
1119 1575 1133 1652 )
1158 1573 1346 1654 φιάλην
1367 1572 1768 1639 ιιίποσταλιηναιε
1749 1567 1847 1627 υπὸ
1875 1567 2097 1646 Κροίσου

541 1668 824 1744 Πιττακῷ,
848 1662 937 1722 καὶ
966 1661 1101 1722 οὕτω
1128 1663 1518 1739 περιενεχθῆναι
1549 1654 1769 1734 (φασίν).

619 1752 894 1830 Δαΐμαχος
939 1755 966 1808 ὁ
991 1747 1285 1814 Πλαταιευς
1319 1746 1678 1803 scribendum
1705 1764 1819 1801 esse
1858 1746 2102 1817 suspica—

541 1854 634 1899 tur
652 1842 1025 1899 casaubonus,
1059 1839 1257 1894 Cobet.
1291 1838 1350 1891 in
1370 1833 1668 1891 novissima
1688 1833 1955 1908 Diogenis
1978 1830 2103 1886 edi-

540 1931 695 1985 tione
717 1929 816 1985 dat
844 1945 859 1985 τ
889 1924 1145 1989 Δαίδαλος
1163 1922 1192 1980 ὁ
1226 1919 1583 1985 Πλατωνικός.

1285 2056 1314 2076 Ρ

1291 2075 1338 2108 Ι.

621 2170 907 2228 Plutarch.
952 2169 1217 2243 Compar.
1261 2168 1458 2224 Solon.
1505 2175 1559 2221 et
1595 2164 1755 2238 Popl.
1786 2182 1837 2221 c.
1867 2168 1948 2227 4;
1980 2161 2102 2218 'mv

547 2256 722 2336 μέντοι
761 2256 1076 2332 πολεμικῶν,
1101 2253 1303 2314 Σόλωνι
1329 2248 1422 2328 μὲν
1451 2247 1566 2309 οὐδὲ
1595 2248 1660 2307 τὰ
1688 2269 1814 2327 προς
1844 2249 2106 2324 Μεγαρεῖς

541 2339 646 2405 Δαΐ
628 2367 816 2423 ’μαχος
856 2346 885 2401 ὀ
925 2340 1225 2407 Πλαταιευς
1266 2335 1687 2419 μεμαρτύρηκεν,
1734 2333 1911 2414 ὥσπερ
1953 2338 2106 2410 ἡμεῖς

546 2437 786 2510 (Solon.
838 2452 888 2489 c.
938 2431 1010 2508 8)
1044 2427 1441 2502 διεληλύθαμεν.
1476 2428 1561 2486 Cs.
1598 2426 1823 2482 Miillei.
1866 2426 2004 2479 Dor.
2039 2426 2104 2492 1,

539 2543 601 2599 p.
643 2522 749 2593 176
773 2539 857 2593 sq.
883 2520 1105 2574 Referri
1129 2519 1246 2574 haec
1274 2526 1504 2590 possunt
1530 2513 1603 2570 ad
1624 2532 1752 2569 eum
1778 2513 2018 2580 librum,
2050 2512 2110 2565 in

545 2627 661 2682 quo
691 2608 762 2663 de
785 2616 995 2680 septem
1018 2605 1357 2678 sapientibus
1378 2622 1563 2658 sermo
1592 2611 1710 2657 erat
1758 2599 1848 2674 (fr.
1892 2599 1978 2673 6),
2018 2598 2109 2652 vel

546 2697 711 2752 etiam
752 2694 824 2749 ad
865 2692 1309 2749 Commentarios
1348 2690 1751 2757 obsidionales,
1788 2689 1829 2742 si
1871 2685 2106 2760 quidem

548 2792 699 2838 recte
725 2789 781 2835 et
801 2781 861 2834 hi
888 2789 943 2834 et
965 2779 1058 2833 ille
1084 2778 1293 2832 Nostro
1323 2775 1702 2831 vindicantur.

1284 2915 1337 2974 8.

622 3049 815 3104 Schol.
841 3047 1106 3120 Apollon.
1133 3045 1241 3100 Rh.
1264 3046 1321 3112 1,
1348 3041 1459 3098 558
1483 3060 1497 3100 :
1523 3035 1794 3118 Δηίμαχος
1819 3041 1872 3097 δὲ
1903 3041 1961 3096 ἐκ
1996 3041 2102 3098 Φι-

544 3133 777 3210 λομήλης
789 3136 882 3203 τῆς
897 3126 1138 3209 Ἄκτορος
1168 3131 1379 3206 (natum
1391 3118 1505 3186 esse
1520 3131 1794 3205 Achillem
1815 3128 1993 3203 dicit).
2014 3129 2097 3183 Cf.

542 3222 799 3294 Dionysii
822 3219 1197 3278 Chalcidensis
1220 3219 1290 3274 fr.
1318 3217 1376 3275 6.
1408 3219 1490 3272 Ex
1521 3236 1768 3290 quonam
1793 3233 1964 3289 opere
1986 3215 2105 3269 haec

541 3310 715 3382 petita
738 3310 875 3378 sint,
903 3306 1193 3364 nescimus,
1225 3305 1384 3361 Idem
1402 3306 1549 3360 valet
1567 3304 1638 3360 de
1651 3303 2024 3377 sequentibus

621 3393 1268 3466 Schol.11.x111,218:
1293 3389 1527 3457 Αἷτωλος
1566 3396 1687 3454 παῖς
1715 3388 1858 3466 μὲν
1833 3411 1894 3458 ην
1924 3386 2105 3447 Ἐνδυ-

545 3480 761 3559 μίωνος,
783 3480 837 3548 ὃς
862 3471 1016 3540 ’Ἆπιν
1042 3479 1290 3546 ἀκουσίως
1321 3479 1407 3538 τὸν
1438 3476 1728 3558 Φορωνέως
1753 3475 1946 3534 ἀνελὼν
1980 3474 2103 3554 ἔφυ·

542 3591 631 3647 γεν
677 3571 748 3636 εἷς
800 3568 895 3640 τὴν
924 3568 1014 3626 ἀπ’
1066 3571 1224 3627 αὐτου
1271 3570 1771 3647 προσαγορευθεῖσαν
1823 3561 2106 3633 Αἰτωλίαν,

542 3658 699 3716 xixa*
650 3679 694 3715 ‘t
731 3662 999 3716 τεκνοῦται
1052 3657 1371 3736 Πλευρῶνα,
1407 3655 1493 3733 ἀφ
1523 3644 1581 3711 οὗ
1606 3657 1640 3724 ἡ
1670 3654 1723 3709 ἐν
1749 3648 1980 3729 Αἰτωλία
2010 3648 2107 3706 πό·

544 3745 624 3811 λις
664 3744 913 3826 Πλευρὼν
954 3743 1165 3814 ἐκλήθη.
1211 3740 1413 3803 Ἰοῦτου
1443 3739 1496 3799 δὲ
1525 3740 1750 3818 γίνονται
1779 3737 1870 3797 δύο
1897 3736 2106 3806 παῖδες,

549 3829 754 3911 Κούρης
803 3831 893 3890 καὶ
939 3829 1212 3903 Καλυδὼν,
1243 3828 1329 3909 ἀφ’
1380 3819 1450 3887 ων
1498 3826 1655 3886 ἄλλαι
1704 3824 1791 3885 δύο
1843 3822 2017 3890 πόλεις
2057 3824 2108 3879 ἐν

546 3917 779 3998 Αἰτωλία
807 3917 1316 4000 προσηγορεύθησαν.
1350 3916 1508 3977 Οὕτω
1532 3911 1821 3994 Δηιμαχος.

2364 611 2903 673 ΥΠΟΜΝΗΜΑΤΛ
2929 516 3285 668 9ΠΟΛΙΟΡΚ
3296 609 3423 666 ΗἸΊ
3438 610 3581 667 ΚΑ.

2262 745 2528 818 Stephan.
2558 762 2611 799 v.
2632 744 2758 816 Byz.
2783 738 3131 814 Λακεδαίμων
3152 759 3164 794 :
3186 735 3343 797 Ἐστι
3371 736 3543 796 καὶ...
3576 735 3646 795 τὸ
3674 743 3813 798 Λα·

2185 829 2400 888 κωνικὸν
2425 827 2670 908 σιδήριον·
2698 824 3056 904 στομωμάτων
3076 823 3176 905 γὰρ
3201 825 3260 883 τὸ
3276 823 3369 901 μὲν
3391 823 3809 895 Χαλυὸδικὸν,

2186 918 2243 974 τὸ
2264 916 2315 974 δὲ
2332 914 2645 986 Σινωπικὸν,
2663 913 2793 973 τὸδὲ
2818 912 3027 984 Λύδιον,
3046 912 3104 971 τὸ
3126 911 3178 970 δὲ
3195 911 3527 973 Λακωνικόν.
3558 913 3685 970 Καὶ
3708 913 3805 969 ὅτι.

2188 1003 2478 1063 Σινωπικὸν
2500 1003 2589 1061 καὶ
2613 998 2943 1063 Χαλυὸδικὸν
2963 1001 3032 1066 εἰς
3055 999 3119 1056 τὰ
3143 999 3440 1070 τεκτονικὰ,
3465 996 3529 1056 τὸ
3564 998 3631 1057 δὲ
3660 1005 3803 1059 Λα-

2187 1091 2403 1149 κωνικὸν
2432 1092 2502 1157 εἷς
2533 1094 2672 1171 ῥῖνας
2701 1089 2788 1146 καὶ
2815 1085 3233 1165 σιδηροτρύπανα
3274 1086 3361 1144 καὶ
3405 1091 3805 1166 χαρακτῆρας

2187 1179 2276 1237 καὶ
2302 1180 2372 1245 εἰς
2395 1177 2462 1235 τὰ
2488 1177 2817 1255 λιθουργικὰ,
2841 1173 2900 1233 τὸ
2924 1173 2977 1232 δὲ
3006 1173 3193 1234 Adime
3235 1163 3325 1231 καὶ
3353 1173 3484 1231 αὐτὸ
3514 1176 3595 1240 εἷς
3632 1179 3803 1254 ῥῖνας

2188 1267 2275 1324 καὶ
2320 1264 2583 1344 μαχαίρας
2615 1263 2703 1322 καὶ
2736 1261 2879 1342 ξυρία
2911 1260 3000 1320 καὶ
3030 1259 3312 1340 ξυστῆρας,
3344 1259 3413 1326 ὥς
3442 1283 3583 1341 φησι
3636 1261 3805 1321 Δαΐ-

2188 1375 2357 1431 μαχος
2385 1356 2435 1411 ἐν
2465 1351 2875 1431 πολιορκητικοῖς
2905 1348 3247 1426 ὑπομνήμασι
3280 1347 3377 1407 λε’.
3402 1352 3799 1425 Stephanum

2189 1444 2474 1516 exscripsit
2518 1441 2765 1498 Eustath.
2810 1440 2881 1496 ad
2924 1440 2990 1497 Il.
3041 1457 3072 1493 α
3092 1480 3107 1507 ,
3160 1438 3291 1496 58ι.
3336 1437 3423 1496 Cf.
3476 1440 3677 1498 schol.
3708 1441 3797 1497 11.

2197 1530 2286 1599 13,
2317 1529 2457 1601 218;
2478 1530 2700 1587 Miiller.
2723 1530 2857 1585 Dor.
2891 1528 2976 1595 11,
3000 1525 3093 1584 28.

2800 1721 3122 1745 “OOC——

2631 1895 3293 1985 PATROCLES.

2275 2114 2583 2169 Patroclein
2616 2109 2686 2188 (*)
2710 2122 2765 2167 et
2786 2110 3116 2185 Dionysium
3144 2107 3217 2165 ad
3246 2108 3473 2165 Indicas
3498 2115 3787 2187 regiones

2194 2196 2503 2257 accuratius
2548 2198 2920 2273 explorandas
2958 2199 3203 2256 multum
3251 2199 3561 2255 contulisse
3593 2220 3777 2276 supra

2194 2288 2436 2343 vidimus
2487 2307 2554 2342 ex
2604 2287 2730 2341 loco
2779 2286 2943 2341 Plinii
2995 2283 3108 2363 (vl,
3153 2305 3247 2342 αι.
3284 2289 3349 2344 V.
3405 2289 3769 2362 Megasthen.

2194 2375 2504 2430 introduct.
2538 2374 2579 2449 ).
2623 2376 2706 2428 De
2731 2372 3002 2445 Dionysio
3047 2391 3215 2446 quem
3263 2373 3322 2425 in
3355 2373 3583 2429 Indiam
3617 2377 3775 2432 misit

2197 2464 2520 2516 Ptolemaeus
2564 2458 2990 2533 Philadelphus,
3022 2460 3111 2515 vel
3154 2469 3219 2513 ut
3260 2478 3435 2514 novas
3478 2478 3769 2518 commer-

2197 2550 2292 2604 ciis
2310 2551 2424 2604 vias
2449 2547 2813 2622 patefaceret,
2849 2546 2936 2600 vel
2960 2547 3279 2600 societatem
3304 2566 3435 2601 cum
3480 2549 3767 2604 Indorum

2193 2636 2420 2711 iegibus
2449 2636 2741 2710 jungeret,
2782 2633 3008 2689 aliunde
3037 2634 3172 2688 nihil
3209 2645 3445 2692 constat.
3475 2637 3773 2692 Patrocles

2195 2742 2331 2778 vero
2360 2724 2461 2778 sub
2503 2723 2736 2779 Seleuco
2764 2720 3027 2776 Nicatore
3064 2718 3290 2792 ejusque
3321 2718 3441 2777 filio
3469 2723 3764 2779 Antiocho

2196 2830 2298 2884 per
2329 2821 2545 2884 tempus
2572 2806 2805 2881 aliquod
2845 2807 3171 2882 regionibus
3184 2805 3435 2880 praefuit,
3470 2827 3596 2881 quae
3629 2824 3765 2866 sunt

2197 2900 2344 2952 circa
2389 2914 2542 2953 mare
2570 2895 2947 2970 Hyrcanicum
2988 2906 3155 2968 atque
3193 2896 3455 2968 Caspium
3503 2897 3610 2965 (fr.
3670 2894 3755 2973 7);

2196 3005 2371 3060 eaque
2402 2987 2578 3042 maria
2611 3002 2739 3039 cum
2768 2985 2933 3040 classe
2960 2986 3349 3059 perlustravit,
3382 3004 3452 3041 eo
3498 2997 3563 3041 ut
3597 2987 3758 3043 vide-

2198 3086 2288 3129 tur
2307 3075 2540 3131 consilio
2554 3118 2569 3144 ‚
2590 3084 2654 3127 ut
2674 3073 2966 3145 utriusque
2989 3072 3443 3143 conjunctionem
3471 3075 3753 3146 quandam

2194 3164 2578 3236 investigaret,
2616 3161 2892 3232 simulque
2937 3171 3243 3234 quaereret,
3277 3179 3392 3233 quo
3434 3162 3612 3217 modo
3646 3163 3753 3217 huc

2196 3248 2418 3305 deflecti
2472 3249 2684 3322 possint
2738 3248 3072 3303 commercia
3122 3266 3251 3301 cum
3287 3250 3755 3321 septemtrionalis

2196 3336 2370 3391 Indiae
2402 3336 2628 3409 populis
2649 3334 2937 3409 jungenda
2968 3334 3081 3407 (Cf.
3106 3333 3384 3408 Droysen.
3412 3339 3629 3393 Hellen.
3664 3339 3746 3403 11,

2200 3443 2261 3496 p.
2317 3424 2445 3498 63).
2501 3425 2760 3479 Ceterum
2802 3422 3081 3477 Patrocles
3120 3433 3311 3477 noster
3358 3423 3512 3478 idem
3553 3427 3749 3498 procul

2197 3510 2372 3566 dubio
2401 3520 2480 3565 est
2505 3528 2631 3564 cum
2657 3527 2755 3579 eo,
2778 3510 2874 3583 qui
2903 3527 2994 3566 an.
3024 3508 3132 3563 312
3160 3510 3431 3582 Babyloni
3462 3529 3495 3567 a
3520 3513 3753 3568 Seleuco

2196 3599 2490 3671 praefectus
2528 3606 2646 3652 erat
2678 3596 2929 3670 (Diodor
2950 3597 3120 3665 XIX,
3161 3598 3326 3672 100),
3370 3598 3578 3655 deinde
3631 3599 3744 3675 (an.

2200 3681 2347 3762 286)
2377 3686 2609 3741 Seleuco
2629 3684 2929 3757 persuasit,
2972 3702 3045 3739 ne
3077 3682 3277 3741 fideret
3304 3687 3596 3741 Demetrio
3639 3689 3749 3742 Po·

2262 3855 2324 3917 (*)
2356 3855 2513 3905 Alium
2561 3853 2847 3915 Patroclem,
2884 3853 3113 3903 Thorium
3146 3857 3361 3916 poetam,
3405 3861 3751 3905 commemorat

2199 3925 2352 3977 Clem.
2380 3926 2514 3975 Alex.
2538 3926 2692 3973 Protr.
2722 3936 2770 3985 p.
2792 3931 2842 3984 9,
2860 3925 2909 3973 et
2931 3923 3148 3972 Stobaeus
3166 3923 3388 3985 Florileg.
3413 3927 3540 3985 cxl,
3561 3930 3610 3975 3.

545 4088 809 4150 fragmenta
847 4087 981 4149 ignea
1018 4087 1236 4136 fulserint
1269 4086 1512 4135 stellarum
1548 4085 1818 4134 salientium
1855 4080 2017 4131 modo.
2052 4078 2102 4129 ld

2938 4080 2991 4130 8.

544 4166 797 4227 postquam
829 4163 878 4212 in
909 4166 1085 4213 terram
1114 4161 1309 4212 tandem
1345 4175 1401 4211 eo
1437 4162 1653 4211 locorum
1698 4157 1977 4210 decubuerit
2007 4170 2106 4206 me·
2193 4163 2484 4215 Daimachus
2519 4160 2751 4213 Achillem
2784 4162 3071 4212 Pliilomeles
3098 4164 3269 4212 Actora
3303 4164 3432 4211 natae
3463 4162 3619 4212 filium
3650 4176 3747 4214 esse

545 4242 695 4304 tuque
727 4242 777 4290 et
806 4242 987 4289 terrore
1018 4239 1207 4289 liberati
1231 4238 1400 4289 incolae
1427 4238 1735 4288 convenerint
1766 4237 1828 4287 ad
1860 4234 2103 4299 spectacu-

546 4318 668 4378 lum,
690 4315 914 4367 nullum
901 4330 951 4366 ιιι
964 4329 1021 4366 eo
1040 4315 1158 4378 iguis
1176 4328 1326 4378 opus,
1345 4315 1530 4365 nullum
1546 4314 1800 4377 vestigium
1812 4311 2101 4376 apparuisse,

546 4395 629 4444 sed
648 4407 875 4457 magnum
896 4393 1103 4456 lapidem
1116 4430 1130 4455 ,
1151 4393 1235 4456 qui
1263 4395 1422 4442 tamen
1441 4392 1523 4441 vix
1543 4392 1761 4454 exiguam
1782 4391 1942 4454 ignitae
1965 4389 2103 4439 istius

546 4472 688 4522 molis
721 4473 1076 4536 portiunculam
1113 4472 1343 4536 expleret.
1390 4472 1560 4534 Liquet
1604 4485 1744 4534 sane,
1785 4470 2099 4522 Daimaclium

547 4549 761 4614 benignis
782 4551 1081 4602 auditoribus
1101 4564 1223 4614 opus
1241 4550 1432 4601 habere.

613 4713 928 4765 Daimaclms
967 4714 1271 4765 Platoeensls
1290 4716 1338 4764 et
1365 4713 1624 4764 clearchus
1660 4715 1848 4775 pliialen
1882 4727 1911 4762 a
1935 4715 2102 4762 Croeso

548 4792 740 4842 missam
759 4805 860 4842 esse
887 4793 1070 4842 Pittaco
1087 4828 1101 4852 ,
1125 4805 1184 4842 ac
1201 4793 1271 4843 sic
1291 4791 1515 4855 deinceps
1531 4805 1615 4855 per
1631 4792 1796 4842 orbem
1817 4792 2101 4855 sapientium

549 4882 651 4920 esse
667 4868 999 4920 circumlatam
1023 4868 1237 4920 tradunt.

613 5033 754 5090 Quod
772 5033 832 5082 ad
855 5046 931 5083 res
947 5033 1141 5083 bellicas
1163 5031 1360 5094 attinet,
1395 5046 1503 5096 quae
1521 5045 1608 5083 nos
1625 5032 1686 5082 ad
1706 5033 1890 5083 Solonis
1907 5034 1956 5082 in
1975 5032 2102 5082 bello

551 5108 787 5231 hltffiarico
822 5123 897 5159 res
918 5112 1072 5173 gestas
1093 5110 1372 5172 attulimus,
1406 5111 1477 5160 est
1509 5109 1593 5173 qui
1636 5113 1775 5173 neget
1815 5111 2104 5161 Daimaclius

587 5186 603 5209 ‘
675 5182 867 5237 musis.

2192 4243 2325 4294 dicit.

2251 4330 2455 4388 AEtoius,
2484 4327 2794 4390 Endymionis
2821 4327 2967 4389 filius,
2992 4342 3141 4391 quum
3164 4330 3282 4390 Apln
3324 4329 3564 4378 Phor-cnei
3592 4330 3738 4380 tilium

2188 4409 2368 4459 invitus
2386 4408 2661 4470 occidisset,
2688 4408 2734 4456 in
2761 4407 2980 4457 AEtoliam
2999 4408 3061 4456 ab
3086 4409 3185 4469 ipso
3204 4420 3375 4457 nomen
3396 4408 3619 4470 adeptam
3639 4422 3748 4458 oon·

2190 4488 2326 4549 rugit,
2346 4486 2507 4548 ibique
2525 4487 2686 4548 genuit
2710 4487 3010 4548 Pleni-onem,
3027 4500 3056 4535 a
3069 4500 3166 4550 quo
3197 4488 3398 4536 Pleuron
3421 4486 3537 4536 urbs
3558 4488 3743 4537 AEtoliae

2187 4565 2433 4615 nominata
2469 4566 2555 4615 est.
2581 4566 2788 4614 Pleuron
2828 4578 2943 4615 vero
2966 4563 3088 4614 duos
3121 4563 3293 4617 habuit
3318 4563 3460 4625 tilios,
3501 4566 3664 4615 Cui-en
3698 4569 3746 4615 et

2187 4643 2499 4706 Calydonem,
2522 4657 2551 4692 a
2569 4643 2746 4705 quibus
2758 4644 2865 4694 alioe
2887 4644 2997 4695 dum
3014 4643 3158 4693 urbes
3184 4644 3230 4692 in
3255 4642 3429 4694 AEtolia
3456 4649 3746 4708 nuncupttae

2186 4724 2314 4773 sunt.
2339 4722 2418 4773 Sic
2439 4722 2745 4773 Daimachus.

2935 4820 2989 4871 9.

2387 4919 2934 4980 OBSIDIONALES
2979 4916 3541 4979 COMMENTARH.

2250 5031 2537 5079 Laconicum
2560 5031 2899 5079 ferramentum
2919 5048 2931 5080 ε
2952 5030 3159 5080 acierum
3177 5028 3303 5078 enlm
3323 5026 3414 5076 alia
3432 5029 3506 5075 est
3526 5026 3737 5090 Chalyb-

2188 5107 2293 5156 dica
2310 5142 2325 5168 ,
2359 5108 2453 5158 alia
2472 5109 2689 5170 Sinopica
2708 5144 2723 5170 ,
2750 5109 2843 5158 alia
2864 5108 3008 5171 Lydia
3022 5146 3035 5169 ,
3057 5110 3147 5157 alia
3170 5106 3414 5157 Laconia.
3450 5105 3677 5168 Sinopica
3698 5112 3743 5156 et

2189 5186 2478 5248 ctialybdica
2509 5189 2569 5237 ad
2594 5188 2774 5238 fabrilia
2789 5224 2807 5249 ,
2830 5188 3058 5239 Laconica
3076 5187 3135 5238 ad
3156 5187 3293 5238 limas
3308 5188 3357 5236 et
3378 5184 3530 5234 ferrea
3549 5184 3744 5237 terebra
