4016 5916
1732 436 2234 500 FRAGMENTA.

391 575 497 635 τοῖς
524 564 914 647 Ἡρακλεώταις
940 564 1185 638 ἐτέθησαν
1215 564 1401 632 εἰκόνες
1419 566 1651 645 χαλκαῖ,
1675 565 1764 624 καὶ
1783 565 1939 644 νόμος

393 654 594 739 ἰγράφη
612 700 630 734 ,
660 654 859 732 μηδένα
892 653 1124 715 ἐλαύνειν
1158 659 1247 715 τοῦ
1275 656 1459 714 λοιποῦ
1486 652 1728 738 πρόὸατα
1758 657 1938 715 συνδε-

395 743 603 820 δεμίνα.

475 827 794 910 Προσρυεὶς]
816 828 1093 911 προσφυεὶς
1110 830 1424 908 Legrand.;
1446 832 1725 907 vulgatam
1751 842 1941 887 tuetur

392 920 540 978 Bast.
561 928 690 993 post
714 919 982 976 Abresch.
1001 921 1181 975 Lectt.
1208 920 1462 976 Aristaen.
1485 938 1547 993 p.
1585 938 1605 974 1
1620 917 1650 974 5
1665 938 1684 974 1
1701 960 1715 974 .
1750 952 1820 963 —
1841 915 1941 975 ὑπό

390 1025 482 1062 του
508 1007 611 1062 τῶν
636 1002 760 1083 Ἤρ.
788 1004 944 1083 τυρ.]
974 1030 1000 1055 ι
1034 1006 1163 1064 cod.
1195 1017 1250 1061 et
1275 1006 1547 1077 Cornar.;
1576 1001 1677 1061 ὑπὸ
1702 1009 1791 1062 τοῦ
1807 1006 1941 1063 Gale

390 1104 445 1149 et
478 1094 757 1170 Legrand.
806 1096 1003 1170 Margo
1045 1093 1256 1150 codicis
1298 1096 1594 1170 ascriptum
1638 1094 1807 1150 habet
1850 1096 1940 1149 τοῦ

389 1177 699 1259 Ἀρχελάου,
725 1180 882 1255 quod
901 1183 1154 1238 Cornarii
1176 1183 1562 1256 interpretatio
1584 1181 1682 1236 lat.
1712 1199 1943 1255 expres-

391 1269 482 1323 sit.
504 1290 528 1317 ι
546 1269 772 1332 Passov.
794 1300 872 1311 —
893 1269 983 1325 Ad
1006 1270 1386 1324 narrationem
1405 1268 1476 1325 de
1493 1268 1690 1324 ovibus
1708 1287 1799 1344 ap.
1820 1271 1938 1324 He-

387 1357 693 1412 racleenses
721 1357 996 1432 colligatis
1012 1355 1383 1413 Schneiderus
1412 1376 1426 1415 ς
1461 1381 1486 1407 α
1510 1358 1600 1412 An
1625 1356 1737 1412 huc
1763 1357 1943 1431 perti-

386 1453 484 1498 net
496 1443 654 1499 locus
669 1444 934 1500 Varronis
946 1446 1032 1499 De
1049 1462 1113 1500 re
1126 1454 1263 1501 rust.
1284 1445 1340 1499 11
1352 1485 1368 1513 ,
1387 1463 1444 1518 9,
1468 1444 1503 1500 6
1516 1444 1540 1498 ?
1554 1446 1641 1500 De
1661 1444 1941 1500 Heracleae

387 1530 646 1602 emporio
693 1540 749 1586 et
793 1530 993 1585 ovibus
1033 1529 1290 1586 deductis
1331 1536 1435 1595 τοῖς
1480 1527 1573 1598 τὴν
1622 1526 1940 1607 Ἡράκλειαν

385 1613 581 1670 οἰκοῦσι
600 1615 903 1695 Τυρρηνοῖς,
916 1616 1281 1691 Theophrast.
1304 1617 1443 1673 Hist.
1464 1618 1642 1692 plant.
1664 1617 1769 1687 IX,
1799 1636 1819 1673 1
1833 1617 1938 1675 6.

858 1753 1041 1812 ΠΕΡΙ
1087 1753 1456 1812 ΠΟΙΗΤΩΝ.

1117 1900 1209 1951 17.

804 2014 850 2068 E
891 2013 1113 2071 LIBRO
1154 2014 1506 2073 SECUNDO.

420 2175 425 2180 ·
467 2146 762 2203 Athenaeus
783 2148 949 2216 VIII,
979 2165 1039 2222 p.
1065 2145 1197 2218 352,
1230 2148 1310 2204 C:
1342 2143 1547 2212 Φανίας
1570 2143 1615 2203 δ’
1646 2148 1674 2203 ὁ
1701 2145 1937 2226 Περιπαὲ

385 2230 592 2303 τητικδς
608 2235 658 2291 ἰν
681 2230 902 2312 δευτέρω
929 2231 1061 2312 Περὶ
1079 2236 1356 2306 ποιητῶνι
1386 2231 1727 2311 Στρατόνικος
1747 2231 1936 2314 (φησὶν)

383 2320 413 2376 ὅ
437 2317 758 2390 Ἀθηναῖος
729 2326 868 2377 οοκεῖ
893 2318 988 2390 τὴν
1016 2318 1366 2400 πολυχορδίαν
1387 2322 1460 2387 εἰς
1485 2318 1579 2391 τὴν
1606 2319 1763 2401 ψιλὴν
1795 2319 1937 2377 moni-

385 2426 517 2484 ρισιν
556 2408 758 2485 πρῶτος
797 2408 1135 2485 εἰσενεγκεῖν,
1169 2406 1259 2464 καὶ
1303 2410 1508 2487 πρῶτος
1554 2403 1791 2480 μαθητὰς
1835 2410 1938 2463 τῶν

382 2491 674 2572 ἁρμονικῶν
702 2491 895 2571 ἴλαὸε,
937 2493 1026 2553 καὶ
1065 2492 1374 2573 διάγραμμα
1418 2493 1792 2564 συνεστήσατο.
1830 2483 1936 2552 Ἦν

384 2577 438 2637 Si
463 2579 553 2639 και
577 2581 629 2638 ἕν
666 2583 741 2659 τῷ
771 2579 955 2661 γελοίῳ
979 2582 1074 2640 οὐκ
1100 2579 1425 2648 ἀπίθανος.
1459 2580 1609 2651 Φησι
1637 2579 1692 2638 δὲ
1722 2580 1811 2638 καὶ
1851 2603 1937 2638 τε·

381 2668 632 2740 λευτησαι
658 2667 810 2727 αὐτὸν
843 2667 928 2726 διὰ
956 2667 1050 2739 τὴν
1093 2671 1145 2727 ἐν
1185 2669 1260 2749 τῷ
1281 2667 1465 2748 γελοίῴ
1507 2670 1802 2747 παρρησίαν
1829 2667 1929 2726 ὑπο

383 2753 701 2822 Νικοκλέους
735 2759 825 2828 τοῦ
864 2755 1116 2835 Κυπρίων
1150 2753 1399 2836 βασιλέως
1428 2754 1701 2835 φάρμακον
1727 2754 1939 2824 πιόντα,

270 2890 279 2898 .
384 2840 469 2899 διὰ
510 2843 569 2901 τὸ
600 2841 835 2902 σκώπτεν
880 2845 1036 2903 αὐτοῦ
1058 2842 1175 2909 τοὺς
1214 2841 1371 2909 υἱούς.
1399 2846 1482 2902 cf.
1524 2846 1821 2902 Clearchus
1848 2865 1937 2918 ap.

384 2933 590 2991 Athen.
616 2951 677 3009 p.
713 2931 825 2990 350
844 2977 860 3005 ‚
885 2938 955 2992 A.
1162 3011 1196 3067 8

1127 3031 1147 3067 1
1202 3056 1215 3069 .

463 3146 636 3202 Clem.
673 3147 832 3205 Alex.
862 3149 923 3219 1,
951 3164 1044 3217 αι,
1064 3166 1126 3220 p.
1174 3152 1279 3212 144
1299 3188 1314 3215 ‚
1343 3146 1377 3202 8
1421 3165 1435 3201 :
1471 3142 1779 3212 Ἑλλάνικος
1817 3148 1939 3223 γοῦν

392 3234 574 3288 τοῦτον
592 3230 699 3307 (τὸν
711 3231 1072 3311 Τέρπανδρον)
1098 3234 1292 3312 ἱστορεῖ
1304 3231 1440 3290 κατὰ
1464 3230 1637 3292 Μίδαν
1655 3231 1938 3309 γεγονέναι,

388 3315 596 3385 Φανίας
625 3315 677 3375 δὲ
696 3316 796 3397 πρὸ
816 3317 1152 3399 Τερπάνδρου
1179 3317 1331 3385 τιθεὶς
1352 3317 1563 3396 Aio-mv
1581 3318 1671 3377 τὸν
1700 3316 1942 3391 Aiacem,

393 3402 696 3483 Ἀρχιλόχου
712 3403 958 3485 νεώτερον
989 3404 1130 3486 φέρει
1156 3404 1245 3464 τὸν
1267 3404 1599 3486 Τέρπανδρον
1614 3450 1629 3477 ,
1659 3406 1934 3481 διημιλλῆ·

387 3581 503 3618 num
526 3573 706 3620 statum
737 3574 787 3620 et
821 3571 1093 3621 libertatem
1119 3571 1367 3634 restituta,
1396 3573 1589 3635 utrique
1619 3571 1747 3635 apud
1787 3575 1935 3621 tiera-

387 3646 565 3696 cleotas
585 3659 733 3696 teneas
759 3651 933 3697 statuae
966 3650 1079 3698 sunt
1113 3650 1315 3709 asota,
1347 3661 1406 3698 ac
1430 3649 1510 3699 lex
1546 3649 1723 3712 scripta
1750 3652 1851 3708 est,
1876 3662 1937 3698 ne

388 3724 496 3786 quis
516 3724 760 3787 colligatas
774 3736 891 3775 oves
912 3724 962 3774 in
983 3726 1228 3788 posterum
1252 3728 1431 3787 ageret.

936 3829 1042 3889 DE
1093 3829 1382 3889 POETIS.

792 3959 838 4018 E
881 3959 1108 4020 Lissno
1149 3957 1527 4021 SECUNDO.

1124 4094 1209 4146 17.

454 4186 656 4239 Phanias
676 4188 968 4254 Peripaticus
981 4189 1190 4242 secundo
1202 4190 1326 4241 libro
1339 4192 1409 4241 De
1430 4189 1581 4253 poetis
1596 4188 1657 4239 de
1670 4189 1938 4240 stratonico

392 4263 495 4315 haec
512 4265 677 4317 scribit
698 4284 712 4315 ι
739 4285 765 4311 ι
788 4268 1087 4318 Stratonicus
1112 4267 1407 4319 Atheniensis
1428 4265 1638 4330 primurn
1659 4264 1936 4328 perhibetur

392 4341 442 4390 in
456 4341 583 4392 nuda
597 4341 792 4393 cithare
806 4343 1071 4407 pulsatlone
1085 4343 1343 4395 instituisse
1356 4342 1581 4406 utplures
1592 4341 1733 4392 simul
1748 4341 1940 4392 chordae

391 4417 712 4481 pulsarentur,
750 4419 1059 4483 primumque
1099 4422 1359 4470 concentus
1395 4419 1602 4469 musicos
1639 4418 1856 4468 doeuisoe
1889 4420 1939 4468 et

392 4492 601 4544 tabulam
624 4496 857 4546 musicam
880 4497 1201 4560 descripsisse.
1224 4499 1340 4546 Erat
1360 4509 1479 4546 vero
1496 4495 1644 4546 etiam
1664 4495 1713 4545 in
1736 4495 1939 4546 ridicule

391 4570 531 4622 dictis
545 4585 641 4622 non
663 4572 916 4624 absurdus.
938 4594 964 4617 ι-
991 4573 1259 4636 scribitque
1276 4572 1402 4624 idem
1429 4574 1617 4634 auctor,
1640 4572 1940 4622 intersectum

391 4661 493 4699 esse
509 4649 573 4699 ob
596 4664 734 4701 suam
770 4650 820 4701 in
854 4651 1055 4701 dicendo
1081 4651 1351 4702 libertatem
1376 4664 1406 4700 a
1437 4650 1631 4702 Nicocle
1654 4651 1939 4713 Cypriorum

392 4739 531 4789 rege,
553 4739 789 4777 venenum
812 4726 974 4777 bibere
1009 4731 1231 4777 coactum
1245 4764 1260 4790 ,
1297 4727 1428 4791 quod
1450 4727 1500 4776 in
1523 4727 1645 4777 titios
1666 4726 1767 4789 ejtns
1784 4740 1940 4778 scom-

393 4806 521 4853 mata
534 4802 811 4865 iactitasset.

1129 4898 1211 4946 16.

458 4984 728 5037 Hellanicus
739 4986 1067 5050 Terpandrum
1080 4984 1219 5036 Midae
1234 4985 1525 5048 temporibus
1541 4984 1715 5034 vixisse
1731 4984 1817 5048 ait,
1830 4985 1944 5034 Pha·

396 5061 501 5111 nias
544 5074 661 5114 vero
700 5065 815 5114 ante
864 5062 1195 5126 Tei-pandmm
1240 5062 1454 5114 Leschen
1488 5062 1711 5113 Lesbium
1762 5072 1943 5125 ponens

3470 453 3590 506 291>

2025 574 2145 628 σθαι
2165 567 2219 628 δὲ
2241 567 2327 628 τὸν
2343 568 2551 649 Λέσχην
2573 572 2622 629 Ἀ
2632 567 2818 650 ρκτίνῳ
2847 567 2936 629 καὶ
2958 569 3296 645 νενικηκέναι.
3326 575 3409 633 Cf.
3428 577 3590 633 Wei-

2026 659 2176 716 cker.
2205 659 2356 725 Crcl.
2375 679 2436 734 p.
2467 678 2599 718 212.

2348 782 2553 841 ΠΡΟΣ
2602 783 2803 842 ΤΟΥΣ
2847 780 3259 843 ΣΟΦΙΣΤΑΣ.

2106 914 2192 971 Cf.
2217 914 2628 970 Westermann.
2661 915 2803 970 Hist.
2830 915 3000 992 Eloq.
3029 914 3128 972 Gr.
3159 914 3193 990 S
3218 914 3318 989 78,
3344 916 3397 973 3.

2763 1046 2785 1083 1

2106 1142 2403 1198 Athenaeus
2413 1141 2548 1196 XIV
2554 1158 2645 1214 ‚.p
2668 1139 2783 1196 638
2787 1047 2900 1211 ,9Bt
2886 1136 3028 1199 ’Καὶ
3044 1142 3320 1218 μοχθηρῶν
3336 1138 3390 1199 δὲ
3407 1141 3588 1224 ᾀσμά-

2027 1250 2130 1285 των
2153 1226 2394 1305 γεγόνασι
2413 1225 2644 1298 ποιηταὶ,
2675 1184 2856 1305 steps*
2817 1250 2889 1284 ων
2906 1249 3031 1306 φησι
3060 1224 3267 1293 Φανίας
3291 1230 3319 1286 δ
3346 1226 3582 1306 Ἐρέσιος

2027 1317 2081 1373 ἐν
2100 1316 2204 1380 τοῖς
2227 1313 2365 1394 Προς
2383 1312 2500 1381 τους
2519 1310 2785 1393 σοφιστὰς,
2813 1334 3025 1393 γραφων
3051 1311 3231 1379 οὕτως·
3263 1313 3588 1383 «Τελένικος
3705 1321 3712 1326 ’

2028 1404 2056 1460 δ
2083 1401 2387 1472 Βυζάντιος,
2434 1399 2511 1459 ἔτι
2553 1399 2608 1458 δὲ
2643 1399 2826 1480 Ἀργᾶς
2868 1397 3083 1473 ποιηταὶ
3120 1404 3397 1481 μοχθηρῶν
3439 1401 3584 1469 ὄντες

2028 1488 2231 1567 νόμων,
2275 1510 2439 1567 προς
2427 1485 2520 1545 μὲν
2564 1510 2650 1546 τον
2674 1486 2801 1545 ἴδιον
2838 1508 3152 1566 χαρακτηρα
3191 1492 3283 1559 τῆς
3323 1487 3580 1558 ποιήσεως

2028 1575 2307 1657 εὐπόρουν,
2353 1578 2454 1633 τῶν
2503 1573 2556 1633 δὲ
2605 1574 2943 1653 Τερπάνδρου
2979 1573 3069 1632 καὶ
3112 1575 3366 1653 Φρυνιδος
3408 1576 3578 1694 νόμων

2028 1661 2143 1723 οὐδὲ
2164 1662 2300 1722 κατὰ
2329 1685 2511 1742 μικρον
2538 1659 2791 1733 ἠδύναντο
2823 1663 3131 1742 ἐπιψαῦσαι.
3170 1688 3193 1714 n

2118 1752 2334 1810 «Dicat
2359 1752 2560 1824 aliquis
2586 1750 2854 1805 Phaniam
2881 1750 3122 1806 fortassis
3145 1753 3467 1826 loquentem
3508 1753 3580 1808 de

2027 1841 2400 1915 sophistarum
2439 1838 2634 1911 plausu
2674 1837 2984 1893 adductum
3032 1839 3212 1895 videri
3250 1857 3362 1896 esse
3396 1852 3462 1897 ut
3490 1843 3582 1896 vel

2027 1927 2306 1982 malorum
2335 1934 2632 1979 cantorum
2646 1924 2704 1977 in
2726 1940 2827 1978 suo
2847 1942 3051 1999 genere
3069 1943 3374 1981 successum
3395 1945 3582 2001 oppo-

2029 2023 2210 2069 neret.
2235 2035 2259 2061 ι»
2280 2009 2463 2068 Ebert.
2485 2029 2544 2085 p.
2575 2010 2670 2066 83.

2408 2129 2636 2208 [ΠΕΡΙ
2678 2132 3200 2212 mmmmm]

2327 2263 2511 2321 ΠΕΡΙ
2547 2262 2707 2322 ΤΩΝ
2751 2262 3278 2322 ΣΩΚΡΑΤῙΚΩΝ.

2754 2397 2850 2437 20.

2032 2493 2040 2501 ⁰
2104 2495 2384 2569 Diogenes
2422 2495 2492 2551 L.
2522 2494 2628 2563 vl,
2660 2490 2717 2562 8,
2750 2491 2820 2548 de
2846 2493 3175 2550 Antisthene
3219 2513 3235 2550 ι
3266 2490 3582 2572 Ἐρωτηθεὶς

2027 2577 2127 2637 ὑπό
2154 2601 2243 2638 του
2263 2577 2429 2655 (καθά
2457 2600 2582 2658 φησι
2611 2576 2818 2643 Φανίας
2844 2579 2896 2636 ἐν
2920 2580 2992 2658 τῷ
3015 2577 3134 2658 περὶ
3163 2580 3573 2659 Σωκρατικῶν),

2026 2664 2079 2723 τί
2123 2666 2285 2723 ποιῶν
2328 2663 2489 2730 καλὸς
2532 2663 2756 2740 κάγαθὸς
2790 2663 2992 2743 ἔσοιτο,
3038 2664 3133 2746 ἔφη
3171 2693 3193 2718 α
3233 2667 3300 2728 Εἰ
3336 2665 3401 2725 τὰ
3440 2670 3580 2726 κακὰ

2030 2751 2063 2809 ἃ
2091 2751 2258 2831 ἔχεις,
2286 2750 2366 2810 ὅτι
2390 2750 2585 2832 φευκτά
2616 2753 2725 2808 ἐστι
2744 2795 2761 2824 ,
2794 2751 2975 2827 μάθοις
2997 2751 3141 2832 παρὰ
3166 2755 3265 2811 τῶν
3300 2755 3525 2814 εἰδότων.

2754 2875 2848 2914 21.

2108 2971 2193 3028 Id.
2225 2970 2366 3027 ibid.
2385 2970 2463 3041 11,
2487 2971 2583 3040 65,
2606 2970 2678 3027 de
2701 2971 2985 3045 Aristippo
3012 2990 3026 3025 ε
3054 2960 3223 3036 Οὗτος
3241 2971 3583 3052 σοφιστεύσας

2033 3053 2126 3130 (ὥς
2139 3078 2265 3136 φησι
2283 3055 2489 3123 Φανίας
2505 3060 2532 3114 δ
2554 3055 2976 3135 Περιπατητικὸς
2989 3053 3243 3136 Ἐρέσιος)
3263 3062 3463 3138 πρῶτος
3480 3064 3581 3119 τῶν

2030 3145 2382 3225 Σωκρατικῶν
2411 3141 2620 3220 μισθοὺς
2649 3141 3016 3221 εἰσεπράξατο,
3053 3144 3144 3202 καὶ
3166 3144 3438 3204 ἀπέστειλε
3457 3146 3602 3226 χρή-

2031 3253 2174 3308 ματα
2195 3233 2270 3311 τῷ
2295 3228 2609 3310 διδασκάλῳ.
2645 3228 2753 3290 Καί
2778 3251 2901 3287 ποτε
2934 3230 3151 3311 πέμψας
3174 3234 3316 3313 αὐτῷ
3344 3240 3476 3310 μνᾶς
3507 3232 3581 3292 εἴ·

2029 3340 2168 3392 κοσι,
2184 3315 2565 3397 παλινδρόμους
2580 3316 2785 3388 ἔλαὸεν,
2799 3316 3029 3382 εἰπόντος
3049 3316 3382 3399 Σωκράτους,
3397 3317 3456 3376 τὸ
3476 3320 3581 3377 δαι·

2032 3403 2203 3480 μόνιον
2220 3406 2361 3485 αὐτῷ
2388 3402 2462 3480 μὴ
2477 3405 2767 3481 ἐπιτρέπειν
2781 3427 2794 3441 ·
2818 3403 3148 3483 ἐδυσχέραινε
3170 3405 3270 3483 γὰρ
3296 3406 3380 3463 ἐπὶ
3393 3405 3574 3486 τούτῳ.

2410 3571 2719 3631 CONTRA
2761 3570 3200 3631 SOPHISTAS.

2085 3767 2240 3815 ruere
2272 3776 2416 3826 porro
2440 3764 2611 3813 vilium
2649 3764 2949 3814 canticorum
2986 3764 3140 3826 poetae
3178 3764 3273 3827 illi,
3311 3764 3372 3815 de
3401 3765 3578 3828 quibus

2026 3842 2225 3893 Phanias
2242 3842 2431 3892 Eresius
2454 3841 2502 3891 in
2521 3839 2654 3891 libris
2674 3844 2855 3891 contra
2874 3842 3120 3905 sophistas
3143 3841 3357 3905 loquitur
3380 3844 3446 3892 ita
3464 3843 3575 3893 scri-

2025 3920 2142 3970 bens
2172 3936 2187 3970 τ
2224 3937 2250 3962 ιι
2291 3918 2544 3969 Telenicus
2572 3920 2889 3981 Byzantinus,
2924 3918 3042 3969 item
3068 3923 3241 3981 ArgaS,
3273 3919 3442 3969 vilium
3468 3933 3575 3969 mo-

2023 3996 2195 4047 dorum
2227 3998 2412 4060 poetoe,
2443 3995 2527 4060 qui
2558 3996 2609 4045 in
2629 4008 2719 4047 suo
2750 3995 2946 4061 quidem
2968 4009 3166 4060 poeseos
3186 4009 3357 4059 genere
3383 4010 3576 4048 succes·

2024 4088 2134 4126 sum
2171 4075 2415 4138 habuere,
2458 4074 2545 4126 sed
2584 4074 2845 4139 Terpandri
2897 4077 2984 4124 aut
3024 4074 3279 4137 Phrynidis
3314 4075 3481 4125 modos
3515 4089 3578 4126 ne

2022 4153 2253 4216 aranga-e
2277 4153 2471 4217 quidem
2493 4154 2595 4204 ausi
2621 4155 2749 4205 sunt.
2770 4173 2796 4198 ι

2497 4250 2597 4310 DE
2636 4248 3096 4310 SOCRATICIS.

2087 4432 2387 4482 Antisthenes
2421 4431 2521 4496 (uti
2545 4431 2751 4483 Phanias
2769 4431 2894 4481 libro
2919 4432 2991 4480 De
3016 4430 3270 4481 Socraticis
3296 4431 3392 4494 ait)
3412 4443 3440 4480 a
3458 4444 3578 4494 quo-

2026 4509 2137 4559 dam
2160 4509 2477 4573 interrogatus
2492 4508 2609 4573 quid
2625 4508 2802 4559 thciens
2826 4508 2902 4558 vir
2932 4509 3089 4559 bonus
3108 4520 3167 4557 ac
3184 4508 3364 4571 probus
3385 4508 3579 4559 futurus

2025 4590 2177 4649 esset,
2197 4588 2440 4652 respondit
2464 4608 2479 4639 ι
2501 4606 2525 4632 κ
2547 4587 2598 4638 si
2615 4587 2745 4637 mala
2765 4600 2878 4651 quae
2901 4587 3048 4638 habes
3073 4586 3294 4649 fugienda
3321 4599 3424 4638 esse
3448 4585 3574 4636 didi·

2026 4668 2149 4718 ceris
2168 4667 2305 4718 abiis
2325 4666 2411 4731 qul
2427 4668 2680 4717 noverunt.
2709 4686 2733 4710 ι

2760 4749 2846 4800 21.

2085 4829 2377 4894 Aristippus,
2396 4831 2518 4880 teste
2534 4829 2712 4879 Phania
2733 4829 3044 4892 Peripatetico
3060 4830 3222 4880 Ereslo
3233 4866 3246 4890 ,
3257 4831 3574 4894 sophistarum

2026 4920 2162 4959 more
2176 4908 2364 4972 primus
2380 4907 2508 4957 inter
2523 4906 2792 4957 Socraticos
2810 4906 3079 4958 mercedem
3097 4920 3128 4957 a
3143 4906 3383 4973 discipulis
3400 4910 3573 4972 exegit,

2026 4985 2248 5050 idemque
2261 4985 2490 5049 magistro
2504 4998 2593 5035 suo
2609 4985 2835 5049 pecunias
2847 4984 2992 5035 misit.
3011 4980 3279 5049 Aliquando
3291 4998 3406 5037 vero
3423 5000 3574 5051 quum

2022 5062 2190 5125 viginti
2207 5061 2361 5112 minas
2372 5062 2415 5112 ei
2434 5061 2654 5125 misisset,
2667 5061 2848 5112 remisit
2866 5062 2951 5112 tias
2968 5063 3203 5124 Socrates,
3221 5063 3386 5114 dicens
3402 5064 3582 5113 daemo-

397 5140 681 5191 Archilocbo
693 5141 933 5204 juniorem
952 5141 1065 5191 tacit
1085 5141 1411 5205 Terpandrum
1427 5178 1442 5203 ,
1468 5140 1677 5191 Leschen
1696 5152 1814 5189 vero
1831 5151 1943 5190 cum
2021 5141 2160 5191 n²um
2182 5141 2298 5204 ipsi,
2321 5142 2377 5190 nt
2401 5142 2688 5204 acceptaret,
2707 5139 2836 5191 hand
2862 5141 3157 5205 permittere.
3181 5141 3417 5192 Nimirum
3448 5154 3574 5204 aegre

398 5218 598 5266 aretino
622 5220 827 5269 cenasse
844 5218 1192 5282 victoriamque
1217 5218 1279 5268 de
1300 5231 1357 5269 eo
1385 5220 1649 5281 reportasse
1670 5220 1849 5268 narrat.

2030 5231 2128 5268 rem
2152 5219 2371 5268 Socrates
2391 5217 2516 5267 tulit.
