4016 5916
1512 435 1934 498 HECATAEUS
1977 436 2380 497 ABDERH'A.

332 585 616 645 tamquam
662 580 862 625 sanctae
903 570 1030 623 vitae
1057 579 1225 642 atque
1247 568 1472 625 virtutis
1506 569 1760 643 exempla
1801 568 1885 622 sui

326 662 432 714 aevi
459 656 784 712 hominibus
810 649 1230 732 proposuerint.
1268 689 1336 699 —
1378 656 1590 729 Quodsi
1628 656 1887 711 nonnulli

334 753 348 818 i
359 759 423 802 ut
446 746 716 801 Miillerus
735 745 797 798 in
823 746 957 801 Dor.
983 745 1040 813 1,
1073 743 1220 818 278)
1254 756 1480 801 censent
1499 746 1678 818 ipsum
1703 746 1888 799 Heca-

333 848 500 891 taeum
537 832 838 888 credidisse
886 851 1081 889 revera
1123 851 1236 888 esse
1280 833 1558 906 populum
1604 832 1885 906 quendam

333 923 865 997 Hyper-heremum,
908 939 1003 976 eos
1049 939 1245 976 errore
1274 922 1452 976 teneri
1478 922 1616 975 mihi
1656 939 1886 994 persua-

328 1030 455 1069 sum
483 1020 584 1068 est.
616 1009 757 1065 Sane
786 1008 1017 1081 quidem
1057 1007 1202 1063 dixit
1250 1010 1537 1064 Hecataeus
1574 1009 1885 1082 Hyperbo-

328 1118 461 1155 reos
484 1096 556 1154 ad
583 1114 682 1152 sua
703 1113 882 1169 usque
905 1106 1159 1169 tempora
1184 1095 1495 1169 perdurare
1522 1095 1620 1171 (fr.
1662 1116 1684 1151 1
1705 1091 1758 1172 );
1787 1096 1885 1152 sed

332 1186 473 1261 quid
494 1186 605 1241 hoc
632 1183 878 1258 probat?
902 1183 1086 1254 Nihil,
1116 1196 1253 1258 puto
1269 1227 1285 1256 ,
1314 1186 1417 1239 nisi
1449 1184 1609 1257 quod
1636 1183 1807 1240 fidem
1831 1194 1885 1239 et

328 1282 720 1338 auctoritatem
759 1276 1036 1354 figmentis
1070 1281 1182 1334 suis
1205 1280 1505 1335 conciliare
1531 1289 1729 1335 auctor
1762 1290 1884 1334 stu-

331 1371 536 1426 duerit.
565 1368 761 1440 Neque
787 1365 941 1422 aliud
962 1367 1103 1421 inest
1125 1366 1594 1439 descriptionibus
1614 1367 1728 1421 istis
1750 1384 1883 1440 geo·

328 1458 631 1534 graphicis,
659 1473 798 1527 quas
837 1455 1094 1509 nonnulli
1135 1455 1288 1509 inani
1311 1473 1440 1510 sane
1477 1454 1709 1509 consilio
1747 1454 1882 1509 dili-

324 1545 642 1620 gentissime
671 1540 1067 1597 examinandas
1090 1559 1203 1596 esse
1221 1552 1443 1614 putant.

406 1635 704 1707 AEgyptias
746 1628 1007 1685 historias
1058 1630 1327 1702 expressis
1376 1630 1562 1685 verbis
1605 1642 1881 1687 memorat

330 1721 618 1779 Diodorus
647 1717 753 1793 (fr.
787 1716 909 1794 ια).
941 1716 1110 1790 Apud
1137 1718 1450 1791 Diogenem
1477 1718 1661 1774 Laert.
1697 1716 1797 1792 (fr.
1828 1717 1878 1795 7)

328 1808 587 1863 laudatur
621 1807 910 1862 Hecataeus
938 1803 990 1859 ἐν
1018 1805 1083 1880 τῇ
1113 1800 1293 1878 πρώτῃ
1318 1801 1437 1881 περὶ
1460 1806 1551 1872 τῆς
1581 1804 1879 1881 Αἰγυπτίων

326 1891 658 1973 φιλοσοφίας
683 1892 889 1965 quibus
918 1901 1102 1946 tamen
1130 1911 1247 1945 non
1268 1892 1552 1964 peculiare
1581 1911 1750 1965 opus,
1781 1895 1878 1948 sed

321 1984 568 2056 primam
624 1990 845 2054 partem
886 1979 1253 2052 AEgyptiacffiv
1310 1978 1547 2032 indicari
1602 1982 1873 2053 suspicor.

323 2068 652 2125 Admodum
688 2067 928 2121 multum
957 2067 1274 2120 Hecataeum
1312 2064 1473 2121 fuisse
1510 2066 1582 2122 de
1619 2067 1880 2125 doctrina

325 2157 723 2230 AEgyptiorum
752 2153 1143 2227 cosmogonica
1174 2151 1357 2225 deque
1385 2153 1601 2229 reliqua
1640 2157 1877 2232 mytho·-

327 2245 471 2318 logia
485 2287 500 2312 ,
526 2253 696 2316 atque
723 2250 1221 2296 monumentorum
1242 2240 1642 2315 descriptiones
1661 2244 1878 2304 dedisse

320 2331 639 2385 uberrimas
666 2338 820 2402 patet
855 2346 921 2382 ex
951 2326 1272 2402 fragmentis
1297 2326 1390 2403 (⁴¹).

410 2415 564 2495 Περὶ
595 2414 929 2474 Ἰουδαίων
960 2412 1213 2492 βιὸλίον
1244 2416 1314 2472 ab
1344 2419 1603 2473 Hecataeo
1634 2439 1874 2495 compo..

322 2509 490 2561 situm
513 2525 627 2561 esse
656 2515 926 2560 testantur
941 2506 970 2560 J
978 2505 1217 2577 osephus
1236 2505 1297 2562 C.
1320 2508 1431 2578 Ap.
1461 2507 1517 2574 1,
1541 2525 1614 2561 aa
1646 2491 1741 2581 (fr).
1774 2509 1872 2585 14)

325 2605 381 2649 et
399 2594 666 2667 Origenes
694 2592 754 2649 C.
788 2593 929 2647 Cels.
961 2594 988 2647 1
1007 2632 1023 2661 ‚
1063 2590 1148 2647 15.
1173 2591 1262 2647 Ab
1290 2611 1358 2647 eo
1389 2594 1535 2648 libro
1560 2615 1676 2650 non
1695 2597 1877 2654 diver·

314 2701 413 2737 sus
443 2682 605 2736 fuisse
632 2681 859 2737 videtur
902 2677 1100 2757 βιὸλίον
1143 2678 1277 2757 Περὶ
1321 2677 1582 2757 Ἀὅρᾶμου
1611 2683 1870 2762 (Joseph.

318 2774 457 2827 Ant.
489 2768 625 2825 Jud.
653 2770 708 2838 1,
739 2787 768 2838 7
788 2809 803 2837 ,
845 2788 907 2838 23
938 2767 1007 2825 fr.
1051 2767 1186 2842 16),
1220 2769 1336 2824 sive
1364 2766 1422 2824 τὸ
1463 2772 1580 2825 κατ’
1607 2766 1874 2849 Ἄδραμον

324 2855 413 2914 καὶ
443 2853 559 2922 τοὺς
582 2851 928 2931 Αἰγυπτίους,
957 2857 1041 2929 uti
1064 2857 1318 2912 Clemens
1344 2858 1503 2914 Alex.
1538 2855 1631 2936 (v.
1665 2860 1732 2916 fr.
1772 2860 1874 2940 18)

318 2947 487 3021 dicit,
517 2965 723 3002 novem
758 2964 949 3001 versus
987 2945 1332 3019 Sophocleos
1362 2965 1429 3002 ex
1469 2966 1537 3002 eo
1569 2948 1871 3008 adducens.

327 3041 399 3092 At
423 3054 615 3091 versus
636 3035 771 3090 istos
793 3052 906 3089 esse
935 3052 967 3087 a
995 3034 1271 3106 sequioris
1298 3036 1398 3090 aevi
1425 3035 1685 3107 homine,
1717 3057 1749 3093 a
1776 3042 1873 3097 Ju.

320 3124 445 3178 daeo
476 3122 631 3179 haud
648 3122 821 3178 dubie
844 3123 1167 3191 Hellenista,
1199 3121 1471 3179 confictos
1485 3124 1701 3181 dudum
1730 3129 1878 3185 inter

322 3230 520 3265 omnes
564 3220 798 3266 constat.
846 3210 1112 3265 Similiter
1152 3220 1333 3266 totum
1376 3212 1446 3268 de
1487 3213 1692 3270 Judaeis
1736 3235 1876 3291 opus

328 3300 585 3352 Hecataeo
629 3296 913 3353 Abderitae
961 3296 1397 3368 abjudicandum
1446 3318 1557 3354 esse
1623 3305 1871 3357 unanimi

324 3386 442 3439 sere
484 3403 756 3439 consensu
793 3394 1126 3439 censuerunt
1158 3385 1263 3440 viri
1306 3386 1628 3442 doctissimi.
1676 3391 1875 3445 Facem

328 3473 580 3544 praetulit
621 3473 939 3528 Herennius
974 3472 1134 3526 Philo
1159 3472 1313 3545 apud
1340 3475 1639 3549 Origenem
1668 3478 1875 3535 Contra

325 3562 549 3615 Celsum
582 3560 620 3613 1.
647 3559 721 3629 1.,
746 3559 846 3613 ubi
864 3559 981 3614 haec
1013 3577 1026 3612 ε

403 3643 687 3704 Ἑκαταίου
709 3650 796 3702 τοῦ
821 3648 1078 3724 ἱστορικοῦ
1102 3641 1313 3725 φέρεται
1340 3646 1473 3725 Περὶ
1499 3646 1763 3707 Ἰουδαίων
1794 3654 1873 3726 βι-

320 3733 465 3792 ὃλίον
482 3777 498 3804 ,
528 3736 580 3791 ἐν
601 3723 645 3813 ᾧ
668 3731 1000 3812 προστίθεται
1026 3731 1222 3809 μᾶλλόν
1245 3756 1354 3800 πως
1381 3738 1449 3800 ὡς
1472 3740 1617 3816 σοφῷ
1646 3741 1719 3817 τῷ
1746 3737 1874 3797 ἔθνει

318 3822 408 3880 ἐπὶ
448 3826 722 3895 τοσοῦτον,
764 3825 831 3888 ὡς
858 3821 947 3880 ital.
992 3819 1250 3900 Ἑρέννιον
1283 3822 1503 3883 Φίλωνα
1548 3827 1601 3882 ἐν
1638 3830 1712 3905 τῷ
1740 3828 1870 3907 Περὶ

321 3907 591 3968 Ἰουδαίων
625 3908 997 3987 συγγράμματι
1040 3912 1243 3988 πρῶτον
1288 3909 1381 3987 μὲν
1415 3910 1762 3992 ἇμςριόἄλλειν
1782 3956 1798 3984 ,
1832 3914 1874 3968 εἰ

319 4001 409 4055 τοῦ
436 4000 697 4077 ἱστορικοῦ
728 3999 837 4057 ἐστι
863 3996 921 4054 τὸ
948 3995 1267 4076 σύγγραμμα
1288 4041 1303 4069 ,
1337 3998 1571 4081 δεύτερον
1598 3998 1652 4058 δὲ
1681 4000 1875 4075 λέγειν,

321 4084 426 4155 ὅτι,
456 4083 600 4163 εἴπερ
626 4084 766 4142 ἐστὶν
798 4086 985 4156 αὐτοῦ,
1012 4083 1144 4151 εἰκὸς
1178 4083 1332 4142 αὐτὸν
1375 4085 1733 4166 συνηρποίσθαι
1775 4086 1875 4145 ὑπὸ

319 4173 409 4239 τῆς
436 4167 583 4248 παρὰ
611 4169 882 4237 Ἰουδαίοις
910 4168 1249 4241 πιθανότητος
1271 4170 1361 4229 καὶ
1386 4179 1876 4250 συγκατατεθεῖσθαι

324 4259 466 4337 αὐτῷ
495 4260 568 4339 τῷ
597 4258 755 4338 λόγῳ.

398 4366 595 4437 Neque
635 4368 753 4421 sine
796 4385 959 4423 causa
1002 4368 1300 4424 Philonem
1343 4368 1621 4424 dubitasse
1666 4369 1874 4424 affatim

316 4452 530 4508 (locent
586 4456 773 4528 operis
825 4456 1099 4528 reliquiae.
1159 4456 1249 4511 Sic
1308 4456 1876 4513 Pseudo-Demetrius

320 4542 617 4597 Phalereus
679 4544 738 4596 in
785 4544 1020 4616 epistola
1087 4542 1159 4598 ad
1209 4545 1570 4599 Ptolemaeum
1633 4563 1876 4601 narrasse

326 4627 531 4683 dicitur
564 4641 763 4703 poetas
806 4641 862 4685 et
900 4630 1195 4686 historicos
1236 4650 1510 4705 nusquam
1549 4634 1873 4688 Judaeorum

403 4791 472 4853 (*)
507 4795 580 4841 De
619 4794 875 4856 ποιήμασιν
914 4794 1179 4855 Αἰγυπτίοις
1223 4796 1428 4844 Hecataei
1468 4796 1762 4859 loyoqraphn'
1797 4812 1873 4862 ap.

322 4861 509 4910 Arrian.
545 4862 594 4911 in
620 4865 743 4924 Exp.
774 4863 846 4912 Al.
874 4867 935 4924 V,
956 4872 1012 4922 o,
1046 4864 1202 4928 deque
1235 4865 1292 4914 iis
1312 4879 1423 4928 quoe
1459 4870 1710 4918 Hecataeus
1741 4870 1876 4919 Mile-

314 4931 416 4979 sius
446 4944 508 4980 ex
543 4933 808 4981 Herodotea
834 4935 1021 4995 AEgypti
1058 4934 1374 4997 descriptione
1404 4936 1453 4985 in
1486 4950 1627 4987 suum
1664 4952 1785 5002 opus
1816 4941 1875 4989 ad

319 4998 523 5048 verbum
547 5002 839 5052 uanstulisse
856 5003 1048 5064 dicitur,
1070 5003 1177 5052 vide
1213 5008 1493 5067 Fragmenta
1511 5012 1559 5058 et
1578 5009 1735 5061 Vitam
1762 5013 1875 5060 Heo.

3417 452 3530 503 ³8⁵

1975 568 2335 642 legislationis
2363 568 2709 623 mentionem
2737 567 2983 639 injecisse
3021 583 3320 645 propterea
3361 574 3529 647 quod

1973 667 2162 711 sancta
2201 657 2426 729 impuro
2465 674 2567 710 suo
2615 673 2716 710 ore
2747 656 3049 730 profanare
3089 661 3316 714 reveriti
3357 675 3534 718 essent

1982 740 2090 815 (fr.
2140 741 2267 816 15).
2300 743 2424 797 Alia
2467 743 2787 815 complura,
2840 762 2964 816 quae
3007 746 3064 798 in
3101 746 3378 802 honorem
3420 769 3531 823 po-

1975 829 2094 901 puli
2140 828 2364 884 Judaici
2410 828 2771 902 impudenter
2806 829 2991 886 efficta
3038 832 3192 905 apud
3225 836 3532 910 Josephum

1974 915 2259 989 leguntur,
2287 934 2575 972 recensere
2612 917 2670 975 h.
2710 917 2749 975 l.
2783 916 2951 973 taedet
2988 917 3070 993 (v.
3113 921 3183 975 fr.
3239 920 3364 999 15).
3398 929 3532 997 Quae

1975 1002 2208 1075 quidem
2250 1006 2438 1060 omnia
2478 1003 2754 1076 ejusmodi
2796 1017 2957 1078 sunt,
3005 1018 3066 1062 ut
3121 1027 3288 1064 nemo
3337 1017 3531 1086 paullo

1971 1091 2161 1145 sanior
2178 1090 2356 1146 Judaei
2379 1091 2667 1162 cujusdam
2681 1105 2996 1149 commenta
3015 1113 3133 1148 non
3152 1112 3412 1171 agnoscat
3441 1101 3530 1172 (¹⁶).

1974 1182 2050 1232 At
2087 1178 2316 1234 minime
2344 1179 2479 1234 inde
2505 1181 2758 1253 sequitur
2788 1182 3020 1238 omnino
3049 1181 3188 1238 nihil
3216 1186 3288 1240 de
3328 1189 3533 1244 Judaeis

1976 1267 2295 1321 Hecataeum
2314 1267 2606 1340 scripsisse.
2633 1270 2813 1323 Immo
2841 1272 3184 1325 contrarium
3201 1272 3368 1328 docet
3389 1277 3530 1330 Dio—

1946 1352 2150 1408 ‘dorus
2192 1353 2293 1427 (fr.
2347 1354 2480 1429 13),
2522 1355 2619 1428 qui
2666 1355 2816 1411 libro
2866 1357 2967 1413 XL
3013 1360 3268 1432 Pompeji
3310 1363 3525 1420 bellum

1974 1453 2172 1498 contra
2198 1442 2421 1498 Judaeos
2449 1454 2668 1519 gestum
2697 1446 3078 1519 expositurus,
3108 1466 3230 1520 quae
3261 1449 3331 1504 (le
3356 1456 3532 1524 gentis

1972 1529 2136 1602 hujus
2183 1532 2494 1604 originibus
2535 1542 2591 1587 et
2635 1533 2896 1588 institutis
2937 1547 3225 1608 comperta
3266 1538 3527 1612 haberet,

1966 1617 2357 1691 praemittenda
2382 1637 2493 1674 esse
2522 1619 2699 1677 duxit.
2731 1621 2814 1675 Ex
2843 1607 3100 1677 Hecataeo
3133 1624 3304 1698 igitur
3342 1642 3533 1685 narrat

1968 1703 2260 1777 AEgyptios
2290 1704 2580 1778 quondam
2620 1707 2711 1760 lue
2741 1719 2995 1777 vexatos,
3027 1721 3088 1763 ut
3117 1711 3256 1765 iram
3285 1712 3532 1770 divinam

1967 1803 2301 1860 averterent,
2328 1811 2519 1846 omnes
2540 1793 2873 1867 alienigenas
2896 1792 3066 1868 quiin
3082 1799 3379 1871 AEgyptum
3402 1821 3533 1856 con·

1970 1875 2251 1934 fluxissent
2283 1880 2576 1952 expulisse.
2617 1882 2834 1935 [iorum
2853 1882 2990 1937 alios
3011 1886 3205 1938 Danao
3234 1898 3288 1940 et
3314 1889 3528 1944 Cadmo

1966 1965 2204 2023 ducibus
2249 1958 2306 2022 ih
2339 1969 2645 2036 Graeciam,
2690 1970 2826 2024 alios
2869 1972 2926 2024 in
2953 1972 3084 2026 alias
3120 1976 3375 2047 regiones
3418 1980 3532 2031 ini-

1964 2071 2145 2126 grasse
2160 2096 2175 2123 ‚
2199 2054 2469 2127 majorem
2493 2074 2629 2110 vero
2653 2069 2868 2128 partem
2901 2060 2958 2111 in
2984 2059 3196 2131 Syriam
3217 2062 3530 2133 profectam

1971 2159 2112 2211 esse3
2147 2142 2554 2216 ductoremque
2583 2146 2819 2199 coloniae
2857 2145 3019 2200 fuisse
3057 2148 3304 2216 Μοεεειιν,ι
3345 2152 3530 2207 virum

1962 2230 2230 2302 sapientia
2284 2239 2339 2285 et
2395 2230 2724 2286 fortitudine
2778 2233 3078 2307 insignem,
3145 2237 3242 2307 qui
3295 2239 3531 2294 civitatis

1965 2318 2230 2373 conditor
2257 2330 2313 2374 et
2354 2319 2636 2392 legislator
2682 2320 2985 2375 exstitisset.
3019 2322 3236 2378 Deinde
3280 2325 3528 2382 instituta

1965 2405 2201 2460 Mosaica
2219 2406 2477 2479 pluribus
2499 2407 2874 2479 persequitur.
2910 2409 3040 2462 Haec
3065 2410 3202 2481 quin
3229 2428 3296 2465 ex
3326 2411 3528 2467 eodem

2034 2568 2101 2629 (¹¹)
2129 2571 2202 2618 Ex
2236 2581 2400 2618 eorum
2429 2581 2658 2629 numero,
2678 2570 2760 2630 qui
2797 2570 2972 2619 librum
3009 2571 3071 2618 ab
3096 2573 3353 2623 Hellenista
3391 2589 3527 2625 com·

1967 2639 2173 2698 positum
2202 2641 2250 2687 et
2288 2639 2378 2689 sub
2405 2639 2618 2688 Hecataei
2652 2639 2887 2689 Abderitoe
2919 2643 3112 2691 nomine
3135 2643 3182 2691 in
3223 2645 3394 2706 vulgus
3425 2647 3529 2695 edi·

1968 2709 2070 2754 tum
2096 2711 2410 2768 censuerunt,
2431 2708 2697 2758 nominasse
2715 2709 2922 2759 sufficiat
2943 2730 2955 2759 ε
2989 2713 3093 2760 Jos.
3115 2714 3434 2774 scaliyerum
3470 2717 3517 2766 in

1970 2778 2113 2838 Epist.
2158 2781 2244 2826 115
2279 2777 2340 2826 ad
2377 2779 2742 2839 casaubonum;
2791 2779 2853 2828 de
2895 2781 3114 2830 vahlen.
3152 2783 3201 2831 in
3236 2784 3424 2834 dissert.
3460 2787 3522 2835 de

1969 2847 2147 2896 Aristea
2173 2860 2219 2896 c.
2244 2855 2330 2908 29,
2349 2862 2397 2911 p.
2429 2856 2549 2909 2223
2578 2848 2718 2899 Rich.
2750 2852 3036 2900 Sinwm‘um
3057 2853 3104 2901 in
3129 2856 3353 2904 Histoire
3370 2858 3516 2904 criti-

1964 2929 2062 2981 que,
2074 2917 2145 2967 du
2165 2920 2320 2968 vieux
2340 2921 2637 2980 testamenl,
2655 2919 2735 2968 tib.
2757 2923 2825 2983 11,
2847 2933 2887 2968 c.
2908 2927 2960 2982 2,
2987 2934 3033 2984 p.
3053 2927 3134 2972 211
3156 2941 3170 2984 ;
3192 2926 3518 2988 Humplzred.

1970 2988 2127 3049 Hody.
2147 2989 2196 3036 in
2213 2989 2334 3038 Diss.
2353 2992 2520 3038 contra
2540 2989 2785 3038 historiam
2807 2990 3004 3040 Aristea·
3021 3005 3069 3054 p.
3092 2997 3210 3054 217;
3230 2996 3529 3056 Benuejum

1965 3056 2012 3104 in
2035 3057 2179 3117 Epist.
2208 3058 2268 3107 ad
2306 3058 2508 3107 Millium
2541 3072 2590 3120 p.
2628 3065 2719 3108 530
2740 3058 2815 3108 ed.
2845 3060 3005 3122 Lips.;
3045 3064 3213 3111 virum
3235 3062 3440 3113 doctum
3474 3066 3526 3114 in

1966 3126 2236 3175 Eichhornii
2262 3127 2402 3177 Bibl.
2424 3127 2478 3176 d.
2502 3128 2622 3177 bibl.
2653 3130 2863 3178 meret.
2888 3129 2981 3177 vol.
3009 3132 3080 3190 V,
3109 3134 3233 3193 part.
3258 3138 3312 3194 3,
3336 3146 3383 3194 p.
3406 3136 3525 3194 431,

1962 3197 2140 3245 citante
2153 3199 2388 3246 Creuzero
2403 3200 2449 3246 in
2465 3201 2650 3261 Fragm.
2670 3202 2781 3247 Hec.
2802 3199 2949 3247 Miles.
2965 3212 3012 3260 p.
3032 3203 3110 3260 353
3139 3196 3529 3252 Valckenarium

1966 3270 2032 3315 De
2053 3266 2323 3315 Aristobulo
2348 3266 2485 3330 (cap.
2511 3271 2606 3317 Vl:
2628 3273 2701 3325 De,
2719 3269 2917 3319 Judoets
2945 3269 3253 3332 quibusdam
3275 3275 3527 3322 Graecien-

1961 3336 2104 3384 sibus
2114 3336 2536 3396 sabaeclatoribuS‚
2557 3340 2717 3387 eliam
2740 3342 2832 3400 iis,
2854 3341 2944 3401 qui
2958 3375 2971 3397 ,
2997 3343 3090 3389 visi
3117 3354 3215 3390 non
3237 3342 3431 3397 Judaeae,
3457 3342 3524 3392 de

1965 3406 2116 3455 rebus
2152 3410 2403 3469 scripsere
2436 3407 2767 3469 Judoeorum)
2792 3422 2838 3470 p.
2885 3414 2938 3457 18
2980 3410 3129 3468 (etin
3172 3411 3344 3460 Euseb.
3390 3414 3443 3459 P.
3466 3415 3522 3461 E.

1965 3478 2083 3522 tom.
2113 3478 2204 3535 lv,
2226 3489 2272 3537 p.
2297 3482 2386 3525 356
2414 3476 2489 3524 ed.
2513 3476 2747 3526 Gaisiord.
2765 3479 2810 3539 ),
2838 3479 2919 3527 ubi
2948 3479 3064 3527 dicit
3087 3499 3098 3527 :
3123 3498 3144 3520 c«
3176 3478 3267 3528 Sed
3306 3483 3354 3527 et
3376 3479 3526 3528 histo-

1965 3545 2045 3592 rici
2074 3548 2352 3605 Hecataeus,
2395 3546 2717 3608 Eupolemus,
2748 3551 3041 3610 Artapanus,
3079 3549 3373 3609 DenietriuS‚
3410 3550 3519 3599 Ari-

1963 3617 2106 3674 steas,
2128 3626 2234 3664 meo
2254 3616 2448 3678 quidem
2463 3617 2696 3665 arbitratu
2720 3619 2910 3667 suerunt
2929 3632 3094 3667 omnes
3112 3618 3335 3679 religione
3348 3621 3374 3667 J
3381 3619 3525 3679 uda-i,

1963 3697 2045 3733 seu
2074 3685 2146 3734 his
2168 3685 2439 3735 nominibus
2457 3687 2581 3735 inter
2601 3688 2853 3750 populares
2873 3689 3049 3737 fuerint
3073 3688 3172 3737 noti
3188 3724 3202 3749 ,
3222 3702 3304 3737 seu
3327 3690 3520 3739 nomina

1965 3754 2168 3805 mentiti.
2199 3774 2222 3798 υ
2256 3756 2338 3804 His
2355 3756 2476 3805 adde
2499 3757 2579 3818 qui
2603 3770 2754 3819 nuper
2778 3758 2839 3807 de
2857 3758 3023 3807 eadem
3056 3772 3108 3807 re
3129 3757 3289 3807 denuo
3308 3759 3523 3822 disputa-

1972 3824 2059 3884 vit,
2079 3829 2138 3874 Ρ.
2154 3828 2223 3875 Μ.
2244 3828 2419 3875 Cruice
2438 3827 2485 3874 in
2508 3825 2702 3875 Dissert.
2730 3831 2797 3877 De
2815 3829 2945 3878 Flav.
2966 3829 3156 3891 Josephi
3175 3830 3222 3877 in
3242 3831 3522 3881 auctoribus

1965 3896 2131 3943 contra
2162 3896 2389 3958 Apionem
2412 3896 2666 3945 afferendis
2686 3897 2779 3947 fide
2799 3901 2848 3948 et
2877 3899 3178 3948 auctoritate.
3204 3899 3349 3949 PariS.
3377 3904 3523 3961 1844,

1965 3978 2012 4026 p.
2042 3970 2101 4014 66
2131 3978 2236 4027 sqq.
2257 3991 2323 4001 —
2358 3966 2628 4015 Genuinum
2656 3980 2758 4016 esse
2796 3969 3006 4017 Hecataei
3041 3982 3164 4031 opus
3195 3968 3376 4030 opinati
3407 3973 3523 4019 sunt

1965 4039 2200 4095 spenser.
2231 4034 2280 4082 in
2300 4037 2402 4084 not.
2423 4035 2482 4084 ad
2512 4036 2750 4098 Originem
2778 4038 2876 4099 Ι.1,
2904 4042 2950 4088 et
2971 4041 3199 4087 Zorm‘us
3221 4039 3268 4086 in
3291 4042 3523 4088 Hecatoei

1968 4106 2147 4155 Abder.
2183 4109 2508 4167 Fraqmenlis
2537 4107 2649 4168 (sed
2687 4107 2743 4156 iis
2775 4110 2993 4167 tantum,
3030 4107 3112 4171 qui
3144 4107 3203 4157 ad
3240 4108 3524 4159 Judaeorum

1964 4174 2077 4223 hist.
2107 4176 2409 4237 pertinent),
2433 4177 2589 4226 Alton.
2620 4181 2764 4237 1730,
2785 4191 2832 4240 p.
2857 4182 2900 4227 4.
2937 4178 3213 4228 Tenendum
3235 4181 3393 4227 tamen
3413 4183 3524 4228 Zor-

1969 4246 2132 4306 nium,
2164 4248 2217 4294 ut
2231 4245 2463 4306 judicium
2484 4260 2623 4295 suum
2650 4249 2870 4309 tueatur,
2895 4251 3104 4297 statuere
3130 4251 3406 4297 Hecataeum
3437 4250 3525 4299 Mi-

1971 4314 2167 4375 lesium,
2205 4328 2351 4377 quem
2393 4315 2629 4366 Diodorus
2643 4316 2711 4387 ‘de
2746 4317 2929 4367 Judaeis
2955 4318 3142 4380 laudat,
3182 4332 3280 4367 non
3314 4318 3522 4369 eundem

1969 4397 2070 4434 esse
2130 4398 2242 4433 cum
2305 4385 2526 4435 Abderita
2551 4423 2568 4446 ,
2616 4390 2837 4449 quamvis
2881 4388 3118 4438 Abderitae
3176 4388 3272 4438 sere
3322 4389 3521 4451 aequalis

1968 4455 2112 4503 fnisse
2135 4453 2324 4504 debeat.
2347 4454 2477 4506 Idem
2505 4458 2706 4506 Zornius
2722 4457 2770 4506 in
2801 4458 3003 4508 verboso
3037 4459 3384 4507 commentario
3422 4473 3509 4521 pro

1967 4537 2054 4572 sua
2073 4524 2307 4574 sententia
2330 4525 2492 4574 laudat
2527 4516 2853 4589 laquel'otum
2868 4540 2962 4577 sur
2982 4527 3269 4577 l’existence
3297 4526 3359 4576 de
3381 4531 3519 4580 Dieu

1968 4606 2017 4654 p.
2063 4597 2169 4643 484.
2216 4602 2325 4648 500,
2345 4621 2411 4631 -
2434 4599 2796 4647 sainte-croix
2832 4598 2879 4647 in
2901 4601 3088 4647 Exam.
3110 4599 3284 4660 critiq.
3305 4595 3357 4645 d.
3389 4596 3515 4646 hist.

1969 4662 2170 4713 d'Alex.
2210 4678 2257 4726 p.
2299 4672 2389 4716 558
2416 4680 2466 4715 n.
2487 4669 2515 4715 4
2543 4684 2557 4714 ι
2589 4685 2612 4709 σι
2645 4666 2851 4716 Hecatee
2882 4668 3038 4717 aurait
3078 4668 3155 4717 ete
3177 4666 3296 4731 paye
3337 4680 3422 4729 par
3454 4667 3523 4715 les

1964 4733 2090 4781 suits
2121 4747 2242 4797 pour
2275 4735 2436 4797 parler
2468 4736 2639 4799 d’eux,
2675 4750 2739 4787 ou
2761 4736 3002 4800 l’ouvrage
3033 4736 3176 4799 qu’en
3205 4738 3300 4787 cite
3315 4734 3522 4801 Josephe

1966 4816 2026 4852 ne
2045 4805 2187 4853 serait
2209 4818 2293 4867 pas
2310 4803 2372 4857 de
2397 4806 2491 4868 lui,
2511 4805 2551 4855 si
2584 4807 2680 4857 l'on
2696 4820 2756 4858 en
2788 4808 2972 4872 croyait
2986 4821 3049 4857 au
3065 4807 3359 4871 temoignage
3375 4807 3520 4858 d'He-

1969 4873 2191 4936 tenuius,
2221 4874 2471 4926 lui-meme
2495 4890 2560 4926 un
2583 4878 2667 4927 des
2692 4878 2800 4942 plus
2831 4878 2990 4929 bardis
3019 4878 3268 4929 faussaires
3305 4879 3365 4929 de
3405 4877 3522 4928 l’an-

1970 4943 2159 5006 tiquite.
2188 4964 2212 4988 υ
2236 4949 2356 5004 Quae
2390 4947 2506 5009 quid
2537 4948 2738 5010 probent
2782 4963 2870 5012 ego
2905 4962 3090 5012 quaero.
3113 4976 3178 4987 -
3214 4953 3411 5001 Vossius
3452 4955 3523 5001 De

1968 5014 2087 5062 Hist.
2123 5028 2199 5076 gr.
2224 5029 2274 5078 p.
2302 5022 2359 5068 87
2380 5017 2494 5066 nihil
2526 5018 2740 5068 decernit
2750 5035 2766 5081 ;
2801 5039 2824 5063 ιι
2866 5023 3111 5083 Fortasse,
3131 5021 3226 5083 ait,
3265 5022 3516 5071 uecataeus

320 5070 489 5118 Milesii
522 5083 571 5133 p.
610 5074 720 5121 ΧΙΙΙ
762 5086 868 5136 sqq.
903 5074 1025 5123 Fieri
1064 5078 1223 5125 tamen
1268 5076 1403 5126 facile
1440 5080 1596 5141 potuit
1635 5083 1688 5129 ut
1728 5082 1775 5130 in
1803 5081 1877 5130 bis
1969 5097 1996 5130 a
2020 5082 2199 5133 Judaeis
2213 5099 2463 5147 persuasus
2485 5086 2756 5137 defecerita
2783 5090 3005 5151 religione
3025 5094 3317 5153 Graecorum,
3342 5091 3381 5140 si
3417 5104 3516 5141 non

314 5143 464 5258 {itque
496 5139 730 5191 similibus
756 5144 966 5193 Milesius
982 5156 1093 5193 cum
1117 5145 1344 5195 Abderita
1370 5149 1475 5210 plus
1501 5150 1645 5199 semel
1678 5150 1740 5200 sit
1768 5163 1877 5199 oon·

340 5222 469 5258 usus.

530 5304 807 5345 rmeuavrs
836 5311 1021 5348 msron.
1055 5312 1138 5348 Gn.
1161 5325 1211 5335 -·
1232 5312 1339 5347 Vol..
1380 5313 1428 5348 ΙΙ.

1964 5152 2017 5200 in
2041 5153 2312 5203 universum
2328 5192 2342 5216 ,
2361 5158 2527 5205 saltem
2547 5157 2775 5209 hactenus
2792 5196 2804 5218 ,
2829 5168 2884 5229 ut
2920 5161 3066 5209 videri
3091 5165 3246 5224 posset
3273 5162 3511 5212 constitu-

1969 5223 2050 5271 tus
2075 5223 2122 5271 in
2141 5224 2348 5274 confinio
2376 5226 2934 5293 tenebrarum-lucisque.
2976 5252 2996 5275 υ

3274 5324 3326 5362 26
